Date,Transact. No.,Symbol,Buyer,Seller,Quantity,Rate,Amount
2021-01-18,2021011803023191,ALICL,50,49,200,"1,115.00","223,000.00"
2021-01-18,2021011803023161,ALICL,34,37,10,"1,116.00","11,160.00"
2021-01-18,2021011803023132,ALICL,16,37,150,"1,116.00","167,400.00"
2021-01-18,2021011803022957,ALICL,54,50,177,"1,110.00","196,470.00"
2021-01-18,2021011803022956,ALICL,54,35,50,"1,110.00","55,500.00"
2021-01-18,2021011803023313,BFC,57,40,900,155.00,"139,500.00"
2021-01-18,2021011803023312,BFC,57,22,100,155.00,"15,500.00"
2021-01-18,2021011803023114,BFC,48,40,75,155.00,"11,625.00"
2021-01-18,2021011803023113,BFC,48,26,25,155.00,"3,875.00"
2021-01-18,2021011803022980,BFC,48,35,100,154.00,"15,400.00"
2021-01-18,2021011803023400,CBBL,10,49,50,"1,387.00","69,350.00"
2021-01-18,2021011803023325,CBBL,10,29,250,"1,387.00","346,750.00"
2021-01-18,2021011803023265,CBBL,10,20,100,"1,387.00","138,700.00"
2021-01-18,2021011803023262,CBBL,10,55,30,"1,387.00","41,610.00"
2021-01-18,2021011803023224,CBBL,10,49,450,"1,387.00","624,150.00"
2021-01-18,2021011803023223,CBBL,39,49,50,"1,387.00","69,350.00"
2021-01-18,2021011803023137,CBBL,49,49,100,"1,388.00","138,800.00"
2021-01-18,2021011803023136,CBBL,43,49,37,"1,388.00","51,356.00"
2021-01-18,2021011803023135,CBBL,38,49,369,"1,388.00","512,172.00"
2021-01-18,2021011803023396,CIT,54,56,10,"3,483.00","34,830.00"
2021-01-18,2021011803023282,CIT,47,56,10,"3,483.00","34,830.00"
2021-01-18,2021011803023183,CIT,5,22,20,"3,482.00","69,640.00"
2021-01-18,2021011803023182,CIT,5,44,100,"3,482.00","348,200.00"
2021-01-18,2021011803023181,CIT,5,58,40,"3,482.00","139,280.00"
2021-01-18,2021011803023180,CIT,5,22,20,"3,482.00","69,640.00"
2021-01-18,2021011803023104,CIT,39,35,30,"3,480.00","104,400.00"
2021-01-18,2021011803022953,CIT,45,35,70,"3,480.00","243,600.00"
2021-01-18,2021011803022952,CIT,45,14,30,"3,479.00","104,370.00"
2021-01-18,2021011803023179,CIT,5,3,82,"3,481.00","285,442.00"
2021-01-18,2021011803023178,CIT,5,28,10,"3,480.00","34,800.00"
2021-01-18,2021011803023177,CIT,5,50,50,"3,480.00","174,000.00"
2021-01-18,2021011803023176,CIT,5,6,172,"3,480.00","598,560.00"
2021-01-18,2021011803023175,CIT,57,6,28,"3,480.00","97,440.00"
2021-01-18,2021011803023162,CIT,3,35,30,"3,480.00","104,400.00"
2021-01-18,2021011803023367,CORBL,47,21,250,412.00,"103,000.00"
2021-01-18,2021011803023370,DDBL,13,26,10,"1,680.00","16,800.00"
2021-01-18,2021011803023369,DDBL,13,41,200,"1,680.00","336,000.00"
2021-01-18,2021011803023368,DDBL,13,1,40,"1,680.00","67,200.00"
2021-01-18,2021011803023359,DDBL,49,1,10,"1,680.00","16,800.00"
2021-01-18,2021011803023358,DDBL,49,42,100,"1,680.00","168,000.00"
2021-01-18,2021011803023357,DDBL,49,37,50,"1,680.00","84,000.00"
2021-01-18,2021011803023054,DDBL,42,45,25,"1,679.00","41,975.00"
2021-01-18,2021011803023053,DDBL,8,45,130,"1,679.00","218,270.00"
2021-01-18,2021011803023023,DDBL,8,43,50,"1,679.00","83,950.00"
2021-01-18,2021011803023010,DDBL,8,48,20,"1,679.00","33,580.00"
2021-01-18,2021011803023009,DDBL,19,48,200,"1,679.00","335,800.00"
2021-01-18,2021011803022994,DDBL,35,57,50,"1,676.00","83,800.00"
2021-01-18,2021011803023225,DDBL,36,50,100,"1,680.00","168,000.00"
2021-01-18,2021011803023077,DDBL,19,17,20,"1,680.00","33,600.00"
2021-01-18,2021011803023076,DDBL,19,14,30,"1,680.00","50,400.00"
2021-01-18,2021011803023075,DDBL,19,19,50,"1,680.00","84,000.00"
2021-01-18,2021011803023056,DDBL,49,45,59,"1,675.00","98,825.00"
2021-01-18,2021011803023055,DDBL,19,45,86,"1,675.00","144,050.00"
2021-01-18,2021011803023290,DDBL,53,51,20,"1,680.00","33,600.00"
2021-01-18,2021011803023289,DDBL,53,54,200,"1,680.00","336,000.00"
2021-01-18,2021011803023288,DDBL,53,57,20,"1,680.00","33,600.00"
2021-01-18,2021011803023287,DDBL,53,1,10,"1,680.00","16,800.00"
2021-01-18,2021011803023277,DDBL,6,1,190,"1,680.00","319,200.00"
2021-01-18,2021011803023276,DDBL,6,17,10,"1,680.00","16,800.00"
2021-01-18,2021011803023356,DDBL,49,50,40,"1,680.00","67,200.00"
2021-01-18,2021011803023355,DDBL,49,47,200,"1,680.00","336,000.00"
2021-01-18,2021011803023334,DDBL,52,50,100,"1,680.00","168,000.00"
2021-01-18,2021011803023293,DDBL,53,50,10,"1,680.00","16,800.00"
2021-01-18,2021011803023292,DDBL,53,49,10,"1,680.00","16,800.00"
2021-01-18,2021011803023291,DDBL,53,45,30,"1,680.00","50,400.00"
2021-01-18,2021011803023366,FMDBL,6,48,40,701.00,"28,040.00"
2021-01-18,2021011803023365,FMDBL,6,41,110,701.00,"77,110.00"
2021-01-18,2021011803023360,FMDBL,39,41,250,701.00,"175,250.00"
2021-01-18,2021011803023116,FMDBL,16,13,90,700.00,"63,000.00"
2021-01-18,2021011803023033,FMDBL,16,45,20,700.00,"14,000.00"
2021-01-18,2021011803023032,FMDBL,5,45,330,700.00,"231,000.00"
2021-01-18,2021011803023008,FMDBL,5,59,100,700.00,"70,000.00"
2021-01-18,2021011803022997,FMDBL,5,6,70,700.00,"49,000.00"
2021-01-18,2021011803023371,FOWAD,10,28,200,"2,399.00","479,800.00"
2021-01-18,2021011803023187,FOWAD,7,34,15,"2,398.00","35,970.00"
2021-01-18,2021011803023013,FOWAD,16,25,46,"2,394.00","110,124.00"
2021-01-18,2021011803023205,GBBL,8,39,220,363.00,"79,860.00"
2021-01-18,2021011803023185,GBBL,6,6,950,365.00,"346,750.00"
2021-01-18,2021011803023184,GBBL,6,42,50,364.00,"18,200.00"
2021-01-18,2021011803023145,GBBL,8,39,120,363.00,"43,560.00"
2021-01-18,2021011803023101,GBBL,8,39,120,363.00,"43,560.00"
2021-01-18,2021011803023057,GBBL,8,39,190,363.00,"68,970.00"
2021-01-18,2021011803022996,GBBL,8,39,80,363.00,"29,040.00"
2021-01-18,2021011803022995,GBBL,55,39,50,364.00,"18,200.00"
2021-01-18,2021011803023322,GBLBS,41,36,40,693.00,"27,720.00"
2021-01-18,2021011803023081,GBLBS,46,36,40,693.00,"27,720.00"
2021-01-18,2021011803023080,GBLBS,46,38,10,692.00,"6,920.00"
2021-01-18,2021011803023030,GBLBS,34,57,50,691.00,"34,550.00"
2021-01-18,2021011803023029,GBLBS,57,57,50,691.00,"34,550.00"
2021-01-18,2021011803023025,GBLBS,33,11,49,691.00,"33,859.00"
2021-01-18,2021011803023024,GBLBS,57,11,50,691.00,"34,550.00"
2021-01-18,2021011803023230,GFCL,34,52,635,221.00,"140,335.00"
2021-01-18,2021011803023376,GIMES1,7,38,"1,000",13.10,"13,100.00"
2021-01-18,2021011803023375,GIMES1,7,6,"3,000",13.10,"39,300.00"
2021-01-18,2021011803023271,GLICL,49,20,200,685.00,"137,000.00"
2021-01-18,2021011803023174,GLICL,34,47,150,680.00,"102,000.00"
2021-01-18,2021011803023173,GLICL,46,47,50,681.00,"34,050.00"
2021-01-18,2021011803023274,GMFBS,3,52,30,"1,391.00","41,730.00"
2021-01-18,2021011803022954,GMFBS,25,50,200,"1,390.00","278,000.00"
2021-01-18,2021011803023382,GRDBL,57,37,20,172.00,"3,440.00"
2021-01-18,2021011803022998,GRDBL,1,7,200,171.00,"34,200.00"
2021-01-18,2021011803023326,HIDCL,3,21,10,334.00,"3,340.00"
2021-01-18,2021011803023099,ICFC,56,42,150,300.00,"45,000.00"
2021-01-18,2021011803023034,ICFC,55,42,70,300.00,"21,000.00"
2021-01-18,2021011803023385,ILBS,6,20,187,"1,400.00","261,800.00"
2021-01-18,2021011803023384,ILBS,6,21,13,"1,400.00","18,200.00"
2021-01-18,2021011803023339,ILBS,34,21,10,"1,400.00","14,000.00"
2021-01-18,2021011803023165,ILBS,58,28,53,"1,394.00","73,882.00"
2021-01-18,2021011803023164,ILBS,20,28,100,"1,395.00","139,500.00"
2021-01-18,2021011803023372,JBBL,45,46,22,229.00,"5,038.00"
2021-01-18,2021011803023134,JBBL,49,46,100,229.00,"22,900.00"
2021-01-18,2021011803022977,JBBL,42,46,150,228.00,"34,200.00"
2021-01-18,2021011803022976,JBBL,42,50,182,228.00,"41,496.00"
2021-01-18,2021011803022948,JBBL,1,32,144,227.00,"32,688.00"
2021-01-18,2021011803022947,JBBL,52,32,100,227.00,"22,700.00"
2021-01-18,2021011803022946,JBBL,49,32,500,227.00,"113,500.00"
2021-01-18,2021011803022945,JBBL,22,32,44,227.00,"9,988.00"
2021-01-18,2021011803022944,JBBL,51,32,220,227.00,"49,940.00"
2021-01-18,2021011803023398,JSLBB,3,47,18,"2,305.00","41,490.00"
2021-01-18,2021011803023036,JSLBB,52,47,10,"2,306.00","23,060.00"
2021-01-18,2021011803023035,JSLBB,43,47,16,"2,314.00","37,024.00"
2021-01-18,2021011803023022,JSLBB,43,39,15,"2,314.00","34,710.00"
2021-01-18,2021011803023021,JSLBB,43,34,17,"2,314.00","39,338.00"
2021-01-18,2021011803023324,KLBSL,55,55,20,"1,390.00","27,800.00"
2021-01-18,2021011803022991,KLBSL,55,38,10,"1,390.00","13,900.00"
2021-01-18,2021011803023344,KMCDB,42,35,75,"1,186.00","88,950.00"
2021-01-18,2021011803023264,KMCDB,11,33,95,"1,187.00","112,765.00"
2021-01-18,2021011803023063,KMCDB,25,42,10,"1,190.00","11,900.00"
2021-01-18,2021011803023059,KMCDB,42,20,100,"1,186.00","118,600.00"
2021-01-18,2021011803023052,KRBL,56,32,20,157.00,"3,140.00"
2021-01-18,2021011803023364,KSBBL,10,38,20,295.00,"5,900.00"
2021-01-18,2021011803022979,KSBBL,10,1,500,295.00,"147,500.00"
2021-01-18,2021011803023340,LBBL,52,5,220,245.00,"53,900.00"
2021-01-18,2021011803023154,LBBL,52,35,112,245.00,"27,440.00"
2021-01-18,2021011803023153,LBBL,26,35,100,245.00,"24,500.00"
2021-01-18,2021011803023152,LBBL,32,35,"1,000",245.00,"245,000.00"
2021-01-18,2021011803023151,LBBL,43,35,200,245.00,"49,000.00"
2021-01-18,2021011803023150,LBBL,45,35,88,245.00,"21,560.00"
2021-01-18,2021011803023423,LICN,56,22,10,"2,275.00","22,750.00"
2021-01-18,2021011803023337,LICN,56,22,10,"2,275.00","22,750.00"
2021-01-18,2021011803023336,LICN,56,56,50,"2,274.00","113,700.00"
2021-01-18,2021011803023335,LICN,56,50,50,"2,273.00","113,650.00"
2021-01-18,2021011803023004,LICN,56,22,35,"2,275.00","79,625.00"
2021-01-18,2021011803023003,LICN,56,38,19,"2,270.00","43,130.00"
2021-01-18,2021011803023002,LICN,56,22,100,"2,270.00","227,000.00"
2021-01-18,2021011803023001,LICN,56,36,30,"2,270.00","68,100.00"
2021-01-18,2021011803023000,LICN,56,37,16,"2,270.00","36,320.00"
2021-01-18,2021011803022972,LICN,56,50,465,"2,236.00","1,039,740.00"
2021-01-18,2021011803022971,LICN,56,50,35,"2,269.00","79,415.00"
2021-01-18,2021011803023031,LUK,28,32,200,9.95,"1,990.00"
2021-01-18,2021011803023190,MDB,39,7,200,365.00,"73,000.00"
2021-01-18,2021011803023189,MDB,39,33,50,365.00,"18,250.00"
2021-01-18,2021011803022969,MERO,33,34,65,"1,059.00","68,835.00"
2021-01-18,2021011803022968,MERO,33,13,35,"1,056.00","36,960.00"
2021-01-18,2021011803023401,MFIL,59,45,100,409.00,"40,900.00"
2021-01-18,2021011803023285,MFIL,48,55,100,410.00,"41,000.00"
2021-01-18,2021011803023284,MFIL,45,55,200,410.00,"82,000.00"
2021-01-18,2021011803023007,MLBL,45,44,"2,000",283.00,"566,000.00"
2021-01-18,2021011803022975,MLBL,42,57,75,282.00,"21,150.00"
2021-01-18,2021011803023251,MMFDB,58,42,40,"1,359.00","54,360.00"
2021-01-18,2021011803023248,MMFDB,53,16,10,"1,360.00","13,600.00"
2021-01-18,2021011803023247,MMFDB,57,16,174,"1,360.00","236,640.00"
2021-01-18,2021011803023204,MMFDB,57,16,26,"1,360.00","35,360.00"
2021-01-18,2021011803023203,MMFDB,52,16,24,"1,360.00","32,640.00"
2021-01-18,2021011803023108,MMFDB,21,37,24,"1,360.00","32,640.00"
2021-01-18,2021011803023044,MMFDB,35,37,48,"1,360.00","65,280.00"
2021-01-18,2021011803023043,MMFDB,42,37,128,"1,360.00","174,080.00"
2021-01-18,2021011803023273,MNBBL,6,33,10,398.00,"3,980.00"
2021-01-18,2021011803023245,MNBBL,26,45,50,397.00,"19,850.00"
2021-01-18,2021011803023166,MNBBL,26,49,200,397.00,"79,400.00"
2021-01-18,2021011803023119,MNBBL,25,33,11,398.00,"4,378.00"
2021-01-18,2021011803023079,MPFL,52,4,55,168.00,"9,240.00"
2021-01-18,2021011803023078,MPFL,45,4,10,168.00,"1,680.00"
2021-01-18,2021011803023397,MSLB,1,45,10,"1,819.00","18,190.00"
2021-01-18,2021011803023387,MSLB,16,55,100,"1,802.00","180,200.00"
2021-01-18,2021011803023118,MSLB,34,52,31,"1,815.00","56,265.00"
2021-01-18,2021011803023058,MSMBS,19,4,40,"1,069.00","42,760.00"
2021-01-18,2021011803023327,NEF,6,57,333,10.77,"3,586.41"
2021-01-18,2021011803023275,NEF,6,26,"2,414",10.77,"25,998.78"
2021-01-18,2021011803022955,NEF,6,17,"2,253",10.77,"24,264.81"
2021-01-18,2021011803023266,NFS,21,42,40,270.00,"10,800.00"
2021-01-18,2021011803023314,NIBLPF,34,32,"1,263",11.65,"14,713.95"
2021-01-18,2021011803023217,NIBSF1,7,13,"6,956",12.15,"84,515.40"
2021-01-18,2021011803022993,NIBSF1,7,17,"2,500",12.17,"30,425.00"
2021-01-18,2021011803022992,NIBSF1,7,35,600,12.10,"7,260.00"
2021-01-18,2021011803023148,NICGF,47,6,300,11.24,"3,372.00"
2021-01-18,2021011803023422,NLIC,59,29,78,"2,465.00","192,270.00"
2021-01-18,2021011803023421,NLIC,39,29,90,"2,465.00","221,850.00"
2021-01-18,2021011803023420,NLIC,36,29,50,"2,465.00","123,250.00"
2021-01-18,2021011803023419,NLIC,13,29,72,"2,465.00","177,480.00"
2021-01-18,2021011803023418,NLIC,53,29,10,"2,466.00","24,660.00"
2021-01-18,2021011803023395,NLIC,49,48,10,"2,467.00","24,670.00"
2021-01-18,2021011803023061,NLIC,10,5,20,"2,468.00","49,360.00"
2021-01-18,2021011803023006,NLIC,54,57,113,"2,466.00","278,658.00"
2021-01-18,2021011803022981,NLIC,35,5,10,"2,468.00","24,680.00"
2021-01-18,2021011803022961,NLIC,54,25,265,"2,466.00","653,490.00"
2021-01-18,2021011803022960,NLIC,45,25,10,"2,467.00","24,670.00"
2021-01-18,2021011803023158,NLIC,45,22,20,"2,467.00","49,340.00"
2021-01-18,2021011803023157,NLIC,45,14,30,"2,467.00","74,010.00"
2021-01-18,2021011803023109,NLIC,8,14,170,"2,467.00","419,390.00"
2021-01-18,2021011803023105,NLIC,8,45,30,"2,467.00","74,010.00"
2021-01-18,2021011803023098,NLIC,39,5,100,"2,468.00","246,800.00"
2021-01-18,2021011803023072,NLIC,54,36,500,"2,466.00","1,233,000.00"
2021-01-18,2021011803023341,NLIC,33,5,10,"2,467.00","24,670.00"
2021-01-18,2021011803023281,NLIC,42,42,20,"2,467.00","49,340.00"
2021-01-18,2021011803023280,NLIC,59,42,130,"2,467.00","320,710.00"
2021-01-18,2021011803023279,NLIC,39,42,20,"2,467.00","49,340.00"
2021-01-18,2021011803023206,NLIC,22,5,50,"2,468.00","123,400.00"
2021-01-18,2021011803023172,NLIC,39,22,80,"2,467.00","197,360.00"
2021-01-18,2021011803023350,NLIC,57,28,10,"2,466.00","24,660.00"
2021-01-18,2021011803023349,NLIC,52,28,100,"2,466.00","246,600.00"
2021-01-18,2021011803023348,NLIC,35,28,25,"2,466.00","61,650.00"
2021-01-18,2021011803023347,NLIC,6,28,50,"2,466.00","123,300.00"
2021-01-18,2021011803023346,NLIC,54,28,310,"2,466.00","764,460.00"
2021-01-18,2021011803023342,NLIC,54,5,155,"2,466.00","382,230.00"
2021-01-18,2021011803023394,NLIC,53,28,40,"2,466.00","98,640.00"
2021-01-18,2021011803023374,NLIC,42,28,15,"2,466.00","36,990.00"
2021-01-18,2021011803023354,NLIC,52,28,100,"2,466.00","246,600.00"
2021-01-18,2021011803023353,NLIC,52,28,50,"2,466.00","123,300.00"
2021-01-18,2021011803023352,NLIC,50,28,100,"2,466.00","246,600.00"
2021-01-18,2021011803023351,NLIC,48,28,150,"2,466.00","369,900.00"
2021-01-18,2021011803023393,NLICL,44,38,425,"1,071.00","455,175.00"
2021-01-18,2021011803023392,NLICL,39,38,75,"1,071.00","80,325.00"
2021-01-18,2021011803023391,NLICL,51,38,100,"1,071.00","107,100.00"
2021-01-18,2021011803023390,NLICL,39,38,200,"1,071.00","214,200.00"
2021-01-18,2021011803023381,NLICL,50,3,150,"1,072.00","160,800.00"
2021-01-18,2021011803023380,NLICL,26,3,200,"1,072.00","214,400.00"
2021-01-18,2021011803023074,NLICL,26,20,100,"1,075.00","107,500.00"
2021-01-18,2021011803023005,NLICL,10,20,493,"1,075.00","529,975.00"
2021-01-18,2021011803022959,NLICL,10,20,507,"1,075.00","545,025.00"
2021-01-18,2021011803022958,NLICL,10,45,453,"1,075.00","486,975.00"
2021-01-18,2021011803023220,NLICL,57,6,50,"1,073.00","53,650.00"
2021-01-18,2021011803023219,NLICL,19,6,15,"1,073.00","16,095.00"
2021-01-18,2021011803023124,NLICL,19,22,20,"1,073.00","21,460.00"
2021-01-18,2021011803023123,NLICL,41,22,100,"1,073.00","107,300.00"
2021-01-18,2021011803023122,NLICL,42,22,30,"1,073.00","32,190.00"
2021-01-18,2021011803023121,NLICL,26,22,50,"1,074.00","53,700.00"
2021-01-18,2021011803023379,NLICL,34,3,85,"1,072.00","91,120.00"
2021-01-18,2021011803023378,NLICL,45,3,50,"1,073.00","53,650.00"
2021-01-18,2021011803023377,NLICL,6,3,100,"1,073.00","107,300.00"
2021-01-18,2021011803023343,NLICL,16,20,200,"1,075.00","215,000.00"
2021-01-18,2021011803023222,NLICL,34,6,15,"1,072.00","16,080.00"
2021-01-18,2021011803023221,NLICL,11,6,70,"1,072.00","75,040.00"
2021-01-18,2021011803023018,NMB50,47,25,500,11.17,"5,585.00"
2021-01-18,2021011803023261,NMBMF,1,45,19,"1,193.00","22,667.00"
2021-01-18,2021011803023208,NMBMF,43,45,481,"1,193.00","573,833.00"
2021-01-18,2021011803023186,NMBMF,42,54,45,"1,194.00","53,730.00"
2021-01-18,2021011803023012,NMBMF,4,54,125,"1,194.00","149,250.00"
2021-01-18,2021011803022942,NMBMF,42,38,16,"1,195.00","19,120.00"
2021-01-18,2021011803023399,NRIC,48,47,10,"1,533.00","15,330.00"
2021-01-18,2021011803023321,NRIC,8,36,182,"1,531.00","278,642.00"
2021-01-18,2021011803023320,NRIC,48,36,35,"1,532.00","53,620.00"
2021-01-18,2021011803023319,NRIC,50,36,100,"1,532.00","153,200.00"
2021-01-18,2021011803023318,NRIC,59,36,410,"1,532.00","628,120.00"
2021-01-18,2021011803023300,NRIC,59,39,40,"1,532.00","61,280.00"
2021-01-18,2021011803022964,NRIC,29,34,31,"1,530.00","47,430.00"
2021-01-18,2021011803022963,NRIC,29,25,19,"1,530.00","29,070.00"
2021-01-18,2021011803022962,NRIC,14,25,30,"1,530.00","45,900.00"
2021-01-18,2021011803023028,NRIC,41,22,15,"1,531.00","22,965.00"
2021-01-18,2021011803023027,NRIC,41,46,48,"1,531.00","73,488.00"
2021-01-18,2021011803023026,NRIC,41,34,59,"1,530.00","90,270.00"
2021-01-18,2021011803023016,NRIC,37,38,40,"1,529.00","61,160.00"
2021-01-18,2021011803022974,NRIC,45,34,100,"1,530.00","153,000.00"
2021-01-18,2021011803022966,NRIC,16,34,20,"1,530.00","30,600.00"
2021-01-18,2021011803023144,NRIC,32,49,15,"1,531.00","22,965.00"
2021-01-18,2021011803023143,NRIC,18,49,10,"1,531.00","15,310.00"
2021-01-18,2021011803023100,NRIC,41,49,38,"1,531.00","58,178.00"
2021-01-18,2021011803023065,NRIC,22,42,7,"1,532.00","10,724.00"
2021-01-18,2021011803023064,NRIC,22,55,43,"1,532.00","65,876.00"
2021-01-18,2021011803023062,NRIC,41,35,40,"1,531.00","61,240.00"
2021-01-18,2021011803023229,NRIC,56,41,200,"1,532.00","306,400.00"
2021-01-18,2021011803023228,NRIC,56,42,100,"1,532.00","153,200.00"
2021-01-18,2021011803023227,NRIC,22,41,20,"1,531.00","30,620.00"
2021-01-18,2021011803023226,NRIC,11,41,20,"1,531.00","30,620.00"
2021-01-18,2021011803023192,NRIC,39,42,100,"1,532.00","153,200.00"
2021-01-18,2021011803023149,NRIC,11,45,30,"1,531.00","45,930.00"
2021-01-18,2021011803023270,NRIC,59,48,"1,000","1,532.00","1,532,000.00"
2021-01-18,2021011803023269,NRIC,59,41,100,"1,532.00","153,200.00"
2021-01-18,2021011803023268,NRIC,59,22,295,"1,532.00","451,940.00"
2021-01-18,2021011803023267,NRIC,59,41,59,"1,532.00","90,388.00"
2021-01-18,2021011803023233,NRIC,22,49,20,"1,531.00","30,620.00"
2021-01-18,2021011803023231,NRIC,53,41,150,"1,532.00","229,800.00"
2021-01-18,2021011803023415,NRN,49,21,470,367.00,"172,490.00"
2021-01-18,2021011803023414,NRN,36,21,90,367.00,"33,030.00"
2021-01-18,2021011803023413,NRN,25,21,30,368.00,"11,040.00"
2021-01-18,2021011803023129,NRN,36,35,10,367.00,"3,670.00"
2021-01-18,2021011803023310,NTC,17,54,10,"1,354.00","13,540.00"
2021-01-18,2021011803023309,NTC,17,54,300,"1,354.00","406,200.00"
2021-01-18,2021011803023308,NTC,16,54,200,"1,354.00","270,800.00"
2021-01-18,2021011803023307,NTC,57,54,150,"1,354.00","203,100.00"
2021-01-18,2021011803023306,NTC,57,54,50,"1,355.00","67,750.00"
2021-01-18,2021011803023305,NTC,5,54,10,"1,355.00","13,550.00"
2021-01-18,2021011803023014,NTC,45,32,50,"1,355.00","67,750.00"
2021-01-18,2021011803022978,NTC,49,50,43,"1,355.00","58,265.00"
2021-01-18,2021011803022973,NTC,57,50,100,"1,354.00","135,400.00"
2021-01-18,2021011803023232,NTC,37,42,100,"1,356.00","135,600.00"
2021-01-18,2021011803023133,NTC,48,59,200,"1,356.00","271,200.00"
2021-01-18,2021011803023111,NTC,45,35,50,"1,355.00","67,750.00"
2021-01-18,2021011803023110,NTC,41,59,100,"1,356.00","135,600.00"
2021-01-18,2021011803023106,NTC,5,59,200,"1,356.00","271,200.00"
2021-01-18,2021011803023084,NTC,40,59,500,"1,356.00","678,000.00"
2021-01-18,2021011803023304,NTC,32,54,100,"1,355.00","135,500.00"
2021-01-18,2021011803023303,NTC,14,54,30,"1,355.00","40,650.00"
2021-01-18,2021011803023302,NTC,34,54,50,"1,355.00","67,750.00"
2021-01-18,2021011803023301,NTC,45,54,100,"1,355.00","135,500.00"
2021-01-18,2021011803023278,NTC,16,54,50,"1,356.00","67,800.00"
2021-01-18,2021011803023272,NTC,53,54,10,"1,356.00","13,560.00"
2021-01-18,2021011803023107,NUBL,4,50,83,"1,500.00","124,500.00"
2021-01-18,2021011803023068,NUBL,39,50,97,"1,500.00","145,500.00"
2021-01-18,2021011803023067,NUBL,39,34,50,"1,499.00","74,950.00"
2021-01-18,2021011803023066,NUBL,39,26,58,"1,490.00","86,420.00"
2021-01-18,2021011803023017,NUBL,48,26,42,"1,490.00","62,580.00"
2021-01-18,2021011803023311,OHL,22,57,100,502.00,"50,200.00"
2021-01-18,2021011803023156,OHL,22,28,10,504.00,"5,040.00"
2021-01-18,2021011803022951,PFL,8,14,100,218.00,"21,800.00"
2021-01-18,2021011803022950,PFL,8,52,341,218.00,"74,338.00"
2021-01-18,2021011803022949,PFL,8,36,55,218.00,"11,990.00"
2021-01-18,2021011804000018,PLI,34,13,10,327.00,"3,270.00"
2021-01-18,2021011804000017,PLI,34,51,10,327.00,"3,270.00"
2021-01-18,2021011804000016,PLI,34,42,10,327.00,"3,270.00"
2021-01-18,2021011804000015,PLI,34,59,10,327.00,"3,270.00"
2021-01-18,2021011804000014,PLI,34,58,10,327.00,"3,270.00"
2021-01-18,2021011804000013,PLI,34,19,10,327.00,"3,270.00"
2021-01-18,2021011804000006,PLI,48,22,10,321.00,"3,210.00"
2021-01-18,2021011804000005,PLI,14,45,10,315.00,"3,150.00"
2021-01-18,2021011804000004,PLI,14,14,10,309.00,"3,090.00"
2021-01-18,2021011804000003,PLI,47,50,10,303.00,"3,030.00"
2021-01-18,2021011804000002,PLI,52,33,10,298.00,"2,980.00"
2021-01-18,2021011804000001,PLI,22,48,10,286.00,"2,860.00"
2021-01-18,2021011804000012,PLI,34,38,10,327.00,"3,270.00"
2021-01-18,2021011804000011,PLI,34,22,10,327.00,"3,270.00"
2021-01-18,2021011804000010,PLI,34,3,10,327.00,"3,270.00"
2021-01-18,2021011804000009,PLI,34,41,10,327.00,"3,270.00"
2021-01-18,2021011804000008,PLI,34,41,10,327.00,"3,270.00"
2021-01-18,2021011804000007,PLI,34,49,10,327.00,"3,270.00"
2021-01-18,2021011803023403,PLIC,34,37,40,830.00,"33,200.00"
2021-01-18,2021011803023402,PLIC,34,13,60,830.00,"49,800.00"
2021-01-18,2021011803023345,PLIC,57,13,30,830.00,"24,900.00"
2021-01-18,2021011803023259,PLIC,34,28,36,826.00,"29,736.00"
2021-01-18,2021011803023258,PLIC,57,28,50,826.00,"41,300.00"
2021-01-18,2021011803023257,PLIC,36,28,85,827.00,"70,295.00"
2021-01-18,2021011803023256,PLIC,25,28,100,828.00,"82,800.00"
2021-01-18,2021011803023255,PLIC,40,28,100,828.00,"82,800.00"
2021-01-18,2021011803023254,PLIC,28,28,270,828.00,"223,560.00"
2021-01-18,2021011803023253,PLIC,43,28,25,829.00,"20,725.00"
2021-01-18,2021011803023218,PLIC,43,49,25,829.00,"20,725.00"
2021-01-18,2021011803023125,PLIC,13,13,100,830.00,"83,000.00"
2021-01-18,2021011803023363,PROFL,45,34,200,150.00,"30,000.00"
2021-01-18,2021011803023155,PROFL,45,55,"1,600",150.00,"240,000.00"
2021-01-18,2021011803023160,RLFL,44,52,62,196.00,"12,152.00"
2021-01-18,2021011803023159,RLFL,42,52,38,196.00,"7,448.00"
2021-01-18,2021011803023050,RLFL,42,45,162,196.00,"31,752.00"
2021-01-18,2021011803023383,RLI,45,35,10,634.00,"6,340.00"
2021-01-18,2021011803023362,RLI,34,47,10,635.00,"6,350.00"
2021-01-18,2021011803023361,RLI,34,49,90,635.00,"57,150.00"
2021-01-18,2021011803023338,RLI,52,49,100,635.00,"63,500.00"
2021-01-18,2021011803023171,RLI,13,49,100,635.00,"63,500.00"
2021-01-18,2021011803023163,RLI,45,4,10,634.00,"6,340.00"
2021-01-18,2021011803023115,RLI,45,37,10,634.00,"6,340.00"
2021-01-18,2021011803022943,RLI,1,49,70,635.00,"44,450.00"
2021-01-18,2021011803023316,RSDC,26,13,64,702.00,"44,928.00"
2021-01-18,2021011803023020,RSDC,38,54,15,701.00,"10,515.00"
2021-01-18,2021011803023019,RSDC,38,42,66,701.00,"46,266.00"
2021-01-18,2021011803022970,RSDC,38,42,409,701.00,"286,709.00"
2021-01-18,2021011803023416,SABSL,19,36,229,"1,250.00","286,250.00"
2021-01-18,2021011803023167,SABSL,49,16,11,"1,250.00","13,750.00"
2021-01-18,2021011803023120,SABSL,6,44,30,"1,250.00","37,500.00"
2021-01-18,2021011803023417,SADBL,34,33,100,212.00,"21,200.00"
2021-01-18,2021011803023317,SADBL,14,33,100,212.00,"21,200.00"
2021-01-18,2021011803023188,SADBL,29,26,10,213.00,"2,130.00"
2021-01-18,2021011803023126,SADBL,56,26,30,213.00,"6,390.00"
2021-01-18,2021011803023011,SADBL,57,49,500,212.00,"106,000.00"
2021-01-18,2021011803022999,SADBL,40,49,300,212.00,"63,600.00"
2021-01-18,2021011803023373,SAPDBL,39,34,116,165.00,"19,140.00"
2021-01-18,2021011803023299,SAPDBL,39,34,179,165.00,"29,535.00"
2021-01-18,2021011803023082,SAPDBL,53,34,50,166.00,"8,300.00"
2021-01-18,2021011803023131,SDLBSL,8,1,60,"1,220.00","73,200.00"
2021-01-18,2021011803023130,SDLBSL,25,1,100,"1,232.00","123,200.00"
2021-01-18,2021011803023117,SDLBSL,25,56,50,"1,232.00","61,600.00"
2021-01-18,2021011803023060,SEF,47,56,"2,000",10.95,"21,900.00"
2021-01-18,2021011803023097,SFCL,48,33,423,162.00,"68,526.00"
2021-01-18,2021011803023096,SFCL,48,33,300,162.00,"48,600.00"
2021-01-18,2021011803023095,SFCL,20,33,350,162.00,"56,700.00"
2021-01-18,2021011803023094,SFCL,34,33,980,162.00,"158,760.00"
2021-01-18,2021011803023093,SFCL,20,33,350,163.00,"57,050.00"
2021-01-18,2021011803023092,SFCL,42,33,200,163.00,"32,600.00"
2021-01-18,2021011803023085,SFCL,48,33,358,165.00,"59,070.00"
2021-01-18,2021011803023042,SFCL,48,52,142,165.00,"23,430.00"
2021-01-18,2021011803023041,SFCL,38,52,858,165.00,"141,570.00"
2021-01-18,2021011803023091,SFCL,35,33,100,163.00,"16,300.00"
2021-01-18,2021011803023090,SFCL,22,33,200,163.00,"32,600.00"
2021-01-18,2021011803023089,SFCL,42,33,200,164.00,"32,800.00"
2021-01-18,2021011803023088,SFCL,46,33,300,164.00,"49,200.00"
2021-01-18,2021011803023087,SFCL,57,33,80,164.00,"13,120.00"
2021-01-18,2021011803023086,SFCL,42,33,300,165.00,"49,500.00"
2021-01-18,2021011803023333,SHINE,44,25,50,273.00,"13,650.00"
2021-01-18,2021011803023332,SHINE,49,25,100,273.00,"27,300.00"
2021-01-18,2021011803023331,SHINE,57,25,100,273.00,"27,300.00"
2021-01-18,2021011803023330,SHINE,44,25,116,273.00,"31,668.00"
2021-01-18,2021011803023329,SHINE,6,25,124,274.00,"33,976.00"
2021-01-18,2021011803023328,SHINE,21,25,10,275.00,"2,750.00"
2021-01-18,2021011803023040,SHINE,45,57,550,274.00,"150,700.00"
2021-01-18,2021011803023039,SHINE,44,57,200,274.00,"54,800.00"
2021-01-18,2021011803023038,SHINE,21,57,20,274.00,"5,480.00"
2021-01-18,2021011803023037,SHINE,57,57,69,274.00,"18,906.00"
2021-01-18,2021011803023250,SHINE,6,57,111,274.00,"30,414.00"
2021-01-18,2021011803023147,SHL,48,1,200,210.00,"42,000.00"
2021-01-18,2021011803023128,SHL,52,6,150,210.00,"31,500.00"
2021-01-18,2021011803022967,SHL,59,34,189,209.00,"39,501.00"
2021-01-18,2021011803022965,SHL,59,43,461,209.00,"96,349.00"
2021-01-18,2021011803023296,SIFC,14,6,"1,822",204.00,"371,688.00"
2021-01-18,2021011803023295,SIFC,13,6,100,205.00,"20,500.00"
2021-01-18,2021011803023294,SIFC,13,6,78,206.00,"16,068.00"
2021-01-18,2021011803023103,SIFC,13,7,22,206.00,"4,532.00"
2021-01-18,2021011803023102,SIFC,39,7,80,206.00,"16,480.00"
2021-01-18,2021011803023412,SINDU,33,41,10,170.00,"1,700.00"
2021-01-18,2021011803023283,SINDU,40,41,79,168.00,"13,272.00"
2021-01-18,2021011803023146,SINDU,35,41,20,168.00,"3,360.00"
2021-01-18,2021011803023286,SKBBL,19,42,500,"1,620.00","810,000.00"
2021-01-18,2021011803023244,SKBBL,42,42,218,"1,620.00","353,160.00"
2021-01-18,2021011803023243,SKBBL,42,32,27,"1,620.00","43,740.00"
2021-01-18,2021011803023242,SKBBL,42,17,100,"1,620.00","162,000.00"
2021-01-18,2021011803023241,SKBBL,42,39,50,"1,620.00","81,000.00"
2021-01-18,2021011803023240,SKBBL,42,19,100,"1,620.00","162,000.00"
2021-01-18,2021011803023049,SKBBL,48,45,121,"1,600.00","193,600.00"
2021-01-18,2021011803023048,SKBBL,43,45,100,"1,600.00","160,000.00"
2021-01-18,2021011803023047,SKBBL,41,45,200,"1,600.00","320,000.00"
2021-01-18,2021011803023046,SKBBL,49,45,50,"1,601.00","80,050.00"
2021-01-18,2021011803023045,SKBBL,42,45,153,"1,601.00","244,953.00"
2021-01-18,2021011803023239,SKBBL,42,49,50,"1,619.00","80,950.00"
2021-01-18,2021011803023238,SKBBL,42,48,10,"1,619.00","16,190.00"
2021-01-18,2021011803023237,SKBBL,42,49,75,"1,619.00","121,425.00"
2021-01-18,2021011803023236,SKBBL,42,57,20,"1,615.00","32,300.00"
2021-01-18,2021011803023235,SKBBL,42,43,300,"1,610.00","483,000.00"
2021-01-18,2021011803023234,SKBBL,42,43,50,"1,601.00","80,050.00"
2021-01-18,2021011803023389,SLBBL,40,1,100,"1,301.00","130,100.00"
2021-01-18,2021011803023388,SLBBL,40,35,50,"1,299.00","64,950.00"
2021-01-18,2021011803023298,SLBBL,40,1,69,"1,300.00","89,700.00"
2021-01-18,2021011803023297,SLBBL,6,1,31,"1,300.00","40,300.00"
2021-01-18,2021011803023199,SLBBL,6,3,50,"1,300.00","65,000.00"
2021-01-18,2021011803023198,SLBBL,6,59,146,"1,300.00","189,800.00"
2021-01-18,2021011803023197,SLBBL,6,42,100,"1,300.00","130,000.00"
2021-01-18,2021011803023196,SLBBL,6,57,50,"1,300.00","65,000.00"
2021-01-18,2021011803023195,SLBBL,6,29,472,"1,300.00","613,600.00"
2021-01-18,2021011803023194,SLBBL,6,14,66,"1,300.00","85,800.00"
2021-01-18,2021011803023193,SLBBL,6,37,285,"1,300.00","370,500.00"
2021-01-18,2021011803023142,SLBBL,26,17,100,"1,299.00","129,900.00"
2021-01-18,2021011803023260,SLBS,55,35,100,"1,440.00","144,000.00"
2021-01-18,2021011803023411,SLICL,4,41,153,824.00,"126,072.00"
2021-01-18,2021011803023410,SLICL,4,14,10,824.00,"8,240.00"
2021-01-18,2021011803023409,SLICL,4,34,50,824.00,"41,200.00"
2021-01-18,2021011803023408,SLICL,4,58,100,824.00,"82,400.00"
2021-01-18,2021011803023407,SLICL,4,42,387,823.00,"318,501.00"
2021-01-18,2021011803023406,SLICL,4,16,300,820.00,"246,000.00"
2021-01-18,2021011803023071,SLICL,56,10,388,820.00,"318,160.00"
2021-01-18,2021011803023070,SLICL,59,10,100,820.00,"82,000.00"
2021-01-18,2021011803023069,SLICL,49,10,12,820.00,"9,840.00"
2021-01-18,2021011803023386,SLICL,40,42,"1,000",819.00,"819,000.00"
2021-01-18,2021011803023315,SLICL,59,16,200,820.00,"164,000.00"
2021-01-18,2021011803023202,SLICL,3,42,113,823.00,"92,999.00"
2021-01-18,2021011803023201,SLICL,3,32,87,823.00,"71,601.00"
2021-01-18,2021011803023200,SLICL,3,14,100,821.00,"82,100.00"
2021-01-18,2021011803023083,SLICL,56,42,112,820.00,"91,840.00"
2021-01-18,2021011803023015,SMB,34,25,11,"1,375.00","15,125.00"
2021-01-18,2021011803023207,SMB,34,21,10,"1,409.00","14,090.00"
2021-01-18,2021011803023141,SMB,34,45,67,"1,383.00","92,661.00"
2021-01-18,2021011803023140,SMB,34,45,11,"1,380.00","15,180.00"
2021-01-18,2021011803023139,SMB,34,42,11,"1,378.00","15,158.00"
2021-01-18,2021011803023138,SMB,34,33,11,"1,378.00","15,158.00"
2021-01-18,2021011803023252,SNLB,34,52,30,"1,203.00","36,090.00"
2021-01-18,2021011803023170,SNLB,45,26,18,"1,190.00","21,420.00"
2021-01-18,2021011803023169,SNLB,32,26,50,"1,190.00","59,500.00"
2021-01-18,2021011803023168,SNLB,45,26,12,"1,190.00","14,280.00"
2021-01-18,2021011803023051,SNLB,45,56,40,"1,190.00","47,600.00"
2021-01-18,2021011803022990,SNLB,45,56,48,"1,190.00","57,120.00"
2021-01-18,2021011803022983,SNLB,14,56,50,"1,196.00","59,800.00"
2021-01-18,2021011803022982,SNLB,51,56,38,"1,197.00","45,486.00"
2021-01-18,2021011803022989,SNLB,36,56,50,"1,190.00","59,500.00"
2021-01-18,2021011803022988,SNLB,48,56,50,"1,190.00","59,500.00"
2021-01-18,2021011803022987,SNLB,50,56,700,"1,194.00","835,800.00"
2021-01-18,2021011803022986,SNLB,28,56,100,"1,194.00","119,400.00"
2021-01-18,2021011803022985,SNLB,28,56,300,"1,195.00","358,500.00"
2021-01-18,2021011803022984,SNLB,16,56,14,"1,195.00","16,730.00"
2021-01-18,2021011803023405,STC,59,59,10,"8,100.00","81,000.00"
2021-01-18,2021011803023404,STC,59,59,10,"8,030.00","80,300.00"
2021-01-18,2021011803023323,STC,26,47,30,"8,030.00","240,900.00"
2021-01-18,2021011803023127,STC,21,59,10,"8,050.00","80,500.00"
2021-01-18,2021011803023263,SWBBL,42,42,25,"1,825.00","45,625.00"
2021-01-18,2021011803023246,SWBBL,42,28,10,"1,825.00","18,250.00"
2021-01-18,2021011803023112,SWBBL,16,28,90,"1,825.00","164,250.00"
2021-01-18,2021011803023073,UFL,16,38,31,324.00,"10,044.00"
2021-01-18,2021011803023216,USLB,32,46,61,"1,569.00","95,709.00"
2021-01-18,2021011803023215,USLB,32,22,13,"1,569.00","20,397.00"
2021-01-18,2021011803023214,USLB,32,47,50,"1,569.00","78,450.00"
2021-01-18,2021011803023213,USLB,32,34,22,"1,565.00","34,430.00"
2021-01-18,2021011803023212,USLB,32,22,12,"1,565.00","18,780.00"
2021-01-18,2021011803023211,USLB,32,22,40,"1,565.00","62,600.00"
2021-01-18,2021011803023210,USLB,32,46,80,"1,565.00","125,200.00"
2021-01-18,2021011803023209,USLB,32,11,22,"1,564.00","34,408.00"
2021-01-18,2021011803023249,VLBS,6,38,100,"1,240.00","124,000.00"
2021-01-18,2021011803022558,ALBSL,19,13,11,"1,305.00","14,355.00"
2021-01-18,2021011803022915,ALICL,54,34,300,"1,110.00","333,000.00"
2021-01-18,2021011803022650,ALICL,44,33,50,"1,108.00","55,400.00"
2021-01-18,2021011803022637,ALICL,57,34,100,"1,110.00","111,000.00"
2021-01-18,2021011803022817,CBBL,38,45,131,"1,388.00","181,828.00"
2021-01-18,2021011803022718,CBBL,47,45,200,"1,388.00","277,600.00"
2021-01-18,2021011803022636,CBBL,45,25,100,"1,388.00","138,800.00"
2021-01-18,2021011803022550,CBBL,37,50,50,"1,390.00","69,500.00"
2021-01-18,2021011803022548,CBBL,37,50,80,"1,390.00","111,200.00"
2021-01-18,2021011803022507,CBBL,44,50,100,"1,390.00","139,000.00"
2021-01-18,2021011803022506,CBBL,22,50,50,"1,390.00","69,500.00"
2021-01-18,2021011803022505,CBBL,17,50,200,"1,390.00","278,000.00"
2021-01-18,2021011803022554,CFCL,57,25,490,202.00,"98,980.00"
2021-01-18,2021011803022886,CIT,57,35,129,"3,475.00","448,275.00"
2021-01-18,2021011803022885,CIT,16,35,20,"3,479.00","69,580.00"
2021-01-18,2021011803022884,CIT,38,35,25,"3,479.00","86,975.00"
2021-01-18,2021011803022780,CIT,57,35,12,"3,480.00","41,760.00"
2021-01-18,2021011803022779,CIT,57,5,10,"3,479.00","34,790.00"
2021-01-18,2021011803022687,CIT,57,17,56,"3,475.00","194,600.00"
2021-01-18,2021011803022686,CIT,25,17,10,"3,475.00","34,750.00"
2021-01-18,2021011803022809,CMF2,6,44,"2,500",10.20,"25,500.00"
2021-01-18,2021011803022808,CMF2,6,38,"1,700",10.20,"17,340.00"
2021-01-18,2021011803022880,DDBL,7,48,38,"1,679.00","63,802.00"
2021-01-18,2021011803022846,DDBL,32,48,100,"1,679.00","167,900.00"
2021-01-18,2021011803022828,DDBL,35,48,17,"1,679.00","28,543.00"
2021-01-18,2021011803022827,DDBL,35,17,143,"1,679.00","240,097.00"
2021-01-18,2021011803022826,DDBL,35,43,20,"1,678.00","33,560.00"
2021-01-18,2021011803022807,DDBL,1,43,50,"1,678.00","83,900.00"
2021-01-18,2021011803022806,DDBL,48,43,30,"1,678.00","50,340.00"
2021-01-18,2021011803022695,DDBL,25,48,35,"1,679.00","58,765.00"
2021-01-18,2021011803022694,DDBL,25,42,15,"1,679.00","25,185.00"
2021-01-18,2021011803022649,DDBL,41,42,35,"1,679.00","58,765.00"
2021-01-18,2021011803022648,DDBL,41,26,40,"1,679.00","67,160.00"
2021-01-18,2021011803022517,EDBL,33,25,11,397.00,"4,367.00"
2021-01-18,2021011803022797,FMDBL,44,17,500,700.00,"350,000.00"
2021-01-18,2021011803022796,FMDBL,44,13,100,700.00,"70,000.00"
2021-01-18,2021011803022795,FMDBL,44,10,350,700.00,"245,000.00"
2021-01-18,2021011803022794,FMDBL,44,44,200,700.00,"140,000.00"
2021-01-18,2021011803022793,FMDBL,44,32,13,700.00,"9,100.00"
2021-01-18,2021011803022786,FMDBL,44,26,50,699.00,"34,950.00"
2021-01-18,2021011803022785,FMDBL,44,22,45,699.00,"31,455.00"
2021-01-18,2021011803022696,FMDBL,41,22,75,699.00,"52,425.00"
2021-01-18,2021011803022792,FMDBL,44,41,190,700.00,"133,000.00"
2021-01-18,2021011803022791,FMDBL,44,38,71,700.00,"49,700.00"
2021-01-18,2021011803022790,FMDBL,44,58,"1,662",700.00,"1,163,400.00"
2021-01-18,2021011803022789,FMDBL,44,50,200,700.00,"140,000.00"
2021-01-18,2021011803022788,FMDBL,44,44,14,700.00,"9,800.00"
2021-01-18,2021011803022787,FMDBL,44,32,45,699.00,"31,455.00"
2021-01-18,2021011803022700,FOWAD,42,25,25,"2,397.00","59,925.00"
2021-01-18,2021011803022661,FOWAD,34,25,29,"2,397.00","69,513.00"
2021-01-18,2021011803022660,FOWAD,34,21,21,"2,397.00","50,337.00"
2021-01-18,2021011803022926,GBBL,8,39,200,363.00,"72,600.00"
2021-01-18,2021011803022925,GBBL,1,39,100,364.00,"36,400.00"
2021-01-18,2021011803022924,GBBL,52,39,85,364.00,"30,940.00"
2021-01-18,2021011803022923,GBBL,45,39,245,365.00,"89,425.00"
2021-01-18,2021011803022909,GBBL,45,39,355,365.00,"129,575.00"
2021-01-18,2021011803022908,GBBL,52,39,500,365.00,"182,500.00"
2021-01-18,2021011803022442,GBBL,52,7,315,364.00,"114,660.00"
2021-01-18,2021011803022607,GBBL,36,47,15,365.00,"5,475.00"
2021-01-18,2021011803022585,GBBL,36,39,40,365.00,"14,600.00"
2021-01-18,2021011803022584,GBBL,45,39,100,365.00,"36,500.00"
2021-01-18,2021011803022553,GBBL,19,53,300,366.00,"109,800.00"
2021-01-18,2021011803022552,GBBL,19,17,200,366.00,"73,200.00"
2021-01-18,2021011803022502,GBBL,45,48,400,365.00,"146,000.00"
2021-01-18,2021011803022907,GBBL,29,39,145,365.00,"52,925.00"
2021-01-18,2021011803022843,GBBL,29,39,330,365.00,"120,450.00"
2021-01-18,2021011803022801,GBBL,29,39,590,365.00,"215,350.00"
2021-01-18,2021011803022705,GBBL,29,39,35,365.00,"12,775.00"
2021-01-18,2021011803022704,GBBL,36,39,225,365.00,"82,125.00"
2021-01-18,2021011803022647,GBBL,36,39,220,365.00,"80,300.00"
2021-01-18,2021011803022635,GBLBS,33,22,10,691.00,"6,910.00"
2021-01-18,2021011803022624,GBLBS,33,13,41,690.00,"28,290.00"
2021-01-18,2021011803022567,GBLBS,26,13,100,690.00,"69,000.00"
2021-01-18,2021011803022549,GBLBS,33,13,55,691.00,"38,005.00"
2021-01-18,2021011803022541,GBLBS,33,38,30,691.00,"20,730.00"
2021-01-18,2021011803022540,GBLBS,33,21,50,691.00,"34,550.00"
2021-01-18,2021011803022444,GBLBS,36,45,100,690.00,"69,000.00"
2021-01-18,2021011803022443,GBLBS,36,10,150,690.00,"103,500.00"
2021-01-18,2021011803022460,GBLBS,33,11,335,690.00,"231,150.00"
2021-01-18,2021011803022459,GBLBS,33,38,100,690.00,"69,000.00"
2021-01-18,2021011803022458,GBLBS,33,57,15,690.00,"10,350.00"
2021-01-18,2021011803022457,GBLBS,33,26,50,690.00,"34,500.00"
2021-01-18,2021011803022446,GBLBS,36,26,50,690.00,"34,500.00"
2021-01-18,2021011803022445,GBLBS,36,33,200,690.00,"138,000.00"
2021-01-18,2021011803022539,GBLBS,33,45,65,690.00,"44,850.00"
2021-01-18,2021011803022489,GBLBS,33,7,50,689.00,"34,450.00"
2021-01-18,2021011803022487,GBLBS,33,45,50,690.00,"34,500.00"
2021-01-18,2021011803022486,GBLBS,33,52,50,690.00,"34,500.00"
2021-01-18,2021011803022483,GBLBS,21,45,35,690.00,"24,150.00"
2021-01-18,2021011803022482,GBLBS,21,11,65,690.00,"44,850.00"
2021-01-18,2021011803022744,GILB,14,41,10,"1,570.00","15,700.00"
2021-01-18,2021011803022452,GIMES1,7,34,"1,500",13.00,"19,500.00"
2021-01-18,2021011803022734,GLICL,34,44,146,680.00,"99,280.00"
2021-01-18,2021011803022733,GLICL,5,44,23,680.00,"15,640.00"
2021-01-18,2021011803022732,GLICL,21,44,200,680.00,"136,000.00"
2021-01-18,2021011803022731,GLICL,21,44,270,680.00,"183,600.00"
2021-01-18,2021011803022730,GLICL,40,44,200,681.00,"136,200.00"
2021-01-18,2021011803022729,GLICL,59,44,19,681.00,"12,939.00"
2021-01-18,2021011803022681,GLICL,22,5,20,684.00,"13,680.00"
2021-01-18,2021011803022680,GLICL,22,44,"1,280",684.00,"875,520.00"
2021-01-18,2021011803022722,GLICL,34,44,500,683.00,"341,500.00"
2021-01-18,2021011803022721,GLICL,29,44,20,683.00,"13,660.00"
2021-01-18,2021011803022720,GLICL,33,44,100,683.00,"68,300.00"
2021-01-18,2021011803022719,GLICL,22,44,640,685.00,"438,400.00"
2021-01-18,2021011803022683,GLICL,22,45,105,685.00,"71,925.00"
2021-01-18,2021011803022682,GLICL,22,44,"1,955",685.00,"1,339,175.00"
2021-01-18,2021011803022728,GLICL,22,44,"4,000",681.00,"2,724,000.00"
2021-01-18,2021011803022727,GLICL,6,44,200,681.00,"136,200.00"
2021-01-18,2021011803022726,GLICL,6,44,"5,000",682.00,"3,410,000.00"
2021-01-18,2021011803022725,GLICL,16,44,21,682.00,"14,322.00"
2021-01-18,2021011803022724,GLICL,16,44,500,683.00,"341,500.00"
2021-01-18,2021011803022723,GLICL,46,44,161,683.00,"109,963.00"
2021-01-18,2021011803022892,GMFBS,25,35,10,"1,390.00","13,900.00"
2021-01-18,2021011803022758,GMFBS,25,34,22,"1,390.00","30,580.00"
2021-01-18,2021011803022651,GMFBS,25,41,10,"1,393.00","13,930.00"
2021-01-18,2021011803022538,GRDBL,1,11,90,171.00,"15,390.00"
2021-01-18,2021011803022883,ICFC,56,42,"5,500",300.00,"1,650,000.00"
2021-01-18,2021011803022753,ICFC,28,45,278,297.00,"82,566.00"
2021-01-18,2021011803022752,ICFC,6,45,500,297.00,"148,500.00"
2021-01-18,2021011803022751,ICFC,20,45,"1,000",298.00,"298,000.00"
2021-01-18,2021011803022750,ICFC,28,45,200,298.00,"59,600.00"
2021-01-18,2021011803022749,ICFC,3,45,195,298.00,"58,110.00"
2021-01-18,2021011803022468,ICFC,55,49,80,299.00,"23,920.00"
2021-01-18,2021011803022467,ICFC,29,49,84,299.00,"25,116.00"
2021-01-18,2021011803022748,ICFC,32,45,350,299.00,"104,650.00"
2021-01-18,2021011803022747,ICFC,36,45,500,299.00,"149,500.00"
2021-01-18,2021011803022746,ICFC,21,45,100,299.00,"29,900.00"
2021-01-18,2021011803022745,ICFC,59,45,264,299.00,"78,936.00"
2021-01-18,2021011803022576,ICFC,59,49,90,299.00,"26,910.00"
2021-01-18,2021011803022469,ICFC,59,49,146,299.00,"43,654.00"
2021-01-18,2021011803022835,ILBS,38,21,16,"1,398.00","22,368.00"
2021-01-18,2021011803022759,ILBS,21,21,60,"1,400.00","84,000.00"
2021-01-18,2021011803022691,ILBS,38,13,83,"1,398.00","116,034.00"
2021-01-18,2021011803022656,ILBS,57,21,17,"1,400.00","23,800.00"
2021-01-18,2021011803022655,ILBS,57,41,11,"1,400.00","15,400.00"
2021-01-18,2021011803022654,ILBS,57,40,11,"1,400.00","15,400.00"
2021-01-18,2021011803022653,ILBS,57,36,11,"1,400.00","15,400.00"
2021-01-18,2021011803022652,ILBS,57,22,50,"1,400.00","70,000.00"
2021-01-18,2021011803022473,ILBS,51,21,50,"1,397.00","69,850.00"
2021-01-18,2021011803022834,JBBL,42,50,68,228.00,"15,504.00"
2021-01-18,2021011803022833,JBBL,42,4,932,228.00,"212,496.00"
2021-01-18,2021011803022739,JBBL,51,44,80,227.00,"18,160.00"
2021-01-18,2021011803022738,JBBL,34,44,500,227.00,"113,500.00"
2021-01-18,2021011803022737,JBBL,4,44,"1,420",227.00,"322,340.00"
2021-01-18,2021011803022670,JBBL,47,4,68,228.00,"15,504.00"
2021-01-18,2021011803022669,JBBL,47,51,179,228.00,"40,812.00"
2021-01-18,2021011803022668,JBBL,47,56,203,228.00,"46,284.00"
2021-01-18,2021011803022557,JBBL,4,33,"3,000",227.00,"681,000.00"
2021-01-18,2021011803022743,JFL,45,28,50,274.00,"13,700.00"
2021-01-18,2021011803022890,KMCDB,42,20,50,"1,186.00","59,300.00"
2021-01-18,2021011803022889,KMCDB,42,39,10,"1,186.00","11,860.00"
2021-01-18,2021011803022677,KMCDB,11,13,10,"1,185.00","11,850.00"
2021-01-18,2021011803022676,KMCDB,11,21,75,"1,185.00","88,875.00"
2021-01-18,2021011803022891,KRBL,28,32,16,157.00,"2,512.00"
2021-01-18,2021011803022882,KRBL,39,32,150,157.00,"23,550.00"
2021-01-18,2021011803022881,KRBL,39,45,50,157.00,"7,850.00"
2021-01-18,2021011803022574,KRBL,55,50,256,156.00,"39,936.00"
2021-01-18,2021011803022936,LICN,56,37,34,"2,270.00","77,180.00"
2021-01-18,2021011803022935,LICN,56,10,63,"2,270.00","143,010.00"
2021-01-18,2021011803022934,LICN,56,14,50,"2,270.00","113,500.00"
2021-01-18,2021011803022933,LICN,56,52,49,"2,270.00","111,230.00"
2021-01-18,2021011803022932,LICN,56,25,10,"2,270.00","22,700.00"
2021-01-18,2021011803022931,LICN,56,42,49,"2,270.00","111,230.00"
2021-01-18,2021011803022621,LICN,56,3,10,"2,270.00","22,700.00"
2021-01-18,2021011803022620,LICN,56,54,12,"2,265.00","27,180.00"
2021-01-18,2021011803022577,LICN,56,54,400,"2,265.00","906,000.00"
2021-01-18,2021011803022930,LICN,56,3,80,"2,270.00","181,600.00"
2021-01-18,2021011803022929,LICN,56,19,100,"2,269.00","226,900.00"
2021-01-18,2021011803022928,LICN,56,6,40,"2,269.00","90,760.00"
2021-01-18,2021011803022927,LICN,56,6,25,"2,265.00","56,625.00"
2021-01-18,2021011803022761,LICN,56,3,10,"2,270.00","22,700.00"
2021-01-18,2021011803022760,LICN,56,49,70,"2,264.00","158,480.00"
2021-01-18,2021011803022800,LUK,59,25,100,9.87,987.00
2021-01-18,2021011803022544,LUK,7,17,"10,000",9.94,"99,400.00"
2021-01-18,2021011803022804,MDB,49,33,50,365.00,"18,250.00"
2021-01-18,2021011803022803,MDB,49,42,200,365.00,"73,000.00"
2021-01-18,2021011803022802,MDB,34,42,400,365.00,"146,000.00"
2021-01-18,2021011803022470,MDB,26,42,100,365.00,"36,500.00"
2021-01-18,2021011803022916,MERO,52,13,65,"1,056.00","68,640.00"
2021-01-18,2021011803022914,MERO,52,36,35,"1,056.00","36,960.00"
2021-01-18,2021011803022693,MERO,45,50,50,"1,055.00","52,750.00"
2021-01-18,2021011803022456,MERO,49,49,15,"1,055.00","15,825.00"
2021-01-18,2021011803022564,MERO,45,49,85,"1,055.00","89,675.00"
2021-01-18,2021011803022481,MERO,52,49,100,"1,055.00","105,500.00"
2021-01-18,2021011803022876,MFIL,34,55,300,410.00,"123,000.00"
2021-01-18,2021011803022875,MFIL,21,55,700,410.00,"287,000.00"
2021-01-18,2021011803022638,MFIL,45,1,100,411.00,"41,100.00"
2021-01-18,2021011803022821,MLBBL,40,52,20,"1,502.00","30,040.00"
2021-01-18,2021011803022582,MLBBL,44,28,15,"1,502.00","22,530.00"
2021-01-18,2021011803022453,MLBBL,28,6,"1,500","1,499.00","2,248,500.00"
2021-01-18,2021011803022805,MLBL,38,57,380,282.00,"107,160.00"
2021-01-18,2021011803022702,MLBL,38,4,170,282.00,"47,940.00"
2021-01-18,2021011803022671,MLBL,38,41,450,282.00,"126,900.00"
2021-01-18,2021011803022474,MLBL,13,44,295,282.00,"83,190.00"
2021-01-18,2021011803022581,MLBL,26,44,100,283.00,"28,300.00"
2021-01-18,2021011803022477,MLBL,17,44,"1,000",282.00,"282,000.00"
2021-01-18,2021011803022476,MLBL,45,44,"2,000",282.00,"564,000.00"
2021-01-18,2021011803022475,MLBL,21,44,100,282.00,"28,200.00"
2021-01-18,2021011803022879,MMFDB,42,29,22,"1,360.00","29,920.00"
2021-01-18,2021011803022878,MMFDB,19,29,61,"1,360.00","82,960.00"
2021-01-18,2021011803022815,MMFDB,19,19,39,"1,360.00","53,040.00"
2021-01-18,2021011803022814,MMFDB,34,19,50,"1,361.00","68,050.00"
2021-01-18,2021011803022813,MMFDB,3,19,100,"1,363.00","136,300.00"
2021-01-18,2021011803022812,MMFDB,16,19,11,"1,363.00","14,993.00"
2021-01-18,2021011803022485,MMFDB,13,42,60,"1,365.00","81,900.00"
2021-01-18,2021011803022451,MMFDB,20,16,40,"1,366.00","54,640.00"
2021-01-18,2021011803022450,MMFDB,20,41,60,"1,365.00","81,900.00"
2021-01-18,2021011803022874,MNBBL,26,50,100,397.00,"39,700.00"
2021-01-18,2021011803022873,MNBBL,26,17,100,397.00,"39,700.00"
2021-01-18,2021011803022872,MNBBL,26,7,100,397.00,"39,700.00"
2021-01-18,2021011803022871,MNBBL,26,47,40,397.00,"15,880.00"
2021-01-18,2021011803022870,MNBBL,26,21,100,397.00,"39,700.00"
2021-01-18,2021011803022869,MNBBL,26,5,10,397.00,"3,970.00"
2021-01-18,2021011803022868,MNBBL,26,10,140,397.00,"55,580.00"
2021-01-18,2021011803022781,MNBBL,37,50,170,396.00,"67,320.00"
2021-01-18,2021011803022776,MNBBL,49,50,200,396.00,"79,200.00"
2021-01-18,2021011803022666,MNBBL,20,50,20,396.00,"7,920.00"
2021-01-18,2021011803022665,MNBBL,45,50,100,396.00,"39,600.00"
2021-01-18,2021011803022845,MPFL,58,4,100,169.00,"16,900.00"
2021-01-18,2021011803022844,MPFL,51,4,28,169.00,"4,732.00"
2021-01-18,2021011803022633,MSMBS,26,4,200,"1,069.00","213,800.00"
2021-01-18,2021011803022632,MSMBS,21,4,100,"1,075.00","107,500.00"
2021-01-18,2021011803022631,MSMBS,26,4,100,"1,075.00","107,500.00"
2021-01-18,2021011803022572,MSMBS,40,4,100,"1,076.00","107,600.00"
2021-01-18,2021011803022571,MSMBS,19,4,10,"1,081.00","10,810.00"
2021-01-18,2021011803022570,MSMBS,26,4,100,"1,083.00","108,300.00"
2021-01-18,2021011803022569,MSMBS,14,4,100,"1,085.00","108,500.00"
2021-01-18,2021011803022568,MSMBS,34,4,64,"1,087.00","69,568.00"
2021-01-18,2021011803022692,NABBC,22,49,50,618.00,"30,900.00"
2021-01-18,2021011803022811,NEF,6,11,"3,000",10.76,"32,280.00"
2021-01-18,2021011803022810,NEF,6,11,"2,000",10.77,"21,540.00"
2021-01-18,2021011803022592,NEF,6,17,"2,253",10.76,"24,242.28"
2021-01-18,2021011803022591,NEF,6,17,"2,253",10.76,"24,242.28"
2021-01-18,2021011803022590,NEF,6,17,753,10.76,"8,102.28"
2021-01-18,2021011803022589,NEF,47,17,"1,500",10.76,"16,140.00"
2021-01-18,2021011803022588,NEF,6,17,151,10.76,"1,624.76"
2021-01-18,2021011803022587,NEF,47,17,"1,300",10.76,"13,988.00"
2021-01-18,2021011803022586,NEF,6,17,802,10.77,"8,637.54"
2021-01-18,2021011803022937,NFS,21,14,100,270.00,"27,000.00"
2021-01-18,2021011803022798,NIBLPF,25,28,"14,647",11.60,"169,905.20"
2021-01-18,2021011803022887,NIBSF1,7,34,"5,000",12.00,"60,000.00"
2021-01-18,2021011803022847,NIBSF1,36,48,500,11.99,"5,995.00"
2021-01-18,2021011803022454,NLBBL,6,10,500,"1,320.00","660,000.00"
2021-01-18,2021011803022839,NLIC,54,36,475,"2,466.00","1,171,350.00"
2021-01-18,2021011803022838,NLIC,6,36,25,"2,468.00","61,700.00"
2021-01-18,2021011803022818,NLIC,6,49,50,"2,468.00","123,400.00"
2021-01-18,2021011803022782,NLIC,45,25,20,"2,469.00","49,380.00"
2021-01-18,2021011803022690,NLIC,54,43,10,"2,466.00","24,660.00"
2021-01-18,2021011803022685,NLIC,49,25,10,"2,469.00","24,690.00"
2021-01-18,2021011803022465,NLIC,10,5,200,"2,468.00","493,600.00"
2021-01-18,2021011803022464,NLIC,10,48,100,"2,468.00","246,800.00"
2021-01-18,2021011803022678,NLIC,28,25,10,"2,469.00","24,690.00"
2021-01-18,2021011803022664,NLIC,54,54,22,"2,466.00","54,252.00"
2021-01-18,2021011803022646,NLIC,6,25,75,"2,469.00","185,175.00"
2021-01-18,2021011803022563,NLIC,54,45,50,"2,466.00","123,300.00"
2021-01-18,2021011803022547,NLIC,54,45,100,"2,466.00","246,600.00"
2021-01-18,2021011803022466,NLIC,10,57,20,"2,468.00","49,360.00"
2021-01-18,2021011803022831,NLICL,50,20,75,"1,075.00","80,625.00"
2021-01-18,2021011803022643,NLICL,42,26,20,"1,073.00","21,460.00"
2021-01-18,2021011803022534,NLICL,45,20,500,"1,075.00","537,500.00"
2021-01-18,2021011803022662,NMB50,42,56,"10,000",11.20,"112,000.00"
2021-01-18,2021011803022560,NMBHF1,34,21,"2,000",10.69,"21,380.00"
2021-01-18,2021011803022941,NMBMF,42,14,112,"1,195.00","133,840.00"
2021-01-18,2021011803022663,NMBMF,43,38,90,"1,195.00","107,550.00"
2021-01-18,2021011803022644,NMBMF,43,46,10,"1,195.00","11,950.00"
2021-01-18,2021011803022555,NMBMF,54,46,10,"1,195.00","11,950.00"
2021-01-18,2021011803022522,NMBMF,43,17,19,"1,193.00","22,667.00"
2021-01-18,2021011803022480,NMBMF,43,33,50,"1,193.00","59,650.00"
2021-01-18,2021011803022913,NRIC,11,25,50,"1,530.00","76,500.00"
2021-01-18,2021011803022906,NRIC,45,25,10,"1,530.00","15,300.00"
2021-01-18,2021011803022905,NRIC,45,25,10,"1,530.00","15,300.00"
2021-01-18,2021011803022904,NRIC,14,25,60,"1,530.00","91,800.00"
2021-01-18,2021011803022903,NRIC,42,25,100,"1,530.00","153,000.00"
2021-01-18,2021011803022902,NRIC,7,25,150,"1,530.00","229,500.00"
2021-01-18,2021011803022484,NRIC,28,53,50,"1,532.00","76,600.00"
2021-01-18,2021011803022472,NRIC,33,42,10,"1,531.00","15,310.00"
2021-01-18,2021011803022524,NRIC,35,32,15,"1,531.00","22,965.00"
2021-01-18,2021011803022523,NRIC,33,32,540,"1,531.00","826,740.00"
2021-01-18,2021011803022521,NRIC,1,55,15,"1,532.00","22,980.00"
2021-01-18,2021011803022508,NRIC,42,55,50,"1,532.00","76,600.00"
2021-01-18,2021011803022503,NRIC,45,55,90,"1,532.00","137,880.00"
2021-01-18,2021011803022488,NRIC,33,42,115,"1,531.00","176,065.00"
2021-01-18,2021011803022530,NRIC,45,32,150,"1,531.00","229,650.00"
2021-01-18,2021011803022529,NRIC,19,32,60,"1,531.00","91,860.00"
2021-01-18,2021011803022528,NRIC,7,32,50,"1,531.00","76,550.00"
2021-01-18,2021011803022527,NRIC,54,32,40,"1,531.00","61,240.00"
2021-01-18,2021011803022526,NRIC,58,32,200,"1,531.00","306,200.00"
2021-01-18,2021011803022525,NRIC,59,32,20,"1,531.00","30,620.00"
2021-01-18,2021011803022583,NRIC,45,46,40,"1,530.00","61,200.00"
2021-01-18,2021011803022578,NRIC,50,49,105,"1,531.00","160,755.00"
2021-01-18,2021011803022545,NRIC,34,49,20,"1,531.00","30,620.00"
2021-01-18,2021011803022543,NRIC,6,49,25,"1,531.00","38,275.00"
2021-01-18,2021011803022537,NRIC,39,55,10,"1,532.00","15,320.00"
2021-01-18,2021011803022536,NRIC,39,39,40,"1,531.00","61,240.00"
2021-01-18,2021011803022598,NRIC,52,45,100,"1,530.00","153,000.00"
2021-01-18,2021011803022597,NRIC,41,45,11,"1,530.00","16,830.00"
2021-01-18,2021011803022596,NRIC,29,45,25,"1,530.00","38,250.00"
2021-01-18,2021011803022595,NRIC,25,45,50,"1,530.00","76,500.00"
2021-01-18,2021011803022594,NRIC,45,45,100,"1,530.00","153,000.00"
2021-01-18,2021011803022593,NRIC,45,45,60,"1,530.00","91,800.00"
2021-01-18,2021011803022604,NRIC,58,45,50,"1,530.00","76,500.00"
2021-01-18,2021011803022603,NRIC,58,45,300,"1,530.00","459,000.00"
2021-01-18,2021011803022602,NRIC,42,45,20,"1,530.00","30,600.00"
2021-01-18,2021011803022601,NRIC,58,45,50,"1,530.00","76,500.00"
2021-01-18,2021011803022600,NRIC,49,45,100,"1,530.00","153,000.00"
2021-01-18,2021011803022599,NRIC,14,45,10,"1,530.00","15,300.00"
2021-01-18,2021011803022657,NRIC,43,17,90,"1,531.00","137,790.00"
2021-01-18,2021011803022623,NRIC,29,17,10,"1,531.00","15,310.00"
2021-01-18,2021011803022622,NRIC,29,49,50,"1,531.00","76,550.00"
2021-01-18,2021011803022610,NRIC,5,17,50,"1,530.00","76,500.00"
2021-01-18,2021011803022606,NRIC,5,45,124,"1,530.00","189,720.00"
2021-01-18,2021011803022605,NRIC,17,45,"1,000","1,530.00","1,530,000.00"
2021-01-18,2021011803022707,NRIC,32,47,100,"1,530.00","153,000.00"
2021-01-18,2021011803022706,NRIC,5,47,26,"1,530.00","39,780.00"
2021-01-18,2021011803022701,NRIC,38,59,15,"1,531.00","22,965.00"
2021-01-18,2021011803022697,NRIC,5,57,100,"1,530.00","153,000.00"
2021-01-18,2021011803022679,NRIC,22,59,50,"1,531.00","76,550.00"
2021-01-18,2021011803022658,NRIC,43,59,410,"1,531.00","627,710.00"
2021-01-18,2021011803022713,NRIC,29,47,100,"1,530.00","153,000.00"
2021-01-18,2021011803022712,NRIC,45,47,100,"1,530.00","153,000.00"
2021-01-18,2021011803022711,NRIC,53,47,100,"1,530.00","153,000.00"
2021-01-18,2021011803022710,NRIC,52,47,60,"1,530.00","91,800.00"
2021-01-18,2021011803022709,NRIC,49,47,100,"1,530.00","153,000.00"
2021-01-18,2021011803022708,NRIC,35,47,300,"1,530.00","459,000.00"
2021-01-18,2021011803022755,NRIC,43,42,10,"1,531.00","15,310.00"
2021-01-18,2021011803022754,NRIC,43,59,50,"1,531.00","76,550.00"
2021-01-18,2021011803022740,NRIC,42,59,10,"1,531.00","15,310.00"
2021-01-18,2021011803022716,NRIC,35,47,44,"1,530.00","67,320.00"
2021-01-18,2021011803022715,NRIC,38,47,30,"1,530.00","45,900.00"
2021-01-18,2021011803022714,NRIC,45,47,40,"1,530.00","61,200.00"
2021-01-18,2021011803022766,NRIC,58,6,75,"1,530.00","114,750.00"
2021-01-18,2021011803022765,NRIC,35,6,56,"1,530.00","85,680.00"
2021-01-18,2021011803022764,NRIC,22,6,55,"1,531.00","84,205.00"
2021-01-18,2021011803022763,NRIC,43,6,10,"1,531.00","15,310.00"
2021-01-18,2021011803022757,NRIC,43,32,50,"1,531.00","76,550.00"
2021-01-18,2021011803022756,NRIC,43,4,20,"1,531.00","30,620.00"
2021-01-18,2021011803022772,NRIC,17,6,10,"1,530.00","15,300.00"
2021-01-18,2021011803022771,NRIC,29,6,100,"1,530.00","153,000.00"
2021-01-18,2021011803022770,NRIC,58,6,100,"1,530.00","153,000.00"
2021-01-18,2021011803022769,NRIC,44,6,50,"1,530.00","76,500.00"
2021-01-18,2021011803022768,NRIC,57,6,50,"1,530.00","76,500.00"
2021-01-18,2021011803022767,NRIC,16,6,50,"1,530.00","76,500.00"
2021-01-18,2021011803022830,NRIC,50,29,35,"1,531.00","53,585.00"
2021-01-18,2021011803022829,NRIC,1,29,50,"1,531.00","76,550.00"
2021-01-18,2021011803022819,NRIC,55,55,42,"1,532.00","64,344.00"
2021-01-18,2021011803022775,NRIC,42,6,44,"1,530.00","67,320.00"
2021-01-18,2021011803022774,NRIC,28,6,300,"1,530.00","459,000.00"
2021-01-18,2021011803022773,NRIC,28,6,200,"1,530.00","306,000.00"
2021-01-18,2021011803022859,NRIC,51,32,100,"1,530.00","153,000.00"
2021-01-18,2021011803022858,NRIC,21,32,300,"1,530.00","459,000.00"
2021-01-18,2021011803022857,NRIC,17,32,20,"1,530.00","30,600.00"
2021-01-18,2021011803022856,NRIC,22,32,100,"1,530.00","153,000.00"
2021-01-18,2021011803022855,NRIC,1,32,50,"1,530.00","76,500.00"
2021-01-18,2021011803022854,NRIC,42,32,281,"1,530.00","429,930.00"
2021-01-18,2021011803022865,NRIC,36,32,29,"1,530.00","44,370.00"
2021-01-18,2021011803022864,NRIC,36,32,50,"1,530.00","76,500.00"
2021-01-18,2021011803022863,NRIC,48,32,200,"1,530.00","306,000.00"
2021-01-18,2021011803022862,NRIC,34,32,20,"1,530.00","30,600.00"
2021-01-18,2021011803022861,NRIC,52,32,50,"1,530.00","76,500.00"
2021-01-18,2021011803022860,NRIC,43,32,300,"1,530.00","459,000.00"
2021-01-18,2021011803022901,NRIC,50,25,100,"1,530.00","153,000.00"
2021-01-18,2021011803022900,NRIC,59,25,200,"1,530.00","306,000.00"
2021-01-18,2021011803022899,NRIC,45,25,50,"1,530.00","76,500.00"
2021-01-18,2021011803022898,NRIC,36,25,21,"1,530.00","32,130.00"
2021-01-18,2021011803022896,NRIC,11,46,35,"1,531.00","53,585.00"
2021-01-18,2021011803022895,NRIC,11,29,15,"1,531.00","22,965.00"
2021-01-18,2021011803022520,NRN,41,29,80,370.00,"29,600.00"
2021-01-18,2021011803022519,NRN,41,46,10,369.00,"3,690.00"
2021-01-18,2021011803022518,NRN,41,21,10,369.00,"3,690.00"
2021-01-18,2021011803022736,NTC,38,50,457,"1,355.00","619,235.00"
2021-01-18,2021011803022735,NTC,40,50,500,"1,355.00","677,500.00"
2021-01-18,2021011803022674,NTC,50,20,50,"1,353.00","67,650.00"
2021-01-18,2021011803022673,NTC,22,20,100,"1,353.00","135,300.00"
2021-01-18,2021011803022672,NTC,55,20,49,"1,353.00","66,297.00"
2021-01-18,2021011803022659,NTC,22,59,50,"1,356.00","67,800.00"
2021-01-18,2021011803022533,NTC,48,59,220,"1,356.00","298,320.00"
2021-01-18,2021011803022532,NTC,48,16,150,"1,355.00","203,250.00"
2021-01-18,2021011803022531,NTC,48,19,30,"1,355.00","40,650.00"
2021-01-18,2021011803022471,NTC,17,20,100,"1,355.00","135,500.00"
2021-01-18,2021011803022625,NTC,51,59,50,"1,356.00","67,800.00"
2021-01-18,2021011803022615,NTC,55,25,51,"1,353.00","69,003.00"
2021-01-18,2021011803022614,NTC,1,25,100,"1,353.00","135,300.00"
2021-01-18,2021011803022613,NTC,7,25,10,"1,354.00","13,540.00"
2021-01-18,2021011803022612,NTC,36,25,100,"1,354.00","135,400.00"
2021-01-18,2021011803022611,NTC,22,25,30,"1,355.00","40,650.00"
2021-01-18,2021011803022888,NUBL,36,38,100,"1,499.00","149,900.00"
2021-01-18,2021011803022616,NUBL,37,38,50,"1,499.00","74,950.00"
2021-01-18,2021011803022455,NUBL,50,50,100,"1,500.00","150,000.00"
2021-01-18,2021011803022822,OHL,22,57,60,502.00,"30,120.00"
2021-01-18,2021011803022629,OHL,33,32,500,503.00,"251,500.00"
2021-01-18,2021011803022628,OHL,56,32,500,503.00,"251,500.00"
2021-01-18,2021011803022627,OHL,58,32,200,503.00,"100,600.00"
2021-01-18,2021011803022626,OHL,45,32,100,503.00,"50,300.00"
2021-01-18,2021011803022504,OHL,45,16,100,503.00,"50,300.00"
2021-01-18,2021011803022940,PFL,19,36,10,218.00,"2,180.00"
2021-01-18,2021011803022938,PFL,39,36,10,218.00,"2,180.00"
2021-01-18,2021011803022645,PFL,19,41,100,217.00,"21,700.00"
2021-01-18,2021011803022512,PFL,47,36,116,218.00,"25,288.00"
2021-01-18,2021011803022511,PFL,47,3,20,218.00,"4,360.00"
2021-01-18,2021011803022510,PFL,47,35,464,218.00,"101,152.00"
2021-01-18,2021011803022462,PFL,45,35,36,218.00,"7,848.00"
2021-01-18,2021011803022461,PFL,45,38,14,218.00,"3,052.00"
2021-01-18,2021011803022820,PLIC,28,26,10,828.00,"8,280.00"
2021-01-18,2021011803022689,PLIC,28,17,200,828.00,"165,600.00"
2021-01-18,2021011803022688,PLIC,53,17,300,829.00,"248,700.00"
2021-01-18,2021011803022580,PLIC,44,1,80,829.00,"66,320.00"
2021-01-18,2021011803022579,PLIC,44,43,20,829.00,"16,580.00"
2021-01-18,2021011803022619,RLFL,42,43,100,196.00,"19,600.00"
2021-01-18,2021011803022448,RLFL,42,5,400,196.00,"78,400.00"
2021-01-18,2021011803022447,RLFL,8,5,100,196.00,"19,600.00"
2021-01-18,2021011803022897,RLI,41,49,10,635.00,"6,350.00"
2021-01-18,2021011803022893,RLI,59,17,10,633.00,"6,330.00"
2021-01-18,2021011803022850,RLI,59,49,30,635.00,"19,050.00"
2021-01-18,2021011803022849,RLI,59,25,10,635.00,"6,350.00"
2021-01-18,2021011803022848,RLI,59,26,60,635.00,"38,100.00"
2021-01-18,2021011803022717,RLI,59,57,10,633.00,"6,330.00"
2021-01-18,2021011803022515,RLI,16,51,30,635.00,"19,050.00"
2021-01-18,2021011803022514,RLI,16,11,10,635.00,"6,350.00"
2021-01-18,2021011803022513,RLI,16,34,10,635.00,"6,350.00"
2021-01-18,2021011803022699,RLI,38,26,40,635.00,"25,400.00"
2021-01-18,2021011803022698,RLI,38,17,10,634.00,"6,340.00"
2021-01-18,2021011803022617,RLI,16,14,180,634.00,"114,120.00"
2021-01-18,2021011803022562,RLI,16,41,130,634.00,"82,420.00"
2021-01-18,2021011803022561,RLI,16,17,10,634.00,"6,340.00"
2021-01-18,2021011803022516,RLI,16,38,"1,000",636.00,"636,000.00"
2021-01-18,2021011803022784,RMDC,14,6,10,"1,205.00","12,050.00"
2021-01-18,2021011803022783,RMDC,14,13,29,"1,201.00","34,829.00"
2021-01-18,2021011803022449,RMDC,42,13,100,"1,201.00","120,100.00"
2021-01-18,2021011803022939,RSDC,52,42,25,701.00,"17,525.00"
2021-01-18,2021011803022911,RSDC,58,49,43,700.00,"30,100.00"
2021-01-18,2021011803022910,RSDC,58,49,75,700.00,"52,500.00"
2021-01-18,2021011803022842,RSDC,38,22,41,702.00,"28,782.00"
2021-01-18,2021011803022841,RSDC,38,53,50,701.00,"35,050.00"
2021-01-18,2021011803022608,RSDC,34,53,50,701.00,"35,050.00"
2021-01-18,2021011803022556,RSDC,34,41,10,703.00,"7,030.00"
2021-01-18,2021011803022840,SABSL,49,44,21,"1,250.00","26,250.00"
2021-01-18,2021011803022609,SABSL,29,44,89,"1,250.00","111,250.00"
2021-01-18,2021011803022894,SADBL,28,49,200,212.00,"42,400.00"
2021-01-18,2021011803022741,SADBL,34,26,40,213.00,"8,520.00"
2021-01-18,2021011803022573,SADBL,55,19,100,212.00,"21,200.00"
2021-01-18,2021011803022546,SADBL,1,26,400,213.00,"85,200.00"
2021-01-18,2021011803022642,SAEF,34,42,140,12.80,"1,792.00"
2021-01-18,2021011803022675,SAPDBL,35,18,11,168.00,"1,848.00"
2021-01-18,2021011803022501,SAPDBL,39,35,793,165.00,"130,845.00"
2021-01-18,2021011803022500,SAPDBL,7,35,200,165.00,"33,000.00"
2021-01-18,2021011803022499,SAPDBL,25,35,"1,000",165.00,"165,000.00"
2021-01-18,2021011803022498,SAPDBL,53,35,50,165.00,"8,250.00"
2021-01-18,2021011803022497,SAPDBL,1,35,500,165.00,"82,500.00"
2021-01-18,2021011803022490,SAPDBL,14,35,80,167.00,"13,360.00"
2021-01-18,2021011803022496,SAPDBL,39,35,200,166.00,"33,200.00"
2021-01-18,2021011803022495,SAPDBL,28,35,37,166.00,"6,142.00"
2021-01-18,2021011803022494,SAPDBL,26,35,100,166.00,"16,600.00"
2021-01-18,2021011803022493,SAPDBL,1,35,50,166.00,"8,300.00"
2021-01-18,2021011803022492,SAPDBL,52,35,"1,000",166.00,"166,000.00"
2021-01-18,2021011803022491,SAPDBL,59,35,490,166.00,"81,340.00"
2021-01-18,2021011803022684,SEF,47,56,"2,000",11.00,"22,000.00"
2021-01-18,2021011803022867,SFCL,38,34,142,165.00,"23,430.00"
2021-01-18,2021011803022866,SFCL,38,34,858,165.00,"141,570.00"
2021-01-18,2021011803022825,SFCL,34,59,158,166.00,"26,228.00"
2021-01-18,2021011803022824,SFCL,34,58,25,166.00,"4,150.00"
2021-01-18,2021011803022823,SFCL,34,49,17,166.00,"2,822.00"
2021-01-18,2021011803022640,SFCL,38,19,442,165.00,"72,930.00"
2021-01-18,2021011803022639,SFCL,14,19,58,165.00,"9,570.00"
2021-01-18,2021011803022618,SFCL,14,19,20,165.00,"3,300.00"
2021-01-18,2021011803022877,SHINE,44,57,250,275.00,"68,750.00"
2021-01-18,2021011803022837,SHINE,21,57,50,275.00,"13,750.00"
2021-01-18,2021011803022565,SHINE,13,57,500,275.00,"137,500.00"
2021-01-18,2021011803022559,SHINE,57,34,100,274.00,"27,400.00"
2021-01-18,2021011803022836,SINDU,35,41,10,169.00,"1,690.00"
2021-01-18,2021011803022703,SINDU,38,34,70,166.00,"11,620.00"
2021-01-18,2021011803022535,SINDU,58,36,100,167.00,"16,700.00"
2021-01-18,2021011803022853,SLBBL,38,29,28,"1,300.00","36,400.00"
2021-01-18,2021011803022852,SLBBL,38,52,18,"1,300.00","23,400.00"
2021-01-18,2021011803022851,SLBBL,38,48,54,"1,299.00","70,146.00"
2021-01-18,2021011803022816,SLBBL,38,48,62,"1,299.00","80,538.00"
2021-01-18,2021011803022799,SLBBL,3,48,150,"1,299.00","194,850.00"
2021-01-18,2021011803022742,SLBBL,3,50,50,"1,299.00","64,950.00"
2021-01-18,2021011803022566,SLBBL,52,48,87,"1,299.00","113,013.00"
2021-01-18,2021011803022509,SLBBL,34,35,30,"1,298.00","38,940.00"
2021-01-18,2021011803022575,SLBSL,47,41,50,"1,249.00","62,450.00"
2021-01-18,2021011803022479,SLBSL,38,13,13,"1,249.00","16,237.00"
2021-01-18,2021011803022912,SLICL,49,54,150,820.00,"123,000.00"
2021-01-18,2021011803022832,SLICL,49,45,88,820.00,"72,160.00"
2021-01-18,2021011803022778,SLICL,16,42,68,818.00,"55,624.00"
2021-01-18,2021011803022777,SLICL,41,42,30,819.00,"24,570.00"
2021-01-18,2021011803022667,SLICL,16,38,50,818.00,"40,900.00"
2021-01-18,2021011803022641,SLICL,59,38,100,818.00,"81,800.00"
2021-01-18,2021011803022634,SLICL,48,38,50,818.00,"40,900.00"
2021-01-18,2021011803022551,SLICL,56,10,408,820.00,"334,560.00"
2021-01-18,2021011803022478,SLICL,56,32,100,820.00,"82,000.00"
2021-01-18,2021011803022630,STC,21,5,10,"8,090.00","80,900.00"
2021-01-18,2021011803022542,SWBBL,45,41,200,"1,825.00","365,000.00"
2021-01-18,2021011803022463,SWBBL,16,41,300,"1,824.00","547,200.00"
2021-01-18,2021011803022922,UFL,34,6,116,320.00,"37,120.00"
2021-01-18,2021011803022921,UFL,5,6,100,320.00,"32,000.00"
2021-01-18,2021011803022920,UFL,7,6,300,320.00,"96,000.00"
2021-01-18,2021011803022919,UFL,19,6,344,320.00,"110,080.00"
2021-01-18,2021011803022918,UFL,49,6,500,321.00,"160,500.00"
2021-01-18,2021011803022917,UFL,7,6,30,321.00,"9,630.00"
2021-01-18,2021011803022762,UFL,7,36,136,322.00,"43,792.00"
2021-01-18,2021011803022383,ALBSL,21,22,300,"1,319.00","395,700.00"
2021-01-18,2021011803022339,ALBSL,21,22,236,"1,319.00","311,284.00"
2021-01-18,2021011803022272,ALBSL,38,51,11,"1,304.00","14,344.00"
2021-01-18,2021011803022262,ALBSL,21,22,200,"1,319.00","263,800.00"
2021-01-18,2021011803022261,ALBSL,21,45,100,"1,318.00","131,800.00"
2021-01-18,2021011803022195,ALBSL,21,19,500,"1,318.00","659,000.00"
2021-01-18,2021011803022403,ALICL,50,34,100,"1,110.00","111,000.00"
2021-01-18,2021011803022401,ALICL,49,49,"11,880","1,115.00","13,246,200.00"
2021-01-18,2021011803022363,ALICL,49,10,"2,000","1,115.00","2,230,000.00"
2021-01-18,2021011803022359,ALICL,49,43,100,"1,115.00","111,500.00"
2021-01-18,2021011803022358,ALICL,49,54,140,"1,115.00","156,100.00"
2021-01-18,2021011803022357,ALICL,49,56,71,"1,114.00","79,094.00"
2021-01-18,2021011803022356,ALICL,49,41,261,"1,114.00","290,754.00"
2021-01-18,2021011803022355,ALICL,49,50,290,"1,110.00","321,900.00"
2021-01-18,2021011803022337,ALICL,43,50,100,"1,110.00","111,000.00"
2021-01-18,2021011803022336,ALICL,22,50,50,"1,110.00","55,500.00"
2021-01-18,2021011803022335,ALICL,39,50,60,"1,110.00","66,600.00"
2021-01-18,2021011803022316,ALICL,34,56,10,"1,114.00","11,140.00"
2021-01-18,2021011803022427,BFC,48,35,100,154.00,"15,400.00"
2021-01-18,2021011803022292,BFC,48,35,"3,100",154.00,"477,400.00"
2021-01-18,2021011803022133,BFC,5,26,"1,000",155.00,"155,000.00"
2021-01-18,2021011803022004,BFC,48,59,100,154.00,"15,400.00"
2021-01-18,2021011803022143,CFCL,49,25,10,203.00,"2,030.00"
2021-01-18,2021011803021949,CFCL,52,55,28,203.00,"5,684.00"
2021-01-18,2021011803021948,CFCL,52,17,50,203.00,"10,150.00"
2021-01-18,2021011803022389,CIT,39,48,10,"3,475.00","34,750.00"
2021-01-18,2021011803022388,CIT,22,48,15,"3,475.00","52,125.00"
2021-01-18,2021011803022387,CIT,29,48,14,"3,477.00","48,678.00"
2021-01-18,2021011803022386,CIT,49,48,30,"3,478.00","104,340.00"
2021-01-18,2021011803022385,CIT,57,48,22,"3,480.00","76,560.00"
2021-01-18,2021011803022184,CIT,49,45,24,"3,481.00","83,544.00"
2021-01-18,2021011803022183,CIT,49,7,22,"3,481.00","76,582.00"
2021-01-18,2021011803022162,CIT,22,38,20,"3,480.00","69,600.00"
2021-01-18,2021011803022022,CIT,57,7,28,"3,481.00","97,468.00"
2021-01-18,2021011803022226,CMF1,20,38,200,10.08,"2,016.00"
2021-01-18,2021011803022331,DDBL,25,26,10,"1,679.00","16,790.00"
2021-01-18,2021011803022328,DDBL,19,3,50,"1,675.00","83,750.00"
2021-01-18,2021011803022301,DDBL,19,42,34,"1,675.00","56,950.00"
2021-01-18,2021011803022300,DDBL,34,42,60,"1,675.00","100,500.00"
2021-01-18,2021011803022299,DDBL,39,42,30,"1,675.00","50,250.00"
2021-01-18,2021011803022298,DDBL,8,42,100,"1,675.00","167,500.00"
2021-01-18,2021011803022163,DDBL,49,21,99,"1,675.00","165,825.00"
2021-01-18,2021011803022297,DDBL,35,42,50,"1,676.00","83,800.00"
2021-01-18,2021011803022296,DDBL,1,42,26,"1,676.00","43,576.00"
2021-01-18,2021011803022260,DDBL,1,37,50,"1,676.00","83,800.00"
2021-01-18,2021011803022259,DDBL,1,7,24,"1,676.00","40,224.00"
2021-01-18,2021011803022229,DDBL,38,7,31,"1,676.00","51,956.00"
2021-01-18,2021011803022228,DDBL,38,5,10,"1,676.00","16,760.00"
2021-01-18,2021011803022303,EDBL,29,6,26,392.00,"10,192.00"
2021-01-18,2021011803022207,EDBL,6,6,"1,400",393.00,"550,200.00"
2021-01-18,2021011803022119,EDBL,45,6,500,393.00,"196,500.00"
2021-01-18,2021011803022053,EDBL,25,6,30,394.00,"11,820.00"
2021-01-18,2021011803022052,EDBL,57,6,100,394.00,"39,400.00"
2021-01-18,2021011803022051,EDBL,35,6,244,394.00,"96,136.00"
2021-01-18,2021011803022050,EDBL,53,6,100,394.00,"39,400.00"
2021-01-18,2021011803022049,EDBL,3,6,600,394.00,"236,400.00"
2021-01-18,2021011803022435,FMDBL,35,22,60,699.00,"41,940.00"
2021-01-18,2021011803022309,FMDBL,41,59,50,697.00,"34,850.00"
2021-01-18,2021011803022274,FMDBL,47,59,200,697.00,"139,400.00"
2021-01-18,2021011803022271,FMDBL,56,59,100,697.00,"69,700.00"
2021-01-18,2021011803022270,FMDBL,19,59,500,697.00,"348,500.00"
2021-01-18,2021011803022269,FMDBL,19,59,100,697.00,"69,700.00"
2021-01-18,2021011803021993,FMDBL,34,4,70,699.00,"48,930.00"
2021-01-18,2021011803021992,FMDBL,35,4,100,699.00,"69,900.00"
2021-01-18,2021011803021991,FMDBL,3,4,885,699.00,"618,615.00"
2021-01-18,2021011803021963,FMDBL,42,44,295,700.00,"206,500.00"
2021-01-18,2021011803022164,FMDBL,51,18,100,698.00,"69,800.00"
2021-01-18,2021011803022129,FMDBL,39,32,55,698.00,"38,390.00"
2021-01-18,2021011803022096,FMDBL,5,22,100,699.00,"69,900.00"
2021-01-18,2021011803022090,FMDBL,56,22,150,699.00,"104,850.00"
2021-01-18,2021011803021995,FMDBL,39,4,445,698.00,"310,610.00"
2021-01-18,2021011803021994,FMDBL,39,4,300,698.00,"209,400.00"
2021-01-18,2021011803022268,FMDBL,58,59,500,697.00,"348,500.00"
2021-01-18,2021011803022267,FMDBL,58,59,500,697.00,"348,500.00"
2021-01-18,2021011803022266,FMDBL,58,59,50,697.00,"34,850.00"
2021-01-18,2021011803022240,FMDBL,6,22,70,699.00,"48,930.00"
2021-01-18,2021011803022210,FMDBL,58,7,50,697.00,"34,850.00"
2021-01-18,2021011803022209,FMDBL,42,7,50,697.00,"34,850.00"
2021-01-18,2021011803022310,FOWAD,10,43,20,"2,393.00","47,860.00"
2021-01-18,2021011803022089,FOWAD,34,25,100,"2,395.00","239,500.00"
2021-01-18,2021011803022048,FOWAD,33,21,12,"2,397.00","28,764.00"
2021-01-18,2021011803022047,FOWAD,33,51,43,"2,396.00","103,028.00"
2021-01-18,2021011803021990,FOWAD,16,51,21,"2,396.00","50,316.00"
2021-01-18,2021011803021957,FOWAD,16,26,59,"2,396.00","141,364.00"
2021-01-18,2021011803022441,GBBL,47,7,"1,115",364.00,"405,860.00"
2021-01-18,2021011803022440,GBBL,14,7,70,365.00,"25,550.00"
2021-01-18,2021011803022439,GBBL,19,7,500,365.00,"182,500.00"
2021-01-18,2021011803022368,GBBL,19,4,100,365.00,"36,500.00"
2021-01-18,2021011803022317,GBBL,19,11,100,365.00,"36,500.00"
2021-01-18,2021011803022273,GBBL,47,13,15,364.00,"5,460.00"
2021-01-18,2021011803022011,GBBL,40,6,105,364.00,"38,220.00"
2021-01-18,2021011803022208,GBBL,47,4,315,364.00,"114,660.00"
2021-01-18,2021011803022148,GBBL,47,6,150,364.00,"54,600.00"
2021-01-18,2021011803022147,GBBL,47,16,405,364.00,"147,420.00"
2021-01-18,2021011803022014,GBBL,40,16,595,364.00,"216,580.00"
2021-01-18,2021011803022013,GBBL,40,6,150,364.00,"54,600.00"
2021-01-18,2021011803022012,GBBL,40,6,150,364.00,"54,600.00"
2021-01-18,2021011803022430,GBLBS,25,10,50,690.00,"34,500.00"
2021-01-18,2021011803022429,GBLBS,25,21,100,690.00,"69,000.00"
2021-01-18,2021011803022412,GBLBS,34,21,160,690.00,"110,400.00"
2021-01-18,2021011803022411,GBLBS,34,58,50,690.00,"34,500.00"
2021-01-18,2021011803022410,GBLBS,34,44,15,690.00,"10,350.00"
2021-01-18,2021011803022409,GBLBS,34,38,50,690.00,"34,500.00"
2021-01-18,2021011803022174,GBLBS,25,42,200,690.00,"138,000.00"
2021-01-18,2021011803022103,GBLBS,41,42,100,690.00,"69,000.00"
2021-01-18,2021011803022085,GBLBS,36,42,50,690.00,"34,500.00"
2021-01-18,2021011803021955,GBLBS,57,42,75,690.00,"51,750.00"
2021-01-18,2021011803021954,GBLBS,57,26,100,690.00,"69,000.00"
2021-01-18,2021011803021953,GBLBS,57,4,25,690.00,"17,250.00"
2021-01-18,2021011803022408,GBLBS,34,14,25,690.00,"17,250.00"
2021-01-18,2021011803022224,GBLBS,49,14,25,690.00,"17,250.00"
2021-01-18,2021011803022223,GBLBS,49,43,50,690.00,"34,500.00"
2021-01-18,2021011803022222,GBLBS,49,42,25,690.00,"17,250.00"
2021-01-18,2021011803022212,GBLBS,33,37,90,689.00,"62,010.00"
2021-01-18,2021011803022204,GBLBS,41,42,50,690.00,"34,500.00"
2021-01-18,2021011803022330,GIMES1,7,1,500,13.05,"6,525.00"
2021-01-18,2021011803022149,GLBSL,7,42,10,"1,127.00","11,270.00"
2021-01-18,2021011803022239,GLICL,29,44,20,684.00,"13,680.00"
2021-01-18,2021011803022220,GLICL,10,44,45,685.00,"30,825.00"
2021-01-18,2021011803022219,GLICL,10,50,200,685.00,"137,000.00"
2021-01-18,2021011803022218,GLICL,10,44,755,685.00,"517,175.00"
2021-01-18,2021011803022203,GLICL,46,14,39,683.00,"26,637.00"
2021-01-18,2021011803022202,GLICL,57,14,50,683.00,"34,150.00"
2021-01-18,2021011803022201,GLICL,22,14,11,683.00,"7,513.00"
2021-01-18,2021011803022189,GLICL,38,25,200,684.00,"136,800.00"
2021-01-18,2021011803022124,GMFBS,45,53,10,"1,366.00","13,660.00"
2021-01-18,2021011803022379,GMFIL,39,25,25,214.00,"5,350.00"
2021-01-18,2021011803022378,GMFIL,39,14,200,214.00,"42,800.00"
2021-01-18,2021011803022377,GMFIL,39,6,100,214.00,"21,400.00"
2021-01-18,2021011803022376,GMFIL,39,33,75,212.00,"15,900.00"
2021-01-18,2021011803022289,HIDCL,3,32,100,334.00,"33,400.00"
2021-01-18,2021011803022211,HIDCL,3,14,10,334.00,"3,340.00"
2021-01-18,2021011803021964,HIDCL,3,42,61,334.00,"20,374.00"
2021-01-18,2021011803022082,ICFC,29,49,500,299.00,"149,500.00"
2021-01-18,2021011803022072,ICFC,29,16,200,299.00,"59,800.00"
2021-01-18,2021011803021996,ICFC,19,42,400,300.00,"120,000.00"
2021-01-18,2021011803021956,ILBS,51,26,50,"1,397.00","69,850.00"
2021-01-18,2021011803022436,JBBL,45,56,50,228.00,"11,400.00"
2021-01-18,2021011803022109,JBBL,55,56,250,228.00,"57,000.00"
2021-01-18,2021011803022108,JBBL,44,56,"2,000",228.00,"456,000.00"
2021-01-18,2021011803022107,JBBL,5,56,200,228.00,"45,600.00"
2021-01-18,2021011803022106,JBBL,57,56,200,228.00,"45,600.00"
2021-01-18,2021011803022105,JBBL,37,56,30,228.00,"6,840.00"
2021-01-18,2021011803022104,JBBL,55,56,"2,067",228.00,"471,276.00"
2021-01-18,2021011803022024,JBBL,29,1,500,229.00,"114,500.00"
2021-01-18,2021011803021969,JBBL,45,46,21,229.00,"4,809.00"
2021-01-18,2021011803022434,JFL,52,45,100,272.00,"27,200.00"
2021-01-18,2021011803022414,JFL,45,28,50,274.00,"13,700.00"
2021-01-18,2021011803022345,JFL,41,45,50,275.00,"13,750.00"
2021-01-18,2021011803022344,JFL,41,37,200,275.00,"55,000.00"
2021-01-18,2021011803022227,KLBSL,53,54,20,"1,390.00","27,800.00"
2021-01-18,2021011803022302,KMCDB,25,42,11,"1,190.00","13,090.00"
2021-01-18,2021011803022295,KMCDB,1,42,50,"1,190.00","59,500.00"
2021-01-18,2021011803022167,KMCDB,11,44,120,"1,185.00","142,200.00"
2021-01-18,2021011803022166,KMCDB,56,44,100,"1,185.00","118,500.00"
2021-01-18,2021011803022165,KMCDB,42,44,90,"1,185.00","106,650.00"
2021-01-18,2021011803022102,KMCDB,42,13,10,"1,185.00","11,850.00"
2021-01-18,2021011803022055,KMCDB,41,42,200,"1,190.00","238,000.00"
2021-01-18,2021011803022333,KRBL,55,32,451,156.00,"70,356.00"
2021-01-18,2021011803022194,LBBL,45,41,112,245.00,"27,440.00"
2021-01-18,2021011803022193,LBBL,59,41,88,245.00,"21,560.00"
2021-01-18,2021011803022170,LICN,56,28,110,"2,265.00","249,150.00"
2021-01-18,2021011803022169,LICN,56,54,50,"2,265.00","113,250.00"
2021-01-18,2021011803021970,LICN,36,35,30,"2,265.00","67,950.00"
2021-01-18,2021011803022308,MDB,21,42,100,365.00,"36,500.00"
2021-01-18,2021011803022098,MDB,26,42,100,365.00,"36,500.00"
2021-01-18,2021011803022246,MERO,45,34,98,"1,055.00","103,390.00"
2021-01-18,2021011803022245,MERO,14,34,50,"1,055.00","52,750.00"
2021-01-18,2021011803022244,MERO,28,34,50,"1,055.00","52,750.00"
2021-01-18,2021011803022243,MERO,3,34,200,"1,056.00","211,200.00"
2021-01-18,2021011803022045,MERO,42,54,50,"1,060.00","53,000.00"
2021-01-18,2021011803022028,MERO,35,14,40,"1,057.00","42,280.00"
2021-01-18,2021011803022242,MERO,58,34,200,"1,056.00","211,200.00"
2021-01-18,2021011803022241,MERO,35,34,102,"1,057.00","107,814.00"
2021-01-18,2021011803022078,MERO,57,34,100,"1,059.00","105,900.00"
2021-01-18,2021011803022402,MFIL,21,45,200,410.00,"82,000.00"
2021-01-18,2021011803022254,MFIL,21,49,100,410.00,"41,000.00"
2021-01-18,2021011803022010,MFIL,6,1,50,411.00,"20,550.00"
2021-01-18,2021011803022008,MFIL,17,49,200,411.00,"82,200.00"
2021-01-18,2021011803022007,MFIL,17,26,50,411.00,"20,550.00"
2021-01-18,2021011803022225,MLBBL,59,6,390,"1,499.00","584,610.00"
2021-01-18,2021011803022186,MLBBL,40,6,35,"1,499.00","52,465.00"
2021-01-18,2021011803022182,MLBBL,41,6,75,"1,499.00","112,425.00"
2021-01-18,2021011803022038,MLBBL,59,44,60,"1,500.00","90,000.00"
2021-01-18,2021011803022037,MLBBL,59,16,11,"1,500.00","16,500.00"
2021-01-18,2021011803022036,MLBBL,59,32,50,"1,500.00","75,000.00"
2021-01-18,2021011803022035,MLBBL,59,46,50,"1,500.00","75,000.00"
2021-01-18,2021011803022034,MLBBL,59,10,100,"1,500.00","150,000.00"
2021-01-18,2021011803022033,MLBBL,59,28,10,"1,500.00","15,000.00"
2021-01-18,2021011803022032,MLBBL,59,17,28,"1,500.00","42,000.00"
2021-01-18,2021011803022306,MLBL,49,44,300,283.00,"84,900.00"
2021-01-18,2021011803022263,MLBL,49,44,300,283.00,"84,900.00"
2021-01-18,2021011803021979,MLBL,17,25,174,285.00,"49,590.00"
2021-01-18,2021011803021978,MLBL,17,45,408,285.00,"116,280.00"
2021-01-18,2021011803021977,MLBL,17,41,50,284.00,"14,200.00"
2021-01-18,2021011803021976,MLBL,17,16,34,284.00,"9,656.00"
2021-01-18,2021011803021983,MLBL,17,4,874,283.00,"247,342.00"
2021-01-18,2021011803021982,MLBL,17,4,126,285.00,"35,910.00"
2021-01-18,2021011803021981,MLBL,17,41,108,285.00,"30,780.00"
2021-01-18,2021011803021980,MLBL,17,25,100,285.00,"28,500.00"
2021-01-18,2021011803022216,MLBL,45,44,"1,871",283.00,"529,493.00"
2021-01-18,2021011803022188,MLBL,45,41,129,283.00,"36,507.00"
2021-01-18,2021011803022187,MLBL,17,41,71,283.00,"20,093.00"
2021-01-18,2021011803022118,MMFDB,16,19,89,"1,363.00","121,307.00"
2021-01-18,2021011803022021,MMFDB,21,16,100,"1,366.00","136,600.00"
2021-01-18,2021011803022398,MNBBL,6,10,860,397.00,"341,420.00"
2021-01-18,2021011803022397,MNBBL,6,34,100,397.00,"39,700.00"
2021-01-18,2021011803022396,MNBBL,6,37,40,397.00,"15,880.00"
2021-01-18,2021011803022395,MNBBL,6,39,500,396.00,"198,000.00"
2021-01-18,2021011803022394,MNBBL,6,32,100,396.00,"39,600.00"
2021-01-18,2021011803022393,MNBBL,6,25,400,396.00,"158,400.00"
2021-01-18,2021011803022332,MNBBL,22,25,100,396.00,"39,600.00"
2021-01-18,2021011803022171,MNBBL,41,37,150,397.00,"59,550.00"
2021-01-18,2021011803022157,MNBBL,6,7,100,395.00,"39,500.00"
2021-01-18,2021011803022112,MPFL,51,13,699,169.00,"118,131.00"
2021-01-18,2021011803022095,MSLB,52,16,90,"1,800.00","162,000.00"
2021-01-18,2021011803022094,MSLB,38,16,10,"1,800.00","18,000.00"
2021-01-18,2021011803022006,MSLB,1,46,50,"1,801.00","90,050.00"
2021-01-18,2021011803022005,MSLB,26,46,50,"1,801.00","90,050.00"
2021-01-18,2021011803022305,MSMBS,34,4,36,"1,087.00","39,132.00"
2021-01-18,2021011803022185,MSMBS,19,4,50,"1,087.00","54,350.00"
2021-01-18,2021011803021972,MSMBS,46,4,320,"1,087.00","347,840.00"
2021-01-18,2021011803022373,NBF2,42,7,"1,400",10.27,"14,378.00"
2021-01-18,2021011803022372,NBF2,42,34,"1,000",10.27,"10,270.00"
2021-01-18,2021011803022371,NBF2,42,51,100,10.27,"1,027.00"
2021-01-18,2021011803022370,NBF2,42,38,"3,600",10.27,"36,972.00"
2021-01-18,2021011803022159,NEF,6,1,483,10.77,"5,201.91"
2021-01-18,2021011803022294,NLBBL,10,10,300,"1,321.00","396,300.00"
2021-01-18,2021011803022130,NLBBL,39,54,50,"1,317.00","65,850.00"
2021-01-18,2021011803022426,NLIC,13,48,38,"2,465.00","93,670.00"
2021-01-18,2021011803022425,NLIC,59,48,100,"2,465.00","246,500.00"
2021-01-18,2021011803022424,NLIC,55,48,150,"2,465.00","369,750.00"
2021-01-18,2021011803022423,NLIC,45,48,69,"2,465.00","170,085.00"
2021-01-18,2021011803022422,NLIC,35,48,35,"2,466.00","86,310.00"
2021-01-18,2021011803022421,NLIC,28,48,10,"2,466.00","24,660.00"
2021-01-18,2021011803021952,NLIC,45,51,44,"2,468.00","108,592.00"
2021-01-18,2021011803021950,NLIC,54,59,22,"2,466.00","54,252.00"
2021-01-18,2021011803022100,NLIC,45,41,94,"2,469.00","232,086.00"
2021-01-18,2021011803022003,NLIC,53,48,32,"2,466.00","78,912.00"
2021-01-18,2021011803022002,NLIC,35,48,10,"2,466.00","24,660.00"
2021-01-18,2021011803022001,NLIC,54,48,98,"2,466.00","241,668.00"
2021-01-18,2021011803021985,NLIC,54,41,"1,044","2,466.00","2,574,504.00"
2021-01-18,2021011803021984,NLIC,45,41,156,"2,468.00","385,008.00"
2021-01-18,2021011803022200,NLIC,42,25,60,"2,469.00","148,140.00"
2021-01-18,2021011803022146,NLIC,50,25,50,"2,469.00","123,450.00"
2021-01-18,2021011803022132,NLIC,45,57,17,"2,469.00","41,973.00"
2021-01-18,2021011803022117,NLIC,45,29,50,"2,469.00","123,450.00"
2021-01-18,2021011803022113,NLIC,45,1,22,"2,469.00","54,318.00"
2021-01-18,2021011803022101,NLIC,45,44,17,"2,469.00","41,973.00"
2021-01-18,2021011803022420,NLIC,32,48,150,"2,466.00","369,900.00"
2021-01-18,2021011803022419,NLIC,16,48,60,"2,466.00","147,960.00"
2021-01-18,2021011803022418,NLIC,53,48,168,"2,466.00","414,288.00"
2021-01-18,2021011803022417,NLIC,57,48,10,"2,468.00","24,680.00"
2021-01-18,2021011803022416,NLIC,45,48,10,"2,468.00","24,680.00"
2021-01-18,2021011803022415,NLIC,45,48,200,"2,468.00","493,600.00"
2021-01-18,2021011803022431,NLICL,5,20,200,"1,075.00","215,000.00"
2021-01-18,2021011803022307,NLICL,42,43,50,"1,073.00","53,650.00"
2021-01-18,2021011803022283,NLICL,40,20,100,"1,075.00","107,500.00"
2021-01-18,2021011803022264,NLICL,6,48,100,"1,074.00","107,400.00"
2021-01-18,2021011803022110,NLICL,5,20,10,"1,075.00","10,750.00"
2021-01-18,2021011803022375,NMB50,14,7,500,11.17,"5,585.00"
2021-01-18,2021011803022374,NMB50,14,43,100,11.16,"1,116.00"
2021-01-18,2021011803022126,NMB50,42,32,"2,100",11.00,"23,100.00"
2021-01-18,2021011803022125,NMB50,33,32,900,11.00,"9,900.00"
2021-01-18,2021011803022173,NMBMF,43,46,180,"1,195.00","215,100.00"
2021-01-18,2021011803022172,NMBMF,43,39,70,"1,195.00","83,650.00"
2021-01-18,2021011803022433,NMFBS,33,33,700,"2,468.00","1,727,600.00"
2021-01-18,2021011803022432,NMFBS,33,55,20,"2,468.00","49,360.00"
2021-01-18,2021011803022438,NRIC,21,53,40,"1,532.00","61,280.00"
2021-01-18,2021011803022391,NRIC,21,53,10,"1,532.00","15,320.00"
2021-01-18,2021011803022390,NRIC,21,29,90,"1,532.00","137,880.00"
2021-01-18,2021011803022360,NRIC,16,29,10,"1,532.00","15,320.00"
2021-01-18,2021011803022354,NRIC,16,26,490,"1,532.00","750,680.00"
2021-01-18,2021011803022353,NRIC,5,26,10,"1,532.00","15,320.00"
2021-01-18,2021011803021965,NRIC,29,14,150,"1,532.00","229,800.00"
2021-01-18,2021011803021951,NRIC,33,17,70,"1,531.00","107,170.00"
2021-01-18,2021011803022017,NRIC,20,49,50,"1,532.00","76,600.00"
2021-01-18,2021011803022016,NRIC,20,42,10,"1,532.00","15,320.00"
2021-01-18,2021011803022015,NRIC,20,32,130,"1,532.00","199,160.00"
2021-01-18,2021011803021987,NRIC,38,32,370,"1,532.00","566,840.00"
2021-01-18,2021011803021986,NRIC,38,14,30,"1,532.00","45,960.00"
2021-01-18,2021011803021971,NRIC,33,48,70,"1,531.00","107,170.00"
2021-01-18,2021011803022079,NRIC,20,45,260,"1,532.00","398,320.00"
2021-01-18,2021011803022046,NRIC,20,48,50,"1,532.00","76,600.00"
2021-01-18,2021011803022043,NRIC,20,28,20,"1,532.00","30,640.00"
2021-01-18,2021011803022027,NRIC,20,21,50,"1,532.00","76,600.00"
2021-01-18,2021011803022023,NRIC,20,50,20,"1,532.00","30,640.00"
2021-01-18,2021011803022018,NRIC,20,45,"1,000","1,532.00","1,532,000.00"
2021-01-18,2021011803022178,NRIC,8,34,10,"1,532.00","15,320.00"
2021-01-18,2021011803022177,NRIC,25,34,160,"1,532.00","245,120.00"
2021-01-18,2021011803022122,NRIC,25,28,10,"1,532.00","15,320.00"
2021-01-18,2021011803022116,NRIC,25,45,330,"1,532.00","505,560.00"
2021-01-18,2021011803022081,NRIC,33,45,690,"1,531.00","1,056,390.00"
2021-01-18,2021011803022080,NRIC,6,45,50,"1,532.00","76,600.00"
2021-01-18,2021011803022265,NRIC,16,46,300,"1,532.00","459,600.00"
2021-01-18,2021011803022217,NRIC,16,40,200,"1,532.00","306,400.00"
2021-01-18,2021011803022197,NRIC,53,55,50,"1,533.00","76,650.00"
2021-01-18,2021011803022191,NRIC,33,53,230,"1,531.00","352,130.00"
2021-01-18,2021011803022190,NRIC,32,53,70,"1,532.00","107,240.00"
2021-01-18,2021011803022179,NRIC,32,34,30,"1,532.00","45,960.00"
2021-01-18,2021011803022352,NRIC,5,38,20,"1,532.00","30,640.00"
2021-01-18,2021011803022351,NRIC,14,38,20,"1,532.00","30,640.00"
2021-01-18,2021011803022312,NRIC,51,59,35,"1,533.00","53,655.00"
2021-01-18,2021011803022311,NRIC,51,55,40,"1,533.00","61,320.00"
2021-01-18,2021011803022304,NRIC,14,46,480,"1,532.00","735,360.00"
2021-01-18,2021011803022291,NRIC,25,46,20,"1,532.00","30,640.00"
2021-01-18,2021011803022327,NRN,28,29,152,370.00,"56,240.00"
2021-01-18,2021011803022326,NRN,28,26,10,370.00,"3,700.00"
2021-01-18,2021011803022325,NRN,28,42,10,370.00,"3,700.00"
2021-01-18,2021011803022324,NRN,28,4,50,369.00,"18,450.00"
2021-01-18,2021011803022323,NRN,28,14,200,369.00,"73,800.00"
2021-01-18,2021011803022322,NRN,28,14,492,369.00,"181,548.00"
2021-01-18,2021011803022060,NRN,35,3,16,369.00,"5,904.00"
2021-01-18,2021011803022059,NRN,35,6,10,368.00,"3,680.00"
2021-01-18,2021011803022058,NRN,35,34,10,368.00,"3,680.00"
2021-01-18,2021011803022057,NRN,35,55,10,367.00,"3,670.00"
2021-01-18,2021011803022056,NRN,35,34,10,367.00,"3,670.00"
2021-01-18,2021011803022321,NRN,28,49,10,369.00,"3,690.00"
2021-01-18,2021011803022320,NRN,28,58,10,369.00,"3,690.00"
2021-01-18,2021011803022319,NRN,28,39,66,369.00,"24,354.00"
2021-01-18,2021011803022287,NRN,45,45,10,366.00,"3,660.00"
2021-01-18,2021011803022062,NRN,35,39,234,369.00,"86,346.00"
2021-01-18,2021011803022061,NRN,35,13,10,369.00,"3,690.00"
2021-01-18,2021011803022428,NTC,34,50,30,"1,355.00","40,650.00"
2021-01-18,2021011803022392,NTC,16,59,500,"1,356.00","678,000.00"
2021-01-18,2021011803022381,NTC,41,54,50,"1,358.00","67,900.00"
2021-01-18,2021011803022380,NTC,41,58,50,"1,358.00","67,900.00"
2021-01-18,2021011803022367,NTC,34,35,20,"1,355.00","27,100.00"
2021-01-18,2021011803022366,NTC,17,35,440,"1,355.00","596,200.00"
2021-01-18,2021011803022029,NTC,1,21,20,"1,355.00","27,100.00"
2021-01-18,2021011803021968,NTC,1,38,280,"1,355.00","379,400.00"
2021-01-18,2021011803021967,NTC,46,38,50,"1,355.00","67,750.00"
2021-01-18,2021011803021966,NTC,36,38,70,"1,355.00","94,850.00"
2021-01-18,2021011803022066,NTC,39,51,200,"1,356.00","271,200.00"
2021-01-18,2021011803022065,NTC,39,45,50,"1,356.00","67,800.00"
2021-01-18,2021011803022064,NTC,39,55,15,"1,356.00","20,340.00"
2021-01-18,2021011803022063,NTC,39,37,80,"1,356.00","108,480.00"
2021-01-18,2021011803022031,NTC,34,21,60,"1,355.00","81,300.00"
2021-01-18,2021011803022030,NTC,34,21,20,"1,355.00","27,100.00"
2021-01-18,2021011803022088,NTC,41,19,40,"1,354.00","54,160.00"
2021-01-18,2021011803022087,NTC,25,19,70,"1,355.00","94,850.00"
2021-01-18,2021011803022086,NTC,34,19,90,"1,355.00","121,950.00"
2021-01-18,2021011803022069,NTC,39,58,440,"1,358.00","597,520.00"
2021-01-18,2021011803022068,NTC,39,1,200,"1,358.00","271,600.00"
2021-01-18,2021011803022067,NTC,39,42,15,"1,357.00","20,355.00"
2021-01-18,2021011803022181,NTC,1,48,90,"1,354.00","121,860.00"
2021-01-18,2021011803022180,NTC,41,48,160,"1,354.00","216,640.00"
2021-01-18,2021011803022150,NTC,25,25,50,"1,355.00","67,750.00"
2021-01-18,2021011803022145,NTC,19,25,100,"1,355.00","135,500.00"
2021-01-18,2021011803022131,NTC,44,25,30,"1,355.00","40,650.00"
2021-01-18,2021011803022127,NTC,33,25,200,"1,355.00","271,000.00"
2021-01-18,2021011803022275,NTC,1,58,10,"1,358.00","13,580.00"
2021-01-18,2021011803022253,NTC,7,57,20,"1,357.00","27,140.00"
2021-01-18,2021011803022206,NTC,17,25,120,"1,355.00","162,600.00"
2021-01-18,2021011803022199,NTC,7,21,30,"1,354.00","40,620.00"
2021-01-18,2021011803022198,NTC,7,48,10,"1,354.00","13,540.00"
2021-01-18,2021011803022196,NTC,42,48,40,"1,354.00","54,160.00"
2021-01-18,2021011803022334,NUBL,22,34,50,"1,501.00","75,050.00"
2021-01-18,2021011803022281,NUBL,50,48,100,"1,500.00","150,000.00"
2021-01-18,2021011803022215,NUBL,52,50,20,"1,500.00","30,000.00"
2021-01-18,2021011803022214,NUBL,52,25,150,"1,500.00","225,000.00"
2021-01-18,2021011803022213,NUBL,52,47,50,"1,500.00","75,000.00"
2021-01-18,2021011803022400,OHL,35,28,90,504.00,"45,360.00"
2021-01-18,2021011803022399,OHL,35,48,10,504.00,"5,040.00"
2021-01-18,2021011803022338,PFL,19,18,12,217.00,"2,604.00"
2021-01-18,2021011803022286,PFL,19,18,12,217.00,"2,604.00"
2021-01-18,2021011803022407,PLIC,25,13,10,830.00,"8,300.00"
2021-01-18,2021011803022406,PLIC,25,49,100,830.00,"83,000.00"
2021-01-18,2021011803022405,PLIC,25,13,200,830.00,"166,000.00"
2021-01-18,2021011803022404,PLIC,25,49,390,830.00,"323,700.00"
2021-01-18,2021011803022342,PLIC,39,49,110,830.00,"91,300.00"
2021-01-18,2021011803022341,PLIC,39,51,20,830.00,"16,600.00"
2021-01-18,2021011803022039,PLIC,10,58,35,829.00,"29,015.00"
2021-01-18,2021011803022340,PLIC,39,41,70,830.00,"58,100.00"
2021-01-18,2021011803022315,PLIC,28,59,20,828.00,"16,560.00"
2021-01-18,2021011803022314,PLIC,11,59,130,828.00,"107,640.00"
2021-01-18,2021011803022313,PLIC,57,59,50,828.00,"41,400.00"
2021-01-18,2021011803022248,PLIC,41,25,200,829.00,"165,800.00"
2021-01-18,2021011803022247,PLIC,41,58,65,829.00,"53,885.00"
2021-01-18,2021011803022258,RLFL,44,41,137,195.00,"26,715.00"
2021-01-18,2021011803022257,RLFL,33,41,25,195.00,"4,875.00"
2021-01-18,2021011803022329,RLI,16,34,10,634.00,"6,340.00"
2021-01-18,2021011803022285,RLI,16,16,100,634.00,"63,400.00"
2021-01-18,2021011803022284,RLI,16,41,70,634.00,"44,380.00"
2021-01-18,2021011803022256,RLI,59,38,10,633.00,"6,330.00"
2021-01-18,2021011803022252,RLI,37,41,100,634.00,"63,400.00"
2021-01-18,2021011803022221,RLI,59,55,10,633.00,"6,330.00"
2021-01-18,2021011803021997,RLI,59,34,10,633.00,"6,330.00"
2021-01-18,2021011803022158,RLI,59,49,10,633.00,"6,330.00"
2021-01-18,2021011803022155,RLI,45,41,30,634.00,"19,020.00"
2021-01-18,2021011803022154,RLI,45,47,10,634.00,"6,340.00"
2021-01-18,2021011803022153,RLI,45,4,10,634.00,"6,340.00"
2021-01-18,2021011803022144,RLI,59,13,30,633.00,"18,990.00"
2021-01-18,2021011803022009,RLI,59,17,10,633.00,"6,330.00"
2021-01-18,2021011803022168,RMDC,35,41,200,"1,200.00","240,000.00"
2021-01-18,2021011803022077,RMDC,8,6,440,"1,205.00","530,200.00"
2021-01-18,2021011803022076,RMDC,8,14,50,"1,204.00","60,200.00"
2021-01-18,2021011803022075,RMDC,8,6,500,"1,203.00","601,500.00"
2021-01-18,2021011803022074,RMDC,8,53,10,"1,202.00","12,020.00"
2021-01-18,2021011803022073,RMDC,37,53,300,"1,201.00","360,300.00"
2021-01-18,2021011803022293,RSDC,47,47,95,703.00,"66,785.00"
2021-01-18,2021011803022236,RSDC,58,16,25,700.00,"17,500.00"
2021-01-18,2021011803022235,RSDC,35,16,20,700.00,"14,000.00"
2021-01-18,2021011803022234,RSDC,47,16,300,700.00,"210,000.00"
2021-01-18,2021011803022233,RSDC,39,16,491,700.00,"343,700.00"
2021-01-18,2021011803022232,RSDC,32,16,50,701.00,"35,050.00"
2021-01-18,2021011803022231,RSDC,51,16,269,701.00,"188,569.00"
2021-01-18,2021011803022230,RSDC,32,16,50,702.00,"35,100.00"
2021-01-18,2021011803022364,SABSL,49,44,25,"1,250.00","31,250.00"
2021-01-18,2021011803022152,SABSL,11,44,40,"1,250.00","50,000.00"
2021-01-18,2021011803022151,SABSL,49,44,25,"1,250.00","31,250.00"
2021-01-18,2021011803022041,SABSL,18,39,11,"1,245.00","13,695.00"
2021-01-18,2021011803022040,SABSL,18,38,22,"1,244.00","27,368.00"
2021-01-18,2021011803022384,SADBL,28,26,200,213.00,"42,600.00"
2021-01-18,2021011803022350,SADBL,1,57,100,212.00,"21,200.00"
2021-01-18,2021011803022349,SADBL,45,57,100,212.00,"21,200.00"
2021-01-18,2021011803022348,SADBL,51,57,50,212.00,"10,600.00"
2021-01-18,2021011803022347,SADBL,52,57,100,212.00,"21,200.00"
2021-01-18,2021011803022346,SADBL,54,57,150,212.00,"31,800.00"
2021-01-18,2021011803022156,SAEF,7,41,300,12.66,"3,798.00"
2021-01-18,2021011803022142,SDLBSL,8,51,200,"1,232.00","246,400.00"
2021-01-18,2021011803022141,SDLBSL,8,17,10,"1,230.00","12,300.00"
2021-01-18,2021011803022140,SDLBSL,8,45,10,"1,230.00","12,300.00"
2021-01-18,2021011803022139,SDLBSL,8,1,50,"1,230.00","61,500.00"
2021-01-18,2021011803022138,SDLBSL,8,44,20,"1,230.00","24,600.00"
2021-01-18,2021011803022137,SDLBSL,8,49,10,"1,230.00","12,300.00"
2021-01-18,2021011803022136,SDLBSL,8,21,10,"1,230.00","12,300.00"
2021-01-18,2021011803022135,SDLBSL,8,35,10,"1,230.00","12,300.00"
2021-01-18,2021011803022134,SDLBSL,8,4,50,"1,230.00","61,500.00"
2021-01-18,2021011803022111,SDLBSL,51,8,10,"1,216.00","12,160.00"
2021-01-18,2021011803022382,SFCL,14,1,22,165.00,"3,630.00"
2021-01-18,2021011803022365,SFCL,48,1,178,165.00,"29,370.00"
2021-01-18,2021011803022280,SFCL,48,50,300,165.00,"49,500.00"
2021-01-18,2021011803022279,SFCL,48,46,275,165.00,"45,375.00"
2021-01-18,2021011803022278,SFCL,48,17,10,165.00,"1,650.00"
2021-01-18,2021011803022277,SFCL,48,59,200,165.00,"33,000.00"
2021-01-18,2021011803022276,SFCL,48,34,37,165.00,"6,105.00"
2021-01-18,2021011803022237,SFCL,42,34,100,165.00,"16,500.00"
2021-01-18,2021011803022161,SHINE,1,57,100,275.00,"27,500.00"
2021-01-18,2021011803022097,SHINE,44,57,200,275.00,"55,000.00"
2021-01-18,2021011803022083,SHINE,21,57,200,275.00,"55,000.00"
2021-01-18,2021011803021999,SHINE,57,47,35,274.00,"9,590.00"
2021-01-18,2021011803021998,SHINE,44,47,10,274.00,"2,740.00"
2021-01-18,2021011803022343,SHL,57,34,200,210.00,"42,000.00"
2021-01-18,2021011803022318,SHL,17,28,100,211.00,"21,100.00"
2021-01-18,2021011803022255,SHL,19,28,500,211.00,"105,500.00"
2021-01-18,2021011803022192,SKBBL,42,52,347,"1,601.00","555,547.00"
2021-01-18,2021011803022413,SLBBL,38,48,13,"1,299.00","16,887.00"
2021-01-18,2021011803022288,SLBBL,38,47,87,"1,299.00","113,013.00"
2021-01-18,2021011803022093,SLBBL,19,47,13,"1,299.00","16,887.00"
2021-01-18,2021011803022092,SLBBL,19,41,87,"1,299.00","113,013.00"
2021-01-18,2021011803022091,SLBBL,48,41,300,"1,299.00","389,700.00"
2021-01-18,2021011803022070,SLBBL,6,35,100,"1,298.00","129,800.00"
2021-01-18,2021011803021989,SLBBL,1,41,186,"1,299.00","241,614.00"
2021-01-18,2021011803021988,SLBBL,1,43,14,"1,298.00","18,172.00"
2021-01-18,2021011803021962,SLBBL,1,43,100,"1,298.00","129,800.00"
2021-01-18,2021011803021961,SLBBL,1,38,200,"1,298.00","259,600.00"
2021-01-18,2021011803021960,SLBBL,6,43,11,"1,298.00","14,278.00"
2021-01-18,2021011803021959,SLBBL,6,34,89,"1,298.00","115,522.00"
2021-01-18,2021011803022251,SLBS,32,51,21,"1,430.00","30,030.00"
2021-01-18,2021011803022250,SLBS,38,51,10,"1,431.00","14,310.00"
2021-01-18,2021011803022249,SLBS,42,51,69,"1,435.00","99,015.00"
2021-01-18,2021011803022084,SLBS,49,50,79,"1,435.00","113,365.00"
2021-01-18,2021011803021947,SLBSL,38,38,20,"1,249.00","24,980.00"
2021-01-18,2021011803021946,SLBSL,38,38,10,"1,249.00","12,490.00"
2021-01-18,2021011803021945,SLBSL,33,38,400,"1,249.00","499,600.00"
2021-01-18,2021011803021944,SLBSL,6,38,200,"1,249.00","249,800.00"
2021-01-18,2021011803021943,SLBSL,43,38,50,"1,249.00","62,450.00"
2021-01-18,2021011803021942,SLBSL,5,38,100,"1,249.00","124,900.00"
2021-01-18,2021011803022437,SLICL,56,19,11,820.00,"9,020.00"
2021-01-18,2021011803022290,SLICL,48,4,500,818.00,"409,000.00"
2021-01-18,2021011803022238,SLICL,48,10,50,818.00,"40,900.00"
2021-01-18,2021011803022205,SLICL,46,10,413,820.00,"338,660.00"
2021-01-18,2021011803022176,SLICL,46,42,237,820.00,"194,340.00"
2021-01-18,2021011803022175,SLICL,46,45,50,820.00,"41,000.00"
2021-01-18,2021011803022054,SLICL,48,10,559,818.00,"457,262.00"
2021-01-18,2021011803022044,SLICL,6,10,500,818.00,"409,000.00"
2021-01-18,2021011803022026,SLICL,41,10,10,819.00,"8,190.00"
2021-01-18,2021011803022025,SLICL,48,10,610,819.00,"499,590.00"
2021-01-18,2021011803022123,SLICL,48,10,400,817.00,"326,800.00"
2021-01-18,2021011803022121,SLICL,35,10,59,817.00,"48,203.00"
2021-01-18,2021011803022120,SLICL,40,10,100,819.00,"81,900.00"
2021-01-18,2021011803022115,SLICL,49,32,13,823.00,"10,699.00"
2021-01-18,2021011803022114,SLICL,49,6,87,823.00,"71,601.00"
2021-01-18,2021011803022099,SLICL,48,10,441,818.00,"360,738.00"
2021-01-18,2021011803022160,SMB,16,41,11,"1,350.00","14,850.00"
2021-01-18,2021011803022042,SMB,34,13,11,"1,350.00","14,850.00"
2021-01-18,2021011803022128,SMFDB,55,4,60,"1,160.00","69,600.00"
2021-01-18,2021011803022369,SNLB,46,38,57,"1,200.00","68,400.00"
2021-01-18,2021011803021975,SNLB,16,56,86,"1,195.00","102,770.00"
2021-01-18,2021011803021974,SNLB,45,56,14,"1,195.00","16,730.00"
2021-01-18,2021011803021958,SNLB,45,38,100,"1,195.00","119,500.00"
2021-01-18,2021011803022071,SWBBL,45,44,104,"1,825.00","189,800.00"
2021-01-18,2021011803021973,TRH,53,56,100,334.00,"33,400.00"
2021-01-18,2021011803022020,UFL,7,43,270,321.00,"86,670.00"
2021-01-18,2021011803022019,UFL,58,43,30,321.00,"9,630.00"
2021-01-18,2021011803022362,VLBS,48,55,59,"1,235.00","72,865.00"
2021-01-18,2021011803022361,VLBS,51,55,10,"1,238.00","12,380.00"
2021-01-18,2021011803022282,VLBS,48,20,100,"1,235.00","123,500.00"
2021-01-18,2021011803022000,VLBS,48,20,50,"1,235.00","61,750.00"
2021-01-18,2021011803021873,ACLBSL,6,26,100,"1,304.00","130,400.00"
2021-01-18,2021011803021797,ACLBSL,6,42,10,"1,304.00","13,040.00"
2021-01-18,2021011803021829,ALBSL,33,42,10,"1,303.00","13,030.00"
2021-01-18,2021011803021820,ALBSL,33,17,11,"1,303.00","14,333.00"
2021-01-18,2021011803021596,ALBSL,22,45,229,"1,310.00","299,990.00"
2021-01-18,2021011803021595,ALBSL,22,6,11,"1,310.00","14,410.00"
2021-01-18,2021011803021594,ALBSL,22,34,10,"1,310.00","13,100.00"
2021-01-18,2021011803021593,ALBSL,22,45,31,"1,310.00","40,610.00"
2021-01-18,2021011803021592,ALBSL,22,18,11,"1,309.00","14,399.00"
2021-01-18,2021011803021591,ALBSL,22,14,14,"1,308.00","18,312.00"
2021-01-18,2021011803021767,ALICL,39,50,140,"1,110.00","155,400.00"
2021-01-18,2021011803021766,ALICL,38,50,100,"1,110.00","111,000.00"
2021-01-18,2021011803021765,ALICL,57,50,35,"1,110.00","38,850.00"
2021-01-18,2021011803021764,ALICL,51,50,25,"1,110.00","27,750.00"
2021-01-18,2021011803021550,BBC,25,43,40,"3,085.00","123,400.00"
2021-01-18,2021011803021605,BFC,5,26,200,155.00,"31,000.00"
2021-01-18,2021011803021604,BFC,5,13,200,154.00,"30,800.00"
2021-01-18,2021011803021603,BFC,5,7,100,154.00,"15,400.00"
2021-01-18,2021011803021819,CBBL,50,6,10,"1,394.00","13,940.00"
2021-01-18,2021011803021777,CBBL,17,28,100,"1,390.00","139,000.00"
2021-01-18,2021011803021552,CBBL,17,10,500,"1,390.00","695,000.00"
2021-01-18,2021011803021903,CIT,22,35,50,"3,480.00","174,000.00"
2021-01-18,2021011803021807,CIT,22,41,10,"3,480.00","34,800.00"
2021-01-18,2021011803021669,CIT,6,5,53,"3,480.00","184,440.00"
2021-01-18,2021011803021668,CIT,6,7,100,"3,480.00","348,000.00"
2021-01-18,2021011803021667,CIT,6,57,54,"3,480.00","187,920.00"
2021-01-18,2021011803021666,CIT,6,55,19,"3,480.00","66,120.00"
2021-01-18,2021011803021665,CIT,6,5,50,"3,480.00","174,000.00"
2021-01-18,2021011803021664,CIT,6,45,10,"3,478.00","34,780.00"
2021-01-18,2021011803021810,CLBSL,44,38,11,968.00,"10,648.00"
2021-01-18,2021011803021705,DDBL,53,45,20,"1,675.00","33,500.00"
2021-01-18,2021011803021647,DDBL,53,45,60,"1,675.00","100,500.00"
2021-01-18,2021011803021587,DDBL,19,45,40,"1,675.00","67,000.00"
2021-01-18,2021011803021586,DDBL,19,5,110,"1,675.00","184,250.00"
2021-01-18,2021011803021544,EDBL,33,52,31,398.00,"12,338.00"
2021-01-18,2021011803021874,FMDBL,3,51,300,699.00,"209,700.00"
2021-01-18,2021011803021728,FMDBL,3,1,105,699.00,"73,395.00"
2021-01-18,2021011803021704,FMDBL,3,59,10,699.00,"6,990.00"
2021-01-18,2021011803021661,FMDBL,3,57,500,699.00,"349,500.00"
2021-01-18,2021011803021567,FMDBL,3,50,200,699.00,"139,800.00"
2021-01-18,2021011803021514,FMDBL,50,44,21,700.00,"14,700.00"
2021-01-18,2021011803021513,FMDBL,50,35,179,699.00,"125,121.00"
2021-01-18,2021011803021455,FMDBL,38,35,71,699.00,"49,629.00"
2021-01-18,2021011803021878,FOWAD,16,57,20,"2,396.00","47,920.00"
2021-01-18,2021011803021877,FOWAD,58,57,10,"2,398.00","23,980.00"
2021-01-18,2021011803021898,GBBL,52,41,82,362.00,"29,684.00"
2021-01-18,2021011803021897,GBBL,49,41,40,362.00,"14,480.00"
2021-01-18,2021011803021896,GBBL,43,41,250,362.00,"90,500.00"
2021-01-18,2021011803021895,GBBL,44,41,100,363.00,"36,300.00"
2021-01-18,2021011803021894,GBBL,42,41,50,363.00,"18,150.00"
2021-01-18,2021011803021893,GBBL,44,41,11,363.00,"3,993.00"
2021-01-18,2021011803021461,GBBL,51,44,"3,000",365.00,"1,095,000.00"
2021-01-18,2021011803021460,GBBL,14,44,150,365.00,"54,750.00"
2021-01-18,2021011803021515,GBBL,26,20,"1,000",364.00,"364,000.00"
2021-01-18,2021011803021474,GBBL,53,6,100,365.00,"36,500.00"
2021-01-18,2021011803021473,GBBL,56,6,100,365.00,"36,500.00"
2021-01-18,2021011803021464,GBBL,59,44,500,365.00,"182,500.00"
2021-01-18,2021011803021463,GBBL,49,44,50,365.00,"18,250.00"
2021-01-18,2021011803021462,GBBL,29,44,300,365.00,"109,500.00"
2021-01-18,2021011803021683,GBBL,58,6,115,364.00,"41,860.00"
2021-01-18,2021011803021655,GBBL,58,6,150,364.00,"54,600.00"
2021-01-18,2021011803021638,GBBL,58,6,150,364.00,"54,600.00"
2021-01-18,2021011803021617,GBBL,58,6,85,364.00,"30,940.00"
2021-01-18,2021011803021616,GBBL,58,6,65,364.00,"23,660.00"
