Date,Transact. No.,Symbol,Buyer,Seller,Quantity,Rate,Amount
2020-09-09,2020090901029005,ADBL,43,55,74,423.00,"31,302.00"
2020-09-09,2020090901028835,ADBL,43,49,30,423.00,"12,690.00"
2020-09-09,2020090901028834,ADBL,43,5,280,423.00,"118,440.00"
2020-09-09,2020090901028833,ADBL,43,57,116,423.00,"49,068.00"
2020-09-09,2020090901028665,ADBL,57,5,20,423.00,"8,460.00"
2020-09-09,2020090901029065,AIL,59,36,45,517.00,"23,265.00"
2020-09-09,2020090901028733,AIL,13,58,10,516.00,"5,160.00"
2020-09-09,2020090901028940,AKJCL,1,48,87,66.00,"5,742.00"
2020-09-09,2020090901028939,AKJCL,1,38,100,66.00,"6,600.00"
2020-09-09,2020090901028938,AKJCL,1,48,100,66.00,"6,600.00"
2020-09-09,2020090901028937,AKJCL,1,38,100,66.00,"6,600.00"
2020-09-09,2020090901028936,AKJCL,1,25,13,66.00,858.00
2020-09-09,2020090901029046,AKPL,52,44,150,161.00,"24,150.00"
2020-09-09,2020090901028798,AKPL,52,22,30,161.00,"4,830.00"
2020-09-09,2020090901028797,AKPL,58,22,70,161.00,"11,270.00"
2020-09-09,2020090901028796,AKPL,57,22,100,161.00,"16,100.00"
2020-09-09,2020090901028795,AKPL,39,22,300,161.00,"48,300.00"
2020-09-09,2020090901028794,AKPL,6,22,200,161.00,"32,200.00"
2020-09-09,2020090901028793,AKPL,56,22,500,161.00,"80,500.00"
2020-09-09,2020090901028895,ALBSL,28,22,21,968.00,"20,328.00"
2020-09-09,2020090901028894,ALBSL,28,19,11,961.00,"10,571.00"
2020-09-09,2020090901028789,ALBSL,52,50,34,960.00,"32,640.00"
2020-09-09,2020090901028788,ALBSL,19,50,66,960.00,"63,360.00"
2020-09-09,2020090901028929,ALICL,6,38,150,733.00,"109,950.00"
2020-09-09,2020090901028890,ALICL,6,6,100,733.00,"73,300.00"
2020-09-09,2020090901029086,API,29,21,100,128.00,"12,800.00"
2020-09-09,2020090901029056,BFC,47,44,20,106.00,"2,120.00"
2020-09-09,2020090901028882,BOKL,32,1,200,231.00,"46,200.00"
2020-09-09,2020090901029069,BPCL,11,39,23,386.00,"8,878.00"
2020-09-09,2020090901028657,CBBL,10,34,64,"1,118.00","71,552.00"
2020-09-09,2020090901028629,CBL,43,39,10,146.00,"1,460.00"
2020-09-09,2020090901028780,CHCL,39,35,500,466.00,"233,000.00"
2020-09-09,2020090901028779,CHCL,39,42,200,466.00,"93,200.00"
2020-09-09,2020090901028778,CHCL,39,22,100,466.00,"46,600.00"
2020-09-09,2020090901028777,CHCL,39,45,"1,500",466.00,"699,000.00"
2020-09-09,2020090901028776,CHCL,39,54,280,466.00,"130,480.00"
2020-09-09,2020090901029115,CHL,56,49,200,104.00,"20,800.00"
2020-09-09,2020090901028978,CIT,8,4,126,"3,632.00","457,632.00"
2020-09-09,2020090901028977,CIT,8,58,44,"3,632.00","159,808.00"
2020-09-09,2020090901028976,CIT,8,7,80,"3,631.00","290,480.00"
2020-09-09,2020090901028933,CIT,49,13,99,"3,631.00","359,469.00"
2020-09-09,2020090901028932,CIT,49,7,21,"3,631.00","76,251.00"
2020-09-09,2020090901028928,CIT,8,33,50,"3,630.00","181,500.00"
2020-09-09,2020090901028802,CIT,16,35,20,"3,631.00","72,620.00"
2020-09-09,2020090901028755,CIT,8,37,170,"3,630.00","617,100.00"
2020-09-09,2020090901028754,CIT,26,37,30,"3,630.00","108,900.00"
2020-09-09,2020090901028712,CIT,45,11,10,"3,630.00","36,300.00"
2020-09-09,2020090901028848,CORBL,34,46,50,132.00,"6,600.00"
2020-09-09,2020090901029064,CZBIL,21,11,20,194.00,"3,880.00"
2020-09-09,2020090901028816,CZBIL,18,26,37,193.00,"7,141.00"
2020-09-09,2020090901029016,DDBL,35,19,70,886.00,"62,020.00"
2020-09-09,2020090901028966,DDBL,47,14,100,887.00,"88,700.00"
2020-09-09,2020090901028965,DDBL,36,14,50,887.00,"44,350.00"
2020-09-09,2020090901028930,DDBL,35,49,30,886.00,"26,580.00"
2020-09-09,2020090901028927,DDBL,28,14,200,887.00,"177,400.00"
2020-09-09,2020090901028660,DDBL,16,48,100,886.00,"88,600.00"
2020-09-09,2020090901028659,DDBL,16,49,14,886.00,"12,404.00"
2020-09-09,2020090901028667,EBL,20,42,100,723.00,"72,300.00"
2020-09-09,2020090901028752,EDBL,53,52,10,306.00,"3,060.00"
2020-09-09,2020090901028751,EIC,45,18,190,504.00,"95,760.00"
2020-09-09,2020090901028750,EIC,45,54,10,504.00,"5,040.00"
2020-09-09,2020090901029111,FMDBL,35,45,90,583.00,"52,470.00"
2020-09-09,2020090901028842,FMDBL,34,45,10,583.00,"5,830.00"
2020-09-09,2020090901028841,FOWAD,45,21,19,"1,605.00","30,495.00"
2020-09-09,2020090901028689,FOWAD,45,35,20,"1,605.00","32,100.00"
2020-09-09,2020090901028685,FOWAD,45,16,10,"1,605.00","16,050.00"
2020-09-09,2020090901028684,FOWAD,45,11,15,"1,605.00","24,075.00"
2020-09-09,2020090901028683,FOWAD,45,35,49,"1,605.00","78,645.00"
2020-09-09,2020090901028682,FOWAD,45,3,49,"1,605.00","78,645.00"
2020-09-09,2020090901028924,GBIME,48,1,51,260.00,"13,260.00"
2020-09-09,2020090901028849,GBIME,36,1,200,260.00,"52,000.00"
2020-09-09,2020090901028813,GBIME,39,1,15,260.00,"3,900.00"
2020-09-09,2020090901028812,GBIME,36,1,34,260.00,"8,840.00"
2020-09-09,2020090901028811,GBIME,36,42,66,260.00,"17,160.00"
2020-09-09,2020090901028743,GBIME,33,42,50,260.00,"13,000.00"
2020-09-09,2020090901028697,GBIME,3,42,135,260.00,"35,100.00"
2020-09-09,2020090901028696,GBIME,3,28,65,260.00,"16,900.00"
2020-09-09,2020090901028973,GBLBS,40,59,15,556.00,"8,340.00"
2020-09-09,2020090901028972,GBLBS,40,32,13,556.00,"7,228.00"
2020-09-09,2020090901028769,GBLBS,34,32,12,556.00,"6,672.00"
2020-09-09,2020090901028768,GBLBS,34,56,150,556.00,"83,400.00"
2020-09-09,2020090901028767,GBLBS,34,36,483,555.00,"268,065.00"
2020-09-09,2020090901028766,GBLBS,34,44,300,554.00,"166,200.00"
2020-09-09,2020090901028765,GBLBS,34,29,55,554.00,"30,470.00"
2020-09-09,2020090901028830,GFCL,11,6,347,159.00,"55,173.00"
2020-09-09,2020090901029068,GGBSL,53,33,10,860.00,"8,600.00"
2020-09-09,2020090901029067,GGBSL,53,43,10,860.00,"8,600.00"
2020-09-09,2020090901028926,GLICL,49,17,65,594.00,"38,610.00"
2020-09-09,2020090901028892,GLICL,55,17,200,594.00,"118,800.00"
2020-09-09,2020090901028847,GLICL,34,39,100,593.00,"59,300.00"
2020-09-09,2020090901028716,GUFL,17,49,10,124.00,"1,240.00"
2020-09-09,2020090901028715,GUFL,17,57,750,123.00,"92,250.00"
2020-09-09,2020090901028714,GUFL,17,41,10,123.00,"1,230.00"
2020-09-09,2020090901029008,HBL,13,59,25,549.00,"13,725.00"
2020-09-09,2020090901028896,HBL,44,59,75,549.00,"41,175.00"
2020-09-09,2020090901029063,HDL,33,45,600,"1,827.00","1,096,200.00"
2020-09-09,2020090901029062,HDL,33,22,20,"1,825.00","36,500.00"
2020-09-09,2020090901029061,HDL,33,58,22,"1,825.00","40,150.00"
2020-09-09,2020090901028711,HDL,50,5,10,"1,823.00","18,230.00"
2020-09-09,2020090901029079,HGI,57,37,150,477.00,"71,550.00"
2020-09-09,2020090901029078,HGI,14,37,450,477.00,"214,650.00"
2020-09-09,2020090901028787,HGI,44,13,300,478.00,"143,400.00"
2020-09-09,2020090901029019,HIDCL,58,6,650,146.00,"94,900.00"
2020-09-09,2020090901028759,HURJA,36,54,100,107.00,"10,700.00"
2020-09-09,2020090901028758,HURJA,36,19,20,107.00,"2,140.00"
2020-09-09,2020090901028757,HURJA,36,35,10,107.00,"1,070.00"
2020-09-09,2020090901028864,ICFC,17,29,428,173.00,"74,044.00"
2020-09-09,2020090901029121,IGI,46,16,100,533.00,"53,300.00"
2020-09-09,2020090901028925,IGI,38,47,100,532.00,"53,200.00"
2020-09-09,2020090901029044,IGI,38,1,60,532.00,"31,920.00"
2020-09-09,2020090901029043,IGI,49,1,40,533.00,"21,320.00"
2020-09-09,2020090901029017,ILBS,46,42,11,848.00,"9,328.00"
2020-09-09,2020090901028664,ILBS,46,16,11,848.00,"9,328.00"
2020-09-09,2020090901028742,JBBL,42,41,58,170.00,"9,860.00"
2020-09-09,2020090901028741,JBBL,42,59,33,170.00,"5,610.00"
2020-09-09,2020090901028695,JSLBB,6,44,66,"1,420.00","93,720.00"
2020-09-09,2020090901028694,JSLBB,6,49,32,"1,420.00","45,440.00"
2020-09-09,2020090901028693,JSLBB,6,28,24,"1,420.00","34,080.00"
2020-09-09,2020090901028692,JSLBB,6,8,20,"1,420.00","28,400.00"
2020-09-09,2020090901029018,KBL,40,40,50,186.00,"9,300.00"
2020-09-09,2020090901028734,KBL,40,28,200,185.00,"37,000.00"
2020-09-09,2020090902000002,KBLD86,42,42,"2,000","1,050.00","2,100,000.00"
2020-09-09,2020090901028663,KKHC,45,34,10,57.00,570.00
2020-09-09,2020090901028883,KPCL,11,25,10,119.00,"1,190.00"
2020-09-09,2020090901029000,KPCL,25,25,20,119.00,"2,380.00"
2020-09-09,2020090901029073,KRBL,4,14,50,105.00,"5,250.00"
2020-09-09,2020090901028655,LBBL,45,38,318,183.00,"58,194.00"
2020-09-09,2020090901028656,LBBL,45,57,152,183.00,"27,816.00"
2020-09-09,2020090901029087,LBL,10,45,400,233.00,"93,200.00"
2020-09-09,2020090901029101,LGIL,38,48,10,524.00,"5,240.00"
2020-09-09,2020090901028809,LGIL,42,48,310,524.00,"162,440.00"
2020-09-09,2020090901028808,LGIL,42,32,100,524.00,"52,400.00"
2020-09-09,2020090901028807,LGIL,42,17,77,524.00,"40,348.00"
2020-09-09,2020090901028806,LGIL,42,45,13,523.00,"6,799.00"
2020-09-09,2020090901028658,LGIL,6,45,200,523.00,"104,600.00"
2020-09-09,2020090901028653,LGIL,7,50,16,521.00,"8,336.00"
2020-09-09,2020090901028652,LGIL,32,50,50,521.00,"26,050.00"
2020-09-09,2020090901028651,LGIL,56,50,34,521.00,"17,714.00"
2020-09-09,2020090901028805,LICN,41,40,50,"1,475.00","73,750.00"
2020-09-09,2020090901028832,MDB,17,34,30,336.00,"10,080.00"
2020-09-09,2020090901029022,MEGA,52,22,15,219.00,"3,285.00"
2020-09-09,2020090901029021,MEGA,56,22,50,219.00,"10,950.00"
2020-09-09,2020090901029020,MEGA,36,22,180,219.00,"39,420.00"
2020-09-09,2020090901028839,MEGA,29,6,191,220.00,"42,020.00"
2020-09-09,2020090901028838,MEGA,29,34,59,220.00,"12,980.00"
2020-09-09,2020090901028837,MEGA,29,14,200,220.00,"44,000.00"
2020-09-09,2020090901028814,MEGA,43,34,10,220.00,"2,200.00"
2020-09-09,2020090901029103,MERO,34,5,722,729.00,"526,338.00"
2020-09-09,2020090901029102,MERO,34,6,478,727.00,"347,506.00"
2020-09-09,2020090901028981,MERO,40,6,500,727.00,"363,500.00"
2020-09-09,2020090901028942,MERO,57,6,500,727.00,"363,500.00"
2020-09-09,2020090901028941,MERO,40,6,22,728.00,"16,016.00"
2020-09-09,2020090901028935,MERO,28,5,49,729.00,"35,721.00"
2020-09-09,2020090901028698,MERO,40,34,20,727.00,"14,540.00"
2020-09-09,2020090901028934,MERO,28,38,51,729.00,"37,179.00"
2020-09-09,2020090901028700,MERO,40,35,50,728.00,"36,400.00"
2020-09-09,2020090901028699,MERO,40,19,158,727.00,"114,866.00"
2020-09-09,2020090901028982,MLBBL,58,45,50,795.00,"39,750.00"
2020-09-09,2020090901028909,MNBBL,35,20,198,320.00,"63,360.00"
2020-09-09,2020090901028908,MNBBL,17,20,200,320.00,"64,000.00"
2020-09-09,2020090901028907,MNBBL,6,20,10,320.00,"3,200.00"
2020-09-09,2020090901028906,MNBBL,10,20,800,320.00,"256,000.00"
2020-09-09,2020090901028905,MNBBL,29,20,81,320.00,"25,920.00"
2020-09-09,2020090901028904,MNBBL,48,20,501,320.00,"160,320.00"
2020-09-09,2020090901028869,MNBBL,38,1,200,321.00,"64,200.00"
2020-09-09,2020090901028868,MNBBL,43,1,150,321.00,"48,150.00"
2020-09-09,2020090901028867,MNBBL,49,1,100,321.00,"32,100.00"
2020-09-09,2020090901028866,MNBBL,57,1,10,321.00,"3,210.00"
2020-09-09,2020090901028828,MNBBL,44,34,200,322.00,"64,400.00"
2020-09-09,2020090901028875,MNBBL,25,1,100,320.00,"32,000.00"
2020-09-09,2020090901028874,MNBBL,34,1,250,320.00,"80,000.00"
2020-09-09,2020090901028873,MNBBL,17,1,250,321.00,"80,250.00"
2020-09-09,2020090901028872,MNBBL,32,1,500,321.00,"160,500.00"
2020-09-09,2020090901028871,MNBBL,50,1,100,321.00,"32,100.00"
2020-09-09,2020090901028870,MNBBL,47,1,195,321.00,"62,595.00"
2020-09-09,2020090901028881,MNBBL,29,1,419,320.00,"134,080.00"
2020-09-09,2020090901028880,MNBBL,48,1,100,320.00,"32,000.00"
2020-09-09,2020090901028879,MNBBL,48,1,100,320.00,"32,000.00"
2020-09-09,2020090901028878,MNBBL,41,1,30,320.00,"9,600.00"
2020-09-09,2020090901028877,MNBBL,53,1,200,320.00,"64,000.00"
2020-09-09,2020090901028876,MNBBL,41,1,100,320.00,"32,000.00"
2020-09-09,2020090901029084,NABIL,6,56,155,844.00,"130,820.00"
2020-09-09,2020090901028650,NABIL,22,56,182,844.00,"153,608.00"
2020-09-09,2020090901028649,NABIL,22,10,300,844.00,"253,200.00"
2020-09-09,2020090901028648,NABIL,22,28,"1,340",844.00,"1,130,960.00"
2020-09-09,2020090901028897,NADEP,21,44,23,700.00,"16,100.00"
2020-09-09,2020090901028628,NADEP,10,58,14,708.00,"9,912.00"
2020-09-09,2020090901028627,NADEP,10,11,11,708.00,"7,788.00"
2020-09-09,2020090901028626,NADEP,10,47,20,707.00,"14,140.00"
2020-09-09,2020090901029047,NBF2,20,58,400,10.25,"4,100.00"
2020-09-09,2020090901029042,NBF2,48,58,"1,000",10.25,"10,250.00"
2020-09-09,2020090901029117,NBL,33,47,49,301.00,"14,749.00"
2020-09-09,2020090901029116,NBL,33,57,51,301.00,"15,351.00"
2020-09-09,2020090901029040,NBL,39,39,100,300.00,"30,000.00"
2020-09-09,2020090901028725,NBL,44,57,100,301.00,"30,100.00"
2020-09-09,2020090901028691,NBL,39,55,163,300.00,"48,900.00"
2020-09-09,2020090901028690,NBL,49,55,337,300.00,"101,100.00"
2020-09-09,2020090901028946,NCCB,33,6,50,197.00,"9,850.00"
2020-09-09,2020090901029070,NEF,6,26,"10,000",9.39,"93,900.00"
2020-09-09,2020090901028770,NEF,6,19,"11,264",9.38,"105,656.00"
2020-09-09,2020090901028645,NIB,5,58,334,417.00,"139,278.00"
2020-09-09,2020090901028644,NIB,8,58,397,417.00,"165,549.00"
2020-09-09,2020090901028643,NIB,6,58,126,417.00,"52,542.00"
2020-09-09,2020090901028642,NIB,52,58,72,417.00,"30,024.00"
2020-09-09,2020090901028641,NIB,47,58,200,417.00,"83,400.00"
2020-09-09,2020090901028640,NIB,57,58,69,417.00,"28,773.00"
2020-09-09,2020090901028633,NIB,17,58,200,418.00,"83,600.00"
2020-09-09,2020090901028632,NIB,42,58,313,418.00,"130,834.00"
2020-09-09,2020090901028639,NIB,7,58,100,418.00,"41,800.00"
2020-09-09,2020090901028638,NIB,49,58,20,418.00,"8,360.00"
2020-09-09,2020090901028637,NIB,1,58,19,418.00,"7,942.00"
2020-09-09,2020090901028636,NIB,1,58,300,418.00,"125,400.00"
2020-09-09,2020090901028635,NIB,25,58,100,418.00,"41,800.00"
2020-09-09,2020090901028634,NIB,49,58,250,418.00,"104,500.00"
2020-09-09,2020090901028893,NICA,45,42,20,577.00,"11,540.00"
2020-09-09,2020090902000004,NICD83/84,54,32,25,"1,015.00","25,375.00"
2020-09-09,2020090902000003,NICD83/84,42,51,25,"1,020.00","25,500.00"
2020-09-09,2020090902000001,NICD83/84,42,42,10,"1,000.00","10,000.00"
2020-09-09,2020090901028975,NICL,59,44,10,547.00,"5,470.00"
2020-09-09,2020090901028829,NICL,6,38,490,546.00,"267,540.00"
2020-09-09,2020090901029054,NIL,59,43,30,828.00,"24,840.00"
2020-09-09,2020090901028999,NIL,58,54,50,828.00,"41,400.00"
2020-09-09,2020090901028845,NIL,26,32,10,827.00,"8,270.00"
2020-09-09,2020090901028844,NIL,26,45,10,827.00,"8,270.00"
2020-09-09,2020090901028735,NIL,54,45,200,827.00,"165,400.00"
2020-09-09,2020090901028688,NIL,59,47,10,828.00,"8,280.00"
2020-09-09,2020090901028647,NIL,57,48,200,829.00,"165,800.00"
2020-09-09,2020090901028746,NLBBL,58,56,25,788.00,"19,700.00"
2020-09-09,2020090901028745,NLBBL,58,28,72,788.00,"56,736.00"
2020-09-09,2020090901028744,NLBBL,58,37,100,787.00,"78,700.00"
2020-09-09,2020090901028997,NLG,49,22,100,745.00,"74,500.00"
2020-09-09,2020090901028710,NLG,49,48,50,745.00,"37,250.00"
2020-09-09,2020090901028709,NLG,49,57,80,745.00,"59,600.00"
2020-09-09,2020090901028708,NLG,49,43,50,745.00,"37,250.00"
2020-09-09,2020090901028707,NLG,49,25,100,745.00,"74,500.00"
2020-09-09,2020090901028706,NLG,49,10,50,745.00,"37,250.00"
2020-09-09,2020090901028705,NLG,49,17,33,744.00,"24,552.00"
2020-09-09,2020090901028704,NLG,49,17,33,744.00,"24,552.00"
2020-09-09,2020090901028703,NLG,49,17,33,744.00,"24,552.00"
2020-09-09,2020090901028702,NLG,49,44,500,743.00,"371,500.00"
2020-09-09,2020090901028701,NLG,49,22,200,741.00,"148,200.00"
2020-09-09,2020090901029074,NLIC,6,39,25,"1,380.00","34,500.00"
2020-09-09,2020090901028967,NLIC,6,59,173,"1,380.00","238,740.00"
2020-09-09,2020090901028790,NLIC,59,6,10,"1,381.00","13,810.00"
2020-09-09,2020090901029118,NLICL,49,48,10,780.00,"7,800.00"
2020-09-09,2020090901029002,NLICL,50,35,50,776.00,"38,800.00"
2020-09-09,2020090901029105,NMB,42,58,100,420.00,"42,000.00"
2020-09-09,2020090901029104,NMB,42,28,190,420.00,"79,800.00"
2020-09-09,2020090901029075,NMB,45,28,400,420.00,"168,000.00"
2020-09-09,2020090901029048,NMB,10,28,200,420.00,"84,000.00"
2020-09-09,2020090901029039,NMB,44,28,100,420.00,"42,000.00"
2020-09-09,2020090901028968,NMB,6,19,300,419.00,"125,700.00"
2020-09-09,2020090901028843,NMB,29,28,100,420.00,"42,000.00"
2020-09-09,2020090901028815,NMB,25,28,10,420.00,"4,200.00"
2020-09-09,2020090901028713,NMB,16,28,322,420.00,"135,240.00"
2020-09-09,2020090901028687,NMB,16,34,"1,000",420.00,"420,000.00"
2020-09-09,2020090901029110,NMBMF,58,26,433,827.00,"358,091.00"
2020-09-09,2020090901029109,NMBMF,58,34,10,826.00,"8,260.00"
2020-09-09,2020090901029108,NMBMF,58,28,500,826.00,"413,000.00"
2020-09-09,2020090901028782,NMBMF,49,55,32,825.00,"26,400.00"
2020-09-09,2020090901028661,NMBMF,58,7,50,820.00,"41,000.00"
2020-09-09,2020090901029010,NMBMF,45,7,551,825.00,"454,575.00"
2020-09-09,2020090901029009,NMBMF,45,34,10,825.00,"8,250.00"
2020-09-09,2020090901028786,NMBMF,49,45,41,825.00,"33,825.00"
2020-09-09,2020090901028785,NMBMF,49,8,30,825.00,"24,750.00"
2020-09-09,2020090901028784,NMBMF,49,25,51,825.00,"42,075.00"
2020-09-09,2020090901028783,NMBMF,49,50,50,825.00,"41,250.00"
2020-09-09,2020090901029107,NMBMF,58,21,57,826.00,"47,082.00"
2020-09-09,2020090901029015,NMBMF,45,21,231,826.00,"190,806.00"
2020-09-09,2020090901029014,NMBMF,45,55,20,826.00,"16,520.00"
2020-09-09,2020090901029013,NMBMF,45,17,20,826.00,"16,520.00"
2020-09-09,2020090901029012,NMBMF,45,43,104,826.00,"85,904.00"
2020-09-09,2020090901029011,NMBMF,45,5,64,826.00,"52,864.00"
2020-09-09,2020090901029077,NRIC,46,43,25,891.00,"22,275.00"
2020-09-09,2020090901029076,NRIC,46,29,35,891.00,"31,185.00"
2020-09-09,2020090901029060,NRIC,55,29,10,891.00,"8,910.00"
2020-09-09,2020090901028996,NRIC,55,29,55,891.00,"49,005.00"
2020-09-09,2020090901028995,NRIC,55,49,50,891.00,"44,550.00"
2020-09-09,2020090901028994,NRIC,55,56,35,891.00,"31,185.00"
2020-09-09,2020090901028673,NRIC,19,25,30,890.00,"26,700.00"
2020-09-09,2020090901028672,NRIC,34,25,10,890.00,"8,900.00"
2020-09-09,2020090901028666,NRIC,34,59,50,890.00,"44,500.00"
2020-09-09,2020090901028646,NRIC,46,10,50,891.00,"44,550.00"
2020-09-09,2020090901028631,NRIC,34,44,100,890.00,"89,000.00"
2020-09-09,2020090901028756,NRIC,49,43,20,890.00,"17,800.00"
2020-09-09,2020090901028726,NRIC,1,43,100,890.00,"89,000.00"
2020-09-09,2020090901028723,NRIC,33,43,100,890.00,"89,000.00"
2020-09-09,2020090901028722,NRIC,49,43,50,890.00,"44,500.00"
2020-09-09,2020090901028721,NRIC,56,43,40,890.00,"35,600.00"
2020-09-09,2020090901028674,NRIC,56,25,60,890.00,"53,400.00"
2020-09-09,2020090901028862,NRIC,50,26,60,890.00,"53,400.00"
2020-09-09,2020090901028853,NRIC,42,26,40,890.00,"35,600.00"
2020-09-09,2020090901028852,NRIC,42,43,60,890.00,"53,400.00"
2020-09-09,2020090901028827,NRIC,34,59,50,889.00,"44,450.00"
2020-09-09,2020090901028774,NRIC,58,43,90,890.00,"80,100.00"
2020-09-09,2020090901028764,NRIC,49,43,100,890.00,"89,000.00"
2020-09-09,2020090901028945,NRIC,38,4,50,890.00,"44,500.00"
2020-09-09,2020090901028898,NRIC,34,10,100,891.00,"89,100.00"
2020-09-09,2020090901028888,NRIC,38,38,10,890.00,"8,900.00"
2020-09-09,2020090901028887,NRIC,38,49,29,890.00,"25,810.00"
2020-09-09,2020090901028886,NRIC,38,4,40,890.00,"35,600.00"
2020-09-09,2020090901028863,NRIC,50,57,40,890.00,"35,600.00"
2020-09-09,2020090901028993,NRIC,55,37,40,891.00,"35,640.00"
2020-09-09,2020090901028992,NRIC,55,57,20,891.00,"17,820.00"
2020-09-09,2020090901028991,NRIC,55,32,200,891.00,"178,200.00"
2020-09-09,2020090901028990,NRIC,55,17,40,891.00,"35,640.00"
2020-09-09,2020090901028989,NRIC,55,7,40,891.00,"35,640.00"
2020-09-09,2020090901028988,NRIC,55,10,520,891.00,"463,320.00"
2020-09-09,2020090901028749,NRN,49,38,10,354.00,"3,540.00"
2020-09-09,2020090901028803,NSEWA,17,44,10,740.00,"7,400.00"
2020-09-09,2020090901028910,NTC,34,39,63,696.00,"43,848.00"
2020-09-09,2020090901028730,NUBL,28,42,50,975.00,"48,750.00"
2020-09-09,2020090901028762,OHL,17,14,600,348.00,"208,800.00"
2020-09-09,2020090901028761,OHL,17,58,519,347.00,"180,093.00"
2020-09-09,2020090901028760,OHL,17,14,803,347.00,"278,641.00"
2020-09-09,2020090901029055,PCBL,7,16,100,275.00,"27,500.00"
2020-09-09,2020090901028826,PCBL,36,45,50,274.00,"13,700.00"
2020-09-09,2020090901028825,PCBL,17,45,200,274.00,"54,800.00"
2020-09-09,2020090901028824,PCBL,11,45,13,274.00,"3,562.00"
2020-09-09,2020090901028823,PCBL,36,45,500,274.00,"137,000.00"
2020-09-09,2020090901028822,PCBL,14,45,50,274.00,"13,700.00"
2020-09-09,2020090901028821,PCBL,5,45,200,274.00,"54,800.00"
2020-09-09,2020090901028820,PCBL,46,45,345,274.00,"94,530.00"
2020-09-09,2020090901028819,PCBL,47,45,50,275.00,"13,750.00"
2020-09-09,2020090901028818,PCBL,49,45,200,275.00,"55,000.00"
2020-09-09,2020090901028817,PCBL,47,45,200,275.00,"55,000.00"
2020-09-09,2020090901028662,PCBL,46,57,10,276.00,"2,760.00"
2020-09-09,2020090901029083,PIC,53,59,11,767.00,"8,437.00"
2020-09-09,2020090901029082,PIC,53,42,20,765.00,"15,300.00"
2020-09-09,2020090901029081,PIC,53,16,106,765.00,"81,090.00"
2020-09-09,2020090901028983,PICL,50,38,346,533.00,"184,418.00"
2020-09-09,2020090901029004,PLIC,5,33,121,653.00,"79,013.00"
2020-09-09,2020090901029003,PLIC,5,38,450,653.00,"293,850.00"
2020-09-09,2020090901029059,PRIN,45,47,120,605.00,"72,600.00"
2020-09-09,2020090901029058,PRIN,45,7,30,605.00,"18,150.00"
2020-09-09,2020090901029057,PRIN,45,58,50,604.00,"30,200.00"
2020-09-09,2020090901028851,PRIN,57,48,200,604.00,"120,800.00"
2020-09-09,2020090901028850,PRIN,57,44,50,604.00,"30,200.00"
2020-09-09,2020090901028884,PRVU,28,26,50,229.00,"11,450.00"
2020-09-09,2020090901028889,RHPL,50,38,500,166.00,"83,000.00"
2020-09-09,2020090901028727,RHPL,28,48,172,169.00,"29,068.00"
2020-09-09,2020090901028944,RLFL,48,48,418,135.00,"56,430.00"
2020-09-09,2020090901028974,RMDC,56,42,30,872.00,"26,160.00"
2020-09-09,2020090901029023,RSDC,45,38,100,546.00,"54,600.00"
2020-09-09,2020090901028885,RSDC,45,49,30,546.00,"16,380.00"
2020-09-09,2020090901028732,RSDC,45,45,175,546.00,"95,550.00"
2020-09-09,2020090901028865,SABSL,28,11,11,885.00,"9,735.00"
2020-09-09,2020090901028831,SADBL,21,13,12,145.00,"1,740.00"
2020-09-09,2020090901029007,SANIMA,54,32,487,340.00,"165,580.00"
2020-09-09,2020090901029006,SANIMA,54,57,13,340.00,"4,420.00"
2020-09-09,2020090901029053,SBI,42,34,99,421.00,"41,679.00"
2020-09-09,2020090901029001,SBI,55,34,134,421.00,"56,414.00"
2020-09-09,2020090901028729,SBI,47,34,179,421.00,"75,359.00"
2020-09-09,2020090901028728,SBI,47,57,21,421.00,"8,841.00"
2020-09-09,2020090901028998,SBL,10,45,200,298.00,"59,600.00"
2020-09-09,2020090901028804,SBL,49,41,62,299.00,"18,538.00"
2020-09-09,2020090901028799,SBL,56,41,150,299.00,"44,850.00"
2020-09-09,2020090901028903,SCB,42,6,38,655.00,"24,890.00"
2020-09-09,2020090901028902,SCB,42,50,"1,200",654.00,"784,800.00"
2020-09-09,2020090901028901,SCB,42,49,500,653.00,"326,500.00"
2020-09-09,2020090901028900,SCB,42,43,467,653.00,"304,951.00"
2020-09-09,2020090901028899,SCB,42,26,295,652.00,"192,340.00"
2020-09-09,2020090901028846,SCB,53,26,100,652.00,"65,200.00"
2020-09-09,2020090901029114,SDLBSL,33,1,10,853.00,"8,530.00"
2020-09-09,2020090901028858,SDLBSL,37,25,90,860.00,"77,400.00"
2020-09-09,2020090901028857,SDLBSL,37,34,10,857.00,"8,570.00"
2020-09-09,2020090901028856,SDLBSL,37,45,10,857.00,"8,570.00"
2020-09-09,2020090901028855,SDLBSL,37,34,40,857.00,"34,280.00"
2020-09-09,2020090901029100,SHIVM,50,4,50,741.00,"37,050.00"
2020-09-09,2020090901029099,SHIVM,57,4,500,741.00,"370,500.00"
2020-09-09,2020090901029098,SHIVM,34,4,200,741.00,"148,200.00"
2020-09-09,2020090901029097,SHIVM,34,4,100,741.00,"74,100.00"
2020-09-09,2020090901029096,SHIVM,34,4,500,741.00,"370,500.00"
2020-09-09,2020090901029095,SHIVM,40,4,200,742.00,"148,400.00"
2020-09-09,2020090901028970,SHIVM,57,10,546,746.00,"407,316.00"
2020-09-09,2020090901028969,SHIVM,57,19,50,746.00,"37,300.00"
2020-09-09,2020090901029094,SHIVM,34,4,150,742.00,"111,300.00"
2020-09-09,2020090901029093,SHIVM,21,4,50,742.00,"37,100.00"
2020-09-09,2020090901029092,SHIVM,45,4,50,742.00,"37,100.00"
2020-09-09,2020090901029091,SHIVM,40,4,100,742.00,"74,200.00"
2020-09-09,2020090901029090,SHIVM,25,4,50,743.00,"37,150.00"
2020-09-09,2020090901029089,SHIVM,47,4,50,744.00,"37,200.00"
2020-09-09,2020090901029071,SHL,39,34,200,159.00,"31,800.00"
2020-09-09,2020090901028781,SHL,57,52,300,158.00,"47,400.00"
2020-09-09,2020090901028964,SHPC,36,28,"2,000",270.00,"540,000.00"
2020-09-09,2020090901028963,SHPC,36,47,500,270.00,"135,000.00"
2020-09-09,2020090901028962,SHPC,36,6,"1,000",270.00,"270,000.00"
2020-09-09,2020090901028961,SHPC,36,16,"2,000",270.00,"540,000.00"
2020-09-09,2020090901028960,SHPC,36,28,20,270.00,"5,400.00"
2020-09-09,2020090901028947,SHPC,36,29,331,270.00,"89,370.00"
2020-09-09,2020090901028671,SHPC,36,17,50,269.00,"13,450.00"
2020-09-09,2020090901028670,SHPC,36,53,10,269.00,"2,690.00"
2020-09-09,2020090901028669,SHPC,36,59,"1,000",269.00,"269,000.00"
2020-09-09,2020090901028668,SHPC,36,54,826,269.00,"222,194.00"
2020-09-09,2020090901028953,SHPC,36,4,200,270.00,"54,000.00"
2020-09-09,2020090901028952,SHPC,36,49,100,270.00,"27,000.00"
2020-09-09,2020090901028951,SHPC,36,49,"1,047",270.00,"282,690.00"
2020-09-09,2020090901028950,SHPC,36,50,50,270.00,"13,500.00"
2020-09-09,2020090901028949,SHPC,36,41,21,270.00,"5,670.00"
2020-09-09,2020090901028948,SHPC,36,4,72,270.00,"19,440.00"
2020-09-09,2020090901028959,SHPC,36,44,200,270.00,"54,000.00"
2020-09-09,2020090901028958,SHPC,36,6,100,270.00,"27,000.00"
2020-09-09,2020090901028957,SHPC,36,1,"1,100",270.00,"297,000.00"
2020-09-09,2020090901028956,SHPC,36,43,100,270.00,"27,000.00"
2020-09-09,2020090901028955,SHPC,36,33,178,270.00,"48,060.00"
2020-09-09,2020090901028954,SHPC,36,13,30,270.00,"8,100.00"
2020-09-09,2020090901029036,SIC,46,59,226,895.00,"202,270.00"
2020-09-09,2020090901029035,SIC,46,42,40,895.00,"35,800.00"
2020-09-09,2020090901029034,SIC,46,41,100,895.00,"89,500.00"
2020-09-09,2020090901029033,SIC,46,59,200,894.00,"178,800.00"
2020-09-09,2020090901029032,SIC,46,42,100,894.00,"89,400.00"
2020-09-09,2020090901029031,SIC,46,44,56,894.00,"50,064.00"
2020-09-09,2020090901029024,SIC,46,44,42,890.00,"37,380.00"
2020-09-09,2020090901029030,SIC,46,29,500,894.00,"447,000.00"
2020-09-09,2020090901029029,SIC,46,21,100,893.00,"89,300.00"
2020-09-09,2020090901029028,SIC,46,40,164,893.00,"146,452.00"
2020-09-09,2020090901029027,SIC,46,53,200,891.00,"178,200.00"
2020-09-09,2020090901029026,SIC,46,29,100,890.00,"89,000.00"
2020-09-09,2020090901029025,SIC,46,13,172,890.00,"153,080.00"
2020-09-09,2020090901028836,SICL,32,53,30,"1,370.00","41,100.00"
2020-09-09,2020090901028800,SICL,40,36,500,"1,367.00","683,500.00"
2020-09-09,2020090901028724,SICL,25,53,10,"1,370.00","13,700.00"
2020-09-09,2020090901028911,SIL,26,45,40,757.00,"30,280.00"
2020-09-09,2020090901028810,SKBBL,19,28,100,"1,360.00","136,000.00"
2020-09-09,2020090901029120,SLBBL,58,58,100,910.00,"91,000.00"
2020-09-09,2020090901029088,SLBBL,59,58,10,911.00,"9,110.00"
2020-09-09,2020090901029052,SLBBL,58,44,139,912.00,"126,768.00"
2020-09-09,2020090901029051,SLBBL,58,7,200,912.00,"182,400.00"
2020-09-09,2020090901029050,SLBBL,58,28,200,911.00,"182,200.00"
2020-09-09,2020090901028791,SLBBL,58,39,65,910.00,"59,150.00"
2020-09-09,2020090901028775,SLBBL,58,10,20,910.00,"18,200.00"
2020-09-09,2020090901028681,SLBBL,58,13,15,910.00,"13,650.00"
2020-09-09,2020090901028654,SLBBL,59,13,10,910.00,"9,100.00"
2020-09-09,2020090901028923,SLBBL,58,44,39,911.00,"35,529.00"
2020-09-09,2020090901028922,SLBBL,58,6,40,911.00,"36,440.00"
2020-09-09,2020090901028921,SLBBL,58,6,21,910.00,"19,110.00"
2020-09-09,2020090901028792,SLBBL,26,39,435,908.00,"394,980.00"
2020-09-09,2020090901029049,SLBBL,58,44,161,911.00,"146,671.00"
2020-09-09,2020090901029119,SLBS,25,56,20,982.00,"19,640.00"
2020-09-09,2020090901029080,SLBS,35,45,11,980.00,"10,780.00"
2020-09-09,2020090901029113,SLICL,18,13,18,615.00,"11,070.00"
2020-09-09,2020090901029112,SLICL,18,58,90,615.00,"55,350.00"
2020-09-09,2020090901029066,SLICL,48,58,250,615.00,"153,750.00"
2020-09-09,2020090901028985,SLICL,34,58,100,615.00,"61,500.00"
2020-09-09,2020090901028984,SLICL,48,58,10,616.00,"6,160.00"
2020-09-09,2020090901028931,SLICL,48,25,400,616.00,"246,400.00"
2020-09-09,2020090901028686,SLICL,35,42,50,615.00,"30,750.00"
2020-09-09,2020090901028677,SLICL,48,19,309,614.00,"189,726.00"
2020-09-09,2020090901028676,SLICL,6,19,100,614.00,"61,400.00"
2020-09-09,2020090901028675,SLICL,56,19,75,614.00,"46,050.00"
2020-09-09,2020090901028630,SLICL,56,22,20,614.00,"12,280.00"
2020-09-09,2020090901028763,SLICL,34,1,70,615.00,"43,050.00"
2020-09-09,2020090901028753,SLICL,37,1,10,615.00,"6,150.00"
2020-09-09,2020090901028720,SLICL,34,1,20,615.00,"12,300.00"
2020-09-09,2020090901028719,SLICL,34,45,100,615.00,"61,500.00"
2020-09-09,2020090901028718,SLICL,34,36,50,615.00,"30,750.00"
2020-09-09,2020090901028717,SLICL,34,42,30,615.00,"18,450.00"
2020-09-09,2020090901028914,SLICL,48,50,60,616.00,"36,960.00"
2020-09-09,2020090901028913,SLICL,48,48,50,616.00,"30,800.00"
2020-09-09,2020090901028912,SLICL,48,21,190,616.00,"117,040.00"
2020-09-09,2020090901028891,SLICL,34,25,20,615.00,"12,300.00"
2020-09-09,2020090901028854,SLICL,37,21,10,616.00,"6,160.00"
2020-09-09,2020090901028801,SLICL,34,7,10,615.00,"6,150.00"
2020-09-09,2020090901028920,SLICL,48,29,50,616.00,"30,800.00"
2020-09-09,2020090901028919,SLICL,48,26,25,616.00,"15,400.00"
2020-09-09,2020090901028918,SLICL,48,7,10,616.00,"6,160.00"
2020-09-09,2020090901028917,SLICL,48,38,100,616.00,"61,600.00"
2020-09-09,2020090901028916,SLICL,48,25,100,616.00,"61,600.00"
2020-09-09,2020090901028915,SLICL,48,13,36,616.00,"22,176.00"
2020-09-09,2020090901028680,SMFBS,10,22,40,"1,029.00","41,160.00"
2020-09-09,2020090901028679,SMFBS,10,25,10,"1,029.00","10,290.00"
2020-09-09,2020090901028678,SMFBS,10,41,50,"1,025.00","51,250.00"
2020-09-09,2020090901029045,SPARS,46,51,10,979.00,"9,790.00"
2020-09-09,2020090901029037,SRBL,28,6,50,229.00,"11,450.00"
2020-09-09,2020090901028748,SRBL,58,45,500,228.00,"114,000.00"
2020-09-09,2020090901028747,SRBL,58,34,150,228.00,"34,200.00"
2020-09-09,2020090901029041,STC,1,7,20,"3,495.00","69,900.00"
2020-09-09,2020090901028943,SWBBL,44,39,100,"1,272.00","127,200.00"
2020-09-09,2020090901028740,SWBBL,46,49,25,"1,265.00","31,625.00"
2020-09-09,2020090901028739,SWBBL,7,49,75,"1,265.00","94,875.00"
2020-09-09,2020090901028971,TRH,4,59,100,215.00,"21,500.00"
2020-09-09,2020090901028980,UIC,50,35,500,425.00,"212,500.00"
2020-09-09,2020090901028979,UIC,49,35,55,425.00,"23,375.00"
2020-09-09,2020090901028861,UIC,49,58,145,425.00,"61,625.00"
2020-09-09,2020090901028860,UIC,55,58,250,425.00,"106,250.00"
2020-09-09,2020090901028859,UIC,1,58,105,426.00,"44,730.00"
2020-09-09,2020090901028840,UIC,1,28,95,426.00,"40,470.00"
2020-09-09,2020090901029085,UMHL,43,37,100,111.00,"11,100.00"
2020-09-09,2020090901028737,UNHPL,17,49,10,68.00,680.00
2020-09-09,2020090901028736,UNHPL,17,49,50,67.00,"3,350.00"
2020-09-09,2020090901029106,UPCL,59,46,50,94.00,"4,700.00"
2020-09-09,2020090901028773,UPCL,44,42,10,95.00,950.00
2020-09-09,2020090901028772,UPCL,44,41,190,95.00,"18,050.00"
2020-09-09,2020090901028771,UPCL,44,46,300,95.00,"28,500.00"
2020-09-09,2020090901028987,UPPER,25,49,30,252.00,"7,560.00"
2020-09-09,2020090901028986,UPPER,25,20,170,251.00,"42,670.00"
2020-09-09,2020090901029038,USLB,34,33,10,"1,265.00","12,650.00"
2020-09-09,2020090901028738,USLB,11,44,10,"1,265.00","12,650.00"
2020-09-09,2020090901028731,VLBS,26,55,70,939.00,"65,730.00"
2020-09-09,2020090901029072,WOMI,26,42,20,898.00,"17,960.00"
2020-09-09,2020090901028141,ACLBSL,45,55,30,775.00,"23,250.00"
2020-09-09,2020090901028414,ADBL,46,45,82,422.00,"34,604.00"
2020-09-09,2020090901028358,ADBL,46,47,49,422.00,"20,678.00"
2020-09-09,2020090901028557,AHPC,44,56,300,118.00,"35,400.00"
2020-09-09,2020090901028587,AIL,50,11,10,515.00,"5,150.00"
2020-09-09,2020090901028381,AIL,48,34,50,516.00,"25,800.00"
2020-09-09,2020090901028376,AIL,53,36,57,517.00,"29,469.00"
2020-09-09,2020090901028315,AIL,48,36,198,517.00,"102,366.00"
2020-09-09,2020090901028212,AIL,48,58,10,516.00,"5,160.00"
2020-09-09,2020090901028204,AIL,48,38,10,516.00,"5,160.00"
2020-09-09,2020090901028191,AIL,48,6,20,516.00,"10,320.00"
2020-09-09,2020090901028169,AIL,48,11,10,516.00,"5,160.00"
2020-09-09,2020090901028355,AKPL,55,40,100,162.00,"16,200.00"
2020-09-09,2020090901028242,AKPL,5,35,"1,000",161.00,"161,000.00"
2020-09-09,2020090901028241,AKPL,5,35,"1,000",161.00,"161,000.00"
2020-09-09,2020090901028610,ALBSL,19,57,63,960.00,"60,480.00"
2020-09-09,2020090901028574,ALBSL,33,22,50,968.00,"48,400.00"
2020-09-09,2020090901028573,ALBSL,33,58,50,968.00,"48,400.00"
2020-09-09,2020090901028422,ALBSL,28,58,50,968.00,"48,400.00"
2020-09-09,2020090901028421,ALBSL,28,4,29,961.00,"27,869.00"
2020-09-09,2020090901028415,ALBSL,25,4,30,961.00,"28,830.00"
2020-09-09,2020090901028322,ALBSL,26,6,50,965.00,"48,250.00"
2020-09-09,2020090901028313,ALBSL,38,28,300,961.00,"288,300.00"
2020-09-09,2020090901028312,ALBSL,38,28,45,961.00,"43,245.00"
2020-09-09,2020090901028572,ALICL,6,58,100,733.00,"73,300.00"
2020-09-09,2020090901028344,ALICL,50,6,20,730.00,"14,600.00"
2020-09-09,2020090901028343,ALICL,35,6,100,730.00,"73,000.00"
2020-09-09,2020090901028342,ALICL,34,6,"1,000",730.00,"730,000.00"
2020-09-09,2020090901028341,ALICL,34,6,100,731.00,"73,100.00"
2020-09-09,2020090901028340,ALICL,53,6,100,731.00,"73,100.00"
2020-09-09,2020090901028339,ALICL,47,6,100,731.00,"73,100.00"
2020-09-09,2020090901028338,ALICL,35,6,100,731.00,"73,100.00"
2020-09-09,2020090901028337,ALICL,38,6,100,731.00,"73,100.00"
2020-09-09,2020090901028336,ALICL,13,6,110,731.00,"80,410.00"
2020-09-09,2020090901028335,ALICL,40,6,100,732.00,"73,200.00"
2020-09-09,2020090901028516,API,28,55,158,127.00,"20,066.00"
2020-09-09,2020090901028515,API,6,55,249,127.00,"31,623.00"
2020-09-09,2020090901028412,API,45,55,93,128.00,"11,904.00"
2020-09-09,2020090901028390,BFC,43,58,10,104.00,"1,040.00"
2020-09-09,2020090901028552,BOKL,32,34,210,231.00,"48,510.00"
2020-09-09,2020090901028419,BOKL,42,34,100,231.00,"23,100.00"
2020-09-09,2020090901028418,BOKL,32,34,200,231.00,"46,200.00"
2020-09-09,2020090901028307,BOKL,32,34,210,231.00,"48,510.00"
2020-09-09,2020090901028196,BOKL,42,34,10,231.00,"2,310.00"
2020-09-09,2020090901028554,BPCL,36,25,84,387.00,"32,508.00"
2020-09-09,2020090901028553,BPCL,36,59,16,386.00,"6,176.00"
2020-09-09,2020090901028267,BPCL,34,59,20,386.00,"7,720.00"
2020-09-09,2020090901028174,BPCL,54,34,860,386.00,"331,960.00"
2020-09-09,2020090901028173,BPCL,38,34,130,386.00,"50,180.00"
2020-09-09,2020090901028172,BPCL,6,34,500,386.00,"193,000.00"
2020-09-09,2020090901028434,CBL,44,34,500,145.00,"72,500.00"
2020-09-09,2020090901028433,CBL,44,42,543,145.00,"78,735.00"
2020-09-09,2020090901028432,CBL,44,42,36,145.00,"5,220.00"
2020-09-09,2020090901028431,CBL,44,41,"2,000",145.00,"290,000.00"
2020-09-09,2020090901028430,CBL,44,26,456,145.00,"66,120.00"
2020-09-09,2020090901028429,CBL,44,41,"1,171",145.00,"169,795.00"
2020-09-09,2020090901028428,CBL,44,49,500,145.00,"72,500.00"
2020-09-09,2020090901028427,CBL,44,6,500,145.00,"72,500.00"
2020-09-09,2020090901028426,CBL,44,16,300,145.00,"43,500.00"
2020-09-09,2020090901028560,CCBL,32,28,500,172.00,"86,000.00"
2020-09-09,2020090901028270,CHCL,57,28,200,465.00,"93,000.00"
2020-09-09,2020090901028142,CHCL,57,37,37,465.00,"17,205.00"
2020-09-09,2020090901028618,CIT,18,44,10,"3,630.00","36,300.00"
2020-09-09,2020090901028617,CIT,18,17,20,"3,630.00","72,600.00"
2020-09-09,2020090901028616,CIT,18,5,20,"3,630.00","72,600.00"
2020-09-09,2020090901028575,CIT,35,22,80,"3,622.00","289,760.00"
2020-09-09,2020090901028332,CIT,48,5,20,"3,630.00","72,600.00"
2020-09-09,2020090901028331,CIT,48,32,228,"3,620.00","825,360.00"
2020-09-09,2020090901028276,CIT,42,32,10,"3,620.00","36,200.00"
2020-09-09,2020090901028614,CLBSL,29,38,11,722.00,"7,942.00"
2020-09-09,2020090901028511,CLBSL,29,6,21,722.00,"15,162.00"
2020-09-09,2020090901028320,CLBSL,17,6,100,724.00,"72,400.00"
2020-09-09,2020090901028138,CMF1,21,19,"2,500",10.32,"25,800.00"
2020-09-09,2020090901028188,CZBIL,10,26,100,193.00,"19,300.00"
2020-09-09,2020090901028481,DDBL,47,49,46,886.00,"40,756.00"
2020-09-09,2020090901028362,DDBL,47,21,15,886.00,"13,290.00"
2020-09-09,2020090901028361,DDBL,47,45,29,886.00,"25,694.00"
2020-09-09,2020090901028360,DDBL,47,45,10,886.00,"8,860.00"
2020-09-09,2020090901028163,DDBL,16,40,200,885.00,"177,000.00"
2020-09-09,2020090901028402,EBL,25,19,50,723.00,"36,150.00"
2020-09-09,2020090901028137,EBL,6,16,50,724.00,"36,200.00"
2020-09-09,2020090901028399,EDBL,53,52,10,306.00,"3,060.00"
2020-09-09,2020090901028476,EIC,34,54,190,504.00,"95,760.00"
2020-09-09,2020090901028475,EIC,34,57,10,504.00,"5,040.00"
2020-09-09,2020090901028134,EIC,28,57,290,504.00,"146,160.00"
2020-09-09,2020090901028565,FMDBL,13,48,100,581.00,"58,100.00"
2020-09-09,2020090901028385,FMDBL,6,38,10,583.00,"5,830.00"
2020-09-09,2020090901028384,FMDBL,6,53,500,583.00,"291,500.00"
2020-09-09,2020090901028288,FMDBL,29,53,19,579.00,"11,001.00"
2020-09-09,2020090901028287,FMDBL,53,53,300,579.00,"173,700.00"
2020-09-09,2020090901028286,FMDBL,55,53,50,579.00,"28,950.00"
2020-09-09,2020090901028285,FMDBL,57,53,50,579.00,"28,950.00"
2020-09-09,2020090901028284,FMDBL,42,53,51,579.00,"29,529.00"
2020-09-09,2020090901028283,FMDBL,42,53,30,580.00,"17,400.00"
2020-09-09,2020090901028569,FOWAD,55,49,200,"1,605.00","321,000.00"
2020-09-09,2020090901028568,FOWAD,55,26,10,"1,605.00","16,050.00"
2020-09-09,2020090901028567,FOWAD,55,44,40,"1,605.00","64,200.00"
2020-09-09,2020090901028474,FOWAD,45,16,50,"1,604.00","80,200.00"
2020-09-09,2020090901028220,FOWAD,13,16,150,"1,604.00","240,600.00"
2020-09-09,2020090901028397,GBBL,33,48,85,236.00,"20,060.00"
2020-09-09,2020090901028530,GBIME,57,28,30,260.00,"7,800.00"
2020-09-09,2020090901028510,GBIME,11,28,140,260.00,"36,400.00"
2020-09-09,2020090901028356,GBIME,35,28,10,260.00,"2,600.00"
2020-09-09,2020090901028257,GBIME,45,5,35,259.00,"9,065.00"
2020-09-09,2020090901028197,GBIME,42,28,400,260.00,"104,000.00"
2020-09-09,2020090901028477,GBLBS,29,36,200,555.00,"111,000.00"
2020-09-09,2020090901028378,GBLBS,39,44,"1,000",553.00,"553,000.00"
2020-09-09,2020090901028377,GBLBS,38,44,55,554.00,"30,470.00"
2020-09-09,2020090901028203,GBLBS,43,36,20,555.00,"11,100.00"
2020-09-09,2020090901028162,GBLBS,38,28,200,554.00,"110,800.00"
2020-09-09,2020090901028130,GBLBS,38,39,45,554.00,"24,930.00"
2020-09-09,2020090901028129,GBLBS,53,39,100,554.00,"55,400.00"
2020-09-09,2020090901028128,GBLBS,22,39,155,554.00,"85,870.00"
2020-09-09,2020090901028571,GGBSL,11,43,40,860.00,"34,400.00"
2020-09-09,2020090901028195,GILB,16,51,17,"1,219.00","20,723.00"
2020-09-09,2020090901028194,GILB,16,56,100,"1,219.00","121,900.00"
2020-09-09,2020090901028193,GILB,16,16,60,"1,219.00","73,140.00"
2020-09-09,2020090901028503,GLBSL,45,39,100,805.00,"80,500.00"
2020-09-09,2020090901028502,GLBSL,45,16,100,805.00,"80,500.00"
2020-09-09,2020090901028501,GLBSL,45,26,10,805.00,"8,050.00"
2020-09-09,2020090901028500,GLBSL,45,21,60,804.00,"48,240.00"
2020-09-09,2020090901028499,GLBSL,45,25,120,803.00,"96,360.00"
2020-09-09,2020090901028482,GLBSL,17,16,10,801.00,"8,010.00"
2020-09-09,2020090901028514,GLICL,34,57,100,593.00,"59,300.00"
2020-09-09,2020090901028372,GLICL,34,54,100,593.00,"59,300.00"
2020-09-09,2020090901028259,GLICL,6,57,225,592.00,"133,200.00"
2020-09-09,2020090901028206,GLICL,6,40,212,592.00,"125,504.00"
2020-09-09,2020090901028190,GLICL,6,33,100,592.00,"59,200.00"
2020-09-09,2020090901028175,GLICL,42,57,20,593.00,"11,860.00"
2020-09-09,2020090901028261,GMFBS,52,58,20,829.00,"16,580.00"
2020-09-09,2020090901028485,HBL,58,48,65,547.00,"35,555.00"
2020-09-09,2020090901028458,HDHPC,57,45,50,92.00,"4,600.00"
2020-09-09,2020090901028457,HDHPC,57,43,40,92.00,"3,680.00"
2020-09-09,2020090901028411,HDL,45,58,50,"1,825.00","91,250.00"
2020-09-09,2020090901028410,HDL,34,58,200,"1,825.00","365,000.00"
2020-09-09,2020090901028409,HDL,48,58,10,"1,825.00","18,250.00"
2020-09-09,2020090901028408,HDL,38,58,620,"1,826.00","1,132,120.00"
2020-09-09,2020090901028407,HDL,38,58,50,"1,826.00","91,300.00"
2020-09-09,2020090901028406,HDL,38,58,100,"1,826.00","182,600.00"
2020-09-09,2020090901028260,HDL,48,53,20,"1,830.00","36,600.00"
2020-09-09,2020090901028405,HDL,26,58,50,"1,826.00","91,300.00"
2020-09-09,2020090901028404,HDL,33,58,300,"1,827.00","548,100.00"
2020-09-09,2020090901028403,HDL,38,58,98,"1,827.00","179,046.00"
2020-09-09,2020090901028392,HDL,38,44,152,"1,827.00","277,704.00"
2020-09-09,2020090901028272,HDL,16,16,80,"1,828.00","146,240.00"
2020-09-09,2020090901028271,HDL,39,16,25,"1,829.00","45,725.00"
2020-09-09,2020090901028495,HGI,37,57,10,480.00,"4,800.00"
2020-09-09,2020090901028609,ICFC,6,29,500,173.00,"86,500.00"
2020-09-09,2020090901028140,ICFC,25,29,72,173.00,"12,456.00"
2020-09-09,2020090901028139,ICFC,25,18,278,173.00,"48,094.00"
2020-09-09,2020090901028232,IGI,48,3,200,532.00,"106,400.00"
2020-09-09,2020090901028224,JBBL,34,50,19,169.00,"3,211.00"
2020-09-09,2020090901028221,JBBL,34,58,300,169.00,"50,700.00"
2020-09-09,2020090901028179,JBBL,34,59,153,169.00,"25,857.00"
2020-09-09,2020090901028465,JSLBB,6,13,18,"1,412.00","25,416.00"
2020-09-09,2020090901028507,KBL,40,22,88,185.00,"16,280.00"
2020-09-09,2020090901028347,KMCDB,1,8,25,790.00,"19,750.00"
2020-09-09,2020090901028231,KSBBL,14,44,420,140.00,"58,800.00"
2020-09-09,2020090901028230,KSBBL,38,44,300,140.00,"42,000.00"
2020-09-09,2020090901028229,KSBBL,4,44,100,140.00,"14,000.00"
2020-09-09,2020090901028228,KSBBL,34,44,50,140.00,"7,000.00"
2020-09-09,2020090901028227,KSBBL,14,44,60,140.00,"8,400.00"
2020-09-09,2020090901028226,KSBBL,58,44,70,141.00,"9,870.00"
2020-09-09,2020090901028619,LEMF,35,54,"3,217",8.51,"27,376.70"
2020-09-09,2020090901028401,LGIL,28,17,10,524.00,"5,240.00"
2020-09-09,2020090901028383,LGIL,42,25,500,522.00,"261,000.00"
2020-09-09,2020090901028333,LGIL,38,17,300,524.00,"157,200.00"
2020-09-09,2020090901028135,LGIL,28,17,13,524.00,"6,812.00"
2020-09-09,2020090901028570,LICN,55,5,28,"1,476.00","41,328.00"
2020-09-09,2020090901028273,LLBS,45,13,53,"1,160.00","61,480.00"
2020-09-09,2020090901028388,MBL,22,40,300,223.00,"66,900.00"
2020-09-09,2020090901028466,MDB,51,34,100,336.00,"33,600.00"
2020-09-09,2020090901028258,MDB,42,48,40,338.00,"13,520.00"
2020-09-09,2020090901028611,MEGA,36,34,760,219.00,"166,440.00"
2020-09-09,2020090901028400,MEGA,43,34,10,220.00,"2,200.00"
2020-09-09,2020090901028460,MNBBL,44,35,100,322.00,"32,200.00"
2020-09-09,2020090901028395,NABIL,40,28,100,844.00,"84,400.00"
2020-09-09,2020090901028168,NABIL,46,18,500,841.00,"420,500.00"
2020-09-09,2020090901028167,NABIL,32,18,590,841.00,"496,190.00"
2020-09-09,2020090901028166,NABIL,41,18,100,841.00,"84,100.00"
2020-09-09,2020090901028165,NABIL,58,18,10,841.00,"8,410.00"
2020-09-09,2020090901028164,NABIL,16,18,300,841.00,"252,300.00"
2020-09-09,2020090901028625,NADEP,10,5,100,707.00,"70,700.00"
2020-09-09,2020090901028624,NADEP,10,39,30,707.00,"21,210.00"
2020-09-09,2020090901028623,NADEP,10,50,46,707.00,"32,522.00"
2020-09-09,2020090901028622,NADEP,10,11,33,705.00,"23,265.00"
2020-09-09,2020090901028621,NADEP,10,17,23,705.00,"16,215.00"
2020-09-09,2020090901028620,NADEP,10,45,23,705.00,"16,215.00"
2020-09-09,2020090901028478,NADEP,59,11,10,705.00,"7,050.00"
2020-09-09,2020090901028596,NBL,49,59,163,300.00,"48,900.00"
2020-09-09,2020090901028595,NBL,45,59,10,300.00,"3,000.00"
2020-09-09,2020090901028519,NBL,8,5,457,299.00,"136,643.00"
2020-09-09,2020090901028518,NBL,41,5,443,299.00,"132,457.00"
2020-09-09,2020090901028323,NBL,8,5,100,300.00,"30,000.00"
2020-09-09,2020090901028244,NBL,42,57,78,301.00,"23,478.00"
2020-09-09,2020090901028200,NBL,36,8,30,300.00,"9,000.00"
2020-09-09,2020090901028199,NBL,5,8,238,300.00,"71,400.00"
2020-09-09,2020090901028243,NBL,42,5,22,300.00,"6,600.00"
2020-09-09,2020090901028216,NBL,38,5,500,300.00,"150,000.00"
2020-09-09,2020090901028215,NBL,21,5,478,300.00,"143,400.00"
2020-09-09,2020090901028213,NBL,21,48,300,300.00,"90,000.00"
2020-09-09,2020090901028202,NBL,21,8,722,300.00,"216,600.00"
2020-09-09,2020090901028201,NBL,42,8,10,300.00,"3,000.00"
2020-09-09,2020090901028594,NCCB,44,6,10,197.00,"1,970.00"
2020-09-09,2020090901028593,NCCB,44,7,385,196.00,"75,460.00"
2020-09-09,2020090901028592,NCCB,44,57,231,196.00,"45,276.00"
2020-09-09,2020090901028591,NCCB,44,56,445,196.00,"87,220.00"
2020-09-09,2020090901028211,NEF,26,33,483,9.32,"4,501.56"
2020-09-09,2020090901028147,NEF,26,11,966,9.32,"9,003.12"
2020-09-09,2020090901028189,NHPC,50,14,10,59.00,590.00
2020-09-09,2020090901028513,NICA,25,26,350,577.00,"201,950.00"
2020-09-09,2020090901028512,NICA,25,57,600,577.00,"346,200.00"
2020-09-09,2020090901028318,NICGF,48,48,"2,200",11.19,"24,618.00"
2020-09-09,2020090901028520,NICL,59,6,10,548.00,"5,480.00"
2020-09-09,2020090901028420,NICL,26,6,50,548.00,"27,400.00"
2020-09-09,2020090901028413,NICL,33,6,"1,000",548.00,"548,000.00"
2020-09-09,2020090901028562,NIL,1,48,40,829.00,"33,160.00"
2020-09-09,2020090901028561,NIL,1,55,60,828.00,"49,680.00"
2020-09-09,2020090901028550,NIL,43,55,50,828.00,"41,400.00"
2020-09-09,2020090901028549,NIL,36,55,890,828.00,"736,920.00"
2020-09-09,2020090901028456,NIL,26,48,392,829.00,"324,968.00"
2020-09-09,2020090901028455,NIL,26,38,108,829.00,"89,532.00"
2020-09-09,2020090901028187,NIL,36,47,40,828.00,"33,120.00"
2020-09-09,2020090901028143,NIL,36,26,70,828.00,"57,960.00"
2020-09-09,2020090901028369,NIL,26,38,60,829.00,"49,740.00"
2020-09-09,2020090901028368,NIL,26,37,40,829.00,"33,160.00"
2020-09-09,2020090901028317,NIL,56,37,60,829.00,"49,740.00"
2020-09-09,2020090901028316,NIL,56,45,240,829.00,"198,960.00"
2020-09-09,2020090901028308,NIL,59,45,10,829.00,"8,290.00"
2020-09-09,2020090901028254,NIL,34,45,50,829.00,"41,450.00"
2020-09-09,2020090901028480,NLBBL,56,32,25,785.00,"19,625.00"
2020-09-09,2020090901028425,NLBBL,34,19,50,782.00,"39,100.00"
2020-09-09,2020090901028291,NLBBL,34,38,300,782.00,"234,600.00"
2020-09-09,2020090901028264,NLBBL,58,56,50,785.00,"39,250.00"
2020-09-09,2020090901028564,NLG,25,19,56,740.00,"41,440.00"
2020-09-09,2020090901028563,NLG,25,56,100,740.00,"74,000.00"
2020-09-09,2020090901028494,NLIC,6,36,100,"1,380.00","138,000.00"
2020-09-09,2020090901028467,NLIC,6,19,86,"1,380.00","118,680.00"
2020-09-09,2020090901028327,NLIC,6,6,95,"1,380.00","131,100.00"
2020-09-09,2020090901028302,NLIC,28,6,150,"1,381.00","207,150.00"
2020-09-09,2020090901028238,NLIC,6,19,86,"1,380.00","118,680.00"
2020-09-09,2020090901028237,NLIC,6,49,25,"1,380.00","34,500.00"
2020-09-09,2020090901028236,NLIC,6,34,50,"1,380.00","69,000.00"
2020-09-09,2020090901028148,NLIC,58,34,72,"1,380.00","99,360.00"
2020-09-09,2020090901028590,NMB,16,56,"2,000",420.00,"840,000.00"
2020-09-09,2020090901028586,NMB,16,19,150,420.00,"63,000.00"
2020-09-09,2020090901028585,NMB,16,44,143,420.00,"60,060.00"
2020-09-09,2020090901028584,NMB,16,1,300,420.00,"126,000.00"
2020-09-09,2020090901028583,NMB,16,14,400,420.00,"168,000.00"
2020-09-09,2020090901028582,NMB,16,28,685,420.00,"287,700.00"
2020-09-09,2020090901028329,NMB,6,49,"2,880",419.00,"1,206,720.00"
2020-09-09,2020090901028328,NMB,57,49,120,419.00,"50,280.00"
2020-09-09,2020090901028219,NMB,57,6,200,419.00,"83,800.00"
2020-09-09,2020090901028186,NMB,57,39,500,419.00,"209,500.00"
2020-09-09,2020090901028589,NMBMF,58,40,120,824.00,"98,880.00"
2020-09-09,2020090901028375,NMBMF,34,55,68,825.00,"56,100.00"
2020-09-09,2020090901028374,NMBMF,34,47,30,824.00,"24,720.00"
2020-09-09,2020090901028615,NRIC,16,10,"1,000",891.00,"891,000.00"
2020-09-09,2020090901028581,NRIC,34,33,50,890.00,"44,500.00"
2020-09-09,2020090901028508,NRIC,34,6,10,890.00,"8,900.00"
2020-09-09,2020090901028505,NRIC,34,55,180,890.00,"160,200.00"
2020-09-09,2020090901028493,NRIC,48,55,320,890.00,"284,800.00"
2020-09-09,2020090901028492,NRIC,48,59,500,890.00,"445,000.00"
2020-09-09,2020090901028269,NRIC,49,40,40,889.00,"35,560.00"
2020-09-09,2020090901028252,NRIC,49,42,50,889.00,"44,450.00"
2020-09-09,2020090901028171,NRIC,49,49,50,889.00,"44,450.00"
2020-09-09,2020090901028170,NRIC,49,58,10,889.00,"8,890.00"
2020-09-09,2020090901028127,NRIC,34,40,20,890.00,"17,800.00"
2020-09-09,2020090901028126,NRIC,34,58,50,890.00,"44,500.00"
2020-09-09,2020090901028280,NRIC,39,10,130,891.00,"115,830.00"
2020-09-09,2020090901028279,NRIC,39,36,40,890.00,"35,600.00"
2020-09-09,2020090901028278,NRIC,39,8,10,890.00,"8,900.00"
2020-09-09,2020090901028277,NRIC,39,49,20,890.00,"17,800.00"
2020-09-09,2020090901028275,NRIC,19,8,10,890.00,"8,900.00"
2020-09-09,2020090901028274,NRIC,19,40,80,890.00,"71,200.00"
2020-09-09,2020090901028396,NRIC,19,36,20,890.00,"17,800.00"
2020-09-09,2020090901028371,NRIC,34,36,20,890.00,"17,800.00"
2020-09-09,2020090901028357,NRIC,34,42,30,890.00,"26,700.00"
2020-09-09,2020090901028349,NRIC,34,17,40,890.00,"35,600.00"
2020-09-09,2020090901028348,NRIC,34,47,10,890.00,"8,900.00"
2020-09-09,2020090901028321,NRIC,19,47,30,890.00,"26,700.00"
2020-09-09,2020090901028491,NRIC,48,36,40,890.00,"35,600.00"
2020-09-09,2020090901028490,NRIC,48,40,140,890.00,"124,600.00"
2020-09-09,2020090901028424,NRIC,34,40,50,890.00,"44,500.00"
2020-09-09,2020090901028423,NRIC,47,40,10,890.00,"8,900.00"
2020-09-09,2020090901028417,NRIC,47,16,190,890.00,"169,100.00"
2020-09-09,2020090901028416,NRIC,19,16,10,890.00,"8,900.00"
2020-09-09,2020090901028612,NSEWA,32,58,30,743.00,"22,290.00"
2020-09-09,2020090901028579,OHL,17,58,51,347.00,"17,697.00"
2020-09-09,2020090901028578,OHL,17,45,50,347.00,"17,350.00"
2020-09-09,2020090901028577,OHL,17,19,100,347.00,"34,700.00"
2020-09-09,2020090901028576,OHL,17,52,10,347.00,"3,470.00"
2020-09-09,2020090901028551,OHL,5,44,300,346.00,"103,800.00"
2020-09-09,2020090901028346,OHL,17,59,245,345.00,"84,525.00"
2020-09-09,2020090901028345,OHL,17,57,250,345.00,"86,250.00"
2020-09-09,2020090901028289,PCBL,46,40,155,274.00,"42,470.00"
2020-09-09,2020090901028235,PCBL,56,50,171,275.00,"47,025.00"
2020-09-09,2020090901028234,PCBL,56,49,225,275.00,"61,875.00"
2020-09-09,2020090901028233,PCBL,56,59,465,275.00,"127,875.00"
2020-09-09,2020090901028506,PIC,57,47,28,764.00,"21,392.00"
2020-09-09,2020090901028310,PIC,44,16,320,765.00,"244,800.00"
2020-09-09,2020090901028309,PIC,44,59,180,764.00,"137,520.00"
2020-09-09,2020090901028304,PIC,57,59,10,764.00,"7,640.00"
2020-09-09,2020090901028303,PIC,57,59,10,764.00,"7,640.00"
2020-09-09,2020090901028208,PIC,57,42,20,764.00,"15,280.00"
2020-09-09,2020090901028547,PLIC,5,38,50,653.00,"32,650.00"
2020-09-09,2020090901028517,PRIN,50,40,500,603.00,"301,500.00"
2020-09-09,2020090901028479,PRIN,8,44,50,604.00,"30,200.00"
2020-09-09,2020090901028324,PRIN,29,44,50,604.00,"30,200.00"
2020-09-09,2020090901028154,PRVU,43,35,500,226.00,"113,000.00"
2020-09-09,2020090901028153,PRVU,21,35,100,226.00,"22,600.00"
2020-09-09,2020090901028152,PRVU,19,35,20,226.00,"4,520.00"
2020-09-09,2020090901028151,PRVU,51,35,192,226.00,"43,392.00"
2020-09-09,2020090901028150,PRVU,48,35,150,227.00,"34,050.00"
2020-09-09,2020090901028149,PRVU,16,35,100,227.00,"22,700.00"
2020-09-09,2020090901028159,PRVU,55,35,167,226.00,"37,742.00"
2020-09-09,2020090901028158,PRVU,45,35,300,226.00,"67,800.00"
2020-09-09,2020090901028157,PRVU,36,35,50,226.00,"11,300.00"
2020-09-09,2020090901028156,PRVU,48,35,100,226.00,"22,600.00"
2020-09-09,2020090901028155,PRVU,42,35,300,226.00,"67,800.00"
2020-09-09,2020090901028373,RADHI,39,4,12,222.00,"2,664.00"
2020-09-09,2020090901028389,RHPC,46,37,300,99.00,"29,700.00"
2020-09-09,2020090901028580,RHPL,28,6,40,169.00,"6,760.00"
2020-09-09,2020090901028136,RHPL,28,49,10,169.00,"1,690.00"
2020-09-09,2020090901028393,RLFL,44,48,14,135.00,"1,890.00"
2020-09-09,2020090901028559,RMDC,22,42,50,877.00,"43,850.00"
2020-09-09,2020090901028558,RMDC,22,49,20,876.00,"17,520.00"
2020-09-09,2020090901028380,RMDC,13,34,20,875.00,"17,500.00"
2020-09-09,2020090901028379,RMDC,53,34,100,875.00,"87,500.00"
2020-09-09,2020090901028525,RSDC,34,4,107,547.00,"58,529.00"
2020-09-09,2020090901028524,RSDC,34,17,390,545.00,"212,550.00"
2020-09-09,2020090901028473,RSDC,40,17,10,545.00,"5,450.00"
2020-09-09,2020090901028472,RSDC,11,17,50,545.00,"27,250.00"
2020-09-09,2020090901028471,RSDC,40,17,50,546.00,"27,300.00"
2020-09-09,2020090901028387,RSDC,45,57,250,546.00,"136,500.00"
2020-09-09,2020090901028386,RSDC,45,35,200,546.00,"109,200.00"
2020-09-09,2020090901028198,RSDC,11,50,50,545.00,"27,250.00"
2020-09-09,2020090901028588,SABSL,28,44,11,885.00,"9,735.00"
2020-09-09,2020090901028225,SABSL,28,36,11,885.00,"9,735.00"
2020-09-09,2020090901028546,SANIMA,42,6,293,338.00,"99,034.00"
2020-09-09,2020090901028545,SANIMA,36,6,100,338.00,"33,800.00"
2020-09-09,2020090901028544,SANIMA,34,6,80,338.00,"27,040.00"
2020-09-09,2020090901028543,SANIMA,41,6,30,338.00,"10,140.00"
2020-09-09,2020090901028542,SANIMA,58,6,30,338.00,"10,140.00"
2020-09-09,2020090901028541,SANIMA,57,6,31,338.00,"10,478.00"
2020-09-09,2020090901028470,SANIMA,43,6,100,339.00,"33,900.00"
2020-09-09,2020090901028459,SANIMA,56,6,100,339.00,"33,900.00"
2020-09-09,2020090901028398,SANIMA,44,6,200,339.00,"67,800.00"
2020-09-09,2020090901028268,SANIMA,45,6,50,339.00,"16,950.00"
2020-09-09,2020090901028527,SBI,25,57,30,421.00,"12,630.00"
2020-09-09,2020090901028484,SBL,1,41,45,299.00,"13,455.00"
2020-09-09,2020090901028483,SBL,1,22,155,299.00,"46,345.00"
2020-09-09,2020090901028282,SCB,44,43,33,653.00,"21,549.00"
2020-09-09,2020090901028281,SCB,44,52,47,653.00,"30,691.00"
2020-09-09,2020090901028207,SCB,39,56,50,652.00,"32,600.00"
2020-09-09,2020090901028146,SCB,55,56,350,652.00,"228,200.00"
2020-09-09,2020090901028382,SDLBSL,33,38,10,853.00,"8,530.00"
2020-09-09,2020090901028326,SDLBSL,33,11,10,853.00,"8,530.00"
2020-09-09,2020090901028306,SDLBSL,33,4,10,853.00,"8,530.00"
2020-09-09,2020090901028290,SDLBSL,48,16,10,852.00,"8,520.00"
2020-09-09,2020090901028256,SFCL,53,28,60,110.00,"6,600.00"
2020-09-09,2020090901028255,SFCL,7,28,58,110.00,"6,380.00"
2020-09-09,2020090901028613,SHINE,29,40,45,235.00,"10,575.00"
2020-09-09,2020090901028486,SHINE,29,42,34,235.00,"7,990.00"
2020-09-09,2020090901028464,SHINE,29,40,114,235.00,"26,790.00"
2020-09-09,2020090901028463,SHINE,47,40,25,235.00,"5,875.00"
2020-09-09,2020090901028462,SHINE,14,40,50,235.00,"11,750.00"
2020-09-09,2020090901028461,SHINE,43,40,14,235.00,"3,290.00"
2020-09-09,2020090901028469,SHIVM,40,58,90,748.00,"67,320.00"
2020-09-09,2020090901028468,SHIVM,40,22,410,747.00,"306,270.00"
2020-09-09,2020090901028370,SHIVM,1,22,90,745.00,"67,050.00"
2020-09-09,2020090901028305,SHIVM,45,22,500,745.00,"372,500.00"
2020-09-09,2020090901028266,SHIVM,50,4,"1,000",745.00,"745,000.00"
2020-09-09,2020090901028240,SHIVM,56,58,10,748.00,"7,480.00"
2020-09-09,2020090901028239,SHIVM,56,40,140,748.00,"104,720.00"
2020-09-09,2020090901028161,SHIVM,35,40,60,748.00,"44,880.00"
2020-09-09,2020090901028453,SHPC,36,53,815,268.00,"218,420.00"
2020-09-09,2020090901028452,SHPC,36,22,36,268.00,"9,648.00"
2020-09-09,2020090901028451,SHPC,36,56,"1,000",268.00,"268,000.00"
2020-09-09,2020090901028450,SHPC,36,28,"1,000",268.00,"268,000.00"
2020-09-09,2020090901028449,SHPC,36,5,22,268.00,"5,896.00"
2020-09-09,2020090901028448,SHPC,36,10,24,267.00,"6,408.00"
2020-09-09,2020090901028435,SHPC,36,52,17,264.00,"4,488.00"
2020-09-09,2020090901028441,SHPC,36,45,430,265.00,"113,950.00"
2020-09-09,2020090901028440,SHPC,36,54,363,265.00,"96,195.00"
2020-09-09,2020090901028439,SHPC,36,40,24,265.00,"6,360.00"
2020-09-09,2020090901028438,SHPC,36,38,28,264.00,"7,392.00"
2020-09-09,2020090901028437,SHPC,36,58,50,264.00,"13,200.00"
2020-09-09,2020090901028436,SHPC,36,49,300,264.00,"79,200.00"
2020-09-09,2020090901028447,SHPC,36,4,"1,331",267.00,"355,377.00"
2020-09-09,2020090901028446,SHPC,36,22,185,267.00,"49,395.00"
2020-09-09,2020090901028445,SHPC,36,25,200,266.00,"53,200.00"
2020-09-09,2020090901028444,SHPC,36,37,"1,000",266.00,"266,000.00"
2020-09-09,2020090901028443,SHPC,36,58,20,265.00,"5,300.00"
2020-09-09,2020090901028442,SHPC,36,29,220,265.00,"58,300.00"
2020-09-09,2020090901028314,SIC,38,26,200,889.00,"177,800.00"
2020-09-09,2020090901028487,SICL,39,6,10,"1,371.00","13,710.00"
2020-09-09,2020090901028354,SICL,56,22,24,"1,372.00","32,928.00"
2020-09-09,2020090901028353,SICL,56,19,150,"1,372.00","205,800.00"
2020-09-09,2020090901028352,SICL,56,45,200,"1,372.00","274,400.00"
2020-09-09,2020090901028351,SICL,56,29,200,"1,372.00","274,400.00"
2020-09-09,2020090901028350,SICL,56,38,26,"1,372.00","35,672.00"
2020-09-09,2020090901028178,SICL,40,19,332,"1,370.00","454,840.00"
2020-09-09,2020090901028177,SICL,40,49,42,"1,370.00","57,540.00"
2020-09-09,2020090901028176,SICL,40,34,15,"1,370.00","20,550.00"
2020-09-09,2020090901028265,SINDU,17,11,30,127.00,"3,810.00"
2020-09-09,2020090901028319,SKBBL,42,5,50,"1,350.00","67,500.00"
2020-09-09,2020090901028251,SKBBL,47,36,49,"1,351.00","66,199.00"
2020-09-09,2020090901028250,SKBBL,46,36,100,"1,352.00","135,200.00"
2020-09-09,2020090901028249,SKBBL,17,36,100,"1,352.00","135,200.00"
2020-09-09,2020090901028248,SKBBL,36,36,20,"1,353.00","27,060.00"
2020-09-09,2020090901028247,SKBBL,10,36,50,"1,354.00","67,700.00"
2020-09-09,2020090901028246,SKBBL,38,36,100,"1,355.00","135,500.00"
2020-09-09,2020090901028245,SKBBL,3,36,50,"1,356.00","67,800.00"
2020-09-09,2020090901028504,SLBBL,58,34,100,910.00,"91,000.00"
2020-09-09,2020090901028363,SLBBL,59,6,10,911.00,"9,110.00"
2020-09-09,2020090901028180,SLBBL,26,44,328,910.00,"298,480.00"
2020-09-09,2020090901028548,SLBSL,55,29,13,820.00,"10,660.00"
2020-09-09,2020090901028391,SLBSL,55,45,20,815.00,"16,300.00"
2020-09-09,2020090901028526,SLICL,56,53,60,614.00,"36,840.00"
2020-09-09,2020090901028523,SLICL,56,25,30,614.00,"18,420.00"
2020-09-09,2020090901028509,SLICL,56,42,20,615.00,"12,300.00"
2020-09-09,2020090901028489,SLICL,18,43,133,615.00,"81,795.00"
2020-09-09,2020090901028488,SLICL,18,17,30,615.00,"18,450.00"
2020-09-09,2020090901028454,SLICL,56,49,15,614.00,"9,210.00"
2020-09-09,2020090901028182,SLICL,53,54,40,614.00,"24,560.00"
2020-09-09,2020090901028181,SLICL,53,57,400,614.00,"245,600.00"
2020-09-09,2020090901028132,SLICL,34,57,100,614.00,"61,400.00"
2020-09-09,2020090901028131,SLICL,47,57,50,614.00,"30,700.00"
2020-09-09,2020090901028214,SLICL,34,17,100,614.00,"61,400.00"
2020-09-09,2020090901028210,SLICL,34,29,100,614.00,"61,400.00"
2020-09-09,2020090901028209,SLICL,34,36,75,614.00,"46,050.00"
2020-09-09,2020090901028185,SLICL,53,36,25,614.00,"15,350.00"
2020-09-09,2020090901028184,SLICL,53,32,25,614.00,"15,350.00"
2020-09-09,2020090901028183,SLICL,53,7,10,614.00,"6,140.00"
2020-09-09,2020090901028297,SLICL,58,58,300,615.00,"184,500.00"
2020-09-09,2020090901028296,SLICL,58,17,350,615.00,"215,250.00"
2020-09-09,2020090901028295,SLICL,58,34,100,615.00,"61,500.00"
2020-09-09,2020090901028294,SLICL,58,52,50,615.00,"30,750.00"
2020-09-09,2020090901028293,SLICL,58,32,52,615.00,"31,980.00"
2020-09-09,2020090901028292,SLICL,58,20,300,615.00,"184,500.00"
2020-09-09,2020090901028325,SLICL,25,57,200,614.00,"122,800.00"
2020-09-09,2020090901028311,SLICL,34,57,25,614.00,"15,350.00"
2020-09-09,2020090901028301,SLICL,58,35,586,615.00,"360,390.00"
2020-09-09,2020090901028300,SLICL,58,1,"3,000",615.00,"1,845,000.00"
2020-09-09,2020090901028299,SLICL,58,56,50,615.00,"30,750.00"
2020-09-09,2020090901028298,SLICL,58,58,50,615.00,"30,750.00"
2020-09-09,2020090901028394,SLICL,56,22,100,614.00,"61,400.00"
2020-09-09,2020090901028367,SLICL,56,35,209,615.00,"128,535.00"
2020-09-09,2020090901028366,SLICL,56,16,200,615.00,"123,000.00"
2020-09-09,2020090901028365,SLICL,56,35,414,615.00,"254,610.00"
2020-09-09,2020090901028364,SLICL,56,57,175,614.00,"107,450.00"
2020-09-09,2020090901028359,SLICL,11,57,100,614.00,"61,400.00"
2020-09-09,2020090901028608,SMFBS,16,16,10,"1,020.00","10,200.00"
2020-09-09,2020090901028607,SMFBS,16,45,100,"1,020.00","102,000.00"
2020-09-09,2020090901028606,SMFBS,16,26,50,"1,020.00","51,000.00"
2020-09-09,2020090901028605,SMFBS,16,51,10,"1,020.00","10,200.00"
2020-09-09,2020090901028604,SMFBS,16,10,10,"1,020.00","10,200.00"
2020-09-09,2020090901028603,SMFBS,16,57,20,"1,020.00","20,400.00"
2020-09-09,2020090901028602,SMFBS,16,43,100,"1,018.00","101,800.00"
2020-09-09,2020090901028601,SMFBS,16,41,10,"1,018.00","10,180.00"
2020-09-09,2020090901028600,SMFBS,16,48,10,"1,015.00","10,150.00"
2020-09-09,2020090901028599,SMFBS,16,57,10,"1,015.00","10,150.00"
2020-09-09,2020090901028598,SMFBS,16,26,10,"1,014.00","10,140.00"
2020-09-09,2020090901028597,SMFBS,16,50,10,"1,014.00","10,140.00"
2020-09-09,2020090901028540,SPARS,7,38,100,975.00,"97,500.00"
2020-09-09,2020090901028539,SPARS,7,45,11,975.00,"10,725.00"
2020-09-09,2020090901028538,SPARS,7,44,92,975.00,"89,700.00"
2020-09-09,2020090901028537,SPARS,7,56,11,973.00,"10,703.00"
2020-09-09,2020090901028536,SPARS,7,56,11,973.00,"10,703.00"
2020-09-09,2020090901028535,SPARS,7,56,11,972.00,"10,692.00"
2020-09-09,2020090901028534,SPARS,7,45,11,971.00,"10,681.00"
2020-09-09,2020090901028533,SPARS,7,33,58,970.00,"56,260.00"
2020-09-09,2020090901028532,SPARS,7,43,11,970.00,"10,670.00"
2020-09-09,2020090901028531,SPARS,7,41,21,970.00,"20,370.00"
2020-09-09,2020090901028192,SPARS,46,57,100,965.00,"96,500.00"
2020-09-09,2020090901028556,SPDL,42,49,450,133.00,"59,850.00"
2020-09-09,2020090901028555,SPDL,42,6,50,133.00,"6,650.00"
2020-09-09,2020090901028262,SRBL,34,34,300,228.00,"68,400.00"
2020-09-09,2020090901028133,SRBL,44,34,50,228.00,"11,400.00"
2020-09-09,2020090901028253,STC,7,33,10,"3,469.00","34,690.00"
2020-09-09,2020090901028218,SWBBL,16,33,200,"1,265.00","253,000.00"
2020-09-09,2020090901028217,SWBBL,1,33,100,"1,267.00","126,700.00"
2020-09-09,2020090901028145,SWBBL,1,21,20,"1,271.00","25,420.00"
2020-09-09,2020090901028144,SWBBL,1,56,100,"1,271.00","127,100.00"
2020-09-09,2020090901028160,TRH,17,45,881,213.00,"187,653.00"
2020-09-09,2020090901028529,UIC,5,16,100,426.00,"42,600.00"
2020-09-09,2020090901028528,UIC,5,16,100,426.00,"42,600.00"
2020-09-09,2020090901028566,UPCL,59,41,10,95.00,950.00
2020-09-09,2020090901028330,UPCL,44,42,10,94.00,940.00
2020-09-09,2020090901028205,UPCL,59,41,10,95.00,950.00
2020-09-09,2020090901028498,UPPER,43,16,301,251.00,"75,551.00"
2020-09-09,2020090901028497,UPPER,43,10,600,251.00,"150,600.00"
2020-09-09,2020090901028496,UPPER,43,43,50,251.00,"12,550.00"
2020-09-09,2020090901028223,USLB,11,34,40,"1,265.00","50,600.00"
2020-09-09,2020090901028222,USLB,47,34,10,"1,266.00","12,660.00"
2020-09-09,2020090901028522,VLBS,32,55,50,937.00,"46,850.00"
2020-09-09,2020090901028521,VLBS,45,55,196,937.00,"183,652.00"
2020-09-09,2020090901028334,WOMI,42,58,50,895.00,"44,750.00"
2020-09-09,2020090901028263,WOMI,42,11,48,895.00,"42,960.00"
2020-09-09,2020090901028081,ACLBSL,45,55,50,775.00,"38,750.00"
2020-09-09,2020090901027959,ACLBSL,45,36,10,775.00,"7,750.00"
2020-09-09,2020090901027859,ACLBSL,45,38,10,775.00,"7,750.00"
2020-09-09,2020090901027735,ACLBSL,25,11,10,769.00,"7,690.00"
2020-09-09,2020090901027721,ACLBSL,34,19,20,777.00,"15,540.00"
2020-09-09,2020090901028018,AIL,42,19,198,517.00,"102,366.00"
2020-09-09,2020090901027944,AIL,45,35,10,518.00,"5,180.00"
2020-09-09,2020090901027943,AIL,45,14,20,518.00,"10,360.00"
2020-09-09,2020090901027942,AIL,45,58,10,518.00,"5,180.00"
2020-09-09,2020090901027941,AIL,45,21,10,518.00,"5,180.00"
2020-09-09,2020090901027940,AIL,45,45,30,518.00,"15,540.00"
2020-09-09,2020090901027939,AIL,45,50,10,518.00,"5,180.00"
2020-09-09,2020090901027938,AIL,45,58,10,518.00,"5,180.00"
2020-09-09,2020090901027712,AIL,22,34,185,517.00,"95,645.00"
2020-09-09,2020090901027929,AKJCL,35,25,400,66.00,"26,400.00"
2020-09-09,2020090901027928,AKJCL,35,52,100,66.00,"6,600.00"
2020-09-09,2020090901027851,AKJCL,32,37,80,65.00,"5,200.00"
2020-09-09,2020090901027689,AKPL,10,40,500,162.00,"81,000.00"
2020-09-09,2020090901027761,ALBSL,38,4,11,961.00,"10,571.00"
2020-09-09,2020090901027910,ALICL,7,39,30,734.00,"22,020.00"
2020-09-09,2020090901028031,BARUN,6,42,10,105.00,"1,050.00"
2020-09-09,2020090901028030,BARUN,6,42,10,105.00,"1,050.00"
2020-09-09,2020090901027972,BARUN,48,37,94,105.00,"9,870.00"
2020-09-09,2020090901027717,BPCL,34,25,70,387.00,"27,090.00"
2020-09-09,2020090901028109,CBBL,56,34,36,"1,118.00","40,248.00"
2020-09-09,2020090901028068,CBBL,56,57,88,"1,118.00","98,384.00"
2020-09-09,2020090901027936,CBBL,56,47,346,"1,118.00","386,828.00"
2020-09-09,2020090901027850,CBBL,35,28,50,"1,119.00","55,950.00"
2020-09-09,2020090901027764,CBBL,56,42,30,"1,118.00","33,540.00"
2020-09-09,2020090901028037,CCBL,42,29,300,173.00,"51,900.00"
2020-09-09,2020090901027877,CHCL,57,57,10,465.00,"4,650.00"
2020-09-09,2020090901028108,CIT,48,5,10,"3,630.00","36,300.00"
2020-09-09,2020090901028008,CIT,48,5,10,"3,630.00","36,300.00"
2020-09-09,2020090901027906,CIT,35,40,70,"3,616.00","253,120.00"
2020-09-09,2020090901027905,CIT,49,40,50,"3,616.00","180,800.00"
2020-09-09,2020090901027904,CIT,42,40,20,"3,620.00","72,400.00"
2020-09-09,2020090901027903,CIT,49,40,100,"3,620.00","362,000.00"
2020-09-09,2020090901027902,CIT,16,40,90,"3,620.00","325,800.00"
2020-09-09,2020090901027794,CIT,16,21,10,"3,620.00","36,200.00"
2020-09-09,2020090901027758,CIT,54,5,30,"3,630.00","108,900.00"
2020-09-09,2020090901027682,CIT,59,5,10,"3,630.00","36,300.00"
2020-09-09,2020090901027825,CLBSL,42,17,11,724.00,"7,964.00"
2020-09-09,2020090901028039,CORBL,34,46,50,132.00,"6,600.00"
2020-09-09,2020090901027991,CZBIL,38,26,351,193.00,"67,743.00"
2020-09-09,2020090901027990,CZBIL,38,17,149,193.00,"28,757.00"
2020-09-09,2020090901027844,CZBIL,21,43,200,192.00,"38,400.00"
2020-09-09,2020090901027833,CZBIL,38,17,51,193.00,"9,843.00"
2020-09-09,2020090901027832,CZBIL,38,49,103,193.00,"19,879.00"
2020-09-09,2020090901027831,CZBIL,38,5,146,193.00,"28,178.00"
2020-09-09,2020090901028067,EBL,10,26,300,721.00,"216,300.00"
2020-09-09,2020090901028066,EBL,53,26,100,722.00,"72,200.00"
2020-09-09,2020090901028082,EIC,28,22,10,504.00,"5,040.00"
2020-09-09,2020090901027847,EIC,28,26,110,504.00,"55,440.00"
2020-09-09,2020090901027768,EIC,38,26,890,504.00,"448,560.00"
2020-09-09,2020090901027767,EIC,38,10,110,504.00,"55,440.00"
2020-09-09,2020090901027745,EIC,38,10,40,504.00,"20,160.00"
2020-09-09,2020090901027744,EIC,38,45,300,504.00,"151,200.00"
2020-09-09,2020090901027743,EIC,38,7,10,504.00,"5,040.00"
2020-09-09,2020090901027742,EIC,38,39,200,504.00,"100,800.00"
2020-09-09,2020090901027741,EIC,38,13,450,504.00,"226,800.00"
2020-09-09,2020090901028079,FMDBL,42,54,170,580.00,"98,600.00"
2020-09-09,2020090901028078,FMDBL,58,54,60,580.00,"34,800.00"
2020-09-09,2020090901028077,FMDBL,38,54,170,580.00,"98,600.00"
2020-09-09,2020090901028073,FMDBL,38,45,101,580.00,"58,580.00"
2020-09-09,2020090901028061,FMDBL,21,56,45,581.00,"26,145.00"
2020-09-09,2020090901027870,FMDBL,59,56,100,581.00,"58,100.00"
2020-09-09,2020090901027634,FMDBL,38,56,206,580.00,"119,480.00"
2020-09-09,2020090901028042,FOWAD,45,57,19,"1,600.00","30,400.00"
2020-09-09,2020090901028041,FOWAD,45,35,50,"1,600.00","80,000.00"
2020-09-09,2020090901028040,FOWAD,45,43,19,"1,599.00","30,381.00"
2020-09-09,2020090901027747,GBBL,44,48,200,236.00,"47,200.00"
2020-09-09,2020090901027948,GBIME,42,28,355,260.00,"92,300.00"
2020-09-09,2020090901027947,GBIME,42,35,645,260.00,"167,700.00"
2020-09-09,2020090901027878,GBIME,45,45,105,259.00,"27,195.00"
2020-09-09,2020090901028058,GBLBS,22,53,45,554.00,"24,930.00"
2020-09-09,2020090901028057,GBLBS,32,53,100,554.00,"55,400.00"
2020-09-09,2020090901027700,GBLBS,32,26,100,554.00,"55,400.00"
2020-09-09,2020090901028102,GFCL,11,59,250,156.00,"39,000.00"
2020-09-09,2020090901028101,GFCL,11,38,500,156.00,"78,000.00"
2020-09-09,2020090901028100,GFCL,11,33,100,156.00,"15,600.00"
2020-09-09,2020090901028099,GFCL,11,38,500,155.00,"77,500.00"
2020-09-09,2020090901028098,GFCL,11,47,110,155.00,"17,050.00"
2020-09-09,2020090901028097,GFCL,11,36,100,155.00,"15,500.00"
2020-09-09,2020090901028096,GFCL,11,34,"1,693",153.00,"259,029.00"
2020-09-09,2020090901027930,GGBSL,11,38,10,857.00,"8,570.00"
2020-09-09,2020090901027760,GGBSL,57,47,20,856.00,"17,120.00"
2020-09-09,2020090901027649,GHL,36,47,30,67.00,"2,010.00"
2020-09-09,2020090901027648,GHL,36,16,20,67.00,"1,340.00"
2020-09-09,2020090901028117,GILB,49,16,10,"1,219.00","12,190.00"
2020-09-09,2020090901028103,GLBSL,42,38,10,802.00,"8,020.00"
2020-09-09,2020090901027975,GLICL,32,57,100,593.00,"59,300.00"
2020-09-09,2020090901027974,GLICL,51,57,30,593.00,"17,790.00"
2020-09-09,2020090901027973,GLICL,43,57,125,593.00,"74,125.00"
2020-09-09,2020090901027912,GLICL,43,33,25,593.00,"14,825.00"
2020-09-09,2020090901028086,HBL,58,48,70,547.00,"38,290.00"
2020-09-09,2020090901028085,HBL,35,48,14,547.00,"7,658.00"
2020-09-09,2020090901028084,HBL,6,48,216,547.00,"118,152.00"
2020-09-09,2020090901028071,HBL,6,34,84,547.00,"45,948.00"
2020-09-09,2020090901028070,HBL,53,34,56,547.00,"30,632.00"
2020-09-09,2020090901027950,HBL,53,40,64,547.00,"35,008.00"
2020-09-09,2020090901027949,HBL,26,40,135,547.00,"73,845.00"
2020-09-09,2020090901028123,HDL,38,58,300,"1,831.00","549,300.00"
2020-09-09,2020090901028122,HDL,38,57,200,"1,831.00","366,200.00"
2020-09-09,2020090901028012,HDL,49,58,500,"1,830.00","915,000.00"
2020-09-09,2020090901027686,HDL,34,16,555,"1,832.00","1,016,760.00"
2020-09-09,2020090901027671,HGI,14,26,50,477.00,"23,850.00"
2020-09-09,2020090901027633,HGI,48,38,100,478.00,"47,800.00"
2020-09-09,2020090901028116,HIDCL,33,59,61,145.00,"8,845.00"
2020-09-09,2020090901027880,HIDCL,57,58,"1,969",147.00,"289,443.00"
2020-09-09,2020090901027879,HIDCL,57,50,31,146.00,"4,526.00"
2020-09-09,2020090901028111,ILBS,4,19,10,853.00,"8,530.00"
2020-09-09,2020090901027874,JFL,6,32,200,167.00,"33,400.00"
2020-09-09,2020090901027873,JFL,34,32,800,167.00,"133,600.00"
2020-09-09,2020090901027890,JSLBB,40,8,10,"1,420.00","14,200.00"
2020-09-09,2020090901028094,KBL,44,40,400,186.00,"74,400.00"
2020-09-09,2020090901028093,KBL,49,40,500,186.00,"93,000.00"
2020-09-09,2020090901028092,KBL,21,40,10,186.00,"1,860.00"
2020-09-09,2020090901028091,KBL,20,40,500,186.00,"93,000.00"
2020-09-09,2020090901028090,KBL,6,40,100,186.00,"18,600.00"
2020-09-09,2020090901028089,KBL,54,40,50,186.00,"9,300.00"
2020-09-09,2020090901028088,KBL,49,40,53,186.00,"9,858.00"
2020-09-09,2020090901028076,KBL,57,17,100,187.00,"18,700.00"
2020-09-09,2020090901028003,KBL,49,45,47,186.00,"8,742.00"
2020-09-09,2020090901028002,KBL,33,45,53,186.00,"9,858.00"
2020-09-09,2020090901027800,KPCL,1,25,10,119.00,"1,190.00"
2020-09-09,2020090901027799,KPCL,56,25,135,119.00,"16,065.00"
2020-09-09,2020090901027806,KPCL,28,25,200,118.00,"23,600.00"
2020-09-09,2020090901027805,KPCL,49,25,"1,000",118.00,"118,000.00"
2020-09-09,2020090901027804,KPCL,59,25,50,118.00,"5,900.00"
2020-09-09,2020090901027803,KPCL,50,25,"1,150",118.00,"135,700.00"
2020-09-09,2020090901027802,KPCL,39,25,100,118.00,"11,800.00"
2020-09-09,2020090901027801,KPCL,19,25,170,118.00,"20,060.00"
2020-09-09,2020090901027812,KPCL,44,25,200,117.00,"23,400.00"
2020-09-09,2020090901027811,KPCL,6,25,100,117.00,"11,700.00"
2020-09-09,2020090901027810,KPCL,38,25,20,117.00,"2,340.00"
2020-09-09,2020090901027809,KPCL,45,25,100,117.00,"11,700.00"
2020-09-09,2020090901027808,KPCL,33,25,80,117.00,"9,360.00"
2020-09-09,2020090901027807,KPCL,45,25,20,117.00,"2,340.00"
2020-09-09,2020090901027909,KPCL,42,4,10,117.00,"1,170.00"
2020-09-09,2020090901027816,KPCL,42,25,25,117.00,"2,925.00"
2020-09-09,2020090901027815,KPCL,17,25,100,117.00,"11,700.00"
2020-09-09,2020090901027814,KPCL,46,25,440,117.00,"51,480.00"
2020-09-09,2020090901027813,KPCL,17,25,100,117.00,"11,700.00"
2020-09-09,2020090901028006,LBBL,8,44,277,182.00,"50,414.00"
2020-09-09,2020090901028005,LBBL,8,44,200,182.00,"36,400.00"
2020-09-09,2020090901028004,LBBL,45,44,573,182.00,"104,286.00"
2020-09-09,2020090901027908,LBBL,45,36,120,182.00,"21,840.00"
2020-09-09,2020090901027786,LBBL,45,57,200,182.00,"36,400.00"
2020-09-09,2020090901028121,LBL,10,55,50,233.00,"11,650.00"
2020-09-09,2020090901028063,LGIL,56,42,33,521.00,"17,193.00"
2020-09-09,2020090901028062,LGIL,26,42,17,522.00,"8,874.00"
2020-09-09,2020090901028001,LGIL,26,44,483,522.00,"252,126.00"
2020-09-09,2020090901027911,LGIL,5,44,200,522.00,"104,400.00"
2020-09-09,2020090901027892,LGIL,29,44,200,522.00,"104,400.00"
2020-09-09,2020090901027846,LGIL,56,3,33,521.00,"17,193.00"
2020-09-09,2020090901027845,LGIL,50,3,102,521.00,"53,142.00"
2020-09-09,2020090901027861,MBL,44,40,150,223.00,"33,450.00"
2020-09-09,2020090901027860,MBL,39,40,117,223.00,"26,091.00"
2020-09-09,2020090901027659,MBL,39,59,100,223.00,"22,300.00"
2020-09-09,2020090901027862,MDB,54,48,10,338.00,"3,380.00"
2020-09-09,2020090901027773,MEGA,36,38,32,219.00,"7,008.00"
2020-09-09,2020090901027658,MEGA,36,57,300,219.00,"65,700.00"
2020-09-09,2020090901028020,MERO,21,19,84,726.00,"60,984.00"
2020-09-09,2020090901027638,MERO,58,40,150,726.00,"108,900.00"
2020-09-09,2020090901027637,MERO,49,40,50,726.00,"36,300.00"
2020-09-09,2020090901027780,MERO,58,19,176,726.00,"127,776.00"
2020-09-09,2020090901027875,MERO,58,19,74,726.00,"53,724.00"
2020-09-09,2020090901027785,MLBBL,37,5,95,795.00,"75,525.00"
2020-09-09,2020090901027784,MLBBL,37,44,10,795.00,"7,950.00"
2020-09-09,2020090901027783,MLBBL,37,59,10,795.00,"7,950.00"
2020-09-09,2020090901027688,MLBL,45,49,50,193.00,"9,650.00"
2020-09-09,2020090901027797,MNBBL,1,36,287,322.00,"92,414.00"
2020-09-09,2020090901027702,MNBBL,29,48,47,321.00,"15,087.00"
2020-09-09,2020090901027701,MNBBL,40,48,47,321.00,"15,087.00"
2020-09-09,2020090901027691,MSMBS,45,11,11,739.00,"8,129.00"
2020-09-09,2020090901027970,NABIL,16,1,255,841.00,"214,455.00"
2020-09-09,2020090901027969,NABIL,45,1,100,842.00,"84,200.00"
2020-09-09,2020090901027968,NABIL,25,1,"1,000",842.00,"842,000.00"
2020-09-09,2020090901027967,NABIL,46,1,100,842.00,"84,200.00"
2020-09-09,2020090901027966,NABIL,47,1,20,842.00,"16,840.00"
2020-09-09,2020090901027965,NABIL,22,1,50,842.00,"42,100.00"
2020-09-09,2020090901027751,NABIL,40,5,30,843.00,"25,290.00"
2020-09-09,2020090901027750,NABIL,40,17,50,843.00,"42,150.00"
2020-09-09,2020090901027964,NABIL,50,1,215,842.00,"181,030.00"
2020-09-09,2020090901027963,NABIL,54,1,10,843.00,"8,430.00"
2020-09-09,2020090901027962,NABIL,34,1,50,843.00,"42,150.00"
2020-09-09,2020090901027961,NABIL,45,1,200,843.00,"168,600.00"
2020-09-09,2020090901027753,NABIL,40,57,115,843.00,"96,945.00"
2020-09-09,2020090901027752,NABIL,40,44,50,843.00,"42,150.00"
2020-09-09,2020090901027971,NADEP,26,58,100,703.00,"70,300.00"
2020-09-09,2020090901027641,NADEP,16,26,43,700.00,"30,100.00"
2020-09-09,2020090901027728,NADEP,34,40,100,702.00,"70,200.00"
2020-09-09,2020090901027642,NADEP,48,26,10,700.00,"7,000.00"
2020-09-09,2020090901027891,NBF2,49,11,200,10.20,"2,040.00"
2020-09-09,2020090901027657,NBF2,49,11,200,10.20,"2,040.00"
2020-09-09,2020090901028032,NBL,58,57,198,301.00,"59,598.00"
2020-09-09,2020090901027887,NBL,5,49,350,300.00,"105,000.00"
2020-09-09,2020090901027655,NBL,5,53,412,300.00,"123,600.00"
2020-09-09,2020090901027654,NBL,42,53,100,300.00,"30,000.00"
2020-09-09,2020090901027653,NBL,59,53,400,300.00,"120,000.00"
2020-09-09,2020090901027652,NBL,45,53,300,300.00,"90,000.00"
2020-09-09,2020090901027651,NBL,58,53,300,300.00,"90,000.00"
2020-09-09,2020090901027650,NBL,50,53,488,300.00,"146,400.00"
2020-09-09,2020090901028009,NCCB,39,50,27,195.00,"5,265.00"
2020-09-09,2020090901027830,NCCB,33,56,155,196.00,"30,380.00"
2020-09-09,2020090901027822,NCCB,33,49,145,196.00,"28,420.00"
2020-09-09,2020090901027821,NCCB,17,49,"1,000",196.00,"196,000.00"
2020-09-09,2020090901027820,NCCB,39,49,"4,766",196.00,"934,136.00"
2020-09-09,2020090901027796,NCCB,39,57,234,196.00,"45,864.00"
2020-09-09,2020090901027795,NCCB,40,57,266,196.00,"52,136.00"
2020-09-09,2020090901027771,NCCB,40,40,"1,234",196.00,"241,864.00"
2020-09-09,2020090901027770,NCCB,37,40,182,196.00,"35,672.00"
2020-09-09,2020090901027769,NCCB,39,40,583,196.00,"114,268.00"
2020-09-09,2020090901028095,NFS,57,28,20,172.00,"3,440.00"
2020-09-09,2020090901027692,NGPL,26,22,11,139.00,"1,529.00"
2020-09-09,2020090901027888,NHPC,50,48,765,58.00,"44,370.00"
2020-09-09,2020090901028075,NICA,59,45,160,576.00,"92,160.00"
2020-09-09,2020090901027759,NICA,43,7,10,575.00,"5,750.00"
2020-09-09,2020090901027643,NICA,17,45,90,576.00,"51,840.00"
2020-09-09,2020090901027787,NICGF,42,48,"1,000",11.19,"11,190.00"
2020-09-09,2020090901027681,NICGF,59,48,500,11.19,"5,595.00"
2020-09-09,2020090901028035,NICL,43,6,400,548.00,"219,200.00"
2020-09-09,2020090901028034,NICL,43,33,500,547.00,"273,500.00"
2020-09-09,2020090901028033,NICL,43,33,100,547.00,"54,700.00"
2020-09-09,2020090901027755,NICL,4,44,200,547.00,"109,400.00"
2020-09-09,2020090901027754,NICL,45,44,480,547.00,"262,560.00"
2020-09-09,2020090901027635,NICL,16,6,200,548.00,"109,600.00"
2020-09-09,2020090901027632,NICL,3,6,161,548.00,"88,228.00"
2020-09-09,2020090901027631,NICL,3,33,39,548.00,"21,372.00"
2020-09-09,2020090901027872,NICL,28,33,100,547.00,"54,700.00"
2020-09-09,2020090901027871,NICL,39,33,300,547.00,"164,100.00"
2020-09-09,2020090901027757,NICL,1,44,50,547.00,"27,350.00"
2020-09-09,2020090901027756,NICL,6,44,"1,994",547.00,"1,090,720.00"
2020-09-09,2020090901028107,NIL,13,50,616,828.00,"510,048.00"
2020-09-09,2020090901027697,NIL,42,40,424,825.00,"349,800.00"
2020-09-09,2020090901027696,NIL,32,40,100,825.00,"82,500.00"
2020-09-09,2020090901027695,NIL,13,40,500,825.00,"412,500.00"
2020-09-09,2020090901027694,NIL,35,40,100,825.00,"82,500.00"
2020-09-09,2020090901027693,NIL,50,40,76,826.00,"62,776.00"
2020-09-09,2020090901027669,NIL,50,47,17,826.00,"14,042.00"
2020-09-09,2020090901028010,NLBBL,29,38,10,787.00,"7,870.00"
2020-09-09,2020090901027788,NLBBL,34,25,100,782.00,"78,200.00"
2020-09-09,2020090901028074,NLIC,25,34,50,"1,380.00","69,000.00"
2020-09-09,2020090901027716,NLIC,21,19,130,"1,380.00","179,400.00"
2020-09-09,2020090901027715,NLIC,21,49,22,"1,380.00","30,360.00"
2020-09-09,2020090901027714,NLIC,21,45,100,"1,380.00","138,000.00"
2020-09-09,2020090901027713,NLIC,21,48,86,"1,380.00","118,680.00"
2020-09-09,2020090901027687,NLIC,51,25,50,"1,379.00","68,950.00"
2020-09-09,2020090901028069,NMB,57,36,100,419.00,"41,900.00"
2020-09-09,2020090901028059,NMB,45,28,100,420.00,"42,000.00"
2020-09-09,2020090901027711,NMB,57,7,30,419.00,"12,570.00"
2020-09-09,2020090901027630,NMB,57,25,50,419.00,"20,950.00"
2020-09-09,2020090901027629,NMB,44,25,150,419.00,"62,850.00"
2020-09-09,2020090901027628,NMB,44,58,50,419.00,"20,950.00"
2020-09-09,2020090901027647,NMBMF,58,45,125,820.00,"102,500.00"
2020-09-09,2020090901028125,NRIC,34,59,80,890.00,"71,200.00"
2020-09-09,2020090901028118,NRIC,49,38,50,889.00,"44,450.00"
2020-09-09,2020090901028083,NRIC,49,8,30,889.00,"26,670.00"
2020-09-09,2020090901028080,NRIC,49,58,10,889.00,"8,890.00"
2020-09-09,2020090901028064,NRIC,49,54,40,889.00,"35,560.00"
2020-09-09,2020090901028056,NRIC,21,59,420,890.00,"373,800.00"
2020-09-09,2020090901027664,NRIC,6,45,80,889.00,"71,120.00"
2020-09-09,2020090901027663,NRIC,6,10,10,889.00,"8,890.00"
2020-09-09,2020090901027772,NRIC,16,58,18,889.00,"16,002.00"
2020-09-09,2020090901027706,NRIC,6,58,32,889.00,"28,448.00"
2020-09-09,2020090901027699,NRIC,6,7,298,889.00,"264,922.00"
2020-09-09,2020090901027698,NRIC,35,7,100,890.00,"89,000.00"
2020-09-09,2020090901027673,NRIC,6,38,40,889.00,"35,560.00"
2020-09-09,2020090901027665,NRIC,6,8,40,889.00,"35,560.00"
2020-09-09,2020090901027898,NRIC,45,7,50,888.00,"44,400.00"
2020-09-09,2020090901027896,NRIC,45,58,10,888.00,"8,880.00"
2020-09-09,2020090901027876,NRIC,16,36,50,889.00,"44,450.00"
2020-09-09,2020090901027869,NRIC,48,57,60,890.00,"53,400.00"
2020-09-09,2020090901027868,NRIC,48,47,40,890.00,"35,600.00"
2020-09-09,2020090901027843,NRIC,16,58,30,889.00,"26,670.00"
2020-09-09,2020090901027933,NRIC,19,25,100,890.00,"89,000.00"
2020-09-09,2020090901027932,NRIC,19,40,100,889.00,"88,900.00"
2020-09-09,2020090901027931,NRIC,34,28,40,888.00,"35,520.00"
2020-09-09,2020090901027901,NRIC,34,7,50,888.00,"44,400.00"
2020-09-09,2020090901027900,NRIC,6,7,100,888.00,"88,800.00"
2020-09-09,2020090901027899,NRIC,21,7,20,888.00,"17,760.00"
2020-09-09,2020090901028043,NRIC,21,57,20,890.00,"17,800.00"
2020-09-09,2020090901028038,NRIC,49,34,40,889.00,"35,560.00"
2020-09-09,2020090901028036,NRIC,49,55,10,889.00,"8,890.00"
2020-09-09,2020090901028013,NRIC,49,18,40,889.00,"35,560.00"
2020-09-09,2020090901028000,NRIC,49,19,25,889.00,"22,225.00"
2020-09-09,2020090901027958,NRIC,57,57,10,890.00,"8,900.00"
2020-09-09,2020090901028049,NRIC,21,47,50,890.00,"44,500.00"
2020-09-09,2020090901028048,NRIC,21,10,40,890.00,"35,600.00"
2020-09-09,2020090901028047,NRIC,21,19,50,890.00,"44,500.00"
2020-09-09,2020090901028046,NRIC,21,47,40,890.00,"35,600.00"
2020-09-09,2020090901028045,NRIC,21,19,50,890.00,"44,500.00"
2020-09-09,2020090901028044,NRIC,21,47,40,890.00,"35,600.00"
2020-09-09,2020090901028055,NRIC,21,37,40,890.00,"35,600.00"
2020-09-09,2020090901028054,NRIC,21,37,40,890.00,"35,600.00"
2020-09-09,2020090901028053,NRIC,21,47,40,890.00,"35,600.00"
2020-09-09,2020090901028052,NRIC,21,49,100,890.00,"89,000.00"
2020-09-09,2020090901028051,NRIC,21,47,40,890.00,"35,600.00"
2020-09-09,2020090901028050,NRIC,21,42,30,890.00,"26,700.00"
2020-09-09,2020090901027690,NRN,6,38,100,354.00,"35,400.00"
2020-09-09,2020090901027829,PCBL,49,59,79,275.00,"21,725.00"
2020-09-09,2020090901027828,PCBL,50,59,100,275.00,"27,500.00"
2020-09-09,2020090901027827,PCBL,6,59,520,275.00,"143,000.00"
2020-09-09,2020090901027826,PCBL,29,59,30,275.00,"8,250.00"
2020-09-09,2020090901027680,PCBL,29,54,20,275.00,"5,500.00"
2020-09-09,2020090901027679,PCBL,1,54,50,275.00,"13,750.00"
2020-09-09,2020090901027678,PCBL,50,54,"3,570",275.00,"981,750.00"
2020-09-09,2020090901027677,PCBL,39,54,200,275.00,"55,000.00"
2020-09-09,2020090901027676,PCBL,10,54,200,275.00,"55,000.00"
2020-09-09,2020090901027675,PCBL,29,54,960,275.00,"264,000.00"
2020-09-09,2020090901028065,PIC,57,53,170,764.00,"129,880.00"
2020-09-09,2020090901027992,PIC,45,34,30,763.00,"22,890.00"
2020-09-09,2020090901027889,PIC,45,53,30,764.00,"22,920.00"
2020-09-09,2020090901027656,PIC,57,4,94,763.00,"71,722.00"
2020-09-09,2020090901027999,PICL,58,38,40,533.00,"21,320.00"
2020-09-09,2020090901027998,PICL,58,49,50,533.00,"26,650.00"
2020-09-09,2020090901027777,PICL,1,49,150,533.00,"79,950.00"
2020-09-09,2020090901027946,PLIC,16,22,50,653.00,"32,650.00"
2020-09-09,2020090901027668,PLIC,16,49,100,653.00,"65,300.00"
2020-09-09,2020090901027626,PPCL,52,7,20,128.00,"2,560.00"
2020-09-09,2020090901027776,PRIN,50,32,35,603.00,"21,105.00"
2020-09-09,2020090901027727,PRIN,50,44,100,603.00,"60,300.00"
2020-09-09,2020090901027726,PRIN,39,44,200,603.00,"120,600.00"
2020-09-09,2020090901027718,PRIN,10,44,50,604.00,"30,200.00"
2020-09-09,2020090901027775,PRVU,16,1,900,227.00,"204,300.00"
2020-09-09,2020090901027746,PRVU,44,1,100,227.00,"22,700.00"
2020-09-09,2020090901028021,RHPC,55,37,100,99.00,"9,900.00"
2020-09-09,2020090901027849,RHPC,5,37,500,99.00,"49,500.00"
2020-09-09,2020090901027848,RHPC,57,37,500,99.00,"49,500.00"
2020-09-09,2020090901027907,RHPL,28,44,50,169.00,"8,450.00"
2020-09-09,2020090901027895,RHPL,28,58,200,169.00,"33,800.00"
2020-09-09,2020090901027765,RHPL,28,13,28,169.00,"4,732.00"
2020-09-09,2020090901027720,RHPL,50,38,40,166.00,"6,640.00"
2020-09-09,2020090901027670,RHPL,50,13,12,169.00,"2,028.00"
2020-09-09,2020090901027667,RHPL,50,4,20,169.00,"3,380.00"
2020-09-09,2020090901027666,RHPL,50,28,40,169.00,"6,760.00"
2020-09-09,2020090901027662,RHPL,50,38,500,170.00,"85,000.00"
2020-09-09,2020090901027661,RHPL,50,49,100,170.00,"17,000.00"
2020-09-09,2020090901027636,RHPL,50,59,468,169.00,"79,092.00"
2020-09-09,2020090901028016,RMDC,22,34,70,875.00,"61,250.00"
2020-09-09,2020090901028015,RMDC,3,34,60,875.00,"52,500.00"
2020-09-09,2020090901028014,RMDC,4,34,200,875.00,"175,000.00"
2020-09-09,2020090901027724,RMDC,4,25,200,875.00,"175,000.00"
2020-09-09,2020090901027640,RMDC,1,42,50,876.00,"43,800.00"
2020-09-09,2020090901027789,RRHP,40,36,10,107.00,"1,070.00"
2020-09-09,2020090901027740,RRHP,40,32,10,106.00,"1,060.00"
2020-09-09,2020090901027739,RRHP,40,46,10,106.00,"1,060.00"
2020-09-09,2020090901027792,RSDC,40,35,10,545.00,"5,450.00"
2020-09-09,2020090901027791,RSDC,49,35,50,545.00,"27,250.00"
2020-09-09,2020090901027858,SABSL,28,32,11,884.00,"9,724.00"
2020-09-09,2020090901027674,SABSL,16,14,100,884.00,"88,400.00"
2020-09-09,2020090901027996,SANIMA,57,48,219,338.00,"74,022.00"
2020-09-09,2020090901027995,SANIMA,22,48,70,338.00,"23,660.00"
2020-09-09,2020090901027994,SANIMA,22,48,70,338.00,"23,660.00"
2020-09-09,2020090901027993,SANIMA,7,48,141,338.00,"47,658.00"
2020-09-09,2020090901027989,SANIMA,22,6,50,339.00,"16,950.00"
2020-09-09,2020090901027937,SANIMA,17,6,100,339.00,"33,900.00"
2020-09-09,2020090901027779,SANIMA,13,6,150,339.00,"50,850.00"
2020-09-09,2020090901027660,SANIMA,7,39,110,338.00,"37,180.00"
2020-09-09,2020090901027819,SBL,26,22,500,299.00,"149,500.00"
2020-09-09,2020090901027881,SCB,56,46,15,651.00,"9,765.00"
2020-09-09,2020090901027865,SCB,17,50,310,650.00,"201,500.00"
2020-09-09,2020090901027864,SCB,38,50,50,650.00,"32,500.00"
2020-09-09,2020090901027863,SCB,49,50,10,650.00,"6,500.00"
2020-09-09,2020090901027834,SCB,39,46,10,651.00,"6,510.00"
2020-09-09,2020090901027798,SCB,49,5,14,650.00,"9,100.00"
2020-09-09,2020090901027730,SCB,6,46,100,651.00,"65,100.00"
2020-09-09,2020090901027729,SCB,36,46,50,651.00,"32,550.00"
2020-09-09,2020090901027703,SCB,56,49,20,652.00,"13,040.00"
2020-09-09,2020090901027997,SDLBSL,48,25,10,852.00,"8,520.00"
2020-09-09,2020090901027793,SDLBSL,48,11,10,852.00,"8,520.00"
2020-09-09,2020090901027646,SDLBSL,48,46,10,852.00,"8,520.00"
2020-09-09,2020090901027897,SEF,44,57,100,9.10,910.00
2020-09-09,2020090901028019,SFMF,44,26,100,9.36,936.00
2020-09-09,2020090901027685,SHIVM,1,3,265,745.00,"197,425.00"
2020-09-09,2020090901027684,SHIVM,1,46,170,745.00,"126,650.00"
2020-09-09,2020090901027824,SHL,39,52,200,158.00,"31,600.00"
2020-09-09,2020090901028011,SHPC,36,22,60,263.00,"15,780.00"
2020-09-09,2020090901027818,SHPC,38,52,133,264.00,"35,112.00"
2020-09-09,2020090901027817,SHPC,38,44,67,263.00,"17,621.00"
2020-09-09,2020090901027725,SHPC,32,29,38,262.00,"9,956.00"
2020-09-09,2020090901027778,SIC,34,47,17,889.00,"15,113.00"
2020-09-09,2020090901028120,SICL,50,34,500,"1,366.00","683,000.00"
2020-09-09,2020090901028115,SICL,34,34,297,"1,370.00","406,890.00"
2020-09-09,2020090901028114,SICL,34,43,50,"1,370.00","68,500.00"
2020-09-09,2020090901028113,SICL,34,10,25,"1,370.00","34,250.00"
2020-09-09,2020090901028112,SICL,34,53,128,"1,370.00","175,360.00"
2020-09-09,2020090901027836,SICL,49,10,200,"1,369.00","273,800.00"
2020-09-09,2020090901027835,SICL,49,28,50,"1,369.00","68,450.00"
2020-09-09,2020090901027738,SICL,6,6,70,"1,365.00","95,550.00"
2020-09-09,2020090901027737,SICL,32,6,130,"1,365.00","177,450.00"
2020-09-09,2020090901027841,SICL,56,59,12,"1,365.00","16,380.00"
2020-09-09,2020090901027840,SICL,45,59,20,"1,365.00","27,300.00"
2020-09-09,2020090901027839,SICL,6,59,30,"1,365.00","40,950.00"
2020-09-09,2020090901027838,SICL,49,53,554,"1,370.00","758,980.00"
2020-09-09,2020090901027837,SICL,49,36,196,"1,369.00","268,324.00"
2020-09-09,2020090901027927,SIL,1,10,200,754.00,"150,800.00"
2020-09-09,2020090901027926,SIL,25,10,100,754.00,"75,400.00"
2020-09-09,2020090901027925,SIL,53,10,500,754.00,"377,000.00"
2020-09-09,2020090901027924,SIL,11,10,100,754.00,"75,400.00"
2020-09-09,2020090901027923,SIL,58,10,100,754.00,"75,400.00"
2020-09-09,2020090901027960,SJCL,20,44,10,145.00,"1,450.00"
2020-09-09,2020090901027774,SJCL,20,38,10,145.00,"1,450.00"
2020-09-09,2020090901027733,SKBBL,35,28,35,"1,360.00","47,600.00"
2020-09-09,2020090901027708,SLBBL,58,6,50,904.00,"45,200.00"
2020-09-09,2020090901027707,SLBBL,58,53,50,904.00,"45,200.00"
2020-09-09,2020090901027763,SLBBL,16,59,10,905.00,"9,050.00"
2020-09-09,2020090901027762,SLBBL,16,1,50,905.00,"45,250.00"
2020-09-09,2020090901027710,SLBBL,58,32,25,904.00,"22,600.00"
2020-09-09,2020090901027709,SLBBL,58,28,400,904.00,"361,600.00"
2020-09-09,2020090901027977,SLBBL,58,6,25,907.00,"22,675.00"
2020-09-09,2020090901027976,SLBBL,58,6,20,906.00,"18,120.00"
2020-09-09,2020090901027983,SLBBL,26,56,27,907.00,"24,489.00"
2020-09-09,2020090901027982,SLBBL,26,11,25,907.00,"22,675.00"
2020-09-09,2020090901027981,SLBBL,58,11,25,907.00,"22,675.00"
2020-09-09,2020090901027980,SLBBL,58,52,50,907.00,"45,350.00"
2020-09-09,2020090901027979,SLBBL,58,14,50,907.00,"45,350.00"
2020-09-09,2020090901027978,SLBBL,58,17,30,907.00,"27,210.00"
2020-09-09,2020090901027986,SLBBL,26,57,50,910.00,"45,500.00"
2020-09-09,2020090901027985,SLBBL,26,16,20,910.00,"18,200.00"
2020-09-09,2020090901027984,SLBBL,26,45,50,909.00,"45,450.00"
2020-09-09,2020090901028060,SLBSL,34,17,13,812.00,"10,556.00"
2020-09-09,2020090901027988,SLBSL,34,4,117,812.00,"95,004.00"
2020-09-09,2020090901027987,SLBSL,58,4,37,813.00,"30,081.00"
2020-09-09,2020090901027935,SLBSL,58,59,13,813.00,"10,569.00"
2020-09-09,2020090901028119,SLICL,39,57,50,614.00,"30,700.00"
2020-09-09,2020090901028106,SLICL,42,57,400,614.00,"245,600.00"
2020-09-09,2020090901028105,SLICL,42,26,100,614.00,"61,400.00"
2020-09-09,2020090901028104,SLICL,42,35,500,614.00,"307,000.00"
2020-09-09,2020090901028072,SLICL,38,35,500,614.00,"307,000.00"
2020-09-09,2020090901027934,SLICL,38,57,50,614.00,"30,700.00"
2020-09-09,2020090901027853,SLICL,56,58,100,613.00,"61,300.00"
2020-09-09,2020090901027852,SLICL,56,13,144,613.00,"88,272.00"
2020-09-09,2020090901027766,SLICL,18,36,255,612.00,"156,060.00"
2020-09-09,2020090901027732,SLICL,58,17,62,611.00,"37,882.00"
2020-09-09,2020090901027731,SLICL,54,17,38,612.00,"23,256.00"
2020-09-09,2020090901027719,SLICL,56,19,347,612.00,"212,364.00"
2020-09-09,2020090901027894,SLICL,29,57,100,614.00,"61,400.00"
2020-09-09,2020090901027893,SLICL,38,57,50,614.00,"30,700.00"
2020-09-09,2020090901027866,SLICL,56,57,92,613.00,"56,396.00"
2020-09-09,2020090901027856,SLICL,56,46,500,613.00,"306,500.00"
2020-09-09,2020090901027855,SLICL,56,28,200,613.00,"122,600.00"
2020-09-09,2020090901027854,SLICL,56,45,80,613.00,"49,040.00"
2020-09-09,2020090901027957,SMB,34,10,10,896.00,"8,960.00"
2020-09-09,2020090901027956,SMB,34,43,10,894.00,"8,940.00"
2020-09-09,2020090901027955,SMB,34,57,10,893.00,"8,930.00"
2020-09-09,2020090901027954,SMB,34,49,40,886.00,"35,440.00"
2020-09-09,2020090901027953,SMB,34,45,100,885.00,"88,500.00"
2020-09-09,2020090901027945,SMFBS,19,50,70,"1,014.00","70,980.00"
2020-09-09,2020090901028017,SPARS,46,29,11,964.00,"10,604.00"
2020-09-09,2020090901027867,SPARS,46,44,11,964.00,"10,604.00"
2020-09-09,2020090901027736,SPARS,37,16,11,963.00,"10,593.00"
2020-09-09,2020090901028110,SPDL,40,46,59,132.00,"7,788.00"
2020-09-09,2020090901027885,SPDL,49,36,"1,000",131.00,"131,000.00"
2020-09-09,2020090901027884,SPDL,49,36,369,131.00,"48,339.00"
2020-09-09,2020090901027842,SRBL,28,36,201,227.00,"45,627.00"
2020-09-09,2020090901027749,SRBL,45,18,94,227.00,"21,338.00"
2020-09-09,2020090901027748,SRBL,38,18,50,227.00,"11,350.00"
2020-09-09,2020090901027645,SRBL,29,59,96,227.00,"21,792.00"
2020-09-09,2020090901027644,SRBL,17,59,68,227.00,"15,436.00"
2020-09-09,2020090901027790,STC,7,19,10,"3,468.00","34,680.00"
2020-09-09,2020090901027883,SWBBL,7,56,25,"1,270.00","31,750.00"
2020-09-09,2020090901027882,SWBBL,7,53,100,"1,270.00","127,000.00"
2020-09-09,2020090901027734,SWBBL,58,53,100,"1,270.00","127,000.00"
2020-09-09,2020090901028087,TMDBL,45,38,17,167.00,"2,839.00"
2020-09-09,2020090901027683,TRH,17,42,50,213.00,"10,650.00"
2020-09-09,2020090901028124,UIC,35,16,100,426.00,"42,600.00"
2020-09-09,2020090901027782,UIC,55,39,250,425.00,"106,250.00"
2020-09-09,2020090901027781,UIC,28,39,250,426.00,"106,500.00"
2020-09-09,2020090901027723,UIC,28,25,100,426.00,"42,600.00"
2020-09-09,2020090901027722,UIC,28,45,150,426.00,"63,900.00"
2020-09-09,2020090901027639,UIC,19,45,100,426.00,"42,600.00"
2020-09-09,2020090901027705,UPCL,44,7,40,94.00,"3,760.00"
2020-09-09,2020090901027704,UPCL,44,7,10,94.00,940.00
2020-09-09,2020090901028029,UPPER,25,49,301,252.00,"75,852.00"
2020-09-09,2020090901028028,UPPER,25,55,176,252.00,"44,352.00"
2020-09-09,2020090901028027,UPPER,25,39,293,252.00,"73,836.00"
2020-09-09,2020090901028026,UPPER,25,33,40,252.00,"10,080.00"
2020-09-09,2020090901028025,UPPER,25,33,40,252.00,"10,080.00"
2020-09-09,2020090901028024,UPPER,25,33,50,252.00,"12,600.00"
2020-09-09,2020090901027627,UPPER,29,54,300,249.00,"74,700.00"
2020-09-09,2020090901027886,UPPER,34,42,40,250.00,"10,000.00"
2020-09-09,2020090901027918,UPPER,25,49,236,251.00,"59,236.00"
2020-09-09,2020090901027917,UPPER,25,34,40,250.00,"10,000.00"
2020-09-09,2020090901027916,UPPER,25,25,40,250.00,"10,000.00"
2020-09-09,2020090901027915,UPPER,25,38,40,250.00,"10,000.00"
2020-09-09,2020090901027914,UPPER,25,49,40,250.00,"10,000.00"
2020-09-09,2020090901027913,UPPER,25,42,60,250.00,"15,000.00"
2020-09-09,2020090901027922,UPPER,25,55,24,252.00,"6,048.00"
2020-09-09,2020090901027921,UPPER,25,48,470,252.00,"118,440.00"
2020-09-09,2020090901027920,UPPER,25,40,500,251.00,"125,500.00"
2020-09-09,2020090901027919,UPPER,25,5,50,251.00,"12,550.00"
2020-09-09,2020090901028023,UPPER,25,45,50,252.00,"12,600.00"
2020-09-09,2020090901028022,UPPER,25,20,50,250.00,"12,500.00"
2020-09-09,2020090901028007,UPPER,29,38,40,249.00,"9,960.00"
2020-09-09,2020090901027823,USLB,33,34,15,"1,270.00","19,050.00"
2020-09-09,2020090901027672,USLB,52,21,18,"1,267.00","22,806.00"
2020-09-09,2020090901027952,VLBS,45,32,104,937.00,"97,448.00"
2020-09-09,2020090901027951,VLBS,14,32,100,938.00,"93,800.00"
2020-09-09,2020090901027857,VLBS,29,34,50,946.00,"47,300.00"
2020-09-09,2020090901027607,ACLBSL,35,19,140,775.00,"108,500.00"
2020-09-09,2020090901027395,ACLBSL,39,19,40,777.00,"31,080.00"
2020-09-09,2020090901027394,ACLBSL,39,59,10,775.00,"7,750.00"
2020-09-09,2020090901027352,ACLBSL,39,19,50,777.00,"38,850.00"
2020-09-09,2020090901027351,ACLBSL,42,19,200,777.00,"155,400.00"
2020-09-09,2020090901027254,ACLBSL,39,21,10,777.00,"7,770.00"
2020-09-09,2020090901027141,ACLBSL,39,39,40,778.00,"31,120.00"
2020-09-09,2020090901027140,ACLBSL,39,1,10,777.00,"7,770.00"
2020-09-09,2020090901027597,AIL,22,29,10,517.00,"5,170.00"
2020-09-09,2020090901027596,AIL,22,13,210,517.00,"108,570.00"
2020-09-09,2020090901027595,AIL,22,57,50,517.00,"25,850.00"
2020-09-09,2020090901027594,AIL,22,6,195,517.00,"100,815.00"
2020-09-09,2020090901027593,AIL,22,21,10,516.00,"5,160.00"
2020-09-09,2020090901027592,AIL,22,35,10,516.00,"5,160.00"
2020-09-09,2020090901027591,AIL,22,34,130,516.00,"67,080.00"
2020-09-09,2020090901027350,AIL,48,34,90,516.00,"46,440.00"
2020-09-09,2020090901027199,AIL,48,34,10,516.00,"5,160.00"
2020-09-09,2020090901027146,AIL,48,40,100,516.00,"51,600.00"
2020-09-09,2020090901027134,AIL,54,44,20,516.00,"10,320.00"
2020-09-09,2020090901027558,AKPL,44,34,100,162.00,"16,200.00"
2020-09-09,2020090901027527,AKPL,44,34,200,162.00,"32,400.00"
2020-09-09,2020090901027526,AKPL,6,34,319,162.00,"51,678.00"
2020-09-09,2020090901027515,AKPL,6,57,681,162.00,"110,322.00"
2020-09-09,2020090901027514,AKPL,42,57,60,162.00,"9,720.00"
2020-09-09,2020090901027337,AKPL,16,40,500,162.00,"81,000.00"
2020-09-09,2020090901027207,AKPL,16,40,500,162.00,"81,000.00"
2020-09-09,2020090901027513,AKPL,7,57,259,162.00,"41,958.00"
2020-09-09,2020090901027482,AKPL,7,40,241,162.00,"39,042.00"
2020-09-09,2020090901027481,AKPL,3,40,100,162.00,"16,200.00"
2020-09-09,2020090901027480,AKPL,41,40,500,162.00,"81,000.00"
2020-09-09,2020090901027479,AKPL,16,40,659,162.00,"106,758.00"
2020-09-09,2020090901027584,ALBSL,38,17,100,965.00,"96,500.00"
2020-09-09,2020090901027159,ALBSL,38,26,11,961.00,"10,571.00"
2020-09-09,2020090901027380,ALBSL,38,48,11,961.00,"10,571.00"
2020-09-09,2020090901027554,ALICL,36,39,60,734.00,"44,040.00"
2020-09-09,2020090901027442,ALICL,38,39,100,734.00,"73,400.00"
2020-09-09,2020090901027346,ALICL,42,39,50,734.00,"36,700.00"
2020-09-09,2020090901027407,BOKL,36,57,150,231.00,"34,650.00"
2020-09-09,2020090901027262,BOKL,8,59,168,230.00,"38,640.00"
2020-09-09,2020090901027458,BPCL,6,42,192,386.00,"74,112.00"
2020-09-09,2020090901027457,BPCL,13,42,50,386.00,"19,300.00"
2020-09-09,2020090901027428,BPCL,25,25,626,387.00,"242,262.00"
2020-09-09,2020090901027427,BPCL,25,11,74,387.00,"28,638.00"
2020-09-09,2020090901027544,CBBL,14,42,10,"1,117.00","11,170.00"
2020-09-09,2020090901027322,CBBL,6,44,500,"1,118.00","559,000.00"
2020-09-09,2020090901027321,CBBL,6,44,500,"1,118.00","559,000.00"
2020-09-09,2020090901027454,CBL,49,54,300,144.00,"43,200.00"
2020-09-09,2020090901027157,CBL,49,37,700,144.00,"100,800.00"
2020-09-09,2020090901027556,CCBL,32,6,115,172.00,"19,780.00"
2020-09-09,2020090901027174,CCBL,32,4,16,172.00,"2,752.00"
2020-09-09,2020090901027143,CHCL,39,42,40,463.00,"18,520.00"
2020-09-09,2020090901027133,CHCL,39,39,46,463.00,"21,298.00"
2020-09-09,2020090901027132,CHCL,51,39,30,463.00,"13,890.00"
2020-09-09,2020090901027536,CIT,46,58,10,"3,632.00","36,320.00"
2020-09-09,2020090901027535,CIT,46,43,10,"3,631.00","36,310.00"
2020-09-09,2020090901027434,CIT,36,34,300,"3,615.00","1,084,500.00"
2020-09-09,2020090901027433,CIT,20,34,100,"3,616.00","361,600.00"
2020-09-09,2020090901027432,CIT,36,34,100,"3,630.00","363,000.00"
2020-09-09,2020090901027422,CIT,46,58,10,"3,632.00","36,320.00"
2020-09-09,2020090901027280,CIT,28,29,10,"3,631.00","36,310.00"
2020-09-09,2020090901027370,CIT,3,34,10,"3,625.00","36,250.00"
2020-09-09,2020090901027369,CIT,33,34,10,"3,630.00","36,300.00"
2020-09-09,2020090901027368,CIT,32,34,12,"3,630.00","43,560.00"
2020-09-09,2020090901027367,CIT,42,34,30,"3,630.00","108,900.00"
2020-09-09,2020090901027366,CIT,58,34,12,"3,630.00","43,560.00"
2020-09-09,2020090901027333,CIT,37,58,136,"3,632.00","493,952.00"
2020-09-09,2020090901027392,CIT,49,34,96,"3,620.00","347,520.00"
2020-09-09,2020090901027375,CIT,20,34,20,"3,620.00","72,400.00"
2020-09-09,2020090901027374,CIT,49,34,120,"3,620.00","434,400.00"
2020-09-09,2020090901027373,CIT,49,34,120,"3,620.00","434,400.00"
2020-09-09,2020090901027372,CIT,1,34,20,"3,620.00","72,400.00"
2020-09-09,2020090901027371,CIT,45,34,50,"3,620.00","181,000.00"
2020-09-09,2020090901027306,CLBSL,29,22,10,723.00,"7,230.00"
2020-09-09,2020090901027363,CORBL,42,21,100,133.00,"13,300.00"
2020-09-09,2020090901027362,CORBL,42,34,50,133.00,"6,650.00"
2020-09-09,2020090901027548,CZBIL,45,5,100,193.00,"19,300.00"
2020-09-09,2020090901027519,CZBIL,21,5,773,192.00,"148,416.00"
2020-09-09,2020090901027518,CZBIL,44,5,227,192.00,"43,584.00"
2020-09-09,2020090901027323,CZBIL,44,59,10,192.00,"1,920.00"
2020-09-09,2020090901027260,CZBIL,44,4,100,192.00,"19,200.00"
2020-09-09,2020090901027253,CZBIL,19,5,300,193.00,"57,900.00"
2020-09-09,2020090901027252,CZBIL,19,45,200,193.00,"38,600.00"
2020-09-09,2020090901027139,DDBL,49,19,10,886.00,"8,860.00"
2020-09-09,2020090901027138,DDBL,49,5,55,886.00,"48,730.00"
2020-09-09,2020090901027137,DDBL,49,58,500,885.00,"442,500.00"
2020-09-09,2020090901027136,DDBL,49,26,413,885.00,"365,505.00"
2020-09-09,2020090901027135,DDBL,49,53,21,884.00,"18,564.00"
2020-09-09,2020090901027361,EBL,10,59,93,721.00,"67,053.00"
2020-09-09,2020090901027158,EBL,36,4,113,725.00,"81,925.00"
2020-09-09,2020090901027551,EIC,28,6,500,503.00,"251,500.00"
2020-09-09,2020090901027456,EIC,28,57,553,503.00,"278,159.00"
2020-09-09,2020090901027455,EIC,28,16,500,503.00,"251,500.00"
2020-09-09,2020090901027489,FMDBL,38,54,23,580.00,"13,340.00"
2020-09-09,2020090901027488,FMDBL,10,54,150,580.00,"87,000.00"
2020-09-09,2020090901027487,FMDBL,41,54,"1,000",580.00,"580,000.00"
2020-09-09,2020090901027486,FMDBL,39,54,120,580.00,"69,600.00"
2020-09-09,2020090901027485,FMDBL,58,54,147,581.00,"85,407.00"
2020-09-09,2020090901027484,FMDBL,28,54,60,581.00,"34,860.00"
2020-09-09,2020090901027423,FMDBL,28,57,40,581.00,"23,240.00"
2020-09-09,2020090901027211,FMDBL,49,56,20,582.00,"11,640.00"
2020-09-09,2020090901027210,FMDBL,13,56,500,582.00,"291,000.00"
2020-09-09,2020090901027209,FMDBL,58,56,15,582.00,"8,730.00"
2020-09-09,2020090901027208,FMDBL,49,56,92,583.00,"53,636.00"
2020-09-09,2020090901027149,FMDBL,49,56,408,583.00,"237,864.00"
2020-09-09,2020090901027379,GBBL,44,45,60,235.00,"14,100.00"
2020-09-09,2020090901027148,GBBL,44,37,300,235.00,"70,500.00"
2020-09-09,2020090901027147,GBBL,43,37,200,235.00,"47,000.00"
2020-09-09,2020090901027504,GBIME,42,35,10,260.00,"2,600.00"
2020-09-09,2020090901027470,GBIME,42,35,10,260.00,"2,600.00"
2020-09-09,2020090901027464,GBIME,57,35,800,260.00,"208,000.00"
2020-09-09,2020090901027443,GBIME,42,35,10,260.00,"2,600.00"
2020-09-09,2020090901027416,GBIME,42,35,10,260.00,"2,600.00"
