Date,Transact. No.,Symbol,Buyer,Seller,Quantity,Rate,Amount
2019-08-01,2019080101008168,ADBL,34,42,15,430.00,"6,450.00"
2019-08-01,2019080101008161,ADBL,34,50,105,430.00,"45,150.00"
2019-08-01,2019080101008139,ADBL,34,34,345,430.00,"148,350.00"
2019-08-01,2019080101008138,ADBL,34,34,100,432.00,"43,200.00"
2019-08-01,2019080101008134,ADBL,34,45,"3,000",432.00,"1,296,000.00"
2019-08-01,2019080101008133,ADBL,34,42,50,432.00,"21,600.00"
2019-08-01,2019080101008021,ADBL,34,4,100,430.00,"43,000.00"
2019-08-01,2019080101008006,ADBL,34,4,50,430.00,"21,500.00"
2019-08-01,2019080101007984,ADBL,34,4,50,430.00,"21,500.00"
2019-08-01,2019080101007963,ADBL,34,4,50,430.00,"21,500.00"
2019-08-01,2019080101008105,ADBL,34,4,100,430.00,"43,000.00"
2019-08-01,2019080101008089,ADBL,34,4,50,430.00,"21,500.00"
2019-08-01,2019080101008071,ADBL,34,4,150,430.00,"64,500.00"
2019-08-01,2019080101008068,ADBL,34,4,50,430.00,"21,500.00"
2019-08-01,2019080101008059,ADBL,34,4,100,430.00,"43,000.00"
2019-08-01,2019080101008039,ADBL,34,4,50,430.00,"21,500.00"
2019-08-01,2019080101008114,ADBL,34,4,100,432.00,"43,200.00"
2019-08-01,2019080101008113,ADBL,34,4,50,432.00,"21,600.00"
2019-08-01,2019080101008112,ADBL,34,4,50,432.00,"21,600.00"
2019-08-01,2019080101008111,ADBL,34,49,"1,000",432.00,"432,000.00"
2019-08-01,2019080101008110,ADBL,34,29,80,432.00,"34,560.00"
2019-08-01,2019080101008109,ADBL,34,20,200,432.00,"86,400.00"
2019-08-01,2019080101008120,ADBL,34,4,143,432.00,"61,776.00"
2019-08-01,2019080101008119,ADBL,34,4,150,432.00,"64,800.00"
2019-08-01,2019080101008118,ADBL,34,21,382,432.00,"165,024.00"
2019-08-01,2019080101008117,ADBL,34,4,50,432.00,"21,600.00"
2019-08-01,2019080101008116,ADBL,34,4,50,432.00,"21,600.00"
2019-08-01,2019080101008115,ADBL,34,4,50,432.00,"21,600.00"
2019-08-01,2019080101008126,ADBL,34,4,50,432.00,"21,600.00"
2019-08-01,2019080101008125,ADBL,34,4,50,432.00,"21,600.00"
2019-08-01,2019080101008124,ADBL,34,26,300,432.00,"129,600.00"
2019-08-01,2019080101008123,ADBL,34,4,50,432.00,"21,600.00"
2019-08-01,2019080101008122,ADBL,34,29,325,432.00,"140,400.00"
2019-08-01,2019080101008121,ADBL,34,4,100,432.00,"43,200.00"
2019-08-01,2019080101008132,ADBL,34,58,"1,000",432.00,"432,000.00"
2019-08-01,2019080101008131,ADBL,34,4,100,432.00,"43,200.00"
2019-08-01,2019080101008130,ADBL,34,43,500,432.00,"216,000.00"
2019-08-01,2019080101008129,ADBL,34,4,50,432.00,"21,600.00"
2019-08-01,2019080101008128,ADBL,34,4,50,432.00,"21,600.00"
2019-08-01,2019080101008127,ADBL,34,4,50,432.00,"21,600.00"
2019-08-01,2019080101008240,AHPC,6,26,52,107.00,"5,564.00"
2019-08-01,2019080101008091,AHPC,6,22,48,105.00,"5,040.00"
2019-08-01,2019080101008090,AHPC,25,22,52,105.00,"5,460.00"
2019-08-01,2019080101008433,ALBSL,37,59,50,515.00,"25,750.00"
2019-08-01,2019080101008432,ALBSL,29,59,10,515.00,"5,150.00"
2019-08-01,2019080101008431,ALBSL,29,47,10,515.00,"5,150.00"
2019-08-01,2019080101008430,ALBSL,29,52,30,514.00,"15,420.00"
2019-08-01,2019080101008372,ALBSL,44,51,10,510.00,"5,100.00"
2019-08-01,2019080101008338,ALBSL,44,55,10,508.00,"5,080.00"
2019-08-01,2019080101008318,ALBSL,44,39,10,508.00,"5,080.00"
2019-08-01,2019080101007955,ALBSL,39,51,90,510.00,"45,900.00"
2019-08-01,2019080101007954,ALBSL,7,51,40,510.00,"20,400.00"
2019-08-01,2019080101008407,ALICL,57,55,50,372.00,"18,600.00"
2019-08-01,2019080101008191,BOKL,47,34,300,265.00,"79,500.00"
2019-08-01,2019080101008054,BOKL,38,34,150,265.00,"39,750.00"
2019-08-01,2019080101008053,BOKL,25,34,50,265.00,"13,250.00"
2019-08-01,2019080101008426,BPCL,4,42,300,404.00,"121,200.00"
2019-08-01,2019080101008229,BPCL,21,40,223,403.00,"89,869.00"
2019-08-01,2019080101008228,BPCL,45,40,100,403.00,"40,300.00"
2019-08-01,2019080101008148,BPCL,21,40,130,404.00,"52,520.00"
2019-08-01,2019080101008147,BPCL,26,40,20,404.00,"8,080.00"
2019-08-01,2019080101008227,BPCL,35,40,15,403.00,"6,045.00"
2019-08-01,2019080101008226,BPCL,45,40,30,403.00,"12,090.00"
2019-08-01,2019080101008225,BPCL,48,40,100,403.00,"40,300.00"
2019-08-01,2019080101008224,BPCL,43,40,452,403.00,"182,156.00"
2019-08-01,2019080101008223,BPCL,26,40,10,404.00,"4,040.00"
2019-08-01,2019080101008222,BPCL,21,40,70,404.00,"28,280.00"
2019-08-01,2019080101008197,CBBL,42,21,100,997.00,"99,700.00"
2019-08-01,2019080101008094,CBBL,42,47,100,997.00,"99,700.00"
2019-08-01,2019080101007971,CBBL,42,56,200,997.00,"199,400.00"
2019-08-01,2019080101008320,CBL,48,34,10,155.00,"1,550.00"
2019-08-01,2019080101008317,CBL,44,54,"1,634",154.00,"251,636.00"
2019-08-01,2019080101008238,CBL,44,7,500,154.00,"77,000.00"
2019-08-01,2019080101008085,CBL,44,36,500,154.00,"77,000.00"
2019-08-01,2019080101008057,CBL,58,54,500,155.00,"77,500.00"
2019-08-01,2019080101008020,CBL,44,54,"1,230",154.00,"189,420.00"
2019-08-01,2019080101008019,CBL,28,54,"2,770",154.00,"426,580.00"
2019-08-01,2019080101008207,CCBL,35,40,10,172.00,"1,720.00"
2019-08-01,2019080101008153,CCBL,49,40,10,172.00,"1,720.00"
2019-08-01,2019080101007961,CCBL,34,52,791,171.00,"135,261.00"
2019-08-01,2019080101008269,CFCL,43,32,254,120.00,"30,480.00"
2019-08-01,2019080101008172,CFCL,43,32,205,120.00,"24,600.00"
2019-08-01,2019080101008171,CFCL,44,32,49,121.00,"5,929.00"
2019-08-01,2019080101008135,CHCL,56,38,10,514.00,"5,140.00"
2019-08-01,2019080101008058,CHCL,41,38,10,514.00,"5,140.00"
2019-08-01,2019080101008299,CIT,37,40,100,"2,442.00","244,200.00"
2019-08-01,2019080101007998,CIT,37,7,100,"2,442.00","244,200.00"
2019-08-01,2019080101008366,DDBL,4,38,390,769.00,"299,910.00"
2019-08-01,2019080101008365,DDBL,34,38,600,770.00,"462,000.00"
2019-08-01,2019080101008295,DHPL,57,44,890,69.00,"61,410.00"
2019-08-01,2019080101008294,DHPL,57,32,10,69.00,690.00
2019-08-01,2019080101008348,EBL,42,17,50,664.00,"33,200.00"
2019-08-01,2019080101008425,FMDBL,57,56,10,407.00,"4,070.00"
2019-08-01,2019080101008418,FMDBL,4,57,46,404.00,"18,584.00"
2019-08-01,2019080101008392,FMDBL,4,42,30,404.00,"12,120.00"
2019-08-01,2019080101008369,FMDBL,57,19,100,406.00,"40,600.00"
2019-08-01,2019080101008368,FMDBL,57,17,20,406.00,"8,120.00"
2019-08-01,2019080101008367,FMDBL,57,34,60,406.00,"24,360.00"
2019-08-01,2019080101008259,FMDBL,4,34,890,404.00,"359,560.00"
2019-08-01,2019080101008444,FOWAD,38,33,20,"1,407.00","28,140.00"
2019-08-01,2019080101008443,FOWAD,16,33,100,"1,408.00","140,800.00"
2019-08-01,2019080101008442,FOWAD,17,33,10,"1,408.00","14,080.00"
2019-08-01,2019080101008441,FOWAD,1,33,20,"1,411.00","28,220.00"
2019-08-01,2019080101008440,FOWAD,57,33,100,"1,415.00","141,500.00"
2019-08-01,2019080101008439,FOWAD,48,33,200,"1,417.00","283,400.00"
2019-08-01,2019080101008438,FOWAD,16,33,100,"1,427.00","142,700.00"
2019-08-01,2019080101008437,FOWAD,35,33,100,"1,430.00","143,000.00"
2019-08-01,2019080101008436,FOWAD,5,33,50,"1,430.00","71,500.00"
2019-08-01,2019080101008319,FOWAD,5,33,150,"1,430.00","214,500.00"
2019-08-01,2019080101007957,FOWAD,50,29,70,"1,428.00","99,960.00"
2019-08-01,2019080101008190,GBBL,39,43,510,223.00,"113,730.00"
2019-08-01,2019080101008316,GBLBS,13,1,20,410.00,"8,200.00"
2019-08-01,2019080101008315,GBLBS,44,1,10,410.00,"4,100.00"
2019-08-01,2019080101008310,GBLBS,44,50,40,410.00,"16,400.00"
2019-08-01,2019080101008309,GBLBS,11,50,400,410.00,"164,000.00"
2019-08-01,2019080101008308,GBLBS,14,50,500,410.00,"205,000.00"
2019-08-01,2019080101008307,GBLBS,46,50,100,410.00,"41,000.00"
2019-08-01,2019080101008093,GBLBS,44,6,300,410.00,"123,000.00"
2019-08-01,2019080101008069,GBLBS,44,59,"2,020",410.00,"828,200.00"
2019-08-01,2019080101008067,GBLBS,44,39,"1,000",410.00,"410,000.00"
2019-08-01,2019080101008202,GBLBS,44,33,585,410.00,"239,850.00"
2019-08-01,2019080101008180,GBLBS,44,50,415,410.00,"170,150.00"
2019-08-01,2019080101008179,GBLBS,44,50,785,410.00,"321,850.00"
2019-08-01,2019080101008175,GBLBS,44,37,200,410.00,"82,000.00"
2019-08-01,2019080101008144,GBLBS,44,33,100,410.00,"41,000.00"
2019-08-01,2019080101008104,GBLBS,44,7,100,410.00,"41,000.00"
2019-08-01,2019080101008288,GBLBS,6,58,90,410.00,"36,900.00"
2019-08-01,2019080101008287,GBLBS,52,58,100,410.00,"41,000.00"
2019-08-01,2019080101008286,GBLBS,19,58,275,410.00,"112,750.00"
2019-08-01,2019080101008233,GBLBS,19,55,10,410.00,"4,100.00"
2019-08-01,2019080101008219,GBLBS,19,37,300,410.00,"123,000.00"
2019-08-01,2019080101008203,GBLBS,19,33,415,410.00,"170,150.00"
2019-08-01,2019080101008306,GBLBS,41,50,460,410.00,"188,600.00"
2019-08-01,2019080101008293,GBLBS,41,58,40,410.00,"16,400.00"
2019-08-01,2019080101008292,GBLBS,6,58,395,410.00,"161,950.00"
2019-08-01,2019080101008291,GBLBS,14,58,500,410.00,"205,000.00"
2019-08-01,2019080101008290,GBLBS,5,58,500,410.00,"205,000.00"
2019-08-01,2019080101008289,GBLBS,41,58,100,410.00,"41,000.00"
2019-08-01,2019080101008011,GLBSL,17,45,10,541.00,"5,410.00"
2019-08-01,2019080101008448,GMFBS,34,48,10,633.00,"6,330.00"
2019-08-01,2019080101008389,GMFBS,25,7,100,640.00,"64,000.00"
2019-08-01,2019080101008388,GMFBS,14,7,40,640.00,"25,600.00"
2019-08-01,2019080101008387,GMFBS,33,7,50,641.00,"32,050.00"
2019-08-01,2019080101008356,GMFBS,14,16,10,640.00,"6,400.00"
2019-08-01,2019080101008342,GMFBS,58,50,17,642.00,"10,914.00"
2019-08-01,2019080101008064,GMFBS,33,51,10,645.00,"6,450.00"
2019-08-01,2019080101008033,GMFBS,34,51,200,646.00,"129,200.00"
2019-08-01,2019080101008032,GMFBS,29,51,40,650.00,"26,000.00"
2019-08-01,2019080101007986,GMFBS,29,46,10,650.00,"6,500.00"
2019-08-01,2019080101007967,GMFBS,29,45,10,650.00,"6,500.00"
2019-08-01,2019080101007959,GMFBS,34,34,10,652.00,"6,520.00"
2019-08-01,2019080101008267,GMFBS,58,7,70,642.00,"44,940.00"
2019-08-01,2019080101008266,GMFBS,39,7,30,642.00,"19,260.00"
2019-08-01,2019080101008231,GMFBS,34,34,30,643.00,"19,290.00"
2019-08-01,2019080101008097,GMFBS,39,21,120,642.00,"77,040.00"
2019-08-01,2019080101008096,GMFBS,33,21,30,645.00,"19,350.00"
2019-08-01,2019080101008070,GMFBS,33,51,10,645.00,"6,450.00"
2019-08-01,2019080101008313,GRDBL,43,46,300,111.00,"33,300.00"
2019-08-01,2019080101008142,GRDBL,42,46,100,112.00,"11,200.00"
2019-08-01,2019080101008141,GRDBL,35,46,100,112.00,"11,200.00"
2019-08-01,2019080101007964,GUFL,43,22,343,124.00,"42,532.00"
2019-08-01,2019080101008408,HDL,37,33,40,"1,606.00","64,240.00"
2019-08-01,2019080101008395,HDL,48,48,50,"1,590.00","79,500.00"
2019-08-01,2019080101008383,HDL,48,44,25,"1,590.00","39,750.00"
2019-08-01,2019080101008382,HDL,58,44,75,"1,590.00","119,250.00"
2019-08-01,2019080101008349,HDL,37,33,10,"1,606.00","16,060.00"
2019-08-01,2019080101008084,HGI,34,51,10,350.00,"3,500.00"
2019-08-01,2019080101008417,HIDCL,13,34,471,158.00,"74,418.00"
2019-08-01,2019080101008346,HIDCL,13,58,519,158.00,"82,002.00"
2019-08-01,2019080101008345,HIDCL,13,6,165,158.00,"26,070.00"
2019-08-01,2019080101008344,HIDCL,13,29,95,158.00,"15,010.00"
2019-08-01,2019080101008312,HIDCL,34,33,"1,550",157.00,"243,350.00"
2019-08-01,2019080101008196,HIDCL,34,26,"1,000",157.00,"157,000.00"
2019-08-01,2019080101008453,HURJA,10,29,10,140.00,"1,400.00"
2019-08-01,2019080101008258,HURJA,52,46,10,138.00,"1,380.00"
2019-08-01,2019080101008201,HURJA,52,7,20,138.00,"2,760.00"
2019-08-01,2019080101008169,HURJA,52,46,10,138.00,"1,380.00"
2019-08-01,2019080101008061,ICFC,39,19,50,164.00,"8,200.00"
2019-08-01,2019080101008340,ILBS,36,14,200,533.00,"106,600.00"
2019-08-01,2019080101008332,ILBS,44,4,10,530.00,"5,300.00"
2019-08-01,2019080101008262,ILBS,44,57,20,530.00,"10,600.00"
2019-08-01,2019080101008243,ILBS,45,57,100,530.00,"53,000.00"
2019-08-01,2019080101008242,ILBS,56,57,20,530.00,"10,600.00"
2019-08-01,2019080101008241,ILBS,55,57,160,531.00,"84,960.00"
2019-08-01,2019080101008025,ILBS,21,48,70,530.00,"37,100.00"
2019-08-01,2019080101008024,ILBS,49,48,20,532.00,"10,640.00"
2019-08-01,2019080101007962,ILBS,21,58,10,530.00,"5,300.00"
2019-08-01,2019080101008236,ILBS,55,45,10,531.00,"5,310.00"
2019-08-01,2019080101008204,ILBS,21,18,380,534.00,"202,920.00"
2019-08-01,2019080101008193,ILBS,55,36,10,531.00,"5,310.00"
2019-08-01,2019080101008178,ILBS,22,45,10,532.00,"5,320.00"
2019-08-01,2019080101008149,ILBS,55,45,10,531.00,"5,310.00"
2019-08-01,2019080101008063,ILBS,55,48,10,531.00,"5,310.00"
2019-08-01,2019080101008186,JBBL,44,46,738,161.00,"118,818.00"
2019-08-01,2019080101008185,JBBL,38,46,262,161.00,"42,182.00"
2019-08-01,2019080101008088,JSLBB,45,21,20,"1,029.00","20,580.00"
2019-08-01,2019080101008357,LBBL,33,56,10,207.00,"2,070.00"
2019-08-01,2019080101008048,LBBL,32,33,980,204.00,"199,920.00"
2019-08-01,2019080101008047,LBBL,43,33,100,204.00,"20,400.00"
2019-08-01,2019080101008046,LBBL,42,33,"1,000",205.00,"205,000.00"
2019-08-01,2019080101008045,LBBL,16,33,200,205.00,"41,000.00"
2019-08-01,2019080101008044,LBBL,1,33,100,205.00,"20,500.00"
2019-08-01,2019080101008043,LBBL,42,33,90,205.00,"18,450.00"
2019-08-01,2019080101008042,LBBL,43,33,100,205.00,"20,500.00"
2019-08-01,2019080101008041,LBBL,38,33,"2,000",205.00,"410,000.00"
2019-08-01,2019080101008040,LBBL,13,33,870,205.00,"178,350.00"
2019-08-01,2019080101007987,LBBL,35,33,100,206.00,"20,600.00"
2019-08-01,2019080101008398,LBL,25,16,"1,784",220.00,"392,480.00"
2019-08-01,2019080101008321,LBL,43,16,"1,480",220.00,"325,600.00"
2019-08-01,2019080101008163,LBL,42,53,200,219.00,"43,800.00"
2019-08-01,2019080101008334,LGIL,37,43,339,430.00,"145,770.00"
2019-08-01,2019080101008333,LGIL,28,43,11,431.00,"4,741.00"
2019-08-01,2019080101008167,LGIL,28,25,154,431.00,"66,374.00"
2019-08-01,2019080101008301,LICN,4,36,89,"1,139.00","101,371.00"
2019-08-01,2019080101008300,LICN,13,36,11,"1,140.00","12,540.00"
2019-08-01,2019080101008244,LICN,41,36,100,"1,144.00","114,400.00"
2019-08-01,2019080101008341,LLBS,18,21,10,815.00,"8,150.00"
2019-08-01,2019080101008322,LLBS,18,28,200,800.00,"160,000.00"
2019-08-01,2019080101008239,LLBS,18,1,50,799.00,"39,950.00"
2019-08-01,2019080101008146,LLBS,18,26,100,795.00,"79,500.00"
2019-08-01,2019080101008102,LLBS,18,18,200,792.00,"158,400.00"
2019-08-01,2019080101008098,LLBS,33,51,50,791.00,"39,550.00"
2019-08-01,2019080101008423,MEGA,43,57,10,208.00,"2,080.00"
2019-08-01,2019080101008235,MEGA,32,33,774,207.00,"160,218.00"
2019-08-01,2019080101008152,MEGA,16,33,226,207.00,"46,782.00"
2019-08-01,2019080101008151,MEGA,16,55,300,207.00,"62,100.00"
2019-08-01,2019080101008150,MEGA,16,47,974,207.00,"201,618.00"
2019-08-01,2019080101007983,MEGA,33,4,"1,021",206.00,"210,326.00"
2019-08-01,2019080101007969,MEGA,57,37,574,207.00,"118,818.00"
2019-08-01,2019080101007960,MEGA,19,28,245,206.00,"50,470.00"
2019-08-01,2019080101007976,MEGA,16,4,200,206.00,"41,200.00"
2019-08-01,2019080101007975,MEGA,25,4,500,206.00,"103,000.00"
2019-08-01,2019080101007974,MEGA,35,4,80,206.00,"16,480.00"
2019-08-01,2019080101007973,MEGA,51,4,500,206.00,"103,000.00"
2019-08-01,2019080101007972,MEGA,19,4,199,206.00,"40,994.00"
2019-08-01,2019080101007970,MEGA,57,47,426,207.00,"88,182.00"
2019-08-01,2019080101007982,MEGA,5,4,100,206.00,"20,600.00"
2019-08-01,2019080101007981,MEGA,34,4,"1,000",206.00,"206,000.00"
2019-08-01,2019080101007980,MEGA,50,4,300,206.00,"61,800.00"
2019-08-01,2019080101007979,MEGA,45,4,500,206.00,"103,000.00"
2019-08-01,2019080101007978,MEGA,19,4,500,206.00,"103,000.00"
2019-08-01,2019080101007977,MEGA,17,4,100,206.00,"20,600.00"
2019-08-01,2019080101007966,MERO,14,5,21,556.00,"11,676.00"
2019-08-01,2019080101008166,MERO,14,43,150,556.00,"83,400.00"
2019-08-01,2019080101008373,MERO,14,32,22,556.00,"12,232.00"
2019-08-01,2019080101008428,MFIL,43,59,"2,000",127.00,"254,000.00"
2019-08-01,2019080101008427,MFIL,32,59,"1,000",127.00,"127,000.00"
2019-08-01,2019080101008282,MHNL,48,28,30,104.00,"3,120.00"
2019-08-01,2019080101008281,MHNL,48,32,30,104.00,"3,120.00"
2019-08-01,2019080101008280,MHNL,48,39,40,104.00,"4,160.00"
2019-08-01,2019080101008279,MHNL,48,39,30,104.00,"3,120.00"
2019-08-01,2019080101008272,MHNL,48,25,30,104.00,"3,120.00"
2019-08-01,2019080101008271,MHNL,48,1,30,104.00,"3,120.00"
2019-08-01,2019080101008278,MHNL,48,39,30,104.00,"3,120.00"
2019-08-01,2019080101008277,MHNL,48,34,30,104.00,"3,120.00"
2019-08-01,2019080101008276,MHNL,48,39,40,104.00,"4,160.00"
2019-08-01,2019080101008275,MHNL,48,19,110,104.00,"11,440.00"
2019-08-01,2019080101008274,MHNL,48,7,30,104.00,"3,120.00"
2019-08-01,2019080101008273,MHNL,48,40,40,104.00,"4,160.00"
2019-08-01,2019080101008351,MLBBL,22,52,300,528.00,"158,400.00"
2019-08-01,2019080101008103,MLBBL,14,33,10,530.00,"5,300.00"
2019-08-01,2019080101008095,MLBBL,14,44,40,530.00,"21,200.00"
2019-08-01,2019080101008036,MLBBL,47,33,98,531.00,"52,038.00"
2019-08-01,2019080101008421,MLBL,41,25,65,206.00,"13,390.00"
2019-08-01,2019080101008420,MLBL,41,48,50,206.00,"10,300.00"
2019-08-01,2019080101008419,MLBL,41,47,46,206.00,"9,476.00"
2019-08-01,2019080101008406,MLBL,33,47,10,206.00,"2,060.00"
2019-08-01,2019080101008381,MLBL,17,47,144,206.00,"29,664.00"
2019-08-01,2019080101008380,MLBL,17,44,61,206.00,"12,566.00"
2019-08-01,2019080101008077,MLBL,17,16,190,204.00,"38,760.00"
2019-08-01,2019080101008076,MLBL,17,34,300,203.00,"60,900.00"
2019-08-01,2019080101008075,MLBL,17,48,500,203.00,"101,500.00"
2019-08-01,2019080101008074,MLBL,17,29,370,203.00,"75,110.00"
2019-08-01,2019080101008073,MLBL,17,46,10,202.00,"2,020.00"
2019-08-01,2019080101008253,MLBL,17,39,49,205.00,"10,045.00"
2019-08-01,2019080101008252,MLBL,17,59,"1,000",204.00,"204,000.00"
2019-08-01,2019080101008251,MLBL,17,22,245,204.00,"49,980.00"
2019-08-01,2019080101008079,MLBL,17,22,55,204.00,"11,220.00"
2019-08-01,2019080101008078,MLBL,17,53,75,204.00,"15,300.00"
2019-08-01,2019080101008350,MLBL,17,38,325,205.00,"66,625.00"
2019-08-01,2019080101008261,MLBL,17,53,470,202.00,"94,940.00"
2019-08-01,2019080101008255,MLBL,17,38,406,205.00,"83,230.00"
2019-08-01,2019080101008254,MLBL,17,25,300,205.00,"61,500.00"
2019-08-01,2019080101008237,MNBBL,35,44,"5,000",375.00,"1,875,000.00"
2019-08-01,2019080101008416,MSMBS,10,45,329,503.00,"165,487.00"
2019-08-01,2019080101008415,MSMBS,57,45,50,504.00,"25,200.00"
2019-08-01,2019080101008414,MSMBS,37,45,500,505.00,"252,500.00"
2019-08-01,2019080101008413,MSMBS,55,45,21,505.00,"10,605.00"
2019-08-01,2019080101008412,MSMBS,58,45,39,511.00,"19,929.00"
2019-08-01,2019080101008411,MSMBS,57,45,50,512.00,"25,600.00"
2019-08-01,2019080101008410,MSMBS,10,45,11,521.00,"5,731.00"
2019-08-01,2019080101008087,NABIL,14,43,100,801.00,"80,100.00"
2019-08-01,2019080101007989,NABIL,18,39,202,802.00,"162,004.00"
2019-08-01,2019080101008192,NADEP,38,35,200,504.00,"100,800.00"
2019-08-01,2019080101008056,NADEP,38,34,20,504.00,"10,080.00"
2019-08-01,2019080101008026,NADEP,38,34,20,504.00,"10,080.00"
2019-08-01,2019080101007988,NADEP,38,28,20,504.00,"10,080.00"
2019-08-01,2019080101008245,NBB,34,37,240,222.00,"53,280.00"
2019-08-01,2019080101008176,NBB,34,48,200,222.00,"44,400.00"
2019-08-01,2019080101007997,NBB,34,19,410,222.00,"91,020.00"
2019-08-01,2019080101007996,NBB,38,19,590,222.00,"130,980.00"
2019-08-01,2019080101008446,NBL,33,40,20,339.00,"6,780.00"
2019-08-01,2019080101008435,NBL,53,40,288,339.00,"97,632.00"
2019-08-01,2019080101008434,NBL,53,21,12,339.00,"4,068.00"
2019-08-01,2019080101008400,NBL,5,42,400,338.00,"135,200.00"
2019-08-01,2019080101008399,NBL,25,42,100,338.00,"33,800.00"
2019-08-01,2019080101008034,NBL,25,28,500,338.00,"169,000.00"
2019-08-01,2019080101008447,NCCB,58,47,10,246.00,"2,460.00"
2019-08-01,2019080101008394,NCCB,33,40,880,245.00,"215,600.00"
2019-08-01,2019080101008393,NCCB,34,40,320,245.00,"78,400.00"
2019-08-01,2019080101008347,NCCB,35,47,20,246.00,"4,920.00"
2019-08-01,2019080101008305,NCCB,34,18,180,245.00,"44,100.00"
2019-08-01,2019080101008304,NCCB,53,18,200,245.00,"49,000.00"
2019-08-01,2019080101008303,NCCB,45,18,500,245.00,"122,500.00"
2019-08-01,2019080101008302,NCCB,34,18,"1,100",245.00,"269,500.00"
2019-08-01,2019080101008218,NCCB,34,22,200,245.00,"49,000.00"
2019-08-01,2019080101008358,NEF,25,53,500,8.50,"4,250.00"
2019-08-01,2019080101008217,NGPL,49,32,11,116.00,"1,276.00"
2019-08-01,2019080101008216,NGPL,49,32,11,116.00,"1,276.00"
2019-08-01,2019080101008452,NHPC,58,45,100,66.00,"6,600.00"
2019-08-01,2019080101008409,NHPC,56,45,10,66.00,660.00
2019-08-01,2019080101008353,NHPC,48,45,10,66.00,660.00
2019-08-01,2019080101008329,NHPC,48,33,10,65.00,650.00
2019-08-01,2019080101008164,NHPC,13,19,"1,316",64.00,"84,224.00"
2019-08-01,2019080101008215,NIB,17,42,100,520.00,"52,000.00"
2019-08-01,2019080101007993,NIB,37,11,28,519.00,"14,532.00"
2019-08-01,2019080101007992,NIB,37,41,42,519.00,"21,798.00"
2019-08-01,2019080101007991,NIB,37,58,30,519.00,"15,570.00"
2019-08-01,2019080101008364,NICA,38,5,100,467.00,"46,700.00"
2019-08-01,2019080101008352,NICA,22,22,50,466.00,"23,300.00"
2019-08-01,2019080101008343,NICA,22,34,100,466.00,"46,600.00"
2019-08-01,2019080101008337,NICA,22,43,50,466.00,"23,300.00"
2019-08-01,2019080101008100,NICA,22,40,35,466.00,"16,310.00"
2019-08-01,2019080101008099,NICA,39,40,50,466.00,"23,300.00"
2019-08-01,2019080101008023,NICA,39,49,50,466.00,"23,300.00"
2019-08-01,2019080101008022,NICA,39,49,50,466.00,"23,300.00"
2019-08-01,2019080101008221,NIL,5,35,84,483.00,"40,572.00"
2019-08-01,2019080101008220,NIL,5,43,50,481.00,"24,050.00"
2019-08-01,2019080101008066,NIL,51,43,200,481.00,"96,200.00"
2019-08-01,2019080101008324,NLBBL,19,57,30,554.00,"16,620.00"
2019-08-01,2019080101008136,NLBBL,25,40,10,563.00,"5,630.00"
2019-08-01,2019080101008018,NLBBL,14,58,150,555.00,"83,250.00"
2019-08-01,2019080101008017,NLBBL,6,58,200,555.00,"111,000.00"
2019-08-01,2019080101008016,NLBBL,50,58,300,556.00,"166,800.00"
2019-08-01,2019080101008015,NLBBL,37,58,500,556.00,"278,000.00"
2019-08-01,2019080101008014,NLBBL,21,58,500,557.00,"278,500.00"
2019-08-01,2019080101008403,NLG,49,35,60,706.00,"42,360.00"
2019-08-01,2019080101008402,NLG,50,35,30,708.00,"21,240.00"
2019-08-01,2019080101008401,NLG,35,35,10,710.00,"7,100.00"
2019-08-01,2019080101008208,NLIC,39,43,20,880.00,"17,600.00"
2019-08-01,2019080101008170,NLIC,39,55,17,880.00,"14,960.00"
2019-08-01,2019080101008062,NLIC,38,19,42,881.00,"37,002.00"
2019-08-01,2019080101008404,NLICL,43,14,10,595.00,"5,950.00"
2019-08-01,2019080101008363,NLICL,43,46,11,588.00,"6,468.00"
2019-08-01,2019080101008143,NLICL,34,43,182,583.00,"106,106.00"
2019-08-01,2019080101008424,NMBMF,14,41,50,"1,095.00","54,750.00"
2019-08-01,2019080101008263,NMBMF,36,58,50,"1,107.00","55,350.00"
2019-08-01,2019080101008232,NMBMF,38,25,12,"1,114.00","13,368.00"
2019-08-01,2019080101008081,NNLB,57,57,35,470.00,"16,450.00"
2019-08-01,2019080101008080,NNLB,49,57,100,470.00,"47,000.00"
2019-08-01,2019080101008038,NSEWA,25,54,10,510.00,"5,100.00"
2019-08-01,2019080101008336,NUBL,4,52,80,900.00,"72,000.00"
2019-08-01,2019080101008335,NUBL,4,39,160,900.00,"144,000.00"
2019-08-01,2019080101008445,PCBL,38,28,100,283.00,"28,300.00"
2019-08-01,2019080101008354,PIC,38,39,150,474.00,"71,100.00"
2019-08-01,2019080101008265,PIC,29,43,16,472.00,"7,552.00"
2019-08-01,2019080101008264,PIC,41,43,14,472.00,"6,608.00"
2019-08-01,2019080101008162,PIC,41,43,50,473.00,"23,650.00"
2019-08-01,2019080101007990,PIC,26,43,20,473.00,"9,460.00"
2019-08-01,2019080101008311,PICL,6,38,171,531.00,"90,801.00"
2019-08-01,2019080101008451,PLIC,48,54,21,429.00,"9,009.00"
2019-08-01,2019080101008450,PLIC,48,29,109,428.00,"46,652.00"
2019-08-01,2019080101008449,PLIC,48,51,100,428.00,"42,800.00"
2019-08-01,2019080101008339,PPCL,6,26,10,135.00,"1,350.00"
2019-08-01,2019080101008325,PPCL,6,29,10,133.00,"1,330.00"
2019-08-01,2019080101008007,PPCL,36,37,40,131.00,"5,240.00"
2019-08-01,2019080101007956,PPCL,36,43,10,131.00,"1,310.00"
2019-08-01,2019080101008285,PRIN,38,35,460,372.00,"171,120.00"
2019-08-01,2019080101008284,PRIN,38,22,22,372.00,"8,184.00"
2019-08-01,2019080101008283,PRIN,38,44,18,372.00,"6,696.00"
2019-08-01,2019080101007965,PRIN,44,32,50,370.00,"18,500.00"
2019-08-01,2019080101008379,PRVU,29,40,490,274.00,"134,260.00"
2019-08-01,2019080101008378,PRVU,32,40,200,274.00,"54,800.00"
2019-08-01,2019080101008377,PRVU,46,40,500,274.00,"137,000.00"
2019-08-01,2019080101008376,PRVU,25,40,290,274.00,"79,460.00"
2019-08-01,2019080101008375,PRVU,38,40,520,274.00,"142,480.00"
2019-08-01,2019080101008331,PRVU,13,44,"1,000",275.00,"275,000.00"
2019-08-01,2019080101008173,PRVU,39,40,991,274.00,"271,534.00"
2019-08-01,2019080101008083,PRVU,39,41,300,274.00,"82,200.00"
2019-08-01,2019080101008037,PRVU,39,5,"2,000",274.00,"548,000.00"
2019-08-01,2019080101008009,PRVU,39,49,300,274.00,"82,200.00"
2019-08-01,2019080101008210,PRVU,14,59,709,274.00,"194,266.00"
2019-08-01,2019080101008209,PRVU,11,59,291,274.00,"79,734.00"
2019-08-01,2019080101008206,PRVU,33,44,60,275.00,"16,500.00"
2019-08-01,2019080101008182,PRVU,11,5,209,274.00,"57,266.00"
2019-08-01,2019080101008181,PRVU,25,5,291,274.00,"79,734.00"
2019-08-01,2019080101008174,PRVU,25,40,209,274.00,"57,266.00"
2019-08-01,2019080101008268,PRVU,38,51,271,274.00,"74,254.00"
2019-08-01,2019080101008250,PRVU,38,25,209,274.00,"57,266.00"
2019-08-01,2019080101008249,PRVU,33,25,200,274.00,"54,800.00"
2019-08-01,2019080101008248,PRVU,48,25,200,274.00,"54,800.00"
2019-08-01,2019080101008247,PRVU,6,25,100,274.00,"27,400.00"
2019-08-01,2019080101008246,PRVU,14,25,291,274.00,"79,734.00"
2019-08-01,2019080101008270,RMDC,4,40,148,680.00,"100,640.00"
2019-08-01,2019080101008391,RSDC,35,34,50,392.00,"19,600.00"
2019-08-01,2019080101008160,RSDC,42,56,36,392.00,"14,112.00"
2019-08-01,2019080101008159,RSDC,6,56,50,392.00,"19,600.00"
2019-08-01,2019080101008158,RSDC,42,56,14,392.00,"5,488.00"
2019-08-01,2019080101008050,RSDC,36,57,35,393.00,"13,755.00"
2019-08-01,2019080101008107,SANIMA,36,13,865,356.00,"307,940.00"
2019-08-01,2019080101008106,SANIMA,34,13,85,356.00,"30,260.00"
2019-08-01,2019080101008101,SANIMA,34,25,100,356.00,"35,600.00"
2019-08-01,2019080101008065,SANIMA,34,58,"1,000",356.00,"356,000.00"
2019-08-01,2019080101008027,SANIMA,34,39,50,356.00,"17,800.00"
2019-08-01,2019080101008429,SBI,59,40,150,464.00,"69,600.00"
2019-08-01,2019080101008195,SBI,33,3,21,463.00,"9,723.00"
2019-08-01,2019080101008405,SBL,35,54,"2,000",322.00,"644,000.00"
2019-08-01,2019080101008327,SBL,5,16,91,321.00,"29,211.00"
2019-08-01,2019080101008326,SBL,59,16,859,321.00,"275,739.00"
2019-08-01,2019080101008298,SBL,59,16,141,321.00,"45,261.00"
2019-08-01,2019080101008297,SBL,35,16,859,321.00,"275,739.00"
2019-08-01,2019080101008165,SBL,39,16,50,322.00,"16,100.00"
2019-08-01,2019080101008049,SCB,45,7,20,667.00,"13,340.00"
2019-08-01,2019080101008140,SDESI,6,28,15,652.00,"9,780.00"
2019-08-01,2019080101008086,SDESI,6,52,35,652.00,"22,820.00"
2019-08-01,2019080101008013,SDESI,17,28,27,657.00,"17,739.00"
2019-08-01,2019080101008390,SFFIL,57,49,11,262.00,"2,882.00"
2019-08-01,2019080101008422,SHIVM,35,40,60,598.00,"35,880.00"
2019-08-01,2019080101008386,SHIVM,35,32,60,598.00,"35,880.00"
2019-08-01,2019080101008385,SHIVM,54,32,100,598.00,"59,800.00"
2019-08-01,2019080101008384,SHIVM,1,32,340,598.00,"203,320.00"
2019-08-01,2019080101008213,SHIVM,35,43,500,599.00,"299,500.00"
2019-08-01,2019080101008212,SHIVM,56,43,100,599.00,"59,900.00"
2019-08-01,2019080101008211,SHIVM,52,43,50,599.00,"29,950.00"
2019-08-01,2019080101008072,SHIVM,52,40,50,599.00,"29,950.00"
2019-08-01,2019080101007985,SHIVM,22,41,100,599.00,"59,900.00"
2019-08-01,2019080101008355,SHIVM,1,43,160,598.00,"95,680.00"
2019-08-01,2019080101008328,SHIVM,42,43,40,599.00,"23,960.00"
2019-08-01,2019080101008214,SHIVM,44,43,10,599.00,"5,990.00"
2019-08-01,2019080101008189,SHPC,43,29,713,245.00,"174,685.00"
2019-08-01,2019080101008188,SHPC,14,29,500,246.00,"123,000.00"
2019-08-01,2019080101008187,SHPC,21,29,767,246.00,"188,682.00"
2019-08-01,2019080101008371,SIC,4,49,90,606.00,"54,540.00"
2019-08-01,2019080101008370,SIC,19,49,10,608.00,"6,080.00"
2019-08-01,2019080101008145,SIC,42,57,10,610.00,"6,100.00"
2019-08-01,2019080101008359,SICL,39,49,"1,235",796.00,"983,060.00"
2019-08-01,2019080101007958,SIL,41,36,340,460.00,"156,400.00"
2019-08-01,2019080101008323,SLBBL,56,42,370,520.00,"192,400.00"
2019-08-01,2019080101007968,SLBBL,42,42,30,520.00,"15,600.00"
2019-08-01,2019080101008177,SLICL,45,42,30,455.00,"13,650.00"
2019-08-01,2019080101008374,SMB,3,45,10,523.00,"5,230.00"
2019-08-01,2019080101008200,SMB,1,59,10,520.00,"5,200.00"
2019-08-01,2019080101008199,SMB,1,13,20,520.00,"10,400.00"
2019-08-01,2019080101008198,SMB,1,33,140,520.00,"72,800.00"
2019-08-01,2019080101008205,SMFBS,22,16,10,721.00,"7,210.00"
2019-08-01,2019080101008092,SMFBS,22,36,10,721.00,"7,210.00"
2019-08-01,2019080101008230,SMFDB,28,57,100,579.00,"57,900.00"
2019-08-01,2019080101008012,SMFDB,42,39,67,576.00,"38,592.00"
2019-08-01,2019080101008314,SPARS,34,44,100,660.00,"66,000.00"
2019-08-01,2019080101007995,SPARS,34,42,30,660.00,"19,800.00"
2019-08-01,2019080101007994,SPARS,17,42,70,660.00,"46,200.00"
2019-08-01,2019080101008035,SRBL,43,28,26,249.00,"6,474.00"
2019-08-01,2019080101008296,SWBBL,3,53,16,936.00,"14,976.00"
2019-08-01,2019080101008060,SWBBL,34,52,45,937.00,"42,165.00"
2019-08-01,2019080101008330,UIC,58,34,10,344.00,"3,440.00"
2019-08-01,2019080101008260,UIC,58,45,50,344.00,"17,200.00"
2019-08-01,2019080101008194,UIC,34,6,25,345.00,"8,625.00"
2019-08-01,2019080101008184,UIC,58,56,20,344.00,"6,880.00"
2019-08-01,2019080101008183,UIC,45,56,50,344.00,"17,200.00"
2019-08-01,2019080101008082,UIC,48,16,40,345.00,"13,800.00"
2019-08-01,2019080101008031,UIC,46,16,50,345.00,"17,250.00"
2019-08-01,2019080101008030,UIC,51,16,70,345.00,"24,150.00"
2019-08-01,2019080101008029,UIC,57,16,200,345.00,"69,000.00"
2019-08-01,2019080101008028,UIC,1,16,33,345.00,"11,385.00"
2019-08-01,2019080101008156,UPCL,41,37,180,87.00,"15,660.00"
2019-08-01,2019080101008155,UPCL,41,37,100,87.00,"8,700.00"
2019-08-01,2019080101008154,UPCL,41,37,20,87.00,"1,740.00"
2019-08-01,2019080101008108,UPCL,34,34,10,88.00,880.00
2019-08-01,2019080101008010,UPCL,41,45,50,87.00,"4,350.00"
2019-08-01,2019080101008008,UPCL,41,43,50,87.00,"4,350.00"
2019-08-01,2019080101008362,UPPER,7,40,700,271.00,"189,700.00"
2019-08-01,2019080101008361,UPPER,7,34,500,271.00,"135,500.00"
2019-08-01,2019080101008360,UPPER,7,37,138,271.00,"37,398.00"
2019-08-01,2019080101008157,UPPER,48,28,50,270.00,"13,500.00"
2019-08-01,2019080101008137,UPPER,48,46,50,270.00,"13,500.00"
2019-08-01,2019080101008002,UPPER,41,40,100,270.00,"27,000.00"
2019-08-01,2019080101008001,UPPER,22,40,"1,000",270.00,"270,000.00"
2019-08-01,2019080101008000,UPPER,39,40,500,270.00,"135,000.00"
2019-08-01,2019080101007999,UPPER,58,40,50,270.00,"13,500.00"
2019-08-01,2019080101008055,UPPER,45,37,100,271.00,"27,100.00"
2019-08-01,2019080101008052,UPPER,48,28,17,270.00,"4,590.00"
2019-08-01,2019080101008051,UPPER,19,28,23,270.00,"6,210.00"
2019-08-01,2019080101008005,UPPER,19,40,30,270.00,"8,100.00"
2019-08-01,2019080101008004,UPPER,6,40,220,270.00,"59,400.00"
2019-08-01,2019080101008003,UPPER,21,40,100,270.00,"27,000.00"
2019-08-01,2019080101008397,VLBS,57,5,41,608.00,"24,928.00"
2019-08-01,2019080101008396,VLBS,19,5,100,609.00,"60,900.00"
2019-08-01,2019080101008257,VLBS,57,11,151,608.00,"91,808.00"
2019-08-01,2019080101008256,VLBS,51,11,87,609.00,"52,983.00"
2019-08-01,2019080101008234,VLBS,51,29,13,609.00,"7,917.00"
2019-08-01,2019080101007947,ADBL,34,4,50,430.00,"21,500.00"
2019-08-01,2019080101007943,ADBL,34,10,393,430.00,"168,990.00"
2019-08-01,2019080101007909,ADBL,34,46,200,431.00,"86,200.00"
2019-08-01,2019080101007908,ADBL,34,42,500,431.00,"215,500.00"
2019-08-01,2019080101007907,ADBL,34,47,500,431.00,"215,500.00"
2019-08-01,2019080101007906,ADBL,34,13,130,431.00,"56,030.00"
2019-08-01,2019080101007491,ADBL,14,43,"1,000",430.00,"430,000.00"
2019-08-01,2019080101007490,ADBL,42,43,500,430.00,"215,000.00"
2019-08-01,2019080101007489,ADBL,19,43,500,430.00,"215,000.00"
2019-08-01,2019080101007488,ADBL,38,43,230,430.00,"98,900.00"
2019-08-01,2019080101007487,ADBL,40,43,100,430.00,"43,000.00"
2019-08-01,2019080101007777,ADBL,34,4,"1,000",430.00,"430,000.00"
2019-08-01,2019080101007775,ADBL,34,4,50,430.00,"21,500.00"
2019-08-01,2019080101007757,ADBL,34,4,35,430.00,"15,050.00"
2019-08-01,2019080101007610,ADBL,34,6,150,430.00,"64,500.00"
2019-08-01,2019080101007538,ADBL,48,29,20,429.00,"8,580.00"
2019-08-01,2019080101007492,ADBL,48,43,500,430.00,"215,000.00"
2019-08-01,2019080101007905,ADBL,34,32,53,431.00,"22,843.00"
2019-08-01,2019080101007904,ADBL,34,7,138,431.00,"59,478.00"
2019-08-01,2019080101007888,ADBL,34,4,50,430.00,"21,500.00"
2019-08-01,2019080101007828,ADBL,34,4,50,430.00,"21,500.00"
2019-08-01,2019080101007809,ADBL,34,4,50,430.00,"21,500.00"
2019-08-01,2019080101007784,ADBL,34,4,100,430.00,"43,000.00"
2019-08-01,2019080101007484,AHPC,25,58,148,105.00,"15,540.00"
2019-08-01,2019080101007821,AKPL,49,58,79,170.00,"13,430.00"
2019-08-01,2019080101007951,ALBSL,7,45,10,510.00,"5,100.00"
2019-08-01,2019080101007926,ALBSL,7,51,200,511.00,"102,200.00"
2019-08-01,2019080101007894,ALBSL,7,38,300,511.00,"153,300.00"
2019-08-01,2019080101007893,ALBSL,57,38,50,512.00,"25,600.00"
2019-08-01,2019080101007892,ALBSL,32,38,100,512.00,"51,200.00"
2019-08-01,2019080101007883,ALBSL,32,43,10,512.00,"5,120.00"
2019-08-01,2019080101007591,ALBSL,7,33,140,519.00,"72,660.00"
2019-08-01,2019080101007513,ALBSL,32,26,10,512.00,"5,120.00"
2019-08-01,2019080101007510,ALBSL,46,42,10,520.00,"5,200.00"
2019-08-01,2019080101007509,ALBSL,46,49,30,520.00,"15,600.00"
2019-08-01,2019080101007508,ALBSL,46,49,10,520.00,"5,200.00"
2019-08-01,2019080101007476,ALBSL,11,29,100,518.00,"51,800.00"
2019-08-01,2019080101007701,ALBSL,32,47,10,512.00,"5,120.00"
2019-08-01,2019080101007681,ALBSL,32,26,10,512.00,"5,120.00"
2019-08-01,2019080101007613,ALBSL,7,25,250,520.00,"130,000.00"
2019-08-01,2019080101007612,ALBSL,7,38,100,520.00,"52,000.00"
2019-08-01,2019080101007611,ALBSL,7,42,10,520.00,"5,200.00"
2019-08-01,2019080101007607,ALBSL,32,26,10,512.00,"5,120.00"
2019-08-01,2019080101007858,ALBSL,32,43,10,512.00,"5,120.00"
2019-08-01,2019080101007806,ALBSL,32,45,10,512.00,"5,120.00"
2019-08-01,2019080101007783,ALBSL,32,16,10,512.00,"5,120.00"
2019-08-01,2019080101007774,ALBSL,32,45,10,512.00,"5,120.00"
2019-08-01,2019080101007760,ALBSL,32,47,10,512.00,"5,120.00"
2019-08-01,2019080101007547,ALICL,43,28,90,369.00,"33,210.00"
2019-08-01,2019080101007546,ALICL,44,28,100,369.00,"36,900.00"
2019-08-01,2019080101007545,ALICL,43,28,254,369.00,"93,726.00"
2019-08-01,2019080101007544,ALICL,37,28,58,370.00,"21,460.00"
2019-08-01,2019080101007863,API,25,35,12,138.00,"1,656.00"
2019-08-01,2019080101007727,API,43,25,100,136.00,"13,600.00"
2019-08-01,2019080101007726,API,44,25,500,136.00,"68,000.00"
2019-08-01,2019080101007725,API,43,25,200,136.00,"27,200.00"
2019-08-01,2019080101007724,API,44,25,194,136.00,"26,384.00"
2019-08-01,2019080101007703,API,6,35,100,138.00,"13,800.00"
2019-08-01,2019080101007702,API,49,35,380,138.00,"52,440.00"
2019-08-01,2019080101007556,API,49,46,220,138.00,"30,360.00"
2019-08-01,2019080101007851,BARUN,56,32,10,90.00,900.00
2019-08-01,2019080101007802,BARUN,56,32,10,90.00,900.00
2019-08-01,2019080101007499,BBC,46,35,50,"1,460.00","73,000.00"
2019-08-01,2019080101007768,BOKL,48,49,100,265.00,"26,500.00"
2019-08-01,2019080101007767,BOKL,41,49,100,265.00,"26,500.00"
2019-08-01,2019080101007766,BOKL,52,49,10,265.00,"2,650.00"
2019-08-01,2019080101007765,BOKL,21,49,50,265.00,"13,250.00"
2019-08-01,2019080101007764,BOKL,5,49,75,265.00,"19,875.00"
2019-08-01,2019080101007496,BOKL,47,40,400,266.00,"106,400.00"
2019-08-01,2019080101007494,BOKL,58,34,20,267.00,"5,340.00"
2019-08-01,2019080101007625,BOKL,21,43,500,266.00,"133,000.00"
2019-08-01,2019080101007624,BOKL,47,43,584,266.00,"155,344.00"
2019-08-01,2019080101007623,BOKL,47,43,200,266.00,"53,200.00"
2019-08-01,2019080101007622,BOKL,47,43,500,266.00,"133,000.00"
2019-08-01,2019080101007621,BOKL,47,43,150,266.00,"39,900.00"
2019-08-01,2019080101007620,BOKL,47,43,514,266.00,"136,724.00"
2019-08-01,2019080101007763,BOKL,16,49,"1,000",265.00,"265,000.00"
2019-08-01,2019080101007719,BOKL,50,49,400,266.00,"106,400.00"
2019-08-01,2019080101007718,BOKL,29,49,648,266.00,"172,368.00"
2019-08-01,2019080101007628,BOKL,29,43,352,266.00,"93,632.00"
2019-08-01,2019080101007627,BOKL,16,43,"2,000",266.00,"532,000.00"
2019-08-01,2019080101007626,BOKL,16,43,200,266.00,"53,200.00"
2019-08-01,2019080101007836,BPCL,35,58,22,404.00,"8,888.00"
2019-08-01,2019080101007653,BPCL,38,4,136,404.00,"54,944.00"
2019-08-01,2019080101007868,CBBL,4,51,400,996.00,"398,400.00"
2019-08-01,2019080101007606,CBBL,4,52,156,996.00,"155,376.00"
2019-08-01,2019080101007483,CBBL,4,4,89,996.00,"88,644.00"
2019-08-01,2019080101007780,CBL,48,54,10,155.00,"1,550.00"
2019-08-01,2019080101007707,CBL,43,54,"1,856",155.00,"287,680.00"
2019-08-01,2019080101007643,CBL,43,36,220,155.00,"34,100.00"
2019-08-01,2019080101007642,CBL,43,3,154,155.00,"23,870.00"
2019-08-01,2019080101007641,CBL,43,37,500,155.00,"77,500.00"
2019-08-01,2019080101007640,CBL,43,39,300,155.00,"46,500.00"
2019-08-01,2019080101007466,CBL,28,44,"2,930",154.00,"451,220.00"
2019-08-01,2019080101007465,CBL,28,44,456,154.00,"70,224.00"
2019-08-01,2019080101007464,CBL,28,44,80,154.00,"12,320.00"
2019-08-01,2019080101007463,CBL,45,44,334,154.00,"51,436.00"
2019-08-01,2019080101007639,CBL,43,54,"1,970",155.00,"305,350.00"
2019-08-01,2019080101007570,CBL,58,54,20,155.00,"3,100.00"
2019-08-01,2019080101007564,CBL,48,54,10,155.00,"1,550.00"
2019-08-01,2019080101007539,CBL,28,42,100,154.00,"15,400.00"
2019-08-01,2019080101007533,CBL,28,58,130,154.00,"20,020.00"
2019-08-01,2019080101007532,CBL,28,58,70,154.00,"10,780.00"
2019-08-01,2019080101007876,CCBL,34,41,100,171.00,"17,100.00"
2019-08-01,2019080101007664,CCBL,34,26,100,171.00,"17,100.00"
2019-08-01,2019080101007534,CCBL,58,40,20,172.00,"3,440.00"
2019-08-01,2019080101007571,CEFL,4,6,50,105.00,"5,250.00"
2019-08-01,2019080101007536,CEFL,4,6,100,105.00,"10,500.00"
2019-08-01,2019080101007535,CEFL,58,6,50,106.00,"5,300.00"
2019-08-01,2019080101007769,CHCL,20,40,50,511.00,"25,550.00"
2019-08-01,2019080101007569,CORBL,56,56,20,127.00,"2,540.00"
2019-08-01,2019080101007889,CZBIL,56,43,"1,236",224.00,"276,864.00"
2019-08-01,2019080101007845,CZBIL,48,7,10,223.00,"2,230.00"
2019-08-01,2019080101007717,CZBIL,48,43,74,223.00,"16,502.00"
2019-08-01,2019080101007691,CZBIL,39,43,100,224.00,"22,400.00"
2019-08-01,2019080101007690,CZBIL,43,43,500,224.00,"112,000.00"
2019-08-01,2019080101007689,CZBIL,45,43,50,224.00,"11,200.00"
2019-08-01,2019080101007688,CZBIL,40,43,900,224.00,"201,600.00"
2019-08-01,2019080101007511,CZBIL,40,10,10,224.00,"2,240.00"
2019-08-01,2019080101007550,DDBL,34,38,10,780.00,"7,800.00"
2019-08-01,2019080101007485,DDBL,53,58,100,771.00,"77,100.00"
2019-08-01,2019080101007471,DDBL,43,58,200,771.00,"154,200.00"
2019-08-01,2019080101007470,DDBL,4,58,507,772.00,"391,404.00"
2019-08-01,2019080101007820,EBL,38,26,50,663.00,"33,150.00"
2019-08-01,2019080101007819,EBL,38,47,250,663.00,"165,750.00"
2019-08-01,2019080101007716,EDBL,57,43,291,292.00,"84,972.00"
2019-08-01,2019080101007782,FMDBL,17,38,210,403.00,"84,630.00"
2019-08-01,2019080101007781,FMDBL,59,38,50,404.00,"20,200.00"
2019-08-01,2019080101007502,FMDBL,41,34,140,406.00,"56,840.00"
2019-08-01,2019080101007920,FOWAD,14,29,100,"1,428.00","142,800.00"
2019-08-01,2019080101007919,FOWAD,57,29,10,"1,428.00","14,280.00"
2019-08-01,2019080101007918,FOWAD,50,29,50,"1,431.00","71,550.00"
2019-08-01,2019080101007917,FOWAD,19,29,50,"1,431.00","71,550.00"
2019-08-01,2019080101007916,FOWAD,26,29,30,"1,432.00","42,960.00"
2019-08-01,2019080101007865,GBBL,39,29,100,223.00,"22,300.00"
2019-08-01,2019080101007655,GBBL,39,33,36,223.00,"8,028.00"
2019-08-01,2019080101007549,GBBL,39,3,16,223.00,"3,568.00"
2019-08-01,2019080101007927,GBLBS,44,7,100,410.00,"41,000.00"
2019-08-01,2019080101007886,GBLBS,44,1,200,410.00,"82,000.00"
2019-08-01,2019080101007834,GBLBS,44,1,91,410.00,"37,310.00"
2019-08-01,2019080101007793,GBLBS,44,52,104,410.00,"42,640.00"
2019-08-01,2019080101007792,GBLBS,53,52,146,410.00,"59,860.00"
2019-08-01,2019080101007747,GBLBS,53,14,104,410.00,"42,640.00"
2019-08-01,2019080101007723,GBLBS,53,1,250,410.00,"102,500.00"
2019-08-01,2019080101007722,GBLBS,45,1,50,410.00,"20,500.00"
2019-08-01,2019080101007695,GBLBS,45,1,200,410.00,"82,000.00"
2019-08-01,2019080101007580,GBLBS,45,25,180,410.00,"73,800.00"
2019-08-01,2019080101007506,GDBL,54,13,60,211.00,"12,660.00"
2019-08-01,2019080101007507,GDBL,5,13,140,211.00,"29,540.00"
2019-08-01,2019080101007873,GFCL,44,17,100,134.00,"13,400.00"
2019-08-01,2019080101007872,GFCL,43,17,700,134.00,"93,800.00"
2019-08-01,2019080101007871,GFCL,59,17,35,134.00,"4,690.00"
2019-08-01,2019080101007753,GLICL,55,34,20,452.00,"9,040.00"
2019-08-01,2019080101007657,GLICL,53,42,46,453.00,"20,838.00"
2019-08-01,2019080101007543,GLICL,34,42,38,453.00,"17,214.00"
2019-08-01,2019080101007501,GLICL,55,26,24,452.00,"10,848.00"
2019-08-01,2019080101007500,GLICL,57,26,76,452.00,"34,352.00"
2019-08-01,2019080101007924,GMFBS,13,45,10,651.00,"6,510.00"
2019-08-01,2019080101007914,GMFBS,13,34,10,651.00,"6,510.00"
2019-08-01,2019080101007844,GMFBS,13,17,10,651.00,"6,510.00"
2019-08-01,2019080101007748,GMFBS,13,36,10,651.00,"6,510.00"
2019-08-01,2019080101007705,GMFBS,13,26,10,651.00,"6,510.00"
2019-08-01,2019080101007649,GMFBS,21,44,10,659.00,"6,590.00"
2019-08-01,2019080101007648,GMFBS,21,44,10,659.00,"6,590.00"
2019-08-01,2019080101007647,GMFBS,21,4,10,659.00,"6,590.00"
2019-08-01,2019080101007646,GMFBS,21,4,10,659.00,"6,590.00"
2019-08-01,2019080101007541,GMFBS,50,11,10,652.00,"6,520.00"
2019-08-01,2019080101007596,GUFL,43,50,200,124.00,"24,800.00"
2019-08-01,2019080101007498,GUFL,43,25,40,124.00,"4,960.00"
2019-08-01,2019080101007474,HBL,14,59,155,545.00,"84,475.00"
2019-08-01,2019080101007852,HGI,56,59,125,344.00,"43,000.00"
2019-08-01,2019080101007589,HGI,34,59,685,344.00,"235,640.00"
2019-08-01,2019080101007588,HGI,41,59,200,345.00,"69,000.00"
2019-08-01,2019080101007587,HGI,5,59,100,345.00,"34,500.00"
2019-08-01,2019080101007586,HGI,43,59,500,346.00,"173,000.00"
2019-08-01,2019080101007585,HGI,59,59,50,346.00,"17,300.00"
2019-08-01,2019080101007584,HGI,43,59,200,347.00,"69,400.00"
2019-08-01,2019080101007583,HGI,57,59,25,348.00,"8,700.00"
2019-08-01,2019080101007582,HGI,56,59,240,348.00,"83,520.00"
2019-08-01,2019080101007563,HIDCL,34,19,580,157.00,"91,060.00"
2019-08-01,2019080101007898,HURJA,52,43,20,138.00,"2,760.00"
2019-08-01,2019080101007730,HURJA,52,6,120,138.00,"16,560.00"
2019-08-01,2019080101007710,HURJA,52,29,10,140.00,"1,400.00"
2019-08-01,2019080101007709,HURJA,52,51,20,140.00,"2,800.00"
2019-08-01,2019080101007708,HURJA,52,51,20,140.00,"2,800.00"
2019-08-01,2019080101007824,IGI,45,6,10,357.00,"3,570.00"
2019-08-01,2019080101007823,IGI,11,6,20,357.00,"7,140.00"
2019-08-01,2019080101007822,IGI,41,6,50,358.00,"17,900.00"
2019-08-01,2019080101007945,ILBS,55,22,80,532.00,"42,560.00"
2019-08-01,2019080101007944,ILBS,49,22,20,533.00,"10,660.00"
2019-08-01,2019080101007885,ILBS,49,17,10,533.00,"5,330.00"
2019-08-01,2019080101007864,ILBS,49,36,10,533.00,"5,330.00"
2019-08-01,2019080101007855,ILBS,49,45,10,533.00,"5,330.00"
2019-08-01,2019080101007829,ILBS,49,29,50,533.00,"26,650.00"
2019-08-01,2019080101007540,ILBS,1,52,10,531.00,"5,310.00"
2019-08-01,2019080101007537,ILBS,1,26,10,531.00,"5,310.00"
2019-08-01,2019080101007517,ILBS,1,21,40,531.00,"21,240.00"
2019-08-01,2019080101007514,ILBS,57,19,20,532.00,"10,640.00"
2019-08-01,2019080101007505,ILBS,57,52,10,532.00,"5,320.00"
2019-08-01,2019080101007759,ILBS,39,29,50,533.00,"26,650.00"
2019-08-01,2019080101007742,ILBS,21,52,40,530.00,"21,200.00"
2019-08-01,2019080101007633,ILBS,1,25,10,531.00,"5,310.00"
2019-08-01,2019080101007629,ILBS,1,26,10,531.00,"5,310.00"
2019-08-01,2019080101007595,ILBS,1,35,10,531.00,"5,310.00"
2019-08-01,2019080101007562,ILBS,1,52,10,531.00,"5,310.00"
2019-08-01,2019080101007778,JBBL,45,46,500,162.00,"81,000.00"
2019-08-01,2019080101007913,KBL,34,7,146,215.00,"31,390.00"
2019-08-01,2019080101007715,KBL,49,6,80,216.00,"17,280.00"
2019-08-01,2019080101007685,KBL,33,6,10,216.00,"2,160.00"
2019-08-01,2019080101007581,KBL,48,6,10,216.00,"2,160.00"
2019-08-01,2019080101007561,KBL,34,58,100,215.00,"21,500.00"
2019-08-01,2019080101007486,KBL,34,35,254,215.00,"54,610.00"
2019-08-01,2019080101007856,KPCL,22,58,10,90.00,900.00
2019-08-01,2019080101007830,KPCL,22,7,10,90.00,900.00
2019-08-01,2019080101007602,KSBBL,21,32,257,154.00,"39,578.00"
2019-08-01,2019080101007935,LBBL,43,33,300,206.00,"61,800.00"
2019-08-01,2019080101007495,LBBL,13,33,200,206.00,"41,200.00"
2019-08-01,2019080101007749,LBL,26,16,520,220.00,"114,400.00"
2019-08-01,2019080101007530,LBL,43,53,500,221.00,"110,500.00"
2019-08-01,2019080101007529,LBL,43,37,"2,000",221.00,"442,000.00"
2019-08-01,2019080101007528,LBL,43,19,500,221.00,"110,500.00"
2019-08-01,2019080101007527,LBL,43,16,580,221.00,"128,180.00"
2019-08-01,2019080101007493,LBL,26,44,480,220.00,"105,600.00"
2019-08-01,2019080101007565,LGIL,43,25,200,431.00,"86,200.00"
2019-08-01,2019080101007789,MBL,47,6,300,262.00,"78,600.00"
2019-08-01,2019080101007720,MDB,13,35,20,244.00,"4,880.00"
2019-08-01,2019080101007817,MEGA,36,37,50,207.00,"10,350.00"
2019-08-01,2019080101007714,MEGA,19,48,56,206.00,"11,536.00"
2019-08-01,2019080101007713,MEGA,47,48,200,206.00,"41,200.00"
2019-08-01,2019080101007712,MEGA,55,48,500,206.00,"103,000.00"
2019-08-01,2019080101007711,MEGA,34,48,244,206.00,"50,264.00"
2019-08-01,2019080101007698,MEGA,34,48,256,206.00,"52,736.00"
2019-08-01,2019080101007697,MEGA,8,48,744,206.00,"153,264.00"
2019-08-01,2019080101007603,MEGA,48,37,10,207.00,"2,070.00"
2019-08-01,2019080101007579,MEGA,45,37,29,207.00,"6,003.00"
2019-08-01,2019080101007578,MEGA,45,34,200,207.00,"41,400.00"
2019-08-01,2019080101007577,MEGA,45,34,71,207.00,"14,697.00"
2019-08-01,2019080101007939,MERO,25,44,46,558.00,"25,668.00"
2019-08-01,2019080101007938,MERO,25,5,21,558.00,"11,718.00"
2019-08-01,2019080101007936,MERO,25,29,33,558.00,"18,414.00"
2019-08-01,2019080101007869,MERO,5,44,100,557.00,"55,700.00"
2019-08-01,2019080101007663,MFIL,54,57,"1,000",128.00,"128,000.00"
2019-08-01,2019080101007887,MLBBL,47,48,21,531.00,"11,151.00"
2019-08-01,2019080101007619,MLBBL,19,29,91,530.00,"48,230.00"
2019-08-01,2019080101007795,MLBL,17,46,500,202.00,"101,000.00"
2019-08-01,2019080101007848,MNBBL,48,44,500,375.00,"187,500.00"
2019-08-01,2019080101007847,MNBBL,6,44,50,375.00,"18,750.00"
2019-08-01,2019080101007846,MNBBL,42,44,100,375.00,"37,500.00"
2019-08-01,2019080101007771,MSLB,21,21,6,"1,005.00","6,030.00"
2019-08-01,2019080101007558,MSMBS,58,26,11,511.00,"5,621.00"
2019-08-01,2019080101007902,NABIL,14,33,271,801.00,"217,071.00"
2019-08-01,2019080101007875,NABIL,14,7,23,801.00,"18,423.00"
2019-08-01,2019080101007816,NABIL,14,35,594,801.00,"475,794.00"
2019-08-01,2019080101007815,NABIL,1,35,12,801.00,"9,612.00"
2019-08-01,2019080101007666,NABIL,41,7,50,802.00,"40,100.00"
2019-08-01,2019080101007933,NADEP,38,7,10,504.00,"5,040.00"
2019-08-01,2019080101007877,NADEP,6,58,120,505.00,"60,600.00"
2019-08-01,2019080101007694,NADEP,19,48,50,508.00,"25,400.00"
2019-08-01,2019080101007645,NADEP,38,26,20,504.00,"10,080.00"
2019-08-01,2019080101007515,NADEP,38,38,60,504.00,"30,240.00"
2019-08-01,2019080101007677,NAGRO,42,43,10,789.00,"7,890.00"
2019-08-01,2019080101007637,NAGRO,42,47,10,789.00,"7,890.00"
2019-08-01,2019080101007879,NBB,38,11,100,222.00,"22,200.00"
2019-08-01,2019080101007850,NBB,38,28,310,222.00,"68,820.00"
2019-08-01,2019080101007849,NBB,34,28,690,222.00,"153,180.00"
2019-08-01,2019080101007567,NBL,10,21,70,339.00,"23,730.00"
2019-08-01,2019080101007941,NCCB,34,28,500,245.00,"122,500.00"
2019-08-01,2019080101007940,NCCB,37,28,500,245.00,"122,500.00"
2019-08-01,2019080101007548,NHDL,10,32,10,121.00,"1,210.00"
2019-08-01,2019080101007794,NHPC,48,19,10,65.00,650.00
2019-08-01,2019080101007743,NHPC,56,32,100,64.00,"6,400.00"
2019-08-01,2019080101007911,NIB,54,28,32,517.00,"16,544.00"
2019-08-01,2019080101007700,NIB,25,7,115,516.00,"59,340.00"
2019-08-01,2019080101007635,NIB,58,28,40,517.00,"20,680.00"
2019-08-01,2019080101007634,NIB,39,28,742,517.00,"383,614.00"
2019-08-01,2019080101007557,NIB,39,28,900,517.00,"465,300.00"
2019-08-01,2019080101007526,NIB,39,28,258,517.00,"133,386.00"
2019-08-01,2019080101007519,NIB,57,28,197,518.00,"102,046.00"
2019-08-01,2019080101007525,NIB,41,28,100,517.00,"51,700.00"
2019-08-01,2019080101007524,NIB,35,28,100,517.00,"51,700.00"
2019-08-01,2019080101007523,NIB,38,28,100,517.00,"51,700.00"
2019-08-01,2019080101007522,NIB,49,28,30,518.00,"15,540.00"
2019-08-01,2019080101007521,NIB,42,28,100,518.00,"51,800.00"
2019-08-01,2019080101007520,NIB,42,28,15,518.00,"7,770.00"
2019-08-01,2019080101007512,NIBPO,11,29,20,470.00,"9,400.00"
2019-08-01,2019080101007910,NICA,48,14,500,466.00,"233,000.00"
2019-08-01,2019080101007896,NICA,14,28,888,465.00,"412,920.00"
2019-08-01,2019080101007895,NICA,48,28,12,465.00,"5,580.00"
2019-08-01,2019080101007882,NICA,53,28,100,466.00,"46,600.00"
2019-08-01,2019080101007880,NICA,48,28,210,465.00,"97,650.00"
2019-08-01,2019080101007861,NICA,48,28,278,465.00,"129,270.00"
2019-08-01,2019080101007860,NICA,45,28,30,465.00,"13,950.00"
2019-08-01,2019080101007859,NICA,14,28,92,465.00,"42,780.00"
2019-08-01,2019080101007818,NICA,46,28,500,466.00,"233,000.00"
2019-08-01,2019080101007636,NICA,42,28,30,466.00,"13,980.00"
2019-08-01,2019080101007931,NICL,20,28,237,360.00,"85,320.00"
2019-08-01,2019080101007881,NICL,20,39,90,360.00,"32,400.00"
2019-08-01,2019080101007843,NICL,20,43,180,360.00,"64,800.00"
2019-08-01,2019080101007842,NICL,20,50,500,360.00,"180,000.00"
2019-08-01,2019080101007841,NICL,20,14,10,360.00,"3,600.00"
2019-08-01,2019080101007840,NICL,20,37,100,359.00,"35,900.00"
2019-08-01,2019080101007839,NICL,20,51,50,359.00,"17,950.00"
2019-08-01,2019080101007838,NICL,20,44,237,356.00,"84,372.00"
2019-08-01,2019080101007604,NICL,45,44,50,356.00,"17,800.00"
2019-08-01,2019080101007953,NIL,50,35,50,483.00,"24,150.00"
2019-08-01,2019080101007952,NIL,57,35,33,483.00,"15,939.00"
2019-08-01,2019080101007810,NIL,57,17,17,483.00,"8,211.00"
2019-08-01,2019080101007899,NLBBL,32,11,100,563.00,"56,300.00"
2019-08-01,2019080101007866,NLBBL,14,58,100,561.00,"56,100.00"
2019-08-01,2019080101007801,NLBBL,14,29,32,564.00,"18,048.00"
2019-08-01,2019080101007790,NLBBL,57,1,50,557.00,"27,850.00"
2019-08-01,2019080101007773,NLBBL,14,39,100,562.00,"56,200.00"
2019-08-01,2019080101007680,NLBBL,32,26,100,563.00,"56,300.00"
2019-08-01,2019080101007679,NLBBL,32,21,200,562.00,"112,400.00"
2019-08-01,2019080101007932,NLG,49,39,62,714.00,"44,268.00"
2019-08-01,2019080101007741,NLG,13,35,70,710.00,"49,700.00"
2019-08-01,2019080101007740,NLG,51,35,50,711.00,"35,550.00"
2019-08-01,2019080101007930,NLIC,39,55,17,880.00,"14,960.00"
2019-08-01,2019080101007696,NLIC,56,4,397,880.00,"349,360.00"
2019-08-01,2019080101007729,NMFBS,21,21,3,"1,565.00","4,695.00"
2019-08-01,2019080101007862,NNLB,14,48,100,471.00,"47,100.00"
2019-08-01,2019080101007912,NTC,42,7,385,694.00,"267,190.00"
2019-08-01,2019080101007776,NTC,39,7,100,695.00,"69,500.00"
2019-08-01,2019080101007576,NTC,45,7,20,695.00,"13,900.00"
2019-08-01,2019080101007575,NTC,4,7,50,695.00,"34,750.00"
2019-08-01,2019080101007574,NTC,4,7,60,695.00,"41,700.00"
2019-08-01,2019080101007573,NTC,4,7,50,695.00,"34,750.00"
2019-08-01,2019080101007572,NTC,4,7,35,695.00,"24,325.00"
2019-08-01,2019080101007867,NUBL,37,39,60,900.00,"54,000.00"
2019-08-01,2019080101007762,NUBL,37,53,140,900.00,"126,000.00"
2019-08-01,2019080101007761,NUBL,4,53,160,900.00,"144,000.00"
2019-08-01,2019080101007750,NUBL,4,53,100,900.00,"90,000.00"
2019-08-01,2019080101007706,NUBL,4,50,240,900.00,"216,000.00"
2019-08-01,2019080101007665,NUBL,28,1,50,900.00,"45,000.00"
2019-08-01,2019080101007654,PFL,39,32,39,137.00,"5,343.00"
2019-08-01,2019080101007929,PICL,6,38,10,535.00,"5,350.00"
2019-08-01,2019080101007857,PICL,6,38,25,535.00,"13,375.00"
2019-08-01,2019080101007807,PICL,52,38,20,535.00,"10,700.00"
2019-08-01,2019080101007672,PICL,56,38,40,535.00,"21,400.00"
2019-08-01,2019080101007671,PICL,41,38,100,535.00,"53,500.00"
2019-08-01,2019080101007670,PICL,5,38,100,535.00,"53,500.00"
2019-08-01,2019080101007669,PICL,56,38,100,536.00,"53,600.00"
2019-08-01,2019080101007668,PICL,45,38,10,536.00,"5,360.00"
2019-08-01,2019080101007667,PICL,6,38,64,537.00,"34,368.00"
2019-08-01,2019080101007594,PLIC,33,28,212,422.00,"89,464.00"
2019-08-01,2019080101007566,PLIC,51,28,50,422.00,"21,100.00"
2019-08-01,2019080101007460,PLIC,36,28,200,422.00,"84,400.00"
2019-08-01,2019080101007459,PLIC,1,28,100,422.00,"42,200.00"
2019-08-01,2019080101007458,PLIC,51,28,200,422.00,"84,400.00"
2019-08-01,2019080101007457,PLIC,25,28,100,423.00,"42,300.00"
2019-08-01,2019080101007456,PLIC,37,28,200,423.00,"84,600.00"
2019-08-01,2019080101007455,PLIC,48,28,200,423.00,"84,600.00"
2019-08-01,2019080101007454,PLIC,19,28,100,425.00,"42,500.00"
2019-08-01,2019080101007870,PMHPL,29,58,10,104.00,"1,040.00"
2019-08-01,2019080101007609,PPCL,36,52,30,131.00,"3,930.00"
2019-08-01,2019080101007837,PRIN,34,22,200,371.00,"74,200.00"
2019-08-01,2019080101007469,PRIN,44,22,600,370.00,"222,000.00"
2019-08-01,2019080101007468,PRIN,32,22,200,370.00,"74,000.00"
2019-08-01,2019080101007467,PRIN,45,22,200,370.00,"74,000.00"
2019-08-01,2019080101007942,PRVU,32,44,"1,000",275.00,"275,000.00"
2019-08-01,2019080101007835,PRVU,39,42,180,274.00,"49,320.00"
2019-08-01,2019080101007833,PRVU,39,28,161,274.00,"44,114.00"
2019-08-01,2019080101007832,PRVU,35,28,200,274.00,"54,800.00"
2019-08-01,2019080101007831,PRVU,41,28,500,274.00,"137,000.00"
2019-08-01,2019080101007826,PRVU,40,40,200,274.00,"54,800.00"
2019-08-01,2019080101007825,PRVU,37,40,"1,000",274.00,"274,000.00"
2019-08-01,2019080101007772,PRVU,21,16,200,274.00,"54,800.00"
2019-08-01,2019080101007644,PRVU,35,44,10,275.00,"2,750.00"
2019-08-01,2019080101007618,PRVU,48,44,10,275.00,"2,750.00"
2019-08-01,2019080101007516,PRVU,13,44,300,275.00,"82,500.00"
2019-08-01,2019080101007884,RADHI,4,58,11,146.00,"1,606.00"
2019-08-01,2019080101007798,RBCL,45,6,15,"9,380.00","140,700.00"
2019-08-01,2019080101007797,RBCL,25,6,10,"9,381.00","93,810.00"
2019-08-01,2019080101007890,RMDC,1,58,14,678.00,"9,492.00"
2019-08-01,2019080101007652,RMDC,29,40,42,680.00,"28,560.00"
2019-08-01,2019080101007477,RMDC,55,40,10,680.00,"6,800.00"
2019-08-01,2019080101007473,RMDC,4,21,118,681.00,"80,358.00"
2019-08-01,2019080101007897,RRHP,47,58,10,105.00,"1,050.00"
2019-08-01,2019080101007660,RRHP,47,32,10,105.00,"1,050.00"
2019-08-01,2019080101007946,RSDC,35,49,100,394.00,"39,400.00"
2019-08-01,2019080101007928,RSDC,36,20,10,393.00,"3,930.00"
2019-08-01,2019080101007676,RSDC,36,56,51,393.00,"20,043.00"
2019-08-01,2019080101007656,RSDC,34,56,50,395.00,"19,750.00"
2019-08-01,2019080101007651,RSDC,34,39,50,395.00,"19,750.00"
2019-08-01,2019080101007650,RSDC,43,39,50,395.00,"19,750.00"
2019-08-01,2019080101007462,RSDC,41,39,150,395.00,"59,250.00"
2019-08-01,2019080101007597,SANIMA,58,13,50,357.00,"17,850.00"
2019-08-01,2019080101007949,SBI,33,38,11,463.00,"5,093.00"
2019-08-01,2019080101007948,SBI,8,38,189,463.00,"87,507.00"
2019-08-01,2019080101007674,SBI,8,40,300,463.00,"138,900.00"
2019-08-01,2019080101007854,SBL,56,1,174,322.00,"56,028.00"
2019-08-01,2019080101007853,SBL,56,54,930,322.00,"299,460.00"
2019-08-01,2019080101007605,SBL,51,54,70,322.00,"22,540.00"
2019-08-01,2019080101007590,SCB,5,45,100,668.00,"66,800.00"
2019-08-01,2019080101007796,SDESI,17,7,11,657.00,"7,227.00"
2019-08-01,2019080101007632,SDESI,17,29,159,657.00,"104,463.00"
2019-08-01,2019080101007631,SDESI,34,29,31,658.00,"20,398.00"
2019-08-01,2019080101007630,SDESI,52,29,14,660.00,"9,240.00"
2019-08-01,2019080101007600,SDESI,52,28,27,660.00,"17,820.00"
2019-08-01,2019080101007542,SDESI,34,44,27,658.00,"17,766.00"
2019-08-01,2019080101007518,SDESI,19,4,41,660.00,"27,060.00"
2019-08-01,2019080101007497,SDESI,34,14,42,658.00,"27,636.00"
2019-08-01,2019080101007482,SDESI,34,14,400,658.00,"263,200.00"
2019-08-01,2019080101007481,SDESI,1,14,100,659.00,"65,900.00"
2019-08-01,2019080101007746,SEF,42,43,"7,700",10.05,"77,385.00"
2019-08-01,2019080101007745,SEF,49,43,"1,000",10.10,"10,100.00"
2019-08-01,2019080101007744,SEF,49,43,"1,000",10.11,"10,110.00"
2019-08-01,2019080101007900,SFFIL,57,42,35,262.00,"9,170.00"
2019-08-01,2019080101007675,SFFIL,51,42,20,263.00,"5,260.00"
2019-08-01,2019080101007937,SHIVM,1,38,500,598.00,"299,000.00"
2019-08-01,2019080101007728,SHIVM,37,35,50,598.00,"29,900.00"
2019-08-01,2019080101007704,SHIVM,42,6,80,600.00,"48,000.00"
2019-08-01,2019080101007699,SHIVM,42,51,20,599.00,"11,980.00"
2019-08-01,2019080101007617,SHIVM,32,51,50,599.00,"29,950.00"
2019-08-01,2019080101007616,SHIVM,40,51,50,599.00,"29,950.00"
2019-08-01,2019080101007552,SHIVM,42,51,262,599.00,"156,938.00"
2019-08-01,2019080101007551,SHIVM,56,51,21,600.00,"12,600.00"
2019-08-01,2019080101007615,SHIVM,34,51,100,599.00,"59,900.00"
2019-08-01,2019080101007614,SHIVM,59,51,180,599.00,"107,820.00"
2019-08-01,2019080101007592,SHIVM,59,29,20,599.00,"11,980.00"
2019-08-01,2019080101007555,SHIVM,19,51,100,599.00,"59,900.00"
2019-08-01,2019080101007554,SHIVM,17,51,100,599.00,"59,900.00"
2019-08-01,2019080101007553,SHIVM,38,51,10,599.00,"5,990.00"
2019-08-01,2019080101007874,SHL,11,25,100,234.00,"23,400.00"
2019-08-01,2019080101007673,SHL,49,49,485,234.00,"113,490.00"
2019-08-01,2019080101007737,SHPC,21,19,"1,233",246.00,"303,318.00"
2019-08-01,2019080101007736,SHPC,16,19,500,246.00,"123,000.00"
2019-08-01,2019080101007735,SHPC,39,19,300,247.00,"74,100.00"
2019-08-01,2019080101007734,SHPC,28,19,112,247.00,"27,664.00"
2019-08-01,2019080101007733,SHPC,33,19,200,247.00,"49,400.00"
2019-08-01,2019080101007732,SHPC,36,19,515,247.00,"127,205.00"
2019-08-01,2019080101007608,SHPC,13,34,"1,000",248.00,"248,000.00"
2019-08-01,2019080101007593,SICL,39,40,250,796.00,"199,000.00"
2019-08-01,2019080101007568,SICL,39,40,154,796.00,"122,584.00"
2019-08-01,2019080101007531,SICL,39,40,231,796.00,"183,876.00"
2019-08-01,2019080101007950,SIL,25,5,10,466.00,"4,660.00"
2019-08-01,2019080101007878,SIL,41,57,300,460.00,"138,000.00"
2019-08-01,2019080101007601,SIL,6,17,500,460.00,"230,000.00"
2019-08-01,2019080101007560,SLBBL,25,17,10,517.00,"5,170.00"
2019-08-01,2019080101007686,SLBBL,42,57,10,525.00,"5,250.00"
2019-08-01,2019080101007903,SLICL,6,42,20,455.00,"9,100.00"
2019-08-01,2019080101007599,SMB,3,33,10,520.00,"5,200.00"
2019-08-01,2019080101007598,SMB,39,33,10,520.00,"5,200.00"
2019-08-01,2019080101007461,SMB,54,58,10,510.00,"5,100.00"
2019-08-01,2019080101007731,SMFDB,42,49,33,576.00,"19,008.00"
2019-08-01,2019080101007827,SPARS,17,44,10,660.00,"6,600.00"
2019-08-01,2019080101007659,SPARS,17,6,20,660.00,"13,200.00"
2019-08-01,2019080101007658,SPARS,22,6,30,660.00,"19,800.00"
2019-08-01,2019080101007559,SPARS,22,32,10,660.00,"6,600.00"
2019-08-01,2019080101007693,SPDL,34,32,28,87.00,"2,436.00"
2019-08-01,2019080101007692,SPDL,7,32,31,87.00,"2,697.00"
2019-08-01,2019080101007638,SPDL,7,58,359,87.00,"31,233.00"
2019-08-01,2019080101007805,SRBL,43,28,49,249.00,"12,201.00"
2019-08-01,2019080101007804,SRBL,32,28,400,249.00,"99,600.00"
2019-08-01,2019080101007803,SRBL,25,28,51,249.00,"12,699.00"
2019-08-01,2019080101007475,SRBL,48,43,100,250.00,"25,000.00"
2019-08-01,2019080101007891,SWBBL,44,49,100,937.00,"93,700.00"
2019-08-01,2019080101007770,SWBBL,34,25,75,941.00,"70,575.00"
2019-08-01,2019080101007662,SWBBL,34,54,69,941.00,"64,929.00"
2019-08-01,2019080101007661,SWBBL,41,54,11,942.00,"10,362.00"
2019-08-01,2019080101007472,SWBBL,41,49,100,942.00,"94,200.00"
2019-08-01,2019080101007934,TRH,6,45,100,316.00,"31,600.00"
2019-08-01,2019080101007915,TRH,6,45,100,316.00,"31,600.00"
2019-08-01,2019080101007814,UFL,49,50,10,184.00,"1,840.00"
2019-08-01,2019080101007813,UFL,49,28,500,184.00,"92,000.00"
2019-08-01,2019080101007812,UFL,49,17,273,184.00,"50,232.00"
2019-08-01,2019080101007811,UFL,49,17,367,183.00,"67,161.00"
2019-08-01,2019080101007923,UIC,39,56,100,347.00,"34,700.00"
2019-08-01,2019080101007922,UIC,41,56,10,347.00,"3,470.00"
2019-08-01,2019080101007921,UIC,51,56,20,347.00,"6,940.00"
2019-08-01,2019080101007901,UIC,14,34,50,348.00,"17,400.00"
2019-08-01,2019080101007687,UIC,51,7,180,347.00,"62,460.00"
2019-08-01,2019080101007678,UIC,41,7,20,347.00,"6,940.00"
2019-08-01,2019080101007480,UIC,1,44,17,345.00,"5,865.00"
2019-08-01,2019080101007479,UIC,42,44,100,345.00,"34,500.00"
2019-08-01,2019080101007478,UIC,58,44,83,345.00,"28,635.00"
2019-08-01,2019080101007755,UMHL,36,32,34,107.00,"3,638.00"
2019-08-01,2019080101007754,UMHL,39,32,11,107.00,"1,177.00"
2019-08-01,2019080101007739,UMHL,39,58,89,107.00,"9,523.00"
2019-08-01,2019080101007738,UMHL,26,58,11,108.00,"1,188.00"
2019-08-01,2019080101007788,UPCL,41,37,80,87.00,"6,960.00"
2019-08-01,2019080101007787,UPCL,56,37,100,87.00,"8,700.00"
2019-08-01,2019080101007786,UPCL,35,37,100,87.00,"8,700.00"
2019-08-01,2019080101007785,UPCL,34,37,300,87.00,"26,100.00"
2019-08-01,2019080101007925,UPPER,26,37,104,271.00,"28,184.00"
2019-08-01,2019080101007683,UPPER,19,36,88,271.00,"23,848.00"
2019-08-01,2019080101007682,UPPER,59,36,50,271.00,"13,550.00"
2019-08-01,2019080101007504,UPPER,52,53,3,271.00,813.00
2019-08-01,2019080101007503,UPPER,22,53,"1,615",271.00,"437,665.00"
2019-08-01,2019080101007756,UPPER,59,28,40,271.00,"10,840.00"
2019-08-01,2019080101007752,UPPER,59,49,12,271.00,"3,252.00"
2019-08-01,2019080101007751,UPPER,50,49,588,271.00,"159,348.00"
2019-08-01,2019080101007721,UPPER,50,7,50,271.00,"13,550.00"
2019-08-01,2019080101007684,UPPER,50,36,362,271.00,"98,102.00"
2019-08-01,2019080101007808,UPPER,37,37,50,271.00,"13,550.00"
2019-08-01,2019080101007800,UPPER,58,56,450,270.00,"121,500.00"
2019-08-01,2019080101007799,UPPER,35,56,50,270.00,"13,500.00"
2019-08-01,2019080101007791,UPPER,59,37,308,271.00,"83,468.00"
2019-08-01,2019080101007779,UPPER,59,59,100,271.00,"27,100.00"
2019-08-01,2019080101007758,UPPER,59,6,40,271.00,"10,840.00"
2019-08-01,2019080101007426,ADBL,40,4,150,430.00,"64,500.00"
2019-08-01,2019080101007425,ADBL,50,4,50,430.00,"21,500.00"
2019-08-01,2019080101007335,ADBL,50,55,100,430.00,"43,000.00"
2019-08-01,2019080101007430,AKPL,49,26,22,170.00,"3,740.00"
2019-08-01,2019080101007290,AKPL,34,32,10,170.00,"1,700.00"
2019-08-01,2019080101007375,AKPL,49,47,84,170.00,"14,280.00"
2019-08-01,2019080101007374,AKPL,34,47,290,170.00,"49,300.00"
2019-08-01,2019080101007422,ALBSL,37,35,50,519.00,"25,950.00"
2019-08-01,2019080101007421,ALBSL,37,4,10,518.00,"5,180.00"
2019-08-01,2019080101007420,ALBSL,37,4,10,518.00,"5,180.00"
2019-08-01,2019080101007419,ALBSL,37,32,20,518.00,"10,360.00"
2019-08-01,2019080101007418,ALBSL,37,42,10,515.00,"5,150.00"
2019-08-01,2019080101007081,ALBSL,46,55,10,513.00,"5,130.00"
2019-08-01,2019080101007076,ALBSL,28,56,10,511.00,"5,110.00"
2019-08-01,2019080101007125,ALBSL,28,29,230,515.00,"118,450.00"
2019-08-01,2019080101007124,ALBSL,28,21,10,515.00,"5,150.00"
2019-08-01,2019080101007123,ALBSL,28,6,10,514.00,"5,140.00"
2019-08-01,2019080101007098,ALBSL,46,41,10,514.00,"5,140.00"
2019-08-01,2019080101007097,ALBSL,46,53,10,514.00,"5,140.00"
2019-08-01,2019080101007096,ALBSL,46,1,10,514.00,"5,140.00"
2019-08-01,2019080101007355,ALBSL,28,34,10,515.00,"5,150.00"
2019-08-01,2019080101007288,ALBSL,28,4,10,515.00,"5,150.00"
2019-08-01,2019080101007222,ALBSL,28,38,10,515.00,"5,150.00"
2019-08-01,2019080101007214,ALBSL,28,38,10,515.00,"5,150.00"
2019-08-01,2019080101007126,ALBSL,28,52,10,515.00,"5,150.00"
2019-08-01,2019080101007417,ALBSL,37,34,40,515.00,"20,600.00"
2019-08-01,2019080101007363,ALBSL,6,34,10,515.00,"5,150.00"
2019-08-01,2019080101007357,ALBSL,6,34,40,515.00,"20,600.00"
2019-08-01,2019080101007356,ALBSL,57,34,50,515.00,"25,750.00"
2019-08-01,2019080101007247,ALICL,37,32,80,370.00,"29,600.00"
2019-08-01,2019080101007226,ALICL,37,21,150,370.00,"55,500.00"
2019-08-01,2019080101007212,ALICL,37,41,12,370.00,"4,440.00"
2019-08-01,2019080101007054,ALICL,43,28,246,369.00,"90,774.00"
2019-08-01,2019080101007053,ALICL,43,28,50,369.00,"18,450.00"
2019-08-01,2019080101007052,ALICL,57,28,50,370.00,"18,500.00"
2019-08-01,2019080101007051,ALICL,50,28,10,370.00,"3,700.00"
2019-08-01,2019080101007050,ALICL,54,28,100,370.00,"37,000.00"
2019-08-01,2019080101007049,ALICL,7,28,44,370.00,"16,280.00"
2019-08-01,2019080101006959,ALICL,7,49,26,370.00,"9,620.00"
2019-08-01,2019080101007150,API,44,56,506,136.00,"68,816.00"
2019-08-01,2019080101007147,API,16,56,400,137.00,"54,800.00"
2019-08-01,2019080101007019,API,44,42,300,136.00,"40,800.00"
2019-08-01,2019080101007018,API,34,42,500,136.00,"68,000.00"
2019-08-01,2019080101007017,API,55,42,200,136.00,"27,200.00"
2019-08-01,2019080101007016,API,44,42,"1,000",136.00,"136,000.00"
2019-08-01,2019080101007315,BARUN,56,32,31,90.00,"2,790.00"
2019-08-01,2019080101006978,BFC,55,45,500,101.00,"50,500.00"
2019-08-01,2019080101007029,BOKL,47,43,86,266.00,"22,876.00"
2019-08-01,2019080101007028,BOKL,6,43,214,266.00,"56,924.00"
2019-08-01,2019080101007445,BPCL,49,49,681,404.00,"275,124.00"
2019-08-01,2019080101007260,BPCL,13,49,30,404.00,"12,120.00"
2019-08-01,2019080101007256,BPCL,34,49,100,404.00,"40,400.00"
2019-08-01,2019080101007255,BPCL,47,49,69,404.00,"27,876.00"
2019-08-01,2019080101007083,BPCL,47,58,22,404.00,"8,888.00"
2019-08-01,2019080101007034,BPCL,47,28,909,404.00,"367,236.00"
2019-08-01,2019080101007033,BPCL,6,28,50,404.00,"20,200.00"
2019-08-01,2019080101007032,BPCL,17,28,40,404.00,"16,160.00"
2019-08-01,2019080101007031,BPCL,53,28,178,405.00,"72,090.00"
2019-08-01,2019080101006999,BPCL,53,7,22,405.00,"8,910.00"
2019-08-01,2019080101007383,CBBL,34,21,200,997.00,"199,400.00"
2019-08-01,2019080101007382,CBBL,5,21,100,997.00,"99,700.00"
2019-08-01,2019080101007381,CBBL,4,21,89,998.00,"88,822.00"
2019-08-01,2019080101007111,CBBL,4,13,534,998.00,"532,932.00"
2019-08-01,2019080101007106,CBBL,4,48,150,998.00,"149,700.00"
2019-08-01,2019080101007073,CBBL,4,28,227,998.00,"226,546.00"
2019-08-01,2019080101007072,CBBL,22,28,12,"1,000.00","12,000.00"
2019-08-01,2019080101007095,CBL,45,13,"2,200",154.00,"338,800.00"
2019-08-01,2019080101007027,CBL,45,45,200,154.00,"30,800.00"
2019-08-01,2019080101007231,CCBL,34,41,12,171.00,"2,052.00"
2019-08-01,2019080101007163,CCBL,34,41,11,171.00,"1,881.00"
2019-08-01,2019080101007114,CCBL,34,19,109,171.00,"18,639.00"
2019-08-01,2019080101007086,CCBL,34,28,762,171.00,"130,302.00"
2019-08-01,2019080101006966,CCBL,22,40,10,172.00,"1,720.00"
2019-08-01,2019080101006957,CCBL,34,17,457,171.00,"78,147.00"
2019-08-01,2019080101007347,CFCL,44,32,254,121.00,"30,734.00"
2019-08-01,2019080101007396,CHCL,51,40,100,511.00,"51,100.00"
2019-08-01,2019080101007322,CHCL,11,38,10,514.00,"5,140.00"
2019-08-01,2019080101007321,CHCL,11,49,60,514.00,"30,840.00"
2019-08-01,2019080101007360,CLBSL,11,29,11,586.00,"6,446.00"
2019-08-01,2019080101007359,CLBSL,11,29,13,586.00,"7,618.00"
2019-08-01,2019080101007293,CLBSL,11,4,50,585.00,"29,250.00"
2019-08-01,2019080101007292,CLBSL,11,17,50,580.00,"29,000.00"
2019-08-01,2019080101007224,CLBSL,22,25,43,577.00,"24,811.00"
2019-08-01,2019080101007361,CZBIL,40,44,41,224.00,"9,184.00"
2019-08-01,2019080101007336,CZBIL,40,38,200,224.00,"44,800.00"
2019-08-01,2019080101007244,CZBIL,40,41,12,224.00,"2,688.00"
2019-08-01,2019080101007232,CZBIL,35,45,10,225.00,"2,250.00"
2019-08-01,2019080101007199,CZBIL,40,11,300,224.00,"67,200.00"
2019-08-01,2019080101007133,CZBIL,40,19,107,224.00,"23,968.00"
2019-08-01,2019080101007013,CZBIL,40,7,10,224.00,"2,240.00"
2019-08-01,2019080101007069,DBBL,38,46,150,144.00,"21,600.00"
2019-08-01,2019080101007434,DDBL,4,58,433,772.00,"334,276.00"
2019-08-01,2019080101007392,DDBL,4,11,60,772.00,"46,320.00"
2019-08-01,2019080101007148,EBL,58,28,100,662.00,"66,200.00"
2019-08-01,2019080101007428,EIC,47,17,100,358.00,"35,800.00"
2019-08-01,2019080101007427,EIC,47,17,100,359.00,"35,900.00"
2019-08-01,2019080101007071,EIC,16,26,20,361.00,"7,220.00"
2019-08-01,2019080101007376,FMDBL,59,50,92,405.00,"37,260.00"
2019-08-01,2019080101007298,FMDBL,59,56,200,405.00,"81,000.00"
2019-08-01,2019080101007269,FMDBL,59,38,350,405.00,"141,750.00"
2019-08-01,2019080101007180,FMDBL,59,56,602,405.00,"243,810.00"
2019-08-01,2019080101007179,FMDBL,16,56,500,405.00,"202,500.00"
2019-08-01,2019080101007178,FMDBL,39,56,100,405.00,"40,500.00"
2019-08-01,2019080101007120,FMDBL,59,56,515,407.00,"209,605.00"
2019-08-01,2019080101007117,FMDBL,59,51,300,407.00,"122,100.00"
2019-08-01,2019080101006998,FMDBL,59,51,"1,000",408.00,"408,000.00"
2019-08-01,2019080101007177,FMDBL,49,56,31,405.00,"12,555.00"
2019-08-01,2019080101007176,FMDBL,17,56,320,405.00,"129,600.00"
2019-08-01,2019080101007175,FMDBL,16,56,100,406.00,"40,600.00"
2019-08-01,2019080101007174,FMDBL,45,56,500,406.00,"203,000.00"
2019-08-01,2019080101007173,FMDBL,59,56,585,407.00,"238,095.00"
2019-08-01,2019080101007164,FMDBL,59,56,400,407.00,"162,800.00"
2019-08-01,2019080101007348,FOWAD,14,42,42,"1,439.00","60,438.00"
2019-08-01,2019080101007167,GBBL,39,28,379,223.00,"84,517.00"
2019-08-01,2019080101007166,GBBL,19,28,"1,000",224.00,"224,000.00"
2019-08-01,2019080101007165,GBBL,17,28,100,224.00,"22,400.00"
2019-08-01,2019080101007188,GBLBS,45,48,10,410.00,"4,100.00"
2019-08-01,2019080101007161,GBLBS,45,17,100,410.00,"41,000.00"
2019-08-01,2019080101007065,GBLBS,45,10,200,410.00,"82,000.00"
2019-08-01,2019080101007005,GBLBS,45,26,210,410.00,"86,100.00"
2019-08-01,2019080101007208,GDBL,49,28,400,212.00,"84,800.00"
2019-08-01,2019080101007207,GDBL,4,28,534,212.00,"113,208.00"
2019-08-01,2019080101007142,GHL,16,33,30,83.00,"2,490.00"
2019-08-01,2019080101007219,GLBSL,7,41,10,541.00,"5,410.00"
2019-08-01,2019080101007197,GLBSL,7,33,10,541.00,"5,410.00"
2019-08-01,2019080101007149,GLBSL,7,41,10,541.00,"5,410.00"
2019-08-01,2019080101007094,GLBSL,7,47,10,541.00,"5,410.00"
2019-08-01,2019080101007077,GLBSL,7,47,10,541.00,"5,410.00"
2019-08-01,2019080101007000,GLBSL,7,4,10,541.00,"5,410.00"
2019-08-01,2019080101006982,GLBSL,7,4,10,541.00,"5,410.00"
2019-08-01,2019080101006960,GLBSL,7,4,10,541.00,"5,410.00"
2019-08-01,2019080101007089,GLICL,57,39,24,452.00,"10,848.00"
2019-08-01,2019080101007394,GMFBS,21,13,100,658.00,"65,800.00"
2019-08-01,2019080101007141,GMFBS,52,21,140,655.00,"91,700.00"
2019-08-01,2019080101007075,GMFBS,22,48,110,653.00,"71,830.00"
2019-08-01,2019080101007074,GMFBS,22,47,100,652.00,"65,200.00"
2019-08-01,2019080101006997,GMFBS,29,45,10,650.00,"6,500.00"
2019-08-01,2019080101006967,GMFBS,25,48,100,653.00,"65,300.00"
2019-08-01,2019080101007191,GRDBL,29,46,"1,000",113.00,"113,000.00"
2019-08-01,2019080101007160,GRDBL,22,33,80,114.00,"9,120.00"
2019-08-01,2019080101007431,HGI,56,35,10,348.00,"3,480.00"
2019-08-01,2019080101007367,HGI,56,51,200,350.00,"70,000.00"
2019-08-01,2019080101007358,HGI,49,42,50,348.00,"17,400.00"
2019-08-01,2019080101007277,HGI,49,20,50,348.00,"17,400.00"
2019-08-01,2019080101007227,HGI,57,19,60,349.00,"20,940.00"
2019-08-01,2019080101007185,HGI,57,35,10,349.00,"3,490.00"
2019-08-01,2019080101007132,HGI,57,51,184,349.00,"64,216.00"
2019-08-01,2019080101007131,HGI,1,51,16,349.00,"5,584.00"
2019-08-01,2019080101007172,ICFC,51,57,50,165.00,"8,250.00"
2019-08-01,2019080101007171,ICFC,51,57,50,165.00,"8,250.00"
2019-08-01,2019080101007170,ICFC,1,57,50,166.00,"8,300.00"
2019-08-01,2019080101007217,IGI,11,6,80,357.00,"28,560.00"
2019-08-01,2019080101007216,IGI,45,6,10,357.00,"3,570.00"
2019-08-01,2019080101007215,IGI,45,6,10,359.00,"3,590.00"
2019-08-01,2019080101007272,ILBS,13,57,10,535.00,"5,350.00"
2019-08-01,2019080101007271,ILBS,13,57,10,535.00,"5,350.00"
2019-08-01,2019080101007270,ILBS,13,50,100,535.00,"53,500.00"
2019-08-01,2019080101007042,ILBS,29,50,30,535.00,"16,050.00"
2019-08-01,2019080101007041,ILBS,29,45,10,534.00,"5,340.00"
2019-08-01,2019080101006955,ILBS,4,50,170,535.00,"90,950.00"
2019-08-01,2019080101006954,ILBS,4,49,10,534.00,"5,340.00"
2019-08-01,2019080101007233,JBBL,38,7,659,161.00,"106,099.00"
2019-08-01,2019080101007138,JBBL,38,28,"1,079",161.00,"173,719.00"
2019-08-01,2019080101007137,JBBL,44,28,300,161.00,"48,300.00"
2019-08-01,2019080101007136,JBBL,49,28,184,161.00,"29,624.00"
2019-08-01,2019080101007395,KBL,34,7,600,215.00,"129,000.00"
2019-08-01,2019080101007340,KBL,34,42,422,215.00,"90,730.00"
2019-08-01,2019080101007339,KBL,42,42,78,215.00,"16,770.00"
2019-08-01,2019080101007184,KBL,42,41,11,215.00,"2,365.00"
2019-08-01,2019080101007122,KBL,42,8,500,216.00,"108,000.00"
2019-08-01,2019080101007121,KBL,34,8,300,216.00,"64,800.00"
2019-08-01,2019080101006983,KBL,34,49,142,216.00,"30,672.00"
2019-08-01,2019080101006989,KBL,42,49,11,215.00,"2,365.00"
2019-08-01,2019080101006988,KBL,44,49,235,215.00,"50,525.00"
2019-08-01,2019080101006987,KBL,38,49,600,215.00,"129,000.00"
2019-08-01,2019080101006986,KBL,42,49,300,215.00,"64,500.00"
2019-08-01,2019080101006985,KBL,55,49,"1,126",215.00,"242,090.00"
2019-08-01,2019080101006984,KBL,57,49,200,216.00,"43,200.00"
2019-08-01,2019080101007040,KPCL,11,7,10,91.00,910.00
2019-08-01,2019080101007183,KPCL,11,58,10,91.00,910.00
2019-08-01,2019080101007235,KPCL,44,59,200,91.00,"18,200.00"
2019-08-01,2019080101007234,KPCL,11,59,215,91.00,"19,565.00"
2019-08-01,2019080101007070,KSBBL,21,42,"1,000",154.00,"154,000.00"
2019-08-01,2019080101007393,LBBL,35,59,300,206.00,"61,800.00"
2019-08-01,2019080101007380,LBBL,13,4,130,205.00,"26,650.00"
2019-08-01,2019080101007379,LBBL,52,4,10,205.00,"2,050.00"
2019-08-01,2019080101007378,LBBL,14,4,200,205.00,"41,000.00"
2019-08-01,2019080101007377,LBBL,13,4,160,205.00,"32,800.00"
2019-08-01,2019080101007218,LBBL,13,41,40,205.00,"8,200.00"
2019-08-01,2019080101007362,LBL,58,44,20,220.00,"4,400.00"
2019-08-01,2019080101007303,LBL,25,44,500,220.00,"110,000.00"
2019-08-01,2019080101006974,LBL,58,16,250,220.00,"55,000.00"
2019-08-01,2019080101006973,LBL,42,16,220,220.00,"48,400.00"
2019-08-01,2019080101006972,LBL,32,16,300,220.00,"66,000.00"
2019-08-01,2019080101006971,LBL,49,16,900,220.00,"198,000.00"
2019-08-01,2019080101006968,LBL,56,16,100,221.00,"22,100.00"
2019-08-01,2019080101006976,LBL,34,16,150,220.00,"33,000.00"
2019-08-01,2019080101006975,LBL,17,16,"1,000",220.00,"220,000.00"
2019-08-01,2019080101007146,LGIL,43,40,100,431.00,"43,100.00"
2019-08-01,2019080101007245,LLBS,25,14,50,788.00,"39,400.00"
2019-08-01,2019080101007211,LLBS,25,45,90,788.00,"70,920.00"
2019-08-01,2019080101007210,LLBS,18,45,100,789.00,"78,900.00"
2019-08-01,2019080101007209,LLBS,21,45,10,790.00,"7,900.00"
2019-08-01,2019080101007130,LLBS,33,14,200,791.00,"158,200.00"
2019-08-01,2019080101007259,MBL,47,28,100,262.00,"26,200.00"
2019-08-01,2019080101007015,MBL,44,36,100,263.00,"26,300.00"
2019-08-01,2019080101007007,MBL,29,36,500,263.00,"131,500.00"
2019-08-01,2019080101007006,MBL,46,36,78,263.00,"20,514.00"
2019-08-01,2019080101007276,MEGA,8,48,256,206.00,"52,736.00"
2019-08-01,2019080101007275,MEGA,11,48,744,206.00,"153,264.00"
2019-08-01,2019080101007274,MEGA,11,48,100,206.00,"20,600.00"
2019-08-01,2019080101007273,MEGA,11,49,116,206.00,"23,896.00"
2019-08-01,2019080101007251,MEGA,11,41,11,206.00,"2,266.00"
2019-08-01,2019080101007243,MEGA,11,48,414,206.00,"85,284.00"
2019-08-01,2019080101006980,MEGA,43,36,104,206.00,"21,424.00"
2019-08-01,2019080101007242,MEGA,43,48,586,206.00,"120,716.00"
2019-08-01,2019080101007201,MEGA,36,34,29,207.00,"6,003.00"
2019-08-01,2019080101007200,MEGA,36,33,221,207.00,"45,747.00"
2019-08-01,2019080101007193,MEGA,43,41,11,206.00,"2,266.00"
2019-08-01,2019080101007001,MEGA,43,48,"1,000",206.00,"206,000.00"
2019-08-01,2019080101006991,MEGA,43,6,994,206.00,"204,764.00"
2019-08-01,2019080101007435,MERO,46,45,100,559.00,"55,900.00"
2019-08-01,2019080101007429,MERO,46,11,50,559.00,"27,950.00"
2019-08-01,2019080101007262,MERO,46,50,150,559.00,"83,850.00"
2019-08-01,2019080101007261,MERO,6,50,50,560.00,"28,000.00"
2019-08-01,2019080101007060,MERO,45,43,33,560.00,"18,480.00"
2019-08-01,2019080101007059,MERO,45,43,33,560.00,"18,480.00"
2019-08-01,2019080101007058,MERO,45,21,162,560.00,"90,720.00"
2019-08-01,2019080101007370,MLBBL,13,4,30,535.00,"16,050.00"
2019-08-01,2019080101007139,MLBBL,19,21,100,530.00,"53,000.00"
2019-08-01,2019080101007364,MLBL,11,29,130,203.00,"26,390.00"
2019-08-01,2019080101007299,MNBBL,25,44,400,375.00,"150,000.00"
2019-08-01,2019080101007084,MNBBL,19,44,14,375.00,"5,250.00"
2019-08-01,2019080101007280,MNBBL,33,28,484,374.00,"181,016.00"
2019-08-01,2019080101007279,MNBBL,51,28,200,374.00,"74,800.00"
2019-08-01,2019080101007278,MNBBL,13,28,50,375.00,"18,750.00"
2019-08-01,2019080101007129,MNBBL,35,44,500,375.00,"187,500.00"
2019-08-01,2019080101007085,MNBBL,40,44,300,375.00,"112,500.00"
2019-08-01,2019080101007286,MNBBL,28,28,69,374.00,"25,806.00"
2019-08-01,2019080101007285,MNBBL,28,28,264,374.00,"98,736.00"
2019-08-01,2019080101007284,MNBBL,19,28,"1,000",374.00,"374,000.00"
2019-08-01,2019080101007283,MNBBL,49,28,100,374.00,"37,400.00"
2019-08-01,2019080101007282,MNBBL,48,28,50,374.00,"18,700.00"
2019-08-01,2019080101007281,MNBBL,52,28,16,374.00,"5,984.00"
2019-08-01,2019080101007366,MSMBS,10,49,55,521.00,"28,655.00"
2019-08-01,2019080101007323,MSMBS,41,49,45,521.00,"23,445.00"
2019-08-01,2019080101007162,MSMBS,6,34,10,530.00,"5,300.00"
2019-08-01,2019080101007061,NABIL,1,49,10,801.00,"8,010.00"
2019-08-01,2019080101007444,NADEP,6,38,50,505.00,"25,250.00"
2019-08-01,2019080101007443,NADEP,57,38,100,505.00,"50,500.00"
2019-08-01,2019080101007442,NADEP,21,38,40,505.00,"20,200.00"
2019-08-01,2019080101007441,NADEP,50,38,120,505.00,"60,600.00"
2019-08-01,2019080101007440,NADEP,53,38,40,506.00,"20,240.00"
2019-08-01,2019080101007320,NADEP,53,51,160,506.00,"80,960.00"
2019-08-01,2019080101006961,NADEP,5,38,10,507.00,"5,070.00"
2019-08-01,2019080101007068,NADEP,45,32,100,510.00,"51,000.00"
2019-08-01,2019080101007043,NADEP,5,38,10,506.00,"5,060.00"
2019-08-01,2019080101007003,NADEP,5,21,20,506.00,"10,120.00"
2019-08-01,2019080101007002,NADEP,5,49,20,506.00,"10,120.00"
2019-08-01,2019080101006992,NADEP,5,38,10,507.00,"5,070.00"
2019-08-01,2019080101006981,NADEP,39,54,25,510.00,"12,750.00"
2019-08-01,2019080101006958,NAGRO,42,45,10,789.00,"7,890.00"
2019-08-01,2019080101007437,NBB,34,45,10,222.00,"2,220.00"
2019-08-01,2019080101007373,NBB,34,53,300,222.00,"66,600.00"
2019-08-01,2019080101007372,NBB,35,53,200,222.00,"44,400.00"
2019-08-01,2019080101007194,NBB,49,49,"12,548",221.00,"2,773,108.00"
2019-08-01,2019080101006979,NBB,22,38,10,224.00,"2,240.00"
2019-08-01,2019080101007090,NBB,42,45,28,222.00,"6,216.00"
2019-08-01,2019080101007063,NBB,42,7,72,222.00,"15,984.00"
2019-08-01,2019080101007062,NBB,53,7,49,222.00,"10,878.00"
2019-08-01,2019080101007026,NBB,46,49,"1,000",223.00,"223,000.00"
2019-08-01,2019080101007025,NBB,46,49,152,223.00,"33,896.00"
2019-08-01,2019080101007391,NBL,57,21,18,339.00,"6,102.00"
2019-08-01,2019080101007390,NBL,57,59,982,339.00,"332,898.00"
2019-08-01,2019080101007389,NBL,35,59,18,339.00,"6,102.00"
2019-08-01,2019080101007328,NBL,42,25,"1,000",339.00,"339,000.00"
2019-08-01,2019080101007327,NBL,6,25,220,339.00,"74,580.00"
2019-08-01,2019080101007246,NBL,6,37,200,339.00,"67,800.00"
2019-08-01,2019080101007229,NBL,6,7,80,339.00,"27,120.00"
2019-08-01,2019080101007228,NBL,6,7,20,339.00,"6,780.00"
2019-08-01,2019080101007302,NCCB,34,28,200,245.00,"49,000.00"
2019-08-01,2019080101007301,NCCB,6,28,400,245.00,"98,000.00"
2019-08-01,2019080101007300,NCCB,52,18,20,246.00,"4,920.00"
2019-08-01,2019080101007181,NCCB,52,13,180,246.00,"44,280.00"
2019-08-01,2019080101007155,NCCB,35,13,20,246.00,"4,920.00"
2019-08-01,2019080101007154,NCCB,33,13,300,246.00,"73,800.00"
2019-08-01,2019080101007099,NCCB,33,40,700,246.00,"172,200.00"
2019-08-01,2019080101007067,NCCB,33,29,100,246.00,"24,600.00"
2019-08-01,2019080101007066,NCCB,33,38,400,246.00,"98,400.00"
2019-08-01,2019080101007338,NHPC,56,19,674,65.00,"43,810.00"
2019-08-01,2019080101007024,NHPC,48,45,10,66.00,660.00
2019-08-01,2019080101007145,NIB,57,11,28,518.00,"14,504.00"
2019-08-01,2019080101007030,NIB,57,55,44,518.00,"22,792.00"
2019-08-01,2019080101006956,NIB,1,58,50,519.00,"25,950.00"
2019-08-01,2019080101007397,NIBPO,11,59,73,470.00,"34,310.00"
2019-08-01,2019080101007318,NIBPO,42,32,"1,000",476.00,"476,000.00"
2019-08-01,2019080101007317,NIBPO,45,32,50,476.00,"23,800.00"
2019-08-01,2019080101007316,NIBPO,49,32,600,477.00,"286,200.00"
2019-08-01,2019080101007093,NIBPO,49,36,400,477.00,"190,800.00"
2019-08-01,2019080101007329,NICA,35,28,10,466.00,"4,660.00"
2019-08-01,2019080101007241,NICA,14,43,408,465.00,"189,720.00"
2019-08-01,2019080101007240,NICA,35,43,"1,000",465.00,"465,000.00"
2019-08-01,2019080101007239,NICA,8,43,100,465.00,"46,500.00"
2019-08-01,2019080101007238,NICA,22,43,50,465.00,"23,250.00"
2019-08-01,2019080101007237,NICA,51,43,100,465.00,"46,500.00"
2019-08-01,2019080101007236,NICA,44,43,"1,632",465.00,"758,880.00"
2019-08-01,2019080101007158,NICA,49,28,200,466.00,"93,200.00"
2019-08-01,2019080101007157,NICA,32,28,50,466.00,"23,300.00"
2019-08-01,2019080101007135,NICA,44,6,13,465.00,"6,045.00"
2019-08-01,2019080101007047,NICA,33,42,200,466.00,"93,200.00"
2019-08-01,2019080101007046,NICA,33,43,280,466.00,"130,480.00"
2019-08-01,2019080101007423,NICL,20,21,100,355.00,"35,500.00"
2019-08-01,2019080101007343,NICL,32,44,200,356.00,"71,200.00"
2019-08-01,2019080101007342,NICL,32,44,413,356.00,"147,028.00"
2019-08-01,2019080101007341,NICL,38,44,100,357.00,"35,700.00"
2019-08-01,2019080101007156,NICL,57,37,400,358.00,"143,200.00"
2019-08-01,2019080101007168,NLBBL,53,38,30,563.00,"16,890.00"
2019-08-01,2019080101007064,NLBBL,6,58,50,564.00,"28,200.00"
2019-08-01,2019080101007039,NLBBL,51,51,50,565.00,"28,250.00"
2019-08-01,2019080101007038,NLBBL,51,51,50,565.00,"28,250.00"
2019-08-01,2019080101006996,NLBBL,22,52,10,571.00,"5,710.00"
2019-08-01,2019080101007304,NLIC,54,4,103,880.00,"90,640.00"
2019-08-01,2019080101007195,NLIC,54,55,17,880.00,"14,960.00"
2019-08-01,2019080101007088,NLIC,22,7,17,880.00,"14,960.00"
2019-08-01,2019080101006970,NLIC,22,45,50,880.00,"44,000.00"
2019-08-01,2019080101006969,NLIC,22,17,145,880.00,"127,600.00"
2019-08-01,2019080101007109,NLICL,34,39,85,583.00,"49,555.00"
2019-08-01,2019080101007108,NLICL,34,39,42,583.00,"24,486.00"
2019-08-01,2019080101007107,NLICL,25,39,100,584.00,"58,400.00"
2019-08-01,2019080101007452,NMBHF1,36,38,"6,147",9.88,"60,732.36"
2019-08-01,2019080101007319,NNLB,39,5,50,472.00,"23,600.00"
2019-08-01,2019080101007250,NNLB,42,57,500,472.00,"236,000.00"
2019-08-01,2019080101007249,NNLB,14,57,100,472.00,"47,200.00"
2019-08-01,2019080101007248,NNLB,32,57,50,473.00,"23,650.00"
2019-08-01,2019080101007205,NNLB,55,26,20,476.00,"9,520.00"
2019-08-01,2019080101007204,NNLB,42,26,10,476.00,"4,760.00"
2019-08-01,2019080101007203,NNLB,16,26,15,476.00,"7,140.00"
2019-08-01,2019080101007202,NNLB,6,26,20,477.00,"9,540.00"
2019-08-01,2019080101007314,NTC,4,42,30,695.00,"20,850.00"
2019-08-01,2019080101007313,NTC,4,42,20,695.00,"13,900.00"
2019-08-01,2019080101007153,NTC,4,21,10,695.00,"6,950.00"
2019-08-01,2019080101007140,OHL,34,57,50,605.00,"30,250.00"
2019-08-01,2019080101007369,OHL,10,6,50,605.00,"30,250.00"
2019-08-01,2019080101007368,OHL,42,6,50,605.00,"30,250.00"
2019-08-01,2019080101007354,PCBL,49,28,30,281.00,"8,430.00"
2019-08-01,2019080101007353,PCBL,34,28,300,281.00,"84,300.00"
2019-08-01,2019080101007352,PCBL,32,28,100,281.00,"28,100.00"
2019-08-01,2019080101007351,PCBL,47,28,312,281.00,"87,672.00"
2019-08-01,2019080101007350,PCBL,48,28,73,282.00,"20,586.00"
2019-08-01,2019080101007349,PCBL,48,42,27,282.00,"7,614.00"
2019-08-01,2019080101007331,PCBL,49,6,81,282.00,"22,842.00"
2019-08-01,2019080101006990,PCBL,48,49,100,282.00,"28,200.00"
2019-08-01,2019080101006965,PCBL,47,36,188,281.00,"52,828.00"
2019-08-01,2019080101006964,PCBL,51,36,300,281.00,"84,300.00"
2019-08-01,2019080101006963,PCBL,43,36,500,281.00,"140,500.00"
2019-08-01,2019080101006962,PCBL,13,36,60,281.00,"16,860.00"
2019-08-01,2019080101007387,PFL,1,28,326,138.00,"44,988.00"
2019-08-01,2019080101007386,PFL,13,28,100,139.00,"13,900.00"
2019-08-01,2019080101007385,PFL,25,28,28,139.00,"3,892.00"
2019-08-01,2019080101007103,PIC,41,7,11,472.00,"5,192.00"
2019-08-01,2019080101007451,PICL,6,40,436,537.00,"234,132.00"
2019-08-01,2019080101007450,PICL,8,40,50,537.00,"26,850.00"
2019-08-01,2019080101007449,PICL,52,40,50,538.00,"26,900.00"
2019-08-01,2019080101007453,PLIC,57,28,100,425.00,"42,500.00"
2019-08-01,2019080101007206,PMHPL,34,58,10,103.00,"1,030.00"
2019-08-01,2019080101007116,PMHPL,34,7,10,103.00,"1,030.00"
2019-08-01,2019080101007424,PRIN,45,42,100,370.00,"37,000.00"
2019-08-01,2019080101007230,PRIN,19,44,10,372.00,"3,720.00"
2019-08-01,2019080101007439,PRVU,22,44,150,275.00,"41,250.00"
2019-08-01,2019080101007436,PRVU,19,44,561,275.00,"154,275.00"
2019-08-01,2019080101007416,PRVU,19,33,739,275.00,"203,225.00"
2019-08-01,2019080101007415,PRVU,41,33,200,275.00,"55,000.00"
2019-08-01,2019080101007414,PRVU,45,33,200,275.00,"55,000.00"
2019-08-01,2019080101007413,PRVU,13,33,100,275.00,"27,500.00"
2019-08-01,2019080101007092,PRVU,37,39,90,275.00,"24,750.00"
2019-08-01,2019080101007091,PRVU,41,39,110,275.00,"30,250.00"
2019-08-01,2019080101007008,PRVU,41,1,60,275.00,"16,500.00"
2019-08-01,2019080101007169,PRVU,32,33,100,276.00,"27,600.00"
2019-08-01,2019080101007128,PRVU,29,33,19,275.00,"5,225.00"
2019-08-01,2019080101007127,PRVU,32,33,10,275.00,"2,750.00"
2019-08-01,2019080101007105,PRVU,32,59,990,275.00,"272,250.00"
2019-08-01,2019080101007104,PRVU,37,59,10,275.00,"2,750.00"
2019-08-01,2019080101007332,PRVU,39,44,281,275.00,"77,275.00"
2019-08-01,2019080101007268,PRVU,39,36,19,275.00,"5,225.00"
2019-08-01,2019080101007267,PRVU,29,36,481,275.00,"132,275.00"
2019-08-01,2019080101007221,PRVU,19,33,10,276.00,"2,760.00"
2019-08-01,2019080101007400,PRVU,28,33,"1,000",275.00,"275,000.00"
2019-08-01,2019080101007399,PRVU,49,33,100,275.00,"27,500.00"
2019-08-01,2019080101007398,PRVU,57,33,716,275.00,"196,900.00"
2019-08-01,2019080101007333,PRVU,57,44,284,275.00,"78,100.00"
2019-08-01,2019080101007406,PRVU,26,33,100,275.00,"27,500.00"
2019-08-01,2019080101007405,PRVU,37,33,500,275.00,"137,500.00"
2019-08-01,2019080101007404,PRVU,48,33,500,275.00,"137,500.00"
2019-08-01,2019080101007403,PRVU,34,33,200,275.00,"55,000.00"
2019-08-01,2019080101007402,PRVU,48,33,"1,000",275.00,"275,000.00"
2019-08-01,2019080101007401,PRVU,43,33,100,275.00,"27,500.00"
2019-08-01,2019080101007412,PRVU,37,33,500,275.00,"137,500.00"
2019-08-01,2019080101007411,PRVU,34,33,100,275.00,"27,500.00"
2019-08-01,2019080101007410,PRVU,56,33,150,275.00,"41,250.00"
2019-08-01,2019080101007409,PRVU,14,33,500,275.00,"137,500.00"
2019-08-01,2019080101007408,PRVU,1,33,170,275.00,"46,750.00"
2019-08-01,2019080101007407,PRVU,56,33,125,275.00,"34,375.00"
2019-08-01,2019080101007371,RMDC,4,58,500,681.00,"340,500.00"
2019-08-01,2019080101007345,RMDC,4,36,382,681.00,"260,142.00"
2019-08-01,2019080101007344,RMDC,21,36,200,682.00,"136,400.00"
2019-08-01,2019080101007294,RMDC,21,58,27,685.00,"18,495.00"
2019-08-01,2019080101007287,RMDC,37,49,100,682.00,"68,200.00"
2019-08-01,2019080101007266,RMDC,46,53,600,683.00,"409,800.00"
2019-08-01,2019080101007258,RMDC,50,7,100,684.00,"68,400.00"
2019-08-01,2019080101007223,RMDC,55,58,35,685.00,"23,975.00"
2019-08-01,2019080101007190,RMDC,16,58,100,685.00,"68,500.00"
2019-08-01,2019080101007189,RMDC,1,58,38,685.00,"26,030.00"
2019-08-01,2019080101007384,RSDC,32,39,100,393.00,"39,300.00"
2019-08-01,2019080101007265,RSDC,42,34,86,392.00,"33,712.00"
2019-08-01,2019080101007264,RSDC,7,34,14,392.00,"5,488.00"
2019-08-01,2019080101007182,RSDC,14,22,137,395.00,"54,115.00"
2019-08-01,2019080101007087,RSDC,14,42,317,395.00,"125,215.00"
2019-08-01,2019080101007045,RSDC,39,43,20,394.00,"7,880.00"
2019-08-01,2019080101007044,RSDC,39,41,20,392.00,"7,840.00"
2019-08-01,2019080101007021,RSDC,7,56,136,392.00,"53,312.00"
2019-08-01,2019080101007020,RSDC,39,56,14,392.00,"5,488.00"
2019-08-01,2019080101007388,SANIMA,34,29,300,356.00,"106,800.00"
2019-08-01,2019080101007337,SANIMA,34,57,764,356.00,"271,984.00"
2019-08-01,2019080101007295,SANIMA,34,38,"2,400",356.00,"854,400.00"
2019-08-01,2019080101007220,SANIMA,34,11,301,356.00,"107,156.00"
2019-08-01,2019080101007012,SANIMA,40,57,200,357.00,"71,400.00"
2019-08-01,2019080101007011,SANIMA,1,57,96,357.00,"34,272.00"
2019-08-01,2019080101007010,SANIMA,45,57,100,357.00,"35,700.00"
2019-08-01,2019080101007257,SBI,8,41,11,463.00,"5,093.00"
2019-08-01,2019080101007225,SBI,8,46,"1,000",464.00,"464,000.00"
2019-08-01,2019080101007448,SDESI,6,4,50,660.00,"33,000.00"
2019-08-01,2019080101007447,SDESI,57,4,10,660.00,"6,600.00"
2019-08-01,2019080101007446,SDESI,37,4,99,660.00,"65,340.00"
2019-08-01,2019080101007192,SDESI,37,57,174,660.00,"114,840.00"
2019-08-01,2019080101007115,SDESI,37,57,27,660.00,"17,820.00"
2019-08-01,2019080101007143,SHIVM,56,6,50,600.00,"30,000.00"
2019-08-01,2019080101007101,SHIVM,56,16,150,600.00,"90,000.00"
2019-08-01,2019080101007152,SHL,52,39,300,234.00,"70,200.00"
2019-08-01,2019080101007151,SHL,14,39,500,234.00,"117,000.00"
2019-08-01,2019080101007144,SHL,5,39,150,235.00,"35,250.00"
2019-08-01,2019080101007082,SIC,19,54,40,608.00,"24,320.00"
2019-08-01,2019080101007307,SICL,39,38,90,796.00,"71,640.00"
2019-08-01,2019080101007306,SICL,42,38,10,797.00,"7,970.00"
2019-08-01,2019080101007305,SICL,4,38,500,798.00,"399,000.00"
2019-08-01,2019080101007291,SICL,4,40,318,799.00,"254,082.00"
2019-08-01,2019080101007009,SIFC,22,48,10,159.00,"1,590.00"
2019-08-01,2019080101007326,SIL,6,38,35,460.00,"16,100.00"
2019-08-01,2019080101007325,SIL,56,38,50,462.00,"23,100.00"
2019-08-01,2019080101007324,SIL,48,38,15,462.00,"6,930.00"
2019-08-01,2019080101007263,SINDU,29,25,"1,555",135.00,"209,925.00"
2019-08-01,2019080101007334,SLBBL,47,17,90,517.00,"46,530.00"
2019-08-01,2019080101007312,SLBBL,49,57,500,520.00,"260,000.00"
2019-08-01,2019080101007311,SLBBL,57,57,100,520.00,"52,000.00"
2019-08-01,2019080101007310,SLBBL,26,57,200,520.00,"104,000.00"
2019-08-01,2019080101007309,SLBBL,42,57,16,520.00,"8,320.00"
2019-08-01,2019080101007118,SLBBL,21,21,500,521.00,"260,500.00"
2019-08-01,2019080101007113,SLBBL,22,46,300,529.00,"158,700.00"
2019-08-01,2019080101007112,SLBBL,22,7,20,529.00,"10,580.00"
2019-08-01,2019080101007159,SLBBL,42,57,20,520.00,"10,400.00"
2019-08-01,2019080101007308,SLBBL,41,57,20,521.00,"10,420.00"
2019-08-01,2019080101007438,SMB,39,33,10,510.00,"5,100.00"
2019-08-01,2019080101007022,SMFBS,22,14,190,721.00,"136,990.00"
2019-08-01,2019080101007365,SPARS,22,34,10,660.00,"6,600.00"
2019-08-01,2019080101007048,SPARS,22,49,10,660.00,"6,600.00"
2019-08-01,2019080101007037,SPARS,22,38,40,660.00,"26,400.00"
2019-08-01,2019080101007036,SPARS,34,38,200,660.00,"132,000.00"
2019-08-01,2019080101007035,SPARS,34,38,60,660.00,"39,600.00"
2019-08-01,2019080101006995,SPARS,34,41,10,660.00,"6,600.00"
2019-08-01,2019080101007330,SRBL,36,43,100,250.00,"25,000.00"
2019-08-01,2019080101007023,SRBL,25,49,17,249.00,"4,233.00"
2019-08-01,2019080101007014,SRBL,34,43,84,250.00,"21,000.00"
2019-08-01,2019080101007433,SWBBL,41,21,89,942.00,"83,838.00"
2019-08-01,2019080101007432,SWBBL,34,21,11,943.00,"10,373.00"
2019-08-01,2019080101007289,SWBBL,34,19,89,943.00,"83,927.00"
2019-08-01,2019080101006994,TRH,58,36,10,314.00,"3,140.00"
2019-08-01,2019080101006977,TRH,58,4,200,314.00,"62,800.00"
2019-08-01,2019080101007346,UPPER,22,44,375,271.00,"101,625.00"
2019-08-01,2019080101007004,UPPER,1,41,50,271.00,"13,550.00"
2019-08-01,2019080101006993,UPPER,1,4,200,271.00,"54,200.00"
2019-08-01,2019080101007100,UPPER,52,11,50,271.00,"13,550.00"
2019-08-01,2019080101007080,UPPER,52,16,140,271.00,"37,940.00"
2019-08-01,2019080101007079,UPPER,57,16,50,271.00,"13,550.00"
2019-08-01,2019080101007078,UPPER,1,16,110,271.00,"29,810.00"
2019-08-01,2019080101007057,UPPER,1,11,50,271.00,"13,550.00"
2019-08-01,2019080101007119,UPPER,52,11,40,271.00,"10,840.00"
2019-08-01,2019080101007110,UPPER,52,38,10,271.00,"2,710.00"
2019-08-01,2019080101007102,UPPER,52,38,40,271.00,"10,840.00"
2019-08-01,2019080101007196,UPPER,42,19,100,271.00,"27,100.00"
2019-08-01,2019080101007187,UPPER,42,39,320,271.00,"86,720.00"
2019-08-01,2019080101007186,UPPER,52,39,180,271.00,"48,780.00"
2019-08-01,2019080101007134,UPPER,52,7,40,271.00,"10,840.00"
2019-08-01,2019080101007213,UPPER,42,11,50,271.00,"13,550.00"
2019-08-01,2019080101007297,UPPER,22,11,10,271.00,"2,710.00"
2019-08-01,2019080101007296,UPPER,42,11,30,271.00,"8,130.00"
2019-08-01,2019080101007254,UPPER,21,48,30,272.00,"8,160.00"
2019-08-01,2019080101007253,UPPER,21,55,30,272.00,"8,160.00"
2019-08-01,2019080101007252,UPPER,21,43,440,272.00,"119,680.00"
2019-08-01,2019080101007198,VLBS,22,17,55,616.00,"33,880.00"
2019-08-01,2019080101007056,VLBS,22,42,88,616.00,"54,208.00"
2019-08-01,2019080101007055,VLBS,22,42,10,618.00,"6,180.00"
2019-08-01,2019080101006943,ADBL,34,7,550,431.00,"237,050.00"
2019-08-01,2019080101006922,ADBL,34,1,100,431.00,"43,100.00"
2019-08-01,2019080101006903,ADBL,34,1,100,431.00,"43,100.00"
2019-08-01,2019080101006886,ADBL,34,1,100,431.00,"43,100.00"
2019-08-01,2019080101006869,ADBL,34,1,100,431.00,"43,100.00"
2019-08-01,2019080101006815,ADBL,34,1,50,431.00,"21,550.00"
2019-08-01,2019080101006689,ADBL,34,42,600,431.00,"258,600.00"
2019-08-01,2019080101006676,ADBL,11,42,200,431.00,"86,200.00"
2019-08-01,2019080101006668,ADBL,39,42,200,431.00,"86,200.00"
2019-08-01,2019080101006652,ADBL,34,45,60,431.00,"25,860.00"
2019-08-01,2019080101006588,AHPC,45,35,493,105.00,"51,765.00"
2019-08-01,2019080101006587,AHPC,26,35,100,105.00,"10,500.00"
2019-08-01,2019080101006586,AHPC,28,35,407,105.00,"42,735.00"
2019-08-01,2019080101006904,ALBSL,37,38,10,510.00,"5,100.00"
2019-08-01,2019080101006885,ALBSL,37,56,10,510.00,"5,100.00"
2019-08-01,2019080101006867,ALBSL,37,38,10,510.00,"5,100.00"
2019-08-01,2019080101006866,ALBSL,37,38,10,510.00,"5,100.00"
2019-08-01,2019080101006865,ALBSL,37,38,10,510.00,"5,100.00"
2019-08-01,2019080101006864,ALBSL,37,44,10,510.00,"5,100.00"
2019-08-01,2019080101006488,ALBSL,45,52,10,512.00,"5,120.00"
2019-08-01,2019080101006772,ALBSL,43,34,10,505.00,"5,050.00"
2019-08-01,2019080101006729,ALBSL,43,25,10,511.00,"5,110.00"
2019-08-01,2019080101006707,ALBSL,43,34,110,511.00,"56,210.00"
2019-08-01,2019080101006575,ALBSL,43,13,10,511.00,"5,110.00"
2019-08-01,2019080101006571,ALBSL,43,39,40,511.00,"20,440.00"
2019-08-01,2019080101006509,ALBSL,43,52,50,511.00,"25,550.00"
2019-08-01,2019080101006892,API,48,32,590,136.00,"80,240.00"
2019-08-01,2019080101006881,API,37,32,100,136.00,"13,600.00"
2019-08-01,2019080101006846,API,44,32,"2,000",136.00,"272,000.00"
2019-08-01,2019080101006845,API,54,32,310,136.00,"42,160.00"
2019-08-01,2019080101006593,API,54,45,190,136.00,"25,840.00"
2019-08-01,2019080101006592,API,46,45,150,136.00,"20,400.00"
2019-08-01,2019080101006457,API,11,25,100,135.00,"13,500.00"
2019-08-01,2019080101006456,API,43,25,100,136.00,"13,600.00"
2019-08-01,2019080101006782,BOKL,6,48,36,266.00,"9,576.00"
2019-08-01,2019080101006609,BOKL,41,34,20,267.00,"5,340.00"
2019-08-01,2019080101006577,BOKL,6,48,50,266.00,"13,300.00"
2019-08-01,2019080101006534,BOKL,1,34,30,267.00,"8,010.00"
2019-08-01,2019080101006857,BPCL,53,45,300,405.00,"121,500.00"
2019-08-01,2019080101006856,BPCL,49,45,100,405.00,"40,500.00"
2019-08-01,2019080101006855,BPCL,34,45,100,405.00,"40,500.00"
2019-08-01,2019080101006939,CBBL,22,54,88,"1,000.00","88,000.00"
2019-08-01,2019080101006938,CBBL,6,54,12,"1,000.00","12,000.00"
2019-08-01,2019080101006927,CBBL,6,44,50,"1,000.00","50,000.00"
2019-08-01,2019080101006470,CBBL,50,53,200,"1,001.00","200,200.00"
2019-08-01,2019080101006760,CBL,34,44,200,155.00,"31,000.00"
2019-08-01,2019080101006720,CBL,45,59,28,154.00,"4,312.00"
2019-08-01,2019080101006563,CBL,29,44,"1,000",155.00,"155,000.00"
2019-08-01,2019080101006540,CBL,45,48,28,154.00,"4,312.00"
2019-08-01,2019080101006533,CBL,34,54,"2,000",155.00,"310,000.00"
2019-08-01,2019080101006506,CBL,45,45,51,154.00,"7,854.00"
2019-08-01,2019080101006498,CBL,34,38,"1,365",155.00,"211,575.00"
2019-08-01,2019080101006497,CBL,34,14,15,155.00,"2,325.00"
2019-08-01,2019080101006504,CBL,34,45,500,155.00,"77,500.00"
2019-08-01,2019080101006503,CBL,34,39,300,155.00,"46,500.00"
2019-08-01,2019080101006502,CBL,34,34,500,155.00,"77,500.00"
2019-08-01,2019080101006501,CBL,34,54,"1,000",155.00,"155,000.00"
2019-08-01,2019080101006500,CBL,34,11,670,155.00,"103,850.00"
2019-08-01,2019080101006499,CBL,34,11,"2,000",155.00,"310,000.00"
2019-08-01,2019080101006940,CCBL,34,36,293,171.00,"50,103.00"
2019-08-01,2019080101006840,CCBL,34,19,34,171.00,"5,814.00"
2019-08-01,2019080101006693,CCBL,32,20,100,170.00,"17,000.00"
2019-08-01,2019080101006936,CEFL,4,4,50,105.00,"5,250.00"
2019-08-01,2019080101006725,CEFL,4,52,334,107.00,"35,738.00"
2019-08-01,2019080101006724,CEFL,4,39,100,106.00,"10,600.00"
2019-08-01,2019080101006723,CEFL,4,32,200,106.00,"21,200.00"
2019-08-01,2019080101006828,CHCL,56,45,50,512.00,"25,600.00"
2019-08-01,2019080101006947,CLBSL,22,51,10,588.00,"5,880.00"
2019-08-01,2019080101006589,CLBSL,46,39,66,585.00,"38,610.00"
2019-08-01,2019080101006537,CLBSL,10,49,20,585.00,"11,700.00"
2019-08-01,2019080101006733,CMF1,34,45,200,10.00,"2,000.00"
2019-08-01,2019080101006659,CORBL,42,16,30,125.00,"3,750.00"
2019-08-01,2019080101006808,CZBIL,33,45,500,225.00,"112,500.00"
2019-08-01,2019080101006753,CZBIL,40,48,420,224.00,"94,080.00"
2019-08-01,2019080101006711,CZBIL,48,45,49,224.00,"10,976.00"
2019-08-01,2019080101006582,CZBIL,48,55,10,224.00,"2,240.00"
2019-08-01,2019080101006548,CZBIL,48,32,341,224.00,"76,384.00"
2019-08-01,2019080101006547,CZBIL,14,32,100,224.00,"22,400.00"
2019-08-01,2019080101006546,CZBIL,1,32,10,224.00,"2,240.00"
2019-08-01,2019080101006545,CZBIL,48,32,200,224.00,"44,800.00"
2019-08-01,2019080101006544,CZBIL,43,32,500,224.00,"112,000.00"
2019-08-01,2019080101006543,CZBIL,40,32,69,224.00,"15,456.00"
2019-08-01,2019080101006539,CZBIL,40,43,131,224.00,"29,344.00"
2019-08-01,2019080101006538,CZBIL,44,43,119,224.00,"26,656.00"
2019-08-01,2019080101006748,EBL,28,28,200,663.00,"132,600.00"
2019-08-01,2019080101006641,EBL,28,52,30,663.00,"19,890.00"
2019-08-01,2019080101006640,EBL,28,25,200,663.00,"132,600.00"
2019-08-01,2019080101006565,EBL,59,45,332,661.00,"219,452.00"
2019-08-01,2019080101006550,EBL,59,17,60,661.00,"39,660.00"
2019-08-01,2019080101006549,EBL,14,17,100,662.00,"66,200.00"
2019-08-01,2019080101006508,EBL,54,52,50,663.00,"33,150.00"
2019-08-01,2019080101006688,EIC,41,26,14,361.00,"5,054.00"
2019-08-01,2019080101006687,EIC,17,26,108,361.00,"38,988.00"
2019-08-01,2019080101006536,EIC,17,45,92,361.00,"33,212.00"
2019-08-01,2019080101006535,EIC,45,45,10,361.00,"3,610.00"
2019-08-01,2019080101006902,FMDBL,59,39,10,408.00,"4,080.00"
2019-08-01,2019080101006900,FMDBL,19,55,200,410.00,"82,000.00"
2019-08-01,2019080101006839,FMDBL,59,51,20,408.00,"8,160.00"
2019-08-01,2019080101006763,FMDBL,59,11,426,408.00,"173,808.00"
2019-08-01,2019080101006746,FMDBL,39,55,100,410.00,"41,000.00"
2019-08-01,2019080101006744,FMDBL,59,36,300,408.00,"122,400.00"
2019-08-01,2019080101006645,FMDBL,59,11,200,410.00,"82,000.00"
2019-08-01,2019080101006608,FMDBL,36,38,150,411.00,"61,650.00"
2019-08-01,2019080101006607,FMDBL,36,6,50,411.00,"20,550.00"
2019-08-01,2019080101006468,FMDBL,59,38,150,410.00,"61,500.00"
2019-08-01,2019080101006743,FMDBL,59,36,200,408.00,"81,600.00"
2019-08-01,2019080101006702,FMDBL,59,38,670,409.00,"274,030.00"
2019-08-01,2019080101006690,FMDBL,59,53,500,409.00,"204,500.00"
2019-08-01,2019080101006670,FMDBL,45,42,100,410.00,"41,000.00"
2019-08-01,2019080101006647,FMDBL,57,11,100,410.00,"41,000.00"
2019-08-01,2019080101006646,FMDBL,59,11,700,410.00,"287,000.00"
2019-08-01,2019080101006905,FOWAD,5,44,100,"1,439.00","143,900.00"
2019-08-01,2019080101006613,FOWAD,14,21,30,"1,440.00","43,200.00"
2019-08-01,2019080101006612,FOWAD,14,57,50,"1,439.00","71,950.00"
2019-08-01,2019080101006611,FOWAD,14,49,20,"1,439.00","28,780.00"
2019-08-01,2019080101006581,FOWAD,33,44,100,"1,434.00","143,400.00"
2019-08-01,2019080101006896,GBLBS,45,43,50,410.00,"20,500.00"
2019-08-01,2019080101006895,GBLBS,39,43,50,410.00,"20,500.00"
2019-08-01,2019080101006876,GBLBS,39,43,50,410.00,"20,500.00"
2019-08-01,2019080101006835,GBLBS,39,43,50,410.00,"20,500.00"
2019-08-01,2019080101006713,GBLBS,39,48,90,410.00,"36,900.00"
