Date,Transact. No.,Symbol,Buyer,Seller,Quantity,Rate,Amount
2020-01-14,2020011401010899,AHPC,57,39,"1,500",95.00,"142,500.00"
2020-01-14,2020011401010898,AHPC,39,39,500,95.00,"47,500.00"
2020-01-14,2020011401010879,AHPC,57,39,300,95.00,"28,500.00"
2020-01-14,2020011401010878,AHPC,46,39,150,95.00,"14,250.00"
2020-01-14,2020011401011118,AKPL,40,34,10,135.00,"1,350.00"
2020-01-14,2020011401010895,AKPL,19,45,29,134.00,"3,886.00"
2020-01-14,2020011401010894,AKPL,57,45,971,134.00,"130,114.00"
2020-01-14,2020011401010874,AKPL,57,56,500,134.00,"67,000.00"
2020-01-14,2020011401010827,AKPL,43,34,100,135.00,"13,500.00"
2020-01-14,2020011401011165,ALBSL,34,41,329,596.00,"196,084.00"
2020-01-14,2020011401011164,ALBSL,32,41,50,597.00,"29,850.00"
2020-01-14,2020011401011163,ALBSL,45,41,21,600.00,"12,600.00"
2020-01-14,2020011401011161,ALBSL,45,29,10,600.00,"6,000.00"
2020-01-14,2020011401010877,ALBSL,45,40,69,600.00,"41,400.00"
2020-01-14,2020011401011008,ALICL,4,21,50,424.00,"21,200.00"
2020-01-14,2020011401010997,ALICL,38,21,200,425.00,"85,000.00"
2020-01-14,2020011401010977,API,25,44,300,124.00,"37,200.00"
2020-01-14,2020011401010947,API,25,40,"1,500",122.00,"183,000.00"
2020-01-14,2020011401010946,API,25,50,"1,000",122.00,"122,000.00"
2020-01-14,2020011401010926,API,1,25,"2,500",121.00,"302,500.00"
2020-01-14,2020011401011287,BARUN,47,25,64,89.00,"5,696.00"
2020-01-14,2020011401011286,BARUN,32,25,300,89.00,"26,700.00"
2020-01-14,2020011401011285,BARUN,28,25,20,89.00,"1,780.00"
2020-01-14,2020011401011283,BARUN,28,34,80,89.00,"7,120.00"
2020-01-14,2020011401011053,BBC,58,39,10,"1,924.00","19,240.00"
2020-01-14,2020011401011052,BBC,58,56,13,"1,920.00","24,960.00"
2020-01-14,2020011401011278,BNT,34,40,10,"6,140.00","61,400.00"
2020-01-14,2020011401011277,BNT,55,40,10,"6,140.00","61,400.00"
2020-01-14,2020011401011213,BNT,57,38,10,"6,145.00","61,450.00"
2020-01-14,2020011401010840,BNT,57,40,20,"6,145.00","122,900.00"
2020-01-14,2020011401011017,BPCL,33,56,10,328.00,"3,280.00"
2020-01-14,2020011401011001,CBBL,39,32,10,888.00,"8,880.00"
2020-01-14,2020011401010992,CBL,43,26,10,140.00,"1,400.00"
2020-01-14,2020011401011200,CCBL,59,7,461,178.00,"82,058.00"
2020-01-14,2020011401011199,CCBL,51,7,"1,000",178.00,"178,000.00"
2020-01-14,2020011401011139,CCBL,4,7,"1,000",179.00,"179,000.00"
2020-01-14,2020011401011091,CCBL,4,7,"1,000",179.00,"179,000.00"
2020-01-14,2020011401011090,CCBL,4,7,"1,000",179.00,"179,000.00"
2020-01-14,2020011401011089,CCBL,4,7,"1,000",179.00,"179,000.00"
2020-01-14,2020011401010985,CCBL,57,51,500,180.00,"90,000.00"
2020-01-14,2020011401010934,CCBL,4,51,395,180.00,"71,100.00"
2020-01-14,2020011401010933,CCBL,4,52,605,180.00,"108,900.00"
2020-01-14,2020011401011088,CCBL,4,7,"1,000",179.00,"179,000.00"
2020-01-14,2020011401011087,CCBL,4,7,39,179.00,"6,981.00"
2020-01-14,2020011401011045,CCBL,4,37,895,180.00,"161,100.00"
2020-01-14,2020011401011044,CCBL,4,49,105,180.00,"18,900.00"
2020-01-14,2020011401011003,CCBL,4,49,895,180.00,"161,100.00"
2020-01-14,2020011401011002,CCBL,4,51,105,180.00,"18,900.00"
2020-01-14,2020011401011026,CFCL,4,19,18,145.00,"2,610.00"
2020-01-14,2020011401010941,CHCL,34,34,3,417.00,"1,251.00"
2020-01-14,2020011401010857,CHCL,34,34,3,417.00,"1,251.00"
2020-01-14,2020011401011239,CIT,5,29,10,"2,220.00","22,200.00"
2020-01-14,2020011401011046,CIT,5,14,80,"2,222.00","177,760.00"
2020-01-14,2020011401011043,CIT,40,33,99,"2,201.00","217,899.00"
2020-01-14,2020011401011023,CIT,34,14,10,"2,222.00","22,220.00"
2020-01-14,2020011401011015,CIT,38,14,10,"2,222.00","22,220.00"
2020-01-14,2020011401010844,CIT,58,33,50,"2,205.00","110,250.00"
2020-01-14,2020011401010843,CIT,45,33,25,"2,205.00","55,125.00"
2020-01-14,2020011401010842,CIT,29,33,125,"2,208.00","276,000.00"
2020-01-14,2020011401010841,CIT,40,33,100,"2,209.00","220,900.00"
2020-01-14,2020011401011102,CZBIL,35,56,94,198.00,"18,612.00"
2020-01-14,2020011401011101,CZBIL,59,56,200,198.00,"39,600.00"
2020-01-14,2020011401011100,CZBIL,33,56,706,198.00,"139,788.00"
2020-01-14,2020011401011030,CZBIL,25,50,100,199.00,"19,900.00"
2020-01-14,2020011401010856,CZBIL,42,28,56,200.00,"11,200.00"
2020-01-14,2020011401011133,DBBL,59,51,10,143.00,"1,430.00"
2020-01-14,2020011401011281,DDBL,49,44,50,"1,029.00","51,450.00"
2020-01-14,2020011401011280,DDBL,49,29,50,"1,020.00","51,000.00"
2020-01-14,2020011401011076,DDBL,49,43,100,"1,019.00","101,900.00"
2020-01-14,2020011401010990,DDBL,40,43,100,"1,015.00","101,500.00"
2020-01-14,2020011401010989,DDBL,49,43,200,"1,015.00","203,000.00"
2020-01-14,2020011401010988,DDBL,47,43,100,"1,015.00","101,500.00"
2020-01-14,2020011401010987,DDBL,14,43,200,"1,017.00","203,400.00"
2020-01-14,2020011401010986,DDBL,17,43,30,"1,018.00","30,540.00"
2020-01-14,2020011401010902,DDBL,49,44,200,"1,020.00","204,000.00"
2020-01-14,2020011401010901,DDBL,49,44,410,"1,020.00","418,200.00"
2020-01-14,2020011401010900,DDBL,47,44,200,"1,021.00","204,200.00"
2020-01-14,2020011401010897,DDBL,22,29,50,"1,021.00","51,050.00"
2020-01-14,2020011401011227,EBL,57,45,100,596.00,"59,600.00"
2020-01-14,2020011401011149,EBL,57,35,90,596.00,"53,640.00"
2020-01-14,2020011401011148,EBL,44,35,10,596.00,"5,960.00"
2020-01-14,2020011401011035,EIC,28,8,100,321.00,"32,100.00"
2020-01-14,2020011401011007,EIC,28,44,280,321.00,"89,880.00"
2020-01-14,2020011401011006,EIC,33,44,100,321.00,"32,100.00"
2020-01-14,2020011401010999,EIC,13,35,20,322.00,"6,440.00"
2020-01-14,2020011401011300,FMDBL,42,29,233,415.00,"96,695.00"
2020-01-14,2020011401011299,FMDBL,42,29,117,415.00,"48,555.00"
2020-01-14,2020011401011298,FMDBL,42,59,150,415.00,"62,250.00"
2020-01-14,2020011401011241,FMDBL,57,59,150,415.00,"62,250.00"
2020-01-14,2020011401011162,FMDBL,42,4,234,414.00,"96,876.00"
2020-01-14,2020011401010976,FMDBL,42,20,136,413.00,"56,168.00"
2020-01-14,2020011401010968,FOWAD,5,14,150,"1,208.00","181,200.00"
2020-01-14,2020011401010967,FOWAD,17,14,10,"1,209.00","12,090.00"
2020-01-14,2020011401010966,FOWAD,40,14,76,"1,209.00","91,884.00"
2020-01-14,2020011401011057,GBBL,4,1,220,226.00,"49,720.00"
2020-01-14,2020011401011040,GBBL,32,5,20,227.00,"4,540.00"
2020-01-14,2020011401011039,GBBL,4,57,"1,050",226.00,"237,300.00"
2020-01-14,2020011401011038,GBBL,4,35,45,226.00,"10,170.00"
2020-01-14,2020011401010846,GBBL,4,36,50,226.00,"11,300.00"
2020-01-14,2020011401011214,GBLBS,52,29,15,406.00,"6,090.00"
2020-01-14,2020011401011212,GBLBS,52,34,100,406.00,"40,600.00"
2020-01-14,2020011401011211,GBLBS,52,41,350,405.00,"141,750.00"
2020-01-14,2020011401011210,GBLBS,52,56,100,405.00,"40,500.00"
2020-01-14,2020011401011209,GBLBS,52,22,80,404.00,"32,320.00"
2020-01-14,2020011401011178,GBLBS,43,22,20,404.00,"8,080.00"
2020-01-14,2020011401010822,GBLBS,46,17,100,403.00,"40,300.00"
2020-01-14,2020011401011083,GBLBS,53,56,100,405.00,"40,500.00"
2020-01-14,2020011401011020,GBLBS,38,19,100,403.00,"40,300.00"
2020-01-14,2020011401010975,GBLBS,28,16,70,402.00,"28,140.00"
2020-01-14,2020011401010974,GBLBS,37,16,100,402.00,"40,200.00"
2020-01-14,2020011401010948,GBLBS,46,52,100,403.00,"40,300.00"
2020-01-14,2020011401010930,GBLBS,1,19,100,404.00,"40,400.00"
2020-01-14,2020011401010858,GGBSL,3,16,30,858.00,"25,740.00"
2020-01-14,2020011401010864,GGBSL,3,14,20,867.00,"17,340.00"
2020-01-14,2020011401010863,GGBSL,3,42,10,867.00,"8,670.00"
2020-01-14,2020011401010862,GGBSL,3,42,50,865.00,"43,250.00"
2020-01-14,2020011401010861,GGBSL,3,55,10,865.00,"8,650.00"
2020-01-14,2020011401010860,GGBSL,3,43,10,865.00,"8,650.00"
2020-01-14,2020011401010859,GGBSL,3,42,10,860.00,"8,600.00"
2020-01-14,2020011401010938,GGBSL,3,36,100,870.00,"87,000.00"
2020-01-14,2020011401010865,GGBSL,3,42,10,869.00,"8,690.00"
2020-01-14,2020011401011028,GGBSL,3,13,10,878.00,"8,780.00"
2020-01-14,2020011401011027,GGBSL,3,21,10,853.00,"8,530.00"
2020-01-14,2020011401011289,GILB,22,19,63,"1,120.00","70,560.00"
2020-01-14,2020011401011288,GILB,22,58,10,"1,118.00","11,180.00"
2020-01-14,2020011401011282,GILB,22,19,50,"1,110.00","55,500.00"
2020-01-14,2020011401011107,GLBSL,42,6,10,595.00,"5,950.00"
2020-01-14,2020011401011012,GLBSL,5,45,70,596.00,"41,720.00"
2020-01-14,2020011401010954,GLICL,45,11,23,530.00,"12,190.00"
2020-01-14,2020011401010953,GLICL,56,11,50,530.00,"26,500.00"
2020-01-14,2020011401010952,GLICL,57,11,27,531.00,"14,337.00"
2020-01-14,2020011401010872,GLICL,57,38,173,531.00,"91,863.00"
2020-01-14,2020011401010871,GLICL,34,38,207,531.00,"109,917.00"
2020-01-14,2020011401011103,GMFBS,43,56,10,689.00,"6,890.00"
2020-01-14,2020011401011082,GMFBS,58,17,100,677.00,"67,700.00"
2020-01-14,2020011401011081,GMFBS,42,17,10,677.00,"6,770.00"
2020-01-14,2020011401011036,GMFBS,58,32,60,678.00,"40,680.00"
2020-01-14,2020011401010945,GUFL,19,51,13,121.00,"1,573.00"
2020-01-14,2020011401010944,GUFL,28,51,50,121.00,"6,050.00"
2020-01-14,2020011401011295,HBL,45,47,50,562.00,"28,100.00"
2020-01-14,2020011401011294,HBL,26,47,323,562.00,"181,526.00"
2020-01-14,2020011401010994,HBL,26,49,200,562.00,"112,400.00"
2020-01-14,2020011401010839,HBL,5,39,300,565.00,"169,500.00"
2020-01-14,2020011401010824,HDL,28,52,200,"1,241.00","248,200.00"
2020-01-14,2020011401010823,HDL,28,58,75,"1,240.00","93,000.00"
2020-01-14,2020011401011056,HGI,13,43,27,324.00,"8,748.00"
2020-01-14,2020011401010848,HIDCL,45,42,21,140.00,"2,940.00"
2020-01-14,2020011401010837,HIDCL,45,37,50,140.00,"7,000.00"
2020-01-14,2020011401011303,HPPL,5,14,20,157.00,"3,140.00"
2020-01-14,2020011401010971,HPPL,5,52,500,153.00,"76,500.00"
2020-01-14,2020011401010970,HPPL,5,4,20,153.00,"3,060.00"
2020-01-14,2020011401010969,HPPL,5,16,10,152.00,"1,520.00"
2020-01-14,2020011401011042,ICFC,28,46,500,160.00,"80,000.00"
2020-01-14,2020011401010928,ICFC,44,1,72,159.00,"11,448.00"
2020-01-14,2020011401010927,ICFC,4,1,250,159.00,"39,750.00"
2020-01-14,2020011401010886,ICFC,52,49,30,161.00,"4,830.00"
2020-01-14,2020011401011271,ILBS,51,47,40,688.00,"27,520.00"
2020-01-14,2020011401011270,ILBS,51,37,100,687.00,"68,700.00"
2020-01-14,2020011401011269,ILBS,51,42,100,686.00,"68,600.00"
2020-01-14,2020011401011268,ILBS,51,35,20,686.00,"13,720.00"
2020-01-14,2020011401011267,ILBS,51,29,10,685.00,"6,850.00"
2020-01-14,2020011401011266,ILBS,51,29,10,685.00,"6,850.00"
2020-01-14,2020011401010916,ILBS,51,48,300,675.00,"202,500.00"
2020-01-14,2020011401010915,ILBS,51,45,10,675.00,"6,750.00"
2020-01-14,2020011401010914,ILBS,51,46,500,672.00,"336,000.00"
2020-01-14,2020011401010922,ILBS,51,17,50,680.00,"34,000.00"
2020-01-14,2020011401010921,ILBS,51,54,50,680.00,"34,000.00"
2020-01-14,2020011401010920,ILBS,51,36,50,680.00,"34,000.00"
2020-01-14,2020011401010919,ILBS,51,32,320,679.00,"217,280.00"
2020-01-14,2020011401010918,ILBS,51,21,10,679.00,"6,790.00"
2020-01-14,2020011401010917,ILBS,51,49,100,678.00,"67,800.00"
2020-01-14,2020011401011208,ILBS,51,42,20,683.00,"13,660.00"
2020-01-14,2020011401011069,ILBS,26,29,60,670.00,"40,200.00"
2020-01-14,2020011401011068,ILBS,51,29,90,671.00,"60,390.00"
2020-01-14,2020011401011048,ILBS,14,5,20,673.00,"13,460.00"
2020-01-14,2020011401011047,ILBS,14,49,40,673.00,"26,920.00"
2020-01-14,2020011401010939,ILBS,51,49,10,680.00,"6,800.00"
2020-01-14,2020011401011075,JBBL,32,18,300,161.00,"48,300.00"
2020-01-14,2020011401010893,JBBL,56,33,500,162.00,"81,000.00"
2020-01-14,2020011401010892,JBBL,56,33,"1,000",162.00,"162,000.00"
2020-01-14,2020011401010891,JBBL,57,33,300,162.00,"48,600.00"
2020-01-14,2020011401010890,JBBL,6,33,312,162.00,"50,544.00"
2020-01-14,2020011401011261,KBL,13,28,"1,000",190.00,"190,000.00"
2020-01-14,2020011401011260,KBL,48,28,150,190.00,"28,500.00"
2020-01-14,2020011401011259,KBL,38,28,500,190.00,"95,000.00"
2020-01-14,2020011401011258,KBL,41,28,500,190.00,"95,000.00"
2020-01-14,2020011401011257,KBL,34,28,500,190.00,"95,000.00"
2020-01-14,2020011401011256,KBL,38,28,"2,000",190.00,"380,000.00"
2020-01-14,2020011401010851,KBL,4,39,65,192.00,"12,480.00"
2020-01-14,2020011401010817,KBL,4,48,200,192.00,"38,400.00"
2020-01-14,2020011401010956,KBL,34,56,259,192.00,"49,728.00"
2020-01-14,2020011401010955,KBL,59,56,200,192.00,"38,400.00"
2020-01-14,2020011401010913,KBL,34,39,41,192.00,"7,872.00"
2020-01-14,2020011401010912,KBL,4,39,35,192.00,"6,720.00"
2020-01-14,2020011401011065,KBL,38,56,64,192.00,"12,288.00"
2020-01-14,2020011401011016,KBL,38,39,75,192.00,"14,400.00"
2020-01-14,2020011401010973,KBL,38,39,20,192.00,"3,840.00"
2020-01-14,2020011401010957,KBL,38,56,41,192.00,"7,872.00"
2020-01-14,2020011401011096,KBL,16,28,500,192.00,"96,000.00"
2020-01-14,2020011401011095,KBL,42,28,30,192.00,"5,760.00"
2020-01-14,2020011401011094,KBL,51,28,200,192.00,"38,400.00"
2020-01-14,2020011401011093,KBL,33,28,42,192.00,"8,064.00"
2020-01-14,2020011401011067,KBL,33,56,458,192.00,"87,936.00"
2020-01-14,2020011401011066,KBL,44,56,100,192.00,"19,200.00"
2020-01-14,2020011401011185,KBL,51,28,500,191.00,"95,500.00"
2020-01-14,2020011401011184,KBL,34,28,"1,000",191.00,"191,000.00"
2020-01-14,2020011401011183,KBL,52,28,100,191.00,"19,100.00"
2020-01-14,2020011401011099,KBL,51,28,"1,000",192.00,"192,000.00"
2020-01-14,2020011401011098,KBL,10,28,100,192.00,"19,200.00"
2020-01-14,2020011401011097,KBL,13,28,350,192.00,"67,200.00"
2020-01-14,2020011401011191,KBL,43,28,"1,000",191.00,"191,000.00"
2020-01-14,2020011401011190,KBL,22,28,50,191.00,"9,550.00"
2020-01-14,2020011401011189,KBL,34,28,100,191.00,"19,100.00"
2020-01-14,2020011401011188,KBL,34,28,200,191.00,"38,200.00"
2020-01-14,2020011401011187,KBL,45,28,500,191.00,"95,500.00"
2020-01-14,2020011401011186,KBL,4,28,300,191.00,"57,300.00"
2020-01-14,2020011401011249,KBL,36,28,"1,000",190.00,"190,000.00"
2020-01-14,2020011401011248,KBL,51,28,"2,000",190.00,"380,000.00"
2020-01-14,2020011401011247,KBL,6,28,40,190.00,"7,600.00"
2020-01-14,2020011401011246,KBL,38,28,500,192.00,"96,000.00"
2020-01-14,2020011401011193,KBL,33,28,"2,000",191.00,"382,000.00"
2020-01-14,2020011401011192,KBL,34,28,500,191.00,"95,500.00"
2020-01-14,2020011401011255,KBL,6,28,50,190.00,"9,500.00"
2020-01-14,2020011401011254,KBL,55,28,50,190.00,"9,500.00"
2020-01-14,2020011401011253,KBL,32,28,100,190.00,"19,000.00"
2020-01-14,2020011401011252,KBL,14,28,"1,000",190.00,"190,000.00"
2020-01-14,2020011401011251,KBL,41,28,70,190.00,"13,300.00"
2020-01-14,2020011401011250,KBL,34,28,300,190.00,"57,000.00"
2020-01-14,2020011401011290,KPCL,22,29,10,90.00,900.00
2020-01-14,2020011401011150,KPCL,22,13,100,90.00,"9,000.00"
2020-01-14,2020011401010907,KPCL,22,29,270,90.00,"24,300.00"
2020-01-14,2020011401011084,LGIL,26,48,10,387.00,"3,870.00"
2020-01-14,2020011401011033,LGIL,1,5,10,390.00,"3,900.00"
2020-01-14,2020011401010821,LGIL,26,50,65,387.00,"25,155.00"
2020-01-14,2020011401011304,LLBS,49,7,30,883.00,"26,490.00"
2020-01-14,2020011401010940,LLBS,34,48,450,870.00,"391,500.00"
2020-01-14,2020011401011021,MDB,4,26,470,289.00,"135,830.00"
2020-01-14,2020011401011034,MEGA,43,28,10,201.00,"2,010.00"
2020-01-14,2020011401010951,MEGA,17,37,109,200.00,"21,800.00"
2020-01-14,2020011401010855,MEGA,17,17,500,200.00,"100,000.00"
2020-01-14,2020011401011306,MERO,38,26,20,602.00,"12,040.00"
2020-01-14,2020011401011155,MERO,38,38,200,602.00,"120,400.00"
2020-01-14,2020011401011154,MERO,45,38,300,603.00,"180,900.00"
2020-01-14,2020011401011018,MERO,50,57,50,604.00,"30,200.00"
2020-01-14,2020011401010880,MERO,40,57,40,604.00,"24,160.00"
2020-01-14,2020011401011217,MFIL,6,57,"1,000",169.00,"169,000.00"
2020-01-14,2020011401011070,MFIL,38,17,145,168.00,"24,360.00"
2020-01-14,2020011401011049,MFIL,38,32,150,168.00,"25,200.00"
2020-01-14,2020011401011025,MFIL,34,57,"1,009",169.00,"170,521.00"
2020-01-14,2020011401011024,MFIL,34,57,637,169.00,"107,653.00"
2020-01-14,2020011401011011,MFIL,38,57,"3,000",169.00,"507,000.00"
2020-01-14,2020011401010980,MFIL,33,57,221,169.00,"37,349.00"
2020-01-14,2020011401010979,MFIL,33,14,309,169.00,"52,221.00"
2020-01-14,2020011401010978,MFIL,33,17,470,169.00,"79,430.00"
2020-01-14,2020011401011307,MLBBL,57,22,10,613.00,"6,130.00"
2020-01-14,2020011401011050,MNBBL,57,34,10,308.00,"3,080.00"
2020-01-14,2020011401010875,MNBBL,42,28,500,307.00,"153,500.00"
2020-01-14,2020011401011130,MSMBS,6,34,60,711.00,"42,660.00"
2020-01-14,2020011401011029,MSMBS,6,17,100,710.00,"71,000.00"
2020-01-14,2020011401011086,NABIL,35,35,200,730.00,"146,000.00"
2020-01-14,2020011401010911,NABIL,42,17,207,728.00,"150,696.00"
2020-01-14,2020011401010910,NABIL,4,17,53,728.00,"38,584.00"
2020-01-14,2020011401010909,NABIL,19,17,13,729.00,"9,477.00"
2020-01-14,2020011401011019,NADEP,57,38,200,609.00,"121,800.00"
2020-01-14,2020011401010931,NADEP,40,40,73,614.00,"44,822.00"
2020-01-14,2020011401011160,NBB,36,17,179,203.00,"36,337.00"
2020-01-14,2020011401011159,NBB,36,36,"1,192",203.00,"241,976.00"
2020-01-14,2020011401011158,NBB,36,25,100,203.00,"20,300.00"
2020-01-14,2020011401011157,NBB,36,6,100,203.00,"20,300.00"
2020-01-14,2020011401011156,NBB,36,57,429,203.00,"87,087.00"
2020-01-14,2020011401010965,NBB,5,17,410,202.00,"82,820.00"
2020-01-14,2020011401010964,NBB,49,17,90,202.00,"18,180.00"
2020-01-14,2020011401011305,NBL,33,41,100,277.00,"27,700.00"
2020-01-14,2020011401011117,NBL,25,5,"1,211",276.00,"334,236.00"
2020-01-14,2020011401011062,NBL,13,7,10,277.00,"2,770.00"
2020-01-14,2020011401011061,NBL,13,33,490,277.00,"135,730.00"
2020-01-14,2020011401010961,NBL,43,33,10,277.00,"2,770.00"
2020-01-14,2020011401011296,NCCB,50,54,800,219.00,"175,200.00"
2020-01-14,2020011401011180,NCCB,38,54,220,219.00,"48,180.00"
2020-01-14,2020011401011051,NCCB,6,54,100,219.00,"21,900.00"
2020-01-14,2020011401010998,NCCB,48,14,150,218.00,"32,700.00"
2020-01-14,2020011401010963,NCCB,48,59,44,218.00,"9,592.00"
2020-01-14,2020011401010962,NCCB,50,59,535,218.00,"116,630.00"
2020-01-14,2020011401010836,NCCB,6,54,210,219.00,"45,990.00"
2020-01-14,2020011401010835,NCCB,6,34,50,219.00,"10,950.00"
2020-01-14,2020011401010834,NCCB,6,5,340,219.00,"74,460.00"
2020-01-14,2020011401011230,NEF,38,32,500,8.16,"4,080.00"
2020-01-14,2020011401011308,NHPC,58,53,10,53.00,530.00
2020-01-14,2020011401011196,NHPC,14,33,"1,000",52.00,"52,000.00"
2020-01-14,2020011401011179,NHPC,58,53,10,53.00,530.00
2020-01-14,2020011401011004,NIB,40,22,430,405.00,"174,150.00"
2020-01-14,2020011401010960,NIB,28,22,50,405.00,"20,250.00"
2020-01-14,2020011401010888,NIB,37,37,44,404.00,"17,776.00"
2020-01-14,2020011401011074,NICA,51,6,37,443.00,"16,391.00"
2020-01-14,2020011401011073,NICA,58,6,33,443.00,"14,619.00"
2020-01-14,2020011401011131,NICGF,52,57,"1,500",9.10,"13,650.00"
2020-01-14,2020011401011297,NICL,43,58,10,333.00,"3,330.00"
2020-01-14,2020011401010849,NICL,43,14,10,337.00,"3,370.00"
2020-01-14,2020011401010820,NIL,33,44,170,420.00,"71,400.00"
2020-01-14,2020011401011301,NLBBL,28,53,200,623.00,"124,600.00"
2020-01-14,2020011401011125,NLBBL,28,46,221,623.00,"137,683.00"
2020-01-14,2020011401011124,NLBBL,46,46,400,624.00,"249,600.00"
2020-01-14,2020011401011123,NLBBL,34,46,100,624.00,"62,400.00"
2020-01-14,2020011401011122,NLBBL,5,46,100,624.00,"62,400.00"
2020-01-14,2020011401011121,NLBBL,16,46,22,625.00,"13,750.00"
2020-01-14,2020011401011120,NLBBL,33,46,225,625.00,"140,625.00"
2020-01-14,2020011401010925,NLBBL,33,49,275,625.00,"171,875.00"
2020-01-14,2020011401010924,NLBBL,22,49,100,625.00,"62,500.00"
2020-01-14,2020011401010923,NLBBL,41,49,25,626.00,"15,650.00"
2020-01-14,2020011401011242,NLIC,18,14,50,"1,000.00","50,000.00"
2020-01-14,2020011401011136,NLIC,4,33,774,998.00,"772,452.00"
2020-01-14,2020011401011135,NLIC,4,33,727,"1,000.00","727,000.00"
2020-01-14,2020011401011079,NLIC,4,14,23,"1,000.00","23,000.00"
2020-01-14,2020011401011078,NLIC,4,38,50,999.00,"49,950.00"
2020-01-14,2020011401011077,NLIC,4,57,200,999.00,"199,800.00"
2020-01-14,2020011401010876,NLIC,4,57,"1,000",999.00,"999,000.00"
2020-01-14,2020011401010845,NLIC,45,57,100,999.00,"99,900.00"
2020-01-14,2020011401011129,NLICL,35,3,50,558.00,"27,900.00"
2020-01-14,2020011401011128,NLICL,25,3,50,558.00,"27,900.00"
2020-01-14,2020011401011127,NLICL,6,3,20,558.00,"11,160.00"
2020-01-14,2020011401011116,NLICL,43,38,10,561.00,"5,610.00"
2020-01-14,2020011401010981,NLICL,4,39,"1,272",560.00,"712,320.00"
2020-01-14,2020011401010896,NLICL,43,39,10,560.00,"5,600.00"
2020-01-14,2020011401010984,NMB,48,17,500,359.00,"179,500.00"
2020-01-14,2020011401010869,NMB,58,50,690,358.00,"247,020.00"
2020-01-14,2020011401010868,NMB,33,50,310,358.00,"110,980.00"
2020-01-14,2020011401010867,NMB,1,17,15,359.00,"5,385.00"
2020-01-14,2020011401010866,NMB,1,17,35,359.00,"12,565.00"
2020-01-14,2020011401011229,NNLB,19,21,10,636.00,"6,360.00"
2020-01-14,2020011401011228,NNLB,19,40,90,625.00,"56,250.00"
2020-01-14,2020011401011031,NSEWA,17,34,20,598.00,"11,960.00"
2020-01-14,2020011401011177,NTC,6,33,"2,780",645.00,"1,793,100.00"
2020-01-14,2020011401011176,NTC,6,44,10,641.00,"6,410.00"
2020-01-14,2020011401011104,NUBL,4,37,183,904.00,"165,432.00"
2020-01-14,2020011401010983,NUBL,4,41,25,904.00,"22,600.00"
2020-01-14,2020011401011263,OHL,56,25,30,502.00,"15,060.00"
2020-01-14,2020011401011202,OHL,56,16,90,499.00,"44,910.00"
2020-01-14,2020011401011201,OHL,56,34,485,499.00,"242,015.00"
2020-01-14,2020011401010996,OHL,46,34,15,499.00,"7,485.00"
2020-01-14,2020011401010995,OHL,46,16,15,498.00,"7,470.00"
2020-01-14,2020011401011207,OHL,56,42,500,500.00,"250,000.00"
2020-01-14,2020011401011206,OHL,56,35,100,500.00,"50,000.00"
2020-01-14,2020011401011205,OHL,56,53,500,500.00,"250,000.00"
2020-01-14,2020011401011204,OHL,56,56,532,500.00,"266,000.00"
2020-01-14,2020011401011203,OHL,56,7,100,500.00,"50,000.00"
2020-01-14,2020011401010873,PCBL,4,42,15,260.00,"3,900.00"
2020-01-14,2020011401010818,PCBL,44,55,20,261.00,"5,220.00"
2020-01-14,2020011401011175,PFL,13,50,61,146.00,"8,906.00"
2020-01-14,2020011401011174,PFL,13,5,400,145.00,"58,000.00"
2020-01-14,2020011401011173,PFL,13,32,39,145.00,"5,655.00"
2020-01-14,2020011401011172,PFL,13,40,500,144.00,"72,000.00"
2020-01-14,2020011401011071,PFL,7,39,111,143.00,"15,873.00"
2020-01-14,2020011401011243,PIC,50,14,100,482.00,"48,200.00"
2020-01-14,2020011401010993,PIC,8,14,100,482.00,"48,200.00"
2020-01-14,2020011401011238,PICL,28,49,100,548.00,"54,800.00"
2020-01-14,2020011401011237,PICL,4,49,457,548.00,"250,436.00"
2020-01-14,2020011401011169,PICL,16,34,200,549.00,"109,800.00"
2020-01-14,2020011401011168,PICL,51,34,100,549.00,"54,900.00"
2020-01-14,2020011401011055,PICL,13,49,300,550.00,"165,000.00"
2020-01-14,2020011401011054,PICL,4,49,665,550.00,"365,750.00"
2020-01-14,2020011401011013,PICL,4,6,495,550.00,"272,250.00"
2020-01-14,2020011401010991,PICL,4,6,500,550.00,"275,000.00"
2020-01-14,2020011401011153,PLIC,17,35,300,415.00,"124,500.00"
2020-01-14,2020011401011109,PLIC,16,57,250,418.00,"104,500.00"
2020-01-14,2020011401011108,PLIC,16,6,32,418.00,"13,376.00"
2020-01-14,2020011401011072,PMHPL,56,59,50,95.00,"4,750.00"
2020-01-14,2020011401011218,PRIN,51,17,25,382.00,"9,550.00"
2020-01-14,2020011401011276,PRVU,47,32,280,239.00,"66,920.00"
2020-01-14,2020011401011275,PRVU,44,32,100,240.00,"24,000.00"
2020-01-14,2020011401011274,PRVU,57,32,100,240.00,"24,000.00"
2020-01-14,2020011401011273,PRVU,42,32,400,240.00,"96,000.00"
2020-01-14,2020011401011272,PRVU,34,32,120,240.00,"28,800.00"
2020-01-14,2020011401010830,PRVU,34,35,100,240.00,"24,000.00"
2020-01-14,2020011401010829,PRVU,34,34,"1,000",240.00,"240,000.00"
2020-01-14,2020011401010828,PRVU,34,51,300,240.00,"72,000.00"
2020-01-14,2020011401011132,PRVU,34,38,100,240.00,"24,000.00"
2020-01-14,2020011401010831,PRVU,34,54,"1,680",240.00,"403,200.00"
2020-01-14,2020011401011215,PRVU,42,14,400,241.00,"96,400.00"
2020-01-14,2020011401011284,RBCL,59,38,10,"8,999.00","89,990.00"
2020-01-14,2020011401011005,RBCL,3,11,10,"8,900.00","89,000.00"
2020-01-14,2020011401010870,RBCL,47,11,30,"8,900.00","267,000.00"
2020-01-14,2020011401011000,RBCLPO,59,16,25,"8,250.00","206,250.00"
2020-01-14,2020011401011014,RHPC,46,45,20,72.00,"1,440.00"
2020-01-14,2020011401010972,RHPC,33,45,10,78.00,780.00
2020-01-14,2020011401010950,RHPC,34,53,40,77.00,"3,080.00"
2020-01-14,2020011401010949,RHPC,34,37,128,77.00,"9,856.00"
2020-01-14,2020011401010881,RHPC,46,43,490,76.00,"37,240.00"
2020-01-14,2020011401010847,RHPC,46,38,990,75.00,"74,250.00"
2020-01-14,2020011401010816,RHPC,46,38,500,74.00,"37,000.00"
2020-01-14,2020011401010943,RHPC,46,59,620,76.00,"47,120.00"
2020-01-14,2020011401010942,RHPC,33,37,10,77.00,770.00
2020-01-14,2020011401010885,RHPC,46,17,"1,000",76.00,"76,000.00"
2020-01-14,2020011401010884,RHPC,46,34,500,76.00,"38,000.00"
2020-01-14,2020011401010883,RHPC,46,59,200,76.00,"15,200.00"
2020-01-14,2020011401010882,RHPC,46,47,200,76.00,"15,200.00"
2020-01-14,2020011401011236,RHPL,48,59,230,174.00,"40,020.00"
2020-01-14,2020011401011235,RHPL,34,59,120,174.00,"20,880.00"
2020-01-14,2020011401011234,RHPL,32,59,"1,000",174.00,"174,000.00"
2020-01-14,2020011401011233,RHPL,56,59,"1,000",174.00,"174,000.00"
2020-01-14,2020011401011232,RHPL,54,59,110,174.00,"19,140.00"
2020-01-14,2020011401011231,RHPL,48,59,40,175.00,"7,000.00"
2020-01-14,2020011401010825,RHPL,54,16,10,174.00,"1,740.00"
2020-01-14,2020011401011182,RHPL,48,58,410,175.00,"71,750.00"
2020-01-14,2020011401011181,RHPL,57,58,40,175.00,"7,000.00"
2020-01-14,2020011401010906,RHPL,57,22,140,175.00,"24,500.00"
2020-01-14,2020011401010905,RHPL,57,47,100,175.00,"17,500.00"
2020-01-14,2020011401010904,RHPL,57,29,10,175.00,"1,750.00"
2020-01-14,2020011401010903,RHPL,57,29,10,175.00,"1,750.00"
2020-01-14,2020011401011265,RLFL,1,14,40,121.00,"4,840.00"
2020-01-14,2020011401011151,RLFL,17,4,170,119.00,"20,230.00"
2020-01-14,2020011401011216,RRHP,45,45,10,110.00,"1,100.00"
2020-01-14,2020011401011041,RRHP,42,14,120,109.00,"13,080.00"
2020-01-14,2020011401011302,RSDC,3,52,90,410.00,"36,900.00"
2020-01-14,2020011401011245,RSDC,35,48,43,409.00,"17,587.00"
2020-01-14,2020011401011171,RSDC,6,48,50,409.00,"20,450.00"
2020-01-14,2020011401011170,RSDC,36,48,520,409.00,"212,680.00"
2020-01-14,2020011401011167,RSDC,36,49,210,409.00,"85,890.00"
2020-01-14,2020011401011166,RSDC,45,49,130,409.00,"53,170.00"
2020-01-14,2020011401010819,RSDC,25,52,100,410.00,"41,000.00"
2020-01-14,2020011401011092,RSDC,45,6,100,409.00,"40,900.00"
2020-01-14,2020011401011037,RSDC,34,52,200,410.00,"82,000.00"
2020-01-14,2020011401011022,SANIMA,50,44,500,343.00,"171,500.00"
2020-01-14,2020011401011105,SAPDBL,20,41,53,138.00,"7,314.00"
2020-01-14,2020011401011244,SBI,6,14,23,399.00,"9,177.00"
2020-01-14,2020011401011219,SBL,49,18,10,316.00,"3,160.00"
2020-01-14,2020011401011140,SBL,10,16,500,315.00,"157,500.00"
2020-01-14,2020011401011264,SCB,56,35,200,586.00,"117,200.00"
2020-01-14,2020011401010959,SCB,58,5,85,587.00,"49,895.00"
2020-01-14,2020011401010958,SCB,58,51,75,587.00,"44,025.00"
2020-01-14,2020011401010908,SDESI,25,1,16,738.00,"11,808.00"
2020-01-14,2020011401011310,SFFIL,40,52,20,215.00,"4,300.00"
2020-01-14,2020011401011309,SHIVM,57,58,10,490.00,"4,900.00"
2020-01-14,2020011401011226,SHIVM,28,46,420,485.00,"203,700.00"
2020-01-14,2020011401011225,SHIVM,34,46,300,485.00,"145,500.00"
2020-01-14,2020011401011224,SHIVM,17,46,440,485.00,"213,400.00"
2020-01-14,2020011401011223,SHIVM,58,46,100,486.00,"48,600.00"
2020-01-14,2020011401011222,SHIVM,32,46,390,486.00,"189,540.00"
2020-01-14,2020011401010813,SHIVM,51,38,350,490.00,"171,500.00"
2020-01-14,2020011401010812,SHIVM,51,53,300,490.00,"147,000.00"
2020-01-14,2020011401010811,SHIVM,51,56,200,490.00,"98,000.00"
2020-01-14,2020011401011197,SHIVM,51,58,470,490.00,"230,300.00"
2020-01-14,2020011401011152,SHIVM,51,58,"1,000",490.00,"490,000.00"
2020-01-14,2020011401011147,SHIVM,32,45,440,486.00,"213,840.00"
2020-01-14,2020011401011146,SHIVM,35,45,30,487.00,"14,610.00"
2020-01-14,2020011401010982,SHIVM,51,45,830,489.00,"405,870.00"
2020-01-14,2020011401010814,SHIVM,51,46,100,490.00,"49,000.00"
2020-01-14,2020011401011293,SHL,46,25,100,204.00,"20,400.00"
2020-01-14,2020011401011292,SHL,46,25,100,203.00,"20,300.00"
2020-01-14,2020011401011279,SHPC,46,53,794,194.00,"154,036.00"
2020-01-14,2020011401011115,SHPC,59,53,100,195.00,"19,500.00"
2020-01-14,2020011401011010,SHPC,29,53,200,195.00,"39,000.00"
2020-01-14,2020011401011009,SHPC,39,53,226,195.00,"44,070.00"
2020-01-14,2020011401011126,SIL,44,34,10,478.00,"4,780.00"
2020-01-14,2020011401011085,SIL,16,34,145,478.00,"69,310.00"
2020-01-14,2020011401011134,SINDU,34,57,10,128.00,"1,280.00"
2020-01-14,2020011401011138,SJCL,42,39,140,164.00,"22,960.00"
2020-01-14,2020011401011137,SJCL,58,39,840,164.00,"137,760.00"
2020-01-14,2020011401011221,SLBBL,57,26,10,700.00,"7,000.00"
2020-01-14,2020011401011195,SLBBL,57,49,30,695.00,"20,850.00"
2020-01-14,2020011401011240,SLBSL,48,7,20,727.00,"14,540.00"
2020-01-14,2020011401010833,SLBSL,48,11,10,727.00,"7,270.00"
2020-01-14,2020011401010832,SLBSL,38,11,130,728.00,"94,640.00"
2020-01-14,2020011401011142,SLICL,17,46,45,340.00,"15,300.00"
2020-01-14,2020011401011141,SLICL,17,36,55,340.00,"18,700.00"
2020-01-14,2020011401011080,SLICL,29,36,50,340.00,"17,000.00"
2020-01-14,2020011401010838,SLICL,44,36,20,340.00,"6,800.00"
2020-01-14,2020011401011291,SMB,57,50,20,687.00,"13,740.00"
2020-01-14,2020011401011119,SMB,6,50,50,690.00,"34,500.00"
2020-01-14,2020011401011220,SPARS,13,32,100,698.00,"69,800.00"
2020-01-14,2020011401011032,SPARS,45,32,30,701.00,"21,030.00"
2020-01-14,2020011401010929,SPARS,41,32,100,706.00,"70,600.00"
2020-01-14,2020011401010854,SPARS,45,32,70,701.00,"49,070.00"
2020-01-14,2020011401010853,SPARS,14,32,20,705.00,"14,100.00"
2020-01-14,2020011401010852,SPARS,38,32,10,706.00,"7,060.00"
2020-01-14,2020011401010937,SRBL,40,56,633,236.00,"149,388.00"
2020-01-14,2020011401010936,SRBL,49,56,239,236.00,"56,404.00"
2020-01-14,2020011401010935,SRBL,11,56,100,237.00,"23,700.00"
2020-01-14,2020011401010889,STC,19,28,180,"2,321.00","417,780.00"
2020-01-14,2020011401011060,SWBBL,4,43,327,979.00,"320,133.00"
2020-01-14,2020011401011059,SWBBL,47,43,100,979.00,"97,900.00"
2020-01-14,2020011401011058,SWBBL,22,43,73,980.00,"71,540.00"
2020-01-14,2020011401010850,SWBBL,22,32,27,980.00,"26,460.00"
2020-01-14,2020011401010815,SWBBL,22,32,50,981.00,"49,050.00"
2020-01-14,2020011401011145,TMDBL,5,47,100,172.00,"17,200.00"
2020-01-14,2020011401011144,TMDBL,5,34,"1,000",172.00,"172,000.00"
2020-01-14,2020011401011143,TMDBL,5,7,500,172.00,"86,000.00"
2020-01-14,2020011401011106,TMDBL,5,7,500,169.00,"84,500.00"
2020-01-14,2020011401010887,TMDBL,4,59,100,168.00,"16,800.00"
2020-01-14,2020011401011262,TRH,56,51,10,297.00,"2,970.00"
2020-01-14,2020011401011198,UIC,6,57,200,349.00,"69,800.00"
2020-01-14,2020011401011114,UPCL,45,34,50,74.00,"3,700.00"
2020-01-14,2020011401011194,UPPER,35,19,10,250.00,"2,500.00"
2020-01-14,2020011401011113,UPPER,58,58,20,249.00,"4,980.00"
2020-01-14,2020011401011112,UPPER,58,45,293,249.00,"72,957.00"
2020-01-14,2020011401011111,UPPER,58,52,40,249.00,"9,960.00"
2020-01-14,2020011401011110,UPPER,58,45,100,249.00,"24,900.00"
2020-01-14,2020011401010826,UPPER,1,3,40,248.00,"9,920.00"
2020-01-14,2020011401011064,WOMI,40,47,50,946.00,"47,300.00"
2020-01-14,2020011401011063,WOMI,40,25,50,945.00,"47,250.00"
2020-01-14,2020011401010932,WOMI,11,53,12,945.00,"11,340.00"
2020-01-14,2020011401010761,ADBL,58,39,82,378.00,"30,996.00"
2020-01-14,2020011401010621,ADBL,55,39,50,379.00,"18,950.00"
2020-01-14,2020011401010620,ADBL,44,39,50,379.00,"18,950.00"
2020-01-14,2020011401010590,AKJCL,52,3,10,58.00,580.00
2020-01-14,2020011401010330,AKJCL,52,36,20,58.00,"1,160.00"
2020-01-14,2020011401010801,AKPL,57,50,"1,000",134.00,"134,000.00"
2020-01-14,2020011401010767,AKPL,57,49,800,134.00,"107,200.00"
2020-01-14,2020011401010406,AKPL,57,39,"3,000",135.00,"405,000.00"
2020-01-14,2020011401010651,ALBSL,58,40,100,600.00,"60,000.00"
2020-01-14,2020011401010650,ALBSL,41,40,100,600.00,"60,000.00"
2020-01-14,2020011401010649,ALBSL,8,40,90,601.00,"54,090.00"
2020-01-14,2020011401010615,ALBSL,8,44,10,601.00,"6,010.00"
2020-01-14,2020011401010525,ALBSL,8,49,400,601.00,"240,400.00"
2020-01-14,2020011401010524,ALBSL,14,49,100,601.00,"60,100.00"
2020-01-14,2020011401010334,ALBSL,7,51,100,603.00,"60,300.00"
2020-01-14,2020011401010568,ALICL,4,8,"1,680",426.00,"715,680.00"
2020-01-14,2020011401010567,ALICL,45,8,20,427.00,"8,540.00"
2020-01-14,2020011401010566,ALICL,57,8,68,427.00,"29,036.00"
2020-01-14,2020011401010318,ALICL,57,35,132,427.00,"56,364.00"
2020-01-14,2020011401010535,API,25,40,100,123.00,"12,300.00"
2020-01-14,2020011401010482,API,58,25,500,121.00,"60,500.00"
2020-01-14,2020011401010403,API,25,45,"1,000",123.00,"123,000.00"
2020-01-14,2020011401010322,API,58,25,500,121.00,"60,500.00"
2020-01-14,2020011401010365,BBC,58,48,10,"1,923.00","19,230.00"
2020-01-14,2020011401010321,BBC,58,48,10,"1,923.00","19,230.00"
2020-01-14,2020011401010405,BFC,13,52,90,98.00,"8,820.00"
2020-01-14,2020011401010404,BFC,13,42,10,98.00,980.00
2020-01-14,2020011401010806,BOKL,26,7,22,230.00,"5,060.00"
2020-01-14,2020011401010742,BOKL,48,7,10,230.00,"2,300.00"
2020-01-14,2020011401010659,BOKL,1,44,428,229.00,"98,012.00"
2020-01-14,2020011401010658,BOKL,40,44,102,229.00,"23,358.00"
2020-01-14,2020011401010631,BOKL,40,13,150,229.00,"34,350.00"
2020-01-14,2020011401010599,CBBL,41,34,52,884.00,"45,968.00"
2020-01-14,2020011401010598,CBBL,26,34,14,885.00,"12,390.00"
2020-01-14,2020011401010597,CBBL,1,34,60,885.00,"53,100.00"
2020-01-14,2020011401010596,CBBL,36,34,24,885.00,"21,240.00"
2020-01-14,2020011401010707,CBL,45,17,592,139.00,"82,288.00"
2020-01-14,2020011401010338,CBL,50,26,100,140.00,"14,000.00"
2020-01-14,2020011401010727,CCBL,4,17,11,179.00,"1,969.00"
2020-01-14,2020011401010656,CCBL,39,52,295,180.00,"53,100.00"
2020-01-14,2020011401010655,CCBL,39,56,705,180.00,"126,900.00"
2020-01-14,2020011401010358,CCBL,4,47,300,179.00,"53,700.00"
2020-01-14,2020011401010357,CCBL,4,47,200,179.00,"35,800.00"
2020-01-14,2020011401010360,CCBL,4,43,25,179.00,"4,475.00"
2020-01-14,2020011401010518,CFCL,4,56,111,145.00,"16,095.00"
2020-01-14,2020011401010517,CFCL,4,56,41,145.00,"5,945.00"
2020-01-14,2020011401010516,CFCL,4,46,200,145.00,"29,000.00"
2020-01-14,2020011401010515,CFCL,4,34,25,145.00,"3,625.00"
2020-01-14,2020011401010514,CFCL,4,17,"1,000",144.00,"144,000.00"
2020-01-14,2020011401010513,CFCL,4,32,200,143.00,"28,600.00"
2020-01-14,2020011401010512,CFCL,4,7,405,143.00,"57,915.00"
2020-01-14,2020011401010786,CHCL,34,34,1,417.00,417.00
2020-01-14,2020011401010759,CIT,40,19,50,"2,223.00","111,150.00"
2020-01-14,2020011401010491,CIT,58,35,15,"2,230.00","33,450.00"
2020-01-14,2020011401010462,CIT,10,33,68,"2,200.00","149,600.00"
2020-01-14,2020011401010461,CIT,52,33,100,"2,200.00","220,000.00"
2020-01-14,2020011401010460,CIT,33,33,10,"2,200.00","22,000.00"
2020-01-14,2020011401010459,CIT,51,33,55,"2,201.00","121,055.00"
2020-01-14,2020011401010452,CIT,40,33,47,"2,207.00","103,729.00"
2020-01-14,2020011401010451,CIT,38,33,50,"2,210.00","110,500.00"
2020-01-14,2020011401010320,CIT,5,49,55,"2,229.00","122,595.00"
2020-01-14,2020011401010458,CIT,50,33,10,"2,201.00","22,010.00"
2020-01-14,2020011401010457,CIT,21,33,10,"2,202.00","22,020.00"
2020-01-14,2020011401010456,CIT,38,33,200,"2,202.00","440,400.00"
2020-01-14,2020011401010455,CIT,29,33,20,"2,204.00","44,080.00"
2020-01-14,2020011401010454,CIT,34,33,330,"2,204.00","727,320.00"
2020-01-14,2020011401010453,CIT,7,33,100,"2,205.00","220,500.00"
2020-01-14,2020011401010782,CZBIL,42,51,444,200.00,"88,800.00"
2020-01-14,2020011401010758,CZBIL,33,17,294,198.00,"58,212.00"
2020-01-14,2020011401010757,CZBIL,46,17,50,198.00,"9,900.00"
2020-01-14,2020011401010756,CZBIL,25,17,171,199.00,"34,029.00"
2020-01-14,2020011401010755,CZBIL,48,51,10,200.00,"2,000.00"
2020-01-14,2020011401010633,CZBIL,25,3,10,199.00,"1,990.00"
2020-01-14,2020011401010540,CZBIL,25,58,19,199.00,"3,781.00"
2020-01-14,2020011401010539,CZBIL,4,58,40,199.00,"7,960.00"
2020-01-14,2020011401010538,CZBIL,19,58,300,199.00,"59,700.00"
2020-01-14,2020011401010537,CZBIL,48,58,641,199.00,"127,559.00"
2020-01-14,2020011401010672,DBBL,17,32,269,141.00,"37,929.00"
2020-01-14,2020011401010671,DBBL,39,32,131,142.00,"18,602.00"
2020-01-14,2020011401010741,DDBL,49,34,203,"1,020.00","207,060.00"
2020-01-14,2020011401010740,DDBL,52,34,100,"1,020.00","102,000.00"
2020-01-14,2020011401010739,DDBL,49,34,500,"1,020.00","510,000.00"
2020-01-14,2020011401010738,DDBL,47,34,100,"1,021.00","102,100.00"
2020-01-14,2020011401010737,DDBL,8,34,197,"1,021.00","201,137.00"
2020-01-14,2020011401010736,DDBL,4,34,400,"1,023.00","409,200.00"
2020-01-14,2020011401010735,DDBL,4,34,500,"1,024.00","512,000.00"
2020-01-14,2020011401010588,DDBL,4,7,100,"1,023.00","102,300.00"
2020-01-14,2020011401010417,EBL,28,57,118,595.00,"70,210.00"
2020-01-14,2020011401010416,EBL,45,57,50,595.00,"29,750.00"
2020-01-14,2020011401010311,EBL,19,57,407,597.00,"242,979.00"
2020-01-14,2020011401010415,EBL,17,57,100,596.00,"59,600.00"
2020-01-14,2020011401010414,EBL,57,57,332,596.00,"197,872.00"
2020-01-14,2020011401010413,EBL,11,57,100,597.00,"59,700.00"
2020-01-14,2020011401010328,EBL,56,57,93,597.00,"55,521.00"
2020-01-14,2020011401010313,EBL,59,57,500,597.00,"298,500.00"
2020-01-14,2020011401010312,EBL,19,57,500,597.00,"298,500.00"
2020-01-14,2020011401010549,EDBL,4,37,111,324.00,"35,964.00"
2020-01-14,2020011401010548,EDBL,33,37,39,324.00,"12,636.00"
2020-01-14,2020011401010797,EIC,44,35,200,322.00,"64,400.00"
2020-01-14,2020011401010325,EIC,53,58,"1,000",323.00,"323,000.00"
2020-01-14,2020011401010324,EIC,58,45,124,320.00,"39,680.00"
2020-01-14,2020011401010323,EIC,19,45,276,320.00,"88,320.00"
2020-01-14,2020011401010802,FMDBL,57,17,200,412.00,"82,400.00"
2020-01-14,2020011401010796,FMDBL,57,41,50,412.00,"20,600.00"
2020-01-14,2020011401010748,FMDBL,42,56,70,411.00,"28,770.00"
2020-01-14,2020011401010532,FMDBL,42,6,87,411.00,"35,757.00"
2020-01-14,2020011401010531,FMDBL,32,6,30,411.00,"12,330.00"
2020-01-14,2020011401010472,FMDBL,42,34,50,416.00,"20,800.00"
2020-01-14,2020011401010395,FMDBL,42,36,100,415.00,"41,500.00"
2020-01-14,2020011401010394,FMDBL,42,34,100,415.00,"41,500.00"
2020-01-14,2020011401010393,FMDBL,42,35,300,415.00,"124,500.00"
2020-01-14,2020011401010392,FMDBL,42,17,585,414.00,"242,190.00"
2020-01-14,2020011401010391,FMDBL,42,44,128,414.00,"52,992.00"
2020-01-14,2020011401010401,FMDBL,42,21,50,416.00,"20,800.00"
2020-01-14,2020011401010400,FMDBL,42,42,300,416.00,"124,800.00"
2020-01-14,2020011401010399,FMDBL,42,7,100,416.00,"41,600.00"
2020-01-14,2020011401010398,FMDBL,42,36,250,416.00,"104,000.00"
2020-01-14,2020011401010397,FMDBL,42,57,300,416.00,"124,800.00"
2020-01-14,2020011401010396,FMDBL,42,58,375,416.00,"156,000.00"
2020-01-14,2020011401010776,FOWAD,40,29,24,"1,209.00","29,016.00"
2020-01-14,2020011401010775,FOWAD,47,29,25,"1,210.00","30,250.00"
2020-01-14,2020011401010774,FOWAD,33,29,10,"1,210.00","12,100.00"
2020-01-14,2020011401010773,FOWAD,14,29,25,"1,212.00","30,300.00"
2020-01-14,2020011401010772,FOWAD,58,29,11,"1,213.00","13,343.00"
2020-01-14,2020011401010629,GBBL,4,17,303,225.00,"68,175.00"
2020-01-14,2020011401010628,GBBL,4,17,197,225.00,"44,325.00"
2020-01-14,2020011401010369,GBBL,41,1,100,226.00,"22,600.00"
2020-01-14,2020011401010522,GBLBS,18,34,25,405.00,"10,125.00"
2020-01-14,2020011401010521,GBLBS,18,13,15,405.00,"6,075.00"
2020-01-14,2020011401010520,GBLBS,18,6,100,405.00,"40,500.00"
2020-01-14,2020011401010476,GBLBS,42,6,100,405.00,"40,500.00"
2020-01-14,2020011401010335,GBLBS,13,13,100,404.00,"40,400.00"
2020-01-14,2020011401010768,GGBSL,3,38,10,855.00,"8,550.00"
2020-01-14,2020011401010703,GGBSL,3,22,50,850.00,"42,500.00"
2020-01-14,2020011401010730,GILB,22,55,62,"1,110.00","68,820.00"
2020-01-14,2020011401010602,GILB,34,55,34,"1,116.00","37,944.00"
2020-01-14,2020011401010450,GILB,34,14,139,"1,116.00","155,124.00"
2020-01-14,2020011401010449,GILB,34,44,327,"1,115.00","364,605.00"
2020-01-14,2020011401010448,GILB,34,34,200,"1,114.00","222,800.00"
2020-01-14,2020011401010447,GILB,34,52,300,"1,113.00","333,900.00"
2020-01-14,2020011401010612,GLBSL,5,17,30,596.00,"17,880.00"
2020-01-14,2020011401010611,GLBSL,42,17,90,596.00,"53,640.00"
2020-01-14,2020011401010784,GLICL,34,7,293,531.00,"155,583.00"
2020-01-14,2020011401010783,GLICL,56,7,82,531.00,"43,542.00"
2020-01-14,2020011401010731,GLICL,43,34,100,537.00,"53,700.00"
2020-01-14,2020011401010632,GLICL,56,26,300,531.00,"159,300.00"
2020-01-14,2020011401010556,GLICL,56,48,50,531.00,"26,550.00"
2020-01-14,2020011401010787,GMFBS,57,32,40,678.00,"27,120.00"
2020-01-14,2020011401010613,GMFBS,57,6,10,678.00,"6,780.00"
2020-01-14,2020011401010509,GMFBS,59,32,100,680.00,"68,000.00"
2020-01-14,2020011401010508,GMFBS,48,32,25,680.00,"17,000.00"
2020-01-14,2020011401010367,GMFBS,48,14,100,680.00,"68,000.00"
2020-01-14,2020011401010366,GMFBS,6,14,200,681.00,"136,200.00"
2020-01-14,2020011401010729,GRDBL,13,49,150,109.00,"16,350.00"
2020-01-14,2020011401010728,GRDBL,52,49,50,110.00,"5,500.00"
2020-01-14,2020011401010329,GRDBL,52,7,50,111.00,"5,550.00"
2020-01-14,2020011401010733,GUFL,25,51,500,122.00,"61,000.00"
2020-01-14,2020011401010781,HDL,28,58,25,"1,240.00","31,000.00"
2020-01-14,2020011401010780,HDL,28,57,50,"1,240.00","62,000.00"
2020-01-14,2020011401010779,HDL,28,46,250,"1,239.00","309,750.00"
2020-01-14,2020011401010778,HDL,28,54,200,"1,230.00","246,000.00"
2020-01-14,2020011401010777,HDL,28,37,75,"1,228.00","92,100.00"
2020-01-14,2020011401010639,HDL,14,54,101,"1,220.00","123,220.00"
2020-01-14,2020011401010638,HDL,45,54,100,"1,220.00","122,000.00"
2020-01-14,2020011401010637,HDL,34,54,200,"1,221.00","244,200.00"
2020-01-14,2020011401010636,HDL,59,54,99,"1,221.00","120,879.00"
2020-01-14,2020011401010527,HDL,59,33,65,"1,221.00","79,365.00"
2020-01-14,2020011401010526,HDL,43,33,35,"1,221.00","42,735.00"
2020-01-14,2020011401010606,HIDCL,45,19,339,140.00,"47,460.00"
2020-01-14,2020011401010605,HIDCL,43,19,161,140.00,"22,540.00"
2020-01-14,2020011401010587,HIDCL,43,19,"1,000",140.00,"140,000.00"
2020-01-14,2020011401010473,HIDCL,43,16,300,140.00,"42,000.00"
2020-01-14,2020011401010715,HURJA,49,37,20,108.00,"2,160.00"
2020-01-14,2020011401010732,ILBS,51,49,50,674.00,"33,700.00"
2020-01-14,2020011401010500,ILBS,51,39,10,671.00,"6,710.00"
2020-01-14,2020011401010336,ILBS,51,50,10,674.00,"6,740.00"
2020-01-14,2020011401010378,JBBL,6,11,25,162.00,"4,050.00"
2020-01-14,2020011401010610,JFL,58,56,67,170.00,"11,390.00"
2020-01-14,2020011401010595,JOSHI,6,21,20,62.00,"1,240.00"
2020-01-14,2020011401010559,JOSHI,6,36,10,62.00,620.00
2020-01-14,2020011401010646,JSLBB,7,29,33,"1,391.00","45,903.00"
2020-01-14,2020011401010645,JSLBB,7,38,35,"1,390.00","48,650.00"
2020-01-14,2020011401010622,JSLBB,7,11,22,"1,383.00","30,426.00"
2020-01-14,2020011401010553,JSLBB,44,29,100,"1,383.00","138,300.00"
2020-01-14,2020011401010389,JSLBB,34,38,100,"1,384.00","138,400.00"
2020-01-14,2020011401010388,JSLBB,55,38,15,"1,384.00","20,760.00"
2020-01-14,2020011401010387,JSLBB,47,38,50,"1,385.00","69,250.00"
2020-01-14,2020011401010386,JSLBB,45,38,100,"1,386.00","138,600.00"
2020-01-14,2020011401010726,KADBL,59,44,80,263.00,"21,040.00"
2020-01-14,2020011401010499,KBL,42,25,200,193.00,"38,600.00"
2020-01-14,2020011401010670,KPCL,22,3,10,90.00,900.00
2020-01-14,2020011401010577,KPCL,22,36,10,90.00,900.00
2020-01-14,2020011401010468,KPCL,22,22,270,90.00,"24,300.00"
2020-01-14,2020011401010319,KPCL,36,19,10,91.00,910.00
2020-01-14,2020011401010485,LBBL,43,35,850,184.00,"156,400.00"
2020-01-14,2020011401010706,LBL,41,48,293,206.00,"60,358.00"
2020-01-14,2020011401010630,LBL,58,48,412,205.00,"84,460.00"
2020-01-14,2020011401010804,LGIL,6,45,31,386.00,"11,966.00"
2020-01-14,2020011401010803,LGIL,33,45,469,386.00,"181,034.00"
2020-01-14,2020011401010699,LGIL,33,52,31,386.00,"11,966.00"
2020-01-14,2020011401010698,LGIL,1,52,44,386.00,"16,984.00"
2020-01-14,2020011401010682,LLBS,34,49,50,870.00,"43,500.00"
2020-01-14,2020011401010584,LLBS,34,48,200,870.00,"174,000.00"
2020-01-14,2020011401010583,LLBS,58,48,100,871.00,"87,100.00"
2020-01-14,2020011401010351,MDB,4,45,500,289.00,"144,500.00"
2020-01-14,2020011401010350,MDB,4,34,291,289.00,"84,099.00"
2020-01-14,2020011401010333,MDB,4,32,60,288.00,"17,280.00"
2020-01-14,2020011401010332,MDB,4,43,100,288.00,"28,800.00"
2020-01-14,2020011401010331,MDB,4,6,200,288.00,"57,600.00"
2020-01-14,2020011401010576,MEGA,17,6,101,200.00,"20,200.00"
2020-01-14,2020011401010349,MEGA,17,11,25,200.00,"5,000.00"
2020-01-14,2020011401010547,MERO,38,32,20,602.00,"12,040.00"
2020-01-14,2020011401010546,MERO,38,58,100,602.00,"60,200.00"
2020-01-14,2020011401010545,MERO,42,16,13,601.00,"7,813.00"
2020-01-14,2020011401010544,MERO,56,16,17,601.00,"10,217.00"
2020-01-14,2020011401010377,MERO,56,38,46,601.00,"27,646.00"
2020-01-14,2020011401010370,MERO,56,16,37,601.00,"22,237.00"
2020-01-14,2020011401010356,MERO,51,10,286,600.00,"171,600.00"
2020-01-14,2020011401010355,MERO,32,10,214,600.00,"128,400.00"
2020-01-14,2020011401010681,MFIL,38,34,238,168.00,"39,984.00"
2020-01-14,2020011401010614,MLBBL,43,11,19,603.00,"11,457.00"
2020-01-14,2020011401010477,MLBBL,43,48,30,603.00,"18,090.00"
2020-01-14,2020011401010440,MNBBL,33,48,324,304.00,"98,496.00"
2020-01-14,2020011401010439,MNBBL,4,48,"1,000",304.00,"304,000.00"
2020-01-14,2020011401010438,MNBBL,52,48,200,304.00,"60,800.00"
2020-01-14,2020011401010437,MNBBL,45,48,400,305.00,"122,000.00"
2020-01-14,2020011401010436,MNBBL,43,48,500,305.00,"152,500.00"
2020-01-14,2020011401010423,MNBBL,35,48,200,306.00,"61,200.00"
2020-01-14,2020011401010422,MNBBL,56,48,100,306.00,"30,600.00"
2020-01-14,2020011401010421,MNBBL,48,48,100,306.00,"30,600.00"
2020-01-14,2020011401010420,MNBBL,58,48,150,306.00,"45,900.00"
2020-01-14,2020011401010429,MNBBL,56,48,100,305.00,"30,500.00"
2020-01-14,2020011401010428,MNBBL,43,48,50,305.00,"15,250.00"
2020-01-14,2020011401010427,MNBBL,29,48,500,305.00,"152,500.00"
2020-01-14,2020011401010426,MNBBL,37,48,50,305.00,"15,250.00"
2020-01-14,2020011401010425,MNBBL,40,48,100,305.00,"30,500.00"
2020-01-14,2020011401010424,MNBBL,50,48,146,305.00,"44,530.00"
2020-01-14,2020011401010435,MNBBL,34,48,100,305.00,"30,500.00"
2020-01-14,2020011401010434,MNBBL,28,48,500,305.00,"152,500.00"
2020-01-14,2020011401010433,MNBBL,48,48,30,305.00,"9,150.00"
2020-01-14,2020011401010432,MNBBL,42,48,50,305.00,"15,250.00"
2020-01-14,2020011401010431,MNBBL,58,48,100,305.00,"30,500.00"
2020-01-14,2020011401010430,MNBBL,25,48,300,305.00,"91,500.00"
2020-01-14,2020011401010677,NABIL,19,16,18,729.00,"13,122.00"
2020-01-14,2020011401010442,NABIL,19,54,469,729.00,"341,901.00"
2020-01-14,2020011401010441,NABIL,59,54,31,729.00,"22,599.00"
2020-01-14,2020011401010410,NABIL,59,28,119,729.00,"86,751.00"
2020-01-14,2020011401010409,NABIL,38,28,10,729.00,"7,290.00"
2020-01-14,2020011401010408,NABIL,55,28,21,729.00,"15,309.00"
2020-01-14,2020011401010337,NABIL,11,35,100,730.00,"73,000.00"
2020-01-14,2020011401010807,NADEP,43,42,16,608.00,"9,728.00"
2020-01-14,2020011401010745,NADEP,25,40,100,609.00,"60,900.00"
2020-01-14,2020011401010744,NADEP,16,40,27,609.00,"16,443.00"
2020-01-14,2020011401010743,NADEP,7,40,23,610.00,"14,030.00"
2020-01-14,2020011401010692,NADEP,54,3,23,610.00,"14,030.00"
2020-01-14,2020011401010667,NADEP,54,32,26,610.00,"15,860.00"
2020-01-14,2020011401010666,NADEP,54,32,50,610.00,"30,500.00"
2020-01-14,2020011401010665,NADEP,8,32,24,610.00,"14,640.00"
2020-01-14,2020011401010345,NADEP,16,7,23,609.00,"14,007.00"
2020-01-14,2020011401010785,NBL,25,39,700,276.00,"193,200.00"
2020-01-14,2020011401010647,NBL,25,22,500,276.00,"138,000.00"
2020-01-14,2020011401010542,NBL,25,22,589,276.00,"162,564.00"
2020-01-14,2020011401010480,NBL,35,22,50,276.00,"13,800.00"
2020-01-14,2020011401010479,NBL,43,22,100,276.00,"27,600.00"
2020-01-14,2020011401010478,NBL,19,22,161,276.00,"44,436.00"
2020-01-14,2020011401010327,NBL,19,33,139,276.00,"38,364.00"
2020-01-14,2020011401010326,NBL,29,33,361,276.00,"99,636.00"
2020-01-14,2020011401010721,NCCB,50,16,10,218.00,"2,180.00"
2020-01-14,2020011401010552,NCCB,50,19,455,218.00,"99,190.00"
2020-01-14,2020011401010551,NCCB,49,19,45,218.00,"9,810.00"
2020-01-14,2020011401010534,NCCB,49,19,55,218.00,"11,990.00"
2020-01-14,2020011401010533,NCCB,48,19,445,218.00,"97,010.00"
2020-01-14,2020011401010316,NCCB,25,5,100,219.00,"21,900.00"
2020-01-14,2020011401010446,NGPL,45,42,424,115.00,"48,760.00"
2020-01-14,2020011401010445,NGPL,41,42,53,115.00,"6,095.00"
2020-01-14,2020011401010444,NGPL,13,42,500,116.00,"58,000.00"
2020-01-14,2020011401010495,NIB,37,10,40,404.00,"16,160.00"
2020-01-14,2020011401010494,NIB,34,10,60,404.00,"24,240.00"
2020-01-14,2020011401010376,NIB,54,22,20,405.00,"8,100.00"
2020-01-14,2020011401010354,NIB,54,10,280,405.00,"113,400.00"
2020-01-14,2020011401010353,NIB,42,10,20,405.00,"8,100.00"
2020-01-14,2020011401010352,NIB,45,10,100,405.00,"40,500.00"
2020-01-14,2020011401010788,NICA,58,16,10,443.00,"4,430.00"
2020-01-14,2020011401010720,NICA,58,6,225,443.00,"99,675.00"
2020-01-14,2020011401010601,NICA,26,48,100,444.00,"44,400.00"
2020-01-14,2020011401010498,NICA,58,46,350,443.00,"155,050.00"
2020-01-14,2020011401010497,NICA,17,46,50,443.00,"22,150.00"
2020-01-14,2020011401010496,NICA,28,46,600,443.00,"265,800.00"
2020-01-14,2020011401010467,NICA,28,57,400,443.00,"177,200.00"
2020-01-14,2020011401010466,NICA,34,57,500,443.00,"221,500.00"
2020-01-14,2020011401010465,NICA,14,57,400,443.00,"177,200.00"
2020-01-14,2020011401010464,NICA,51,57,200,443.00,"88,600.00"
2020-01-14,2020011401010385,NICA,39,48,500,444.00,"222,000.00"
2020-01-14,2020011401010752,NICL,36,44,675,332.00,"224,100.00"
2020-01-14,2020011401010751,NICL,57,44,100,333.00,"33,300.00"
2020-01-14,2020011401010717,NICL,36,7,268,332.00,"88,976.00"
2020-01-14,2020011401010716,NICL,36,7,732,332.00,"243,024.00"
2020-01-14,2020011401010662,NICL,36,52,300,332.00,"99,600.00"
2020-01-14,2020011401010661,NICL,51,52,200,333.00,"66,600.00"
2020-01-14,2020011401010574,NICL,35,44,400,332.00,"132,800.00"
2020-01-14,2020011401010573,NICL,21,44,100,332.00,"33,200.00"
2020-01-14,2020011401010572,NICL,10,44,400,332.00,"132,800.00"
2020-01-14,2020011401010569,NICL,36,53,407,333.00,"135,531.00"
2020-01-14,2020011401010623,NICL,36,44,868,332.00,"288,176.00"
2020-01-14,2020011401010575,NICL,36,44,100,332.00,"33,200.00"
2020-01-14,2020011401010795,NIL,14,6,37,419.00,"15,503.00"
2020-01-14,2020011401010794,NIL,29,6,70,419.00,"29,330.00"
2020-01-14,2020011401010680,NIL,34,44,30,420.00,"12,600.00"
2020-01-14,2020011401010679,NIL,3,44,200,420.00,"84,000.00"
2020-01-14,2020011401010627,NIL,17,16,50,420.00,"21,000.00"
2020-01-14,2020011401010626,NIL,52,16,100,420.00,"42,000.00"
2020-01-14,2020011401010341,NIL,21,21,100,421.00,"42,100.00"
2020-01-14,2020011401010340,NIL,17,21,43,421.00,"18,103.00"
2020-01-14,2020011401010625,NIL,46,16,50,420.00,"21,000.00"
2020-01-14,2020011401010624,NIL,57,16,193,420.00,"81,060.00"
2020-01-14,2020011401010560,NIL,57,38,300,421.00,"126,300.00"
2020-01-14,2020011401010344,NIL,57,21,207,420.00,"86,940.00"
2020-01-14,2020011401010343,NIL,57,21,100,420.00,"42,000.00"
2020-01-14,2020011401010342,NIL,17,21,50,421.00,"21,050.00"
2020-01-14,2020011401010747,NLBBL,41,32,100,626.00,"62,600.00"
2020-01-14,2020011401010712,NLIC,45,52,100,999.00,"99,900.00"
2020-01-14,2020011401010675,NLIC,4,14,27,"1,000.00","27,000.00"
2020-01-14,2020011401010581,NLIC,4,58,100,"1,000.00","100,000.00"
2020-01-14,2020011401010580,NLIC,4,6,443,"1,000.00","443,000.00"
2020-01-14,2020011401010579,NLIC,4,49,130,"1,000.00","130,000.00"
2020-01-14,2020011401010474,NLIC,55,49,20,"1,000.00","20,000.00"
2020-01-14,2020011401010384,NLIC,4,49,500,"1,000.00","500,000.00"
2020-01-14,2020011401010383,NLIC,4,56,151,"1,000.00","151,000.00"
2020-01-14,2020011401010382,NLIC,4,19,81,"1,000.00","81,000.00"
2020-01-14,2020011401010381,NLIC,4,25,60,"1,000.00","60,000.00"
2020-01-14,2020011401010380,NLIC,4,40,43,"1,000.00","43,000.00"
2020-01-14,2020011401010402,NLICL,58,26,200,558.00,"111,600.00"
2020-01-14,2020011401010709,NMB,33,44,190,358.00,"68,020.00"
2020-01-14,2020011401010708,NMB,55,44,116,358.00,"41,528.00"
2020-01-14,2020011401010493,NMB,55,57,84,358.00,"30,072.00"
2020-01-14,2020011401010492,NMB,8,57,116,358.00,"41,528.00"
2020-01-14,2020011401010375,NMB,8,58,84,358.00,"30,072.00"
2020-01-14,2020011401010374,NMB,42,58,500,358.00,"179,000.00"
2020-01-14,2020011401010373,NMB,52,58,100,358.00,"35,800.00"
2020-01-14,2020011401010372,NMB,47,58,16,358.00,"5,728.00"
2020-01-14,2020011401010664,NMBMF,42,41,250,800.00,"200,000.00"
2020-01-14,2020011401010663,NMBMF,42,37,15,800.00,"12,000.00"
2020-01-14,2020011401010582,NMBMF,42,17,200,799.00,"159,800.00"
2020-01-14,2020011401010691,NMFBS,33,51,15,"1,383.00","20,745.00"
2020-01-14,2020011401010722,NNLB,45,17,90,625.00,"56,250.00"
2020-01-14,2020011401010789,NUBL,4,49,50,904.00,"45,200.00"
2020-01-14,2020011401010555,NUBL,4,50,400,903.00,"361,200.00"
2020-01-14,2020011401010503,NUBL,4,50,200,903.00,"180,600.00"
2020-01-14,2020011401010502,NUBL,4,50,"1,000",903.00,"903,000.00"
2020-01-14,2020011401010501,NUBL,52,50,300,904.00,"271,200.00"
2020-01-14,2020011401010361,OHL,34,38,225,492.00,"110,700.00"
2020-01-14,2020011401010315,OHL,34,45,775,492.00,"381,300.00"
2020-01-14,2020011401010314,OHL,34,45,25,493.00,"12,325.00"
2020-01-14,2020011401010760,PIC,17,14,10,482.00,"4,820.00"
2020-01-14,2020011401010713,PIC,49,14,50,482.00,"24,100.00"
2020-01-14,2020011401010561,PIC,45,35,26,480.00,"12,480.00"
2020-01-14,2020011401010471,PIC,17,1,22,478.00,"10,516.00"
2020-01-14,2020011401010470,PIC,40,1,28,478.00,"13,384.00"
2020-01-14,2020011401010766,PICL,4,38,200,550.00,"110,000.00"
2020-01-14,2020011401010683,PICL,4,38,100,550.00,"55,000.00"
2020-01-14,2020011401010644,PICL,4,16,40,550.00,"22,000.00"
2020-01-14,2020011401010589,PICL,45,16,20,550.00,"11,000.00"
2020-01-14,2020011401010694,PLIC,16,36,72,417.00,"30,024.00"
2020-01-14,2020011401010641,PLIC,17,14,132,415.00,"54,780.00"
2020-01-14,2020011401010640,PLIC,37,14,68,415.00,"28,220.00"
2020-01-14,2020011401010463,PLIC,45,36,28,417.00,"11,676.00"
2020-01-14,2020011401010412,PLIC,37,34,70,415.00,"29,050.00"
2020-01-14,2020011401010411,PLIC,37,17,12,415.00,"4,980.00"
2020-01-14,2020011401010668,PRIN,58,38,500,381.00,"190,500.00"
2020-01-14,2020011401010603,PRIN,26,6,100,382.00,"38,200.00"
2020-01-14,2020011401010570,PROFL,34,32,10,104.00,"1,040.00"
2020-01-14,2020011401010554,PROFL,34,25,30,103.00,"3,090.00"
2020-01-14,2020011401010359,PROFL,56,25,20,103.00,"2,060.00"
2020-01-14,2020011401010793,PRVU,47,10,331,239.00,"79,109.00"
2020-01-14,2020011401010792,PRVU,54,10,100,239.00,"23,900.00"
2020-01-14,2020011401010791,PRVU,26,10,500,239.00,"119,500.00"
2020-01-14,2020011401010790,PRVU,29,10,69,239.00,"16,491.00"
2020-01-14,2020011401010654,PRVU,28,51,700,240.00,"168,000.00"
2020-01-14,2020011401010653,PRVU,28,58,100,240.00,"24,000.00"
2020-01-14,2020011401010652,PRVU,28,17,700,240.00,"168,000.00"
2020-01-14,2020011401010543,PRVU,42,17,300,240.00,"72,000.00"
2020-01-14,2020011401010704,RADHI,51,14,12,156.00,"1,872.00"
2020-01-14,2020011401010754,RBCL,47,40,20,"8,900.00","178,000.00"
2020-01-14,2020011401010753,RBCL,3,40,10,"8,901.00","89,010.00"
2020-01-14,2020011401010684,RBCL,3,42,70,"8,901.00","623,070.00"
2020-01-14,2020011401010725,RHPL,54,58,380,174.00,"66,120.00"
2020-01-14,2020011401010724,RHPL,13,58,500,174.00,"87,000.00"
2020-01-14,2020011401010723,RHPL,29,58,120,174.00,"20,880.00"
2020-01-14,2020011401010711,RHPL,29,3,10,174.00,"1,740.00"
2020-01-14,2020011401010586,RHPL,29,44,20,174.00,"3,480.00"
2020-01-14,2020011401010519,RLFL,13,14,10,121.00,"1,210.00"
2020-01-14,2020011401010592,RMDC,14,59,10,630.00,"6,300.00"
2020-01-14,2020011401010507,RMDC,55,53,25,618.00,"15,450.00"
2020-01-14,2020011401010506,RMDC,45,53,250,618.00,"154,500.00"
2020-01-14,2020011401010505,RMDC,19,53,25,619.00,"15,475.00"
2020-01-14,2020011401010550,RRHP,45,14,30,109.00,"3,270.00"
2020-01-14,2020011401010490,RRHP,42,7,"1,000",107.00,"107,000.00"
2020-01-14,2020011401010469,RSDC,45,42,108,409.00,"44,172.00"
2020-01-14,2020011401010800,SABSL,59,57,10,725.00,"7,250.00"
2020-01-14,2020011401010771,SABSL,59,57,40,725.00,"29,000.00"
2020-01-14,2020011401010770,SABSL,59,59,60,720.00,"43,200.00"
2020-01-14,2020011401010769,SABSL,59,28,10,719.00,"7,190.00"
2020-01-14,2020011401010678,SABSL,25,47,10,718.00,"7,180.00"
2020-01-14,2020011401010600,SABSL,7,28,70,719.00,"50,330.00"
2020-01-14,2020011401010594,SABSL,7,42,10,719.00,"7,190.00"
2020-01-14,2020011401010564,SABSL,7,42,10,719.00,"7,190.00"
2020-01-14,2020011401010317,SABSL,7,44,10,720.00,"7,200.00"
2020-01-14,2020011401010407,SADBL,50,14,86,144.00,"12,384.00"
2020-01-14,2020011401010697,SANIMA,29,39,84,344.00,"28,896.00"
2020-01-14,2020011401010696,SANIMA,29,55,"1,250",344.00,"430,000.00"
2020-01-14,2020011401010695,SANIMA,29,37,166,343.00,"56,938.00"
2020-01-14,2020011401010483,SANIMA,58,46,150,342.00,"51,300.00"
2020-01-14,2020011401010669,SAPDBL,20,43,30,138.00,"4,140.00"
2020-01-14,2020011401010693,SBL,10,49,68,315.00,"21,420.00"
2020-01-14,2020011401010558,SBL,57,49,50,315.00,"15,750.00"
2020-01-14,2020011401010557,SBL,4,49,19,315.00,"5,985.00"
2020-01-14,2020011401010484,SBL,4,47,100,315.00,"31,500.00"
2020-01-14,2020011401010710,SCB,38,6,350,585.00,"204,750.00"
2020-01-14,2020011401010536,SCB,17,51,25,587.00,"14,675.00"
2020-01-14,2020011401010676,SDESI,25,39,13,739.00,"9,607.00"
2020-01-14,2020011401010571,SFFIL,11,52,67,219.00,"14,673.00"
2020-01-14,2020011401010609,SHINE,50,48,90,256.00,"23,040.00"
2020-01-14,2020011401010608,SHINE,50,42,"1,000",256.00,"256,000.00"
2020-01-14,2020011401010607,SHINE,50,45,346,256.00,"88,576.00"
2020-01-14,2020011401010591,SHINE,49,32,70,255.00,"17,850.00"
2020-01-14,2020011401010810,SHIVM,51,49,20,490.00,"9,800.00"
2020-01-14,2020011401010809,SHIVM,51,7,200,490.00,"98,000.00"
2020-01-14,2020011401010798,SHIVM,51,58,480,489.00,"234,720.00"
2020-01-14,2020011401010765,SHIVM,51,56,200,489.00,"97,800.00"
2020-01-14,2020011401010764,SHIVM,51,26,200,489.00,"97,800.00"
2020-01-14,2020011401010763,SHIVM,51,34,120,488.00,"58,560.00"
2020-01-14,2020011401010750,SHIVM,32,26,370,486.00,"179,820.00"
2020-01-14,2020011401010749,SHIVM,53,26,30,486.00,"14,580.00"
2020-01-14,2020011401010419,SHIVM,53,6,270,486.00,"131,220.00"
2020-01-14,2020011401010418,SHIVM,32,6,80,486.00,"38,880.00"
2020-01-14,2020011401010371,SHIVM,50,26,639,487.00,"311,193.00"
2020-01-14,2020011401010648,SHL,14,46,200,202.00,"40,400.00"
2020-01-14,2020011401010585,SHL,14,14,297,202.00,"59,994.00"
2020-01-14,2020011401010674,SHPC,39,28,274,195.00,"53,430.00"
2020-01-14,2020011401010673,SHPC,45,28,325,195.00,"63,375.00"
2020-01-14,2020011401010635,SHPC,45,28,175,195.00,"34,125.00"
2020-01-14,2020011401010634,SHPC,34,28,200,195.00,"39,000.00"
2020-01-14,2020011401010578,SHPC,17,28,60,196.00,"11,760.00"
2020-01-14,2020011401010510,SHPC,13,28,300,196.00,"58,800.00"
2020-01-14,2020011401010657,SICL,35,40,420,940.00,"394,800.00"
2020-01-14,2020011401010619,SIFC,4,8,"4,000",150.00,"600,000.00"
2020-01-14,2020011401010618,SIL,16,34,75,475.00,"35,625.00"
2020-01-14,2020011401010617,SIL,16,43,35,475.00,"16,625.00"
2020-01-14,2020011401010541,SIL,45,34,25,475.00,"11,875.00"
2020-01-14,2020011401010734,SJCL,58,3,20,164.00,"3,280.00"
2020-01-14,2020011401010616,SJCL,56,56,20,165.00,"3,300.00"
2020-01-14,2020011401010563,SJCL,56,56,20,165.00,"3,300.00"
2020-01-14,2020011401010523,SJCL,33,3,20,165.00,"3,300.00"
2020-01-14,2020011401010390,SJCL,58,48,100,164.00,"16,400.00"
2020-01-14,2020011401010808,SKBBL,4,6,200,930.00,"186,000.00"
2020-01-14,2020011401010530,SKBBL,34,38,40,929.00,"37,160.00"
2020-01-14,2020011401010529,SKBBL,58,38,10,930.00,"9,300.00"
2020-01-14,2020011401010746,SLBBL,36,6,100,690.00,"69,000.00"
2020-01-14,2020011401010379,SLBBL,41,58,14,689.00,"9,646.00"
2020-01-14,2020011401010348,SLBBL,34,58,350,690.00,"241,500.00"
2020-01-14,2020011401010347,SLBBL,47,58,100,690.00,"69,000.00"
2020-01-14,2020011401010346,SLBBL,34,58,36,692.00,"24,912.00"
2020-01-14,2020011401010339,SLBSL,38,22,81,740.00,"59,940.00"
2020-01-14,2020011401010702,SLICL,51,7,425,335.00,"142,375.00"
2020-01-14,2020011401010701,SLICL,50,7,43,335.00,"14,405.00"
2020-01-14,2020011401010700,SLICL,13,7,30,336.00,"10,080.00"
2020-01-14,2020011401010690,SLICL,29,7,120,337.00,"40,440.00"
2020-01-14,2020011401010689,SLICL,55,7,100,337.00,"33,700.00"
2020-01-14,2020011401010688,SLICL,46,7,500,337.00,"168,500.00"
2020-01-14,2020011401010687,SLICL,34,7,100,337.00,"33,700.00"
2020-01-14,2020011401010686,SLICL,16,7,50,338.00,"16,900.00"
2020-01-14,2020011401010685,SLICL,5,7,132,338.00,"44,616.00"
2020-01-14,2020011401010481,SLICL,45,36,25,340.00,"8,500.00"
2020-01-14,2020011401010475,SLICL,47,19,500,338.00,"169,000.00"
2020-01-14,2020011401010443,SLICL,5,19,500,338.00,"169,000.00"
2020-01-14,2020011401010719,SPARS,38,32,190,706.00,"134,140.00"
2020-01-14,2020011401010718,SPARS,34,32,10,706.00,"7,060.00"
2020-01-14,2020011401010643,SPARS,34,39,20,706.00,"14,120.00"
2020-01-14,2020011401010642,SPARS,5,39,20,707.00,"14,140.00"
2020-01-14,2020011401010762,SWBBL,22,49,50,981.00,"49,050.00"
2020-01-14,2020011401010565,SWBBL,4,34,390,981.00,"382,590.00"
2020-01-14,2020011401010528,SWBBL,22,34,150,981.00,"147,150.00"
2020-01-14,2020011401010489,SWBBL,8,34,100,981.00,"98,100.00"
2020-01-14,2020011401010488,SWBBL,17,34,258,982.00,"253,356.00"
2020-01-14,2020011401010487,SWBBL,25,34,62,982.00,"60,884.00"
2020-01-14,2020011401010486,SWBBL,4,34,40,984.00,"39,360.00"
2020-01-14,2020011401010368,SWBBL,4,49,400,984.00,"393,600.00"
2020-01-14,2020011401010604,UFL,25,16,50,167.00,"8,350.00"
2020-01-14,2020011401010705,UIC,57,52,50,350.00,"17,500.00"
2020-01-14,2020011401010660,UIC,49,26,20,348.00,"6,960.00"
2020-01-14,2020011401010714,UPCL,45,36,110,74.00,"8,140.00"
2020-01-14,2020011401010364,UPCL,45,49,272,74.00,"20,128.00"
2020-01-14,2020011401010363,UPCL,59,49,100,74.00,"7,400.00"
2020-01-14,2020011401010362,UPCL,8,49,468,74.00,"34,632.00"
2020-01-14,2020011401010805,UPPER,28,45,100,249.00,"24,900.00"
2020-01-14,2020011401010562,UPPER,45,6,50,249.00,"12,450.00"
2020-01-14,2020011401010799,WOMI,48,22,100,939.00,"93,900.00"
2020-01-14,2020011401010593,WOMI,48,29,50,939.00,"46,950.00"
2020-01-14,2020011401010511,WOMI,48,53,200,939.00,"187,800.00"
2020-01-14,2020011401010504,WOMI,48,28,341,939.00,"320,199.00"
2020-01-14,2020011401009968,ADBL,58,18,65,378.00,"24,570.00"
2020-01-14,2020011401009967,ADBL,6,18,35,379.00,"13,265.00"
2020-01-14,2020011401009941,AHPC,45,39,370,96.00,"35,520.00"
2020-01-14,2020011401009940,AHPC,45,39,"2,000",96.00,"192,000.00"
2020-01-14,2020011401010032,AKJCL,52,36,20,58.00,"1,160.00"
2020-01-14,2020011401009969,AKJCL,52,36,10,58.00,580.00
2020-01-14,2020011401010253,AKPL,40,18,"1,955",135.00,"263,925.00"
2020-01-14,2020011401010144,AKPL,46,18,845,135.00,"114,075.00"
2020-01-14,2020011401010143,AKPL,46,57,155,135.00,"20,925.00"
2020-01-14,2020011401010126,AKPL,57,45,"1,770",134.00,"237,180.00"
2020-01-14,2020011401010021,AKPL,40,57,245,135.00,"33,075.00"
2020-01-14,2020011401009945,AKPL,40,58,255,135.00,"34,425.00"
2020-01-14,2020011401009944,AKPL,21,58,245,135.00,"33,075.00"
2020-01-14,2020011401009889,AKPL,25,45,16,136.00,"2,176.00"
2020-01-14,2020011401009842,AKPL,21,25,755,135.00,"101,925.00"
2020-01-14,2020011401009831,ALBSL,48,8,30,609.00,"18,270.00"
2020-01-14,2020011401010219,ALICL,4,45,320,426.00,"136,320.00"
2020-01-14,2020011401010098,ALICL,52,21,100,424.00,"42,400.00"
2020-01-14,2020011401010097,ALICL,57,21,20,425.00,"8,500.00"
2020-01-14,2020011401009897,ALICL,57,36,180,425.00,"76,500.00"
2020-01-14,2020011401009896,ALICL,56,36,200,425.00,"85,000.00"
2020-01-14,2020011401009895,ALICL,25,36,120,426.00,"51,120.00"
2020-01-14,2020011401010269,API,41,25,900,121.00,"108,900.00"
2020-01-14,2020011401010226,API,34,45,100,123.00,"12,300.00"
2020-01-14,2020011401010184,API,25,44,50,124.00,"6,200.00"
2020-01-14,2020011401010183,API,25,58,100,123.00,"12,300.00"
2020-01-14,2020011401010163,API,51,25,"2,000",122.00,"244,000.00"
2020-01-14,2020011401009999,API,25,44,36,124.00,"4,464.00"
2020-01-14,2020011401009827,API,45,55,18,123.00,"2,214.00"
2020-01-14,2020011401009826,API,45,37,29,123.00,"3,567.00"
2020-01-14,2020011401009825,API,45,39,273,123.00,"33,579.00"
2020-01-14,2020011401009943,API,45,50,300,122.00,"36,600.00"
2020-01-14,2020011401009942,API,25,50,300,122.00,"36,600.00"
2020-01-14,2020011401009914,API,25,52,200,123.00,"24,600.00"
2020-01-14,2020011401009830,API,45,38,100,123.00,"12,300.00"
2020-01-14,2020011401009829,API,45,40,380,123.00,"46,740.00"
2020-01-14,2020011401009828,API,45,33,200,123.00,"24,600.00"
2020-01-14,2020011401009980,API,25,52,285,123.00,"35,055.00"
2020-01-14,2020011401009976,API,1,52,500,123.00,"61,500.00"
2020-01-14,2020011401009975,API,1,50,500,123.00,"61,500.00"
2020-01-14,2020011401009974,API,25,52,15,123.00,"1,845.00"
2020-01-14,2020011401009973,API,25,4,285,122.00,"34,770.00"
2020-01-14,2020011401009972,API,45,4,200,122.00,"24,400.00"
2020-01-14,2020011401010261,BBC,58,48,10,"1,923.00","19,230.00"
2020-01-14,2020011401010211,BBC,58,48,10,"1,923.00","19,230.00"
2020-01-14,2020011401010187,BBC,19,40,50,"1,901.00","95,050.00"
2020-01-14,2020011401010135,BBC,58,48,10,"1,923.00","19,230.00"
2020-01-14,2020011401009939,BBC,58,49,10,"1,923.00","19,230.00"
2020-01-14,2020011401009979,BFC,13,42,50,97.00,"4,850.00"
2020-01-14,2020011401010000,BOKL,40,47,200,229.00,"45,800.00"
2020-01-14,2020011401010293,BPCL,58,28,261,325.00,"84,825.00"
2020-01-14,2020011401010292,BPCL,43,28,25,325.00,"8,125.00"
2020-01-14,2020011401010291,BPCL,41,28,186,325.00,"60,450.00"
2020-01-14,2020011401010290,BPCL,22,28,28,326.00,"9,128.00"
2020-01-14,2020011401009961,BPCL,22,45,22,326.00,"7,172.00"
2020-01-14,2020011401009960,BPCL,28,45,478,326.00,"155,828.00"
2020-01-14,2020011401009864,BPCL,11,56,100,327.00,"32,700.00"
2020-01-14,2020011401010129,CBBL,36,57,35,885.00,"30,975.00"
2020-01-14,2020011401010128,CBBL,41,57,100,886.00,"88,600.00"
2020-01-14,2020011401010127,CBBL,19,57,65,886.00,"57,590.00"
2020-01-14,2020011401009847,CBBL,19,26,54,886.00,"47,844.00"
2020-01-14,2020011401010039,CBL,45,57,247,139.00,"34,333.00"
2020-01-14,2020011401010038,CBL,34,57,"1,753",139.00,"243,667.00"
2020-01-14,2020011401010007,CBL,34,57,"4,600",139.00,"639,400.00"
2020-01-14,2020011401010308,CIT,28,17,178,"2,225.00","396,050.00"
2020-01-14,2020011401010307,CIT,28,41,21,"2,225.00","46,725.00"
2020-01-14,2020011401010306,CIT,28,56,50,"2,224.00","111,200.00"
2020-01-14,2020011401010299,CIT,40,33,153,"2,207.00","337,671.00"
2020-01-14,2020011401010298,CIT,8,33,50,"2,210.00","110,500.00"
2020-01-14,2020011401010297,CIT,13,33,10,"2,210.00","22,100.00"
2020-01-14,2020011401010296,CIT,53,33,100,"2,210.00","221,000.00"
2020-01-14,2020011401010295,CIT,33,33,75,"2,213.00","165,975.00"
2020-01-14,2020011401010294,CIT,19,33,30,"2,214.00","66,420.00"
2020-01-14,2020011401009854,CIT,58,33,12,"2,230.00","26,760.00"
2020-01-14,2020011401010287,CLBSL,45,42,12,800.00,"9,600.00"
2020-01-14,2020011401010286,CLBSL,45,55,100,799.00,"79,900.00"
2020-01-14,2020011401010217,CORBL,41,34,50,124.00,"6,200.00"
2020-01-14,2020011401010305,CZBIL,48,45,10,199.00,"1,990.00"
2020-01-14,2020011401010289,CZBIL,45,51,16,200.00,"3,200.00"
2020-01-14,2020011401010042,CZBIL,48,52,186,199.00,"37,014.00"
2020-01-14,2020011401010170,DBBL,39,14,369,142.00,"52,398.00"
2020-01-14,2020011401010169,DBBL,28,14,"1,000",142.00,"142,000.00"
2020-01-14,2020011401010168,DBBL,17,14,"1,210",142.00,"171,820.00"
2020-01-14,2020011401010167,DBBL,56,14,421,142.00,"59,782.00"
2020-01-14,2020011401009908,DBBL,56,48,500,142.00,"71,000.00"
2020-01-14,2020011401009893,DBBL,56,8,29,142.00,"4,118.00"
2020-01-14,2020011401010258,DDBL,8,19,103,"1,021.00","105,163.00"
2020-01-14,2020011401010257,DDBL,45,19,50,"1,021.00","51,050.00"
2020-01-14,2020011401010256,DDBL,57,19,200,"1,023.00","204,600.00"
2020-01-14,2020011401010255,DDBL,21,19,87,"1,023.00","89,001.00"
2020-01-14,2020011401009877,DDBL,4,34,300,"1,024.00","307,200.00"
2020-01-14,2020011401009985,DHPL,47,34,358,53.00,"18,974.00"
2020-01-14,2020011401009984,DHPL,47,4,11,53.00,583.00
2020-01-14,2020011401009983,DHPL,47,53,131,53.00,"6,943.00"
2020-01-14,2020011401010301,EBL,19,44,93,597.00,"55,521.00"
2020-01-14,2020011401009848,EBL,38,55,100,598.00,"59,800.00"
2020-01-14,2020011401010247,EIC,19,36,24,320.00,"7,680.00"
2020-01-14,2020011401010246,EIC,36,36,200,321.00,"64,200.00"
2020-01-14,2020011401010245,EIC,46,36,200,322.00,"64,400.00"
2020-01-14,2020011401010244,EIC,13,36,100,322.00,"32,200.00"
2020-01-14,2020011401010243,EIC,13,36,100,322.00,"32,200.00"
2020-01-14,2020011401010242,EIC,13,36,210,322.00,"67,620.00"
2020-01-14,2020011401010159,EIC,36,44,20,325.00,"6,500.00"
2020-01-14,2020011401010070,EIC,45,41,135,324.00,"43,740.00"
2020-01-14,2020011401010044,EIC,45,55,20,323.00,"6,460.00"
2020-01-14,2020011401009837,EIC,50,41,65,324.00,"21,060.00"
2020-01-14,2020011401009836,EIC,50,29,55,324.00,"17,820.00"
2020-01-14,2020011401010194,EIC,13,3,190,322.00,"61,180.00"
2020-01-14,2020011401010193,EIC,34,3,200,322.00,"64,400.00"
2020-01-14,2020011401010192,EIC,13,3,110,322.00,"35,420.00"
2020-01-14,2020011401010162,EIC,13,11,90,322.00,"28,980.00"
2020-01-14,2020011401010161,EIC,45,11,165,323.00,"53,295.00"
2020-01-14,2020011401010160,EIC,45,11,45,323.00,"14,535.00"
2020-01-14,2020011401010284,FMDBL,1,34,35,410.00,"14,350.00"
2020-01-14,2020011401010283,FMDBL,57,34,300,410.00,"123,000.00"
2020-01-14,2020011401010282,FMDBL,32,34,65,410.00,"26,650.00"
2020-01-14,2020011401010281,FMDBL,39,34,200,411.00,"82,200.00"
2020-01-14,2020011401010280,FMDBL,26,34,400,411.00,"164,400.00"
2020-01-14,2020011401010048,GBBL,4,17,"1,000",227.00,"227,000.00"
2020-01-14,2020011401010047,GBBL,4,17,148,227.00,"33,596.00"
2020-01-14,2020011401009839,GBLBS,19,45,10,403.00,"4,030.00"
2020-01-14,2020011401009821,GGBSL,44,50,40,849.00,"33,960.00"
2020-01-14,2020011401009936,GILB,33,21,10,"1,101.00","11,010.00"
2020-01-14,2020011401010285,GLBSL,48,17,80,600.00,"48,000.00"
2020-01-14,2020011401009846,GLBSL,48,37,10,600.00,"6,000.00"
2020-01-14,2020011401010270,GLICL,56,21,68,531.00,"36,108.00"
2020-01-14,2020011401010236,GLICL,6,21,100,532.00,"53,200.00"
2020-01-14,2020011401010131,GLICL,43,34,83,538.00,"44,654.00"
2020-01-14,2020011401010130,GLICL,43,45,17,537.00,"9,129.00"
2020-01-14,2020011401010029,GLICL,44,26,300,532.00,"159,600.00"
2020-01-14,2020011401009971,GLICL,56,21,82,535.00,"43,870.00"
2020-01-14,2020011401009929,GLICL,56,34,18,535.00,"9,630.00"
2020-01-14,2020011401009928,GLICL,25,34,482,535.00,"257,870.00"
2020-01-14,2020011401010142,GMFBS,48,49,65,680.00,"44,200.00"
2020-01-14,2020011401010120,GMFBS,28,10,300,682.00,"204,600.00"
2020-01-14,2020011401010090,GMFBS,28,21,100,682.00,"68,200.00"
2020-01-14,2020011401009917,GMFBS,28,34,100,682.00,"68,200.00"
2020-01-14,2020011401009916,GMFBS,34,34,200,682.00,"136,400.00"
2020-01-14,2020011401010181,HBL,26,3,203,562.00,"114,086.00"
2020-01-14,2020011401010107,HBL,26,50,54,562.00,"30,348.00"
2020-01-14,2020011401010023,HBL,5,39,150,565.00,"84,750.00"
2020-01-14,2020011401010022,HBL,5,44,850,565.00,"480,250.00"
2020-01-14,2020011401009977,HBL,5,59,500,564.00,"282,000.00"
2020-01-14,2020011401010271,HDL,57,54,"1,000","1,220.00","1,220,000.00"
2020-01-14,2020011401009997,HDL,38,54,200,"1,220.00","244,000.00"
2020-01-14,2020011401009996,HDL,22,54,40,"1,220.00","48,800.00"
2020-01-14,2020011401009995,HDL,57,54,200,"1,220.00","244,000.00"
2020-01-14,2020011401009994,HDL,57,54,70,"1,220.00","85,400.00"
2020-01-14,2020011401009993,HDL,40,54,100,"1,222.00","122,200.00"
2020-01-14,2020011401009823,HDL,6,49,50,"1,234.00","61,700.00"
2020-01-14,2020011401009986,HDL,34,54,20,"1,231.00","24,620.00"
2020-01-14,2020011401009853,HDL,34,38,180,"1,231.00","221,580.00"
2020-01-14,2020011401009852,HDL,56,38,100,"1,232.00","123,200.00"
2020-01-14,2020011401009851,HDL,32,38,50,"1,232.00","61,600.00"
2020-01-14,2020011401009850,HDL,16,38,20,"1,233.00","24,660.00"
2020-01-14,2020011401009849,HDL,41,38,50,"1,233.00","61,650.00"
2020-01-14,2020011401009992,HDL,45,54,50,"1,222.00","61,100.00"
2020-01-14,2020011401009991,HDL,32,54,60,"1,223.00","73,380.00"
2020-01-14,2020011401009990,HDL,43,54,150,"1,223.00","183,450.00"
2020-01-14,2020011401009989,HDL,21,54,100,"1,225.00","122,500.00"
2020-01-14,2020011401009988,HDL,35,54,200,"1,225.00","245,000.00"
2020-01-14,2020011401009987,HDL,55,54,100,"1,225.00","122,500.00"
2020-01-14,2020011401010300,HGI,22,43,73,324.00,"23,652.00"
2020-01-14,2020011401010260,HGI,22,35,107,324.00,"34,668.00"
2020-01-14,2020011401010304,HURJA,49,56,180,109.00,"19,620.00"
2020-01-14,2020011401010095,HURJA,8,56,20,109.00,"2,180.00"
2020-01-14,2020011401010198,ILBS,51,5,10,674.00,"6,740.00"
2020-01-14,2020011401010197,ILBS,51,5,10,673.00,"6,730.00"
2020-01-14,2020011401010134,ILBS,26,47,110,670.00,"73,700.00"
2020-01-14,2020011401010133,ILBS,14,47,100,671.00,"67,100.00"
2020-01-14,2020011401010132,ILBS,51,47,65,671.00,"43,615.00"
2020-01-14,2020011401009818,ILBS,26,16,60,670.00,"40,200.00"
2020-01-14,2020011401009817,ILBS,51,16,100,670.00,"67,000.00"
2020-01-14,2020011401009816,ILBS,53,16,200,670.00,"134,000.00"
2020-01-14,2020011401009815,ILBS,57,16,140,670.00,"93,800.00"
2020-01-14,2020011401010264,JFL,58,32,13,170.00,"2,210.00"
2020-01-14,2020011401010065,JOSHI,6,36,20,62.00,"1,240.00"
2020-01-14,2020011401009934,JOSHI,34,36,10,63.00,630.00
2020-01-14,2020011401009933,JOSHI,6,36,10,63.00,630.00
2020-01-14,2020011401010013,JSLBB,55,29,17,"1,391.00","23,647.00"
2020-01-14,2020011401010012,JSLBB,55,38,33,"1,391.00","45,903.00"
2020-01-14,2020011401010248,KADBL,4,44,20,263.00,"5,260.00"
2020-01-14,2020011401010227,KBL,38,17,355,193.00,"68,515.00"
2020-01-14,2020011401010201,KBL,45,17,200,193.00,"38,600.00"
2020-01-14,2020011401010200,KBL,32,17,150,193.00,"28,950.00"
2020-01-14,2020011401010199,KBL,1,17,295,193.00,"56,935.00"
2020-01-14,2020011401010016,KBL,1,40,500,193.00,"96,500.00"
2020-01-14,2020011401010191,KKHC,25,14,64,53.00,"3,392.00"
2020-01-14,2020011401010190,KKHC,25,51,10,53.00,530.00
2020-01-14,2020011401010189,KKHC,25,51,10,53.00,530.00
2020-01-14,2020011401010188,KKHC,25,17,16,53.00,848.00
2020-01-14,2020011401010272,KPCL,36,19,10,91.00,910.00
2020-01-14,2020011401010265,KPCL,36,7,10,91.00,910.00
2020-01-14,2020011401010096,KPCL,22,36,10,89.00,890.00
2020-01-14,2020011401009920,KPCL,22,36,10,89.00,890.00
2020-01-14,2020011401010204,KPCL,22,55,250,90.00,"22,500.00"
2020-01-14,2020011401009876,KRBL,25,4,100,112.00,"11,200.00"
2020-01-14,2020011401009875,KRBL,25,33,100,112.00,"11,200.00"
2020-01-14,2020011401010050,KSBBL,40,51,609,144.00,"87,696.00"
2020-01-14,2020011401009857,KSBBL,49,20,39,142.00,"5,538.00"
2020-01-14,2020011401009856,KSBBL,14,20,309,143.00,"44,187.00"
2020-01-14,2020011401010166,LBBL,25,28,20,185.00,"3,700.00"
2020-01-14,2020011401009822,LBBL,43,21,150,184.00,"27,600.00"
2020-01-14,2020011401010185,LGIL,28,50,35,387.00,"13,545.00"
2020-01-14,2020011401010103,LGIL,28,48,65,387.00,"25,155.00"
2020-01-14,2020011401010102,LGIL,47,48,40,388.00,"15,520.00"
2020-01-14,2020011401010101,LGIL,49,48,95,388.00,"36,860.00"
2020-01-14,2020011401009819,LGIL,11,17,56,389.00,"21,784.00"
2020-01-14,2020011401009935,LICN,25,50,10,"1,160.00","11,600.00"
2020-01-14,2020011401009885,LICN,16,54,36,"1,147.00","41,292.00"
2020-01-14,2020011401009884,LICN,25,54,23,"1,148.00","26,404.00"
2020-01-14,2020011401009978,MBL,49,46,136,229.00,"31,144.00"
2020-01-14,2020011401009882,MBL,49,46,100,229.00,"22,900.00"
2020-01-14,2020011401009881,MBL,36,46,30,229.00,"6,870.00"
2020-01-14,2020011401009880,MBL,57,46,324,229.00,"74,196.00"
2020-01-14,2020011401009835,MBL,57,19,176,229.00,"40,304.00"
2020-01-14,2020011401009834,MBL,4,19,40,229.00,"9,160.00"
2020-01-14,2020011401009833,MBL,58,19,634,229.00,"145,186.00"
2020-01-14,2020011401010302,MEGA,38,28,"2,000",201.00,"402,000.00"
2020-01-14,2020011401010273,MEGA,55,28,50,201.00,"10,050.00"
2020-01-14,2020011401010207,MEGA,55,28,200,201.00,"40,200.00"
2020-01-14,2020011401009953,MEGA,34,28,500,201.00,"100,500.00"
2020-01-14,2020011401009952,MEGA,17,28,100,201.00,"20,100.00"
2020-01-14,2020011401009951,MEGA,34,28,500,201.00,"100,500.00"
2020-01-14,2020011401009950,MEGA,36,28,300,201.00,"60,300.00"
2020-01-14,2020011401009949,MEGA,8,28,200,201.00,"40,200.00"
2020-01-14,2020011401009948,MEGA,35,28,"1,000",201.00,"201,000.00"
2020-01-14,2020011401009947,MEGA,41,28,898,201.00,"180,498.00"
2020-01-14,2020011401010177,MERO,32,10,86,600.00,"51,600.00"
2020-01-14,2020011401010176,MERO,35,10,20,600.00,"12,000.00"
2020-01-14,2020011401010175,MERO,38,10,39,600.00,"23,400.00"
2020-01-14,2020011401009824,MERO,38,6,50,600.00,"30,000.00"
2020-01-14,2020011401010254,MFIL,34,33,305,167.00,"50,935.00"
2020-01-14,2020011401010172,MFIL,36,17,20,169.00,"3,380.00"
2020-01-14,2020011401009872,MFIL,19,17,"1,000",169.00,"169,000.00"
2020-01-14,2020011401010231,MNBBL,41,34,16,308.00,"4,928.00"
2020-01-14,2020011401010230,MNBBL,42,34,"1,873",308.00,"576,884.00"
2020-01-14,2020011401010156,MNBBL,32,34,200,309.00,"61,800.00"
2020-01-14,2020011401010062,MNBBL,42,17,127,308.00,"39,116.00"
2020-01-14,2020011401010061,MNBBL,56,17,73,308.00,"22,484.00"
2020-01-14,2020011401010060,MNBBL,16,17,150,308.00,"46,200.00"
2020-01-14,2020011401010059,MNBBL,19,17,150,309.00,"46,350.00"
2020-01-14,2020011401009998,MNBBL,19,25,200,309.00,"61,800.00"
2020-01-14,2020011401009922,MNBBL,17,25,50,309.00,"15,450.00"
2020-01-14,2020011401010220,NABIL,6,35,10,730.00,"7,300.00"
2020-01-14,2020011401010125,NABIL,55,40,79,729.00,"57,591.00"
2020-01-14,2020011401010124,NABIL,57,40,21,729.00,"15,309.00"
2020-01-14,2020011401010115,NABIL,38,35,151,730.00,"110,230.00"
2020-01-14,2020011401010114,NABIL,38,35,49,730.00,"35,770.00"
2020-01-14,2020011401010089,NABIL,38,35,200,730.00,"146,000.00"
2020-01-14,2020011401010020,NABIL,38,35,200,730.00,"146,000.00"
2020-01-14,2020011401009966,NABIL,41,35,100,730.00,"73,000.00"
2020-01-14,2020011401009927,NABIL,25,35,451,730.00,"329,230.00"
2020-01-14,2020011401009888,NABIL,25,19,50,730.00,"36,500.00"
2020-01-14,2020011401009887,NABIL,25,35,499,730.00,"364,270.00"
2020-01-14,2020011401009838,NABIL,25,35,401,730.00,"292,730.00"
2020-01-14,2020011401010116,NADEP,7,7,23,608.00,"13,984.00"
2020-01-14,2020011401010088,NADEP,59,38,16,618.00,"9,888.00"
2020-01-14,2020011401010083,NADEP,59,7,100,618.00,"61,800.00"
2020-01-14,2020011401010082,NADEP,59,32,100,617.00,"61,700.00"
2020-01-14,2020011401010081,NADEP,59,46,37,615.00,"22,755.00"
2020-01-14,2020011401010033,NADEP,36,38,433,611.00,"264,563.00"
2020-01-14,2020011401010015,NADEP,36,1,67,611.00,"40,937.00"
2020-01-14,2020011401010014,NADEP,43,1,133,611.00,"81,263.00"
2020-01-14,2020011401009970,NADEP,6,14,23,612.00,"14,076.00"
2020-01-14,2020011401009906,NADEP,1,14,177,612.00,"108,324.00"
2020-01-14,2020011401009832,NADEP,1,40,23,612.00,"14,076.00"
2020-01-14,2020011401010080,NADEP,59,41,24,614.00,"14,736.00"
2020-01-14,2020011401010079,NADEP,59,16,23,613.00,"14,099.00"
2020-01-14,2020011401010037,NADEP,47,38,10,610.00,"6,100.00"
2020-01-14,2020011401010036,NADEP,25,38,200,610.00,"122,000.00"
2020-01-14,2020011401010035,NADEP,56,38,200,610.00,"122,000.00"
2020-01-14,2020011401010034,NADEP,26,38,200,610.00,"122,000.00"
2020-01-14,2020011401010259,NBB,49,52,100,202.00,"20,200.00"
2020-01-14,2020011401010146,NBB,49,18,110,202.00,"22,220.00"
2020-01-14,2020011401010145,NBB,5,18,190,202.00,"38,380.00"
2020-01-14,2020011401010266,NBL,29,14,100,276.00,"27,600.00"
2020-01-14,2020011401010234,NBL,29,49,"1,000",276.00,"276,000.00"
2020-01-14,2020011401010179,NBL,25,49,500,276.00,"138,000.00"
2020-01-14,2020011401010117,NBL,25,49,"1,000",276.00,"276,000.00"
2020-01-14,2020011401010064,NBL,25,18,200,276.00,"55,200.00"
2020-01-14,2020011401010275,NCCB,49,5,60,219.00,"13,140.00"
2020-01-14,2020011401010274,NCCB,49,44,440,219.00,"96,360.00"
2020-01-14,2020011401010141,NCCB,48,55,55,218.00,"11,990.00"
2020-01-14,2020011401010140,NCCB,59,55,145,218.00,"31,610.00"
2020-01-14,2020011401010093,NCCB,37,44,500,219.00,"109,500.00"
2020-01-14,2020011401009886,NCCB,6,44,50,219.00,"10,950.00"
2020-01-14,2020011401009814,NCCB,59,5,355,218.00,"77,390.00"
2020-01-14,2020011401009813,NCCB,37,5,500,218.00,"109,000.00"
2020-01-14,2020011401009812,NCCB,49,5,100,218.00,"21,800.00"
2020-01-14,2020011401009811,NCCB,8,5,200,218.00,"43,600.00"
2020-01-14,2020011401010288,NHPC,14,34,100,52.00,"5,200.00"
2020-01-14,2020011401010106,NHPC,26,53,"1,000",53.00,"53,000.00"
2020-01-14,2020011401009981,NIB,45,18,100,405.00,"40,500.00"
2020-01-14,2020011401010309,NICA,36,48,14,444.00,"6,216.00"
2020-01-14,2020011401010216,NICA,37,48,20,444.00,"8,880.00"
2020-01-14,2020011401010215,NICA,39,48,200,444.00,"88,800.00"
2020-01-14,2020011401010214,NICA,14,48,50,444.00,"22,200.00"
2020-01-14,2020011401010213,NICA,4,48,130,444.00,"57,720.00"
2020-01-14,2020011401010212,NICA,42,48,123,444.00,"54,612.00"
2020-01-14,2020011401009878,NICA,42,46,500,444.00,"222,000.00"
2020-01-14,2020011401009899,NICL,14,14,300,333.00,"99,900.00"
2020-01-14,2020011401009898,NICL,36,14,600,333.00,"199,800.00"
2020-01-14,2020011401009874,NICL,36,21,400,333.00,"133,200.00"
2020-01-14,2020011401009873,NICL,34,21,100,333.00,"33,300.00"
2020-01-14,2020011401010019,NIL,17,18,57,421.00,"23,997.00"
2020-01-14,2020011401010018,NIL,51,18,143,421.00,"60,203.00"
2020-01-14,2020011401009905,NIL,51,21,357,421.00,"150,297.00"
2020-01-14,2020011401009904,NIL,45,21,143,422.00,"60,346.00"
2020-01-14,2020011401010066,NLBBL,16,45,85,630.00,"53,550.00"
2020-01-14,2020011401009923,NLBBL,41,59,450,626.00,"281,700.00"
2020-01-14,2020011401009900,NLBBL,41,33,100,626.00,"62,600.00"
2020-01-14,2020011401009954,NLG,16,17,93,700.00,"65,100.00"
2020-01-14,2020011401010279,NLIC,25,40,20,"1,000.00","20,000.00"
2020-01-14,2020011401010263,NLIC,57,17,36,997.00,"35,892.00"
2020-01-14,2020011401010229,NLIC,57,21,50,997.00,"49,850.00"
2020-01-14,2020011401010009,NLIC,4,10,43,996.00,"42,828.00"
2020-01-14,2020011401009964,NLIC,20,10,100,996.00,"99,600.00"
2020-01-14,2020011401009963,NLIC,20,10,57,996.00,"56,772.00"
2020-01-14,2020011401009867,NLIC,39,38,50,999.00,"49,950.00"
2020-01-14,2020011401009866,NLIC,13,38,51,999.00,"50,949.00"
2020-01-14,2020011401009932,NLIC,4,34,"1,000","1,000.00","1,000,000.00"
2020-01-14,2020011401009931,NLIC,4,49,500,"1,000.00","500,000.00"
2020-01-14,2020011401009871,NLIC,20,38,143,996.00,"142,428.00"
2020-01-14,2020011401009870,NLIC,51,38,100,996.00,"99,600.00"
2020-01-14,2020011401009869,NLIC,52,38,56,996.00,"55,776.00"
2020-01-14,2020011401009868,NLIC,59,38,100,998.00,"99,800.00"
2020-01-14,2020011401010139,NLICL,58,51,33,558.00,"18,414.00"
2020-01-14,2020011401010122,NLICL,59,51,485,558.00,"270,630.00"
2020-01-14,2020011401010121,NLICL,25,51,60,559.00,"33,540.00"
2020-01-14,2020011401010310,NMB,16,17,50,359.00,"17,950.00"
2020-01-14,2020011401010303,NMB,47,26,58,358.00,"20,764.00"
2020-01-14,2020011401010157,NMB,47,13,120,358.00,"42,960.00"
2020-01-14,2020011401010119,NMB,47,55,56,358.00,"20,048.00"
2020-01-14,2020011401010118,NMB,26,55,44,358.00,"15,752.00"
2020-01-14,2020011401010086,NMB,26,43,456,358.00,"163,248.00"
2020-01-14,2020011401010085,NMB,53,43,80,358.00,"28,640.00"
2020-01-14,2020011401010084,NMB,44,43,30,358.00,"10,740.00"
2020-01-14,2020011401010186,NMBMF,42,45,54,796.00,"42,984.00"
2020-01-14,2020011401010030,NNLB,45,55,92,625.00,"57,500.00"
2020-01-14,2020011401009820,NNLB,45,44,50,627.00,"31,350.00"
2020-01-14,2020011401010031,NSEWA,48,56,10,596.00,"5,960.00"
2020-01-14,2020011401010158,NUBL,4,49,14,901.00,"12,614.00"
2020-01-14,2020011401010278,PCBL,4,42,214,260.00,"55,640.00"
2020-01-14,2020011401010277,PCBL,53,42,386,260.00,"100,360.00"
2020-01-14,2020011401010203,PCBL,51,55,60,261.00,"15,660.00"
2020-01-14,2020011401010165,PCBL,49,55,400,261.00,"104,400.00"
2020-01-14,2020011401010137,PCBL,48,55,10,261.00,"2,610.00"
2020-01-14,2020011401009946,PCBL,39,55,500,261.00,"130,500.00"
2020-01-14,2020011401009959,PIC,40,37,61,478.00,"29,158.00"
2020-01-14,2020011401009958,PIC,26,37,50,480.00,"24,000.00"
2020-01-14,2020011401009957,PIC,49,37,10,481.00,"4,810.00"
2020-01-14,2020011401009930,PIC,49,47,20,481.00,"9,620.00"
2020-01-14,2020011401010171,PICL,5,1,50,552.00,"27,600.00"
2020-01-14,2020011401010233,PLIC,16,42,479,414.00,"198,306.00"
2020-01-14,2020011401010228,PLIC,6,38,200,413.00,"82,600.00"
2020-01-14,2020011401010123,PLIC,42,42,150,414.00,"62,100.00"
2020-01-14,2020011401010108,PMHPL,56,45,160,94.00,"15,040.00"
2020-01-14,2020011401010110,PRIN,58,26,140,381.00,"53,340.00"
2020-01-14,2020011401010109,PRIN,22,26,160,382.00,"61,120.00"
2020-01-14,2020011401010052,PRIN,22,38,250,382.00,"95,500.00"
2020-01-14,2020011401010045,PRIN,19,49,10,385.00,"3,850.00"
2020-01-14,2020011401009938,PRIN,22,49,590,382.00,"225,380.00"
2020-01-14,2020011401009937,PRIN,38,49,100,382.00,"38,200.00"
2020-01-14,2020011401010218,PROFL,55,25,50,103.00,"5,150.00"
2020-01-14,2020011401010174,PROFL,55,57,130,103.00,"13,390.00"
2020-01-14,2020011401010173,PROFL,55,21,20,103.00,"2,060.00"
2020-01-14,2020011401010099,PROFL,34,21,10,103.00,"1,030.00"
2020-01-14,2020011401010077,PROFL,34,19,290,101.00,"29,290.00"
2020-01-14,2020011401010075,PRVU,29,52,131,239.00,"31,309.00"
2020-01-14,2020011401010074,PRVU,57,52,100,239.00,"23,900.00"
2020-01-14,2020011401010073,PRVU,51,52,"1,000",239.00,"239,000.00"
2020-01-14,2020011401010072,PRVU,28,52,"1,000",239.00,"239,000.00"
2020-01-14,2020011401010071,PRVU,55,52,769,239.00,"183,791.00"
2020-01-14,2020011401010041,PRVU,55,18,200,239.00,"47,800.00"
2020-01-14,2020011401009910,PRVU,44,34,200,240.00,"48,000.00"
2020-01-14,2020011401009909,PRVU,44,57,67,240.00,"16,080.00"
2020-01-14,2020011401009863,PRVU,39,57,150,240.00,"36,000.00"
2020-01-14,2020011401009862,PRVU,37,57,283,240.00,"67,920.00"
2020-01-14,2020011401010235,RADHI,22,14,10,159.00,"1,590.00"
2020-01-14,2020011401009855,RBCL,3,43,10,"8,901.00","89,010.00"
2020-01-14,2020011401010092,RHPC,45,38,500,73.00,"36,500.00"
2020-01-14,2020011401010078,RHPL,56,56,30,175.00,"5,250.00"
2020-01-14,2020011401010017,RHPL,56,56,30,175.00,"5,250.00"
2020-01-14,2020011401009913,RHPL,33,45,500,175.00,"87,500.00"
2020-01-14,2020011401009912,RHPL,39,45,200,175.00,"35,000.00"
2020-01-14,2020011401009911,RHPL,39,45,380,175.00,"66,500.00"
2020-01-14,2020011401009894,RHPL,39,44,20,175.00,"3,500.00"
2020-01-14,2020011401009865,RHPL,39,37,40,175.00,"7,000.00"
2020-01-14,2020011401010276,RLFL,13,13,242,120.00,"29,040.00"
2020-01-14,2020011401010026,RMDC,45,53,140,618.00,"86,520.00"
2020-01-14,2020011401010025,RMDC,22,53,40,619.00,"24,760.00"
2020-01-14,2020011401010024,RMDC,22,53,300,620.00,"186,000.00"
2020-01-14,2020011401009845,RMDC,51,59,200,620.00,"124,000.00"
2020-01-14,2020011401009844,RMDC,48,59,100,622.00,"62,200.00"
2020-01-14,2020011401009843,RMDC,14,59,90,624.00,"56,160.00"
2020-01-14,2020011401010028,RRHP,45,7,10,107.00,"1,070.00"
2020-01-14,2020011401009919,RRHP,42,52,10,103.00,"1,030.00"
2020-01-14,2020011401009841,RRHP,45,45,50,105.00,"5,250.00"
2020-01-14,2020011401009840,RRHP,45,3,10,103.00,"1,030.00"
2020-01-14,2020011401009861,RSDC,45,51,100,409.00,"40,900.00"
2020-01-14,2020011401010262,SABSL,25,44,10,718.00,"7,180.00"
2020-01-14,2020011401010240,SABSL,25,52,249,718.00,"178,782.00"
2020-01-14,2020011401010239,SABSL,1,52,50,718.00,"35,900.00"
2020-01-14,2020011401010238,SABSL,50,52,20,718.00,"14,360.00"
2020-01-14,2020011401010237,SABSL,59,52,30,719.00,"21,570.00"
2020-01-14,2020011401010164,SABSL,59,44,10,719.00,"7,190.00"
2020-01-14,2020011401010136,SABSL,59,44,10,719.00,"7,190.00"
2020-01-14,2020011401010091,SABSL,1,44,10,720.00,"7,200.00"
2020-01-14,2020011401010138,SADBL,4,4,796,146.00,"116,216.00"
2020-01-14,2020011401010113,SADBL,4,4,100,146.00,"14,600.00"
2020-01-14,2020011401010112,SADBL,4,54,900,146.00,"131,400.00"
2020-01-14,2020011401010104,SADBL,4,54,"1,000",146.00,"146,000.00"
2020-01-14,2020011401010094,SADBL,4,54,"1,000",146.00,"146,000.00"
2020-01-14,2020011401010087,SADBL,4,54,"1,000",146.00,"146,000.00"
2020-01-14,2020011401010058,SADBL,4,54,"1,000",146.00,"146,000.00"
2020-01-14,2020011401010051,SADBL,52,54,100,146.00,"14,600.00"
2020-01-14,2020011401010027,SADBL,4,54,"1,000",146.00,"146,000.00"
2020-01-14,2020011401010010,SADBL,4,54,"1,000",146.00,"146,000.00"
2020-01-14,2020011401009924,SADBL,4,14,204,145.00,"29,580.00"
2020-01-14,2020011401009921,SAPDBL,20,8,35,138.00,"4,830.00"
2020-01-14,2020011401010251,SBI,21,25,14,400.00,"5,600.00"
2020-01-14,2020011401010250,SBI,21,58,11,400.00,"4,400.00"
2020-01-14,2020011401010249,SBI,21,25,75,400.00,"30,000.00"
2020-01-14,2020011401010221,SBI,51,25,20,400.00,"8,000.00"
2020-01-14,2020011401010268,SBL,4,56,881,315.00,"277,515.00"
2020-01-14,2020011401010267,SBL,4,56,619,315.00,"194,985.00"
2020-01-14,2020011401010178,SBL,4,5,200,315.00,"63,000.00"
2020-01-14,2020011401009903,SBL,4,45,181,315.00,"57,015.00"
2020-01-14,2020011401009902,SBL,51,45,350,315.00,"110,250.00"
2020-01-14,2020011401009901,SBL,50,45,369,315.00,"116,235.00"
2020-01-14,2020011401010182,SCB,56,35,50,586.00,"29,300.00"
2020-01-14,2020011401009962,SDESI,25,5,10,743.00,"7,430.00"
2020-01-14,2020011401010076,SFFIL,51,52,300,219.00,"65,700.00"
2020-01-14,2020011401010100,SHINE,50,45,54,256.00,"13,824.00"
2020-01-14,2020011401010043,SHINE,50,59,"1,946",256.00,"498,176.00"
2020-01-14,2020011401009879,SHINE,34,34,500,256.00,"128,000.00"
2020-01-14,2020011401010069,SHIVM,50,19,361,487.00,"175,807.00"
2020-01-14,2020011401010068,SHIVM,21,19,100,488.00,"48,800.00"
2020-01-14,2020011401010067,SHIVM,37,19,39,488.00,"19,032.00"
2020-01-14,2020011401009965,SHIVM,37,58,61,488.00,"29,768.00"
2020-01-14,2020011401009918,SHIVM,37,53,100,488.00,"48,800.00"
2020-01-14,2020011401010205,SIC,45,35,100,590.00,"59,000.00"
2020-01-14,2020011401010006,SIC,45,40,20,588.00,"11,760.00"
2020-01-14,2020011401010005,SIC,17,40,50,589.00,"29,450.00"
2020-01-14,2020011401010004,SIC,42,40,100,589.00,"58,900.00"
2020-01-14,2020011401010003,SIC,49,40,100,590.00,"59,000.00"
2020-01-14,2020011401010002,SIC,35,40,20,590.00,"11,800.00"
2020-01-14,2020011401010001,SIC,35,40,10,592.00,"5,920.00"
2020-01-14,2020011401010241,SICL,38,43,93,941.00,"87,513.00"
2020-01-14,2020011401010111,SJCL,58,37,20,164.00,"3,280.00"
2020-01-14,2020011401009915,SJCL,58,44,20,164.00,"3,280.00"
2020-01-14,2020011401010155,SKBBL,58,39,10,930.00,"9,300.00"
2020-01-14,2020011401010154,SKBBL,19,39,50,930.00,"46,500.00"
2020-01-14,2020011401010153,SKBBL,6,39,100,930.00,"93,000.00"
2020-01-14,2020011401010152,SKBBL,40,39,50,930.00,"46,500.00"
2020-01-14,2020011401010151,SKBBL,49,39,100,930.00,"93,000.00"
2020-01-14,2020011401010150,SKBBL,48,39,500,930.00,"465,000.00"
2020-01-14,2020011401010149,SKBBL,55,39,100,933.00,"93,300.00"
2020-01-14,2020011401010148,SKBBL,57,39,35,935.00,"32,725.00"
2020-01-14,2020011401010147,SKBBL,35,39,10,935.00,"9,350.00"
2020-01-14,2020011401010225,SLBBL,19,26,150,700.00,"105,000.00"
2020-01-14,2020011401010224,SLBBL,19,37,290,700.00,"203,000.00"
2020-01-14,2020011401010223,SLBBL,19,1,100,699.00,"69,900.00"
2020-01-14,2020011401010222,SLBBL,19,50,100,698.00,"69,800.00"
2020-01-14,2020011401010210,SLBBL,34,58,264,692.00,"182,688.00"
2020-01-14,2020011401010209,SLBBL,22,58,50,693.00,"34,650.00"
2020-01-14,2020011401010208,SLBBL,36,58,218,695.00,"151,510.00"
2020-01-14,2020011401010180,SLBBL,36,52,132,695.00,"91,740.00"
2020-01-14,2020011401010206,SLICL,5,43,68,338.00,"22,984.00"
2020-01-14,2020011401010011,SLICL,5,21,300,338.00,"101,400.00"
2020-01-14,2020011401009956,SLICL,16,29,69,339.00,"23,391.00"
2020-01-14,2020011401009892,SLICL,57,29,50,339.00,"16,950.00"
2020-01-14,2020011401009891,SLICL,29,29,120,339.00,"40,680.00"
2020-01-14,2020011401009890,SLICL,58,29,"1,000",339.00,"339,000.00"
2020-01-14,2020011401010105,SMFBS,25,48,20,"1,024.00","20,480.00"
2020-01-14,2020011401010232,SWBBL,17,47,42,985.00,"41,370.00"
2020-01-14,2020011401010046,SWBBL,34,47,20,985.00,"19,700.00"
2020-01-14,2020011401010057,UFL,17,28,250,169.00,"42,250.00"
2020-01-14,2020011401010056,UFL,52,28,100,169.00,"16,900.00"
2020-01-14,2020011401010055,UFL,54,28,600,169.00,"101,400.00"
2020-01-14,2020011401010054,UFL,16,28,500,169.00,"84,500.00"
2020-01-14,2020011401010053,UFL,26,28,85,170.00,"14,450.00"
2020-01-14,2020011401010202,UPCL,8,36,110,74.00,"8,140.00"
2020-01-14,2020011401009907,UPCL,8,36,110,74.00,"8,140.00"
2020-01-14,2020011401009883,UPCL,8,16,"1,000",74.00,"74,000.00"
2020-01-14,2020011401010252,UPPER,33,43,200,249.00,"49,800.00"
2020-01-14,2020011401010049,UPPER,16,43,300,249.00,"74,700.00"
2020-01-14,2020011401009955,UPPER,1,56,31,248.00,"7,688.00"
2020-01-14,2020011401009926,UPPER,1,44,40,248.00,"9,920.00"
2020-01-14,2020011401010040,VLBS,25,42,100,796.00,"79,600.00"
2020-01-14,2020011401010196,WOMI,45,29,200,940.00,"188,000.00"
2020-01-14,2020011401010195,WOMI,40,29,100,940.00,"94,000.00"
2020-01-14,2020011401010063,WOMI,48,47,193,941.00,"181,613.00"
2020-01-14,2020011401010008,WOMI,48,43,67,941.00,"63,047.00"
2020-01-14,2020011401009982,WOMI,48,21,50,941.00,"47,050.00"
2020-01-14,2020011401009925,WOMI,48,22,100,941.00,"94,100.00"
2020-01-14,2020011401009860,WOMI,48,33,80,941.00,"75,280.00"
2020-01-14,2020011401009859,WOMI,45,33,200,942.00,"188,400.00"
2020-01-14,2020011401009858,WOMI,45,33,20,942.00,"18,840.00"
2020-01-14,2020011401009724,ADBL,6,8,65,379.00,"24,635.00"
2020-01-14,2020011401009723,ADBL,58,8,35,379.00,"13,265.00"
2020-01-14,2020011401009416,AHPC,39,28,"1,000",97.00,"97,000.00"
2020-01-14,2020011401009393,AKJCL,52,51,20,58.00,"1,160.00"
2020-01-14,2020011401009323,AKJCL,52,51,10,58.00,580.00
2020-01-14,2020011401009701,AKPL,21,25,745,136.00,"101,320.00"
2020-01-14,2020011401009695,AKPL,1,55,100,137.00,"13,700.00"
2020-01-14,2020011401009623,AKPL,21,45,13,136.00,"1,768.00"
2020-01-14,2020011401009479,AKPL,40,55,300,137.00,"41,100.00"
2020-01-14,2020011401009361,ALBSL,53,58,230,605.00,"139,150.00"
2020-01-14,2020011401009320,ALBSL,46,45,10,602.00,"6,020.00"
2020-01-14,2020011401009312,ALBSL,46,45,10,602.00,"6,020.00"
2020-01-14,2020011401009774,ALICL,17,35,200,427.00,"85,400.00"
2020-01-14,2020011401009773,ALICL,44,35,98,427.00,"41,846.00"
2020-01-14,2020011401009772,ALICL,57,35,70,428.00,"29,960.00"
2020-01-14,2020011401009571,ALICL,57,37,165,428.00,"70,620.00"
2020-01-14,2020011401009784,API,25,39,27,123.00,"3,321.00"
2020-01-14,2020011401009765,API,25,8,200,122.00,"24,400.00"
2020-01-14,2020011401009764,API,25,55,"1,000",122.00,"122,000.00"
2020-01-14,2020011401009763,API,25,34,500,122.00,"61,000.00"
2020-01-14,2020011401009714,API,45,34,697,122.00,"85,034.00"
2020-01-14,2020011401009713,API,45,57,"1,167",122.00,"142,374.00"
2020-01-14,2020011401009356,API,49,40,100,120.00,"12,000.00"
2020-01-14,2020011401009355,API,50,40,200,120.00,"24,000.00"
2020-01-14,2020011401009354,API,50,40,470,120.00,"56,400.00"
2020-01-14,2020011401009336,API,47,40,200,121.00,"24,200.00"
2020-01-14,2020011401009404,API,16,40,300,119.00,"35,700.00"
2020-01-14,2020011401009403,API,16,40,500,119.00,"59,500.00"
2020-01-14,2020011401009402,API,55,40,"1,000",119.00,"119,000.00"
2020-01-14,2020011401009401,API,45,40,60,119.00,"7,140.00"
2020-01-14,2020011401009400,API,57,40,"2,000",119.00,"238,000.00"
2020-01-14,2020011401009399,API,5,40,940,119.00,"111,860.00"
2020-01-14,2020011401009502,API,25,29,"4,000",119.00,"476,000.00"
2020-01-14,2020011401009487,API,50,29,490,119.00,"58,310.00"
2020-01-14,2020011401009408,API,37,40,"2,000",119.00,"238,000.00"
2020-01-14,2020011401009407,API,25,40,"3,500",119.00,"416,500.00"
2020-01-14,2020011401009406,API,25,40,"3,500",119.00,"416,500.00"
2020-01-14,2020011401009405,API,38,40,250,119.00,"29,750.00"
2020-01-14,2020011401009554,API,25,50,472,120.00,"56,640.00"
2020-01-14,2020011401009553,API,25,50,28,121.00,"3,388.00"
2020-01-14,2020011401009543,API,25,7,"2,472",121.00,"299,112.00"
2020-01-14,2020011401009541,API,25,7,"1,000",121.00,"121,000.00"
2020-01-14,2020011401009534,API,25,29,"3,569",119.00,"424,711.00"
2020-01-14,2020011401009521,API,25,29,"1,000",119.00,"119,000.00"
2020-01-14,2020011401009712,API,45,37,15,122.00,"1,830.00"
2020-01-14,2020011401009711,API,45,29,100,122.00,"12,200.00"
2020-01-14,2020011401009710,API,45,38,21,122.00,"2,562.00"
2020-01-14,2020011401009684,API,25,38,364,122.00,"44,408.00"
2020-01-14,2020011401009672,BBC,41,19,20,"1,901.00","38,020.00"
2020-01-14,2020011401009691,BFC,13,58,500,96.00,"48,000.00"
2020-01-14,2020011401009568,BOKL,40,22,48,229.00,"10,992.00"
2020-01-14,2020011401009567,BOKL,52,22,500,229.00,"114,500.00"
2020-01-14,2020011401009566,BOKL,45,22,352,229.00,"80,608.00"
2020-01-14,2020011401009556,BOKL,40,32,500,230.00,"115,000.00"
2020-01-14,2020011401009495,BPCL,35,17,11,328.00,"3,608.00"
2020-01-14,2020011401009494,BPCL,35,17,11,328.00,"3,608.00"
2020-01-14,2020011401009333,BPCL,28,48,11,326.00,"3,586.00"
2020-01-14,2020011401009614,CBBL,36,26,30,885.00,"26,550.00"
2020-01-14,2020011401009533,CBBL,36,42,57,885.00,"50,445.00"
2020-01-14,2020011401009532,CBBL,42,42,50,886.00,"44,300.00"
2020-01-14,2020011401009707,CBL,34,39,647,139.00,"89,933.00"
2020-01-14,2020011401009706,CBL,17,39,100,139.00,"13,900.00"
2020-01-14,2020011401009705,CBL,28,39,50,139.00,"6,950.00"
2020-01-14,2020011401009704,CBL,46,39,203,139.00,"28,217.00"
2020-01-14,2020011401009778,CCBL,4,56,"1,000",180.00,"180,000.00"
2020-01-14,2020011401009673,CCBL,4,13,400,179.00,"71,600.00"
2020-01-14,2020011401009564,CCBL,4,39,"1,000",180.00,"180,000.00"
2020-01-14,2020011401009563,CCBL,4,55,100,180.00,"18,000.00"
2020-01-14,2020011401009562,CCBL,4,40,110,180.00,"19,800.00"
2020-01-14,2020011401009561,CCBL,4,43,25,180.00,"4,500.00"
2020-01-14,2020011401009352,CCBL,57,11,69,179.00,"12,351.00"
2020-01-14,2020011401009351,CCBL,57,26,81,179.00,"14,499.00"
2020-01-14,2020011401009560,CCBL,4,37,200,180.00,"36,000.00"
2020-01-14,2020011401009559,CCBL,4,22,500,180.00,"90,000.00"
2020-01-14,2020011401009558,CCBL,4,33,264,180.00,"47,520.00"
2020-01-14,2020011401009557,CCBL,4,48,671,180.00,"120,780.00"
2020-01-14,2020011401009409,CCBL,57,11,131,179.00,"23,449.00"
2020-01-14,2020011401009362,CCBL,45,11,100,179.00,"17,900.00"
2020-01-14,2020011401009501,CHCL,58,29,100,425.00,"42,500.00"
2020-01-14,2020011401009492,CHCL,58,50,390,424.00,"165,360.00"
2020-01-14,2020011401009491,CHCL,58,28,500,424.00,"212,000.00"
2020-01-14,2020011401009490,CHCL,58,50,110,422.00,"46,420.00"
2020-01-14,2020011401009753,CIT,26,38,100,"2,215.00","221,500.00"
2020-01-14,2020011401009746,CIT,5,34,100,"2,216.00","221,600.00"
2020-01-14,2020011401009674,CIT,3,7,20,"2,217.00","44,340.00"
2020-01-14,2020011401009638,CIT,16,33,50,"2,220.00","111,000.00"
2020-01-14,2020011401009637,CIT,7,33,100,"2,220.00","222,000.00"
2020-01-14,2020011401009636,CIT,58,33,20,"2,220.00","44,400.00"
2020-01-14,2020011401009489,CIT,48,14,75,"2,226.00","166,950.00"
2020-01-14,2020011401009488,CIT,33,14,25,"2,226.00","55,650.00"
2020-01-14,2020011401009635,CIT,19,33,100,"2,221.00","222,100.00"
2020-01-14,2020011401009634,CIT,51,33,50,"2,223.00","111,150.00"
2020-01-14,2020011401009633,CIT,13,33,50,"2,225.00","111,250.00"
2020-01-14,2020011401009522,CIT,58,17,11,"2,235.00","24,585.00"
2020-01-14,2020011401009507,CIT,34,19,45,"2,226.00","100,170.00"
2020-01-14,2020011401009506,CIT,48,19,25,"2,226.00","55,650.00"
2020-01-14,2020011401009678,CZBIL,48,6,50,199.00,"9,950.00"
2020-01-14,2020011401009342,CZBIL,48,48,12,199.00,"2,388.00"
2020-01-14,2020011401009322,CZBIL,48,26,41,199.00,"8,159.00"
2020-01-14,2020011401009793,DDBL,4,37,196,"1,024.00","200,704.00"
2020-01-14,2020011401009792,DDBL,4,37,32,"1,024.00","32,768.00"
2020-01-14,2020011401009744,DDBL,4,21,10,"1,024.00","10,240.00"
2020-01-14,2020011401009500,DDBL,4,34,550,"1,024.00","563,200.00"
2020-01-14,2020011401009715,EBL,35,35,34,599.00,"20,366.00"
2020-01-14,2020011401009615,EBL,45,22,100,600.00,"60,000.00"
2020-01-14,2020011401009546,EBL,35,11,162,599.00,"97,038.00"
2020-01-14,2020011401009545,EBL,6,11,18,599.00,"10,782.00"
2020-01-14,2020011401009544,EBL,56,11,60,599.00,"35,940.00"
2020-01-14,2020011401009458,EBL,56,34,150,599.00,"89,850.00"
2020-01-14,2020011401009508,EDBL,33,54,100,324.00,"32,400.00"
2020-01-14,2020011401009685,EIC,48,29,10,324.00,"3,240.00"
2020-01-14,2020011401009457,EIC,57,29,10,324.00,"3,240.00"
