Date,Transact. No.,Symbol,Buyer,Seller,Quantity,Rate,Amount
2019-02-25,2019022501004281,ADBL,47,17,17,331.00,"5,627.00"
2019-02-25,2019022501003878,ADBL,26,21,37,330.00,"12,210.00"
2019-02-25,2019022501003827,ADBL,26,46,100,330.00,"33,000.00"
2019-02-25,2019022501003826,ADBL,26,50,95,330.00,"31,350.00"
2019-02-25,2019022501004187,AKJCL,22,58,10,82.00,820.00
2019-02-25,2019022501004030,AKJCL,22,54,10,81.00,810.00
2019-02-25,2019022501004013,AKJCL,22,22,20,80.00,"1,600.00"
2019-02-25,2019022501003875,AKJCL,22,45,20,80.00,"1,600.00"
2019-02-25,2019022501003997,AKPL,22,11,13,152.00,"1,976.00"
2019-02-25,2019022501004224,ALICL,16,35,10,570.00,"5,700.00"
2019-02-25,2019022501004217,ALICL,16,25,134,562.00,"75,308.00"
2019-02-25,2019022501004204,ALICL,16,58,550,558.00,"306,900.00"
2019-02-25,2019022501004203,ALICL,16,44,435,557.00,"242,295.00"
2019-02-25,2019022501004202,ALICL,44,56,"1,867",548.00,"1,023,116.00"
2019-02-25,2019022501004201,ALICL,36,56,500,548.00,"274,000.00"
2019-02-25,2019022501004188,ALICL,17,56,30,552.00,"16,560.00"
2019-02-25,2019022501003891,ALICL,32,44,500,553.00,"276,500.00"
2019-02-25,2019022501003890,ALICL,11,44,25,553.00,"13,825.00"
2019-02-25,2019022501004194,ALICL,21,56,200,551.00,"110,200.00"
2019-02-25,2019022501004193,ALICL,45,56,100,551.00,"55,100.00"
2019-02-25,2019022501004192,ALICL,21,56,30,551.00,"16,530.00"
2019-02-25,2019022501004191,ALICL,46,56,100,552.00,"55,200.00"
2019-02-25,2019022501004190,ALICL,49,56,100,552.00,"55,200.00"
2019-02-25,2019022501004189,ALICL,6,56,50,552.00,"27,600.00"
2019-02-25,2019022501004200,ALICL,57,56,100,548.00,"54,800.00"
2019-02-25,2019022501004199,ALICL,25,56,100,549.00,"54,900.00"
2019-02-25,2019022501004198,ALICL,16,56,400,550.00,"220,000.00"
2019-02-25,2019022501004197,ALICL,32,56,400,550.00,"220,000.00"
2019-02-25,2019022501004196,ALICL,46,56,30,550.00,"16,500.00"
2019-02-25,2019022501004195,ALICL,38,56,200,550.00,"110,000.00"
2019-02-25,2019022501004015,API,25,34,50,127.00,"6,350.00"
2019-02-25,2019022501003952,API,22,48,90,126.00,"11,340.00"
2019-02-25,2019022501003864,API,37,34,50,127.00,"6,350.00"
2019-02-25,2019022501003825,API,25,34,51,127.00,"6,477.00"
2019-02-25,2019022501004156,BARUN,38,39,300,92.00,"27,600.00"
2019-02-25,2019022501004315,BOKL,44,57,298,240.00,"71,520.00"
2019-02-25,2019022501004084,BOKL,37,34,300,241.00,"72,300.00"
2019-02-25,2019022501004083,BOKL,28,34,"1,000",241.00,"241,000.00"
2019-02-25,2019022501003895,BOKL,37,39,20,241.00,"4,820.00"
2019-02-25,2019022501003894,BOKL,37,34,900,241.00,"216,900.00"
2019-02-25,2019022501004046,BPCL,1,22,120,346.00,"41,520.00"
2019-02-25,2019022501004045,BPCL,38,22,80,346.00,"27,680.00"
2019-02-25,2019022501003903,CBBL,13,6,100,875.00,"87,500.00"
2019-02-25,2019022501004035,CBL,52,43,93,148.00,"13,764.00"
2019-02-25,2019022501004034,CBL,52,43,100,148.00,"14,800.00"
2019-02-25,2019022501004033,CBL,13,43,50,148.00,"7,400.00"
2019-02-25,2019022501004032,CBL,46,43,100,148.00,"14,800.00"
2019-02-25,2019022501004031,CBL,25,43,157,148.00,"23,236.00"
2019-02-25,2019022501004237,CHCL,32,16,20,502.00,"10,040.00"
2019-02-25,2019022501004236,CHCL,32,32,55,502.00,"27,610.00"
2019-02-25,2019022501004101,CHCL,49,32,20,502.00,"10,040.00"
2019-02-25,2019022501004053,CHCL,38,32,10,502.00,"5,020.00"
2019-02-25,2019022501004028,CHCL,32,32,50,502.00,"25,100.00"
2019-02-25,2019022501003977,CHCL,32,32,50,502.00,"25,100.00"
2019-02-25,2019022501003966,CHCL,29,48,100,501.00,"50,100.00"
2019-02-25,2019022501004305,CHLBS,49,41,10,588.00,"5,880.00"
2019-02-25,2019022501004297,CHLBS,49,41,10,588.00,"5,880.00"
2019-02-25,2019022501004258,CHLBS,36,10,10,589.00,"5,890.00"
2019-02-25,2019022501004165,CHLBS,19,40,10,590.00,"5,900.00"
2019-02-25,2019022501004134,CHLBS,19,40,10,590.00,"5,900.00"
2019-02-25,2019022501004133,CHLBS,19,40,10,590.00,"5,900.00"
2019-02-25,2019022501003857,CHLBS,17,10,10,587.00,"5,870.00"
2019-02-25,2019022501003841,CHLBS,17,38,10,587.00,"5,870.00"
2019-02-25,2019022501003834,CHLBS,17,38,10,587.00,"5,870.00"
2019-02-25,2019022501003824,CHLBS,57,38,10,587.00,"5,870.00"
2019-02-25,2019022501003823,CHLBS,45,38,10,588.00,"5,880.00"
2019-02-25,2019022501003882,CHLBS,38,51,10,589.00,"5,890.00"
2019-02-25,2019022501003881,CHLBS,38,51,10,589.00,"5,890.00"
2019-02-25,2019022501003880,CHLBS,38,51,10,589.00,"5,890.00"
2019-02-25,2019022501003879,CHLBS,38,51,10,589.00,"5,890.00"
2019-02-25,2019022501003874,CHLBS,17,10,10,587.00,"5,870.00"
2019-02-25,2019022501003872,CHLBS,17,10,10,587.00,"5,870.00"
2019-02-25,2019022501003896,CHLBS,17,10,10,587.00,"5,870.00"
2019-02-25,2019022501003887,CHLBS,17,10,10,587.00,"5,870.00"
2019-02-25,2019022501003886,CHLBS,17,10,10,587.00,"5,870.00"
2019-02-25,2019022501003885,CHLBS,38,58,10,589.00,"5,890.00"
2019-02-25,2019022501003884,CHLBS,38,51,10,589.00,"5,890.00"
2019-02-25,2019022501003883,CHLBS,38,51,10,589.00,"5,890.00"
2019-02-25,2019022501003941,CHLBS,13,10,10,586.00,"5,860.00"
2019-02-25,2019022501003933,CHLBS,13,10,10,586.00,"5,860.00"
2019-02-25,2019022501003922,CHLBS,13,35,10,586.00,"5,860.00"
2019-02-25,2019022501003918,CHLBS,13,10,10,586.00,"5,860.00"
2019-02-25,2019022501003912,CHLBS,17,10,10,587.00,"5,870.00"
2019-02-25,2019022501003904,CHLBS,17,10,10,587.00,"5,870.00"
2019-02-25,2019022501004112,CHLBS,42,55,10,588.00,"5,880.00"
2019-02-25,2019022501004072,CHLBS,6,40,10,586.00,"5,860.00"
2019-02-25,2019022501004001,CHLBS,32,25,10,585.00,"5,850.00"
2019-02-25,2019022501003995,CHLBS,32,25,10,585.00,"5,850.00"
2019-02-25,2019022501003985,CHLBS,11,10,10,585.00,"5,850.00"
2019-02-25,2019022501003958,CHLBS,13,10,10,586.00,"5,860.00"
2019-02-25,2019022501004298,CIT,33,34,50,"2,530.00","126,500.00"
2019-02-25,2019022501004127,CIT,22,22,40,"2,539.00","101,560.00"
2019-02-25,2019022501003949,CIT,1,39,20,"2,527.00","50,540.00"
2019-02-25,2019022501003843,CZBIL,39,22,500,202.00,"101,000.00"
2019-02-25,2019022501004080,DBBL,4,42,500,123.00,"61,500.00"
2019-02-25,2019022501004234,DDBL,55,54,272,580.00,"157,760.00"
2019-02-25,2019022501004113,DDBL,46,6,100,580.00,"58,000.00"
2019-02-25,2019022501003926,EBL,28,5,34,509.00,"17,306.00"
2019-02-25,2019022501004018,EBL,33,35,149,507.00,"75,543.00"
2019-02-25,2019022501004017,EBL,57,35,331,508.00,"168,148.00"
2019-02-25,2019022501004016,EBL,34,35,20,508.00,"10,160.00"
2019-02-25,2019022501004218,EBL,47,34,500,510.00,"255,000.00"
2019-02-25,2019022501004129,EBL,36,42,50,509.00,"25,450.00"
2019-02-25,2019022501004065,EBL,52,5,16,509.00,"8,144.00"
2019-02-25,2019022501004147,FMDBL,19,45,70,358.00,"25,060.00"
2019-02-25,2019022501004146,FMDBL,35,45,63,358.00,"22,554.00"
2019-02-25,2019022501004145,FMDBL,28,45,100,359.00,"35,900.00"
2019-02-25,2019022501004144,FMDBL,28,45,67,359.00,"24,053.00"
2019-02-25,2019022501003989,FMDBL,28,36,40,359.00,"14,360.00"
2019-02-25,2019022501003988,FMDBL,22,36,60,360.00,"21,600.00"
2019-02-25,2019022501003987,FMDBL,19,36,100,360.00,"36,000.00"
2019-02-25,2019022501004048,FOWAD,33,8,15,"1,533.00","22,995.00"
2019-02-25,2019022501003967,FOWAD,41,45,26,"1,530.00","39,780.00"
2019-02-25,2019022501003963,FOWAD,33,32,10,"1,529.00","15,290.00"
2019-02-25,2019022501003850,GBLBS,49,58,70,446.00,"31,220.00"
2019-02-25,2019022501003849,GBLBS,49,16,200,446.00,"89,200.00"
2019-02-25,2019022501003848,GBLBS,49,42,20,446.00,"8,920.00"
2019-02-25,2019022501003847,GBLBS,49,57,100,445.00,"44,500.00"
2019-02-25,2019022501003846,GBLBS,49,10,10,445.00,"4,450.00"
2019-02-25,2019022501003845,GBLBS,49,50,10,445.00,"4,450.00"
2019-02-25,2019022501003839,GBLBS,49,16,10,440.00,"4,400.00"
2019-02-25,2019022501003828,GBLBS,49,16,10,440.00,"4,400.00"
2019-02-25,2019022501004132,GIMES1,54,38,580,7.55,"4,379.00"
2019-02-25,2019022501003986,GIMES1,56,38,"2,200",7.69,"16,918.00"
2019-02-25,2019022501004318,GLICL,36,58,10,683.00,"6,830.00"
2019-02-25,2019022501004219,GLICL,58,32,300,693.00,"207,900.00"
2019-02-25,2019022501004139,GLICL,58,17,300,695.00,"208,500.00"
2019-02-25,2019022501004138,GLICL,58,53,60,694.00,"41,640.00"
2019-02-25,2019022501004104,GLICL,36,25,100,693.00,"69,300.00"
2019-02-25,2019022501004148,HATH,4,4,10,110.00,"1,100.00"
2019-02-25,2019022501004225,HGI,42,39,50,385.00,"19,250.00"
2019-02-25,2019022501004206,HGI,42,34,150,385.00,"57,750.00"
2019-02-25,2019022501004291,HIDCL,26,44,56,131.00,"7,336.00"
2019-02-25,2019022501004061,HIDCL,53,44,125,130.00,"16,250.00"
2019-02-25,2019022501004060,HIDCL,5,44,100,130.00,"13,000.00"
2019-02-25,2019022501004059,HIDCL,57,44,500,130.00,"65,000.00"
2019-02-25,2019022501004058,HIDCL,1,44,275,130.00,"35,750.00"
2019-02-25,2019022501003838,HPPL,10,42,10,172.00,"1,720.00"
2019-02-25,2019022501004312,IGI,32,18,100,405.00,"40,500.00"
2019-02-25,2019022501003868,IGI,53,28,230,413.00,"94,990.00"
2019-02-25,2019022501003866,IGI,32,28,20,413.00,"8,260.00"
2019-02-25,2019022501004040,IGI,53,18,20,413.00,"8,260.00"
2019-02-25,2019022501004257,JBBL,58,58,149,134.00,"19,966.00"
2019-02-25,2019022501004256,JBBL,33,58,21,134.00,"2,814.00"
2019-02-25,2019022501003973,JBNL,57,38,200,164.00,"32,800.00"
2019-02-25,2019022501003972,JBNL,57,47,854,164.00,"140,056.00"
2019-02-25,2019022501003956,JBNL,57,47,290,164.00,"47,560.00"
2019-02-25,2019022501003955,JBNL,57,33,710,164.00,"116,440.00"
2019-02-25,2019022501003892,JBNL,59,33,50,164.00,"8,200.00"
2019-02-25,2019022501003836,KBBL,13,29,500,208.00,"104,000.00"
2019-02-25,2019022501004210,KBL,52,58,500,230.00,"115,000.00"
2019-02-25,2019022501004209,KBL,46,58,100,230.00,"23,000.00"
2019-02-25,2019022501004279,KMFL,56,17,140,906.00,"126,840.00"
2019-02-25,2019022501004255,KMFL,32,17,10,906.00,"9,060.00"
2019-02-25,2019022501004295,KPCL,58,11,10,91.00,910.00
2019-02-25,2019022501004294,KPCL,58,39,10,91.00,910.00
2019-02-25,2019022501004293,KPCL,58,39,10,91.00,910.00
2019-02-25,2019022501004292,KPCL,58,39,10,91.00,910.00
2019-02-25,2019022501003976,KPCL,40,38,10,90.00,900.00
2019-02-25,2019022501003905,KPCL,40,28,10,90.00,900.00
2019-02-25,2019022501003877,KPCL,6,28,10,90.00,900.00
2019-02-25,2019022501004085,KPCL,40,58,10,90.00,900.00
2019-02-25,2019022501003984,LGIL,28,25,500,515.00,"257,500.00"
2019-02-25,2019022501003983,LGIL,28,34,300,514.00,"154,200.00"
2019-02-25,2019022501003982,LGIL,28,34,200,514.00,"102,800.00"
2019-02-25,2019022501003981,LGIL,28,28,200,513.00,"102,600.00"
2019-02-25,2019022501003980,LGIL,28,48,100,510.00,"51,000.00"
2019-02-25,2019022501003979,LGIL,28,32,76,510.00,"38,760.00"
2019-02-25,2019022501003978,LGIL,28,59,41,509.00,"20,869.00"
2019-02-25,2019022501003902,LICN,16,7,190,"1,605.00","304,950.00"
2019-02-25,2019022501004050,LLBS,32,40,150,770.00,"115,500.00"
2019-02-25,2019022501004049,LLBS,32,48,100,765.00,"76,500.00"
2019-02-25,2019022501004153,MBL,35,50,200,207.00,"41,400.00"
2019-02-25,2019022501003974,MBL,25,50,50,207.00,"10,350.00"
2019-02-25,2019022501003899,MBL,38,33,50,206.00,"10,300.00"
2019-02-25,2019022501003898,MBL,40,33,50,206.00,"10,300.00"
2019-02-25,2019022501003931,MDB,19,38,90,280.00,"25,200.00"
2019-02-25,2019022501003930,MDB,19,41,700,280.00,"196,000.00"
2019-02-25,2019022501003929,MDB,19,58,10,279.00,"2,790.00"
2019-02-25,2019022501004303,MEGA,16,1,100,160.00,"16,000.00"
2019-02-25,2019022501004006,MEGA,39,43,500,159.00,"79,500.00"
2019-02-25,2019022501004005,MEGA,39,43,500,159.00,"79,500.00"
2019-02-25,2019022501004004,MEGA,39,17,180,159.00,"28,620.00"
2019-02-25,2019022501003917,MEGA,21,58,36,158.00,"5,688.00"
2019-02-25,2019022501003907,MEGA,39,17,320,159.00,"50,880.00"
2019-02-25,2019022501003897,MEGA,57,17,200,159.00,"31,800.00"
2019-02-25,2019022501003873,MEGA,26,17,100,159.00,"15,900.00"
2019-02-25,2019022501003858,MEGA,59,17,100,159.00,"15,900.00"
2019-02-25,2019022501003840,MEGA,32,17,500,159.00,"79,500.00"
2019-02-25,2019022501004108,MLBBL,57,50,60,588.00,"35,280.00"
2019-02-25,2019022501004290,MMFDB,43,35,15,949.00,"14,235.00"
2019-02-25,2019022501004211,MMFDB,49,25,10,965.00,"9,650.00"
2019-02-25,2019022501004304,MNBBL,58,28,10,336.00,"3,360.00"
2019-02-25,2019022501004140,MNBBL,58,41,74,335.00,"24,790.00"
2019-02-25,2019022501004103,MNBBL,7,41,426,335.00,"142,710.00"
2019-02-25,2019022501004102,MNBBL,7,13,174,335.00,"58,290.00"
2019-02-25,2019022501004014,MNBBL,51,13,64,335.00,"21,440.00"
2019-02-25,2019022501004009,MNBBL,14,6,136,334.00,"45,424.00"
2019-02-25,2019022501003940,MNBBL,20,6,200,334.00,"66,800.00"
2019-02-25,2019022501003915,MNBBL,49,6,59,334.00,"19,706.00"
2019-02-25,2019022501003830,MNBBL,33,13,200,335.00,"67,000.00"
2019-02-25,2019022501004311,NABIL,40,43,141,794.00,"111,954.00"
2019-02-25,2019022501004289,NABIL,28,17,90,790.00,"71,100.00"
2019-02-25,2019022501004288,NABIL,39,17,10,791.00,"7,910.00"
2019-02-25,2019022501004216,NABIL,13,17,200,793.00,"158,600.00"
2019-02-25,2019022501004186,NABIL,28,25,153,790.00,"120,870.00"
2019-02-25,2019022501004182,NABIL,25,25,60,790.00,"47,400.00"
2019-02-25,2019022501003900,NABIL,13,48,100,792.00,"79,200.00"
2019-02-25,2019022501003869,NABIL,17,48,400,792.00,"316,800.00"
2019-02-25,2019022501003863,NABIL,32,48,50,792.00,"39,600.00"
2019-02-25,2019022501003862,NABIL,29,48,12,792.00,"9,504.00"
2019-02-25,2019022501003861,NABIL,19,48,35,792.00,"27,720.00"
2019-02-25,2019022501003837,NABIL,19,49,65,792.00,"51,480.00"
2019-02-25,2019022501003942,NABIL,32,39,110,792.00,"87,120.00"
2019-02-25,2019022501003936,NABIL,42,17,15,793.00,"11,895.00"
2019-02-25,2019022501003928,NABIL,42,17,20,793.00,"15,860.00"
2019-02-25,2019022501003927,NABIL,42,34,30,793.00,"23,790.00"
2019-02-25,2019022501003914,NABIL,32,17,40,792.00,"31,680.00"
2019-02-25,2019022501003913,NABIL,35,17,200,792.00,"158,400.00"
2019-02-25,2019022501004042,NABIL,17,17,100,793.00,"79,300.00"
2019-02-25,2019022501004026,NABIL,28,17,13,793.00,"10,309.00"
2019-02-25,2019022501004000,NABIL,39,39,17,792.00,"13,464.00"
2019-02-25,2019022501003994,NABIL,28,39,13,792.00,"10,296.00"
2019-02-25,2019022501003971,NABIL,22,39,10,792.00,"7,920.00"
2019-02-25,2019022501003953,NABIL,1,39,50,792.00,"39,600.00"
2019-02-25,2019022501004106,NABIL,32,17,10,793.00,"7,930.00"
2019-02-25,2019022501004105,NABIL,48,17,20,793.00,"15,860.00"
2019-02-25,2019022501004097,NABIL,17,17,100,793.00,"79,300.00"
2019-02-25,2019022501004087,NABIL,52,17,87,793.00,"68,991.00"
2019-02-25,2019022501004063,NABIL,45,17,15,793.00,"11,895.00"
2019-02-25,2019022501004054,NABIL,6,42,50,792.00,"39,600.00"
2019-02-25,2019022501004163,NABIL,57,36,153,793.00,"121,329.00"
2019-02-25,2019022501004159,NABIL,35,36,34,793.00,"26,962.00"
2019-02-25,2019022501004158,NABIL,35,43,366,793.00,"290,238.00"
2019-02-25,2019022501004131,NABIL,28,43,134,793.00,"106,262.00"
2019-02-25,2019022501004130,NABIL,28,17,66,793.00,"52,338.00"
2019-02-25,2019022501004115,NABIL,6,35,25,792.00,"19,800.00"
2019-02-25,2019022501004175,NABIL,25,25,100,791.00,"79,100.00"
2019-02-25,2019022501004174,NABIL,6,25,101,791.00,"79,891.00"
2019-02-25,2019022501004173,NABIL,11,25,70,792.00,"55,440.00"
2019-02-25,2019022501004172,NABIL,28,25,30,792.00,"23,760.00"
2019-02-25,2019022501004171,NABIL,6,25,25,792.00,"19,800.00"
2019-02-25,2019022501004170,NABIL,57,25,47,793.00,"37,271.00"
2019-02-25,2019022501004181,NABIL,21,25,200,790.00,"158,000.00"
2019-02-25,2019022501004180,NABIL,13,25,50,790.00,"39,500.00"
2019-02-25,2019022501004179,NABIL,40,25,50,790.00,"39,500.00"
2019-02-25,2019022501004178,NABIL,35,25,600,790.00,"474,000.00"
2019-02-25,2019022501004177,NABIL,16,25,100,790.00,"79,000.00"
2019-02-25,2019022501004176,NABIL,58,25,100,790.00,"79,000.00"
2019-02-25,2019022501004302,NABILP,42,41,10,750.00,"7,500.00"
2019-02-25,2019022501003842,NABILP,35,35,200,746.00,"149,200.00"
2019-02-25,2019022501003923,NABILP,49,57,20,747.00,"14,940.00"
2019-02-25,2019022501003893,NABILP,45,33,119,746.00,"88,774.00"
2019-02-25,2019022501003888,NABILP,45,35,14,746.00,"10,444.00"
2019-02-25,2019022501004003,NABILP,28,47,13,750.00,"9,750.00"
2019-02-25,2019022501003925,NABILP,49,36,200,748.00,"149,600.00"
2019-02-25,2019022501003924,NABILP,49,49,276,748.00,"206,448.00"
2019-02-25,2019022501004039,NABILP,17,32,50,752.00,"37,600.00"
2019-02-25,2019022501004011,NABILP,44,47,20,750.00,"15,000.00"
2019-02-25,2019022501004010,NABILP,44,47,247,750.00,"185,250.00"
2019-02-25,2019022501004118,NABILP,17,41,100,750.00,"75,000.00"
2019-02-25,2019022501004109,NABILP,14,41,50,750.00,"37,500.00"
2019-02-25,2019022501004250,NABILP,35,41,300,750.00,"225,000.00"
2019-02-25,2019022501004221,NABILP,20,41,40,750.00,"30,000.00"
2019-02-25,2019022501004272,NADEP,14,46,10,707.00,"7,070.00"
2019-02-25,2019022501003822,NADEP,6,54,20,708.00,"14,160.00"
2019-02-25,2019022501004079,NBB,28,17,50,184.00,"9,200.00"
2019-02-25,2019022501004056,NBB,38,17,10,184.00,"1,840.00"
2019-02-25,2019022501004253,NBL,56,28,"4,179",283.00,"1,182,657.00"
2019-02-25,2019022501004222,NBL,47,28,500,283.00,"141,500.00"
2019-02-25,2019022501004230,NCCB,52,5,100,205.00,"20,500.00"
2019-02-25,2019022501004220,NCCB,32,5,100,205.00,"20,500.00"
2019-02-25,2019022501004051,NCCB,17,57,500,204.00,"102,000.00"
2019-02-25,2019022501003951,NCCB,59,57,40,204.00,"8,160.00"
2019-02-25,2019022501003950,NCCB,33,57,250,204.00,"51,000.00"
2019-02-25,2019022501003938,NEF,21,54,"1,955",7.76,"15,170.80"
2019-02-25,2019022501004301,NIB,6,43,328,506.00,"165,968.00"
2019-02-25,2019022501004300,NIB,6,45,20,506.00,"10,120.00"
2019-02-25,2019022501004299,NIB,6,20,152,506.00,"76,912.00"
2019-02-25,2019022501004137,NIB,47,44,40,505.00,"20,200.00"
2019-02-25,2019022501004136,NIB,14,44,50,505.00,"25,250.00"
2019-02-25,2019022501004135,NIB,39,44,25,505.00,"12,625.00"
2019-02-25,2019022501004066,NIB,38,20,10,506.00,"5,060.00"
2019-02-25,2019022501004027,NIB,57,20,256,506.00,"129,536.00"
2019-02-25,2019022501003990,NIB,58,20,50,506.00,"25,300.00"
2019-02-25,2019022501003921,NIB,25,20,100,506.00,"50,600.00"
2019-02-25,2019022501004071,NIBPO,38,34,10,469.00,"4,690.00"
2019-02-25,2019022501004317,NICA,25,48,163,374.00,"60,962.00"
2019-02-25,2019022501004316,NICA,45,48,20,374.00,"7,480.00"
2019-02-25,2019022501004310,NICA,19,19,18,374.00,"6,732.00"
2019-02-25,2019022501004309,NICA,6,19,100,375.00,"37,500.00"
2019-02-25,2019022501004185,NICA,19,49,25,374.00,"9,350.00"
2019-02-25,2019022501004184,NICA,40,49,10,375.00,"3,750.00"
2019-02-25,2019022501004183,NICA,40,49,10,375.00,"3,750.00"
2019-02-25,2019022501004150,NICA,35,6,12,375.00,"4,500.00"
2019-02-25,2019022501004149,NICA,50,6,100,375.00,"37,500.00"
2019-02-25,2019022501004067,NICA,45,6,125,376.00,"47,000.00"
2019-02-25,2019022501003954,NICA,45,6,125,376.00,"47,000.00"
2019-02-25,2019022501003948,NICL,17,33,472,377.00,"177,944.00"
2019-02-25,2019022501003947,NICL,17,58,100,376.00,"37,600.00"
2019-02-25,2019022501003946,NICL,17,1,100,376.00,"37,600.00"
2019-02-25,2019022501003945,NICL,17,25,78,376.00,"29,328.00"
2019-02-25,2019022501003944,NICL,17,41,200,374.00,"74,800.00"
2019-02-25,2019022501003943,NICL,17,42,50,374.00,"18,700.00"
2019-02-25,2019022501004314,NIL,57,19,20,524.00,"10,480.00"
2019-02-25,2019022501004313,NIL,57,55,80,524.00,"41,920.00"
2019-02-25,2019022501004254,NIL,25,55,120,524.00,"62,880.00"
2019-02-25,2019022501004249,NIL,25,38,200,520.00,"104,000.00"
2019-02-25,2019022501004248,NIL,25,53,50,520.00,"26,000.00"
2019-02-25,2019022501004247,NIL,25,1,110,520.00,"57,200.00"
2019-02-25,2019022501004116,NIL,37,39,50,514.00,"25,700.00"
2019-02-25,2019022501004098,NIL,25,1,450,514.00,"231,300.00"
2019-02-25,2019022501004021,NIL,37,1,40,514.00,"20,560.00"
2019-02-25,2019022501004020,NIL,37,44,340,514.00,"174,760.00"
2019-02-25,2019022501004019,NIL,37,58,20,513.00,"10,260.00"
2019-02-25,2019022501004246,NIL,25,44,70,520.00,"36,400.00"
2019-02-25,2019022501004245,NIL,25,34,100,519.00,"51,900.00"
2019-02-25,2019022501004244,NIL,25,19,100,515.00,"51,500.00"
2019-02-25,2019022501004243,NIL,25,34,50,515.00,"25,750.00"
2019-02-25,2019022501004242,NIL,25,58,200,514.00,"102,800.00"
2019-02-25,2019022501004117,NIL,37,34,450,515.00,"231,750.00"
2019-02-25,2019022501003934,NLBBL,38,38,339,451.00,"152,889.00"
2019-02-25,2019022501003932,NLBBL,33,33,20,460.00,"9,200.00"
2019-02-25,2019022501004319,NLIC,36,32,100,"1,010.00","101,000.00"
2019-02-25,2019022501003871,NLIC,11,57,15,"1,015.00","15,225.00"
2019-02-25,2019022501003865,NLIC,55,50,100,"1,010.00","101,000.00"
2019-02-25,2019022501003860,NLIC,11,34,21,"1,015.00","21,315.00"
2019-02-25,2019022501003859,NLIC,11,44,17,"1,014.00","17,238.00"
2019-02-25,2019022501004002,NLICL,37,35,200,624.00,"124,800.00"
2019-02-25,2019022501004306,NMB,49,54,12,302.00,"3,624.00"
2019-02-25,2019022501004215,NMB,8,54,"1,000",303.00,"303,000.00"
2019-02-25,2019022501004214,NMB,11,54,10,303.00,"3,030.00"
2019-02-25,2019022501004213,NMB,57,54,78,303.00,"23,634.00"
2019-02-25,2019022501004143,NMB,57,54,922,303.00,"279,366.00"
2019-02-25,2019022501004142,NMB,32,54,100,303.00,"30,300.00"
2019-02-25,2019022501003821,NMB,42,54,500,304.00,"152,000.00"
2019-02-25,2019022501003820,NMB,46,54,100,304.00,"30,400.00"
2019-02-25,2019022501004141,NMB,13,54,288,303.00,"87,264.00"
2019-02-25,2019022501004111,NMB,13,44,212,303.00,"64,236.00"
2019-02-25,2019022501004110,NMB,6,44,75,304.00,"22,800.00"
2019-02-25,2019022501004057,NMB,13,54,300,305.00,"91,500.00"
2019-02-25,2019022501004041,NMB,6,34,25,304.00,"7,600.00"
2019-02-25,2019022501003993,NMB,32,54,50,305.00,"15,250.00"
2019-02-25,2019022501003937,NMBHF1,56,6,648,8.83,"5,721.84"
2019-02-25,2019022501004152,NSEWA,11,25,50,544.00,"27,200.00"
2019-02-25,2019022501004151,NSEWA,11,25,50,544.00,"27,200.00"
2019-02-25,2019022501004070,NTC,28,29,20,690.00,"13,800.00"
2019-02-25,2019022501003906,OHL,47,35,50,422.00,"21,100.00"
2019-02-25,2019022501004232,PCBL,38,35,500,307.00,"153,500.00"
2019-02-25,2019022501004229,PCBL,42,38,"1,000",305.00,"305,000.00"
2019-02-25,2019022501004228,PCBL,14,38,15,305.00,"4,575.00"
2019-02-25,2019022501004227,PCBL,1,38,100,306.00,"30,600.00"
2019-02-25,2019022501004226,PCBL,43,38,25,306.00,"7,650.00"
2019-02-25,2019022501004128,PCBL,53,35,500,307.00,"153,500.00"
2019-02-25,2019022501003855,PCBL,41,41,135,307.00,"41,445.00"
2019-02-25,2019022501004270,PFL,47,39,50,128.00,"6,400.00"
2019-02-25,2019022501004269,PFL,47,39,50,128.00,"6,400.00"
2019-02-25,2019022501004268,PFL,47,29,"1,393",128.00,"178,304.00"
2019-02-25,2019022501004267,PFL,47,39,100,128.00,"12,800.00"
2019-02-25,2019022501004266,PFL,47,39,50,128.00,"6,400.00"
2019-02-25,2019022501004265,PFL,47,29,254,127.00,"32,258.00"
2019-02-25,2019022501004264,PFL,47,11,26,127.00,"3,302.00"
2019-02-25,2019022501004263,PFL,47,11,26,127.00,"3,302.00"
2019-02-25,2019022501004262,PFL,47,11,26,127.00,"3,302.00"
2019-02-25,2019022501004261,PFL,47,11,26,127.00,"3,302.00"
2019-02-25,2019022501004260,PFL,47,11,26,127.00,"3,302.00"
2019-02-25,2019022501004259,PFL,47,11,26,127.00,"3,302.00"
2019-02-25,2019022501004307,PIC,19,45,11,996.00,"10,956.00"
2019-02-25,2019022501004107,PIC,33,58,22,998.00,"21,956.00"
2019-02-25,2019022501004069,PIC,32,58,25,"1,000.00","25,000.00"
2019-02-25,2019022501004068,PIC,32,58,10,"1,000.00","10,000.00"
2019-02-25,2019022501004238,PLIC,43,1,99,443.00,"43,857.00"
2019-02-25,2019022501004162,PLIC,43,47,100,443.00,"44,300.00"
2019-02-25,2019022501004161,PLIC,43,38,80,443.00,"35,440.00"
2019-02-25,2019022501004160,PLIC,43,35,721,440.00,"317,240.00"
2019-02-25,2019022501004155,PLIC,21,35,34,440.00,"14,960.00"
2019-02-25,2019022501004154,PLIC,21,3,16,440.00,"7,040.00"
2019-02-25,2019022501003911,PLIC,42,6,81,438.00,"35,478.00"
2019-02-25,2019022501003851,PMHPL,56,38,10,106.00,"1,060.00"
2019-02-25,2019022501003910,PRIN,22,22,154,408.00,"62,832.00"
2019-02-25,2019022501003909,PRIN,29,22,240,408.00,"97,920.00"
2019-02-25,2019022501003908,PRIN,6,22,50,409.00,"20,450.00"
2019-02-25,2019022501004277,PRVU,28,14,"3,000",210.00,"630,000.00"
2019-02-25,2019022501004169,PRVU,28,29,418,210.00,"87,780.00"
2019-02-25,2019022501004168,PRVU,28,47,250,210.00,"52,500.00"
2019-02-25,2019022501004167,PRVU,28,6,490,210.00,"102,900.00"
2019-02-25,2019022501004166,PRVU,28,43,90,210.00,"18,900.00"
2019-02-25,2019022501004157,PRVU,28,49,100,209.00,"20,900.00"
2019-02-25,2019022501003962,PRVU,45,43,150,210.00,"31,500.00"
2019-02-25,2019022501003939,PRVU,28,38,128,209.00,"26,752.00"
2019-02-25,2019022501003867,PRVU,57,43,60,210.00,"12,600.00"
2019-02-25,2019022501003835,PRVU,28,58,70,209.00,"14,630.00"
2019-02-25,2019022501003831,PRVU,28,45,403,209.00,"84,227.00"
2019-02-25,2019022501003970,RBCL,59,33,20,"8,950.00","179,000.00"
2019-02-25,2019022501003969,RBCL,7,33,20,"8,955.00","179,100.00"
2019-02-25,2019022501003968,RBCL,18,33,10,"8,960.00","89,600.00"
2019-02-25,2019022501004096,RHPC,1,19,"1,000",84.00,"84,000.00"
2019-02-25,2019022501004095,RHPC,26,19,300,84.00,"25,200.00"
2019-02-25,2019022501004094,RHPC,54,19,"1,000",84.00,"84,000.00"
2019-02-25,2019022501004093,RHPC,59,19,500,85.00,"42,500.00"
2019-02-25,2019022501004092,RHPC,6,19,50,85.00,"4,250.00"
2019-02-25,2019022501004091,RHPC,48,19,50,85.00,"4,250.00"
2019-02-25,2019022501004090,RHPC,13,19,120,85.00,"10,200.00"
2019-02-25,2019022501004089,RHPC,20,19,20,85.00,"1,700.00"
2019-02-25,2019022501004088,RHPC,1,19,107,85.00,"9,095.00"
2019-02-25,2019022501004047,RSDC,40,52,100,375.00,"37,500.00"
2019-02-25,2019022501004043,RSDC,19,28,50,373.00,"18,650.00"
2019-02-25,2019022501003992,RSDC,42,28,20,372.00,"7,440.00"
2019-02-25,2019022501003991,RSDC,50,28,50,372.00,"18,600.00"
2019-02-25,2019022501003964,RSDC,16,28,50,373.00,"18,650.00"
2019-02-25,2019022501004271,SANIMA,14,1,150,291.00,"43,650.00"
2019-02-25,2019022501004082,SANIMA,38,48,10,292.00,"2,920.00"
2019-02-25,2019022501004008,SANIMA,3,48,28,292.00,"8,176.00"
2019-02-25,2019022501003916,SANIMA,56,34,20,293.00,"5,860.00"
2019-02-25,2019022501004240,SBBLJ,45,13,92,185.00,"17,020.00"
2019-02-25,2019022501004239,SBBLJ,56,13,100,186.00,"18,600.00"
2019-02-25,2019022501004081,SBI,58,3,79,375.00,"29,625.00"
2019-02-25,2019022501003935,SBI,21,3,500,375.00,"187,500.00"
2019-02-25,2019022501003870,SBI,21,17,70,374.00,"26,180.00"
2019-02-25,2019022501003844,SBI,16,37,155,373.00,"57,815.00"
2019-02-25,2019022501003889,SBL,53,34,870,276.00,"240,120.00"
2019-02-25,2019022501004126,SCB,35,32,250,525.00,"131,250.00"
2019-02-25,2019022501004125,SCB,28,32,150,525.00,"78,750.00"
2019-02-25,2019022501004124,SCB,1,32,60,525.00,"31,500.00"
2019-02-25,2019022501004123,SCB,19,32,50,525.00,"26,250.00"
2019-02-25,2019022501004122,SCB,55,32,20,526.00,"10,520.00"
2019-02-25,2019022501004121,SCB,19,32,500,526.00,"263,000.00"
2019-02-25,2019022501004120,SCB,32,32,100,527.00,"52,700.00"
2019-02-25,2019022501004119,SCB,43,32,362,527.00,"190,774.00"
2019-02-25,2019022501004073,SCB,45,42,500,528.00,"264,000.00"
2019-02-25,2019022501004280,SDESI,45,38,10,609.00,"6,090.00"
2019-02-25,2019022501003965,SDESI,6,6,13,602.00,"7,826.00"
2019-02-25,2019022501004287,SHINE,14,57,100,246.00,"24,600.00"
2019-02-25,2019022501004286,SHINE,14,32,14,246.00,"3,444.00"
2019-02-25,2019022501004285,SHINE,14,34,300,245.00,"73,500.00"
2019-02-25,2019022501004284,SHINE,14,43,500,245.00,"122,500.00"
2019-02-25,2019022501004283,SHINE,14,41,100,244.00,"24,400.00"
2019-02-25,2019022501003854,SHINE,33,38,200,240.00,"48,000.00"
2019-02-25,2019022501003853,SHINE,57,38,66,240.00,"15,840.00"
2019-02-25,2019022501003852,SHINE,36,38,10,241.00,"2,410.00"
2019-02-25,2019022501003996,SHINE,21,38,21,238.00,"4,998.00"
2019-02-25,2019022501003957,SHINE,17,44,50,239.00,"11,950.00"
2019-02-25,2019022501004055,SHINE,26,44,100,239.00,"23,900.00"
2019-02-25,2019022501004276,SHINE,14,28,500,243.00,"121,500.00"
2019-02-25,2019022501004275,SHINE,14,49,58,242.00,"14,036.00"
2019-02-25,2019022501004274,SHINE,14,34,100,242.00,"24,200.00"
2019-02-25,2019022501004273,SHINE,14,58,100,241.00,"24,100.00"
2019-02-25,2019022501004099,SHPC,45,34,50,217.00,"10,850.00"
2019-02-25,2019022501004024,SHPC,34,22,61,215.00,"13,115.00"
2019-02-25,2019022501004023,SHPC,6,22,50,215.00,"10,750.00"
2019-02-25,2019022501004022,SHPC,36,22,78,215.00,"16,770.00"
2019-02-25,2019022501004012,SHPC,36,41,"1,000",215.00,"215,000.00"
2019-02-25,2019022501004208,SICL,45,10,490,870.00,"426,300.00"
2019-02-25,2019022501004207,SICL,36,10,110,870.00,"95,700.00"
2019-02-25,2019022501004114,SICL,36,26,61,870.00,"53,070.00"
2019-02-25,2019022501004044,SICL,36,6,29,870.00,"25,230.00"
2019-02-25,2019022501004029,SICL,36,33,50,870.00,"43,500.00"
2019-02-25,2019022501003920,SICL,36,43,200,870.00,"174,000.00"
2019-02-25,2019022501003919,SICL,36,35,50,869.00,"43,450.00"
2019-02-25,2019022501004164,SIFC,56,34,25,133.00,"3,325.00"
2019-02-25,2019022501004086,SIL,38,58,10,608.00,"6,080.00"
2019-02-25,2019022501004282,SKBBL,25,34,25,827.00,"20,675.00"
2019-02-25,2019022501003876,SKBBL,38,45,20,830.00,"16,600.00"
2019-02-25,2019022501004100,SLBBL,58,57,21,499.00,"10,479.00"
2019-02-25,2019022501004205,SLBSL,19,33,20,784.00,"15,680.00"
2019-02-25,2019022501003999,SLBSL,39,44,10,780.00,"7,800.00"
2019-02-25,2019022501003998,SLBSL,39,38,10,779.00,"7,790.00"
2019-02-25,2019022501004252,SLICL,52,20,300,526.00,"157,800.00"
2019-02-25,2019022501004251,SLICL,52,4,200,525.00,"105,000.00"
2019-02-25,2019022501004231,SLICL,43,4,500,521.00,"260,500.00"
2019-02-25,2019022501004052,SLICL,43,4,500,521.00,"260,500.00"
2019-02-25,2019022501003961,SLICL,10,4,"1,000",521.00,"521,000.00"
2019-02-25,2019022501003856,SLICL,53,4,100,527.00,"52,700.00"
2019-02-25,2019022501003833,SLICL,53,4,500,526.00,"263,000.00"
2019-02-25,2019022501004296,SMATA,28,58,10,"1,327.00","13,270.00"
2019-02-25,2019022501004223,SMFDB,42,58,10,683.00,"6,830.00"
2019-02-25,2019022501004308,SRBL,17,7,134,206.00,"27,604.00"
2019-02-25,2019022501003832,SRBL,14,32,38,205.00,"7,790.00"
2019-02-25,2019022501004241,SWBBL,45,17,20,815.00,"16,300.00"
2019-02-25,2019022501004278,UPPER,25,16,50,224.00,"11,200.00"
2019-02-25,2019022501003829,UPPER,43,16,50,224.00,"11,200.00"
2019-02-25,2019022501003960,UPPER,32,8,30,224.00,"6,720.00"
2019-02-25,2019022501003959,UPPER,43,8,10,224.00,"2,240.00"
2019-02-25,2019022501003901,UPPER,43,40,40,224.00,"8,960.00"
2019-02-25,2019022501004038,UPPER,25,35,752,224.00,"168,448.00"
2019-02-25,2019022501004037,UPPER,52,35,200,224.00,"44,800.00"
2019-02-25,2019022501004036,UPPER,32,35,48,224.00,"10,752.00"
2019-02-25,2019022501004025,UPPER,32,6,72,224.00,"16,128.00"
2019-02-25,2019022501004007,UPPER,32,22,50,224.00,"11,200.00"
2019-02-25,2019022501004077,UPPER,53,44,500,226.00,"113,000.00"
2019-02-25,2019022501004076,UPPER,53,13,50,225.00,"11,250.00"
2019-02-25,2019022501004075,UPPER,53,35,50,225.00,"11,250.00"
2019-02-25,2019022501004074,UPPER,53,29,240,225.00,"54,000.00"
2019-02-25,2019022501004064,UPPER,45,29,10,225.00,"2,250.00"
2019-02-25,2019022501004062,UPPER,25,35,98,224.00,"21,952.00"
2019-02-25,2019022501004235,UPPER,25,28,40,224.00,"8,960.00"
2019-02-25,2019022501004233,UPPER,25,1,40,224.00,"8,960.00"
2019-02-25,2019022501004212,UPPER,25,16,50,224.00,"11,200.00"
2019-02-25,2019022501004078,UPPER,53,6,160,226.00,"36,160.00"
2019-02-25,2019022501003975,VLBS,39,13,50,670.00,"33,500.00"
2019-02-25,2019022501003673,ADBL,13,51,100,330.00,"33,000.00"
2019-02-25,2019022501003672,ADBL,13,51,200,330.00,"66,000.00"
2019-02-25,2019022501003671,ADBL,13,45,81,330.00,"26,730.00"
2019-02-25,2019022501003670,ADBL,13,19,397,330.00,"131,010.00"
2019-02-25,2019022501003669,ADBL,13,38,240,330.00,"79,200.00"
2019-02-25,2019022501003633,ADBL,8,38,600,330.00,"198,000.00"
2019-02-25,2019022501003340,ADBL,6,34,"1,000",329.00,"329,000.00"
2019-02-25,2019022501003335,ADBL,47,34,550,329.00,"180,950.00"
2019-02-25,2019022501003632,ADBL,8,50,100,330.00,"33,000.00"
2019-02-25,2019022501003631,ADBL,8,43,200,330.00,"66,000.00"
2019-02-25,2019022501003630,ADBL,8,45,100,330.00,"33,000.00"
2019-02-25,2019022501003598,ADBL,13,33,100,329.00,"32,900.00"
2019-02-25,2019022501003389,ADBL,13,58,56,329.00,"18,424.00"
2019-02-25,2019022501003342,ADBL,13,34,450,329.00,"148,050.00"
2019-02-25,2019022501003579,AKJCL,22,11,20,79.00,"1,580.00"
2019-02-25,2019022501003485,AKJCL,22,6,10,78.00,780.00
2019-02-25,2019022501003467,AKJCL,22,50,10,77.00,770.00
2019-02-25,2019022501003781,AKPL,58,44,13,151.00,"1,963.00"
2019-02-25,2019022501003484,AKPL,58,22,39,151.00,"5,889.00"
2019-02-25,2019022501003662,ALICL,1,58,100,555.00,"55,500.00"
2019-02-25,2019022501003661,ALICL,50,58,50,556.00,"27,800.00"
2019-02-25,2019022501003660,ALICL,45,58,100,556.00,"55,600.00"
2019-02-25,2019022501003530,ALICL,35,44,65,559.00,"36,335.00"
2019-02-25,2019022501003529,ALICL,35,44,135,559.00,"75,465.00"
2019-02-25,2019022501003452,ALICL,57,44,320,559.00,"178,880.00"
2019-02-25,2019022501003420,ALICL,42,44,15,559.00,"8,385.00"
2019-02-25,2019022501003419,ALICL,42,58,20,558.00,"11,160.00"
2019-02-25,2019022501003793,API,22,45,850,126.00,"107,100.00"
2019-02-25,2019022501003665,API,25,45,30,126.00,"3,780.00"
2019-02-25,2019022501003605,API,39,28,634,125.00,"79,250.00"
2019-02-25,2019022501003604,API,33,28,400,125.00,"50,000.00"
2019-02-25,2019022501003603,API,42,28,100,125.00,"12,500.00"
2019-02-25,2019022501003561,API,11,45,30,126.00,"3,780.00"
2019-02-25,2019022501003551,API,11,45,40,126.00,"5,040.00"
2019-02-25,2019022501003492,API,11,22,28,125.00,"3,500.00"
2019-02-25,2019022501003478,API,11,50,11,125.00,"1,375.00"
2019-02-25,2019022501003377,API,25,45,42,126.00,"5,292.00"
2019-02-25,2019022501003483,BARUN,39,50,10,91.00,910.00
2019-02-25,2019022501003379,BNT,28,28,30,"6,550.00","196,500.00"
2019-02-25,2019022501003378,BNT,28,38,20,"6,550.00","131,000.00"
2019-02-25,2019022501003734,BOKL,55,34,100,241.00,"24,100.00"
2019-02-25,2019022501003733,BOKL,55,25,200,241.00,"48,200.00"
2019-02-25,2019022501003707,BOKL,29,50,123,240.00,"29,520.00"
2019-02-25,2019022501003418,BOKL,43,49,"1,000",240.00,"240,000.00"
2019-02-25,2019022501003797,BPCL,38,38,10,346.00,"3,460.00"
2019-02-25,2019022501003643,CBBL,36,37,20,869.00,"17,380.00"
2019-02-25,2019022501003525,CBL,25,58,66,148.00,"9,768.00"
2019-02-25,2019022501003570,CCBL,39,58,55,159.00,"8,745.00"
2019-02-25,2019022501003499,CCBL,39,13,70,159.00,"11,130.00"
2019-02-25,2019022501003498,CCBL,14,13,50,159.00,"7,950.00"
2019-02-25,2019022501003497,CCBL,14,13,17,159.00,"2,703.00"
2019-02-25,2019022501003395,CCBL,25,34,88,160.00,"14,080.00"
2019-02-25,2019022501003394,CCBL,25,52,112,160.00,"17,920.00"
2019-02-25,2019022501003346,CCBL,38,52,300,160.00,"48,000.00"
2019-02-25,2019022501003501,CCBLPO,34,40,"2,625",140.00,"367,500.00"
2019-02-25,2019022501003602,CHCL,41,32,100,502.00,"50,200.00"
2019-02-25,2019022501003539,CHCL,33,32,100,502.00,"50,200.00"
2019-02-25,2019022501003435,CHCL,35,32,115,502.00,"57,730.00"
2019-02-25,2019022501003434,CHCL,35,43,135,502.00,"67,770.00"
2019-02-25,2019022501003811,CHLBS,45,38,10,588.00,"5,880.00"
2019-02-25,2019022501003803,CHLBS,45,38,10,588.00,"5,880.00"
2019-02-25,2019022501003792,CHLBS,57,51,10,589.00,"5,890.00"
2019-02-25,2019022501003791,CHLBS,57,51,10,589.00,"5,890.00"
2019-02-25,2019022501003790,CHLBS,57,51,10,589.00,"5,890.00"
2019-02-25,2019022501003789,CHLBS,57,51,10,589.00,"5,890.00"
2019-02-25,2019022501003392,CHLBS,16,44,10,586.00,"5,860.00"
2019-02-25,2019022501003354,CHLBS,16,1,10,586.00,"5,860.00"
2019-02-25,2019022501003339,CHLBS,16,16,10,586.00,"5,860.00"
2019-02-25,2019022501003328,CHLBS,16,41,10,590.00,"5,900.00"
2019-02-25,2019022501003323,CHLBS,16,44,10,590.00,"5,900.00"
2019-02-25,2019022501003580,CHLBS,16,10,10,586.00,"5,860.00"
2019-02-25,2019022501003557,CHLBS,52,58,20,590.00,"11,800.00"
2019-02-25,2019022501003548,CHLBS,16,44,10,590.00,"5,900.00"
2019-02-25,2019022501003547,CHLBS,16,44,10,590.00,"5,900.00"
2019-02-25,2019022501003496,CHLBS,45,44,10,590.00,"5,900.00"
2019-02-25,2019022501003421,CHLBS,41,44,10,590.00,"5,900.00"
2019-02-25,2019022501003616,CHLBS,13,10,10,586.00,"5,860.00"
2019-02-25,2019022501003601,CHLBS,33,49,10,590.00,"5,900.00"
2019-02-25,2019022501003600,CHLBS,33,10,10,590.00,"5,900.00"
2019-02-25,2019022501003599,CHLBS,33,58,30,590.00,"17,700.00"
2019-02-25,2019022501003594,CHLBS,13,10,10,586.00,"5,860.00"
2019-02-25,2019022501003583,CHLBS,16,10,10,586.00,"5,860.00"
2019-02-25,2019022501003695,CHLBS,45,41,10,588.00,"5,880.00"
2019-02-25,2019022501003687,CHLBS,45,10,10,588.00,"5,880.00"
2019-02-25,2019022501003663,CHLBS,45,10,10,588.00,"5,880.00"
2019-02-25,2019022501003651,CHLBS,45,10,10,588.00,"5,880.00"
2019-02-25,2019022501003638,CHLBS,57,10,10,587.00,"5,870.00"
2019-02-25,2019022501003624,CHLBS,57,10,10,587.00,"5,870.00"
2019-02-25,2019022501003788,CHLBS,57,51,10,589.00,"5,890.00"
2019-02-25,2019022501003785,CHLBS,35,51,10,589.00,"5,890.00"
2019-02-25,2019022501003784,CHLBS,35,51,10,589.00,"5,890.00"
2019-02-25,2019022501003782,CHLBS,45,38,10,588.00,"5,880.00"
2019-02-25,2019022501003778,CHLBS,45,38,10,588.00,"5,880.00"
2019-02-25,2019022501003703,CHLBS,45,10,10,588.00,"5,880.00"
2019-02-25,2019022501003477,CLBSL,39,55,50,642.00,"32,100.00"
2019-02-25,2019022501003473,CORBL,52,6,780,90.00,"70,200.00"
2019-02-25,2019022501003801,CZBIL,39,58,40,202.00,"8,080.00"
2019-02-25,2019022501003800,CZBIL,14,58,20,202.00,"4,040.00"
2019-02-25,2019022501003581,CZBIL,14,43,30,202.00,"6,060.00"
2019-02-25,2019022501003531,CZBIL,14,43,50,202.00,"10,100.00"
2019-02-25,2019022501003384,CZBIL,51,29,810,202.00,"163,620.00"
2019-02-25,2019022501003358,CZBIL,38,29,190,202.00,"38,380.00"
2019-02-25,2019022501003357,CZBIL,38,6,10,202.00,"2,020.00"
2019-02-25,2019022501003327,CZBIL,26,22,10,201.00,"2,010.00"
2019-02-25,2019022501003698,DBBL,33,28,162,122.00,"19,764.00"
2019-02-25,2019022501003491,EBL,28,17,56,509.00,"28,504.00"
2019-02-25,2019022501003490,EBL,28,32,110,509.00,"55,990.00"
2019-02-25,2019022501003482,EBL,25,58,18,506.00,"9,108.00"
2019-02-25,2019022501003332,EIC,39,58,13,815.00,"10,595.00"
2019-02-25,2019022501003659,FMDBL,19,14,100,360.00,"36,000.00"
2019-02-25,2019022501003658,FMDBL,32,14,100,360.00,"36,000.00"
2019-02-25,2019022501003403,FMDBL,19,8,155,365.00,"56,575.00"
2019-02-25,2019022501003402,FMDBL,19,42,100,363.00,"36,300.00"
2019-02-25,2019022501003400,FMDBL,32,58,100,360.00,"36,000.00"
2019-02-25,2019022501003787,FOWAD,47,37,40,"1,529.00","61,160.00"
2019-02-25,2019022501003786,FOWAD,47,45,20,"1,529.00","30,580.00"
2019-02-25,2019022501003719,GBBL,36,57,800,182.00,"145,600.00"
2019-02-25,2019022501003718,GBBL,36,47,200,182.00,"36,400.00"
2019-02-25,2019022501003646,GBBL,43,26,60,181.00,"10,860.00"
2019-02-25,2019022501003645,GBBL,43,34,"1,000",181.00,"181,000.00"
2019-02-25,2019022501003644,GBBL,43,37,47,181.00,"8,507.00"
2019-02-25,2019022501003565,GBIME,32,52,109,260.00,"28,340.00"
2019-02-25,2019022501003564,GBIME,32,28,41,260.00,"10,660.00"
2019-02-25,2019022501003506,GBIME,59,50,18,257.00,"4,626.00"
2019-02-25,2019022501003493,GBIME,59,58,36,257.00,"9,252.00"
2019-02-25,2019022501003405,GBIME,52,28,40,259.00,"10,360.00"
2019-02-25,2019022501003353,GBIME,59,59,56,257.00,"14,392.00"
2019-02-25,2019022501003341,GBIME,43,21,"1,000",258.00,"258,000.00"
2019-02-25,2019022501003817,GBLBS,49,16,10,440.00,"4,400.00"
2019-02-25,2019022501003732,GBLBS,49,16,10,440.00,"4,400.00"
2019-02-25,2019022501003728,GBLBS,49,16,10,440.00,"4,400.00"
2019-02-25,2019022501003712,GBLBS,52,16,10,435.00,"4,350.00"
2019-02-25,2019022501003694,GBLBS,52,16,10,435.00,"4,350.00"
2019-02-25,2019022501003680,GBLBS,52,16,10,435.00,"4,350.00"
2019-02-25,2019022501003471,GBLBS,13,39,10,446.00,"4,460.00"
2019-02-25,2019022501003442,GBLBS,1,47,10,440.00,"4,400.00"
2019-02-25,2019022501003441,GBLBS,1,32,10,440.00,"4,400.00"
2019-02-25,2019022501003349,GBLBS,50,1,10,435.00,"4,350.00"
2019-02-25,2019022501003657,GBLBS,22,16,10,438.00,"4,380.00"
2019-02-25,2019022501003656,GBLBS,22,16,10,438.00,"4,380.00"
2019-02-25,2019022501003647,GBLBS,22,16,10,438.00,"4,380.00"
2019-02-25,2019022501003641,GBLBS,22,16,10,438.00,"4,380.00"
2019-02-25,2019022501003627,GBLBS,22,16,10,438.00,"4,380.00"
2019-02-25,2019022501003623,GBLBS,22,16,10,438.00,"4,380.00"
2019-02-25,2019022501003806,GDBL,57,43,64,180.00,"11,520.00"
2019-02-25,2019022501003560,GDBL,57,50,36,180.00,"6,480.00"
2019-02-25,2019022501003406,GDBL,45,58,18,179.00,"3,222.00"
2019-02-25,2019022501003401,GDBL,45,28,251,179.00,"44,929.00"
2019-02-25,2019022501003453,GLICL,13,34,109,693.00,"75,537.00"
2019-02-25,2019022501003578,HBL,35,28,150,430.00,"64,500.00"
2019-02-25,2019022501003470,HBL,35,28,167,430.00,"71,810.00"
2019-02-25,2019022501003469,HBL,35,6,32,429.00,"13,728.00"
2019-02-25,2019022501003468,HBL,35,17,51,429.00,"21,879.00"
2019-02-25,2019022501003458,HBL,19,17,50,429.00,"21,450.00"
2019-02-25,2019022501003559,HIDCL,58,38,300,131.00,"39,300.00"
2019-02-25,2019022501003538,HIDCL,58,22,58,131.00,"7,598.00"
2019-02-25,2019022501003655,HPPL,42,52,20,169.00,"3,380.00"
2019-02-25,2019022501003654,HPPL,42,39,10,169.00,"1,690.00"
2019-02-25,2019022501003650,HPPL,42,47,100,168.00,"16,800.00"
2019-02-25,2019022501003649,HPPL,42,51,10,167.00,"1,670.00"
2019-02-25,2019022501003648,HPPL,42,47,10,166.00,"1,660.00"
2019-02-25,2019022501003481,HPPL,28,57,10,165.00,"1,650.00"
2019-02-25,2019022501003540,JBBL,33,50,29,134.00,"3,886.00"
2019-02-25,2019022501003397,JBBL,56,58,200,135.00,"27,000.00"
2019-02-25,2019022501003366,JBBL,47,58,100,135.00,"13,500.00"
2019-02-25,2019022501003715,JBNL,53,33,"1,240",164.00,"203,360.00"
2019-02-25,2019022501003714,JBNL,53,26,170,164.00,"27,880.00"
2019-02-25,2019022501003713,JBNL,53,44,90,164.00,"14,760.00"
2019-02-25,2019022501003686,JFL,17,47,15,165.00,"2,475.00"
2019-02-25,2019022501003368,JFL,17,38,24,163.00,"3,912.00"
2019-02-25,2019022501003546,JSLBB,8,49,14,"2,360.00","33,040.00"
2019-02-25,2019022501003486,JSLBB,11,6,14,"2,355.00","32,970.00"
2019-02-25,2019022501003385,KBBL,57,33,92,207.00,"19,044.00"
2019-02-25,2019022501003322,KBBL,49,50,100,208.00,"20,800.00"
2019-02-25,2019022501003592,KBL,43,28,"1,000",232.00,"232,000.00"
2019-02-25,2019022501003462,KBL,42,53,20,234.00,"4,680.00"
2019-02-25,2019022501003424,KBL,46,52,400,230.00,"92,000.00"
2019-02-25,2019022501003423,KBL,46,48,500,230.00,"115,000.00"
2019-02-25,2019022501003422,KBL,46,38,240,230.00,"55,200.00"
2019-02-25,2019022501003391,KBL,53,42,100,229.00,"22,900.00"
2019-02-25,2019022501003390,KBL,52,48,210,229.00,"48,090.00"
2019-02-25,2019022501003382,KBL,49,48,400,229.00,"91,600.00"
2019-02-25,2019022501003381,KBL,49,37,600,229.00,"137,400.00"
2019-02-25,2019022501003325,KBL,1,37,400,229.00,"91,600.00"
2019-02-25,2019022501003324,KBL,1,25,100,229.00,"22,900.00"
2019-02-25,2019022501003415,KPCL,6,58,10,90.00,900.00
2019-02-25,2019022501003528,KPCL,6,39,10,90.00,900.00
2019-02-25,2019022501003550,KPCL,6,50,10,90.00,900.00
2019-02-25,2019022501003642,KRBL,43,6,150,92.00,"13,800.00"
2019-02-25,2019022501003626,KSBBL,52,33,"1,200",134.00,"160,800.00"
2019-02-25,2019022501003625,KSBBL,52,51,108,134.00,"14,472.00"
2019-02-25,2019022501003582,KSBBL,32,50,50,133.00,"6,650.00"
2019-02-25,2019022501003558,KSBBL,49,50,50,133.00,"6,650.00"
2019-02-25,2019022501003809,LBBL,21,32,733,172.00,"126,076.00"
2019-02-25,2019022501003808,LBBL,21,32,100,172.00,"17,200.00"
2019-02-25,2019022501003796,LBBL,54,58,274,171.00,"46,854.00"
2019-02-25,2019022501003795,LBBL,6,58,56,171.00,"9,576.00"
2019-02-25,2019022501003587,LBBL,46,32,500,172.00,"86,000.00"
2019-02-25,2019022501003404,LBL,38,48,250,186.00,"46,500.00"
2019-02-25,2019022501003344,LBL,38,48,200,186.00,"37,200.00"
2019-02-25,2019022501003343,LBL,38,16,800,186.00,"148,800.00"
2019-02-25,2019022501003417,LICN,59,28,100,"1,600.00","160,000.00"
2019-02-25,2019022501003356,MBL,38,50,100,207.00,"20,700.00"
2019-02-25,2019022501003815,MEGA,32,17,"1,000",159.00,"159,000.00"
2019-02-25,2019022501003731,MEGA,53,17,"1,500",159.00,"238,500.00"
2019-02-25,2019022501003702,MEGA,28,38,100,159.00,"15,900.00"
2019-02-25,2019022501003701,MEGA,28,51,"2,396",159.00,"380,964.00"
2019-02-25,2019022501003700,MEGA,28,36,143,159.00,"22,737.00"
2019-02-25,2019022501003359,MEGA,57,36,"1,000",159.00,"159,000.00"
2019-02-25,2019022501003352,MEGA,21,22,37,158.00,"5,846.00"
2019-02-25,2019022501003351,MEGA,38,36,57,159.00,"9,063.00"
2019-02-25,2019022501003350,MEGA,38,17,43,159.00,"6,837.00"
2019-02-25,2019022501003337,MEGA,53,17,200,159.00,"31,800.00"
2019-02-25,2019022501003427,MERO,50,29,24,600.00,"14,400.00"
2019-02-25,2019022501003426,MERO,50,28,16,600.00,"9,600.00"
2019-02-25,2019022501003425,MERO,50,54,10,600.00,"6,000.00"
2019-02-25,2019022501003535,MLBBL,57,19,40,598.00,"23,920.00"
2019-02-25,2019022501003430,MLBL,54,19,365,159.00,"58,035.00"
2019-02-25,2019022501003572,MMFDB,17,25,40,949.00,"37,960.00"
2019-02-25,2019022501003571,MMFDB,58,25,100,950.00,"95,000.00"
2019-02-25,2019022501003567,MNBBL,35,13,62,335.00,"20,770.00"
2019-02-25,2019022501003812,MSLB,17,17,10,"1,355.00","13,550.00"
2019-02-25,2019022501003802,MSLB,58,58,5,"1,345.00","6,725.00"
2019-02-25,2019022501003799,NABIL,45,25,20,790.00,"15,800.00"
2019-02-25,2019022501003798,NABIL,41,25,200,790.00,"158,000.00"
2019-02-25,2019022501003772,NABIL,56,25,230,794.00,"182,620.00"
2019-02-25,2019022501003771,NABIL,56,45,20,794.00,"15,880.00"
2019-02-25,2019022501003770,NABIL,41,25,100,790.00,"79,000.00"
2019-02-25,2019022501003769,NABIL,47,25,500,790.00,"395,000.00"
2019-02-25,2019022501003503,NABIL,28,25,30,794.00,"23,820.00"
2019-02-25,2019022501003489,NABIL,57,25,20,794.00,"15,880.00"
2019-02-25,2019022501003479,NABIL,35,13,153,793.00,"121,329.00"
2019-02-25,2019022501003451,NABIL,35,1,100,793.00,"79,300.00"
2019-02-25,2019022501003556,NABIL,19,22,32,793.00,"25,376.00"
2019-02-25,2019022501003555,NABIL,45,22,100,793.00,"79,300.00"
2019-02-25,2019022501003554,NABIL,35,22,47,793.00,"37,271.00"
2019-02-25,2019022501003527,NABIL,11,25,150,794.00,"119,100.00"
2019-02-25,2019022501003526,NABIL,26,25,14,794.00,"11,116.00"
2019-02-25,2019022501003511,NABIL,57,25,80,794.00,"63,520.00"
2019-02-25,2019022501003737,NABIL,26,25,30,794.00,"23,820.00"
2019-02-25,2019022501003693,NABIL,29,25,22,794.00,"17,468.00"
2019-02-25,2019022501003652,NABIL,29,22,21,793.00,"16,653.00"
2019-02-25,2019022501003609,NABIL,38,42,20,792.00,"15,840.00"
2019-02-25,2019022501003608,NABIL,6,42,130,792.00,"102,960.00"
2019-02-25,2019022501003568,NABIL,52,22,400,793.00,"317,200.00"
2019-02-25,2019022501003744,NABIL,57,25,20,793.00,"15,860.00"
2019-02-25,2019022501003743,NABIL,32,25,100,793.00,"79,300.00"
2019-02-25,2019022501003742,NABIL,21,25,200,793.00,"158,600.00"
2019-02-25,2019022501003741,NABIL,45,25,50,793.00,"39,650.00"
2019-02-25,2019022501003740,NABIL,11,25,100,793.00,"79,300.00"
2019-02-25,2019022501003739,NABIL,58,25,100,793.00,"79,300.00"
2019-02-25,2019022501003750,NABIL,13,25,25,792.00,"19,800.00"
2019-02-25,2019022501003749,NABIL,49,25,50,792.00,"39,600.00"
2019-02-25,2019022501003748,NABIL,42,25,25,792.00,"19,800.00"
2019-02-25,2019022501003747,NABIL,13,25,50,792.00,"39,600.00"
2019-02-25,2019022501003746,NABIL,38,25,10,792.00,"7,920.00"
2019-02-25,2019022501003745,NABIL,57,25,100,793.00,"79,300.00"
2019-02-25,2019022501003756,NABIL,6,25,50,791.00,"39,550.00"
2019-02-25,2019022501003755,NABIL,22,25,100,791.00,"79,100.00"
2019-02-25,2019022501003754,NABIL,50,25,200,791.00,"158,200.00"
2019-02-25,2019022501003753,NABIL,52,25,50,791.00,"39,550.00"
2019-02-25,2019022501003752,NABIL,29,25,100,792.00,"79,200.00"
2019-02-25,2019022501003751,NABIL,48,25,10,792.00,"7,920.00"
2019-02-25,2019022501003762,NABIL,57,25,25,790.00,"19,750.00"
2019-02-25,2019022501003761,NABIL,19,25,10,790.00,"7,900.00"
2019-02-25,2019022501003760,NABIL,6,25,225,790.00,"177,750.00"
2019-02-25,2019022501003759,NABIL,55,25,20,791.00,"15,820.00"
2019-02-25,2019022501003758,NABIL,6,25,50,791.00,"39,550.00"
2019-02-25,2019022501003757,NABIL,6,25,50,791.00,"39,550.00"
2019-02-25,2019022501003768,NABIL,39,25,100,790.00,"79,000.00"
2019-02-25,2019022501003767,NABIL,17,25,100,790.00,"79,000.00"
2019-02-25,2019022501003766,NABIL,13,25,100,790.00,"79,000.00"
2019-02-25,2019022501003765,NABIL,51,25,500,790.00,"395,000.00"
2019-02-25,2019022501003764,NABIL,33,25,100,790.00,"79,000.00"
2019-02-25,2019022501003763,NABIL,10,25,50,790.00,"39,500.00"
2019-02-25,2019022501003807,NABILP,28,57,145,747.00,"108,315.00"
2019-02-25,2019022501003699,NABILP,22,57,25,747.00,"18,675.00"
2019-02-25,2019022501003380,NABILP,6,20,289,745.00,"215,305.00"
2019-02-25,2019022501003336,NABILP,6,49,820,746.00,"611,720.00"
2019-02-25,2019022501003706,NADEP,38,26,10,706.00,"7,060.00"
2019-02-25,2019022501003697,NADEP,38,26,10,706.00,"7,060.00"
2019-02-25,2019022501003508,NADEP,14,47,10,710.00,"7,100.00"
2019-02-25,2019022501003507,NADEP,14,47,10,710.00,"7,100.00"
2019-02-25,2019022501003480,NADEP,38,38,10,706.00,"7,060.00"
2019-02-25,2019022501003472,NADEP,38,38,10,706.00,"7,060.00"
2019-02-25,2019022501003455,NADEP,41,38,10,705.00,"7,050.00"
2019-02-25,2019022501003684,NADEP,11,26,10,710.00,"7,100.00"
2019-02-25,2019022501003664,NADEP,11,26,10,710.00,"7,100.00"
2019-02-25,2019022501003653,NADEP,11,26,10,710.00,"7,100.00"
2019-02-25,2019022501003726,NBB,56,22,40,183.00,"7,320.00"
2019-02-25,2019022501003708,NBB,56,44,100,183.00,"18,300.00"
2019-02-25,2019022501003596,NBB,56,22,60,183.00,"10,980.00"
2019-02-25,2019022501003595,NBB,3,22,140,183.00,"25,620.00"
2019-02-25,2019022501003589,NBB,3,17,60,183.00,"10,980.00"
2019-02-25,2019022501003588,NBB,40,17,40,183.00,"7,320.00"
2019-02-25,2019022501003364,NBB,14,42,50,183.00,"9,150.00"
2019-02-25,2019022501003365,NBB,56,42,50,183.00,"9,150.00"
2019-02-25,2019022501003460,NBB,56,5,100,183.00,"18,300.00"
2019-02-25,2019022501003459,NBB,56,22,90,183.00,"16,470.00"
2019-02-25,2019022501003446,NBB,56,5,100,183.00,"18,300.00"
2019-02-25,2019022501003727,NBBL,20,58,10,630.00,"6,300.00"
2019-02-25,2019022501003667,NBBL,29,58,60,635.00,"38,100.00"
2019-02-25,2019022501003666,NBBL,29,17,40,634.00,"25,360.00"
2019-02-25,2019022501003512,NBBL,28,58,100,635.00,"63,500.00"
2019-02-25,2019022501003710,NBL,26,28,321,283.00,"90,843.00"
2019-02-25,2019022501003709,NBL,26,28,179,283.00,"50,657.00"
2019-02-25,2019022501003475,NBL,47,28,200,283.00,"56,600.00"
2019-02-25,2019022501003474,NBL,56,28,621,283.00,"175,743.00"
2019-02-25,2019022501003464,NBL,6,51,"1,000",284.00,"284,000.00"
2019-02-25,2019022501003463,NBL,6,33,"1,000",284.00,"284,000.00"
2019-02-25,2019022501003399,NBL,56,42,100,283.00,"28,300.00"
2019-02-25,2019022501003711,NCCB,33,28,50,204.00,"10,200.00"
2019-02-25,2019022501003621,NCCB,55,5,10,205.00,"2,050.00"
2019-02-25,2019022501003779,NEF,59,54,"8,045",7.76,"62,429.20"
2019-02-25,2019022501003814,NIB,39,44,21,505.00,"10,605.00"
2019-02-25,2019022501003813,NIB,19,44,16,505.00,"8,080.00"
2019-02-25,2019022501003805,NIB,28,20,13,506.00,"6,578.00"
2019-02-25,2019022501003804,NIB,28,33,37,506.00,"18,722.00"
2019-02-25,2019022501003773,NIB,45,33,50,506.00,"25,300.00"
2019-02-25,2019022501003730,NIB,45,33,13,506.00,"6,578.00"
2019-02-25,2019022501003729,NIB,45,46,37,506.00,"18,722.00"
2019-02-25,2019022501003722,NIB,3,46,300,506.00,"151,800.00"
2019-02-25,2019022501003618,NIB,19,6,10,505.00,"5,050.00"
2019-02-25,2019022501003569,NIB,19,50,37,505.00,"18,685.00"
2019-02-25,2019022501003448,NIB,19,43,37,505.00,"18,685.00"
2019-02-25,2019022501003816,NICA,53,48,67,377.00,"25,259.00"
2019-02-25,2019022501003725,NICA,53,57,150,377.00,"56,550.00"
2019-02-25,2019022501003724,NICA,53,52,253,377.00,"95,381.00"
2019-02-25,2019022501003723,NICA,53,6,30,376.00,"11,280.00"
2019-02-25,2019022501003597,NICA,35,48,100,375.00,"37,500.00"
2019-02-25,2019022501003450,NICA,35,28,900,375.00,"337,500.00"
2019-02-25,2019022501003449,NICA,50,28,100,376.00,"37,600.00"
2019-02-25,2019022501003696,NLG,29,22,39,800.00,"31,200.00"
2019-02-25,2019022501003515,NLIC,11,44,50,"1,010.00","50,500.00"
2019-02-25,2019022501003514,NLIC,11,17,17,"1,010.00","17,170.00"
2019-02-25,2019022501003436,NLIC,58,55,156,"1,005.00","156,780.00"
2019-02-25,2019022501003433,NLIC,36,55,200,"1,005.00","201,000.00"
2019-02-25,2019022501003431,NLIC,33,59,10,"1,004.00","10,040.00"
2019-02-25,2019022501003416,NLIC,51,59,100,"1,004.00","100,400.00"
2019-02-25,2019022501003388,NLIC,51,59,76,"1,004.00","76,304.00"
2019-02-25,2019022501003466,NLICL,34,40,200,624.00,"124,800.00"
2019-02-25,2019022501003465,NLICL,21,40,100,625.00,"62,500.00"
2019-02-25,2019022501003371,NLICL,7,43,10,628.00,"6,280.00"
2019-02-25,2019022501003355,NLICL,52,43,100,627.00,"62,700.00"
2019-02-25,2019022501003819,NMB,45,54,240,304.00,"72,960.00"
2019-02-25,2019022501003794,NMB,3,48,400,305.00,"122,000.00"
2019-02-25,2019022501003738,NMB,32,38,70,306.00,"21,420.00"
2019-02-25,2019022501003637,NMB,32,17,50,306.00,"15,300.00"
2019-02-25,2019022501003591,NMB,3,54,500,306.00,"153,000.00"
2019-02-25,2019022501003590,NMB,3,14,100,306.00,"30,600.00"
2019-02-25,2019022501003566,NMB,6,48,100,305.00,"30,500.00"
2019-02-25,2019022501003476,NMB,50,50,102,305.00,"31,110.00"
2019-02-25,2019022501003369,NMB,50,14,200,306.00,"61,200.00"
2019-02-25,2019022501003363,NMB,43,54,500,305.00,"152,500.00"
2019-02-25,2019022501003685,NMBHF1,47,6,"4,161",8.67,"36,075.87"
2019-02-25,2019022501003552,NSEWA,17,10,10,534.00,"5,340.00"
2019-02-25,2019022501003334,NTC,26,45,30,675.00,"20,250.00"
2019-02-25,2019022501003429,NTC,19,59,210,677.00,"142,170.00"
2019-02-25,2019022501003428,NTC,19,14,290,677.00,"196,330.00"
2019-02-25,2019022501003414,NTC,53,38,"1,200",676.00,"811,200.00"
2019-02-25,2019022501003407,NTC,53,45,395,675.00,"266,625.00"
2019-02-25,2019022501003396,NTC,48,45,30,675.00,"20,250.00"
2019-02-25,2019022501003457,NTC,6,17,30,679.00,"20,370.00"
2019-02-25,2019022501003456,NTC,6,59,275,677.00,"186,175.00"
2019-02-25,2019022501003432,NTC,6,59,15,677.00,"10,155.00"
2019-02-25,2019022501003513,NUBL,28,6,666,710.00,"472,860.00"
2019-02-25,2019022501003500,NUBL,28,6,100,710.00,"71,000.00"
2019-02-25,2019022501003487,NUBL,26,6,10,710.00,"7,100.00"
2019-02-25,2019022501003510,PCBL,43,6,250,308.00,"77,000.00"
2019-02-25,2019022501003509,PCBL,43,35,"2,000",308.00,"616,000.00"
2019-02-25,2019022501003818,PFL,56,47,33,126.00,"4,158.00"
2019-02-25,2019022501003629,PIC,43,58,33,995.00,"32,835.00"
2019-02-25,2019022501003628,PIC,17,58,10,"1,000.00","10,000.00"
2019-02-25,2019022501003393,PIC,39,45,11,"1,006.00","11,066.00"
2019-02-25,2019022501003810,PLIC,42,44,119,438.00,"52,122.00"
2019-02-25,2019022501003445,PLIC,6,28,10,445.00,"4,450.00"
2019-02-25,2019022501003610,PRVU,28,6,168,209.00,"35,112.00"
2019-02-25,2019022501003563,PRVU,28,42,42,209.00,"8,778.00"
2019-02-25,2019022501003532,PRVU,43,45,"1,829",209.00,"382,261.00"
2019-02-25,2019022501003413,PRVU,4,45,268,208.00,"55,744.00"
2019-02-25,2019022501003361,PRVU,56,43,136,209.00,"28,424.00"
2019-02-25,2019022501003412,PRVU,50,45,"2,000",208.00,"416,000.00"
2019-02-25,2019022501003411,PRVU,56,45,250,208.00,"52,000.00"
2019-02-25,2019022501003410,PRVU,10,45,639,208.00,"132,912.00"
2019-02-25,2019022501003409,PRVU,56,45,75,209.00,"15,675.00"
2019-02-25,2019022501003679,RRHP,37,11,10,88.00,880.00
2019-02-25,2019022501003678,RRHP,37,11,10,88.00,880.00
2019-02-25,2019022501003677,RRHP,37,11,10,88.00,880.00
2019-02-25,2019022501003676,RRHP,37,11,10,88.00,880.00
2019-02-25,2019022501003675,RRHP,37,11,10,88.00,880.00
2019-02-25,2019022501003674,RRHP,37,11,10,88.00,880.00
2019-02-25,2019022501003516,RRHP,58,22,10,87.00,870.00
2019-02-25,2019022501003494,RRHP,58,47,10,87.00,870.00
2019-02-25,2019022501003333,RRHP,11,47,10,88.00,880.00
2019-02-25,2019022501003320,RRHP,11,47,10,88.00,880.00
2019-02-25,2019022501003688,RSDC,50,50,82,372.00,"30,504.00"
2019-02-25,2019022501003615,RSDC,47,50,100,373.00,"37,300.00"
2019-02-25,2019022501003586,RSDC,33,50,100,375.00,"37,500.00"
2019-02-25,2019022501003461,RSDC,6,50,18,375.00,"6,750.00"
2019-02-25,2019022501003439,RSDC,50,6,18,372.00,"6,696.00"
2019-02-25,2019022501003370,SADBL,47,58,100,138.00,"13,800.00"
2019-02-25,2019022501003690,SANIMA,3,40,400,294.00,"117,600.00"
2019-02-25,2019022501003689,SANIMA,3,17,572,293.00,"167,596.00"
2019-02-25,2019022501003634,SANIMA,21,5,72,292.00,"21,024.00"
2019-02-25,2019022501003620,SANIMA,43,38,50,290.00,"14,500.00"
2019-02-25,2019022501003619,SANIMA,11,38,200,291.00,"58,200.00"
2019-02-25,2019022501003444,SANIMA,43,45,135,290.00,"39,150.00"
2019-02-25,2019022501003443,SANIMA,40,45,40,291.00,"11,640.00"
2019-02-25,2019022501003438,SANIMA,45,5,362,292.00,"105,704.00"
2019-02-25,2019022501003612,SBBLJ,33,5,90,184.00,"16,560.00"
2019-02-25,2019022501003398,SBBLJ,33,21,50,184.00,"9,200.00"
2019-02-25,2019022501003375,SBBLJ,36,22,50,185.00,"9,250.00"
2019-02-25,2019022501003374,SBBLJ,21,22,100,185.00,"18,500.00"
2019-02-25,2019022501003373,SBBLJ,45,22,30,187.00,"5,610.00"
2019-02-25,2019022501003372,SBBLJ,58,22,30,187.00,"5,610.00"
2019-02-25,2019022501003717,SBI,52,37,20,372.00,"7,440.00"
2019-02-25,2019022501003716,SBI,1,37,123,372.00,"45,756.00"
2019-02-25,2019022501003524,SBI,33,39,194,372.00,"72,168.00"
2019-02-25,2019022501003523,SBI,8,39,200,372.00,"74,400.00"
2019-02-25,2019022501003522,SBI,52,39,300,372.00,"111,600.00"
2019-02-25,2019022501003521,SBI,11,39,20,372.00,"7,440.00"
2019-02-25,2019022501003520,SBI,13,39,500,373.00,"186,500.00"
2019-02-25,2019022501003519,SBI,53,39,86,373.00,"32,078.00"
2019-02-25,2019022501003518,SBI,48,39,100,373.00,"37,300.00"
2019-02-25,2019022501003437,SBI,19,37,200,374.00,"74,800.00"
2019-02-25,2019022501003622,SBL,53,38,130,276.00,"35,880.00"
2019-02-25,2019022501003575,SBL,3,28,"1,000",277.00,"277,000.00"
2019-02-25,2019022501003776,SCB,43,21,138,527.00,"72,726.00"
2019-02-25,2019022501003775,SCB,38,21,100,527.00,"52,700.00"
2019-02-25,2019022501003774,SCB,59,21,62,527.00,"32,674.00"
2019-02-25,2019022501003721,SCB,34,6,20,528.00,"10,560.00"
2019-02-25,2019022501003321,SCB,59,59,160,528.00,"84,480.00"
2019-02-25,2019022501003683,SCB,19,42,100,528.00,"52,800.00"
2019-02-25,2019022501003682,SCB,3,42,100,528.00,"52,800.00"
2019-02-25,2019022501003681,SCB,58,42,100,528.00,"52,800.00"
2019-02-25,2019022501003408,SDESI,45,14,10,614.00,"6,140.00"
2019-02-25,2019022501003387,SDESI,45,57,27,605.00,"16,335.00"
2019-02-25,2019022501003705,SHPC,17,22,30,217.00,"6,510.00"
2019-02-25,2019022501003585,SHPC,19,22,11,217.00,"2,387.00"
2019-02-25,2019022501003584,SHPC,19,50,39,216.00,"8,424.00"
2019-02-25,2019022501003576,SHPC,49,43,49,216.00,"10,584.00"
2019-02-25,2019022501003386,SIC,52,14,15,"1,275.00","19,125.00"
2019-02-25,2019022501003360,SIC,1,43,100,"1,272.00","127,200.00"
2019-02-25,2019022501003362,SICL,16,33,49,863.00,"42,287.00"
2019-02-25,2019022501003691,SIL,44,25,20,609.00,"12,180.00"
2019-02-25,2019022501003783,SKBBL,22,45,38,830.00,"31,540.00"
2019-02-25,2019022501003549,SKBBL,16,45,100,830.00,"83,000.00"
2019-02-25,2019022501003447,SKBBL,34,3,50,834.00,"41,700.00"
2019-02-25,2019022501003736,SLBSL,38,50,10,780.00,"7,800.00"
2019-02-25,2019022501003553,SLICL,50,4,100,525.00,"52,500.00"
2019-02-25,2019022501003534,SLICL,50,4,400,525.00,"210,000.00"
2019-02-25,2019022501003533,SLICL,50,4,300,524.00,"157,200.00"
2019-02-25,2019022501003383,SLICL,10,4,"1,000",520.00,"520,000.00"
2019-02-25,2019022501003376,SLICL,19,4,300,524.00,"157,200.00"
2019-02-25,2019022501003367,SLICL,32,4,300,523.00,"156,900.00"
2019-02-25,2019022501003517,SRBL,14,58,50,207.00,"10,350.00"
2019-02-25,2019022501003636,SWBBL,36,45,20,820.00,"16,400.00"
2019-02-25,2019022501003537,TRH,5,43,100,241.00,"24,100.00"
2019-02-25,2019022501003536,TRH,5,47,10,240.00,"2,400.00"
2019-02-25,2019022501003504,TRH,56,22,10,238.00,"2,380.00"
2019-02-25,2019022501003505,UMHL,53,58,39,107.00,"4,173.00"
2019-02-25,2019022501003780,UPPER,43,16,50,224.00,"11,200.00"
2019-02-25,2019022501003777,UPPER,40,29,50,225.00,"11,250.00"
2019-02-25,2019022501003735,UPPER,7,29,700,225.00,"157,500.00"
2019-02-25,2019022501003720,UPPER,43,16,50,224.00,"11,200.00"
2019-02-25,2019022501003704,UPPER,43,16,40,224.00,"8,960.00"
2019-02-25,2019022501003692,UPPER,43,16,40,224.00,"8,960.00"
2019-02-25,2019022501003345,UPPER,21,1,40,223.00,"8,920.00"
2019-02-25,2019022501003338,UPPER,21,39,40,223.00,"8,920.00"
2019-02-25,2019022501003326,UPPER,21,39,40,223.00,"8,920.00"
2019-02-25,2019022501003488,UPPER,33,43,50,224.00,"11,200.00"
2019-02-25,2019022501003454,UPPER,33,49,40,224.00,"8,960.00"
2019-02-25,2019022501003440,UPPER,33,49,50,224.00,"11,200.00"
2019-02-25,2019022501003348,UPPER,52,39,23,223.00,"5,129.00"
2019-02-25,2019022501003347,UPPER,21,39,17,223.00,"3,791.00"
2019-02-25,2019022501003543,UPPER,52,52,40,225.00,"9,000.00"
2019-02-25,2019022501003542,UPPER,52,6,50,225.00,"11,250.00"
2019-02-25,2019022501003541,UPPER,52,42,40,225.00,"9,000.00"
2019-02-25,2019022501003502,UPPER,33,51,30,224.00,"6,720.00"
2019-02-25,2019022501003495,UPPER,29,58,40,225.00,"9,000.00"
2019-02-25,2019022501003574,UPPER,45,22,180,225.00,"40,500.00"
2019-02-25,2019022501003573,UPPER,45,25,500,225.00,"112,500.00"
2019-02-25,2019022501003562,UPPER,33,10,50,224.00,"11,200.00"
2019-02-25,2019022501003545,UPPER,52,22,20,225.00,"4,500.00"
2019-02-25,2019022501003544,UPPER,52,57,50,225.00,"11,250.00"
2019-02-25,2019022501003613,UPPER,11,22,400,225.00,"90,000.00"
2019-02-25,2019022501003611,UPPER,43,59,50,224.00,"11,200.00"
2019-02-25,2019022501003607,UPPER,33,59,40,224.00,"8,960.00"
2019-02-25,2019022501003606,UPPER,33,44,50,224.00,"11,200.00"
2019-02-25,2019022501003593,UPPER,33,44,40,224.00,"8,960.00"
2019-02-25,2019022501003577,UPPER,33,28,50,224.00,"11,200.00"
2019-02-25,2019022501003668,UPPER,43,16,40,224.00,"8,960.00"
2019-02-25,2019022501003640,UPPER,25,21,"1,000",225.00,"225,000.00"
2019-02-25,2019022501003639,UPPER,25,22,968,225.00,"217,800.00"
2019-02-25,2019022501003635,UPPER,43,16,40,224.00,"8,960.00"
2019-02-25,2019022501003617,UPPER,43,16,50,224.00,"11,200.00"
2019-02-25,2019022501003614,UPPER,43,44,40,224.00,"8,960.00"
2019-02-25,2019022501003331,WOMI,58,29,10,"1,123.00","11,230.00"
2019-02-25,2019022501003330,WOMI,58,41,20,"1,120.00","22,400.00"
2019-02-25,2019022501003329,WOMI,58,21,13,"1,118.00","14,534.00"
2019-02-25,2019022501003179,ADBL,38,34,15,329.00,"4,935.00"
2019-02-25,2019022501003178,ADBL,14,34,50,329.00,"16,450.00"
2019-02-25,2019022501003177,ADBL,43,34,100,329.00,"32,900.00"
2019-02-25,2019022501003176,ADBL,14,34,50,329.00,"16,450.00"
2019-02-25,2019022501003175,ADBL,49,34,10,329.00,"3,290.00"
2019-02-25,2019022501002827,ADBL,16,34,500,329.00,"164,500.00"
2019-02-25,2019022501002826,ADBL,50,34,100,329.00,"32,900.00"
2019-02-25,2019022501002824,AHPC,37,26,163,97.00,"15,811.00"
2019-02-25,2019022501003256,ALICL,52,44,30,559.00,"16,770.00"
2019-02-25,2019022501003264,AMFI,1,26,10,676.00,"6,760.00"
2019-02-25,2019022501003107,API,25,45,18,126.00,"2,268.00"
2019-02-25,2019022501002829,API,11,43,21,125.00,"2,625.00"
2019-02-25,2019022501003156,BOKL,28,14,400,239.00,"95,600.00"
2019-02-25,2019022501003085,BOKL,49,49,"4,000",238.00,"952,000.00"
2019-02-25,2019022501003077,BOKL,32,49,50,239.00,"11,950.00"
2019-02-25,2019022501003076,BOKL,22,49,28,239.00,"6,692.00"
2019-02-25,2019022501003075,BOKL,39,49,20,240.00,"4,800.00"
2019-02-25,2019022501003281,BPCL,44,22,100,347.00,"34,700.00"
2019-02-25,2019022501003231,CBBL,17,37,40,869.00,"34,760.00"
2019-02-25,2019022501003202,CBBL,45,37,30,869.00,"26,070.00"
2019-02-25,2019022501003164,CBBL,57,37,10,869.00,"8,690.00"
2019-02-25,2019022501002896,CBBL,16,17,221,865.00,"191,165.00"
2019-02-25,2019022501003277,CBL,59,48,177,149.00,"26,373.00"
2019-02-25,2019022501003252,CBL,59,59,5,148.00,740.00
2019-02-25,2019022501003198,CBL,25,59,59,148.00,"8,732.00"
2019-02-25,2019022501003184,CBL,25,59,18,148.00,"2,664.00"
2019-02-25,2019022501003183,CBL,21,59,41,148.00,"6,068.00"
2019-02-25,2019022501003162,CBL,21,59,59,148.00,"8,732.00"
2019-02-25,2019022501003104,CBL,44,25,200,148.00,"29,600.00"
2019-02-25,2019022501003103,CBL,44,28,236,148.00,"34,928.00"
2019-02-25,2019022501003312,CCBL,14,22,33,159.00,"5,247.00"
2019-02-25,2019022501002934,CCBL,22,28,110,159.00,"17,490.00"
2019-02-25,2019022501002906,CCBL,59,59,97,158.00,"15,326.00"
2019-02-25,2019022501002854,CCBL,22,25,200,158.00,"31,600.00"
2019-02-25,2019022501003135,CEFL,58,14,50,95.00,"4,750.00"
2019-02-25,2019022501003121,CEFL,58,14,450,95.00,"42,750.00"
2019-02-25,2019022501003120,CEFL,39,14,50,95.00,"4,750.00"
2019-02-25,2019022501003064,CHCL,7,43,100,502.00,"50,200.00"
2019-02-25,2019022501003023,CHCL,42,43,20,502.00,"10,040.00"
2019-02-25,2019022501003276,CHLBS,16,44,10,590.00,"5,900.00"
2019-02-25,2019022501003263,CHLBS,42,44,10,594.00,"5,940.00"
2019-02-25,2019022501003261,CHLBS,42,39,10,594.00,"5,940.00"
2019-02-25,2019022501003260,CHLBS,42,43,10,594.00,"5,940.00"
2019-02-25,2019022501003259,CHLBS,42,43,10,594.00,"5,940.00"
2019-02-25,2019022501003258,CHLBS,42,42,10,594.00,"5,940.00"
2019-02-25,2019022501002928,CHLBS,16,16,10,586.00,"5,860.00"
2019-02-25,2019022501002927,CHLBS,16,42,10,585.00,"5,850.00"
2019-02-25,2019022501002926,CHLBS,16,22,10,585.00,"5,850.00"
2019-02-25,2019022501002881,CHLBS,48,48,10,584.00,"5,840.00"
2019-02-25,2019022501002982,CHLBS,5,48,10,590.00,"5,900.00"
2019-02-25,2019022501002933,CHLBS,16,41,10,589.00,"5,890.00"
2019-02-25,2019022501002932,CHLBS,16,11,10,588.00,"5,880.00"
2019-02-25,2019022501002931,CHLBS,16,16,10,587.00,"5,870.00"
2019-02-25,2019022501002930,CHLBS,16,16,10,587.00,"5,870.00"
2019-02-25,2019022501002929,CHLBS,16,16,10,586.00,"5,860.00"
2019-02-25,2019022501002988,CHLBS,5,39,10,590.00,"5,900.00"
2019-02-25,2019022501002987,CHLBS,5,55,10,590.00,"5,900.00"
2019-02-25,2019022501002986,CHLBS,5,28,10,590.00,"5,900.00"
2019-02-25,2019022501002985,CHLBS,5,6,10,590.00,"5,900.00"
2019-02-25,2019022501002984,CHLBS,5,6,10,590.00,"5,900.00"
2019-02-25,2019022501002983,CHLBS,5,48,10,590.00,"5,900.00"
2019-02-25,2019022501003025,CHLBS,39,21,10,591.00,"5,910.00"
2019-02-25,2019022501003024,CHLBS,39,8,10,591.00,"5,910.00"
2019-02-25,2019022501002992,CHLBS,5,51,10,590.00,"5,900.00"
2019-02-25,2019022501002991,CHLBS,5,28,10,590.00,"5,900.00"
2019-02-25,2019022501002990,CHLBS,5,39,10,590.00,"5,900.00"
2019-02-25,2019022501002989,CHLBS,5,39,10,590.00,"5,900.00"
2019-02-25,2019022501003031,CHLBS,39,55,10,592.00,"5,920.00"
2019-02-25,2019022501003030,CHLBS,39,55,10,592.00,"5,920.00"
2019-02-25,2019022501003029,CHLBS,39,55,10,592.00,"5,920.00"
2019-02-25,2019022501003028,CHLBS,39,55,10,592.00,"5,920.00"
2019-02-25,2019022501003027,CHLBS,39,37,10,591.00,"5,910.00"
2019-02-25,2019022501003026,CHLBS,39,21,10,591.00,"5,910.00"
2019-02-25,2019022501003199,CHLBS,16,42,10,590.00,"5,900.00"
2019-02-25,2019022501003163,CHLBS,16,44,10,590.00,"5,900.00"
2019-02-25,2019022501003151,CHLBS,16,44,10,590.00,"5,900.00"
2019-02-25,2019022501003131,CHLBS,16,44,10,590.00,"5,900.00"
2019-02-25,2019022501003110,CHLBS,39,44,10,588.00,"5,880.00"
2019-02-25,2019022501003032,CHLBS,39,55,10,592.00,"5,920.00"
2019-02-25,2019022501003254,CHLBS,16,44,10,590.00,"5,900.00"
2019-02-25,2019022501003251,CHLBS,16,1,10,590.00,"5,900.00"
2019-02-25,2019022501003250,CHLBS,42,39,10,593.00,"5,930.00"
2019-02-25,2019022501003249,CHLBS,42,44,10,592.00,"5,920.00"
2019-02-25,2019022501003248,CHLBS,42,44,10,592.00,"5,920.00"
2019-02-25,2019022501003222,CHLBS,16,44,10,590.00,"5,900.00"
2019-02-25,2019022501003185,CIT,10,41,190,"2,519.00","478,610.00"
2019-02-25,2019022501003172,CIT,49,41,100,"2,519.00","251,900.00"
2019-02-25,2019022501003171,CIT,39,41,100,"2,519.00","251,900.00"
2019-02-25,2019022501003153,CIT,11,41,10,"2,519.00","25,190.00"
2019-02-25,2019022501003010,CIT,35,41,200,"2,519.00","503,800.00"
2019-02-25,2019022501002975,CIT,33,34,20,"2,518.00","50,360.00"
2019-02-25,2019022501002974,CIT,33,22,190,"2,517.00","478,230.00"
2019-02-25,2019022501003012,CLBSL,11,14,10,630.00,"6,300.00"
2019-02-25,2019022501002891,CZBIL,26,51,100,201.00,"20,100.00"
2019-02-25,2019022501003146,DBBL,39,28,107,123.00,"13,161.00"
2019-02-25,2019022501002902,DBBL,45,28,10,123.00,"1,230.00"
2019-02-25,2019022501002838,DBBL,33,51,"1,000",122.00,"122,000.00"
2019-02-25,2019022501003086,EBL,57,49,239,508.00,"121,412.00"
2019-02-25,2019022501002968,EBL,28,45,150,508.00,"76,200.00"
2019-02-25,2019022501002864,EBL,1,45,50,508.00,"25,400.00"
2019-02-25,2019022501002943,EDBL,11,47,89,280.00,"24,920.00"
2019-02-25,2019022501003170,FMDBL,16,43,80,363.00,"29,040.00"
2019-02-25,2019022501003169,FMDBL,16,40,125,362.00,"45,250.00"
2019-02-25,2019022501002977,FMDBL,34,33,65,361.00,"23,465.00"
2019-02-25,2019022501002936,FMDBL,50,45,58,360.00,"20,880.00"
2019-02-25,2019022501002898,GBBL,49,37,85,181.00,"15,385.00"
2019-02-25,2019022501002889,GBBL,49,43,115,181.00,"20,815.00"
2019-02-25,2019022501003282,GBIME,56,34,"1,000",257.00,"257,000.00"
2019-02-25,2019022501003154,GBIME,11,59,198,257.00,"50,886.00"
2019-02-25,2019022501002973,GBIME,57,52,145,257.00,"37,265.00"
2019-02-25,2019022501002899,GBIME,29,5,54,256.00,"13,824.00"
2019-02-25,2019022501003035,GBLBS,1,52,70,435.00,"30,450.00"
2019-02-25,2019022501003018,GBLBS,53,52,10,435.00,"4,350.00"
2019-02-25,2019022501003017,GBLBS,53,21,90,435.00,"39,150.00"
2019-02-25,2019022501002895,GBLBS,1,21,126,433.00,"54,558.00"
2019-02-25,2019022501002872,GBLBS,1,21,94,433.00,"40,702.00"
2019-02-25,2019022501003115,GDBL,13,50,200,180.00,"36,000.00"
2019-02-25,2019022501002880,GDBL,45,51,55,179.00,"9,845.00"
2019-02-25,2019022501002855,GDBL,33,51,16,179.00,"2,864.00"
2019-02-25,2019022501002843,GDBL,48,50,64,180.00,"11,520.00"
2019-02-25,2019022501002837,GDBL,33,48,64,179.00,"11,456.00"
2019-02-25,2019022501002945,GDBL,48,48,1,176.00,176.00
2019-02-25,2019022501002923,GLICL,13,17,200,690.00,"138,000.00"
2019-02-25,2019022501002922,GLICL,13,1,57,682.00,"38,874.00"
2019-02-25,2019022501003084,HBL,36,17,30,429.00,"12,870.00"
2019-02-25,2019022501003037,HGI,5,34,35,380.00,"13,300.00"
2019-02-25,2019022501002969,HGI,5,17,20,377.00,"7,540.00"
2019-02-25,2019022501002966,HGI,59,59,30,375.00,"11,250.00"
2019-02-25,2019022501003318,IGI,32,18,252,405.00,"102,060.00"
2019-02-25,2019022501003317,IGI,32,18,52,405.00,"21,060.00"
2019-02-25,2019022501003316,IGI,32,34,40,404.00,"16,160.00"
2019-02-25,2019022501002859,IGI,50,59,50,402.00,"20,100.00"
2019-02-25,2019022501003045,IGI,45,21,10,400.00,"4,000.00"
2019-02-25,2019022501002967,IGI,22,18,100,405.00,"40,500.00"
2019-02-25,2019022501002960,IGI,22,18,100,405.00,"40,500.00"
2019-02-25,2019022501003149,JBBL,17,58,"1,400",135.00,"189,000.00"
2019-02-25,2019022501003247,JBNL,59,59,300,163.00,"48,900.00"
2019-02-25,2019022501003167,JBNL,44,33,"1,174",163.00,"191,362.00"
2019-02-25,2019022501003116,JBNL,21,33,100,163.00,"16,300.00"
2019-02-25,2019022501002950,JBNL,21,33,400,163.00,"65,200.00"
2019-02-25,2019022501002947,JBNL,56,33,78,163.00,"12,714.00"
2019-02-25,2019022501002946,JBNL,1,33,248,163.00,"40,424.00"
2019-02-25,2019022501002907,JBNL,45,44,10,164.00,"1,640.00"
2019-02-25,2019022501002995,JEFL,59,59,300,136.00,"40,800.00"
2019-02-25,2019022501002964,JEFL,26,32,500,136.00,"68,000.00"
2019-02-25,2019022501003273,KMCDB,58,49,20,838.00,"16,760.00"
2019-02-25,2019022501003216,KMCDB,48,32,13,830.00,"10,790.00"
2019-02-25,2019022501002940,KMCDB,58,57,50,815.00,"40,750.00"
2019-02-25,2019022501002939,KMCDB,58,32,90,812.00,"73,080.00"
2019-02-25,2019022501003270,KMFL,32,17,37,890.00,"32,930.00"
2019-02-25,2019022501003269,KMFL,32,34,65,890.00,"57,850.00"
2019-02-25,2019022501003257,KMFL,5,34,60,890.00,"53,400.00"
2019-02-25,2019022501002874,KMFL,34,34,15,890.00,"13,350.00"
2019-02-25,2019022501003083,KNBL,55,38,20,118.00,"2,360.00"
2019-02-25,2019022501002904,KSBBL,29,14,130,132.00,"17,160.00"
2019-02-25,2019022501003155,LBBL,22,32,150,172.00,"25,800.00"
2019-02-25,2019022501002913,LBBL,6,54,24,171.00,"4,104.00"
2019-02-25,2019022501003182,LBL,52,17,360,184.00,"66,240.00"
2019-02-25,2019022501003181,LBL,52,13,500,184.00,"92,000.00"
2019-02-25,2019022501003180,LBL,52,36,300,184.00,"55,200.00"
2019-02-25,2019022501003157,LBL,49,36,200,184.00,"36,800.00"
2019-02-25,2019022501002979,LBL,57,36,100,184.00,"18,400.00"
2019-02-25,2019022501002953,LGIL,28,33,19,506.00,"9,614.00"
2019-02-25,2019022501002951,LGIL,19,34,38,503.00,"19,114.00"
2019-02-25,2019022501002908,LGIL,45,37,60,504.00,"30,240.00"
2019-02-25,2019022501003141,LLBS,16,29,50,760.00,"38,000.00"
2019-02-25,2019022501003140,LLBS,16,19,120,760.00,"91,200.00"
2019-02-25,2019022501003139,LLBS,16,43,22,759.00,"16,698.00"
2019-02-25,2019022501003138,LLBS,16,43,22,759.00,"16,698.00"
2019-02-25,2019022501003137,LLBS,16,43,52,759.00,"39,468.00"
2019-02-25,2019022501003136,LLBS,16,43,61,759.00,"46,299.00"
2019-02-25,2019022501003304,LVF1,14,8,"1,500",8.80,"13,200.00"
2019-02-25,2019022501003303,LVF1,22,8,"10,000",8.81,"88,100.00"
2019-02-25,2019022501003302,LVF1,14,8,"1,400",8.82,"12,348.00"
2019-02-25,2019022501003297,LVF1,47,8,"5,000",8.83,"44,150.00"
2019-02-25,2019022501003296,LVF1,57,8,"10,000",8.90,"89,000.00"
2019-02-25,2019022501003295,LVF1,38,8,500,8.90,"4,450.00"
2019-02-25,2019022501003268,MBL,38,39,100,206.00,"20,600.00"
2019-02-25,2019022501003267,MBL,33,39,300,206.00,"61,800.00"
2019-02-25,2019022501003266,MBL,28,39,"3,000",206.00,"618,000.00"
2019-02-25,2019022501003265,MBL,42,39,620,206.00,"127,720.00"
2019-02-25,2019022501003236,MBL,13,50,500,207.00,"103,500.00"
2019-02-25,2019022501003235,MBL,14,50,50,207.00,"10,350.00"
2019-02-25,2019022501003016,MBL,42,5,350,206.00,"72,100.00"
2019-02-25,2019022501003015,MBL,14,5,50,207.00,"10,350.00"
2019-02-25,2019022501003062,MDB,19,38,500,280.00,"140,000.00"
2019-02-25,2019022501003061,MDB,19,55,400,279.00,"111,600.00"
2019-02-25,2019022501003060,MDB,19,17,200,279.00,"55,800.00"
2019-02-25,2019022501003272,MEGA,38,17,100,159.00,"15,900.00"
2019-02-25,2019022501003271,MEGA,38,34,200,159.00,"31,800.00"
2019-02-25,2019022501003006,MEGA,51,44,100,158.00,"15,800.00"
2019-02-25,2019022501003005,MEGA,51,43,500,158.00,"79,000.00"
2019-02-25,2019022501003004,MEGA,51,28,64,158.00,"10,112.00"
2019-02-25,2019022501003003,MEGA,51,48,56,158.00,"8,848.00"
2019-02-25,2019022501002888,MEGA,28,6,24,157.00,"3,768.00"
2019-02-25,2019022501002873,MEGA,28,5,42,157.00,"6,594.00"
2019-02-25,2019022501003051,MERO,58,47,14,599.00,"8,386.00"
2019-02-25,2019022501003050,MERO,58,14,16,594.00,"9,504.00"
2019-02-25,2019022501003049,MERO,58,21,16,590.00,"9,440.00"
2019-02-25,2019022501002911,MERO,58,45,122,593.00,"72,346.00"
2019-02-25,2019022501002910,MERO,58,52,66,593.00,"39,138.00"
2019-02-25,2019022501003214,MLBBL,32,47,23,595.00,"13,685.00"
2019-02-25,2019022501003069,MLBBL,39,50,40,600.00,"24,000.00"
2019-02-25,2019022501003009,MLBL,54,29,200,158.00,"31,600.00"
2019-02-25,2019022501003008,MLBL,54,19,70,158.00,"11,060.00"
2019-02-25,2019022501002944,MLBL,45,19,20,158.00,"3,160.00"
2019-02-25,2019022501003203,MMFDB,39,25,10,967.00,"9,670.00"
2019-02-25,2019022501003040,MMFDB,17,25,10,949.00,"9,490.00"
2019-02-25,2019022501002920,MNBBL,58,40,487,335.00,"163,145.00"
2019-02-25,2019022501002919,MNBBL,58,25,92,335.00,"30,820.00"
2019-02-25,2019022501002918,MNBBL,58,17,70,335.00,"23,450.00"
2019-02-25,2019022501003319,NABIL,35,17,400,793.00,"317,200.00"
2019-02-25,2019022501003309,NABIL,16,17,10,793.00,"7,930.00"
2019-02-25,2019022501003238,NABIL,7,17,50,793.00,"39,650.00"
2019-02-25,2019022501003232,NABIL,20,17,25,793.00,"19,825.00"
2019-02-25,2019022501003224,NABIL,57,26,20,792.00,"15,840.00"
2019-02-25,2019022501003223,NABIL,57,26,50,792.00,"39,600.00"
2019-02-25,2019022501002876,NABIL,10,6,30,793.00,"23,790.00"
2019-02-25,2019022501002836,NABIL,16,6,30,793.00,"23,790.00"
2019-02-25,2019022501002835,NABIL,21,6,10,793.00,"7,930.00"
2019-02-25,2019022501003217,NABIL,17,17,15,793.00,"11,895.00"
2019-02-25,2019022501003201,NABIL,17,17,35,793.00,"27,755.00"
2019-02-25,2019022501003105,NABIL,49,17,365,793.00,"289,445.00"
2019-02-25,2019022501003013,NABIL,38,17,100,793.00,"79,300.00"
2019-02-25,2019022501002925,NABIL,45,25,15,794.00,"11,910.00"
2019-02-25,2019022501002877,NABIL,10,17,26,793.00,"20,618.00"
2019-02-25,2019022501003279,NABILP,28,49,500,745.00,"372,500.00"
2019-02-25,2019022501003166,NABILP,8,49,30,746.00,"22,380.00"
2019-02-25,2019022501003165,NABILP,59,49,150,746.00,"111,900.00"
2019-02-25,2019022501003063,NABILP,6,33,240,745.00,"178,800.00"
2019-02-25,2019022501002840,NABILP,5,6,400,743.00,"297,200.00"
2019-02-25,2019022501002839,NABILP,49,6,40,745.00,"29,800.00"
2019-02-25,2019022501002901,NABILP,43,49,70,746.00,"52,220.00"
2019-02-25,2019022501002900,NABILP,43,6,30,745.00,"22,350.00"
2019-02-25,2019022501002897,NABILP,57,6,30,745.00,"22,350.00"
2019-02-25,2019022501003275,NADEP,41,26,10,705.00,"7,050.00"
2019-02-25,2019022501003052,NADEP,41,1,100,707.00,"70,700.00"
2019-02-25,2019022501002823,NADEP,16,7,411,704.00,"289,344.00"
2019-02-25,2019022501002822,NADEP,50,7,25,705.00,"17,625.00"
2019-02-25,2019022501002821,NADEP,59,7,20,705.00,"14,100.00"
2019-02-25,2019022501002867,NADEP,16,57,10,704.00,"7,040.00"
2019-02-25,2019022501003082,NBB,48,22,200,183.00,"36,600.00"
2019-02-25,2019022501003081,NBB,48,38,101,183.00,"18,483.00"
2019-02-25,2019022501003080,NBB,48,49,10,183.00,"1,830.00"
2019-02-25,2019022501003215,NBBL,53,48,19,635.00,"12,065.00"
2019-02-25,2019022501003186,NBBL,58,8,50,623.00,"31,150.00"
2019-02-25,2019022501003255,NBL,56,22,90,283.00,"25,470.00"
2019-02-25,2019022501003229,NBL,56,38,489,283.00,"138,387.00"
2019-02-25,2019022501003134,NBL,45,38,500,283.00,"141,500.00"
2019-02-25,2019022501003118,NBL,45,38,375,283.00,"106,125.00"
2019-02-25,2019022501003117,NBL,45,34,125,283.00,"35,375.00"
2019-02-25,2019022501002862,NBL,21,34,875,283.00,"247,625.00"
2019-02-25,2019022501002861,NBL,21,17,625,283.00,"176,875.00"
2019-02-25,2019022501003233,NCCB,25,34,"1,280",204.00,"261,120.00"
2019-02-25,2019022501003109,NCCB,59,34,200,204.00,"40,800.00"
2019-02-25,2019022501003108,NCCB,43,34,20,204.00,"4,080.00"
2019-02-25,2019022501003102,NCDB,57,6,24,117.00,"2,808.00"
2019-02-25,2019022501003079,NIB,36,46,13,506.00,"6,578.00"
2019-02-25,2019022501003078,NIB,36,17,37,506.00,"18,722.00"
2019-02-25,2019022501002978,NIB,19,5,100,505.00,"50,500.00"
2019-02-25,2019022501002846,NIBPO,7,59,100,465.00,"46,500.00"
2019-02-25,2019022501002845,NIBPO,7,34,"1,000",464.00,"464,000.00"
2019-02-25,2019022501002844,NIBPO,7,49,620,463.00,"287,060.00"
2019-02-25,2019022501003306,NICA,52,37,73,377.00,"27,521.00"
2019-02-25,2019022501003294,NICA,43,37,640,377.00,"241,280.00"
2019-02-25,2019022501003293,NICA,43,5,21,377.00,"7,917.00"
2019-02-25,2019022501003292,NICA,43,28,699,377.00,"263,523.00"
2019-02-25,2019022501003291,NICA,43,56,100,377.00,"37,700.00"
2019-02-25,2019022501003290,NICA,43,11,90,377.00,"33,930.00"
2019-02-25,2019022501003241,NICA,44,6,36,375.00,"13,500.00"
2019-02-25,2019022501002965,NICA,21,45,53,374.00,"19,822.00"
2019-02-25,2019022501002892,NICA,14,45,50,374.00,"18,700.00"
2019-02-25,2019022501002868,NICA,49,40,13,375.00,"4,875.00"
2019-02-25,2019022501002820,NICA,49,40,20,375.00,"7,500.00"
2019-02-25,2019022501003289,NICA,43,48,500,376.00,"188,000.00"
2019-02-25,2019022501003288,NICA,43,14,850,376.00,"319,600.00"
2019-02-25,2019022501003287,NICA,43,46,200,376.00,"75,200.00"
2019-02-25,2019022501003244,NICA,44,57,100,375.00,"37,500.00"
2019-02-25,2019022501003243,NICA,44,54,100,375.00,"37,500.00"
2019-02-25,2019022501003242,NICA,44,40,96,375.00,"36,000.00"
2019-02-25,2019022501003133,NICL,16,44,100,371.00,"37,100.00"
2019-02-25,2019022501003132,NICL,16,52,100,370.00,"37,000.00"
2019-02-25,2019022501002914,NICL,25,58,500,367.00,"183,500.00"
2019-02-25,2019022501002853,NICL,5,25,200,365.00,"73,000.00"
2019-02-25,2019022501002850,NIL,10,5,265,510.00,"135,150.00"
2019-02-25,2019022501002849,NIL,10,34,100,510.00,"51,000.00"
2019-02-25,2019022501003212,NLBBL,39,35,11,455.00,"5,005.00"
2019-02-25,2019022501003211,NLBBL,39,19,125,455.00,"56,875.00"
2019-02-25,2019022501003068,NLBBL,28,19,75,455.00,"34,125.00"
2019-02-25,2019022501003159,NLG,6,56,110,800.00,"88,000.00"
2019-02-25,2019022501003119,NLG,25,56,390,800.00,"312,000.00"
2019-02-25,2019022501002878,NLG,5,25,50,799.00,"39,950.00"
2019-02-25,2019022501003234,NLIC,34,43,21,"1,000.00","21,000.00"
2019-02-25,2019022501003213,NLIC,55,43,60,"1,000.00","60,000.00"
2019-02-25,2019022501003200,NLIC,36,43,150,"1,000.00","150,000.00"
2019-02-25,2019022501003054,NLIC,51,51,24,998.00,"23,952.00"
2019-02-25,2019022501003022,NLIC,42,51,50,998.00,"49,900.00"
2019-02-25,2019022501002963,NLIC,55,53,61,"1,000.00","61,000.00"
2019-02-25,2019022501002879,NLIC,36,42,20,997.00,"19,940.00"
2019-02-25,2019022501002875,NLIC,49,42,100,997.00,"99,700.00"
2019-02-25,2019022501002865,NLIC,21,42,30,997.00,"29,910.00"
2019-02-25,2019022501002863,NLIC,1,42,20,997.00,"19,940.00"
2019-02-25,2019022501002832,NLIC,34,5,14,996.00,"13,944.00"
2019-02-25,2019022501002830,NLIC,38,42,50,997.00,"49,850.00"
2019-02-25,2019022501002938,NLIC,34,5,17,997.00,"16,949.00"
2019-02-25,2019022501002887,NLIC,35,53,39,"1,000.00","39,000.00"
2019-02-25,2019022501002886,NLIC,35,17,17,"1,000.00","17,000.00"
2019-02-25,2019022501002885,NLIC,35,16,207,"1,000.00","207,000.00"
2019-02-25,2019022501002884,NLIC,35,17,122,998.00,"121,756.00"
2019-02-25,2019022501002883,NLIC,35,42,115,997.00,"114,655.00"
2019-02-25,2019022501003278,NLICL,49,43,100,627.00,"62,700.00"
2019-02-25,2019022501003237,NLICL,51,16,200,626.00,"125,200.00"
2019-02-25,2019022501003225,NLICL,51,45,124,625.00,"77,500.00"
2019-02-25,2019022501003219,NLICL,21,45,50,625.00,"31,250.00"
2019-02-25,2019022501003218,NLICL,39,45,100,625.00,"62,500.00"
2019-02-25,2019022501003192,NLICL,36,45,84,625.00,"52,500.00"
2019-02-25,2019022501002905,NLICL,34,7,200,624.00,"124,800.00"
2019-02-25,2019022501003191,NLICL,36,42,16,625.00,"10,000.00"
2019-02-25,2019022501003190,NLICL,36,43,50,625.00,"31,250.00"
2019-02-25,2019022501003158,NLICL,34,7,50,624.00,"31,200.00"
2019-02-25,2019022501003152,NLICL,34,43,300,623.00,"186,900.00"
2019-02-25,2019022501002937,NLICL,52,7,100,624.00,"62,400.00"
2019-02-25,2019022501002917,NLICL,19,7,50,624.00,"31,200.00"
2019-02-25,2019022501003168,NMB,59,59,115,305.00,"35,075.00"
2019-02-25,2019022501003143,NMB,46,14,200,306.00,"61,200.00"
2019-02-25,2019022501003124,NMB,43,48,500,305.00,"152,500.00"
2019-02-25,2019022501003123,NMB,43,45,149,305.00,"45,445.00"
2019-02-25,2019022501003122,NMB,43,33,84,305.00,"25,620.00"
2019-02-25,2019022501003090,NMB,45,49,260,304.00,"79,040.00"
2019-02-25,2019022501003056,NMB,33,33,16,305.00,"4,880.00"
2019-02-25,2019022501003055,NMB,33,38,34,305.00,"10,370.00"
2019-02-25,2019022501002916,NMB,48,48,33,304.00,"10,032.00"
2019-02-25,2019022501002903,NMB,48,48,33,304.00,"10,032.00"
2019-02-25,2019022501002831,NMB,43,34,"1,840",303.00,"557,520.00"
2019-02-25,2019022501002962,NMBHF1,49,6,184,8.83,"1,624.72"
2019-02-25,2019022501002972,NMBMF,43,49,70,"1,044.00","73,080.00"
2019-02-25,2019022501002971,NMBMF,43,52,11,"1,043.00","11,473.00"
2019-02-25,2019022501002970,NMBMF,43,52,12,"1,040.00","12,480.00"
2019-02-25,2019022501003196,NNLB,55,28,60,470.00,"28,200.00"
2019-02-25,2019022501003043,NNLB,55,1,120,468.00,"56,160.00"
2019-02-25,2019022501002994,NNLB,37,21,10,463.00,"4,630.00"
2019-02-25,2019022501002942,NNLB,21,1,30,468.00,"14,040.00"
2019-02-25,2019022501002941,NNLB,21,53,20,468.00,"9,360.00"
2019-02-25,2019022501003042,NSEWA,51,51,10,534.00,"5,340.00"
2019-02-25,2019022501002961,NSEWA,11,26,10,544.00,"5,440.00"
2019-02-25,2019022501003239,NTC,49,45,50,675.00,"33,750.00"
2019-02-25,2019022501003210,NUBL,58,47,51,705.00,"35,955.00"
2019-02-25,2019022501003204,NUBL,41,47,100,705.00,"70,500.00"
2019-02-25,2019022501003174,NUBL,39,47,100,705.00,"70,500.00"
2019-02-25,2019022501003173,NUBL,11,47,10,710.00,"7,100.00"
2019-02-25,2019022501003228,PCBL,59,17,63,308.00,"19,404.00"
2019-02-25,2019022501003227,PCBL,59,43,30,307.00,"9,210.00"
2019-02-25,2019022501003096,PCBL,43,35,"1,000",306.00,"306,000.00"
2019-02-25,2019022501003095,PCBL,43,43,75,306.00,"22,950.00"
2019-02-25,2019022501003088,PCBL,14,38,35,305.00,"10,675.00"
2019-02-25,2019022501002828,PCBL,49,38,100,305.00,"30,500.00"
2019-02-25,2019022501003280,PIC,21,22,11,"1,006.00","11,066.00"
2019-02-25,2019022501003274,PIC,6,6,11,"1,004.00","11,044.00"
2019-02-25,2019022501003113,PIC,10,56,11,"1,000.00","11,000.00"
2019-02-25,2019022501003112,PIC,10,14,11,"1,000.00","11,000.00"
2019-02-25,2019022501003111,PIC,10,45,11,"1,000.00","11,000.00"
2019-02-25,2019022501003034,PIC,45,43,11,995.00,"10,945.00"
2019-02-25,2019022501002921,PIC,6,5,11,990.00,"10,890.00"
2019-02-25,2019022501002847,PIC,6,5,11,990.00,"10,890.00"
2019-02-25,2019022501003106,PICL,58,58,10,687.00,"6,870.00"
2019-02-25,2019022501003039,PICL,58,46,16,674.00,"10,784.00"
2019-02-25,2019022501003019,PICL,36,46,300,674.00,"202,200.00"
2019-02-25,2019022501002924,PICL,22,46,50,674.00,"33,700.00"
2019-02-25,2019022501003011,PLIC,35,39,10,446.00,"4,460.00"
2019-02-25,2019022501002893,PLIC,35,42,10,438.00,"4,380.00"
2019-02-25,2019022501002871,PLIC,29,40,165,435.00,"71,775.00"
2019-02-25,2019022501003246,PRIN,39,48,20,413.00,"8,260.00"
2019-02-25,2019022501003197,PRIN,17,48,30,413.00,"12,390.00"
2019-02-25,2019022501003130,PRIN,42,48,50,413.00,"20,650.00"
2019-02-25,2019022501003007,PRIN,29,21,10,408.00,"4,080.00"
2019-02-25,2019022501002993,PRIN,19,8,170,410.00,"69,700.00"
2019-02-25,2019022501003262,PRVU,56,52,39,209.00,"8,151.00"
2019-02-25,2019022501003148,PRVU,52,52,150,209.00,"31,350.00"
2019-02-25,2019022501003101,PRVU,4,52,"1,211",209.00,"253,099.00"
2019-02-25,2019022501003100,PRVU,4,45,50,209.00,"10,450.00"
2019-02-25,2019022501003099,PRVU,4,41,"1,000",209.00,"209,000.00"
2019-02-25,2019022501003098,PRVU,4,28,100,209.00,"20,900.00"
2019-02-25,2019022501003097,PRVU,4,28,639,209.00,"133,551.00"
2019-02-25,2019022501003059,PRVU,10,57,361,208.00,"75,088.00"
2019-02-25,2019022501003058,PRVU,26,57,139,208.00,"28,912.00"
2019-02-25,2019022501003036,PRVU,26,5,200,208.00,"41,600.00"
2019-02-25,2019022501002825,RBCL,33,43,20,"8,980.00","179,600.00"
2019-02-25,2019022501002952,RBCLPO,33,43,20,"8,500.00","170,000.00"
2019-02-25,2019022501003305,RRHP,11,1,10,88.00,880.00
2019-02-25,2019022501003300,RRHP,11,47,10,88.00,880.00
2019-02-25,2019022501003033,RRHP,11,47,10,88.00,880.00
2019-02-25,2019022501003129,SADBL,13,58,400,138.00,"55,200.00"
2019-02-25,2019022501003128,SADBL,13,44,24,138.00,"3,312.00"
2019-02-25,2019022501003127,SADBL,13,40,51,138.00,"7,038.00"
2019-02-25,2019022501003245,SANIMA,43,17,246,292.00,"71,832.00"
2019-02-25,2019022501003209,SANIMA,45,34,138,291.00,"40,158.00"
2019-02-25,2019022501003195,SANIMA,45,34,500,291.00,"145,500.00"
2019-02-25,2019022501003094,SANIMA,36,34,30,291.00,"8,730.00"
2019-02-25,2019022501003089,SANIMA,40,34,202,291.00,"58,782.00"
2019-02-25,2019022501002882,SANIMA,36,34,130,291.00,"37,830.00"
2019-02-25,2019022501002842,SANIMA,49,17,100,292.00,"29,200.00"
2019-02-25,2019022501002894,SBBLJ,58,13,170,187.00,"31,790.00"
2019-02-25,2019022501003240,SBI,51,37,50,374.00,"18,700.00"
2019-02-25,2019022501003221,SBI,16,37,52,374.00,"19,448.00"
2019-02-25,2019022501003220,SBI,16,42,48,374.00,"17,952.00"
2019-02-25,2019022501002852,SBL,45,34,500,275.00,"137,500.00"
2019-02-25,2019022501002841,SBL,50,45,31,274.00,"8,494.00"
2019-02-25,2019022501003067,SCB,59,59,238,527.00,"125,426.00"
2019-02-25,2019022501003066,SCB,34,59,50,527.00,"26,350.00"
2019-02-25,2019022501003065,SCB,39,59,12,527.00,"6,324.00"
2019-02-25,2019022501003048,SCB,43,42,237,529.00,"125,373.00"
2019-02-25,2019022501002833,SCB,39,42,190,527.00,"100,130.00"
2019-02-25,2019022501003047,SCB,43,17,20,529.00,"10,580.00"
2019-02-25,2019022501003046,SCB,43,42,250,528.00,"132,000.00"
2019-02-25,2019022501002935,SCB,39,5,20,527.00,"10,540.00"
2019-02-25,2019022501002860,SCB,39,5,20,527.00,"10,540.00"
2019-02-25,2019022501003147,SDESI,45,3,13,605.00,"7,865.00"
2019-02-25,2019022501003074,SDESI,58,33,200,605.00,"121,000.00"
2019-02-25,2019022501003073,SDESI,58,14,100,604.00,"60,400.00"
2019-02-25,2019022501002870,SDESI,45,16,10,604.00,"6,040.00"
2019-02-25,2019022501002858,SDESI,45,33,200,594.00,"118,800.00"
2019-02-25,2019022501002857,SDESI,45,3,10,594.00,"5,940.00"
2019-02-25,2019022501002856,SDESI,45,58,23,594.00,"13,662.00"
2019-02-25,2019022501003161,SEOS,25,54,"10,000",9.65,"96,500.00"
2019-02-25,2019022501003160,SEOS,25,55,"2,000",9.60,"19,200.00"
2019-02-25,2019022501003087,SHPC,47,43,50,216.00,"10,800.00"
2019-02-25,2019022501002866,SHPC,36,42,22,215.00,"4,730.00"
2019-02-25,2019022501003021,SICL,36,43,200,864.00,"172,800.00"
2019-02-25,2019022501003020,SICL,36,45,100,863.00,"86,300.00"
2019-02-25,2019022501003014,SICL,36,43,200,862.00,"172,400.00"
2019-02-25,2019022501003313,SIL,37,25,20,601.00,"12,020.00"
2019-02-25,2019022501003208,SIL,36,22,309,592.00,"182,928.00"
2019-02-25,2019022501003193,SIL,37,22,50,592.00,"29,600.00"
2019-02-25,2019022501003189,SIL,37,22,41,592.00,"24,272.00"
2019-02-25,2019022501003188,SIL,37,50,20,591.00,"11,820.00"
2019-02-25,2019022501003187,SIL,37,34,939,590.00,"554,010.00"
2019-02-25,2019022501003044,SIL,7,34,100,589.00,"58,900.00"
2019-02-25,2019022501002976,SIL,51,34,100,589.00,"58,900.00"
2019-02-25,2019022501002912,SIL,5,34,300,590.00,"177,000.00"
2019-02-25,2019022501003041,SKBBL,18,19,70,835.00,"58,450.00"
2019-02-25,2019022501003092,SLBBL,58,21,20,500.00,"10,000.00"
2019-02-25,2019022501003091,SLBBL,58,6,10,499.00,"4,990.00"
2019-02-25,2019022501003072,SLBBL,49,6,40,499.00,"19,960.00"
2019-02-25,2019022501003142,SLBBL,59,59,22,490.00,"10,780.00"
2019-02-25,2019022501003093,SLBBL,58,51,20,500.00,"10,000.00"
2019-02-25,2019022501003145,SLBSL,43,56,10,780.00,"7,800.00"
2019-02-25,2019022501003144,SLBSL,43,6,10,780.00,"7,800.00"
2019-02-25,2019022501003053,SLBSL,49,7,10,775.00,"7,750.00"
2019-02-25,2019022501002981,SLBSL,58,25,10,785.00,"7,850.00"
2019-02-25,2019022501002980,SLBSL,58,34,10,784.00,"7,840.00"
2019-02-25,2019022501002909,SLICL,16,1,40,520.00,"20,800.00"
2019-02-25,2019022501002869,SLICL,43,4,500,519.00,"259,500.00"
2019-02-25,2019022501003299,SMATA,28,17,20,"1,330.00","26,600.00"
2019-02-25,2019022501003298,SMATA,28,22,18,"1,329.00","23,922.00"
2019-02-25,2019022501003002,SMB,39,10,10,603.00,"6,030.00"
2019-02-25,2019022501002948,SMB,11,6,10,595.00,"5,950.00"
2019-02-25,2019022501003001,SMB,39,10,10,603.00,"6,030.00"
2019-02-25,2019022501003000,SMB,39,10,10,603.00,"6,030.00"
2019-02-25,2019022501002999,SMB,39,6,10,602.00,"6,020.00"
2019-02-25,2019022501002998,SMB,39,38,10,602.00,"6,020.00"
2019-02-25,2019022501002997,SMB,39,38,10,602.00,"6,020.00"
2019-02-25,2019022501002996,SMB,39,34,40,600.00,"24,000.00"
2019-02-25,2019022501003038,SMFDB,58,48,158,670.00,"105,860.00"
2019-02-25,2019022501003194,SPDL,43,43,10,88.00,880.00
2019-02-25,2019022501003286,SRBL,51,42,10,208.00,"2,080.00"
2019-02-25,2019022501003285,SRBL,51,43,79,206.00,"16,274.00"
2019-02-25,2019022501003284,SRBL,51,34,11,206.00,"2,266.00"
2019-02-25,2019022501003283,SRBL,51,55,106,205.00,"21,730.00"
2019-02-25,2019022501003207,UIC,58,52,50,773.00,"38,650.00"
2019-02-25,2019022501003206,UIC,58,1,100,770.00,"77,000.00"
2019-02-25,2019022501003205,UIC,58,55,30,769.00,"23,070.00"
2019-02-25,2019022501002915,UIC,45,25,18,765.00,"13,770.00"
2019-02-25,2019022501003314,UMHL,53,47,14,107.00,"1,498.00"
2019-02-25,2019022501003315,UPPER,21,1,40,223.00,"8,920.00"
2019-02-25,2019022501003308,UPPER,21,39,23,223.00,"5,129.00"
2019-02-25,2019022501003307,UPPER,26,39,27,223.00,"6,021.00"
2019-02-25,2019022501002949,UPPER,26,5,50,223.00,"11,150.00"
2019-02-25,2019022501002890,UPPER,26,5,40,223.00,"8,920.00"
2019-02-25,2019022501002851,UPPER,26,59,293,223.00,"65,339.00"
2019-02-25,2019022501002848,UPPER,26,45,50,223.00,"11,150.00"
2019-02-25,2019022501002834,UPPER,26,17,40,223.00,"8,920.00"
2019-02-25,2019022501002959,UPPER,40,33,70,224.00,"15,680.00"
2019-02-25,2019022501002958,UPPER,40,53,300,224.00,"67,200.00"
2019-02-25,2019022501002957,UPPER,40,25,175,224.00,"39,200.00"
2019-02-25,2019022501002956,UPPER,40,8,40,224.00,"8,960.00"
2019-02-25,2019022501002955,UPPER,40,57,60,224.00,"13,440.00"
2019-02-25,2019022501002954,UPPER,40,58,100,224.00,"22,400.00"
2019-02-25,2019022501003301,UPPER,40,22,50,224.00,"11,200.00"
2019-02-25,2019022501003253,UPPER,43,22,500,224.00,"112,000.00"
2019-02-25,2019022501003230,UPPER,29,41,30,224.00,"6,720.00"
2019-02-25,2019022501003114,UPPER,29,28,40,224.00,"8,960.00"
2019-02-25,2019022501003126,VLBS,53,59,50,675.00,"33,750.00"
2019-02-25,2019022501003125,VLBS,53,43,28,674.00,"18,872.00"
2019-02-25,2019022501003071,VLBS,53,13,100,670.00,"67,000.00"
2019-02-25,2019022501003070,VLBS,53,13,100,670.00,"67,000.00"
2019-02-25,2019022501003311,WOMI,4,20,138,"1,115.00","153,870.00"
2019-02-25,2019022501003310,WOMI,4,33,100,"1,114.00","111,400.00"
2019-02-25,2019022501003150,WOMI,5,22,50,"1,115.00","55,750.00"
2019-02-25,2019022501003057,WOMI,32,17,18,"1,112.00","20,016.00"
2019-02-25,2019022501002630,ADBL,47,34,75,329.00,"24,675.00"
2019-02-25,2019022501002629,ADBL,47,34,239,329.00,"78,631.00"
2019-02-25,2019022501002628,ADBL,47,25,151,329.00,"49,679.00"
2019-02-25,2019022501002624,ADBL,46,10,99,328.00,"32,472.00"
2019-02-25,2019022501002588,ADBL,40,34,100,329.00,"32,900.00"
2019-02-25,2019022501002556,ADBL,10,34,50,329.00,"16,450.00"
2019-02-25,2019022501002506,ADBL,6,34,100,329.00,"32,900.00"
2019-02-25,2019022501002499,ADBL,6,34,100,329.00,"32,900.00"
2019-02-25,2019022501002479,ADBL,58,34,100,329.00,"32,900.00"
2019-02-25,2019022501002333,ADBL,32,34,50,329.00,"16,450.00"
2019-02-25,2019022501002781,AHPC,42,52,20,98.00,"1,960.00"
2019-02-25,2019022501002606,AKPL,22,38,62,152.00,"9,424.00"
2019-02-25,2019022501002320,AKPL,22,36,13,150.00,"1,950.00"
2019-02-25,2019022501002818,ALICL,38,58,337,555.00,"187,035.00"
2019-02-25,2019022501002817,ALICL,38,10,195,555.00,"108,225.00"
2019-02-25,2019022501002773,ALICL,35,28,500,553.00,"276,500.00"
2019-02-25,2019022501002772,ALICL,35,10,"1,180",553.00,"652,540.00"
2019-02-25,2019022501002767,ALICL,52,10,20,553.00,"11,060.00"
2019-02-25,2019022501002675,ALICL,16,44,250,552.00,"138,000.00"
2019-02-25,2019022501002457,ALICL,34,54,63,548.00,"34,524.00"
2019-02-25,2019022501002456,ALICL,34,54,100,548.00,"54,800.00"
2019-02-25,2019022501002455,ALICL,45,54,300,548.00,"164,400.00"
2019-02-25,2019022501002454,ALICL,57,54,50,549.00,"27,450.00"
2019-02-25,2019022501002356,AMFI,35,35,10,682.00,"6,820.00"
2019-02-25,2019022501002368,API,11,38,14,125.00,"1,750.00"
2019-02-25,2019022501002802,BOKL,39,17,30,240.00,"7,200.00"
2019-02-25,2019022501002799,BOKL,22,39,72,239.00,"17,208.00"
2019-02-25,2019022501002765,BOKL,8,58,500,239.00,"119,500.00"
2019-02-25,2019022501002764,BOKL,8,58,"1,000",239.00,"239,000.00"
2019-02-25,2019022501002549,BOKL,28,17,20,240.00,"4,800.00"
2019-02-25,2019022501002543,BOKL,28,49,"1,480",240.00,"355,200.00"
2019-02-25,2019022501002542,BOKL,43,49,20,240.00,"4,800.00"
2019-02-25,2019022501002784,CBBL,38,37,400,864.00,"345,600.00"
2019-02-25,2019022501002783,CBBL,38,34,182,860.00,"156,520.00"
2019-02-25,2019022501002723,CBL,41,57,"1,246",147.00,"183,162.00"
2019-02-25,2019022501002669,CBL,41,47,287,147.00,"42,189.00"
2019-02-25,2019022501002650,CBL,14,28,50,148.00,"7,400.00"
2019-02-25,2019022501002515,CBL,43,28,50,148.00,"7,400.00"
2019-02-25,2019022501002367,CBL,14,28,50,148.00,"7,400.00"
2019-02-25,2019022501002553,CCBL,33,17,110,157.00,"17,270.00"
2019-02-25,2019022501002552,CCBL,10,17,100,158.00,"15,800.00"
2019-02-25,2019022501002344,CCBL,33,59,673,157.00,"105,661.00"
2019-02-25,2019022501002343,CCBL,14,59,10,158.00,"1,580.00"
2019-02-25,2019022501002788,CFCL,56,43,67,110.00,"7,370.00"
2019-02-25,2019022501002428,CHCL,29,42,50,501.00,"25,050.00"
2019-02-25,2019022501002366,CHCL,58,43,40,502.00,"20,080.00"
2019-02-25,2019022501002771,CHLBS,54,17,10,582.00,"5,820.00"
2019-02-25,2019022501002722,CHLBS,37,37,10,585.00,"5,850.00"
2019-02-25,2019022501002693,CHLBS,16,1,10,585.00,"5,850.00"
2019-02-25,2019022501002692,CHLBS,16,43,10,585.00,"5,850.00"
2019-02-25,2019022501002691,CHLBS,16,26,10,585.00,"5,850.00"
2019-02-25,2019022501002690,CHLBS,16,28,10,585.00,"5,850.00"
2019-02-25,2019022501002361,CHLBS,5,58,10,584.00,"5,840.00"
2019-02-25,2019022501002337,CHLBS,5,58,10,583.00,"5,830.00"
2019-02-25,2019022501002327,CHLBS,54,45,10,582.00,"5,820.00"
2019-02-25,2019022501002540,CHLBS,36,33,10,583.00,"5,830.00"
2019-02-25,2019022501002516,CHLBS,5,21,10,584.00,"5,840.00"
2019-02-25,2019022501002365,CHLBS,5,58,10,584.00,"5,840.00"
2019-02-25,2019022501002364,CHLBS,5,58,10,584.00,"5,840.00"
2019-02-25,2019022501002363,CHLBS,5,58,10,584.00,"5,840.00"
2019-02-25,2019022501002362,CHLBS,5,58,10,584.00,"5,840.00"
2019-02-25,2019022501002578,CHLBS,5,40,10,584.00,"5,840.00"
2019-02-25,2019022501002577,CHLBS,5,40,10,584.00,"5,840.00"
2019-02-25,2019022501002576,CHLBS,5,40,10,584.00,"5,840.00"
2019-02-25,2019022501002574,CHLBS,54,38,10,582.00,"5,820.00"
2019-02-25,2019022501002562,CHLBS,5,32,10,583.00,"5,830.00"
2019-02-25,2019022501002550,CHLBS,36,32,190,583.00,"110,770.00"
2019-02-25,2019022501002672,CHLBS,32,59,10,583.00,"5,830.00"
2019-02-25,2019022501002666,CHLBS,32,59,10,583.00,"5,830.00"
2019-02-25,2019022501002641,CHLBS,32,49,10,583.00,"5,830.00"
2019-02-25,2019022501002631,CHLBS,32,59,10,583.00,"5,830.00"
2019-02-25,2019022501002623,CHLBS,32,38,10,583.00,"5,830.00"
2019-02-25,2019022501002603,CHLBS,54,57,10,582.00,"5,820.00"
2019-02-25,2019022501002683,CHLBS,16,37,10,585.00,"5,850.00"
2019-02-25,2019022501002682,CHLBS,16,36,10,584.00,"5,840.00"
2019-02-25,2019022501002681,CHLBS,16,58,10,584.00,"5,840.00"
2019-02-25,2019022501002680,CHLBS,16,58,10,584.00,"5,840.00"
2019-02-25,2019022501002679,CHLBS,16,58,10,584.00,"5,840.00"
2019-02-25,2019022501002678,CHLBS,16,43,10,584.00,"5,840.00"
2019-02-25,2019022501002689,CHLBS,16,8,10,585.00,"5,850.00"
2019-02-25,2019022501002688,CHLBS,16,8,10,585.00,"5,850.00"
2019-02-25,2019022501002687,CHLBS,16,8,10,585.00,"5,850.00"
2019-02-25,2019022501002686,CHLBS,16,8,10,585.00,"5,850.00"
2019-02-25,2019022501002685,CHLBS,16,8,10,585.00,"5,850.00"
2019-02-25,2019022501002684,CHLBS,16,38,10,585.00,"5,850.00"
2019-02-25,2019022501002632,CIT,17,22,10,"2,517.00","25,170.00"
2019-02-25,2019022501002324,CIT,38,59,16,"2,501.00","40,016.00"
2019-02-25,2019022501002323,CIT,33,59,30,"2,505.00","75,150.00"
2019-02-25,2019022501002322,CIT,49,59,10,"2,506.00","25,060.00"
2019-02-25,2019022501002642,CZBIL,26,5,60,201.00,"12,060.00"
2019-02-25,2019022501002440,CZBIL,36,29,500,202.00,"101,000.00"
2019-02-25,2019022501002359,CZBIL,26,29,500,201.00,"100,500.00"
2019-02-25,2019022501002338,CZBIL,33,59,492,200.00,"98,400.00"
2019-02-25,2019022501002814,DBBL,33,45,34,122.00,"4,148.00"
2019-02-25,2019022501002513,DBBL,33,34,200,122.00,"24,400.00"
2019-02-25,2019022501002512,DBBL,57,34,100,122.00,"12,200.00"
2019-02-25,2019022501002726,EBL,57,34,200,508.00,"101,600.00"
2019-02-25,2019022501002718,EBL,1,26,66,507.00,"33,462.00"
2019-02-25,2019022501002696,EDBL,56,47,75,282.00,"21,150.00"
2019-02-25,2019022501002695,EDBL,57,47,50,283.00,"14,150.00"
2019-02-25,2019022501002325,FOWAD,57,36,39,"1,510.00","58,890.00"
2019-02-25,2019022501002809,GBBL,49,43,100,181.00,"18,100.00"
2019-02-25,2019022501002504,GBIME,57,52,75,257.00,"19,275.00"
2019-02-25,2019022501002503,GBIME,57,29,25,257.00,"6,425.00"
2019-02-25,2019022501002770,GBLBS,55,21,100,433.00,"43,300.00"
2019-02-25,2019022501002673,GBLBS,1,17,10,432.00,"4,320.00"
2019-02-25,2019022501002360,GBLBS,41,17,200,432.00,"86,400.00"
2019-02-25,2019022501002670,GLICL,58,34,345,675.00,"232,875.00"
2019-02-25,2019022501002618,GLICL,45,34,15,675.00,"10,125.00"
2019-02-25,2019022501002561,GLICL,28,34,30,675.00,"20,250.00"
2019-02-25,2019022501002789,GRDBL,45,17,10,103.00,"1,030.00"
2019-02-25,2019022501002591,GRDBL,42,43,440,102.00,"44,880.00"
2019-02-25,2019022501002590,GRDBL,7,43,110,102.00,"11,220.00"
2019-02-25,2019022501002589,GRDBL,11,43,450,102.00,"45,900.00"
2019-02-25,2019022501002704,GUFL,43,43,104,101.00,"10,504.00"
2019-02-25,2019022501002664,GUFL,34,43,100,101.00,"10,100.00"
2019-02-25,2019022501002430,HBL,19,34,200,428.00,"85,600.00"
2019-02-25,2019022501002355,HBL,43,6,30,429.00,"12,870.00"
2019-02-25,2019022501002347,HBL,16,6,50,429.00,"21,450.00"
2019-02-25,2019022501002714,HGI,42,45,282,370.00,"104,340.00"
2019-02-25,2019022501002713,HGI,55,45,18,377.00,"6,786.00"
2019-02-25,2019022501002572,HGI,55,6,17,377.00,"6,409.00"
2019-02-25,2019022501002453,HGI,42,51,28,370.00,"10,360.00"
2019-02-25,2019022501002452,HGI,42,51,50,370.00,"18,500.00"
2019-02-25,2019022501002451,HGI,42,51,200,370.00,"74,000.00"
