Date,Transact. No.,Symbol,Buyer,Seller,Quantity,Rate,Amount
2019-05-07,2019050701008315,ADBL,36,49,13,389.00,"5,057.00"
2019-05-07,2019050701008253,ADBL,58,20,100,385.00,"38,500.00"
2019-05-07,2019050701008252,ADBL,45,20,500,386.00,"193,000.00"
2019-05-07,2019050701008251,ADBL,58,20,22,386.00,"8,492.00"
2019-05-07,2019050701008250,ADBL,58,20,20,387.00,"7,740.00"
2019-05-07,2019050701008226,ADBL,52,49,50,389.00,"19,450.00"
2019-05-07,2019050701008110,ADBL,58,34,318,386.00,"122,748.00"
2019-05-07,2019050701008109,ADBL,58,29,160,386.00,"61,760.00"
2019-05-07,2019050701008205,ADBL,58,49,10,389.00,"3,890.00"
2019-05-07,2019050701008204,ADBL,58,46,40,389.00,"15,560.00"
2019-05-07,2019050701008162,ADBL,34,46,20,389.00,"7,780.00"
2019-05-07,2019050701008143,ADBL,58,52,50,387.00,"19,350.00"
2019-05-07,2019050701008142,ADBL,58,42,500,387.00,"193,500.00"
2019-05-07,2019050701008141,ADBL,58,49,30,387.00,"11,610.00"
2019-05-07,2019050701008425,AHPC,48,28,10,108.00,"1,080.00"
2019-05-07,2019050701008260,AKPL,5,39,20,185.00,"3,700.00"
2019-05-07,2019050701008241,AKPL,5,28,13,183.00,"2,379.00"
2019-05-07,2019050701008240,AKPL,5,22,10,182.00,"1,820.00"
2019-05-07,2019050701008239,AKPL,5,21,21,182.00,"3,822.00"
2019-05-07,2019050701008238,AKPL,5,8,13,181.00,"2,353.00"
2019-05-07,2019050701008218,ALBSL,8,8,10,464.00,"4,640.00"
2019-05-07,2019050701008217,ALBSL,8,8,10,464.00,"4,640.00"
2019-05-07,2019050701008216,ALBSL,8,8,10,464.00,"4,640.00"
2019-05-07,2019050701008215,ALBSL,8,8,10,464.00,"4,640.00"
2019-05-07,2019050701008214,ALBSL,8,8,10,464.00,"4,640.00"
2019-05-07,2019050701008213,ALBSL,8,8,10,464.00,"4,640.00"
2019-05-07,2019050701008090,ALICL,45,34,100,442.00,"44,200.00"
2019-05-07,2019050701008496,API,25,57,10,140.00,"1,400.00"
2019-05-07,2019050701008495,API,25,42,490,139.00,"68,110.00"
2019-05-07,2019050701008442,API,56,42,10,139.00,"1,390.00"
2019-05-07,2019050701008405,API,56,25,500,138.00,"69,000.00"
2019-05-07,2019050701008404,API,56,25,600,138.00,"82,800.00"
2019-05-07,2019050701008403,API,56,36,500,138.00,"69,000.00"
2019-05-07,2019050701008402,API,56,25,480,138.00,"66,240.00"
2019-05-07,2019050701008277,API,56,25,20,138.00,"2,760.00"
2019-05-07,2019050701008271,API,41,40,18,136.00,"2,448.00"
2019-05-07,2019050701008254,API,25,25,50,138.00,"6,900.00"
2019-05-07,2019050701008367,BNT,33,42,10,"7,110.00","71,100.00"
2019-05-07,2019050701008195,BNT,28,55,50,"7,000.00","350,000.00"
2019-05-07,2019050701008194,BNT,28,55,30,"7,000.00","210,000.00"
2019-05-07,2019050701008193,BNT,28,14,40,"7,000.00","280,000.00"
2019-05-07,2019050701008456,BOKL,57,33,300,283.00,"84,900.00"
2019-05-07,2019050701008376,BOKL,38,41,37,282.00,"10,434.00"
2019-05-07,2019050701008332,BOKL,26,33,200,283.00,"56,600.00"
2019-05-07,2019050701008235,BOKL,19,5,200,284.00,"56,800.00"
2019-05-07,2019050701008160,BPCL,58,49,17,380.00,"6,460.00"
2019-05-07,2019050701008159,BPCL,58,47,200,377.00,"75,400.00"
2019-05-07,2019050701008158,BPCL,58,49,179,375.00,"67,125.00"
2019-05-07,2019050701008157,BPCL,58,6,300,373.00,"111,900.00"
2019-05-07,2019050701008156,BPCL,58,25,11,372.00,"4,092.00"
2019-05-07,2019050701008155,BPCL,58,25,11,372.00,"4,092.00"
2019-05-07,2019050701008154,BPCL,58,25,11,372.00,"4,092.00"
2019-05-07,2019050701008153,BPCL,58,25,11,372.00,"4,092.00"
2019-05-07,2019050701008105,BPCL,57,33,90,370.00,"33,300.00"
2019-05-07,2019050701008066,BPCL,29,29,1,363.00,363.00
2019-05-07,2019050701008550,CBBL,49,26,10,970.00,"9,700.00"
2019-05-07,2019050701008329,CBBL,47,57,52,963.00,"50,076.00"
2019-05-07,2019050701008209,CBBL,39,57,88,963.00,"84,744.00"
2019-05-07,2019050701008145,CBBL,39,57,12,963.00,"11,556.00"
2019-05-07,2019050701008493,CBL,34,44,100,153.00,"15,300.00"
2019-05-07,2019050701008473,CBL,52,44,500,152.00,"76,000.00"
2019-05-07,2019050701008472,CBL,28,44,"1,000",152.00,"152,000.00"
2019-05-07,2019050701008471,CBL,35,44,500,152.00,"76,000.00"
2019-05-07,2019050701008470,CBL,39,44,100,152.00,"15,200.00"
2019-05-07,2019050701008469,CBL,48,44,"1,000",152.00,"152,000.00"
2019-05-07,2019050701008135,CBL,59,44,50,153.00,"7,650.00"
2019-05-07,2019050701008134,CBL,34,44,123,153.00,"18,819.00"
2019-05-07,2019050701008071,CBL,34,57,70,153.00,"10,710.00"
2019-05-07,2019050701008350,CBL,28,44,"1,000",153.00,"153,000.00"
2019-05-07,2019050701008248,CBL,38,44,49,153.00,"7,497.00"
2019-05-07,2019050701008182,CBL,38,17,174,153.00,"26,622.00"
2019-05-07,2019050701008138,CBL,38,44,277,153.00,"42,381.00"
2019-05-07,2019050701008137,CBL,58,44,50,153.00,"7,650.00"
2019-05-07,2019050701008136,CBL,17,44,500,153.00,"76,500.00"
2019-05-07,2019050701008468,CBL,51,44,600,152.00,"91,200.00"
2019-05-07,2019050701008467,CBL,48,44,"1,000",152.00,"152,000.00"
2019-05-07,2019050701008466,CBL,21,44,100,152.00,"15,200.00"
2019-05-07,2019050701008465,CBL,52,44,200,152.00,"30,400.00"
2019-05-07,2019050701008384,CBL,14,44,100,153.00,"15,300.00"
2019-05-07,2019050701008370,CBL,28,44,951,153.00,"145,503.00"
2019-05-07,2019050701008441,CCBL,14,29,56,179.00,"10,024.00"
2019-05-07,2019050701008440,CCBL,14,33,108,179.00,"19,332.00"
2019-05-07,2019050701008439,CCBL,14,14,41,179.00,"7,339.00"
2019-05-07,2019050701008380,CCBL,42,38,800,176.00,"140,800.00"
2019-05-07,2019050701008379,CCBL,14,38,200,177.00,"35,400.00"
2019-05-07,2019050701008378,CCBL,42,38,"5,000",177.00,"885,000.00"
2019-05-07,2019050701008308,CCBL,39,55,"1,000",178.00,"178,000.00"
2019-05-07,2019050701008504,CEFL,5,4,10,97.00,970.00
2019-05-07,2019050701008111,CEFL,5,4,10,96.00,960.00
2019-05-07,2019050701008206,CHCL,56,40,700,534.00,"373,800.00"
2019-05-07,2019050701008140,CHCL,22,40,300,534.00,"160,200.00"
2019-05-07,2019050701008492,CIT,38,56,50,"2,636.00","131,800.00"
2019-05-07,2019050701008491,CIT,35,28,50,"2,639.00","131,950.00"
2019-05-07,2019050701008490,CIT,35,40,50,"2,639.00","131,950.00"
2019-05-07,2019050701008478,CIT,25,8,200,"2,638.00","527,600.00"
2019-05-07,2019050701008477,CIT,25,3,10,"2,638.00","26,380.00"
2019-05-07,2019050701008476,CIT,25,43,100,"2,637.00","263,700.00"
2019-05-07,2019050701008460,CIT,38,5,50,"2,636.00","131,800.00"
2019-05-07,2019050701008459,CIT,38,55,50,"2,635.00","131,750.00"
2019-05-07,2019050701008458,CIT,38,5,100,"2,634.00","263,400.00"
2019-05-07,2019050701008457,CIT,25,56,50,"2,633.00","131,650.00"
2019-05-07,2019050701008422,CIT,25,54,129,"2,630.00","339,270.00"
2019-05-07,2019050701008398,CIT,35,59,80,"2,630.00","210,400.00"
2019-05-07,2019050701008500,CZBIL,43,16,480,226.00,"108,480.00"
2019-05-07,2019050701008499,CZBIL,42,16,500,226.00,"113,000.00"
2019-05-07,2019050701008498,CZBIL,33,16,20,226.00,"4,520.00"
2019-05-07,2019050701008432,CZBIL,33,16,480,226.00,"108,480.00"
2019-05-07,2019050701008392,CZBIL,16,16,150,227.00,"34,050.00"
2019-05-07,2019050701008391,CZBIL,42,16,90,227.00,"20,430.00"
2019-05-07,2019050701008089,CZBIL,10,28,500,228.00,"114,000.00"
2019-05-07,2019050701008390,CZBIL,42,16,90,227.00,"20,430.00"
2019-05-07,2019050701008389,CZBIL,6,16,150,227.00,"34,050.00"
2019-05-07,2019050701008388,CZBIL,6,16,40,227.00,"9,080.00"
2019-05-07,2019050701008181,CZBIL,6,49,60,227.00,"13,620.00"
2019-05-07,2019050701008180,CZBIL,6,49,500,227.00,"113,500.00"
2019-05-07,2019050701008179,CZBIL,32,49,98,227.00,"22,246.00"
2019-05-07,2019050701008207,DDBL,10,49,100,734.00,"73,400.00"
2019-05-07,2019050701008485,EBL,42,46,285,675.00,"192,375.00"
2019-05-07,2019050701008484,EBL,42,33,25,675.00,"16,875.00"
2019-05-07,2019050701008483,EBL,42,6,500,674.00,"337,000.00"
2019-05-07,2019050701008482,EBL,42,37,190,673.00,"127,870.00"
2019-05-07,2019050701008307,EBL,6,36,61,670.00,"40,870.00"
2019-05-07,2019050701008262,EBL,49,36,39,670.00,"26,130.00"
2019-05-07,2019050701008211,EBL,49,16,41,670.00,"27,470.00"
2019-05-07,2019050701008317,EIC,49,7,50,434.00,"21,700.00"
2019-05-07,2019050701008316,EIC,51,7,100,435.00,"43,500.00"
2019-05-07,2019050701008201,EIC,51,43,400,435.00,"174,000.00"
2019-05-07,2019050701008200,EIC,56,43,500,435.00,"217,500.00"
2019-05-07,2019050701008199,EIC,45,43,100,435.00,"43,500.00"
2019-05-07,2019050701008086,EIC,16,51,50,436.00,"21,800.00"
2019-05-07,2019050701008411,FOWAD,45,57,15,"1,570.00","23,550.00"
2019-05-07,2019050701008410,FOWAD,45,38,69,"1,570.00","108,330.00"
2019-05-07,2019050701008246,FOWAD,5,38,10,"1,570.00","15,700.00"
2019-05-07,2019050701008415,GBBL,16,34,15,226.00,"3,390.00"
2019-05-07,2019050701008414,GBBL,16,22,300,225.00,"67,500.00"
2019-05-07,2019050701008413,GBBL,16,43,885,225.00,"199,125.00"
2019-05-07,2019050701008412,GBBL,16,21,200,224.00,"44,800.00"
2019-05-07,2019050701008197,GBBL,39,22,379,224.00,"84,896.00"
2019-05-07,2019050701008549,GBIME,46,38,881,312.00,"274,872.00"
2019-05-07,2019050701008548,GBIME,34,38,119,312.00,"37,128.00"
2019-05-07,2019050701008444,GBIME,52,14,"1,000",313.00,"313,000.00"
2019-05-07,2019050701008077,GBLBS,50,33,50,360.00,"18,000.00"
2019-05-07,2019050701008076,GBLBS,19,33,100,360.00,"36,000.00"
2019-05-07,2019050701008075,GBLBS,25,33,99,360.00,"35,640.00"
2019-05-07,2019050701008074,GBLBS,40,33,30,361.00,"10,830.00"
2019-05-07,2019050701008073,GBLBS,41,33,40,362.00,"14,480.00"
2019-05-07,2019050701008342,GFCL,1,43,258,119.00,"30,702.00"
2019-05-07,2019050701008341,GFCL,14,43,129,119.00,"15,351.00"
2019-05-07,2019050701008259,GFCL,14,33,371,119.00,"44,149.00"
2019-05-07,2019050701008433,GILB,19,48,10,"1,244.00","12,440.00"
2019-05-07,2019050701008232,GLICL,5,42,120,565.00,"67,800.00"
2019-05-07,2019050701008123,HGI,36,28,200,398.00,"79,600.00"
2019-05-07,2019050701008122,HIDCL,49,58,714,142.00,"101,388.00"
2019-05-07,2019050701008266,HPPL,42,57,10,184.00,"1,840.00"
2019-05-07,2019050701008265,HPPL,42,19,10,183.00,"1,830.00"
2019-05-07,2019050701008264,HPPL,42,57,20,183.00,"3,660.00"
2019-05-07,2019050701008263,HPPL,42,48,20,183.00,"3,660.00"
2019-05-07,2019050701008243,IGI,7,29,10,428.00,"4,280.00"
2019-05-07,2019050701008377,JBNL,58,57,300,205.00,"61,500.00"
2019-05-07,2019050701008373,JBNL,58,25,500,205.00,"102,500.00"
2019-05-07,2019050701008177,JBNL,14,10,"1,000",206.00,"206,000.00"
2019-05-07,2019050701008169,JBNL,58,49,500,205.00,"102,500.00"
2019-05-07,2019050701008168,JBNL,38,49,500,205.00,"102,500.00"
2019-05-07,2019050701008065,JBNL,38,4,500,205.00,"102,500.00"
2019-05-07,2019050701008064,JBNL,17,4,500,205.00,"102,500.00"
2019-05-07,2019050701008479,KBL,28,40,50,228.00,"11,400.00"
2019-05-07,2019050701008335,KBL,49,8,500,226.00,"113,000.00"
2019-05-07,2019050701008293,KBL,49,28,170,226.00,"38,420.00"
2019-05-07,2019050701008368,LBL,42,19,"2,000",231.00,"462,000.00"
2019-05-07,2019050701008339,LBL,42,6,100,230.00,"23,000.00"
2019-05-07,2019050701008338,LBL,42,44,756,230.00,"173,880.00"
2019-05-07,2019050701008092,LBL,45,47,700,229.00,"160,300.00"
2019-05-07,2019050701008069,LGIL,17,42,500,522.00,"261,000.00"
2019-05-07,2019050701008068,LGIL,17,22,33,522.00,"17,226.00"
2019-05-07,2019050701008067,LGIL,17,48,100,520.00,"52,000.00"
2019-05-07,2019050701008417,LICN,14,56,18,"1,885.00","33,930.00"
2019-05-07,2019050701008416,LICN,52,56,100,"1,885.00","188,500.00"
2019-05-07,2019050701008382,LICN,8,33,50,"1,899.00","94,950.00"
2019-05-07,2019050701008121,LLBS,28,17,12,795.00,"9,540.00"
2019-05-07,2019050701008120,LLBS,28,46,43,794.00,"34,142.00"
2019-05-07,2019050701008119,LLBS,28,41,20,785.00,"15,700.00"
2019-05-07,2019050701008314,MBL,16,32,215,268.00,"57,620.00"
2019-05-07,2019050701008212,MBL,43,58,"1,590",269.00,"427,710.00"
2019-05-07,2019050701008449,MEGA,49,34,50,189.00,"9,450.00"
2019-05-07,2019050701008337,MEGA,59,34,345,189.00,"65,205.00"
2019-05-07,2019050701008336,MEGA,59,28,55,189.00,"10,395.00"
2019-05-07,2019050701008231,MEGA,13,40,70,188.00,"13,160.00"
2019-05-07,2019050701008230,MEGA,48,40,100,188.00,"18,800.00"
2019-05-07,2019050701008229,MEGA,45,40,200,188.00,"37,600.00"
2019-05-07,2019050701008503,MERO,25,33,100,635.00,"63,500.00"
2019-05-07,2019050701008363,MERO,49,34,12,636.00,"7,632.00"
2019-05-07,2019050701008261,MERO,28,52,38,631.00,"23,978.00"
2019-05-07,2019050701008078,MERO,7,45,99,632.00,"62,568.00"
2019-05-07,2019050701008427,MLBL,49,13,"1,580",190.00,"300,200.00"
2019-05-07,2019050701008426,MLBL,33,13,100,190.00,"19,000.00"
2019-05-07,2019050701008452,MMFDB,25,49,33,920.00,"30,360.00"
2019-05-07,2019050701008451,MMFDB,25,49,53,920.00,"48,760.00"
2019-05-07,2019050701008407,MMFDB,49,49,20,920.00,"18,400.00"
2019-05-07,2019050701008455,NABIL,5,57,10,850.00,"8,500.00"
2019-05-07,2019050701008437,NADEP,58,49,50,507.00,"25,350.00"
2019-05-07,2019050701008421,NBB,6,53,67,236.00,"15,812.00"
2019-05-07,2019050701008420,NBB,6,28,100,236.00,"23,600.00"
2019-05-07,2019050701008419,NBB,6,50,100,235.00,"23,500.00"
2019-05-07,2019050701008349,NBB,47,36,200,235.00,"47,000.00"
2019-05-07,2019050701008348,NBB,47,11,30,235.00,"7,050.00"
2019-05-07,2019050701008347,NBB,47,5,"1,314",235.00,"308,790.00"
2019-05-07,2019050701008279,NBB,6,57,20,233.00,"4,660.00"
2019-05-07,2019050701008278,NBB,6,25,"1,000",233.00,"233,000.00"
2019-05-07,2019050701008095,NBB,42,17,131,232.00,"30,392.00"
2019-05-07,2019050701008346,NBB,47,22,500,235.00,"117,500.00"
2019-05-07,2019050701008345,NBB,47,42,520,235.00,"122,200.00"
2019-05-07,2019050701008344,NBB,47,43,700,235.00,"164,500.00"
2019-05-07,2019050701008343,NBB,47,28,500,234.00,"117,000.00"
2019-05-07,2019050701008282,NBB,6,8,500,233.00,"116,500.00"
2019-05-07,2019050701008280,NBB,6,57,213,233.00,"49,629.00"
2019-05-07,2019050701008553,NBL,33,25,100,311.00,"31,100.00"
2019-05-07,2019050701008547,NBL,5,25,500,311.00,"155,500.00"
2019-05-07,2019050701008546,NBL,25,25,"5,000",311.00,"1,555,000.00"
2019-05-07,2019050701008545,NBL,45,25,"1,000",311.00,"311,000.00"
2019-05-07,2019050701008544,NBL,28,25,"1,500",311.00,"466,500.00"
2019-05-07,2019050701008543,NBL,28,25,"1,500",311.00,"466,500.00"
2019-05-07,2019050701008295,NBL,5,38,510,313.00,"159,630.00"
2019-05-07,2019050701008294,NBL,57,38,520,313.00,"162,760.00"
2019-05-07,2019050701008289,NBL,57,4,480,313.00,"150,240.00"
2019-05-07,2019050701008288,NBL,47,4,520,313.00,"162,760.00"
2019-05-07,2019050701008311,NBL,29,38,100,314.00,"31,400.00"
2019-05-07,2019050701008300,NBL,6,38,"1,470",313.00,"460,110.00"
2019-05-07,2019050701008299,NBL,6,38,"1,000",313.00,"313,000.00"
2019-05-07,2019050701008298,NBL,6,38,"1,000",313.00,"313,000.00"
2019-05-07,2019050701008297,NBL,6,38,"1,500",313.00,"469,500.00"
2019-05-07,2019050701008296,NBL,26,38,"1,000",313.00,"313,000.00"
2019-05-07,2019050701008506,NBL,17,25,"1,000",312.00,"312,000.00"
2019-05-07,2019050701008505,NBL,28,25,930,313.00,"291,090.00"
2019-05-07,2019050701008480,NBL,28,38,500,314.00,"157,000.00"
2019-05-07,2019050701008357,NBL,28,17,70,313.00,"21,910.00"
2019-05-07,2019050701008356,NBL,21,17,100,313.00,"31,300.00"
2019-05-07,2019050701008355,NBL,6,17,30,313.00,"9,390.00"
2019-05-07,2019050701008512,NBL,16,25,"1,000",312.00,"312,000.00"
2019-05-07,2019050701008511,NBL,16,25,"1,000",312.00,"312,000.00"
2019-05-07,2019050701008510,NBL,16,25,"1,500",312.00,"468,000.00"
2019-05-07,2019050701008509,NBL,16,25,"1,500",312.00,"468,000.00"
2019-05-07,2019050701008508,NBL,34,25,"1,000",312.00,"312,000.00"
2019-05-07,2019050701008507,NBL,34,25,"1,000",312.00,"312,000.00"
2019-05-07,2019050701008518,NBL,4,25,100,312.00,"31,200.00"
2019-05-07,2019050701008517,NBL,4,25,100,312.00,"31,200.00"
2019-05-07,2019050701008516,NBL,4,25,100,312.00,"31,200.00"
2019-05-07,2019050701008515,NBL,4,25,100,312.00,"31,200.00"
2019-05-07,2019050701008514,NBL,49,25,40,312.00,"12,480.00"
2019-05-07,2019050701008513,NBL,41,25,500,312.00,"156,000.00"
2019-05-07,2019050701008524,NBL,4,25,100,312.00,"31,200.00"
2019-05-07,2019050701008523,NBL,4,25,100,312.00,"31,200.00"
2019-05-07,2019050701008522,NBL,4,25,100,312.00,"31,200.00"
2019-05-07,2019050701008521,NBL,4,25,100,312.00,"31,200.00"
2019-05-07,2019050701008520,NBL,4,25,100,312.00,"31,200.00"
2019-05-07,2019050701008519,NBL,4,25,100,312.00,"31,200.00"
2019-05-07,2019050701008530,NBL,4,25,100,312.00,"31,200.00"
2019-05-07,2019050701008529,NBL,4,25,100,312.00,"31,200.00"
2019-05-07,2019050701008528,NBL,4,25,100,312.00,"31,200.00"
2019-05-07,2019050701008527,NBL,4,25,100,312.00,"31,200.00"
2019-05-07,2019050701008526,NBL,4,25,100,312.00,"31,200.00"
2019-05-07,2019050701008525,NBL,4,25,100,312.00,"31,200.00"
2019-05-07,2019050701008536,NBL,4,25,100,312.00,"31,200.00"
2019-05-07,2019050701008535,NBL,4,25,100,312.00,"31,200.00"
2019-05-07,2019050701008534,NBL,4,25,100,312.00,"31,200.00"
2019-05-07,2019050701008533,NBL,4,25,100,312.00,"31,200.00"
2019-05-07,2019050701008532,NBL,4,25,100,312.00,"31,200.00"
2019-05-07,2019050701008531,NBL,4,25,100,312.00,"31,200.00"
2019-05-07,2019050701008542,NBL,28,25,500,311.00,"155,500.00"
2019-05-07,2019050701008541,NBL,8,25,"1,000",311.00,"311,000.00"
2019-05-07,2019050701008540,NBL,34,25,"2,000",311.00,"622,000.00"
2019-05-07,2019050701008539,NBL,32,25,"1,300",311.00,"404,300.00"
2019-05-07,2019050701008538,NBL,7,25,500,311.00,"155,500.00"
2019-05-07,2019050701008537,NBL,28,25,500,312.00,"156,000.00"
2019-05-07,2019050701008552,NCCB,58,11,591,247.00,"145,977.00"
2019-05-07,2019050701008551,NCCB,4,11,409,248.00,"101,432.00"
2019-05-07,2019050701008462,NCCB,4,8,499,248.00,"123,752.00"
2019-05-07,2019050701008409,NCCB,4,47,92,248.00,"22,816.00"
2019-05-07,2019050701008408,NCCB,32,47,233,248.00,"57,784.00"
2019-05-07,2019050701008400,NCCB,32,25,100,248.00,"24,800.00"
2019-05-07,2019050701008113,NCCB,58,38,797,247.00,"196,859.00"
2019-05-07,2019050701008084,NCCB,51,33,"1,000",248.00,"248,000.00"
2019-05-07,2019050701008072,NCCB,58,44,"1,000",247.00,"247,000.00"
2019-05-07,2019050701008070,NCCB,58,17,101,247.00,"24,947.00"
2019-05-07,2019050701008210,NCCB,58,28,"2,000",247.00,"494,000.00"
2019-05-07,2019050701008176,NCCB,42,13,690,248.00,"171,120.00"
2019-05-07,2019050701008175,NCCB,42,35,"1,000",248.00,"248,000.00"
2019-05-07,2019050701008174,NCCB,42,34,100,248.00,"24,800.00"
2019-05-07,2019050701008173,NCCB,42,55,200,248.00,"49,600.00"
2019-05-07,2019050701008172,NCCB,42,33,10,248.00,"2,480.00"
2019-05-07,2019050701008305,NCCB,26,26,42,248.00,"10,416.00"
2019-05-07,2019050701008304,NCCB,26,48,660,248.00,"163,680.00"
2019-05-07,2019050701008258,NCCB,58,48,90,248.00,"22,320.00"
2019-05-07,2019050701008257,NCCB,58,19,800,248.00,"198,400.00"
2019-05-07,2019050701008256,NCCB,58,13,110,248.00,"27,280.00"
2019-05-07,2019050701008255,NCCB,58,13,200,248.00,"49,600.00"
2019-05-07,2019050701008364,NCCB,4,32,"1,000",248.00,"248,000.00"
2019-05-07,2019050701008354,NCCB,58,32,500,248.00,"124,000.00"
2019-05-07,2019050701008325,NCCB,4,32,"1,798",248.00,"445,904.00"
2019-05-07,2019050701008324,NCCB,4,47,202,248.00,"50,096.00"
2019-05-07,2019050701008313,NCCB,58,38,500,247.00,"123,500.00"
2019-05-07,2019050701008306,NCCB,26,47,298,248.00,"73,904.00"
2019-05-07,2019050701008399,NCCB,32,51,167,248.00,"41,416.00"
2019-05-07,2019050701008394,NCCB,3,51,500,248.00,"124,000.00"
2019-05-07,2019050701008387,NCCB,58,51,98,248.00,"24,304.00"
2019-05-07,2019050701008386,NCCB,58,50,200,248.00,"49,600.00"
2019-05-07,2019050701008385,NCCB,58,32,702,248.00,"174,096.00"
2019-05-07,2019050701008383,NCCB,4,32,"1,000",248.00,"248,000.00"
2019-05-07,2019050701008124,NHPC,52,39,450,69.00,"31,050.00"
2019-05-07,2019050701008448,NIB,22,41,92,565.00,"51,980.00"
2019-05-07,2019050701008447,NIB,22,56,23,565.00,"12,995.00"
2019-05-07,2019050701008446,NIB,22,48,693,565.00,"391,545.00"
2019-05-07,2019050701008445,NIB,22,47,192,565.00,"108,480.00"
2019-05-07,2019050701008423,NIB,10,47,300,565.00,"169,500.00"
2019-05-07,2019050701008331,NIBPO,42,8,10,541.00,"5,410.00"
2019-05-07,2019050701008330,NIBPO,42,17,30,540.00,"16,200.00"
2019-05-07,2019050701008224,NIBPO,42,17,43,540.00,"23,220.00"
2019-05-07,2019050701008223,NIBPO,42,34,200,539.00,"107,800.00"
2019-05-07,2019050701008222,NIBPO,42,52,25,539.00,"13,475.00"
2019-05-07,2019050701008221,NIBPO,42,8,300,538.00,"161,400.00"
2019-05-07,2019050701008220,NIBPO,42,28,182,534.00,"97,188.00"
2019-05-07,2019050701008219,NIBPO,42,48,50,533.00,"26,650.00"
2019-05-07,2019050701008450,NICA,39,28,200,494.00,"98,800.00"
2019-05-07,2019050701008281,NICA,25,28,79,494.00,"39,026.00"
2019-05-07,2019050701008245,NICA,42,28,20,494.00,"9,880.00"
2019-05-07,2019050701008360,NICL,20,57,500,406.00,"203,000.00"
2019-05-07,2019050701008359,NICL,20,58,190,405.00,"76,950.00"
2019-05-07,2019050701008170,NICL,14,58,10,405.00,"4,050.00"
2019-05-07,2019050701008093,NICL,51,45,100,400.00,"40,000.00"
2019-05-07,2019050701008163,NIL,6,38,979,526.00,"514,954.00"
2019-05-07,2019050701008151,NIL,58,29,10,528.00,"5,280.00"
2019-05-07,2019050701008150,NIL,6,38,500,526.00,"263,000.00"
2019-05-07,2019050701008149,NIL,6,11,21,526.00,"11,046.00"
2019-05-07,2019050701008148,NIL,6,58,200,525.00,"105,000.00"
2019-05-07,2019050701008285,NLBBL,11,49,10,537.00,"5,370.00"
2019-05-07,2019050701008284,NLBBL,11,52,90,536.00,"48,240.00"
2019-05-07,2019050701008381,NLG,20,45,25,863.00,"21,575.00"
2019-05-07,2019050701008062,NLG,22,45,30,864.00,"25,920.00"
2019-05-07,2019050701008061,NLG,6,45,100,865.00,"86,500.00"
2019-05-07,2019050701008060,NLG,45,45,20,865.00,"17,300.00"
2019-05-07,2019050701008063,NLG,45,45,100,863.00,"86,300.00"
2019-05-07,2019050701008435,NLIC,50,34,50,984.00,"49,200.00"
2019-05-07,2019050701008424,NLIC,1,29,100,985.00,"98,500.00"
2019-05-07,2019050701008396,NLIC,1,29,100,985.00,"98,500.00"
2019-05-07,2019050701008369,NLIC,42,29,20,985.00,"19,700.00"
2019-05-07,2019050701008101,NLIC,52,29,19,985.00,"18,715.00"
2019-05-07,2019050701008100,NLIC,52,6,81,985.00,"79,785.00"
2019-05-07,2019050701008358,NLICL,5,39,50,679.00,"33,950.00"
2019-05-07,2019050701008270,NLICL,7,22,81,670.00,"54,270.00"
2019-05-07,2019050701008269,NLICL,59,22,419,670.00,"280,730.00"
2019-05-07,2019050701008474,NMB,37,4,200,387.00,"77,400.00"
2019-05-07,2019050701008438,NMB,37,4,637,387.00,"246,519.00"
2019-05-07,2019050701008430,NMB,33,4,200,387.00,"77,400.00"
2019-05-07,2019050701008395,NMB,49,10,12,386.00,"4,632.00"
2019-05-07,2019050701008393,NMB,37,50,100,386.00,"38,600.00"
2019-05-07,2019050701008353,NMB,40,4,163,387.00,"63,081.00"
2019-05-07,2019050701008352,NMB,40,50,100,387.00,"38,700.00"
2019-05-07,2019050701008351,NMB,40,58,37,387.00,"14,319.00"
2019-05-07,2019050701008268,NMB,13,58,963,387.00,"372,681.00"
2019-05-07,2019050701008267,NMB,13,25,37,387.00,"14,319.00"
2019-05-07,2019050701008144,NMB,49,25,10,387.00,"3,870.00"
2019-05-07,2019050701008161,NMBMF,16,19,11,998.00,"10,978.00"
2019-05-07,2019050701008488,NMBSF1,16,43,"10,000",10.80,"108,000.00"
2019-05-07,2019050701008107,NTC,33,25,90,704.00,"63,360.00"
2019-05-07,2019050701008106,NTC,33,25,10,704.00,"7,040.00"
2019-05-07,2019050701008242,OHL,42,43,850,585.00,"497,250.00"
2019-05-07,2019050701008192,OHL,42,7,50,585.00,"29,250.00"
2019-05-07,2019050701008191,OHL,42,43,500,585.00,"292,500.00"
2019-05-07,2019050701008190,OHL,42,49,100,584.00,"58,400.00"
2019-05-07,2019050701008189,OHL,42,5,100,584.00,"58,400.00"
2019-05-07,2019050701008188,OHL,42,35,200,584.00,"116,800.00"
2019-05-07,2019050701008187,OHL,42,33,200,583.00,"116,600.00"
2019-05-07,2019050701008185,OHL,54,10,120,580.00,"69,600.00"
2019-05-07,2019050701008184,OHL,54,6,153,580.00,"88,740.00"
2019-05-07,2019050701008401,PCBL,43,25,727,357.00,"259,539.00"
2019-05-07,2019050701008237,PCBL,37,25,273,357.00,"97,461.00"
2019-05-07,2019050701008236,PCBL,37,47,727,357.00,"259,539.00"
2019-05-07,2019050701008494,PFL,41,37,39,135.00,"5,265.00"
2019-05-07,2019050701008497,PIC,42,45,11,"1,113.00","12,243.00"
2019-05-07,2019050701008475,PIC,42,45,11,"1,113.00","12,243.00"
2019-05-07,2019050701008133,PICL,7,32,300,715.00,"214,500.00"
2019-05-07,2019050701008132,PICL,50,32,200,716.00,"143,200.00"
2019-05-07,2019050701008131,PICL,6,32,40,717.00,"28,680.00"
2019-05-07,2019050701008130,PICL,6,32,300,717.00,"215,100.00"
2019-05-07,2019050701008129,PICL,35,32,500,718.00,"359,000.00"
2019-05-07,2019050701008128,PICL,1,32,50,718.00,"35,900.00"
2019-05-07,2019050701008127,PICL,58,32,200,720.00,"144,000.00"
2019-05-07,2019050701008126,PICL,45,32,55,720.00,"39,600.00"
2019-05-07,2019050701008125,PICL,32,32,77,721.00,"55,517.00"
2019-05-07,2019050701008085,PICL,32,57,73,721.00,"52,633.00"
2019-05-07,2019050701008183,PMHPL,56,25,10,111.00,"1,110.00"
2019-05-07,2019050701008088,PMHPL,56,35,10,111.00,"1,110.00"
2019-05-07,2019050701008443,PRIN,39,44,10,427.00,"4,270.00"
2019-05-07,2019050701008436,PRIN,51,44,10,427.00,"4,270.00"
2019-05-07,2019050701008287,PRIN,7,32,100,420.00,"42,000.00"
2019-05-07,2019050701008286,PRIN,32,32,100,421.00,"42,100.00"
2019-05-07,2019050701008196,PRIN,39,44,10,427.00,"4,270.00"
2019-05-07,2019050701008372,PRVU,14,57,470,286.00,"134,420.00"
2019-05-07,2019050701008320,PRVU,43,57,50,286.00,"14,300.00"
2019-05-07,2019050701008166,PRVU,43,58,"1,500",287.00,"430,500.00"
2019-05-07,2019050701008165,PRVU,43,10,426,287.00,"122,262.00"
2019-05-07,2019050701008164,PRVU,43,41,50,287.00,"14,350.00"
2019-05-07,2019050701008139,PRVU,43,58,950,286.00,"271,700.00"
2019-05-07,2019050701008167,PRVU,43,11,74,287.00,"21,238.00"
2019-05-07,2019050701008481,RADHI,56,50,50,166.00,"8,300.00"
2019-05-07,2019050701008328,RADHI,56,49,100,163.00,"16,300.00"
2019-05-07,2019050701008327,RADHI,56,1,10,163.00,"1,630.00"
2019-05-07,2019050701008283,RADHI,56,56,10,160.00,"1,600.00"
2019-05-07,2019050701008118,RHPC,42,49,18,97.00,"1,746.00"
2019-05-07,2019050701008117,RHPC,42,43,30,97.00,"2,910.00"
2019-05-07,2019050701008116,RHPC,42,38,100,97.00,"9,700.00"
2019-05-07,2019050701008115,RHPC,42,28,844,97.00,"81,868.00"
2019-05-07,2019050701008114,RHPC,42,28,14,97.00,"1,358.00"
2019-05-07,2019050701008431,RMDC,26,17,10,653.00,"6,530.00"
2019-05-07,2019050701008247,RSDC,6,53,104,397.00,"41,288.00"
2019-05-07,2019050701008087,RSDC,6,1,12,397.00,"4,764.00"
2019-05-07,2019050701008186,SADBL,50,1,500,152.00,"76,000.00"
2019-05-07,2019050701008371,SANIMA,33,11,250,360.00,"90,000.00"
2019-05-07,2019050701008104,SANIMA,7,11,63,360.00,"22,680.00"
2019-05-07,2019050701008103,SANIMA,7,39,200,360.00,"72,000.00"
2019-05-07,2019050701008102,SANIMA,7,52,37,360.00,"13,320.00"
2019-05-07,2019050701008080,SANIMA,28,4,400,359.00,"143,600.00"
2019-05-07,2019050701008079,SANIMA,25,4,100,359.00,"35,900.00"
2019-05-07,2019050701008178,SBI,52,33,200,488.00,"97,600.00"
2019-05-07,2019050701008326,SBL,42,45,500,348.00,"174,000.00"
2019-05-07,2019050701008276,SBL,42,16,"1,000",349.00,"349,000.00"
2019-05-07,2019050701008275,SBL,42,37,100,349.00,"34,900.00"
2019-05-07,2019050701008274,SBL,42,13,29,349.00,"10,121.00"
2019-05-07,2019050701008273,SBL,42,45,50,349.00,"17,450.00"
2019-05-07,2019050701008225,SBL,42,39,100,348.00,"34,800.00"
2019-05-07,2019050701008464,SCB,59,37,10,709.00,"7,090.00"
2019-05-07,2019050701008463,SCB,34,37,10,712.00,"7,120.00"
2019-05-07,2019050701008366,SCB,34,49,10,713.00,"7,130.00"
2019-05-07,2019050701008365,SCB,34,11,60,712.00,"42,720.00"
2019-05-07,2019050701008310,SCB,17,11,50,710.00,"35,500.00"
2019-05-07,2019050701008227,SCB,34,11,20,712.00,"14,240.00"
2019-05-07,2019050701008198,SCB,46,57,17,710.00,"12,070.00"
2019-05-07,2019050701008108,SFFIL,13,21,30,223.00,"6,690.00"
2019-05-07,2019050701008502,SHINE,42,28,500,251.00,"125,500.00"
2019-05-07,2019050701008233,SHINE,21,51,100,252.00,"25,200.00"
2019-05-07,2019050701008429,SHIVM,34,25,32,379.00,"12,128.00"
2019-05-07,2019050701008428,SHIVM,52,25,68,379.00,"25,772.00"
2019-05-07,2019050701008406,SHIVM,19,53,50,380.00,"19,000.00"
2019-05-07,2019050701008397,SHIVM,46,53,100,380.00,"38,000.00"
2019-05-07,2019050701008362,SHIVM,42,53,100,380.00,"38,000.00"
2019-05-07,2019050701008333,SHIVM,52,18,720,379.00,"272,880.00"
2019-05-07,2019050701008147,SHIVM,34,47,100,379.00,"37,900.00"
2019-05-07,2019050701008146,SHIVM,34,47,65,379.00,"24,635.00"
2019-05-07,2019050701008099,SHIVM,26,47,15,379.00,"5,685.00"
2019-05-07,2019050701008098,SHIVM,26,47,25,379.00,"9,475.00"
2019-05-07,2019050701008097,SHIVM,26,47,160,379.00,"60,640.00"
2019-05-07,2019050701008091,SHIVM,16,26,50,378.00,"18,900.00"
2019-05-07,2019050701008322,SHIVM,52,49,50,379.00,"18,950.00"
2019-05-07,2019050701008321,SHIVM,52,18,662,379.00,"250,898.00"
2019-05-07,2019050701008303,SHIVM,50,46,50,379.00,"18,950.00"
2019-05-07,2019050701008302,SHIVM,50,21,50,379.00,"18,950.00"
2019-05-07,2019050701008301,SHIVM,50,21,50,379.00,"18,950.00"
2019-05-07,2019050701008208,SHIVM,16,56,50,378.00,"18,900.00"
2019-05-07,2019050701008454,SHL,25,54,100,240.00,"24,000.00"
2019-05-07,2019050701008453,SHL,5,54,100,243.00,"24,300.00"
2019-05-07,2019050701008234,SHL,32,17,100,240.00,"24,000.00"
2019-05-07,2019050701008487,SHPC,4,46,10,266.00,"2,660.00"
2019-05-07,2019050701008486,SHPC,4,34,80,265.00,"21,200.00"
2019-05-07,2019050701008418,SHPC,28,34,20,265.00,"5,300.00"
2019-05-07,2019050701008375,SIC,42,49,10,"1,380.00","13,800.00"
2019-05-07,2019050701008083,SICL,59,45,229,895.00,"204,955.00"
2019-05-07,2019050701008082,SICL,45,45,30,896.00,"26,880.00"
2019-05-07,2019050701008081,SICL,16,45,41,896.00,"36,736.00"
2019-05-07,2019050701008228,SIL,41,33,54,622.00,"33,588.00"
2019-05-07,2019050701008094,SKBBL,20,54,50,"1,005.00","50,250.00"
2019-05-07,2019050701008340,SLICL,17,58,50,584.00,"29,200.00"
2019-05-07,2019050701008292,SLICL,17,58,85,585.00,"49,725.00"
2019-05-07,2019050701008291,SLICL,17,40,21,585.00,"12,285.00"
2019-05-07,2019050701008290,SLICL,17,55,74,585.00,"43,290.00"
2019-05-07,2019050701008203,SLICL,5,55,16,585.00,"9,360.00"
2019-05-07,2019050701008202,SLICL,44,55,10,585.00,"5,850.00"
2019-05-07,2019050701008171,SLICL,5,48,50,580.00,"29,000.00"
2019-05-07,2019050701008112,SLICL,5,58,14,578.00,"8,092.00"
2019-05-07,2019050701008059,SMATA,1,39,12,"1,255.00","15,060.00"
2019-05-07,2019050702000001,SPARS,4,29,10,302.00,"3,020.00"
2019-05-07,2019050701008334,UIC,58,39,30,970.00,"29,100.00"
2019-05-07,2019050701008312,UIC,58,39,30,970.00,"29,100.00"
2019-05-07,2019050701008309,UMHL,37,57,324,114.00,"36,936.00"
2019-05-07,2019050701008249,UMHL,58,57,56,114.00,"6,384.00"
2019-05-07,2019050701008323,UPCL,1,39,10,95.00,950.00
2019-05-07,2019050701008244,UPCL,42,54,10,94.00,940.00
2019-05-07,2019050701008058,UPCL,49,44,50,93.00,"4,650.00"
2019-05-07,2019050701008501,UPPER,1,33,80,238.00,"19,040.00"
2019-05-07,2019050701008489,UPPER,1,33,60,238.00,"14,280.00"
2019-05-07,2019050701008461,UPPER,1,33,50,238.00,"11,900.00"
2019-05-07,2019050701008434,UPPER,1,10,20,236.00,"4,720.00"
2019-05-07,2019050701008374,UPPER,25,33,20,238.00,"4,760.00"
2019-05-07,2019050701008361,UPPER,41,21,50,237.00,"11,850.00"
2019-05-07,2019050701008057,UPPER,43,33,"1,310",238.00,"311,780.00"
2019-05-07,2019050701008056,UPPER,43,57,50,238.00,"11,900.00"
2019-05-07,2019050701008055,UPPER,43,57,40,238.00,"9,520.00"
2019-05-07,2019050701008319,UPPER,41,50,450,237.00,"106,650.00"
2019-05-07,2019050701008318,UPPER,25,50,19,237.00,"4,503.00"
2019-05-07,2019050701008272,UPPER,42,21,40,236.00,"9,440.00"
2019-05-07,2019050701008152,UPPER,25,50,31,237.00,"7,347.00"
2019-05-07,2019050701008096,UPPER,42,33,"4,110",236.00,"969,960.00"
2019-05-07,2019050701007838,ADBL,58,20,628,385.00,"241,780.00"
2019-05-07,2019050701007837,ADBL,49,20,50,385.00,"19,250.00"
2019-05-07,2019050701007836,ADBL,41,20,100,385.00,"38,500.00"
2019-05-07,2019050701007835,ADBL,6,20,200,385.00,"77,000.00"
2019-05-07,2019050701007808,ADBL,45,29,30,386.00,"11,580.00"
2019-05-07,2019050701007696,ADBL,58,29,10,386.00,"3,860.00"
2019-05-07,2019050701007613,ADBL,58,34,500,386.00,"193,000.00"
2019-05-07,2019050701007834,AKPL,19,21,13,180.00,"2,340.00"
2019-05-07,2019050701007852,ALBSL,25,55,10,462.00,"4,620.00"
2019-05-07,2019050701007771,ALBSL,22,56,10,463.00,"4,630.00"
2019-05-07,2019050701008030,API,41,41,19,136.00,"2,584.00"
2019-05-07,2019050701008029,API,42,41,391,136.00,"53,176.00"
2019-05-07,2019050701007766,BARUN,1,57,200,92.00,"18,400.00"
2019-05-07,2019050701007824,BHBL,4,34,121,173.00,"20,933.00"
2019-05-07,2019050701007807,BHBL,4,34,179,172.00,"30,788.00"
2019-05-07,2019050701007732,BHBL,4,48,"1,000",171.00,"171,000.00"
2019-05-07,2019050701008005,BOKL,56,5,500,284.00,"142,000.00"
2019-05-07,2019050701008004,BOKL,56,4,"1,000",284.00,"284,000.00"
2019-05-07,2019050701007929,BOKL,11,41,990,283.00,"280,170.00"
2019-05-07,2019050701007897,BOKL,38,42,95,282.00,"26,790.00"
2019-05-07,2019050701007896,BOKL,22,42,405,282.00,"114,210.00"
2019-05-07,2019050701007942,BPCL,1,33,10,370.00,"3,700.00"
2019-05-07,2019050701007880,BPCL,6,56,718,365.00,"262,070.00"
2019-05-07,2019050701007879,BPCL,1,56,28,366.00,"10,248.00"
2019-05-07,2019050701007853,BPCL,1,21,22,366.00,"8,052.00"
2019-05-07,2019050701007952,CBBL,5,50,50,965.00,"48,250.00"
2019-05-07,2019050701007951,CBBL,5,50,50,965.00,"48,250.00"
2019-05-07,2019050701007950,CBBL,49,50,100,965.00,"96,500.00"
2019-05-07,2019050701007949,CBBL,22,50,290,966.00,"280,140.00"
2019-05-07,2019050701007948,CBBL,33,50,100,967.00,"96,700.00"
2019-05-07,2019050701007946,CBBL,57,26,27,970.00,"26,190.00"
2019-05-07,2019050701007716,CBBL,22,21,10,966.00,"9,660.00"
2019-05-07,2019050701007668,CBBL,22,19,100,966.00,"96,600.00"
2019-05-07,2019050701007829,CBL,34,1,200,153.00,"30,600.00"
2019-05-07,2019050701007815,CBL,34,45,107,153.00,"16,371.00"
2019-05-07,2019050701007787,CBL,6,45,100,153.00,"15,300.00"
2019-05-07,2019050701007723,CBL,57,45,450,153.00,"68,850.00"
2019-05-07,2019050701007717,CBL,56,45,20,153.00,"3,060.00"
2019-05-07,2019050701007694,CBL,25,45,300,153.00,"45,900.00"
2019-05-07,2019050701007687,CBL,19,45,200,153.00,"30,600.00"
2019-05-07,2019050701007887,CCBL,40,25,"1,000",178.00,"178,000.00"
2019-05-07,2019050701007686,CCBL,42,28,"1,000",178.00,"178,000.00"
2019-05-07,2019050701007685,CCBL,42,50,"1,500",178.00,"267,000.00"
2019-05-07,2019050701007684,CCBL,42,59,226,178.00,"40,228.00"
2019-05-07,2019050701007666,CCBL,42,56,169,176.00,"29,744.00"
2019-05-07,2019050701007665,CCBL,39,56,50,176.00,"8,800.00"
2019-05-07,2019050701007645,CCBL,39,36,200,177.00,"35,400.00"
2019-05-07,2019050701007644,CCBL,39,45,500,177.00,"88,500.00"
2019-05-07,2019050701007643,CCBL,39,57,"1,150",177.00,"203,550.00"
2019-05-07,2019050701007642,CCBL,39,42,500,177.00,"88,500.00"
2019-05-07,2019050701007959,CHCL,42,34,600,534.00,"320,400.00"
2019-05-07,2019050701007958,CHCL,42,48,350,534.00,"186,900.00"
2019-05-07,2019050701007957,CHCL,42,41,780,534.00,"416,520.00"
2019-05-07,2019050701007863,CHCL,56,45,161,532.00,"85,652.00"
2019-05-07,2019050701007862,CHCL,26,45,200,532.00,"106,400.00"
2019-05-07,2019050701007861,CHCL,22,45,639,532.00,"339,948.00"
2019-05-07,2019050701007677,CHCL,22,35,61,532.00,"32,452.00"
2019-05-07,2019050701007676,CHCL,56,35,39,532.00,"20,748.00"
2019-05-07,2019050701008040,CHLBS,1,35,10,480.00,"4,800.00"
2019-05-07,2019050701007841,CHLBS,1,55,10,480.00,"4,800.00"
2019-05-07,2019050701007814,CHLBS,17,50,10,487.00,"4,870.00"
2019-05-07,2019050701008021,CIT,49,39,14,"2,635.00","36,890.00"
2019-05-07,2019050701007984,CIT,45,50,100,"2,620.00","262,000.00"
2019-05-07,2019050701007966,CIT,42,50,100,"2,620.00","262,000.00"
2019-05-07,2019050701007833,CIT,49,10,30,"2,635.00","79,050.00"
2019-05-07,2019050701007832,CIT,49,34,12,"2,630.00","31,560.00"
2019-05-07,2019050701007758,CIT,42,34,142,"2,630.00","373,460.00"
2019-05-07,2019050701007575,CIT,25,56,12,"2,600.00","31,200.00"
2019-05-07,2019050701007751,CIT,42,37,15,"2,616.00","39,240.00"
2019-05-07,2019050701007750,CIT,42,51,58,"2,615.00","151,670.00"
2019-05-07,2019050701007749,CIT,42,51,10,"2,615.00","26,150.00"
2019-05-07,2019050701007648,CIT,25,56,50,"2,610.00","130,500.00"
2019-05-07,2019050701007647,CIT,25,37,50,"2,610.00","130,500.00"
2019-05-07,2019050701007576,CIT,25,49,100,"2,600.00","260,000.00"
2019-05-07,2019050701007757,CIT,42,11,35,"2,630.00","92,050.00"
2019-05-07,2019050701007756,CIT,42,19,20,"2,630.00","52,600.00"
2019-05-07,2019050701007755,CIT,42,43,45,"2,630.00","118,350.00"
2019-05-07,2019050701007754,CIT,42,8,100,"2,628.00","262,800.00"
2019-05-07,2019050701007753,CIT,42,56,50,"2,627.00","131,350.00"
2019-05-07,2019050701007752,CIT,42,14,25,"2,620.00","65,500.00"
2019-05-07,2019050701008033,CZBIL,32,17,62,227.00,"14,074.00"
2019-05-07,2019050701007823,CZBIL,33,43,500,228.00,"114,000.00"
2019-05-07,2019050701007802,CZBIL,32,16,190,227.00,"43,130.00"
2019-05-07,2019050701007725,DDBL,41,36,75,730.00,"54,750.00"
2019-05-07,2019050701007724,DDBL,7,36,15,731.00,"10,965.00"
2019-05-07,2019050701007911,DHPL,34,44,10,80.00,800.00
2019-05-07,2019050701007910,DHPL,34,29,11,80.00,880.00
2019-05-07,2019050701007963,EBL,44,16,100,670.00,"67,000.00"
2019-05-07,2019050701007884,EBL,45,33,100,666.00,"66,600.00"
2019-05-07,2019050701007866,EBL,21,16,100,670.00,"67,000.00"
2019-05-07,2019050701007825,EBL,6,13,789,669.00,"527,841.00"
2019-05-07,2019050701007718,EBL,6,13,500,669.00,"334,500.00"
2019-05-07,2019050701007986,EIC,41,58,20,438.00,"8,760.00"
2019-05-07,2019050701007975,EIC,6,49,100,440.00,"44,000.00"
2019-05-07,2019050701007764,EIC,41,43,10,438.00,"4,380.00"
2019-05-07,2019050701007573,EIC,11,49,100,437.00,"43,700.00"
2019-05-07,2019050701007572,EIC,58,49,100,438.00,"43,800.00"
2019-05-07,2019050701007571,EIC,55,49,75,440.00,"33,000.00"
2019-05-07,2019050701008035,FMDBL,57,43,10,429.00,"4,290.00"
2019-05-07,2019050701007927,FMDBL,56,10,320,422.00,"135,040.00"
2019-05-07,2019050701007926,FMDBL,51,10,50,422.00,"21,100.00"
2019-05-07,2019050701007925,FMDBL,21,10,70,423.00,"29,610.00"
2019-05-07,2019050701007900,FMDBL,21,51,30,423.00,"12,690.00"
2019-05-07,2019050701007737,FMDBL,57,51,70,423.00,"29,610.00"
2019-05-07,2019050701007821,FOWAD,21,49,15,"1,555.00","23,325.00"
2019-05-07,2019050701007783,FOWAD,33,49,15,"1,565.00","23,475.00"
2019-05-07,2019050701007782,FOWAD,33,39,15,"1,565.00","23,475.00"
2019-05-07,2019050701007781,FOWAD,33,49,15,"1,564.00","23,460.00"
2019-05-07,2019050701007780,FOWAD,33,57,50,"1,560.00","78,000.00"
2019-05-07,2019050701007675,FOWAD,17,52,13,"1,560.00","20,280.00"
2019-05-07,2019050701007728,GBBL,28,21,20,225.00,"4,500.00"
2019-05-07,2019050701007727,GBBL,28,33,60,224.00,"13,440.00"
2019-05-07,2019050701007726,GBBL,28,26,100,223.00,"22,300.00"
2019-05-07,2019050701007557,GBBL,16,34,100,222.00,"22,200.00"
2019-05-07,2019050701007977,GBIME,36,26,22,314.00,"6,908.00"
2019-05-07,2019050701007976,GBIME,36,41,30,314.00,"9,420.00"
2019-05-07,2019050701007740,GBIME,49,59,500,313.00,"156,500.00"
2019-05-07,2019050701007739,GBIME,32,59,44,313.00,"13,772.00"
2019-05-07,2019050701007906,GBLBS,17,5,50,363.00,"18,150.00"
2019-05-07,2019050701007870,GBLBS,41,49,10,362.00,"3,620.00"
2019-05-07,2019050701007785,GDBL,28,26,107,213.00,"22,791.00"
2019-05-07,2019050701007812,GDBL,28,57,22,214.00,"4,708.00"
2019-05-07,2019050701007710,GFCL,38,33,500,120.00,"60,000.00"
2019-05-07,2019050701007709,GFCL,39,33,230,120.00,"27,600.00"
2019-05-07,2019050701007811,GILB,16,47,20,"1,220.00","24,400.00"
2019-05-07,2019050701007653,GILB,16,37,50,"1,230.00","61,500.00"
2019-05-07,2019050701007652,GILB,16,57,85,"1,225.00","104,125.00"
2019-05-07,2019050701007651,GILB,16,44,106,"1,224.00","129,744.00"
2019-05-07,2019050701007941,GLICL,5,42,200,565.00,"113,000.00"
2019-05-07,2019050701007736,GLICL,26,49,100,562.00,"56,200.00"
2019-05-07,2019050701007738,GRDBL,32,7,150,104.00,"15,600.00"
2019-05-07,2019050701007714,HBL,34,58,10,588.00,"5,880.00"
2019-05-07,2019050701007707,HBL,46,58,21,588.00,"12,348.00"
2019-05-07,2019050701007691,HBL,45,16,16,585.00,"9,360.00"
2019-05-07,2019050701007690,HBL,28,16,10,587.00,"5,870.00"
2019-05-07,2019050701007905,HDL,34,8,50,"1,650.00","82,500.00"
2019-05-07,2019050701007921,HGI,55,6,200,399.00,"79,800.00"
2019-05-07,2019050701007831,HGI,36,50,385,398.00,"153,230.00"
2019-05-07,2019050701007830,HGI,1,50,115,398.00,"45,770.00"
2019-05-07,2019050701007564,HGI,1,13,85,398.00,"33,830.00"
2019-05-07,2019050701007563,HGI,7,13,100,398.00,"39,800.00"
2019-05-07,2019050701007562,HGI,26,13,100,398.00,"39,800.00"
2019-05-07,2019050701007561,HGI,42,13,200,398.00,"79,600.00"
2019-05-07,2019050701007922,HIDCL,41,21,11,141.00,"1,551.00"
2019-05-07,2019050701007940,HPPL,1,21,10,181.00,"1,810.00"
2019-05-07,2019050701007632,IGI,32,28,100,422.00,"42,200.00"
2019-05-07,2019050701007944,JBBL,5,17,148,143.00,"21,164.00"
2019-05-07,2019050701008020,JBNL,38,6,"1,000",205.00,"205,000.00"
2019-05-07,2019050701008019,JBNL,38,48,"1,390",205.00,"284,950.00"
2019-05-07,2019050701007928,JBNL,47,48,"2,300",205.00,"471,500.00"
2019-05-07,2019050701007883,JBNL,44,48,300,205.00,"61,500.00"
2019-05-07,2019050701007865,JBNL,42,48,"1,210",205.00,"248,050.00"
2019-05-07,2019050701007864,JBNL,42,39,290,205.00,"59,450.00"
2019-05-07,2019050701007848,JBNL,44,39,200,205.00,"41,000.00"
2019-05-07,2019050701007819,JBNL,19,39,10,205.00,"2,050.00"
2019-05-07,2019050701007818,JBNL,19,50,990,205.00,"202,950.00"
2019-05-07,2019050701007587,JBNL,22,48,900,204.00,"183,600.00"
2019-05-07,2019050701007586,JBNL,38,48,"5,000",204.00,"1,020,000.00"
2019-05-07,2019050701007585,JBNL,42,48,100,204.00,"20,400.00"
2019-05-07,2019050701007849,KBBL,29,41,"1,400",227.00,"317,800.00"
2019-05-07,2019050701007956,KKHC,55,21,10,70.00,700.00
2019-05-07,2019050701007692,KNBL,56,17,100,136.00,"13,600.00"
2019-05-07,2019050701007631,KNBL,58,34,17,135.00,"2,295.00"
2019-05-07,2019050701007918,KPCL,59,38,100,97.00,"9,700.00"
2019-05-07,2019050701007917,KPCL,59,1,10,97.00,970.00
2019-05-07,2019050701007916,KPCL,59,26,10,97.00,970.00
2019-05-07,2019050701007610,KSBBL,29,53,509,148.00,"75,332.00"
2019-05-07,2019050701007609,KSBBL,32,53,142,148.00,"21,016.00"
2019-05-07,2019050701007608,KSBBL,26,53,149,149.00,"22,201.00"
2019-05-07,2019050701007788,LBBL,4,34,264,195.00,"51,480.00"
2019-05-07,2019050701007682,LBBL,4,1,236,195.00,"46,020.00"
2019-05-07,2019050701007908,LBL,59,47,50,229.00,"11,450.00"
2019-05-07,2019050701007907,LBL,55,47,150,229.00,"34,350.00"
2019-05-07,2019050701007805,LLBS,43,41,180,785.00,"141,300.00"
2019-05-07,2019050701007602,MBL,7,42,150,269.00,"40,350.00"
2019-05-07,2019050701007828,MEGA,19,28,945,189.00,"178,605.00"
2019-05-07,2019050701007827,MEGA,19,34,55,189.00,"10,395.00"
2019-05-07,2019050701007611,MEGA,57,34,100,189.00,"18,900.00"
2019-05-07,2019050701007600,MEGA,56,34,90,189.00,"17,010.00"
2019-05-07,2019050701007974,MERO,54,44,10,632.00,"6,320.00"
2019-05-07,2019050701007857,MHNL,41,32,30,91.00,"2,730.00"
2019-05-07,2019050701007700,MHNL,41,59,30,91.00,"2,730.00"
2019-05-07,2019050701007688,MHNL,41,59,40,91.00,"3,640.00"
2019-05-07,2019050701007667,MHNL,41,59,40,91.00,"3,640.00"
2019-05-07,2019050701007704,MMFDB,25,57,90,915.00,"82,350.00"
2019-05-07,2019050701007873,MNBBL,49,45,20,386.00,"7,720.00"
2019-05-07,2019050701007770,MNBBL,43,16,98,383.00,"37,534.00"
2019-05-07,2019050701007769,MNBBL,29,16,100,383.00,"38,300.00"
2019-05-07,2019050701007722,MSMBS,48,29,11,525.00,"5,775.00"
2019-05-07,2019050701007822,NABIL,52,57,50,850.00,"42,500.00"
2019-05-07,2019050701007577,NABILP,6,52,10,826.00,"8,260.00"
2019-05-07,2019050701007580,NABILP,13,52,320,824.00,"263,680.00"
2019-05-07,2019050701007579,NABILP,45,52,220,825.00,"181,500.00"
2019-05-07,2019050701007578,NABILP,25,52,50,825.00,"41,250.00"
2019-05-07,2019050701008018,NADEP,7,21,60,503.00,"30,180.00"
2019-05-07,2019050701008017,NADEP,47,21,50,503.00,"25,150.00"
2019-05-07,2019050701008016,NADEP,39,21,100,503.00,"50,300.00"
2019-05-07,2019050701008015,NADEP,29,21,60,503.00,"30,180.00"
2019-05-07,2019050701007971,NADEP,29,21,20,503.00,"10,060.00"
2019-05-07,2019050701007804,NADEP,51,49,27,507.00,"13,689.00"
2019-05-07,2019050701008010,NBB,42,33,300,232.00,"69,600.00"
2019-05-07,2019050701008009,NBB,25,33,300,232.00,"69,600.00"
2019-05-07,2019050701007698,NBB,38,13,100,233.00,"23,300.00"
2019-05-07,2019050701008022,NBL,47,16,700,313.00,"219,100.00"
2019-05-07,2019050701007961,NBL,10,38,500,314.00,"157,000.00"
2019-05-07,2019050701007923,NBL,19,38,200,314.00,"62,800.00"
2019-05-07,2019050701007859,NBL,33,38,300,314.00,"94,200.00"
2019-05-07,2019050701007858,NBL,33,33,200,314.00,"62,800.00"
2019-05-07,2019050701007765,NBL,57,33,100,314.00,"31,400.00"
2019-05-07,2019050701007657,NBL,47,33,"1,780",313.00,"557,140.00"
2019-05-07,2019050701007656,NBL,47,33,"1,220",313.00,"381,860.00"
2019-05-07,2019050701008039,NCCB,56,33,990,248.00,"245,520.00"
2019-05-07,2019050701008038,NCCB,56,17,10,248.00,"2,480.00"
2019-05-07,2019050701008028,NCCB,58,17,300,248.00,"74,400.00"
2019-05-07,2019050701008026,NCCB,8,17,190,248.00,"47,120.00"
2019-05-07,2019050701008025,NCCB,8,43,500,248.00,"124,000.00"
2019-05-07,2019050701008024,NCCB,8,47,310,248.00,"76,880.00"
2019-05-07,2019050701007730,NCCB,51,43,438,246.00,"107,748.00"
2019-05-07,2019050701007699,NCCB,51,36,300,246.00,"73,800.00"
2019-05-07,2019050701007625,NCCB,51,36,262,246.00,"64,452.00"
2019-05-07,2019050701007624,NCCB,4,36,"9,738",246.00,"2,395,548.00"
2019-05-07,2019050701007596,NCCB,4,41,300,246.00,"73,800.00"
2019-05-07,2019050701007793,NCCB,58,5,"1,000",247.00,"247,000.00"
2019-05-07,2019050701007792,NCCB,58,33,200,247.00,"49,400.00"
2019-05-07,2019050701007791,NCCB,58,1,114,247.00,"28,158.00"
2019-05-07,2019050701007790,NCCB,58,38,"1,000",247.00,"247,000.00"
2019-05-07,2019050701007789,NCCB,58,11,11,247.00,"2,717.00"
2019-05-07,2019050701007731,NCCB,45,43,462,246.00,"113,652.00"
2019-05-07,2019050701007799,NCCB,58,34,500,247.00,"123,500.00"
2019-05-07,2019050701007798,NCCB,58,25,500,247.00,"123,500.00"
2019-05-07,2019050701007797,NCCB,58,41,500,247.00,"123,500.00"
2019-05-07,2019050701007796,NCCB,58,25,"1,000",247.00,"247,000.00"
2019-05-07,2019050701007795,NCCB,58,54,"1,000",247.00,"247,000.00"
2019-05-07,2019050701007794,NCCB,58,51,500,247.00,"123,500.00"
2019-05-07,2019050701007888,NCCB,58,48,600,247.00,"148,200.00"
2019-05-07,2019050701007874,NCCB,58,55,10,248.00,"2,480.00"
2019-05-07,2019050701007813,NCCB,45,57,400,246.00,"98,400.00"
2019-05-07,2019050701007809,NCCB,45,59,150,246.00,"36,900.00"
2019-05-07,2019050701007801,NCCB,58,19,31,247.00,"7,657.00"
2019-05-07,2019050701007800,NCCB,58,43,100,247.00,"24,700.00"
2019-05-07,2019050701007915,NCCB,5,8,40,248.00,"9,920.00"
2019-05-07,2019050701007914,NCCB,5,52,200,248.00,"49,600.00"
2019-05-07,2019050701007913,NCCB,5,33,100,248.00,"24,800.00"
2019-05-07,2019050701007912,NCCB,5,52,160,248.00,"39,680.00"
2019-05-07,2019050701007904,NCCB,41,52,20,248.00,"4,960.00"
2019-05-07,2019050701007903,NCCB,41,55,980,248.00,"243,040.00"
2019-05-07,2019050701007960,NCCB,58,42,827,247.00,"204,269.00"
2019-05-07,2019050701007933,NCCB,58,21,40,248.00,"9,920.00"
2019-05-07,2019050701007932,NCCB,58,4,200,248.00,"49,600.00"
2019-05-07,2019050701007931,NCCB,58,29,500,248.00,"124,000.00"
2019-05-07,2019050701007930,NCCB,58,8,260,248.00,"64,480.00"
2019-05-07,2019050701007924,NCCB,58,58,"3,000",247.00,"741,000.00"
2019-05-07,2019050701008006,NCCB,38,47,500,248.00,"124,000.00"
2019-05-07,2019050701007981,NCCB,38,47,190,248.00,"47,120.00"
2019-05-07,2019050701007980,NCCB,38,49,810,248.00,"200,880.00"
2019-05-07,2019050701007973,NCCB,58,17,101,247.00,"24,947.00"
2019-05-07,2019050701007970,NCCB,57,49,190,248.00,"47,120.00"
2019-05-07,2019050701007969,NCCB,57,21,10,248.00,"2,480.00"
2019-05-07,2019050701007847,NIB,45,47,450,565.00,"254,250.00"
2019-05-07,2019050701007846,NIB,45,1,50,564.00,"28,200.00"
2019-05-07,2019050701007776,NIB,38,47,58,565.00,"32,770.00"
2019-05-07,2019050701007775,NIB,38,25,100,564.00,"56,400.00"
2019-05-07,2019050701007774,NIB,38,55,17,564.00,"9,588.00"
2019-05-07,2019050701007773,NIB,38,55,17,564.00,"9,588.00"
2019-05-07,2019050701007594,NIB,22,55,11,562.00,"6,182.00"
2019-05-07,2019050701007759,NIB,38,14,108,563.00,"60,804.00"
2019-05-07,2019050701007713,NIB,11,14,300,563.00,"168,900.00"
2019-05-07,2019050701007673,NIB,11,14,92,563.00,"51,796.00"
2019-05-07,2019050701007672,NIB,11,17,108,563.00,"60,804.00"
2019-05-07,2019050701007636,NIB,54,55,44,562.00,"24,728.00"
2019-05-07,2019050701007595,NIB,54,55,33,562.00,"18,546.00"
2019-05-07,2019050701007786,NIBPO,38,41,236,532.00,"125,552.00"
2019-05-07,2019050701007605,NIBPO,38,39,500,532.00,"266,000.00"
2019-05-07,2019050701007937,NICA,50,54,500,495.00,"247,500.00"
2019-05-07,2019050701007936,NICA,50,14,336,495.00,"166,320.00"
2019-05-07,2019050701007689,NICA,36,14,14,495.00,"6,930.00"
2019-05-07,2019050701007671,NICA,21,16,181,493.00,"89,233.00"
2019-05-07,2019050701007670,NICA,45,16,50,493.00,"24,650.00"
2019-05-07,2019050701007655,NICA,38,14,50,495.00,"24,750.00"
2019-05-07,2019050701008023,NICL,6,45,400,400.00,"160,000.00"
2019-05-07,2019050701007604,NICL,6,36,100,400.00,"40,000.00"
2019-05-07,2019050701007603,NICL,32,36,800,400.00,"320,000.00"
2019-05-07,2019050701008001,NIL,7,45,300,520.00,"156,000.00"
2019-05-07,2019050701008000,NIL,37,45,300,520.00,"156,000.00"
2019-05-07,2019050701007999,NIL,32,45,500,520.00,"260,000.00"
2019-05-07,2019050701007998,NIL,50,45,200,521.00,"104,200.00"
2019-05-07,2019050701007997,NIL,39,45,100,521.00,"52,100.00"
2019-05-07,2019050701007996,NIL,25,45,300,521.00,"156,300.00"
2019-05-07,2019050701007701,NIL,37,58,33,521.00,"17,193.00"
2019-05-07,2019050701007683,NIL,48,53,100,522.00,"52,200.00"
2019-05-07,2019050701007641,NIL,32,53,100,522.00,"52,200.00"
2019-05-07,2019050701007627,NIL,57,53,50,522.00,"26,100.00"
2019-05-07,2019050701007626,NIL,43,53,50,522.00,"26,100.00"
2019-05-07,2019050701007995,NIL,42,45,100,522.00,"52,200.00"
2019-05-07,2019050701007994,NIL,21,45,200,522.00,"104,400.00"
2019-05-07,2019050701007967,NIL,17,52,100,524.00,"52,400.00"
2019-05-07,2019050701007748,NIL,48,38,100,522.00,"52,200.00"
2019-05-07,2019050701007703,NIL,43,58,44,520.00,"22,880.00"
2019-05-07,2019050701007702,NIL,1,58,150,521.00,"78,150.00"
2019-05-07,2019050701007623,NLBBL,34,34,143,530.00,"75,790.00"
2019-05-07,2019050701007622,NLBBL,6,34,17,530.00,"9,010.00"
2019-05-07,2019050701007621,NLBBL,43,34,40,531.00,"21,240.00"
2019-05-07,2019050701007617,NLBBL,43,14,460,531.00,"244,260.00"
2019-05-07,2019050701007559,NLBBL,25,6,135,532.00,"71,820.00"
2019-05-07,2019050701007639,NLG,45,6,20,865.00,"17,300.00"
2019-05-07,2019050701007638,NLG,6,6,100,865.00,"86,500.00"
2019-05-07,2019050701007637,NLG,50,6,15,865.00,"12,975.00"
2019-05-07,2019050701007983,NLIC,56,21,17,983.00,"16,711.00"
2019-05-07,2019050701007943,NLIC,56,16,66,983.00,"64,878.00"
2019-05-07,2019050701007851,NLIC,36,6,10,985.00,"9,850.00"
2019-05-07,2019050701007679,NLIC,18,29,50,984.00,"49,200.00"
2019-05-07,2019050701007583,NLIC,46,6,100,985.00,"98,500.00"
2019-05-07,2019050701007582,NLIC,17,6,20,985.00,"19,700.00"
2019-05-07,2019050701007581,NLIC,43,6,23,985.00,"22,655.00"
2019-05-07,2019050701007820,NLICL,11,14,300,677.00,"203,100.00"
2019-05-07,2019050701008034,NMB,38,25,400,386.00,"154,400.00"
2019-05-07,2019050701007965,NMB,38,33,100,386.00,"38,600.00"
2019-05-07,2019050701007962,NMB,28,25,150,387.00,"58,050.00"
2019-05-07,2019050701007597,NMB,49,28,508,386.00,"196,088.00"
2019-05-07,2019050701007972,NMBMF,16,14,41,979.00,"40,139.00"
2019-05-07,2019050701007558,NMBMF,36,52,20,962.00,"19,240.00"
2019-05-07,2019050701007556,NMBSF1,43,43,"6,268",10.70,"67,067.60"
2019-05-07,2019050701007555,NMBSF1,43,43,"3,732",10.70,"39,932.40"
2019-05-07,2019050701007945,NMFBS,57,7,49,"1,700.00","83,300.00"
2019-05-07,2019050701007674,NNLB,56,17,20,445.00,"8,900.00"
2019-05-07,2019050701008011,NSEWA,55,21,10,456.00,"4,560.00"
2019-05-07,2019050701007856,NTC,43,13,100,700.00,"70,000.00"
2019-05-07,2019050701007855,NTC,43,21,570,700.00,"399,000.00"
2019-05-07,2019050701008014,OHL,42,6,547,580.00,"317,260.00"
2019-05-07,2019050701008013,OHL,5,34,10,583.00,"5,830.00"
2019-05-07,2019050701007987,OHL,42,17,33,580.00,"19,140.00"
2019-05-07,2019050701007616,OHL,21,5,100,584.00,"58,400.00"
2019-05-07,2019050701007615,OHL,21,16,400,582.00,"232,800.00"
2019-05-07,2019050701007614,OHL,21,33,92,580.00,"53,360.00"
2019-05-07,2019050701007919,OHL,42,11,500,580.00,"290,000.00"
2019-05-07,2019050701007902,OHL,42,41,100,580.00,"58,000.00"
2019-05-07,2019050701007901,OHL,42,25,20,580.00,"11,600.00"
2019-05-07,2019050701007601,PCBL,52,47,50,357.00,"17,850.00"
2019-05-07,2019050701008037,PIC,6,18,22,"1,117.00","24,574.00"
2019-05-07,2019050701008036,PIC,48,18,78,"1,117.00","87,126.00"
2019-05-07,2019050701008031,PIC,48,35,22,"1,117.00","24,574.00"
2019-05-07,2019050701007982,PIC,32,44,11,"1,110.00","12,210.00"
2019-05-07,2019050701007878,PIC,39,35,100,"1,115.00","111,500.00"
2019-05-07,2019050701007877,PIC,39,55,11,"1,115.00","12,265.00"
2019-05-07,2019050701007680,PIC,32,16,16,"1,110.00","17,760.00"
2019-05-07,2019050701007606,PIC,32,6,11,"1,110.00","12,210.00"
2019-05-07,2019050701007741,PIC,47,16,12,"1,110.00","13,320.00"
2019-05-07,2019050701007719,PIC,47,50,11,"1,110.00","12,210.00"
2019-05-07,2019050701007715,PIC,37,49,10,"1,111.00","11,110.00"
2019-05-07,2019050701007712,PIC,47,14,88,"1,110.00","97,680.00"
2019-05-07,2019050701007711,PIC,32,14,62,"1,110.00","68,820.00"
2019-05-07,2019050701007693,PIC,32,50,11,"1,110.00","12,210.00"
2019-05-07,2019050701007876,PIC,39,57,69,"1,115.00","76,935.00"
2019-05-07,2019050701007875,PIC,39,44,21,"1,114.00","23,394.00"
2019-05-07,2019050701007845,PIC,5,44,22,"1,114.00","24,508.00"
2019-05-07,2019050701007844,PIC,5,52,50,"1,113.00","55,650.00"
2019-05-07,2019050701007843,PIC,5,49,28,"1,111.00","31,108.00"
2019-05-07,2019050701007742,PIC,6,16,78,"1,109.00","86,502.00"
2019-05-07,2019050701008002,PMHPL,56,44,10,111.00,"1,110.00"
2019-05-07,2019050701007985,PMHPL,56,44,10,111.00,"1,110.00"
2019-05-07,2019050701007909,PMHPL,56,44,10,111.00,"1,110.00"
2019-05-07,2019050701007898,PMHPL,56,44,10,111.00,"1,110.00"
2019-05-07,2019050701007894,PMHPL,56,44,10,111.00,"1,110.00"
2019-05-07,2019050701007881,PMHPL,56,44,10,111.00,"1,110.00"
2019-05-07,2019050701007598,PMHPL,56,46,10,111.00,"1,110.00"
2019-05-07,2019050701007630,PRIN,7,33,300,420.00,"126,000.00"
2019-05-07,2019050701007629,PRIN,51,33,500,420.00,"210,000.00"
2019-05-07,2019050701007628,PRIN,19,33,200,421.00,"84,200.00"
2019-05-07,2019050701008008,PRVU,34,58,50,286.00,"14,300.00"
2019-05-07,2019050701007947,PRVU,50,43,370,285.00,"105,450.00"
2019-05-07,2019050701007939,PRVU,29,43,130,285.00,"37,050.00"
2019-05-07,2019050701007784,PRVU,13,39,300,284.00,"85,200.00"
2019-05-07,2019050701007669,PRVU,58,29,50,285.00,"14,250.00"
2019-05-07,2019050701007891,PRVU,25,47,100,284.00,"28,400.00"
2019-05-07,2019050701007890,PRVU,7,47,200,284.00,"56,800.00"
2019-05-07,2019050701007889,PRVU,13,47,60,284.00,"17,040.00"
2019-05-07,2019050701007854,PRVU,57,29,100,285.00,"28,500.00"
2019-05-07,2019050701007806,PRVU,13,1,140,284.00,"39,760.00"
2019-05-07,2019050701007938,PRVU,29,29,70,285.00,"19,950.00"
2019-05-07,2019050701007893,PRVU,13,47,140,284.00,"39,760.00"
2019-05-07,2019050701007892,PRVU,22,47,500,284.00,"142,000.00"
2019-05-07,2019050701007850,RADHI,58,25,11,157.00,"1,727.00"
2019-05-07,2019050701007589,RADHI,17,45,11,158.00,"1,738.00"
2019-05-07,2019050701007574,RADHI,58,17,11,157.00,"1,727.00"
2019-05-07,2019050701007886,RBCL,59,48,100,"10,000.00","1,000,000.00"
2019-05-07,2019050701007885,RBCL,59,33,10,"9,980.00","99,800.00"
2019-05-07,2019050701007842,RBCLPO,25,45,20,"8,890.00","177,800.00"
2019-05-07,2019050701007593,SADBL,59,50,"1,654",151.00,"249,754.00"
2019-05-07,2019050701007767,SAEF,16,35,"1,000",9.85,"9,850.00"
2019-05-07,2019050701007640,SAEF,16,6,"1,000",9.85,"9,850.00"
2019-05-07,2019050701007934,SANIMA,25,32,100,359.00,"35,900.00"
2019-05-07,2019050701007721,SANIMA,38,52,63,360.00,"22,680.00"
2019-05-07,2019050701007720,SANIMA,38,49,437,359.00,"156,883.00"
2019-05-07,2019050701007778,SBBLJ,33,41,62,199.00,"12,338.00"
2019-05-07,2019050701007743,SBBLJ,33,49,100,198.00,"19,800.00"
2019-05-07,2019050701007761,SBI,11,16,300,488.00,"146,400.00"
2019-05-07,2019050701007620,SBI,11,16,200,488.00,"97,600.00"
2019-05-07,2019050701007588,SBI,57,16,100,483.00,"48,300.00"
2019-05-07,2019050701007895,SBL,42,39,120,348.00,"41,760.00"
2019-05-07,2019050701007993,SCB,56,11,117,710.00,"83,070.00"
2019-05-07,2019050701007979,SCB,56,57,383,710.00,"271,930.00"
2019-05-07,2019050701007659,SCB,43,46,100,710.00,"71,000.00"
2019-05-07,2019050701007658,SCB,11,46,115,710.00,"81,650.00"
2019-05-07,2019050701007618,SCB,11,51,20,710.00,"14,200.00"
2019-05-07,2019050701007978,SCB,26,57,10,710.00,"7,100.00"
2019-05-07,2019050701007772,SCB,26,57,400,710.00,"284,000.00"
2019-05-07,2019050701007733,SCB,26,21,15,710.00,"10,650.00"
2019-05-07,2019050701007660,SCB,26,46,75,710.00,"53,250.00"
2019-05-07,2019050701007705,SDESI,45,29,23,640.00,"14,720.00"
2019-05-07,2019050701007803,SEF,43,35,300,9.81,"2,943.00"
2019-05-07,2019050701007882,SFFIL,13,22,10,223.00,"2,230.00"
2019-05-07,2019050701007768,SFFIL,13,22,160,223.00,"35,680.00"
2019-05-07,2019050701007681,SHINE,42,49,100,251.00,"25,100.00"
2019-05-07,2019050701008003,SHIVM,19,57,50,380.00,"19,000.00"
2019-05-07,2019050701007968,SHIVM,19,10,50,379.00,"18,950.00"
2019-05-07,2019050701007869,SHIVM,42,28,"1,000",379.00,"379,000.00"
2019-05-07,2019050701007868,SHIVM,42,28,50,379.00,"18,950.00"
2019-05-07,2019050701007867,SHIVM,42,4,10,379.00,"3,790.00"
2019-05-07,2019050701007747,SHIVM,19,43,100,378.00,"37,800.00"
2019-05-07,2019050701007567,SHIVM,42,6,40,380.00,"15,200.00"
2019-05-07,2019050701007566,SHIVM,42,35,600,380.00,"228,000.00"
2019-05-07,2019050701007565,SHIVM,42,38,50,379.00,"18,950.00"
2019-05-07,2019050701007560,SHIVM,36,52,30,378.00,"11,340.00"
2019-05-07,2019050701007695,SHIVM,44,28,200,379.00,"75,800.00"
2019-05-07,2019050701007646,SHIVM,44,38,160,379.00,"60,640.00"
2019-05-07,2019050701007635,SHIVM,16,41,200,380.00,"76,000.00"
2019-05-07,2019050701007570,SHIVM,42,59,25,380.00,"9,500.00"
2019-05-07,2019050701007569,SHIVM,42,50,50,380.00,"19,000.00"
2019-05-07,2019050701007568,SHIVM,42,50,50,380.00,"19,000.00"
2019-05-07,2019050701007746,SHIVM,22,43,500,378.00,"189,000.00"
2019-05-07,2019050701007745,SHIVM,49,43,"1,000",378.00,"378,000.00"
2019-05-07,2019050701007744,SHIVM,36,43,145,378.00,"54,810.00"
2019-05-07,2019050701007708,SHIVM,44,4,490,379.00,"185,710.00"
2019-05-07,2019050701007706,SHIVM,44,1,50,379.00,"18,950.00"
2019-05-07,2019050701007697,SHIVM,44,32,100,379.00,"37,900.00"
2019-05-07,2019050701007955,SHL,50,49,600,238.00,"142,800.00"
2019-05-07,2019050701007954,SHL,41,49,100,239.00,"23,900.00"
2019-05-07,2019050701007953,SHL,19,49,100,240.00,"24,000.00"
2019-05-07,2019050701007810,SHL,34,37,497,240.00,"119,280.00"
2019-05-07,2019050701007612,SIC,32,32,153,"1,370.00","209,610.00"
2019-05-07,2019050701007678,SICL,16,55,59,896.00,"52,864.00"
2019-05-07,2019050701007599,SICL,16,25,152,896.00,"136,192.00"
2019-05-07,2019050701007860,SIL,58,33,10,622.00,"6,220.00"
2019-05-07,2019050701007840,SKBBL,10,57,61,"1,001.00","61,061.00"
2019-05-07,2019050701007839,SKBBL,49,57,251,"1,001.00","251,251.00"
2019-05-07,2019050701007817,SLBSL,52,18,18,608.00,"10,944.00"
2019-05-07,2019050701007816,SLBSL,48,18,12,608.00,"7,296.00"
2019-05-07,2019050701007591,SLICL,32,53,165,570.00,"94,050.00"
2019-05-07,2019050701007590,SLICL,52,53,35,571.00,"19,985.00"
2019-05-07,2019050701008007,SMB,47,44,10,483.00,"4,830.00"
2019-05-07,2019050701007935,SMB,47,44,10,483.00,"4,830.00"
2019-05-07,2019050701007619,SMB,17,17,10,485.00,"4,850.00"
2019-05-07,2019050701007826,SRBL,40,22,300,259.00,"77,700.00"
2019-05-07,2019050701007607,SRBL,7,25,100,260.00,"26,000.00"
2019-05-07,2019050701007592,SRBL,34,52,500,258.00,"129,000.00"
2019-05-07,2019050701007584,SWBBL,16,29,35,913.00,"31,955.00"
2019-05-07,2019050701007654,TRH,33,43,10,249.00,"2,490.00"
2019-05-07,2019050701008012,UIC,17,36,50,980.00,"49,000.00"
2019-05-07,2019050701007992,UIC,17,36,250,980.00,"245,000.00"
2019-05-07,2019050701007991,UIC,17,5,50,980.00,"49,000.00"
2019-05-07,2019050701007990,UIC,17,29,200,980.00,"196,000.00"
2019-05-07,2019050701007989,UIC,17,44,360,979.00,"352,440.00"
2019-05-07,2019050701007988,UIC,17,7,50,974.00,"48,700.00"
2019-05-07,2019050701007729,UIC,42,44,140,979.00,"137,060.00"
2019-05-07,2019050701007779,UMHL,59,43,359,116.00,"41,644.00"
2019-05-07,2019050701007664,UMHL,59,29,40,116.00,"4,640.00"
2019-05-07,2019050701007663,UMHL,59,54,14,115.00,"1,610.00"
2019-05-07,2019050701007662,UMHL,59,54,14,115.00,"1,610.00"
2019-05-07,2019050701007661,UMHL,59,54,14,115.00,"1,610.00"
2019-05-07,2019050701008027,UPCL,8,44,50,94.00,"4,700.00"
2019-05-07,2019050701007964,UPCL,8,44,50,94.00,"4,700.00"
2019-05-07,2019050701007920,UPCL,8,44,50,94.00,"4,700.00"
2019-05-07,2019050701007777,UPCL,8,43,50,94.00,"4,700.00"
2019-05-07,2019050701008054,UPPER,43,57,50,238.00,"11,900.00"
2019-05-07,2019050701008053,UPPER,43,57,50,238.00,"11,900.00"
2019-05-07,2019050701008052,UPPER,43,26,57,238.00,"13,566.00"
2019-05-07,2019050701008051,UPPER,43,57,50,238.00,"11,900.00"
2019-05-07,2019050701008050,UPPER,43,57,33,238.00,"7,854.00"
2019-05-07,2019050701008049,UPPER,43,45,920,237.00,"218,040.00"
2019-05-07,2019050701007735,UPPER,17,50,10,236.00,"2,360.00"
2019-05-07,2019050701007734,UPPER,17,57,40,236.00,"9,440.00"
2019-05-07,2019050701007650,UPPER,34,58,10,237.00,"2,370.00"
2019-05-07,2019050701007649,UPPER,34,57,40,236.00,"9,440.00"
2019-05-07,2019050701007634,UPPER,22,6,50,234.00,"11,700.00"
2019-05-07,2019050701007633,UPPER,46,58,10,237.00,"2,370.00"
2019-05-07,2019050701007899,UPPER,42,44,50,236.00,"11,800.00"
2019-05-07,2019050701007872,UPPER,42,50,693,236.00,"163,548.00"
2019-05-07,2019050701007871,UPPER,42,55,50,236.00,"11,800.00"
2019-05-07,2019050701007763,UPPER,56,45,50,235.00,"11,750.00"
2019-05-07,2019050701007762,UPPER,35,45,150,235.00,"35,250.00"
2019-05-07,2019050701007760,UPPER,35,6,50,235.00,"11,750.00"
2019-05-07,2019050701008042,UPPER,43,42,"1,000",237.00,"237,000.00"
2019-05-07,2019050701008041,UPPER,43,58,150,237.00,"35,550.00"
2019-05-07,2019050701008032,UPPER,42,21,50,236.00,"11,800.00"
2019-05-07,2019050701008048,UPPER,43,33,50,237.00,"11,850.00"
2019-05-07,2019050701008047,UPPER,43,33,40,237.00,"9,480.00"
2019-05-07,2019050701008046,UPPER,43,33,40,237.00,"9,480.00"
2019-05-07,2019050701008045,UPPER,43,29,100,237.00,"23,700.00"
2019-05-07,2019050701008044,UPPER,43,37,10,237.00,"2,370.00"
2019-05-07,2019050701008043,UPPER,43,37,50,237.00,"11,850.00"
2019-05-07,2019050701007336,ADBL,58,49,"1,866",386.00,"720,276.00"
2019-05-07,2019050701007160,ADBL,28,49,70,387.00,"27,090.00"
2019-05-07,2019050701007159,ADBL,28,33,30,387.00,"11,610.00"
2019-05-07,2019050701007126,AKJCL,29,16,10,78.00,780.00
2019-05-07,2019050701007370,AKPL,19,48,13,180.00,"2,340.00"
2019-05-07,2019050701007351,AKPL,19,48,14,180.00,"2,520.00"
2019-05-07,2019050701007335,AKPL,19,48,13,180.00,"2,340.00"
2019-05-07,2019050701007299,AKPL,19,48,13,180.00,"2,340.00"
2019-05-07,2019050701007464,ALICL,21,49,110,441.00,"48,510.00"
2019-05-07,2019050701007463,ALICL,35,49,100,441.00,"44,100.00"
2019-05-07,2019050701007462,ALICL,59,49,100,443.00,"44,300.00"
2019-05-07,2019050701007461,ALICL,58,49,190,445.00,"84,550.00"
2019-05-07,2019050701007328,ALICL,58,22,10,445.00,"4,450.00"
2019-05-07,2019050701007292,ALICL,19,34,201,445.00,"89,445.00"
2019-05-07,2019050701007291,ALICL,21,34,125,446.00,"55,750.00"
2019-05-07,2019050701007070,ALICL,21,45,100,446.00,"44,600.00"
2019-05-07,2019050701007134,AMFI,58,7,10,565.00,"5,650.00"
2019-05-07,2019050701007497,BOKL,22,43,250,282.00,"70,500.00"
2019-05-07,2019050701007487,BOKL,22,28,100,282.00,"28,200.00"
2019-05-07,2019050701007475,BOKL,22,16,171,282.00,"48,222.00"
2019-05-07,2019050701007355,BOKL,14,41,100,283.00,"28,300.00"
2019-05-07,2019050701007330,BOKL,22,42,74,282.00,"20,868.00"
2019-05-07,2019050701007329,BOKL,41,42,426,282.00,"120,132.00"
2019-05-07,2019050701007122,BOKL,19,50,284,282.00,"80,088.00"
2019-05-07,2019050701007064,BOKL,19,21,86,282.00,"24,252.00"
2019-05-07,2019050701007237,BOKL,35,41,100,283.00,"28,300.00"
2019-05-07,2019050701007223,BOKL,41,14,74,282.00,"20,868.00"
2019-05-07,2019050701007222,BOKL,19,14,26,282.00,"7,332.00"
2019-05-07,2019050701007130,BOKL,19,26,65,282.00,"18,330.00"
2019-05-07,2019050701007127,BOKL,19,33,39,282.00,"10,998.00"
2019-05-07,2019050701007525,BPCL,1,29,10,370.00,"3,700.00"
2019-05-07,2019050701007386,BPCL,6,18,11,365.00,"4,015.00"
2019-05-07,2019050701007169,BPCL,6,16,33,365.00,"12,045.00"
2019-05-07,2019050701007125,BPCL,6,20,177,365.00,"64,605.00"
2019-05-07,2019050701007124,BPCL,10,20,56,365.00,"20,440.00"
2019-05-07,2019050701007123,BPCL,49,20,267,366.00,"97,722.00"
2019-05-07,2019050701007340,CBBL,50,19,100,968.00,"96,800.00"
2019-05-07,2019050701007301,CBBL,25,49,100,970.00,"97,000.00"
2019-05-07,2019050701007274,CBBL,16,50,100,971.00,"97,100.00"
2019-05-07,2019050701007232,CBBL,16,49,100,971.00,"97,100.00"
2019-05-07,2019050701007492,CBL,14,45,100,153.00,"15,300.00"
2019-05-07,2019050701007458,CBL,14,45,608,153.00,"93,024.00"
2019-05-07,2019050701007453,CBL,45,45,115,153.00,"17,595.00"
2019-05-07,2019050701007452,CBL,45,45,35,153.00,"5,355.00"
2019-05-07,2019050701007275,CBL,38,43,"1,000",152.00,"152,000.00"
2019-05-07,2019050701007069,CBL,38,49,366,152.00,"55,632.00"
2019-05-07,2019050701007148,CCBL,52,42,"2,000",177.00,"354,000.00"
2019-05-07,2019050701007147,CCBL,48,42,30,177.00,"5,310.00"
2019-05-07,2019050701007146,CCBL,50,42,150,177.00,"26,550.00"
2019-05-07,2019050701007145,CCBL,34,42,"1,073",177.00,"189,921.00"
2019-05-07,2019050701007138,CCBL,34,58,500,177.00,"88,500.00"
2019-05-07,2019050701007133,CCBL,39,59,"3,000",178.00,"534,000.00"
2019-05-07,2019050701007531,CHLBS,1,47,30,480.00,"14,400.00"
2019-05-07,2019050701007530,CHLBS,48,47,10,480.00,"4,800.00"
2019-05-07,2019050701007529,CHLBS,29,47,30,480.00,"14,400.00"
2019-05-07,2019050701007528,CHLBS,21,47,100,481.00,"48,100.00"
2019-05-07,2019050701007527,CHLBS,22,47,10,483.00,"4,830.00"
2019-05-07,2019050701007526,CHLBS,45,47,40,483.00,"19,320.00"
2019-05-07,2019050701007410,CHLBS,22,18,10,483.00,"4,830.00"
2019-05-07,2019050701007554,CIT,25,56,25,"2,600.00","65,000.00"
2019-05-07,2019050701007553,CIT,25,42,20,"2,600.00","52,000.00"
2019-05-07,2019050701007371,CIT,7,35,60,"2,590.00","155,400.00"
2019-05-07,2019050701007324,CIT,16,56,38,"2,591.00","98,458.00"
2019-05-07,2019050701007311,CIT,16,45,62,"2,591.00","160,642.00"
2019-05-07,2019050701007310,CIT,34,45,100,"2,591.00","259,100.00"
2019-05-07,2019050701007162,CIT,57,34,30,"2,606.00","78,180.00"
2019-05-07,2019050701007161,CIT,17,34,15,"2,607.00","39,105.00"
2019-05-07,2019050701007099,CIT,17,49,10,"2,607.00","26,070.00"
2019-05-07,2019050701007098,CIT,21,49,10,"2,607.00","26,070.00"
2019-05-07,2019050701007097,CIT,45,49,10,"2,610.00","26,100.00"
2019-05-07,2019050701007226,CIT,29,42,50,"2,604.00","130,200.00"
2019-05-07,2019050701007225,CIT,44,42,200,"2,604.00","520,800.00"
2019-05-07,2019050701007166,CIT,25,34,100,"2,605.00","260,500.00"
2019-05-07,2019050701007165,CIT,40,34,50,"2,605.00","130,250.00"
2019-05-07,2019050701007164,CIT,25,34,100,"2,606.00","260,600.00"
2019-05-07,2019050701007163,CIT,48,34,50,"2,606.00","130,300.00"
2019-05-07,2019050701007260,CIT,17,42,143,"2,601.00","371,943.00"
2019-05-07,2019050701007259,CIT,16,42,100,"2,602.00","260,200.00"
2019-05-07,2019050701007258,CIT,14,42,37,"2,603.00","96,311.00"
2019-05-07,2019050701007254,CIT,14,37,51,"2,603.00","132,753.00"
2019-05-07,2019050701007230,CIT,14,11,12,"2,603.00","31,236.00"
2019-05-07,2019050701007229,CIT,36,11,10,"2,603.00","26,030.00"
2019-05-07,2019050701007309,CIT,48,45,100,"2,592.00","259,200.00"
2019-05-07,2019050701007308,CIT,36,45,20,"2,592.00","51,840.00"
2019-05-07,2019050701007307,CIT,34,45,100,"2,597.00","259,700.00"
2019-05-07,2019050701007263,CIT,25,42,100,"2,600.00","260,000.00"
2019-05-07,2019050701007262,CIT,25,42,100,"2,600.00","260,000.00"
2019-05-07,2019050701007261,CIT,25,42,200,"2,600.00","520,000.00"
2019-05-07,2019050701007412,CZBIL,45,43,421,228.00,"95,988.00"
2019-05-07,2019050701007405,CZBIL,45,34,279,228.00,"63,612.00"
2019-05-07,2019050701007404,CZBIL,17,34,221,228.00,"50,388.00"
2019-05-07,2019050701007339,CZBIL,17,50,25,228.00,"5,700.00"
2019-05-07,2019050701007304,CZBIL,17,43,54,228.00,"12,312.00"
2019-05-07,2019050701007303,CZBIL,40,43,500,228.00,"114,000.00"
2019-05-07,2019050701007302,CZBIL,43,43,574,228.00,"130,872.00"
2019-05-07,2019050701007281,CZBIL,43,56,11,228.00,"2,508.00"
2019-05-07,2019050701007101,CZBIL,43,33,90,228.00,"20,520.00"
2019-05-07,2019050701007100,CZBIL,43,33,88,228.00,"20,064.00"
2019-05-07,2019050701007383,DBBL,56,49,150,133.00,"19,950.00"
2019-05-07,2019050701007382,DBBL,8,49,200,133.00,"26,600.00"
2019-05-07,2019050701007235,EBL,42,14,100,667.00,"66,700.00"
2019-05-07,2019050701007234,EBL,42,14,100,667.00,"66,700.00"
2019-05-07,2019050701007233,EBL,45,14,245,667.00,"163,415.00"
2019-05-07,2019050701007484,EIC,22,49,10,440.00,"4,400.00"
2019-05-07,2019050701007465,FMDBL,22,10,10,425.00,"4,250.00"
2019-05-07,2019050701007516,GBBL,16,32,990,222.00,"219,780.00"
2019-05-07,2019050701007431,GBBL,22,32,10,222.00,"2,220.00"
2019-05-07,2019050701007422,GBBL,4,32,500,222.00,"111,000.00"
2019-05-07,2019050701007417,GBBL,16,33,140,224.00,"31,360.00"
2019-05-07,2019050701007416,GBBL,16,53,165,224.00,"36,960.00"
2019-05-07,2019050701007398,GBBL,16,35,"1,019",223.00,"227,237.00"
2019-05-07,2019050701007397,GBBL,16,13,100,223.00,"22,300.00"
2019-05-07,2019050701007552,GBIME,32,59,456,313.00,"142,728.00"
2019-05-07,2019050701007551,GBIME,13,59,44,313.00,"13,772.00"
2019-05-07,2019050701007533,GBIME,13,11,56,313.00,"17,528.00"
2019-05-07,2019050701007532,GBIME,55,11,244,313.00,"76,372.00"
2019-05-07,2019050701007298,GBIME,55,58,200,313.00,"62,600.00"
2019-05-07,2019050701007178,GBIME,55,32,56,313.00,"17,528.00"
2019-05-07,2019050701007177,GBIME,52,32,44,313.00,"13,772.00"
2019-05-07,2019050701007344,GDBL,53,25,279,211.00,"58,869.00"
2019-05-07,2019050701007429,GDBL,28,25,"1,000",210.00,"210,000.00"
2019-05-07,2019050701007428,GDBL,16,25,500,210.00,"105,000.00"
2019-05-07,2019050701007427,GDBL,48,25,100,210.00,"21,000.00"
2019-05-07,2019050701007426,GDBL,41,25,300,210.00,"63,000.00"
2019-05-07,2019050701007430,GDBL,47,25,"1,000",210.00,"210,000.00"
2019-05-07,2019050701007384,GILB,38,14,90,"1,226.00","110,340.00"
2019-05-07,2019050701007338,GILB,38,41,100,"1,220.00","122,000.00"
2019-05-07,2019050701007499,HBL,28,28,390,587.00,"228,930.00"
2019-05-07,2019050701007489,HBL,22,28,10,587.00,"5,870.00"
2019-05-07,2019050701007285,HBL,45,11,16,585.00,"9,360.00"
2019-05-07,2019050701007284,HBL,58,11,184,585.00,"107,640.00"
2019-05-07,2019050701007210,HBL,58,25,316,585.00,"184,860.00"
2019-05-07,2019050701007209,HBL,26,25,400,585.00,"234,000.00"
2019-05-07,2019050701007208,HBL,58,25,11,585.00,"6,435.00"
2019-05-07,2019050701007067,HBL,58,45,11,585.00,"6,435.00"
2019-05-07,2019050701007521,HDL,50,17,20,"1,650.00","33,000.00"
2019-05-07,2019050701007520,HDL,28,17,85,"1,650.00","140,250.00"
2019-05-07,2019050701007522,HGI,41,6,300,399.00,"119,700.00"
2019-05-07,2019050701007385,HGI,41,25,200,399.00,"79,800.00"
2019-05-07,2019050701007541,HIDCL,58,58,286,142.00,"40,612.00"
2019-05-07,2019050701007129,ICFC,17,49,331,156.00,"51,636.00"
2019-05-07,2019050701007128,ICFC,26,49,100,157.00,"15,700.00"
2019-05-07,2019050701007493,JBBL,29,50,47,144.00,"6,768.00"
2019-05-07,2019050701007387,JBBL,29,56,14,144.00,"2,016.00"
2019-05-07,2019050701007256,JBBL,29,46,139,144.00,"20,016.00"
2019-05-07,2019050701007255,JBBL,49,46,361,144.00,"51,984.00"
2019-05-07,2019050701007194,JBBL,49,49,714,144.00,"102,816.00"
2019-05-07,2019050701007544,JBNL,37,56,20,204.00,"4,080.00"
2019-05-07,2019050701007543,JBNL,5,56,250,204.00,"51,000.00"
2019-05-07,2019050701007500,JBNL,22,50,10,205.00,"2,050.00"
2019-05-07,2019050701007337,JBNL,5,51,50,204.00,"10,200.00"
2019-05-07,2019050701007334,JBNL,5,39,200,204.00,"40,800.00"
2019-05-07,2019050701007333,JBNL,52,39,200,204.00,"40,800.00"
2019-05-07,2019050701007106,JBNL,38,42,"1,000",205.00,"205,000.00"
2019-05-07,2019050701007105,JBNL,50,42,"2,000",205.00,"410,000.00"
2019-05-07,2019050701007104,JBNL,4,42,769,205.00,"157,645.00"
2019-05-07,2019050701007112,JBNL,38,42,700,205.00,"143,500.00"
2019-05-07,2019050701007111,JBNL,57,42,100,205.00,"20,500.00"
2019-05-07,2019050701007110,JBNL,57,42,500,205.00,"102,500.00"
2019-05-07,2019050701007109,JBNL,38,42,"1,000",205.00,"205,000.00"
2019-05-07,2019050701007108,JBNL,22,42,250,205.00,"51,250.00"
2019-05-07,2019050701007107,JBNL,46,42,326,205.00,"66,830.00"
2019-05-07,2019050701007212,JBNL,43,54,500,204.00,"102,000.00"
2019-05-07,2019050701007211,JBNL,52,54,500,204.00,"102,000.00"
2019-05-07,2019050701007116,JBNL,29,42,800,205.00,"164,000.00"
2019-05-07,2019050701007115,JBNL,49,42,"2,000",205.00,"410,000.00"
2019-05-07,2019050701007114,JBNL,50,42,500,205.00,"102,500.00"
2019-05-07,2019050701007113,JBNL,38,42,"1,000",205.00,"205,000.00"
2019-05-07,2019050701007457,KBBL,29,29,600,227.00,"136,200.00"
2019-05-07,2019050701007456,KBBL,18,29,300,227.00,"68,100.00"
2019-05-07,2019050701007510,KBL,49,43,250,226.00,"56,500.00"
2019-05-07,2019050701007482,KBL,56,17,595,227.00,"135,065.00"
2019-05-07,2019050701007481,KBL,47,17,500,227.00,"113,500.00"
2019-05-07,2019050701007480,KBL,22,17,297,227.00,"67,419.00"
2019-05-07,2019050701007271,KBL,22,28,30,228.00,"6,840.00"
2019-05-07,2019050701007094,KBL,22,21,161,227.00,"36,547.00"
2019-05-07,2019050701007158,KMCDB,18,49,40,712.00,"28,480.00"
2019-05-07,2019050701007542,LBL,55,6,50,229.00,"11,450.00"
2019-05-07,2019050701007322,LBL,34,56,14,228.00,"3,192.00"
2019-05-07,2019050701007245,LBL,34,43,421,228.00,"95,988.00"
2019-05-07,2019050701007244,LBL,56,43,10,228.00,"2,280.00"
2019-05-07,2019050701007243,LBL,6,43,500,228.00,"114,000.00"
2019-05-07,2019050701007242,LBL,11,43,116,229.00,"26,564.00"
2019-05-07,2019050701007074,LBL,11,53,84,229.00,"19,236.00"
2019-05-07,2019050701007073,LBL,51,53,200,229.00,"45,800.00"
2019-05-07,2019050701007072,LBL,13,53,716,229.00,"163,964.00"
2019-05-07,2019050701007509,MBL,7,33,500,269.00,"134,500.00"
2019-05-07,2019050701007496,MBL,7,1,350,269.00,"94,150.00"
2019-05-07,2019050701007495,MBL,51,1,650,269.00,"174,850.00"
2019-05-07,2019050701007369,MBL,51,45,"1,000",269.00,"269,000.00"
2019-05-07,2019050701007241,MBL,51,6,200,269.00,"53,800.00"
2019-05-07,2019050701007172,MBL,51,13,150,269.00,"40,350.00"
2019-05-07,2019050701007421,MEGA,20,34,255,189.00,"48,195.00"
2019-05-07,2019050701007376,MEGA,20,49,500,189.00,"94,500.00"
2019-05-07,2019050701007189,MEGA,35,13,53,190.00,"10,070.00"
2019-05-07,2019050701007188,MEGA,35,28,447,190.00,"84,930.00"
2019-05-07,2019050701007183,MEGA,20,48,245,189.00,"46,305.00"
2019-05-07,2019050701007182,MEGA,45,48,"1,000",189.00,"189,000.00"
2019-05-07,2019050701007181,MEGA,16,48,200,189.00,"37,800.00"
2019-05-07,2019050701007180,MEGA,7,48,10,189.00,"1,890.00"
2019-05-07,2019050701007179,MEGA,48,48,45,189.00,"8,505.00"
2019-05-07,2019050701007153,MEGA,48,55,500,189.00,"94,500.00"
2019-05-07,2019050701007081,MEGA,48,54,947,189.00,"178,983.00"
2019-05-07,2019050701007080,MEGA,43,54,153,189.00,"28,917.00"
2019-05-07,2019050701007413,MLBBL,22,58,10,495.00,"4,950.00"
2019-05-07,2019050701007345,MMFDB,25,57,100,910.00,"91,000.00"
2019-05-07,2019050701007250,MMFDB,36,41,100,912.00,"91,200.00"
2019-05-07,2019050701007137,MNBBL,22,45,"1,500",385.00,"577,500.00"
2019-05-07,2019050701007136,MNBBL,29,45,200,385.00,"77,000.00"
2019-05-07,2019050701007135,MNBBL,49,45,776,385.00,"298,760.00"
2019-05-07,2019050701007096,MNBBL,49,49,263,385.00,"101,255.00"
2019-05-07,2019050701007068,MNBBL,49,33,300,385.00,"115,500.00"
2019-05-07,2019050701007411,MPFL,21,39,30,178.00,"5,340.00"
2019-05-07,2019050701007246,MSLB,17,17,8,"1,215.00","9,720.00"
2019-05-07,2019050701007203,NABIL,28,57,50,850.00,"42,500.00"
2019-05-07,2019050701007540,NABILP,6,28,290,826.00,"239,540.00"
2019-05-07,2019050701007401,NABILP,6,53,200,826.00,"165,200.00"
2019-05-07,2019050701007141,NABILP,25,52,450,825.00,"371,250.00"
2019-05-07,2019050701007140,NABILP,37,52,50,825.00,"41,250.00"
2019-05-07,2019050701007139,NABILP,42,52,50,825.00,"41,250.00"
2019-05-07,2019050701007079,NADEP,41,49,50,504.00,"25,200.00"
2019-05-07,2019050701007078,NADEP,57,49,50,504.00,"25,200.00"
2019-05-07,2019050701007523,NBB,21,43,250,231.00,"57,750.00"
2019-05-07,2019050701007474,NBB,51,42,500,232.00,"116,000.00"
2019-05-07,2019050701007473,NBB,48,42,"1,000",232.00,"232,000.00"
2019-05-07,2019050701007472,NBB,43,42,100,232.00,"23,200.00"
2019-05-07,2019050701007204,NBB,34,43,300,232.00,"69,600.00"
2019-05-07,2019050701007471,NBB,45,42,200,232.00,"46,400.00"
2019-05-07,2019050701007470,NBB,55,42,500,232.00,"116,000.00"
2019-05-07,2019050701007469,NBB,51,42,"2,000",232.00,"464,000.00"
2019-05-07,2019050701007468,NBB,55,42,100,232.00,"23,200.00"
2019-05-07,2019050701007287,NBB,36,13,50,233.00,"11,650.00"
2019-05-07,2019050701007205,NBB,55,43,200,232.00,"46,400.00"
2019-05-07,2019050701007367,NBBL,41,32,500,610.00,"305,000.00"
2019-05-07,2019050701007366,NBBL,59,32,500,610.00,"305,000.00"
2019-05-07,2019050701007365,NBBL,42,32,200,613.00,"122,600.00"
2019-05-07,2019050701007364,NBBL,47,32,100,614.00,"61,400.00"
2019-05-07,2019050701007363,NBBL,11,32,50,615.00,"30,750.00"
2019-05-07,2019050701007353,NBBL,42,32,100,617.00,"61,700.00"
2019-05-07,2019050701007354,NBL,47,58,500,313.00,"156,500.00"
2019-05-07,2019050701007300,NBL,28,33,300,314.00,"94,200.00"
2019-05-07,2019050701007297,NBL,59,33,500,314.00,"157,000.00"
2019-05-07,2019050701007277,NBL,59,33,400,314.00,"125,600.00"
2019-05-07,2019050701007276,NBL,59,50,100,314.00,"31,400.00"
2019-05-07,2019050701007270,NBL,47,16,280,313.00,"87,640.00"
2019-05-07,2019050701007251,NBL,59,50,100,314.00,"31,400.00"
2019-05-07,2019050701007196,NBL,22,36,50,315.00,"15,750.00"
2019-05-07,2019050701007171,NBL,32,39,690,314.00,"216,660.00"
2019-05-07,2019050701007151,NBL,32,52,310,314.00,"97,340.00"
2019-05-07,2019050701007150,NBL,45,52,90,314.00,"28,260.00"
2019-05-07,2019050701007269,NBL,47,16,"1,000",313.00,"313,000.00"
2019-05-07,2019050701007268,NBL,34,16,"1,000",313.00,"313,000.00"
2019-05-07,2019050701007267,NBL,57,16,500,313.00,"156,500.00"
2019-05-07,2019050701007266,NBL,53,16,200,313.00,"62,600.00"
2019-05-07,2019050701007265,NBL,19,16,20,313.00,"6,260.00"
2019-05-07,2019050701007252,NBL,59,50,400,314.00,"125,600.00"
2019-05-07,2019050701007536,NCCB,29,11,489,247.00,"120,783.00"
2019-05-07,2019050701007535,NCCB,29,19,16,247.00,"3,952.00"
2019-05-07,2019050701007534,NCCB,29,33,55,247.00,"13,585.00"
2019-05-07,2019050701007488,NCCB,4,4,137,246.00,"33,702.00"
2019-05-07,2019050701007478,NCCB,4,26,513,246.00,"126,198.00"
2019-05-07,2019050701007477,NCCB,4,49,500,246.00,"123,000.00"
2019-05-07,2019050701007224,NCCB,41,33,100,247.00,"24,700.00"
2019-05-07,2019050701007220,NCCB,25,33,100,247.00,"24,700.00"
2019-05-07,2019050701007199,NCCB,42,33,638,247.00,"157,586.00"
2019-05-07,2019050701007198,NCCB,42,58,362,247.00,"89,414.00"
2019-05-07,2019050701007197,NCCB,4,1,500,246.00,"123,000.00"
2019-05-07,2019050701007093,NCCB,4,44,"2,848",246.00,"700,608.00"
2019-05-07,2019050701007375,NCCB,4,25,"4,364",246.00,"1,073,544.00"
2019-05-07,2019050701007358,NCCB,4,36,200,246.00,"49,200.00"
2019-05-07,2019050701007323,NCCB,58,33,10,247.00,"2,470.00"
2019-05-07,2019050701007305,NCCB,4,45,200,246.00,"49,200.00"
2019-05-07,2019050701007249,NCCB,4,22,200,246.00,"49,200.00"
2019-05-07,2019050701007227,NCCB,4,17,500,246.00,"123,000.00"
2019-05-07,2019050701007508,NGPL,1,38,191,116.00,"22,156.00"
2019-05-07,2019050701007507,NGPL,41,38,511,116.00,"59,276.00"
2019-05-07,2019050701007506,NGPL,45,38,70,116.00,"8,120.00"
2019-05-07,2019050701007505,NGPL,1,38,39,117.00,"4,563.00"
2019-05-07,2019050701007352,NGPL,17,17,1,118.00,118.00
2019-05-07,2019050701007086,NGPL,17,17,11,118.00,"1,298.00"
2019-05-07,2019050701007282,NHPC,22,39,50,70.00,"3,500.00"
2019-05-07,2019050701007201,NHPC,52,38,500,69.00,"34,500.00"
2019-05-07,2019050701007088,NHPC,51,39,50,70.00,"3,500.00"
2019-05-07,2019050701007450,NIB,17,17,6,551.00,"3,306.00"
2019-05-07,2019050701007350,NIB,22,56,19,562.00,"10,678.00"
2019-05-07,2019050701007075,NIB,38,13,47,561.00,"26,367.00"
2019-05-07,2019050701007451,NICA,58,28,488,494.00,"241,072.00"
2019-05-07,2019050701007362,NICA,6,14,500,494.00,"247,000.00"
2019-05-07,2019050701007361,NICA,41,14,100,495.00,"49,500.00"
2019-05-07,2019050701007121,NICA,29,49,273,494.00,"134,862.00"
2019-05-07,2019050701007076,NICA,29,22,201,494.00,"99,294.00"
2019-05-07,2019050701007077,NICL,32,57,200,400.00,"80,000.00"
2019-05-07,2019050701007380,NIL,43,52,50,522.00,"26,100.00"
2019-05-07,2019050701007379,NIL,43,52,150,522.00,"78,300.00"
2019-05-07,2019050701007219,NIL,37,34,167,521.00,"87,007.00"
2019-05-07,2019050701007218,NIL,56,34,100,521.00,"52,100.00"
2019-05-07,2019050701007217,NIL,36,34,100,521.00,"52,100.00"
2019-05-07,2019050701007216,NIL,35,34,60,521.00,"31,260.00"
2019-05-07,2019050701007215,NIL,34,34,150,521.00,"78,150.00"
2019-05-07,2019050701007214,NIL,42,34,50,522.00,"26,100.00"
2019-05-07,2019050701007213,NIL,43,34,50,522.00,"26,100.00"
2019-05-07,2019050701007512,NLBBL,25,21,65,532.00,"34,580.00"
2019-05-07,2019050701007511,NLBBL,10,21,65,532.00,"34,580.00"
2019-05-07,2019050701007494,NLBBL,41,21,20,533.00,"10,660.00"
2019-05-07,2019050701007515,NLIC,43,6,17,985.00,"16,745.00"
2019-05-07,2019050701007448,NLIC,43,42,15,985.00,"14,775.00"
2019-05-07,2019050701007400,NLIC,13,6,50,986.00,"49,300.00"
2019-05-07,2019050701007360,NLIC,6,44,20,988.00,"19,760.00"
2019-05-07,2019050701007273,NLIC,48,6,13,988.00,"12,844.00"
2019-05-07,2019050701007272,NLIC,22,6,63,988.00,"62,244.00"
2019-05-07,2019050701007248,NLIC,22,52,30,989.00,"29,670.00"
2019-05-07,2019050701007373,NLICL,59,35,81,670.00,"54,270.00"
2019-05-07,2019050701007257,NLICL,40,34,16,672.00,"10,752.00"
2019-05-07,2019050701007061,NLICL,34,5,100,670.00,"67,000.00"
2019-05-07,2019050701007060,NLICL,45,5,131,670.00,"87,770.00"
2019-05-07,2019050701007059,NLICL,6,5,100,671.00,"67,100.00"
2019-05-07,2019050701007485,NMB,49,58,92,386.00,"35,512.00"
2019-05-07,2019050701007476,NMB,6,58,408,386.00,"157,488.00"
2019-05-07,2019050701007466,NMB,6,34,500,386.00,"193,000.00"
2019-05-07,2019050701007425,NMB,6,54,92,386.00,"35,512.00"
2019-05-07,2019050701007424,NMB,45,54,408,386.00,"157,488.00"
2019-05-07,2019050701007409,NMB,45,33,30,386.00,"11,580.00"
2019-05-07,2019050701007057,NMB,8,45,200,386.00,"77,200.00"
2019-05-07,2019050701007381,NMB,44,33,50,386.00,"19,300.00"
2019-05-07,2019050701007326,NMB,44,53,75,386.00,"28,950.00"
2019-05-07,2019050701007325,NMB,49,53,125,386.00,"48,250.00"
2019-05-07,2019050701007200,NMB,49,49,475,386.00,"183,350.00"
2019-05-07,2019050701007120,NMB,49,39,100,386.00,"38,600.00"
2019-05-07,2019050701007058,NMB,49,45,300,386.00,"115,800.00"
2019-05-07,2019050701007408,NMB,38,25,803,387.00,"310,761.00"
2019-05-07,2019050701007407,NMB,38,57,197,387.00,"76,239.00"
2019-05-07,2019050701007402,NMB,45,16,50,386.00,"19,300.00"
2019-05-07,2019050701007396,NMB,45,16,12,386.00,"4,632.00"
2019-05-07,2019050701007395,NMB,35,16,100,386.00,"38,600.00"
2019-05-07,2019050701007394,NMB,44,16,175,386.00,"67,550.00"
2019-05-07,2019050701007537,NMFBS,49,17,13,"1,699.00","22,087.00"
2019-05-07,2019050701007149,NMFBS,57,1,28,"1,698.00","47,544.00"
2019-05-07,2019050701007498,NTC,33,21,10,700.00,"7,000.00"
2019-05-07,2019050701007483,NTC,38,33,85,697.00,"59,245.00"
2019-05-07,2019050701007063,OHL,6,57,42,581.00,"24,402.00"
2019-05-07,2019050701007187,OHL,6,33,58,580.00,"33,640.00"
2019-05-07,2019050701007186,OHL,17,33,50,580.00,"29,000.00"
2019-05-07,2019050701007185,OHL,44,33,300,580.00,"174,000.00"
2019-05-07,2019050701007432,OHL,58,33,336,579.00,"194,544.00"
2019-05-07,2019050701007290,PCBL,17,44,"1,431",355.00,"508,005.00"
2019-05-07,2019050701007289,PCBL,25,44,500,355.00,"177,500.00"
2019-05-07,2019050701007288,PCBL,22,44,69,355.00,"24,495.00"
2019-05-07,2019050701007491,PIC,32,49,97,"1,111.00","107,767.00"
2019-05-07,2019050701007490,PIC,7,49,65,"1,112.00","72,280.00"
2019-05-07,2019050701007357,PIC,34,57,15,"1,115.00","16,725.00"
2019-05-07,2019050701007296,PIC,34,57,15,"1,115.00","16,725.00"
2019-05-07,2019050701007295,PIC,7,16,11,"1,112.00","12,232.00"
2019-05-07,2019050701007132,PIC,17,17,11,"1,115.00","12,265.00"
2019-05-07,2019050701007513,PLIC,58,34,100,490.00,"49,000.00"
2019-05-07,2019050701007231,PLIC,58,14,300,490.00,"147,000.00"
2019-05-07,2019050701007503,PMHPL,17,17,10,112.00,"1,120.00"
2019-05-07,2019050701007423,PMHPL,56,18,10,111.00,"1,110.00"
2019-05-07,2019050701007228,PMHPL,56,16,10,111.00,"1,110.00"
2019-05-07,2019050701007519,PRVU,45,29,280,285.00,"79,800.00"
2019-05-07,2019050701007447,PRVU,45,18,220,285.00,"62,700.00"
2019-05-07,2019050701007446,PRVU,4,18,400,285.00,"114,000.00"
2019-05-07,2019050701007445,PRVU,14,18,500,285.00,"142,500.00"
2019-05-07,2019050701007444,PRVU,34,18,"2,000",285.00,"570,000.00"
2019-05-07,2019050701007443,PRVU,40,18,"2,000",285.00,"570,000.00"
2019-05-07,2019050701007082,PRVU,1,10,28,285.00,"7,980.00"
2019-05-07,2019050701007221,PRVU,1,10,14,285.00,"3,990.00"
2019-05-07,2019050701007173,PRVU,1,10,28,285.00,"7,980.00"
2019-05-07,2019050701007143,PRVU,1,10,28,285.00,"7,980.00"
2019-05-07,2019050701007319,PRVU,59,59,64,285.00,"18,240.00"
2019-05-07,2019050701007306,PRVU,59,10,43,285.00,"12,255.00"
2019-05-07,2019050701007279,PRVU,59,10,14,285.00,"3,990.00"
2019-05-07,2019050701007278,PRVU,59,59,165,285.00,"47,025.00"
2019-05-07,2019050701007247,PRVU,59,10,14,285.00,"3,990.00"
2019-05-07,2019050701007236,PRVU,45,49,500,285.00,"142,500.00"
2019-05-07,2019050701007418,PRVU,13,29,11,286.00,"3,146.00"
2019-05-07,2019050701007378,PRVU,42,10,28,285.00,"7,980.00"
2019-05-07,2019050701007359,PRVU,42,10,14,285.00,"3,990.00"
2019-05-07,2019050701007341,PRVU,42,10,28,285.00,"7,980.00"
2019-05-07,2019050701007320,PRVU,1,59,100,285.00,"28,500.00"
2019-05-07,2019050701007420,PRVU,13,58,300,286.00,"85,800.00"
2019-05-07,2019050701007419,PRVU,13,58,500,286.00,"143,000.00"
2019-05-07,2019050701007436,PRVU,29,18,300,285.00,"85,500.00"
2019-05-07,2019050701007435,PRVU,45,18,200,285.00,"57,000.00"
2019-05-07,2019050701007434,PRVU,49,18,100,285.00,"28,500.00"
2019-05-07,2019050701007433,PRVU,42,18,130,285.00,"37,050.00"
2019-05-07,2019050701007442,PRVU,59,18,"1,650",285.00,"470,250.00"
2019-05-07,2019050701007441,PRVU,41,18,800,285.00,"228,000.00"
2019-05-07,2019050701007440,PRVU,41,18,800,285.00,"228,000.00"
2019-05-07,2019050701007439,PRVU,59,18,200,285.00,"57,000.00"
2019-05-07,2019050701007438,PRVU,33,18,200,285.00,"57,000.00"
2019-05-07,2019050701007437,PRVU,44,18,500,285.00,"142,500.00"
2019-05-07,2019050701007174,RADHI,58,44,11,157.00,"1,727.00"
2019-05-07,2019050701007195,RBCL,49,58,10,"9,900.00","99,000.00"
2019-05-07,2019050701007168,RBCLPO,8,54,20,"8,880.00","177,600.00"
2019-05-07,2019050701007167,RBCLPO,8,42,20,"8,870.00","177,400.00"
2019-05-07,2019050701007455,RRHP,56,18,10,94.00,940.00
2019-05-07,2019050701007152,RRHP,58,43,10,95.00,950.00
2019-05-07,2019050701007374,SADBL,59,13,66,151.00,"9,966.00"
2019-05-07,2019050701007318,SADBL,59,56,280,151.00,"42,280.00"
2019-05-07,2019050701007317,SADBL,26,56,"1,000",151.00,"151,000.00"
2019-05-07,2019050701007316,SADBL,28,56,"1,000",151.00,"151,000.00"
2019-05-07,2019050701007315,SADBL,59,56,500,151.00,"75,500.00"
2019-05-07,2019050701007314,SADBL,21,56,246,151.00,"37,146.00"
2019-05-07,2019050701007539,SANIMA,32,10,220,358.00,"78,760.00"
2019-05-07,2019050701007538,SANIMA,39,10,80,358.00,"28,640.00"
2019-05-07,2019050701007454,SANIMA,37,49,63,359.00,"22,617.00"
2019-05-07,2019050701007095,SANIMA,37,45,80,359.00,"28,720.00"
2019-05-07,2019050701007502,SBI,57,16,100,483.00,"48,300.00"
2019-05-07,2019050701007501,SBI,56,16,300,483.00,"144,900.00"
2019-05-07,2019050701007548,SBL,28,57,130,347.00,"45,110.00"
2019-05-07,2019050701007406,SBL,28,36,100,347.00,"34,700.00"
2019-05-07,2019050701007372,SBL,16,1,100,348.00,"34,800.00"
2019-05-07,2019050701007547,SCB,11,58,65,710.00,"46,150.00"
2019-05-07,2019050701007546,SCB,29,58,200,711.00,"142,200.00"
2019-05-07,2019050701007545,SCB,56,58,53,711.00,"37,683.00"
2019-05-07,2019050701007207,SCB,56,16,147,711.00,"104,517.00"
2019-05-07,2019050701007206,SCB,51,16,103,713.00,"73,439.00"
2019-05-07,2019050701007071,SCB,4,20,46,715.00,"32,890.00"
2019-05-07,2019050701007170,SCB,51,58,25,713.00,"17,825.00"
2019-05-07,2019050701007117,SCB,51,45,128,713.00,"91,264.00"
2019-05-07,2019050701007090,SCB,45,36,325,714.00,"232,050.00"
2019-05-07,2019050701007089,SCB,5,36,20,715.00,"14,300.00"
2019-05-07,2019050701007184,SDESI,17,17,23,637.00,"14,651.00"
2019-05-07,2019050701007142,SEF,43,49,"5,000",9.81,"49,050.00"
2019-05-07,2019050701007518,SHIVM,35,45,300,379.00,"113,700.00"
2019-05-07,2019050701007517,SHIVM,45,45,100,379.00,"37,900.00"
2019-05-07,2019050701007514,SHIVM,45,14,150,379.00,"56,850.00"
2019-05-07,2019050701007377,SHIVM,45,40,50,379.00,"18,950.00"
2019-05-07,2019050701007368,SHIVM,45,40,50,379.00,"18,950.00"
2019-05-07,2019050701007349,SHIVM,45,22,50,379.00,"18,950.00"
2019-05-07,2019050701007062,SHIVM,34,34,50,379.00,"18,950.00"
2019-05-07,2019050701007157,SHIVM,38,57,30,379.00,"11,370.00"
2019-05-07,2019050701007156,SHIVM,34,57,70,379.00,"26,530.00"
2019-05-07,2019050701007103,SHIVM,42,20,50,380.00,"19,000.00"
2019-05-07,2019050701007348,SHIVM,45,40,80,379.00,"30,320.00"
2019-05-07,2019050701007347,SHIVM,45,38,20,379.00,"7,580.00"
2019-05-07,2019050701007346,SHIVM,19,38,30,379.00,"11,370.00"
2019-05-07,2019050701007332,SHIVM,19,40,30,379.00,"11,370.00"
2019-05-07,2019050701007331,SHIVM,38,40,70,379.00,"26,530.00"
2019-05-07,2019050701007144,SHL,17,35,100,241.00,"24,100.00"
2019-05-07,2019050701007393,SHPC,10,39,735,260.00,"191,100.00"
2019-05-07,2019050701007392,SHPC,1,39,250,260.00,"65,000.00"
2019-05-07,2019050701007391,SHPC,34,39,200,260.00,"52,000.00"
2019-05-07,2019050701007390,SHPC,4,39,500,260.00,"130,000.00"
2019-05-07,2019050701007389,SHPC,6,39,300,260.00,"78,000.00"
2019-05-07,2019050701007388,SHPC,34,39,15,261.00,"3,915.00"
2019-05-07,2019050701007403,SIC,32,32,47,"1,376.00","64,672.00"
2019-05-07,2019050701007399,SIC,32,35,100,"1,376.00","137,600.00"
2019-05-07,2019050701007155,SIC,32,43,53,"1,376.00","72,928.00"
2019-05-07,2019050701007154,SIC,54,43,50,"1,377.00","68,850.00"
2019-05-07,2019050701007414,SICL,16,55,10,896.00,"8,960.00"
2019-05-07,2019050701007313,SICL,16,29,119,896.00,"106,624.00"
2019-05-07,2019050701007312,SICL,43,29,70,897.00,"62,790.00"
2019-05-07,2019050701007283,SLBSL,18,18,40,610.00,"24,400.00"
2019-05-07,2019050701007085,SLICL,44,6,600,571.00,"342,600.00"
2019-05-07,2019050701007084,SLICL,52,6,100,571.00,"57,100.00"
2019-05-07,2019050701007083,SLICL,38,6,33,571.00,"18,843.00"
2019-05-07,2019050701007066,SLICL,38,6,100,572.00,"57,200.00"
2019-05-07,2019050701007065,SLICL,43,6,47,572.00,"26,884.00"
2019-05-07,2019050701007280,SMFDB,56,5,50,620.00,"31,000.00"
2019-05-07,2019050701007504,SRBL,40,28,500,259.00,"129,500.00"
2019-05-07,2019050701007415,SRBL,34,57,31,258.00,"7,998.00"
2019-05-07,2019050701007356,SRBL,34,16,250,258.00,"64,500.00"
2019-05-07,2019050701007294,SRBL,34,28,400,258.00,"103,200.00"
2019-05-07,2019050701007293,SRBL,43,28,100,258.00,"25,800.00"
2019-05-07,2019050701007240,SRBL,40,28,100,259.00,"25,900.00"
2019-05-07,2019050701007239,SRBL,45,28,500,259.00,"129,500.00"
2019-05-07,2019050701007238,SRBL,42,28,200,259.00,"51,800.00"
2019-05-07,2019050701007460,SWBBL,16,35,157,913.00,"143,341.00"
2019-05-07,2019050701007459,SWBBL,40,35,100,913.00,"91,300.00"
2019-05-07,2019050701007321,SWBBL,44,35,23,913.00,"20,999.00"
2019-05-07,2019050701007327,TRH,50,50,500,245.00,"122,500.00"
2019-05-07,2019050701007486,UPCL,1,39,10,95.00,950.00
2019-05-07,2019050701007467,UPCL,1,54,10,94.00,940.00
2019-05-07,2019050701007449,UPCL,49,41,50,93.00,"4,650.00"
2019-05-07,2019050701007253,UPCL,45,44,50,93.00,"4,650.00"
2019-05-07,2019050701007202,UPCL,45,44,50,93.00,"4,650.00"
2019-05-07,2019050701007131,UPCL,34,44,50,93.00,"4,650.00"
2019-05-07,2019050701007119,UPCL,34,28,450,93.00,"41,850.00"
2019-05-07,2019050701007118,UPCL,59,28,550,93.00,"51,150.00"
2019-05-07,2019050701007092,UPCL,59,28,950,93.00,"88,350.00"
2019-05-07,2019050701007091,UPCL,59,28,50,93.00,"4,650.00"
2019-05-07,2019050701007550,UPPER,34,55,40,236.00,"9,440.00"
2019-05-07,2019050701007549,UPPER,34,5,50,235.00,"11,750.00"
2019-05-07,2019050701007524,UPPER,22,48,50,234.00,"11,700.00"
2019-05-07,2019050701007479,UPPER,22,18,40,234.00,"9,360.00"
2019-05-07,2019050701007343,UPPER,22,36,11,234.00,"2,574.00"
2019-05-07,2019050701007342,UPPER,58,36,29,235.00,"6,815.00"
2019-05-07,2019050701007056,UPPER,6,55,50,236.00,"11,800.00"
2019-05-07,2019050701007055,UPPER,6,55,40,236.00,"9,440.00"
2019-05-07,2019050701007286,UPPER,22,44,40,234.00,"9,360.00"
2019-05-07,2019050701007264,UPPER,22,16,50,234.00,"11,700.00"
2019-05-07,2019050701007176,UPPER,16,45,20,235.00,"4,700.00"
2019-05-07,2019050701007175,UPPER,6,45,60,236.00,"14,160.00"
2019-05-07,2019050701007102,UPPER,6,58,500,236.00,"118,000.00"
2019-05-07,2019050701007087,UPPER,6,16,50,236.00,"11,800.00"
2019-05-07,2019050701007192,VLBS,51,41,99,607.00,"60,093.00"
2019-05-07,2019050701007191,VLBS,21,41,10,608.00,"6,080.00"
2019-05-07,2019050701007190,VLBS,51,41,34,608.00,"20,672.00"
2019-05-07,2019050701007193,VLBS,19,41,50,605.00,"30,250.00"
2019-05-07,2019050701006973,ADBL,58,33,50,387.00,"19,350.00"
2019-05-07,2019050701006617,ADBL,58,33,120,387.00,"46,440.00"
2019-05-07,2019050701006759,AHPC,39,20,708,106.00,"75,048.00"
2019-05-07,2019050701006758,AHPC,53,20,"2,000",106.00,"212,000.00"
2019-05-07,2019050701006757,AHPC,37,20,292,106.00,"30,952.00"
2019-05-07,2019050701006577,AKJCL,48,43,20,79.00,"1,580.00"
2019-05-07,2019050701006961,ALBSL,25,16,10,462.00,"4,620.00"
2019-05-07,2019050701006923,ALICL,6,28,500,448.00,"224,000.00"
2019-05-07,2019050701006989,AMFI,11,49,10,562.00,"5,620.00"
2019-05-07,2019050701006873,AMFI,11,49,10,562.00,"5,620.00"
2019-05-07,2019050701006666,BOKL,34,41,40,283.00,"11,320.00"
2019-05-07,2019050701006665,BOKL,1,41,100,283.00,"28,300.00"
2019-05-07,2019050701006664,BOKL,29,41,271,283.00,"76,693.00"
2019-05-07,2019050701006663,BOKL,22,41,"1,000",283.00,"283,000.00"
2019-05-07,2019050701006662,BOKL,26,41,508,283.00,"143,764.00"
2019-05-07,2019050701007012,BPCL,49,16,33,366.00,"12,078.00"
2019-05-07,2019050701006652,BPCL,10,56,144,365.00,"52,560.00"
2019-05-07,2019050701006651,BPCL,56,56,500,365.00,"182,500.00"
2019-05-07,2019050701006644,BPCL,53,56,178,366.00,"65,148.00"
2019-05-07,2019050701006650,BPCL,56,56,500,365.00,"182,500.00"
2019-05-07,2019050701006649,BPCL,40,56,800,365.00,"292,000.00"
2019-05-07,2019050701006648,BPCL,56,56,500,365.00,"182,500.00"
2019-05-07,2019050701006647,BPCL,38,56,78,365.00,"28,470.00"
2019-05-07,2019050701006646,BPCL,32,56,100,366.00,"36,600.00"
2019-05-07,2019050701006645,BPCL,41,56,200,366.00,"73,200.00"
2019-05-07,2019050701006729,CBBL,16,19,50,975.00,"48,750.00"
2019-05-07,2019050701006728,CBBL,16,46,300,975.00,"292,500.00"
2019-05-07,2019050701006615,CBBL,58,1,30,976.00,"29,280.00"
2019-05-07,2019050701007044,CBL,38,45,385,152.00,"58,520.00"
2019-05-07,2019050701007043,CBL,52,45,"2,000",152.00,"304,000.00"
2019-05-07,2019050701007042,CBL,39,45,50,152.00,"7,600.00"
2019-05-07,2019050701007041,CBL,38,45,"2,000",152.00,"304,000.00"
2019-05-07,2019050701007040,CBL,7,45,"1,000",152.00,"152,000.00"
2019-05-07,2019050701007039,CBL,22,45,65,152.00,"9,880.00"
2019-05-07,2019050701006692,CBL,45,44,786,154.00,"121,044.00"
2019-05-07,2019050701006698,CBL,48,44,30,154.00,"4,620.00"
2019-05-07,2019050701006697,CBL,41,44,29,154.00,"4,466.00"
2019-05-07,2019050701006696,CBL,1,44,"1,000",154.00,"154,000.00"
2019-05-07,2019050701006695,CBL,1,44,"1,000",154.00,"154,000.00"
2019-05-07,2019050701006694,CBL,48,44,200,154.00,"30,800.00"
2019-05-07,2019050701006693,CBL,46,44,200,154.00,"30,800.00"
2019-05-07,2019050701006704,CBL,6,44,500,153.00,"76,500.00"
2019-05-07,2019050701006703,CBL,37,44,"1,000",153.00,"153,000.00"
2019-05-07,2019050701006702,CBL,38,44,"1,000",153.00,"153,000.00"
2019-05-07,2019050701006701,CBL,26,44,"1,000",153.00,"153,000.00"
2019-05-07,2019050701006700,CBL,29,44,200,153.00,"30,600.00"
2019-05-07,2019050701006699,CBL,14,44,"1,000",153.00,"153,000.00"
2019-05-07,2019050701006710,CBL,45,44,200,153.00,"30,600.00"
2019-05-07,2019050701006709,CBL,48,44,"1,000",153.00,"153,000.00"
2019-05-07,2019050701006708,CBL,34,44,"3,000",153.00,"459,000.00"
2019-05-07,2019050701006707,CBL,48,44,100,153.00,"15,300.00"
2019-05-07,2019050701006706,CBL,32,44,"1,000",153.00,"153,000.00"
2019-05-07,2019050701006705,CBL,41,44,500,153.00,"76,500.00"
2019-05-07,2019050701006997,CBL,58,45,370,153.00,"56,610.00"
2019-05-07,2019050701006939,CBL,21,45,750,153.00,"114,750.00"
2019-05-07,2019050701006908,CBL,37,45,"1,845",153.00,"282,285.00"
2019-05-07,2019050701006844,CBL,37,32,155,153.00,"23,715.00"
2019-05-07,2019050701006843,CBL,33,32,45,153.00,"6,885.00"
2019-05-07,2019050701006711,CBL,33,44,255,153.00,"39,015.00"
2019-05-07,2019050701007038,CBL,42,45,"1,000",152.00,"152,000.00"
2019-05-07,2019050701007037,CBL,40,45,500,152.00,"76,000.00"
2019-05-07,2019050701007036,CBL,48,45,"1,400",152.00,"212,800.00"
2019-05-07,2019050701007035,CBL,52,45,100,152.00,"15,200.00"
2019-05-07,2019050701007034,CBL,56,45,"1,000",152.00,"152,000.00"
2019-05-07,2019050701007033,CBL,6,45,500,152.00,"76,000.00"
2019-05-07,2019050701006991,CCBL,34,45,427,177.00,"75,579.00"
2019-05-07,2019050701006990,CCBL,16,45,358,177.00,"63,366.00"
2019-05-07,2019050701006979,CCBL,16,16,39,177.00,"6,903.00"
2019-05-07,2019050701006856,CCBL,16,32,103,177.00,"18,231.00"
2019-05-07,2019050701006855,CCBL,52,32,97,177.00,"17,169.00"
2019-05-07,2019050701006807,CCBL,52,1,203,177.00,"35,931.00"
2019-05-07,2019050701006806,CCBL,52,1,468,177.00,"82,836.00"
2019-05-07,2019050701006680,CCBL,52,34,"1,000",177.00,"177,000.00"
2019-05-07,2019050701006675,CCBL,59,59,"1,500",178.00,"267,000.00"
2019-05-07,2019050701006674,CCBL,49,59,300,178.00,"53,400.00"
2019-05-07,2019050701006673,CCBL,38,59,330,178.00,"58,740.00"
2019-05-07,2019050701006672,CCBL,16,59,144,178.00,"25,632.00"
2019-05-07,2019050701006624,CHCL,56,58,40,532.00,"21,280.00"
2019-05-07,2019050701007020,CHLBS,22,45,10,483.00,"4,830.00"
2019-05-07,2019050701006616,CIT,45,37,40,"2,610.00","104,400.00"
2019-05-07,2019050701007027,CZBIL,43,21,37,228.00,"8,436.00"
2019-05-07,2019050701006874,CZBIL,43,32,200,228.00,"45,600.00"
2019-05-07,2019050701006795,DBBL,26,51,100,135.00,"13,500.00"
2019-05-07,2019050701006820,DDBL,41,10,168,730.00,"122,640.00"
2019-05-07,2019050701006819,DDBL,38,10,50,730.00,"36,500.00"
2019-05-07,2019050701006818,DDBL,14,10,200,732.00,"146,400.00"
2019-05-07,2019050701006817,DDBL,43,10,500,733.00,"366,500.00"
2019-05-07,2019050701006816,DDBL,5,10,50,733.00,"36,650.00"
2019-05-07,2019050701006815,DDBL,42,10,20,734.00,"14,680.00"
2019-05-07,2019050701006814,DDBL,48,10,81,734.00,"59,454.00"
2019-05-07,2019050701006756,DDBL,48,32,59,734.00,"43,306.00"
2019-05-07,2019050701006755,DDBL,34,32,41,734.00,"30,094.00"
2019-05-07,2019050701006610,DDBL,34,7,459,734.00,"336,906.00"
2019-05-07,2019050701006609,DDBL,22,7,100,734.00,"73,400.00"
2019-05-07,2019050701006608,DDBL,26,7,41,735.00,"30,135.00"
2019-05-07,2019050701006876,EBL,45,58,500,667.00,"333,500.00"
2019-05-07,2019050701006810,EBL,45,52,185,667.00,"123,395.00"
2019-05-07,2019050701006809,EBL,6,52,55,668.00,"36,740.00"
2019-05-07,2019050701006659,EBL,6,5,445,668.00,"297,260.00"
2019-05-07,2019050701006611,EBL,40,11,100,670.00,"67,000.00"
2019-05-07,2019050701006978,EIC,16,43,50,436.00,"21,800.00"
2019-05-07,2019050701006591,EIC,47,49,100,435.00,"43,500.00"
2019-05-07,2019050701006590,EIC,56,49,200,435.00,"87,000.00"
2019-05-07,2019050701006589,EIC,26,49,500,435.00,"217,500.00"
2019-05-07,2019050701006588,EIC,51,49,200,436.00,"87,200.00"
2019-05-07,2019050701006587,EIC,17,49,70,436.00,"30,520.00"
2019-05-07,2019050701007015,FMDBL,57,21,50,423.00,"21,150.00"
2019-05-07,2019050701006921,FMDBL,57,49,30,423.00,"12,690.00"
2019-05-07,2019050701006886,FMDBL,16,52,45,424.00,"19,080.00"
2019-05-07,2019050701006797,FMDBL,57,21,50,423.00,"21,150.00"
2019-05-07,2019050701006688,FMDBL,51,6,150,422.00,"63,300.00"
2019-05-07,2019050701006687,FMDBL,8,6,50,423.00,"21,150.00"
2019-05-07,2019050701006947,FOWAD,29,14,46,"1,555.00","71,530.00"
2019-05-07,2019050701006626,GBBL,16,1,576,223.00,"128,448.00"
