Date,Transact. No.,Symbol,Buyer,Seller,Quantity,Rate,Amount
2019-11-26,2019112601003670,ADBL,55,39,86,405.00,"34,830.00"
2019-11-26,2019112601003669,ADBL,53,39,195,405.00,"78,975.00"
2019-11-26,2019112601003638,ADBL,53,18,247,405.00,"100,035.00"
2019-11-26,2019112601003533,ADBL,20,18,233,405.00,"94,365.00"
2019-11-26,2019112601003522,ADBL,20,44,267,405.00,"108,135.00"
2019-11-26,2019112601003521,ADBL,26,44,200,405.00,"81,000.00"
2019-11-26,2019112601003447,ADBL,48,44,140,404.00,"56,560.00"
2019-11-26,2019112601003446,ADBL,45,44,100,404.00,"40,400.00"
2019-11-26,2019112601003445,ADBL,39,44,200,404.00,"80,800.00"
2019-11-26,2019112601003444,ADBL,42,44,50,404.00,"20,200.00"
2019-11-26,2019112601003443,ADBL,42,44,10,404.00,"4,040.00"
2019-11-26,2019112601003442,ADBL,57,44,500,404.00,"202,000.00"
2019-11-26,2019112601003517,AHPC,13,43,514,92.00,"47,288.00"
2019-11-26,2019112601003801,AKBSL,43,57,10,432.00,"4,320.00"
2019-11-26,2019112601003790,AKBSL,43,1,10,429.00,"4,290.00"
2019-11-26,2019112601003535,AKBSL,48,36,10,423.00,"4,230.00"
2019-11-26,2019112601003490,AKBSL,48,58,12,423.00,"5,076.00"
2019-11-26,2019112601003449,AKBSL,40,40,10,424.00,"4,240.00"
2019-11-26,2019112601003438,AKBSL,48,45,10,423.00,"4,230.00"
2019-11-26,2019112601003437,AKBSL,16,45,30,423.00,"12,690.00"
2019-11-26,2019112601003436,AKBSL,56,45,10,425.00,"4,250.00"
2019-11-26,2019112601003417,AKBSL,56,45,40,425.00,"17,000.00"
2019-11-26,2019112601003770,AKPL,4,44,100,112.00,"11,200.00"
2019-11-26,2019112601003769,AKPL,36,44,277,112.00,"31,024.00"
2019-11-26,2019112601003440,AKPL,36,37,200,112.00,"22,400.00"
2019-11-26,2019112601003605,ALBSL,48,44,10,389.00,"3,890.00"
2019-11-26,2019112601003771,ALICL,5,34,20,311.00,"6,220.00"
2019-11-26,2019112601003723,ALICL,49,49,94,310.00,"29,140.00"
2019-11-26,2019112601003530,ALICL,16,34,100,311.00,"31,100.00"
2019-11-26,2019112601003393,ALICL,25,34,50,311.00,"15,550.00"
2019-11-26,2019112601003787,API,47,38,"4,890",100.00,"489,000.00"
2019-11-26,2019112601003763,API,49,38,"1,000",101.00,"101,000.00"
2019-11-26,2019112601003748,API,38,38,10,101.00,"1,010.00"
2019-11-26,2019112601003683,API,25,51,20,103.00,"2,060.00"
2019-11-26,2019112601003682,API,25,40,990,102.00,"100,980.00"
2019-11-26,2019112601003681,API,25,29,260,101.00,"26,260.00"
2019-11-26,2019112601003672,API,52,38,100,101.00,"10,100.00"
2019-11-26,2019112601003660,API,47,38,350,100.00,"35,000.00"
2019-11-26,2019112601003411,API,43,38,200,101.00,"20,200.00"
2019-11-26,2019112601003368,API,53,38,800,101.00,"80,800.00"
2019-11-26,2019112601003345,BBC,18,19,20,"1,391.00","27,820.00"
2019-11-26,2019112601003804,BOKL,42,38,10,215.00,"2,150.00"
2019-11-26,2019112601003792,BOKL,37,5,"2,000",214.00,"428,000.00"
2019-11-26,2019112601003735,BOKL,25,5,"1,500",214.00,"321,000.00"
2019-11-26,2019112601003734,BOKL,13,5,89,214.00,"19,046.00"
2019-11-26,2019112601003733,BOKL,37,5,"1,000",214.00,"214,000.00"
2019-11-26,2019112601003732,BOKL,1,5,308,214.00,"65,912.00"
2019-11-26,2019112601003662,BOKL,48,38,300,215.00,"64,500.00"
2019-11-26,2019112601003422,BOKL,1,44,192,214.00,"41,088.00"
2019-11-26,2019112601003421,BOKL,37,44,195,214.00,"41,730.00"
2019-11-26,2019112601003693,CBBL,34,34,7,961.00,"6,727.00"
2019-11-26,2019112601003635,CBBL,34,34,50,980.00,"49,000.00"
2019-11-26,2019112601003614,CBBL,6,45,731,973.00,"711,263.00"
2019-11-26,2019112601003613,CBBL,42,45,10,974.00,"9,740.00"
2019-11-26,2019112601003612,CBBL,58,45,100,976.00,"97,600.00"
2019-11-26,2019112601003611,CBBL,25,45,50,977.00,"48,850.00"
2019-11-26,2019112601003610,CBBL,43,45,500,977.00,"488,500.00"
2019-11-26,2019112601003609,CBBL,59,45,50,977.00,"48,850.00"
2019-11-26,2019112601003608,CBBL,51,45,59,978.00,"57,702.00"
2019-11-26,2019112601003526,CBBL,51,10,41,978.00,"40,098.00"
2019-11-26,2019112601003525,CBBL,17,10,10,978.00,"9,780.00"
2019-11-26,2019112601003512,CBL,32,54,25,136.00,"3,400.00"
2019-11-26,2019112601003511,CBL,32,37,"1,850",136.00,"251,600.00"
2019-11-26,2019112601003510,CBL,32,32,314,136.00,"42,704.00"
2019-11-26,2019112601003509,CBL,32,44,"1,022",136.00,"138,992.00"
2019-11-26,2019112601003395,CBL,44,44,"1,309",135.00,"176,715.00"
2019-11-26,2019112601003492,CCBL,20,18,667,158.00,"105,386.00"
2019-11-26,2019112601003456,CCBL,32,18,"3,850",158.00,"608,300.00"
2019-11-26,2019112601003455,CCBL,32,18,"3,400",158.00,"537,200.00"
2019-11-26,2019112601003402,CCBL,34,44,126,157.00,"19,782.00"
2019-11-26,2019112601003639,CFCL,1,49,19,108.00,"2,052.00"
2019-11-26,2019112601003764,CHCL,6,56,"1,000",357.00,"357,000.00"
2019-11-26,2019112601003688,CHCL,6,29,500,355.00,"177,500.00"
2019-11-26,2019112601003656,CHCL,35,4,48,354.00,"16,992.00"
2019-11-26,2019112601003453,CHCL,4,26,970,353.00,"342,410.00"
2019-11-26,2019112601003372,CHCL,40,29,400,354.00,"141,600.00"
2019-11-26,2019112601003496,CHL,34,41,189,80.00,"15,120.00"
2019-11-26,2019112601003643,CIT,32,10,14,"1,691.00","23,674.00"
2019-11-26,2019112601003642,CIT,35,10,11,"1,692.00","18,612.00"
2019-11-26,2019112601003724,CLBSL,50,35,10,446.00,"4,460.00"
2019-11-26,2019112601003561,CLBSL,7,6,32,439.00,"14,048.00"
2019-11-26,2019112601003716,CZBIL,38,6,114,180.00,"20,520.00"
2019-11-26,2019112601003715,CZBIL,54,6,20,180.00,"3,600.00"
2019-11-26,2019112601003714,CZBIL,1,6,100,180.00,"18,000.00"
2019-11-26,2019112601003559,CZBIL,43,18,296,180.00,"53,280.00"
2019-11-26,2019112601003558,CZBIL,58,18,100,180.00,"18,000.00"
2019-11-26,2019112601003557,CZBIL,6,18,50,180.00,"9,000.00"
2019-11-26,2019112601003427,CZBIL,29,44,100,180.00,"18,000.00"
2019-11-26,2019112601003426,CZBIL,28,44,"1,417",180.00,"255,060.00"
2019-11-26,2019112601003409,CZBIL,28,44,356,180.00,"64,080.00"
2019-11-26,2019112601003356,CZBIL,35,18,20,181.00,"3,620.00"
2019-11-26,2019112601003556,CZBIL,13,18,757,180.00,"136,260.00"
2019-11-26,2019112601003432,CZBIL,13,44,243,180.00,"43,740.00"
2019-11-26,2019112601003431,CZBIL,25,44,200,180.00,"36,000.00"
2019-11-26,2019112601003430,CZBIL,1,44,350,180.00,"63,000.00"
2019-11-26,2019112601003429,CZBIL,14,44,200,180.00,"36,000.00"
2019-11-26,2019112601003428,CZBIL,38,44,80,180.00,"14,400.00"
2019-11-26,2019112601003774,DBBL,56,57,100,121.00,"12,100.00"
2019-11-26,2019112601003746,DBBL,56,57,15,121.00,"1,815.00"
2019-11-26,2019112601003745,DBBL,56,38,85,121.00,"10,285.00"
2019-11-26,2019112601003731,DBBL,29,44,200,120.00,"24,000.00"
2019-11-26,2019112601003358,DDBL,47,19,91,719.00,"65,429.00"
2019-11-26,2019112601003554,EBL,39,17,10,540.00,"5,400.00"
2019-11-26,2019112601003553,EBL,39,39,100,538.00,"53,800.00"
2019-11-26,2019112601003474,EBL,44,4,174,535.00,"93,090.00"
2019-11-26,2019112601003473,EBL,47,4,100,536.00,"53,600.00"
2019-11-26,2019112601003472,EBL,57,4,130,536.00,"69,680.00"
2019-11-26,2019112601003471,EBL,56,4,200,536.00,"107,200.00"
2019-11-26,2019112601003470,EBL,34,4,14,536.00,"7,504.00"
2019-11-26,2019112601003454,EBL,34,44,248,536.00,"132,928.00"
2019-11-26,2019112601003434,EBL,34,4,238,536.00,"127,568.00"
2019-11-26,2019112601003433,EBL,45,4,662,536.00,"354,832.00"
2019-11-26,2019112601003400,EBL,45,4,338,536.00,"181,168.00"
2019-11-26,2019112601003342,EDBL,50,47,200,279.00,"55,800.00"
2019-11-26,2019112601003658,EIC,33,5,100,211.00,"21,100.00"
2019-11-26,2019112601003649,EIC,42,41,50,209.00,"10,450.00"
2019-11-26,2019112601003648,EIC,14,41,200,209.00,"41,800.00"
2019-11-26,2019112601003355,EIC,57,38,200,210.00,"42,000.00"
2019-11-26,2019112601003354,EIC,11,38,76,210.00,"15,960.00"
2019-11-26,2019112601003686,FMDBL,29,1,790,300.00,"237,000.00"
2019-11-26,2019112601003685,FMDBL,28,1,150,300.00,"45,000.00"
2019-11-26,2019112601003684,FMDBL,41,1,60,300.00,"18,000.00"
2019-11-26,2019112601003665,FOWAD,45,33,39,"1,320.00","51,480.00"
2019-11-26,2019112601003566,FOWAD,26,47,30,"1,322.00","39,660.00"
2019-11-26,2019112601003401,GFCL,43,37,"1,351",128.00,"172,928.00"
2019-11-26,2019112601003351,GGBSL,48,6,10,632.00,"6,320.00"
2019-11-26,2019112601003347,GGBSL,48,6,10,632.00,"6,320.00"
2019-11-26,2019112601003791,GILB,7,5,10,726.00,"7,260.00"
2019-11-26,2019112601003796,GLICL,25,57,10,350.00,"3,500.00"
2019-11-26,2019112601003813,HBL,4,57,45,470.00,"21,150.00"
2019-11-26,2019112601003812,HBL,4,57,200,470.00,"94,000.00"
2019-11-26,2019112601003811,HBL,42,57,500,470.00,"235,000.00"
2019-11-26,2019112601003810,HBL,41,57,100,470.00,"47,000.00"
2019-11-26,2019112601003809,HBL,25,57,20,470.00,"9,400.00"
2019-11-26,2019112601003808,HBL,4,57,40,470.00,"18,800.00"
2019-11-26,2019112601003807,HBL,37,57,100,471.00,"47,100.00"
2019-11-26,2019112601003806,HBL,45,57,10,471.00,"4,710.00"
2019-11-26,2019112601003425,HBL,41,39,70,475.00,"33,250.00"
2019-11-26,2019112601003424,HBL,36,39,30,475.00,"14,250.00"
2019-11-26,2019112601003666,HDL,58,50,50,"1,750.00","87,500.00"
2019-11-26,2019112601003663,HDL,58,45,20,"1,750.00","35,000.00"
2019-11-26,2019112601003641,HDL,58,33,100,"1,750.00","175,000.00"
2019-11-26,2019112601003598,HDL,58,22,200,"1,750.00","350,000.00"
2019-11-26,2019112601003534,HDL,58,53,200,"1,750.00","350,000.00"
2019-11-26,2019112601003452,HDL,11,33,180,"1,755.00","315,900.00"
2019-11-26,2019112601003392,HDL,42,33,20,"1,755.00","35,100.00"
2019-11-26,2019112601003502,HGI,19,4,50,237.00,"11,850.00"
2019-11-26,2019112601003730,HIDCL,29,45,50,133.00,"6,650.00"
2019-11-26,2019112601003726,HIDCL,36,45,284,133.00,"37,772.00"
2019-11-26,2019112601003370,HIDCL,44,44,5,131.00,655.00
2019-11-26,2019112601003377,HURJA,43,26,30,98.00,"2,940.00"
2019-11-26,2019112601003410,ILBS,14,14,10,469.00,"4,690.00"
2019-11-26,2019112601003814,JBBL,43,13,10,159.00,"1,590.00"
2019-11-26,2019112601003497,JBBL,49,44,154,156.00,"24,024.00"
2019-11-26,2019112601003373,JBBL,39,13,"1,000",157.00,"157,000.00"
2019-11-26,2019112601003385,JFL,40,49,26,188.00,"4,888.00"
2019-11-26,2019112601003384,JFL,25,49,500,188.00,"94,000.00"
2019-11-26,2019112601003383,JFL,34,49,100,188.00,"18,800.00"
2019-11-26,2019112601003382,JFL,3,49,200,189.00,"37,800.00"
2019-11-26,2019112601003381,JFL,58,49,26,189.00,"4,914.00"
2019-11-26,2019112601003380,JFL,40,49,100,189.00,"18,900.00"
2019-11-26,2019112601003379,JFL,38,49,50,189.00,"9,450.00"
2019-11-26,2019112601003378,JFL,21,49,90,190.00,"17,100.00"
2019-11-26,2019112601003838,JSLBB,18,40,10,"1,140.00","11,400.00"
2019-11-26,2019112601003802,JSLBB,18,22,20,"1,120.00","22,400.00"
2019-11-26,2019112601003788,JSLBB,18,22,40,"1,120.00","44,800.00"
2019-11-26,2019112601003701,JSLBB,18,7,100,"1,135.00","113,500.00"
2019-11-26,2019112601003700,JSLBB,18,29,10,"1,134.00","11,340.00"
2019-11-26,2019112601003778,KBL,37,29,184,179.00,"32,936.00"
2019-11-26,2019112601003777,KBL,37,38,13,179.00,"2,327.00"
2019-11-26,2019112601003667,KBL,28,38,21,179.00,"3,759.00"
2019-11-26,2019112601003637,KBL,58,38,10,179.00,"1,790.00"
2019-11-26,2019112601003582,KBL,37,52,950,177.00,"168,150.00"
2019-11-26,2019112601003829,KPCL,56,59,50,79.00,"3,950.00"
2019-11-26,2019112601003828,KPCL,56,59,10,79.00,790.00
2019-11-26,2019112601003604,KPCL,34,59,70,78.00,"5,460.00"
2019-11-26,2019112601003550,KPCL,46,59,200,78.00,"15,600.00"
2019-11-26,2019112601003603,KSBBL,11,26,11,133.00,"1,463.00"
2019-11-26,2019112601003657,LGIL,17,17,201,300.00,"60,300.00"
2019-11-26,2019112601003699,LICN,25,34,10,915.00,"9,150.00"
2019-11-26,2019112601003698,LICN,25,32,28,914.00,"25,592.00"
2019-11-26,2019112601003744,LLBS,18,34,10,683.00,"6,830.00"
2019-11-26,2019112601003459,LLBS,10,7,66,670.00,"44,220.00"
2019-11-26,2019112601003394,LLBS,10,39,81,670.00,"54,270.00"
2019-11-26,2019112601003376,LLBS,10,39,110,670.00,"73,700.00"
2019-11-26,2019112601003375,LLBS,25,39,10,670.00,"6,700.00"
2019-11-26,2019112601003367,LLBS,4,51,2,678.00,"1,356.00"
2019-11-26,2019112601003366,LLBS,40,51,61,678.00,"41,358.00"
2019-11-26,2019112601003365,LLBS,40,4,11,677.00,"7,447.00"
2019-11-26,2019112601003837,MBL,14,13,47,214.00,"10,058.00"
2019-11-26,2019112601003629,MBL,33,13,133,215.00,"28,595.00"
2019-11-26,2019112601003628,MBL,33,28,367,215.00,"78,905.00"
2019-11-26,2019112601003594,MBL,35,28,20,215.00,"4,300.00"
2019-11-26,2019112601003479,MBL,14,28,24,215.00,"5,160.00"
2019-11-26,2019112601003478,MBL,13,28,89,215.00,"19,135.00"
2019-11-26,2019112601003753,MEGA,43,55,10,183.00,"1,830.00"
2019-11-26,2019112601003752,MEGA,43,13,79,182.00,"14,378.00"
2019-11-26,2019112601003344,MEGA,57,38,381,180.00,"68,580.00"
2019-11-26,2019112601003343,MEGA,57,38,619,180.00,"111,420.00"
2019-11-26,2019112601003388,MEGA,13,37,105,180.00,"18,900.00"
2019-11-26,2019112601003364,MEGA,13,49,481,180.00,"86,580.00"
2019-11-26,2019112601003363,MEGA,57,49,19,180.00,"3,420.00"
2019-11-26,2019112601003413,MEGA,52,18,100,180.00,"18,000.00"
2019-11-26,2019112601003412,MEGA,13,18,152,180.00,"27,360.00"
2019-11-26,2019112601003391,MEGA,13,44,262,180.00,"47,160.00"
2019-11-26,2019112601003416,MEGA,1,18,198,180.00,"35,640.00"
2019-11-26,2019112601003415,MEGA,19,18,200,180.00,"36,000.00"
2019-11-26,2019112601003414,MEGA,42,18,190,180.00,"34,200.00"
2019-11-26,2019112601003560,MERO,37,33,17,407.00,"6,919.00"
2019-11-26,2019112601003712,MFIL,43,35,250,127.00,"31,750.00"
2019-11-26,2019112601003711,MFIL,43,59,380,127.00,"48,260.00"
2019-11-26,2019112601003668,MHNL,45,44,40,75.00,"3,000.00"
2019-11-26,2019112601003406,MLBL,33,52,500,170.00,"85,000.00"
2019-11-26,2019112601003360,MLBL,49,34,772,169.00,"130,468.00"
2019-11-26,2019112601003785,MNBBL,40,38,20,310.00,"6,200.00"
2019-11-26,2019112601003489,MNBBL,49,17,"1,000",309.00,"309,000.00"
2019-11-26,2019112601003488,MNBBL,3,17,200,309.00,"61,800.00"
2019-11-26,2019112601003487,MNBBL,35,17,100,309.00,"30,900.00"
2019-11-26,2019112601003793,MPFL,32,56,10,100.00,"1,000.00"
2019-11-26,2019112601003387,MSMBS,5,29,50,452.00,"22,600.00"
2019-11-26,2019112601003794,NABIL,34,1,100,730.00,"73,000.00"
2019-11-26,2019112601003781,NABIL,42,8,20,732.00,"14,640.00"
2019-11-26,2019112601003687,NABIL,45,8,220,732.00,"161,040.00"
2019-11-26,2019112601003593,NABIL,34,44,184,730.00,"134,320.00"
2019-11-26,2019112601003592,NABIL,34,44,180,730.00,"131,400.00"
2019-11-26,2019112601003591,NABIL,40,44,300,730.00,"219,000.00"
2019-11-26,2019112601003575,NABIL,41,6,234,731.00,"171,054.00"
2019-11-26,2019112601003574,NABIL,14,6,25,731.00,"18,275.00"
2019-11-26,2019112601003573,NABIL,26,6,20,731.00,"14,620.00"
2019-11-26,2019112601003590,NABIL,34,44,90,730.00,"65,700.00"
2019-11-26,2019112601003589,NABIL,33,44,246,730.00,"179,580.00"
2019-11-26,2019112601003579,NABIL,33,6,254,730.00,"185,420.00"
2019-11-26,2019112601003578,NABIL,34,6,245,730.00,"178,850.00"
2019-11-26,2019112601003577,NABIL,45,6,50,730.00,"36,500.00"
2019-11-26,2019112601003576,NABIL,41,6,172,730.00,"125,560.00"
2019-11-26,2019112601003551,NADEP,44,44,10,383.00,"3,830.00"
2019-11-26,2019112601003743,NBB,17,34,200,200.00,"40,000.00"
2019-11-26,2019112601003568,NBB,17,54,360,200.00,"72,000.00"
2019-11-26,2019112601003567,NBB,55,54,796,200.00,"159,200.00"
2019-11-26,2019112601003832,NBL,28,34,750,312.00,"234,000.00"
2019-11-26,2019112601003831,NBL,34,34,150,312.00,"46,800.00"
2019-11-26,2019112601003830,NBL,59,34,100,312.00,"31,200.00"
2019-11-26,2019112601003740,NBL,10,34,100,313.00,"31,300.00"
2019-11-26,2019112601003739,NBL,10,34,100,313.00,"31,300.00"
2019-11-26,2019112601003738,NBL,10,34,100,313.00,"31,300.00"
2019-11-26,2019112601003737,NBL,10,16,"1,140",313.00,"356,820.00"
2019-11-26,2019112601003736,NBL,10,16,880,313.00,"275,440.00"
2019-11-26,2019112601003600,NBL,6,16,20,313.00,"6,260.00"
2019-11-26,2019112601003585,NBL,8,44,"1,000",312.00,"312,000.00"
2019-11-26,2019112601003418,NBL,43,16,100,313.00,"31,300.00"
2019-11-26,2019112601003841,NCCB,32,39,"1,158",198.00,"229,284.00"
2019-11-26,2019112601003803,NCCB,8,47,10,199.00,"1,990.00"
2019-11-26,2019112601003772,NCCB,8,47,10,199.00,"1,990.00"
2019-11-26,2019112601003636,NCCB,55,28,200,198.00,"39,600.00"
2019-11-26,2019112601003451,NCCB,45,28,120,198.00,"23,760.00"
2019-11-26,2019112601003450,NCCB,32,28,176,198.00,"34,848.00"
2019-11-26,2019112601003390,NCCB,32,42,200,198.00,"39,600.00"
2019-11-26,2019112601003677,NHPC,55,56,50,52.00,"2,600.00"
2019-11-26,2019112601003462,NHPC,46,44,910,51.00,"46,410.00"
2019-11-26,2019112601003461,NHPC,17,44,100,51.00,"5,100.00"
2019-11-26,2019112601003762,NIB,35,52,38,418.00,"15,884.00"
2019-11-26,2019112601003761,NIB,35,16,12,417.00,"5,004.00"
2019-11-26,2019112601003640,NIB,44,44,7,408.00,"2,856.00"
2019-11-26,2019112601003346,NIB,19,34,50,416.00,"20,800.00"
2019-11-26,2019112601003768,NIBPO,43,11,268,384.00,"102,912.00"
2019-11-26,2019112601003767,NIBPO,14,11,32,385.00,"12,320.00"
2019-11-26,2019112601003766,NIBPO,13,11,50,385.00,"19,250.00"
2019-11-26,2019112601003504,NIBSF1,26,49,500,8.30,"4,150.00"
2019-11-26,2019112601003503,NIBSF1,20,49,"2,000",8.35,"16,700.00"
2019-11-26,2019112601003599,NICA,46,49,200,406.00,"81,200.00"
2019-11-26,2019112601003597,NICA,39,43,20,405.00,"8,100.00"
2019-11-26,2019112601003361,NICA,35,17,300,405.00,"121,500.00"
2019-11-26,2019112601003827,NICL,13,1,50,242.00,"12,100.00"
2019-11-26,2019112601003779,NIL,39,44,10,375.00,"3,750.00"
2019-11-26,2019112601003760,NIL,25,37,80,372.00,"29,760.00"
2019-11-26,2019112601003717,NLG,25,6,10,497.00,"4,970.00"
2019-11-26,2019112601003481,NLG,1,43,47,488.00,"22,936.00"
2019-11-26,2019112601003680,NLIC,5,44,50,786.00,"39,300.00"
2019-11-26,2019112601003664,NLIC,4,4,"2,000",789.00,"1,578,000.00"
2019-11-26,2019112601003466,NLIC,4,21,200,790.00,"158,000.00"
2019-11-26,2019112601003465,NLIC,4,29,50,790.00,"39,500.00"
2019-11-26,2019112601003464,NLIC,4,44,100,790.00,"79,000.00"
2019-11-26,2019112601003463,NLIC,4,8,75,788.00,"59,100.00"
2019-11-26,2019112601003765,NLICL,43,52,10,418.00,"4,180.00"
2019-11-26,2019112601003721,NLICL,45,34,133,414.00,"55,062.00"
2019-11-26,2019112601003720,NLICL,26,34,30,414.00,"12,420.00"
2019-11-26,2019112601003507,NLICL,6,34,518,415.00,"214,970.00"
2019-11-26,2019112601003468,NLICL,6,26,283,415.00,"117,445.00"
2019-11-26,2019112601003457,NLICL,6,35,199,415.00,"82,585.00"
2019-11-26,2019112601003840,NMB,49,53,10,380.00,"3,800.00"
2019-11-26,2019112601003697,NMB,57,35,10,378.00,"3,780.00"
2019-11-26,2019112601003692,NMB,57,44,121,378.00,"45,738.00"
2019-11-26,2019112601003691,NMB,29,44,100,378.00,"37,800.00"
2019-11-26,2019112601003690,NMB,11,44,95,378.00,"35,910.00"
2019-11-26,2019112601003671,NMB,33,53,30,380.00,"11,400.00"
2019-11-26,2019112601003493,NMB,33,36,100,380.00,"38,000.00"
2019-11-26,2019112601003352,NMB,43,36,100,380.00,"38,000.00"
2019-11-26,2019112601003537,NMB,25,36,"1,000",379.00,"379,000.00"
2019-11-26,2019112601003536,NMB,45,36,79,379.00,"29,941.00"
2019-11-26,2019112601003520,NMB,38,53,63,380.00,"23,940.00"
2019-11-26,2019112601003515,NMB,17,53,10,380.00,"3,800.00"
2019-11-26,2019112601003501,NMB,57,53,475,380.00,"180,500.00"
2019-11-26,2019112601003500,NMB,57,36,25,380.00,"9,500.00"
2019-11-26,2019112601003543,NMB,58,36,270,379.00,"102,330.00"
2019-11-26,2019112601003542,NMB,58,36,400,379.00,"151,600.00"
2019-11-26,2019112601003541,NMB,39,36,100,379.00,"37,900.00"
2019-11-26,2019112601003540,NMB,39,36,200,379.00,"75,800.00"
2019-11-26,2019112601003539,NMB,13,36,15,379.00,"5,685.00"
2019-11-26,2019112601003538,NMB,3,36,16,379.00,"6,064.00"
2019-11-26,2019112601003549,NMB,28,36,"1,331",379.00,"504,449.00"
2019-11-26,2019112601003548,NMB,52,36,300,379.00,"113,700.00"
2019-11-26,2019112601003547,NMB,29,36,"1,000",379.00,"379,000.00"
2019-11-26,2019112601003546,NMB,52,36,100,379.00,"37,900.00"
2019-11-26,2019112601003545,NMB,37,36,"1,100",379.00,"416,900.00"
2019-11-26,2019112601003544,NMB,58,36,50,379.00,"18,950.00"
2019-11-26,2019112601003631,NMB,44,53,873,380.00,"331,740.00"
2019-11-26,2019112601003630,NMB,44,29,127,379.00,"48,133.00"
2019-11-26,2019112601003616,NMB,20,29,10,379.00,"3,790.00"
2019-11-26,2019112601003596,NMB,33,29,"1,860",379.00,"704,940.00"
2019-11-26,2019112601003570,NMB,8,29,500,379.00,"189,500.00"
2019-11-26,2019112601003569,NMB,28,29,169,379.00,"64,051.00"
2019-11-26,2019112601003647,NMFBS,26,5,10,"1,790.00","17,900.00"
2019-11-26,2019112601003679,NNLB,22,6,40,462.00,"18,480.00"
2019-11-26,2019112601003789,NTC,43,58,10,622.00,"6,220.00"
2019-11-26,2019112601003704,NTC,43,44,700,620.00,"434,000.00"
2019-11-26,2019112601003607,NTC,43,25,10,620.00,"6,200.00"
2019-11-26,2019112601003606,NTC,45,25,40,620.00,"24,800.00"
2019-11-26,2019112601003362,NTC,45,1,10,620.00,"6,200.00"
2019-11-26,2019112601003710,NUBL,45,4,116,880.00,"102,080.00"
2019-11-26,2019112601003709,NUBL,43,4,100,880.00,"88,000.00"
2019-11-26,2019112601003708,NUBL,17,4,10,880.00,"8,800.00"
2019-11-26,2019112601003707,NUBL,43,4,224,881.00,"197,344.00"
2019-11-26,2019112601003706,NUBL,17,4,50,882.00,"44,100.00"
2019-11-26,2019112601003588,NUBL,5,32,12,885.00,"10,620.00"
2019-11-26,2019112601003719,OHL,25,54,117,398.00,"46,566.00"
2019-11-26,2019112601003718,OHL,16,54,15,398.00,"5,970.00"
2019-11-26,2019112601003703,OHL,5,54,200,399.00,"79,800.00"
2019-11-26,2019112601003519,OHL,47,54,50,402.00,"20,100.00"
2019-11-26,2019112601003702,OHL,17,54,30,399.00,"11,970.00"
2019-11-26,2019112601003646,PCBL,25,51,300,273.00,"81,900.00"
2019-11-26,2019112601003516,PCBL,25,43,"1,000",273.00,"273,000.00"
2019-11-26,2019112601003460,PCBL,25,51,200,273.00,"54,600.00"
2019-11-26,2019112601003359,PCBL,6,41,29,272.00,"7,888.00"
2019-11-26,2019112601003349,PCBL,21,54,110,274.00,"30,140.00"
2019-11-26,2019112601003348,PCBL,21,44,765,274.00,"209,610.00"
2019-11-26,2019112601003805,PIC,8,33,16,340.00,"5,440.00"
2019-11-26,2019112601003655,PIC,53,57,47,334.00,"15,698.00"
2019-11-26,2019112601003654,PIC,40,57,50,334.00,"16,700.00"
2019-11-26,2019112601003653,PIC,32,57,20,335.00,"6,700.00"
2019-11-26,2019112601003652,PIC,26,57,173,335.00,"57,955.00"
2019-11-26,2019112601003651,PIC,49,57,50,335.00,"16,750.00"
2019-11-26,2019112601003725,PICL,6,21,36,367.00,"13,212.00"
2019-11-26,2019112601003722,PPCL,35,58,20,101.00,"2,020.00"
2019-11-26,2019112601003694,PPCL,1,44,30,100.00,"3,000.00"
2019-11-26,2019112601003727,PRIN,28,46,45,300.00,"13,500.00"
2019-11-26,2019112601003645,PRIN,44,46,425,301.00,"127,925.00"
2019-11-26,2019112601003644,PRIN,43,46,30,302.00,"9,060.00"
2019-11-26,2019112601003776,PRVU,55,44,237,223.00,"52,851.00"
2019-11-26,2019112601003775,PRVU,55,43,163,223.00,"36,349.00"
2019-11-26,2019112601003773,PRVU,44,43,200,223.00,"44,600.00"
2019-11-26,2019112601003477,PRVU,42,16,120,223.00,"26,760.00"
2019-11-26,2019112601003476,PRVU,42,44,80,223.00,"17,840.00"
2019-11-26,2019112601003408,PRVU,49,49,"13,701",221.00,"3,027,921.00"
2019-11-26,2019112601003399,PRVU,41,44,500,223.00,"111,500.00"
2019-11-26,2019112601003618,PRVU,36,5,"1,000",223.00,"223,000.00"
2019-11-26,2019112601003617,PRVU,36,16,80,223.00,"17,840.00"
2019-11-26,2019112601003524,PRVU,46,16,100,223.00,"22,300.00"
2019-11-26,2019112601003484,PRVU,35,14,746,222.00,"165,612.00"
2019-11-26,2019112601003483,PRVU,51,14,254,222.00,"56,388.00"
2019-11-26,2019112601003650,PRVU,36,43,"1,674",223.00,"373,302.00"
2019-11-26,2019112601003627,PRVU,36,44,400,223.00,"89,200.00"
2019-11-26,2019112601003621,PRVU,36,28,328,223.00,"73,144.00"
2019-11-26,2019112601003620,PRVU,36,43,956,223.00,"213,188.00"
2019-11-26,2019112601003619,PRVU,36,5,62,223.00,"13,826.00"
2019-11-26,2019112601003583,RBCL,48,6,10,"7,900.00","79,000.00"
2019-11-26,2019112601003552,RBCL,48,44,40,"7,900.00","316,000.00"
2019-11-26,2019112601003523,RBCL,48,6,10,"7,900.00","79,000.00"
2019-11-26,2019112601003441,RBCL,48,28,10,"7,900.00","79,000.00"
2019-11-26,2019112601003419,RBCL,48,6,50,"7,900.00","395,000.00"
2019-11-26,2019112601003518,RBCLPO,45,33,100,"7,075.00","707,500.00"
2019-11-26,2019112601003833,RHPL,1,33,40,162.00,"6,480.00"
2019-11-26,2019112601003786,RHPL,1,44,40,162.00,"6,480.00"
2019-11-26,2019112601003754,RHPL,1,44,"1,000",162.00,"162,000.00"
2019-11-26,2019112601003696,RHPL,1,44,20,162.00,"3,240.00"
2019-11-26,2019112601003678,RHPL,1,44,40,162.00,"6,480.00"
2019-11-26,2019112601003562,RHPL,1,44,40,162.00,"6,480.00"
2019-11-26,2019112601003495,RHPL,1,44,50,162.00,"8,100.00"
2019-11-26,2019112601003398,RHPL,1,3,40,162.00,"6,480.00"
2019-11-26,2019112601003396,RHPL,1,44,40,162.00,"6,480.00"
2019-11-26,2019112601003728,RMDC,28,44,50,571.00,"28,550.00"
2019-11-26,2019112601003661,RSDC,36,44,200,275.00,"55,000.00"
2019-11-26,2019112601003571,RSDC,36,5,43,275.00,"11,825.00"
2019-11-26,2019112601003595,SABSL,47,44,10,465.00,"4,650.00"
2019-11-26,2019112601003485,SABSL,44,44,10,464.00,"4,640.00"
2019-11-26,2019112601003587,SANIMA,46,51,80,304.00,"24,320.00"
2019-11-26,2019112601003586,SANIMA,46,41,120,304.00,"36,480.00"
2019-11-26,2019112601003374,SANIMA,33,1,10,303.00,"3,030.00"
2019-11-26,2019112601003602,SAPDBL,44,58,85,118.00,"10,030.00"
2019-11-26,2019112601003601,SAPDBL,34,58,20,118.00,"2,360.00"
2019-11-26,2019112601003565,SBI,36,8,850,380.00,"323,000.00"
2019-11-26,2019112601003564,SBI,36,47,600,380.00,"228,000.00"
2019-11-26,2019112601003563,SBI,36,47,550,379.00,"208,450.00"
2019-11-26,2019112601003784,SBL,6,26,100,280.00,"28,000.00"
2019-11-26,2019112601003783,SBL,6,21,61,280.00,"17,080.00"
2019-11-26,2019112601003782,SBL,6,36,180,280.00,"50,400.00"
2019-11-26,2019112601003695,SDESI,46,34,23,534.00,"12,282.00"
2019-11-26,2019112601003820,SFFIL,4,7,100,165.00,"16,500.00"
2019-11-26,2019112601003747,SFFIL,4,26,80,166.00,"13,280.00"
2019-11-26,2019112601003508,SFFIL,42,26,40,166.00,"6,640.00"
2019-11-26,2019112601003350,SFFIL,39,7,20,167.00,"3,340.00"
2019-11-26,2019112601003780,SHINE,56,39,20,248.00,"4,960.00"
2019-11-26,2019112601003826,SHIVM,48,52,720,390.00,"280,800.00"
2019-11-26,2019112601003825,SHIVM,45,52,30,391.00,"11,730.00"
2019-11-26,2019112601003758,SHIVM,48,39,190,390.00,"74,100.00"
2019-11-26,2019112601003757,SHIVM,17,39,60,390.00,"23,400.00"
2019-11-26,2019112601003742,SHIVM,17,39,440,390.00,"171,600.00"
2019-11-26,2019112601003741,SHIVM,28,39,60,390.00,"23,400.00"
2019-11-26,2019112601003622,SHIVM,47,39,360,391.00,"140,760.00"
2019-11-26,2019112601003581,SHIVM,47,39,640,391.00,"250,240.00"
2019-11-26,2019112601003580,SHIVM,38,39,60,391.00,"23,460.00"
2019-11-26,2019112601003532,SHIVM,41,39,100,392.00,"39,200.00"
2019-11-26,2019112601003531,SHIVM,45,39,200,392.00,"78,400.00"
2019-11-26,2019112601003357,SHIVM,57,39,20,394.00,"7,880.00"
2019-11-26,2019112601003729,SHIVM,42,39,50,393.00,"19,650.00"
2019-11-26,2019112601003676,SHIVM,28,39,240,390.00,"93,600.00"
2019-11-26,2019112601003675,SHIVM,19,39,100,390.00,"39,000.00"
2019-11-26,2019112601003674,SHIVM,57,39,60,390.00,"23,400.00"
2019-11-26,2019112601003673,SHIVM,5,39,100,391.00,"39,100.00"
2019-11-26,2019112601003623,SHIVM,20,39,20,391.00,"7,820.00"
2019-11-26,2019112601003821,SHL,43,48,250,208.00,"52,000.00"
2019-11-26,2019112601003584,SHPC,41,46,500,180.00,"90,000.00"
2019-11-26,2019112601003751,SIC,8,44,34,420.00,"14,280.00"
2019-11-26,2019112601003750,SIC,6,44,66,420.00,"27,720.00"
2019-11-26,2019112601003749,SIC,48,44,100,421.00,"42,100.00"
2019-11-26,2019112601003529,SICL,44,38,100,738.00,"73,800.00"
2019-11-26,2019112601003528,SICL,44,38,831,738.00,"613,278.00"
2019-11-26,2019112601003491,SICL,6,38,"1,000",738.00,"738,000.00"
2019-11-26,2019112601003404,SICL,28,50,35,737.00,"25,795.00"
2019-11-26,2019112601003403,SIFC,58,17,10,149.00,"1,490.00"
2019-11-26,2019112601003615,SINDU,48,38,19,118.00,"2,242.00"
2019-11-26,2019112601003839,SJCL,38,33,20,153.00,"3,060.00"
2019-11-26,2019112601003835,SJCL,38,44,20,153.00,"3,060.00"
2019-11-26,2019112601003705,SJCL,38,44,10,153.00,"1,530.00"
2019-11-26,2019112601003572,SJCL,38,44,20,153.00,"3,060.00"
2019-11-26,2019112601003353,SJCL,38,3,20,153.00,"3,060.00"
2019-11-26,2019112601003389,SJCL,38,3,20,153.00,"3,060.00"
2019-11-26,2019112601003386,SJCL,38,3,20,153.00,"3,060.00"
2019-11-26,2019112601003369,SJCL,38,3,20,153.00,"3,060.00"
2019-11-26,2019112601003407,SJCL,38,3,20,153.00,"3,060.00"
2019-11-26,2019112601003405,SJCL,38,44,20,153.00,"3,060.00"
2019-11-26,2019112601003397,SJCL,38,3,20,153.00,"3,060.00"
2019-11-26,2019112601003435,SJCL,38,3,20,153.00,"3,060.00"
2019-11-26,2019112601003423,SJCL,38,3,20,153.00,"3,060.00"
2019-11-26,2019112601003420,SJCL,38,3,20,153.00,"3,060.00"
2019-11-26,2019112601003480,SJCL,38,3,20,153.00,"3,060.00"
2019-11-26,2019112601003475,SJCL,38,3,20,153.00,"3,060.00"
2019-11-26,2019112601003469,SJCL,38,3,20,153.00,"3,060.00"
2019-11-26,2019112601003458,SJCL,38,3,20,153.00,"3,060.00"
2019-11-26,2019112601003448,SJCL,38,3,20,153.00,"3,060.00"
2019-11-26,2019112601003439,SJCL,38,3,20,153.00,"3,060.00"
2019-11-26,2019112601003555,SJCL,38,45,80,153.00,"12,240.00"
2019-11-26,2019112601003527,SJCL,38,3,20,153.00,"3,060.00"
2019-11-26,2019112601003514,SJCL,38,3,20,153.00,"3,060.00"
2019-11-26,2019112601003513,SJCL,38,44,20,153.00,"3,060.00"
2019-11-26,2019112601003494,SJCL,38,3,20,153.00,"3,060.00"
2019-11-26,2019112601003486,SJCL,38,3,20,153.00,"3,060.00"
2019-11-26,2019112601003798,SKBBL,20,44,987,901.00,"889,287.00"
2019-11-26,2019112601003797,SKBBL,13,44,13,901.00,"11,713.00"
2019-11-26,2019112601003759,SKBBL,13,44,42,901.00,"37,842.00"
2019-11-26,2019112601003634,SKBBL,28,54,97,902.00,"87,494.00"
2019-11-26,2019112601003633,SKBBL,34,54,20,905.00,"18,100.00"
2019-11-26,2019112601003632,SKBBL,42,54,25,905.00,"22,625.00"
2019-11-26,2019112601003800,SLBBL,54,8,129,630.00,"81,270.00"
2019-11-26,2019112601003799,SLBBL,54,8,150,630.00,"94,500.00"
2019-11-26,2019112601003506,SLBBL,51,8,530,630.00,"333,900.00"
2019-11-26,2019112601003505,SLBBL,51,50,100,630.00,"63,000.00"
2019-11-26,2019112601003467,SLBBL,54,8,171,628.00,"107,388.00"
2019-11-26,2019112601003756,SLBBL,54,45,50,628.00,"31,400.00"
2019-11-26,2019112601003755,SLBBL,6,45,100,629.00,"62,900.00"
2019-11-26,2019112601003713,SLBBL,6,22,100,629.00,"62,900.00"
2019-11-26,2019112601003659,SLBBL,10,8,70,630.00,"44,100.00"
2019-11-26,2019112601003819,SLICL,22,51,85,240.00,"20,400.00"
2019-11-26,2019112601003818,SLICL,32,51,50,240.00,"12,000.00"
2019-11-26,2019112601003817,SLICL,45,51,40,240.00,"9,600.00"
2019-11-26,2019112601003816,SLICL,57,51,100,241.00,"24,100.00"
2019-11-26,2019112601003815,SLICL,17,51,50,241.00,"12,050.00"
2019-11-26,2019112601003824,SMATA,7,45,18,484.00,"8,712.00"
2019-11-26,2019112601003823,SMATA,13,45,10,485.00,"4,850.00"
2019-11-26,2019112601003371,SMB,41,37,10,416.00,"4,160.00"
2019-11-26,2019112601003795,SPARS,50,41,10,508.00,"5,080.00"
2019-11-26,2019112601003689,TRH,48,55,20,267.00,"5,340.00"
2019-11-26,2019112601003499,UFL,40,4,36,171.00,"6,156.00"
2019-11-26,2019112601003498,UFL,40,4,100,171.00,"17,100.00"
2019-11-26,2019112601003836,UIC,47,56,20,222.00,"4,440.00"
2019-11-26,2019112601003482,UPCL,42,34,90,72.00,"6,480.00"
2019-11-26,2019112601003834,UPPER,25,38,50,226.00,"11,300.00"
2019-11-26,2019112601003822,UPPER,49,51,363,225.00,"81,675.00"
2019-11-26,2019112601003624,UPPER,25,48,10,224.00,"2,240.00"
2019-11-26,2019112601003626,UPPER,19,48,290,224.00,"64,960.00"
2019-11-26,2019112601003625,UPPER,1,48,"1,000",224.00,"224,000.00"
2019-11-26,2019112601003277,ADBL,58,18,500,405.00,"202,500.00"
2019-11-26,2019112601003276,ADBL,40,18,80,405.00,"32,400.00"
2019-11-26,2019112601003197,ADBL,22,39,30,407.00,"12,210.00"
2019-11-26,2019112601002928,ADBL,40,54,420,405.00,"170,100.00"
2019-11-26,2019112601002927,ADBL,6,54,450,405.00,"182,250.00"
2019-11-26,2019112601002926,ADBL,4,54,130,405.00,"52,650.00"
2019-11-26,2019112601002931,AHPC,28,4,605,92.00,"55,660.00"
2019-11-26,2019112601002855,AHPC,14,43,270,93.00,"25,110.00"
2019-11-26,2019112601003246,AKBSL,43,44,10,426.00,"4,260.00"
2019-11-26,2019112601003316,AKPL,36,32,10,112.00,"1,120.00"
2019-11-26,2019112601003286,AKPL,36,35,13,112.00,"1,456.00"
2019-11-26,2019112601003070,ALBSL,48,16,10,389.00,"3,890.00"
2019-11-26,2019112601003065,ALBSL,48,44,10,393.00,"3,930.00"
2019-11-26,2019112601003064,ALBSL,48,58,10,392.00,"3,920.00"
2019-11-26,2019112601002944,ALBSL,48,16,10,390.00,"3,900.00"
2019-11-26,2019112601002885,ALBSL,7,16,10,388.00,"3,880.00"
2019-11-26,2019112601002876,ALBSL,7,16,10,388.00,"3,880.00"
2019-11-26,2019112601003301,ALICL,25,33,100,311.00,"31,100.00"
2019-11-26,2019112601003143,ALICL,45,35,50,311.00,"15,550.00"
2019-11-26,2019112601003142,ALICL,50,35,437,311.00,"135,907.00"
2019-11-26,2019112601003063,ALICL,25,41,64,312.00,"19,968.00"
2019-11-26,2019112601002930,ALICL,8,41,200,312.00,"62,400.00"
2019-11-26,2019112601003274,API,4,38,300,101.00,"30,300.00"
2019-11-26,2019112601003273,API,39,38,100,101.00,"10,100.00"
2019-11-26,2019112601003272,API,41,38,100,101.00,"10,100.00"
2019-11-26,2019112601003271,API,7,38,150,101.00,"15,150.00"
2019-11-26,2019112601003067,API,29,40,200,102.00,"20,400.00"
2019-11-26,2019112601003039,API,55,40,500,102.00,"51,000.00"
2019-11-26,2019112601003001,API,25,40,60,102.00,"6,120.00"
2019-11-26,2019112601003029,BOKL,37,13,14,214.00,"2,996.00"
2019-11-26,2019112601002950,BOKL,54,38,48,215.00,"10,320.00"
2019-11-26,2019112601002872,BOKL,37,49,100,214.00,"21,400.00"
2019-11-26,2019112601003304,BPCL,58,36,55,341.00,"18,755.00"
2019-11-26,2019112601003053,BPCL,16,16,3,339.00,"1,017.00"
2019-11-26,2019112601003040,BPCL,16,16,3,339.00,"1,017.00"
2019-11-26,2019112601003019,BPCL,16,16,3,339.00,"1,017.00"
2019-11-26,2019112601003003,BPCL,16,16,3,339.00,"1,017.00"
2019-11-26,2019112601002996,BPCL,16,16,3,339.00,"1,017.00"
2019-11-26,2019112601002992,BPCL,16,16,3,339.00,"1,017.00"
2019-11-26,2019112601003033,CBBL,17,49,40,978.00,"39,120.00"
2019-11-26,2019112601002941,CBBL,1,49,100,978.00,"97,800.00"
2019-11-26,2019112601002901,CBBL,45,49,100,978.00,"97,800.00"
2019-11-26,2019112601002900,CBBL,45,49,100,979.00,"97,900.00"
2019-11-26,2019112601002899,CBBL,17,49,10,980.00,"9,800.00"
2019-11-26,2019112601003186,CCBL,56,18,100,158.00,"15,800.00"
2019-11-26,2019112601002991,CCBL,55,18,500,158.00,"79,000.00"
2019-11-26,2019112601003028,CFCL,1,16,446,108.00,"48,168.00"
2019-11-26,2019112601003027,CFCL,25,16,269,108.00,"29,052.00"
2019-11-26,2019112601003275,CHCL,40,55,500,355.00,"177,500.00"
2019-11-26,2019112601003120,CHCL,4,49,18,353.00,"6,354.00"
2019-11-26,2019112601003119,CHCL,6,49,982,354.00,"347,628.00"
2019-11-26,2019112601002939,CHL,6,41,91,80.00,"7,280.00"
2019-11-26,2019112601002938,CHL,39,41,100,80.00,"8,000.00"
2019-11-26,2019112601003129,CLBSL,38,22,17,438.00,"7,446.00"
2019-11-26,2019112601003264,CZBIL,40,18,500,181.00,"90,500.00"
2019-11-26,2019112601003263,CZBIL,51,18,181,181.00,"32,761.00"
2019-11-26,2019112601003262,CZBIL,47,18,200,181.00,"36,200.00"
2019-11-26,2019112601003261,CZBIL,55,18,300,181.00,"54,300.00"
2019-11-26,2019112601003260,CZBIL,29,18,349,181.00,"63,169.00"
2019-11-26,2019112601003124,CZBIL,45,51,120,182.00,"21,840.00"
2019-11-26,2019112601003123,CZBIL,28,51,10,182.00,"1,820.00"
2019-11-26,2019112601003122,CZBIL,42,51,30,182.00,"5,460.00"
2019-11-26,2019112601003121,CZBIL,52,51,58,182.00,"10,556.00"
2019-11-26,2019112601003209,CZBILP,58,4,"116,654",159.00,"18,547,986.00"
2019-11-26,2019112601003192,CZBILP,4,58,"123,870",159.00,"19,695,330.00"
2019-11-26,2019112601002947,DBBL,29,41,73,120.00,"8,760.00"
2019-11-26,2019112601002946,DBBL,51,41,35,120.00,"4,200.00"
2019-11-26,2019112601002945,DBBL,56,41,50,121.00,"6,050.00"
2019-11-26,2019112601003309,DDBL,47,19,331,720.00,"238,320.00"
2019-11-26,2019112601003191,DDBL,47,16,169,720.00,"121,680.00"
2019-11-26,2019112601003190,DDBL,22,16,10,720.00,"7,200.00"
2019-11-26,2019112601002922,DDBL,6,44,193,719.00,"138,767.00"
2019-11-26,2019112601002861,DDBL,49,44,150,719.00,"107,850.00"
2019-11-26,2019112601003134,DHPL,34,22,11,49.00,539.00
2019-11-26,2019112601003243,EBL,21,1,150,537.00,"80,550.00"
2019-11-26,2019112601003242,EBL,21,4,85,537.00,"45,645.00"
2019-11-26,2019112601003337,EDBL,50,52,100,278.00,"27,800.00"
2019-11-26,2019112601003293,EIC,11,28,24,210.00,"5,040.00"
2019-11-26,2019112601003292,EIC,28,28,76,210.00,"15,960.00"
2019-11-26,2019112601003182,EIC,37,55,50,211.00,"10,550.00"
2019-11-26,2019112601003181,EIC,37,55,150,211.00,"31,650.00"
2019-11-26,2019112601003180,EIC,37,5,100,211.00,"21,100.00"
2019-11-26,2019112601003100,FMDBL,42,47,22,301.00,"6,622.00"
2019-11-26,2019112601003099,FMDBL,36,47,51,301.00,"15,351.00"
2019-11-26,2019112601003189,GBBL,49,16,911,222.00,"202,242.00"
2019-11-26,2019112601003112,GBBL,22,16,30,222.00,"6,660.00"
2019-11-26,2019112601002981,GBBL,35,16,"1,315",222.00,"291,930.00"
2019-11-26,2019112601002980,GBBL,35,32,50,222.00,"11,100.00"
2019-11-26,2019112601003132,GBLBS,56,51,10,288.00,"2,880.00"
2019-11-26,2019112601003125,GBLBS,56,32,15,288.00,"4,320.00"
2019-11-26,2019112601002937,GBLBS,54,58,15,287.00,"4,305.00"
2019-11-26,2019112601003138,GFCL,32,11,"1,755",127.00,"222,885.00"
2019-11-26,2019112601003137,GFCL,43,11,"1,245",128.00,"159,360.00"
2019-11-26,2019112601003128,GFCL,43,11,555,128.00,"71,040.00"
2019-11-26,2019112601003279,GGBSL,48,38,10,632.00,"6,320.00"
2019-11-26,2019112601003266,GGBSL,48,38,10,632.00,"6,320.00"
2019-11-26,2019112601003185,GGBSL,29,42,10,635.00,"6,350.00"
2019-11-26,2019112601003114,GGBSL,48,33,20,632.00,"12,640.00"
2019-11-26,2019112601002988,GILB,22,21,12,720.00,"8,640.00"
2019-11-26,2019112601003104,GLBSL,38,28,10,384.00,"3,840.00"
2019-11-26,2019112601003103,GLBSL,38,44,10,384.00,"3,840.00"
2019-11-26,2019112601003287,GLICL,40,19,26,344.00,"8,944.00"
2019-11-26,2019112601003168,GLICL,40,55,195,344.00,"67,080.00"
2019-11-26,2019112601003167,GLICL,41,55,169,345.00,"58,305.00"
2019-11-26,2019112601002977,GLICL,25,17,10,351.00,"3,510.00"
2019-11-26,2019112601002961,GLICL,41,41,31,345.00,"10,695.00"
2019-11-26,2019112601003118,GRDBL,57,29,955,99.00,"94,545.00"
2019-11-26,2019112601003086,HDL,58,42,50,"1,755.00","87,750.00"
2019-11-26,2019112601003085,HDL,58,49,10,"1,750.00","17,500.00"
2019-11-26,2019112601003084,HDL,58,32,20,"1,745.00","34,900.00"
2019-11-26,2019112601003083,HDL,58,7,10,"1,740.00","17,400.00"
2019-11-26,2019112601003082,HDL,58,26,200,"1,739.00","347,800.00"
2019-11-26,2019112601003076,HDL,17,42,10,"1,737.00","17,370.00"
2019-11-26,2019112601003038,HDL,17,45,10,"1,737.00","17,370.00"
2019-11-26,2019112601003157,HIDCL,39,45,20,133.00,"2,660.00"
2019-11-26,2019112601003052,HIDCL,36,22,31,131.00,"4,061.00"
2019-11-26,2019112601003324,HPPL,44,32,10,133.00,"1,330.00"
2019-11-26,2019112601003323,HPPL,44,43,10,133.00,"1,330.00"
2019-11-26,2019112601003035,HURJA,29,26,200,98.00,"19,600.00"
2019-11-26,2019112601002909,ICFC,11,41,27,155.00,"4,185.00"
2019-11-26,2019112601003131,ILBS,52,35,10,468.00,"4,680.00"
2019-11-26,2019112601003130,ILBS,19,35,10,468.00,"4,680.00"
2019-11-26,2019112601003018,JBBL,39,32,500,159.00,"79,500.00"
2019-11-26,2019112601003017,JBBL,39,13,500,158.00,"79,000.00"
2019-11-26,2019112601003208,JOSHI,49,25,20,56.00,"1,120.00"
2019-11-26,2019112601003204,JOSHI,49,25,20,56.00,"1,120.00"
2019-11-26,2019112601003200,JOSHI,49,25,10,56.00,560.00
2019-11-26,2019112601002929,JOSHI,49,21,20,56.00,"1,120.00"
2019-11-26,2019112601003150,KBL,37,16,222,178.00,"39,516.00"
2019-11-26,2019112601003079,KBL,37,37,500,178.00,"89,000.00"
2019-11-26,2019112601003036,KBL,47,38,100,179.00,"17,900.00"
2019-11-26,2019112601002884,KBL,37,57,442,178.00,"78,676.00"
2019-11-26,2019112601002883,KBL,33,57,285,178.00,"50,730.00"
2019-11-26,2019112601003175,KPCL,26,59,100,78.00,"7,800.00"
2019-11-26,2019112601003174,KPCL,56,59,100,78.00,"7,800.00"
2019-11-26,2019112601003173,KPCL,6,59,200,78.00,"15,600.00"
2019-11-26,2019112601003172,KPCL,49,59,10,79.00,790.00
2019-11-26,2019112601003139,KPCL,49,32,10,79.00,790.00
2019-11-26,2019112601002920,KPCL,11,59,500,80.00,"40,000.00"
2019-11-26,2019112601002919,KPCL,46,59,90,80.00,"7,200.00"
2019-11-26,2019112601002918,KPCL,46,59,90,80.00,"7,200.00"
2019-11-26,2019112601003135,KPCL,49,51,10,79.00,790.00
2019-11-26,2019112601003062,KPCL,49,51,10,79.00,790.00
2019-11-26,2019112601003023,KPCL,49,51,10,79.00,790.00
2019-11-26,2019112601002984,KSBBL,16,16,1,131.00,131.00
2019-11-26,2019112601003265,LBBL,48,19,110,167.00,"18,370.00"
2019-11-26,2019112601002985,LBL,44,42,104,215.00,"22,360.00"
2019-11-26,2019112601003071,LEMF,13,4,"4,000",6.90,"27,600.00"
2019-11-26,2019112601003322,LGIL,48,17,60,300.00,"18,000.00"
2019-11-26,2019112601003109,LGIL,47,17,50,301.00,"15,050.00"
2019-11-26,2019112601003290,LICN,47,32,26,910.00,"23,660.00"
2019-11-26,2019112601003270,LICN,47,37,24,910.00,"21,840.00"
2019-11-26,2019112601002962,LICN,25,34,10,915.00,"9,150.00"
2019-11-26,2019112601003300,LLBS,25,17,40,670.00,"26,800.00"
2019-11-26,2019112601003299,LLBS,19,17,50,675.00,"33,750.00"
2019-11-26,2019112601003298,LLBS,34,17,10,677.00,"6,770.00"
2019-11-26,2019112601003231,LLBS,34,21,50,677.00,"33,850.00"
2019-11-26,2019112601003004,LLBS,36,34,16,679.00,"10,864.00"
2019-11-26,2019112601002995,LLBS,34,47,30,677.00,"20,310.00"
2019-11-26,2019112601002949,LLBS,34,38,10,677.00,"6,770.00"
2019-11-26,2019112601002948,LLBS,19,38,50,678.00,"33,900.00"
2019-11-26,2019112601002903,LLBS,45,51,24,678.00,"16,272.00"
2019-11-26,2019112601002892,LLBS,43,51,20,678.00,"13,560.00"
2019-11-26,2019112601003328,MEGA,57,38,381,180.00,"68,580.00"
2019-11-26,2019112601003327,MEGA,13,38,"1,000",180.00,"180,000.00"
2019-11-26,2019112601003326,MEGA,57,38,100,180.00,"18,000.00"
2019-11-26,2019112601003325,MEGA,38,38,100,180.00,"18,000.00"
2019-11-26,2019112601003311,MEGA,38,33,100,180.00,"18,000.00"
2019-11-26,2019112601002912,MEGA,59,38,500,181.00,"90,500.00"
2019-11-26,2019112601002911,MEGA,17,38,174,181.00,"31,494.00"
2019-11-26,2019112601002916,MEGA,21,38,200,181.00,"36,200.00"
2019-11-26,2019112601002915,MEGA,28,38,"1,000",181.00,"181,000.00"
2019-11-26,2019112601002914,MEGA,43,38,500,181.00,"90,500.00"
2019-11-26,2019112601002913,MEGA,13,38,160,181.00,"28,960.00"
2019-11-26,2019112601003095,MEGA,47,38,500,181.00,"90,500.00"
2019-11-26,2019112601003140,MERO,45,22,39,406.00,"15,834.00"
2019-11-26,2019112601003068,MERO,19,33,50,407.00,"20,350.00"
2019-11-26,2019112601002972,MERO,48,41,30,407.00,"12,210.00"
2019-11-26,2019112601003148,MHNL,45,32,40,75.00,"3,000.00"
2019-11-26,2019112601003341,MLBL,59,34,500,169.00,"84,500.00"
2019-11-26,2019112601003340,MLBL,32,34,500,169.00,"84,500.00"
2019-11-26,2019112601003339,MLBL,44,34,500,170.00,"85,000.00"
2019-11-26,2019112601003218,MLBL,41,45,50,170.00,"8,500.00"
2019-11-26,2019112601003026,MLBL,59,33,"4,550",170.00,"773,500.00"
2019-11-26,2019112601003090,MNBBL,49,14,475,309.00,"146,775.00"
2019-11-26,2019112601003089,MNBBL,39,14,275,309.00,"84,975.00"
2019-11-26,2019112601003081,MNBBL,22,38,30,310.00,"9,300.00"
2019-11-26,2019112601003022,MNBBL,29,38,20,310.00,"6,200.00"
2019-11-26,2019112601002957,MNBBL,29,38,50,310.00,"15,500.00"
2019-11-26,2019112601003203,MSLB,10,45,10,843.00,"8,430.00"
2019-11-26,2019112601003147,MSMBS,5,22,22,448.00,"9,856.00"
2019-11-26,2019112601003282,NABIL,21,39,100,733.00,"73,300.00"
2019-11-26,2019112601003281,NABIL,21,4,75,733.00,"54,975.00"
2019-11-26,2019112601003153,NADEP,55,22,20,385.00,"7,700.00"
2019-11-26,2019112601003093,NADEP,55,16,10,385.00,"3,850.00"
2019-11-26,2019112601002910,NADEP,55,16,10,385.00,"3,850.00"
2019-11-26,2019112601003244,NBB,55,18,"1,000",200.00,"200,000.00"
2019-11-26,2019112601003213,NBB,55,52,112,200.00,"22,400.00"
2019-11-26,2019112601003212,NBB,55,52,92,200.00,"18,400.00"
2019-11-26,2019112601003145,NBB,17,52,179,200.00,"35,800.00"
2019-11-26,2019112601003144,NBB,17,34,57,200.00,"11,400.00"
2019-11-26,2019112601002940,NBB,25,34,500,200.00,"100,000.00"
2019-11-26,2019112601003314,NBL,10,18,"1,000",313.00,"313,000.00"
2019-11-26,2019112601003313,NBL,10,16,"1,600",313.00,"500,800.00"
2019-11-26,2019112601003312,NBL,10,14,500,313.00,"156,500.00"
2019-11-26,2019112601003043,NBL,57,16,300,313.00,"93,900.00"
2019-11-26,2019112601002921,NBL,45,16,100,313.00,"31,300.00"
2019-11-26,2019112601003183,NCCB,32,52,173,198.00,"34,254.00"
2019-11-26,2019112601002986,NHPC,58,56,28,52.00,"1,456.00"
2019-11-26,2019112601003155,NIB,32,34,50,416.00,"20,800.00"
2019-11-26,2019112601003096,NIB,41,21,38,416.00,"15,808.00"
2019-11-26,2019112601002902,NIB,11,21,30,416.00,"12,480.00"
2019-11-26,2019112601002896,NIB,51,21,100,416.00,"41,600.00"
2019-11-26,2019112601002895,NIB,20,21,12,416.00,"4,992.00"
2019-11-26,2019112601002894,NIB,51,21,20,416.00,"8,320.00"
2019-11-26,2019112601003338,NICA,35,17,100,405.00,"40,500.00"
2019-11-26,2019112601003319,NICA,35,48,"2,900",405.00,"1,174,500.00"
2019-11-26,2019112601003318,NICA,3,48,100,405.00,"40,500.00"
2019-11-26,2019112601003247,NICA,34,18,"1,210",405.00,"490,050.00"
2019-11-26,2019112601003171,NICA,34,48,"1,000",405.00,"405,000.00"
2019-11-26,2019112601003107,NICA,34,18,500,405.00,"202,500.00"
2019-11-26,2019112601003106,NICA,34,6,250,405.00,"101,250.00"
2019-11-26,2019112601003105,NICA,34,43,20,405.00,"8,100.00"
2019-11-26,2019112601002994,NICA,34,41,20,404.00,"8,080.00"
2019-11-26,2019112601002878,NICA,34,42,30,404.00,"12,120.00"
2019-11-26,2019112601002877,NICA,55,42,170,404.00,"68,680.00"
2019-11-26,2019112601003188,NICGF,43,28,500,8.67,"4,335.00"
2019-11-26,2019112601003187,NICGF,43,38,"11,000",8.67,"95,370.00"
2019-11-26,2019112601003169,NICGF,43,58,200,8.62,"1,724.00"
2019-11-26,2019112601003024,NICGF,43,58,500,8.50,"4,250.00"
2019-11-26,2019112601003317,NIL,39,43,10,375.00,"3,750.00"
2019-11-26,2019112601003295,NIL,25,19,20,372.00,"7,440.00"
2019-11-26,2019112601003251,NIL,46,44,90,372.00,"33,480.00"
2019-11-26,2019112601003031,NIL,59,44,50,372.00,"18,600.00"
2019-11-26,2019112601003030,NIL,29,44,60,372.00,"22,320.00"
2019-11-26,2019112601002965,NIL,29,11,140,372.00,"52,080.00"
2019-11-26,2019112601002964,NIL,49,11,10,373.00,"3,730.00"
2019-11-26,2019112601003230,NLG,1,43,100,488.00,"48,800.00"
2019-11-26,2019112601003229,NLG,55,43,200,489.00,"97,800.00"
2019-11-26,2019112601003228,NLG,45,43,500,489.00,"244,500.00"
2019-11-26,2019112601003227,NLG,37,43,53,490.00,"25,970.00"
2019-11-26,2019112601002887,NLG,7,59,100,490.00,"49,000.00"
2019-11-26,2019112601002886,NLG,46,59,10,493.00,"4,930.00"
2019-11-26,2019112601002888,NLG,37,59,347,490.00,"170,030.00"
2019-11-26,2019112601003184,NLIC,4,28,100,785.00,"78,500.00"
2019-11-26,2019112601003161,NLIC,19,8,25,788.00,"19,700.00"
2019-11-26,2019112601003091,NLIC,4,16,750,789.00,"591,750.00"
2019-11-26,2019112601003078,NLIC,4,51,22,785.00,"17,270.00"
2019-11-26,2019112601003034,NLIC,4,51,22,785.00,"17,270.00"
2019-11-26,2019112601003111,NLICL,26,47,20,414.00,"8,280.00"
2019-11-26,2019112601003075,NLICL,50,34,240,415.00,"99,600.00"
2019-11-26,2019112601003074,NLICL,16,34,160,416.00,"66,560.00"
2019-11-26,2019112601003098,NMB,22,36,10,380.00,"3,800.00"
2019-11-26,2019112601003097,NMB,22,36,90,380.00,"34,200.00"
2019-11-26,2019112601003073,NMB,36,36,20,380.00,"7,600.00"
2019-11-26,2019112601003058,NMB,45,17,21,379.00,"7,959.00"
2019-11-26,2019112601003057,NMB,33,17,56,379.00,"21,224.00"
2019-11-26,2019112601003051,NMB,33,41,44,379.00,"16,676.00"
2019-11-26,2019112601002848,NMB,17,45,200,380.00,"76,000.00"
2019-11-26,2019112601002998,NMB,37,16,200,380.00,"76,000.00"
2019-11-26,2019112601002997,NMB,37,45,177,380.00,"67,260.00"
2019-11-26,2019112601002890,NMB,11,45,23,380.00,"8,740.00"
2019-11-26,2019112601002889,NMB,11,45,27,380.00,"10,260.00"
2019-11-26,2019112601002882,NMB,26,45,100,380.00,"38,000.00"
2019-11-26,2019112601002849,NMB,17,45,50,380.00,"19,000.00"
2019-11-26,2019112601003015,NMB,45,41,20,379.00,"7,580.00"
2019-11-26,2019112601003014,NMB,42,41,150,379.00,"56,850.00"
2019-11-26,2019112601003013,NMB,14,41,200,379.00,"75,800.00"
2019-11-26,2019112601003012,NMB,4,41,61,379.00,"23,119.00"
2019-11-26,2019112601003000,NMB,1,3,7,380.00,"2,660.00"
2019-11-26,2019112601002999,NMB,37,3,823,380.00,"312,740.00"
2019-11-26,2019112601003050,NMB,49,41,25,379.00,"9,475.00"
2019-11-26,2019112601003049,NMB,41,41,38,379.00,"14,402.00"
2019-11-26,2019112601003048,NMB,32,41,200,379.00,"75,800.00"
2019-11-26,2019112601003047,NMB,22,41,100,379.00,"37,900.00"
2019-11-26,2019112601003046,NMB,29,41,93,379.00,"35,247.00"
2019-11-26,2019112601003016,NMB,29,41,69,379.00,"26,151.00"
2019-11-26,2019112601003306,NMBMF,58,37,316,481.00,"151,996.00"
2019-11-26,2019112601003165,NMBMF,58,22,55,481.00,"26,455.00"
2019-11-26,2019112601003164,NMBMF,26,22,20,482.00,"9,640.00"
2019-11-26,2019112601003163,NMBMF,11,22,30,483.00,"14,490.00"
2019-11-26,2019112601003162,NMBMF,40,22,28,483.00,"13,524.00"
2019-11-26,2019112601003223,NMFBS,8,44,15,"1,780.00","26,700.00"
2019-11-26,2019112601003202,NMFBS,22,22,10,"1,780.00","17,800.00"
2019-11-26,2019112601003201,NMFBS,14,22,50,"1,781.00","89,050.00"
2019-11-26,2019112601003179,NMFBS,26,53,11,"1,790.00","19,690.00"
2019-11-26,2019112601003178,NMFBS,26,49,15,"1,790.00","26,850.00"
2019-11-26,2019112601003177,NMFBS,26,33,40,"1,789.00","71,560.00"
2019-11-26,2019112601003176,NMFBS,26,34,47,"1,789.00","84,083.00"
2019-11-26,2019112601002960,NNLB,25,39,50,465.00,"23,250.00"
2019-11-26,2019112601002958,NNLB,25,28,50,459.00,"22,950.00"
2019-11-26,2019112601003207,NSEWA,41,22,10,373.00,"3,730.00"
2019-11-26,2019112601003032,NTC,45,25,150,621.00,"93,150.00"
2019-11-26,2019112601002898,NTC,43,41,80,620.00,"49,600.00"
2019-11-26,2019112601002897,NTC,26,41,20,620.00,"12,400.00"
2019-11-26,2019112601003025,NUBL,17,49,61,882.00,"53,802.00"
2019-11-26,2019112601002970,NUBL,43,53,276,881.00,"243,156.00"
2019-11-26,2019112601002969,NUBL,17,53,10,881.00,"8,810.00"
2019-11-26,2019112601003305,PCBL,6,42,100,272.00,"27,200.00"
2019-11-26,2019112601003280,PCBL,56,19,16,273.00,"4,368.00"
2019-11-26,2019112601003136,PCBL,56,39,100,273.00,"27,300.00"
2019-11-26,2019112601002904,PCBL,6,41,87,272.00,"23,664.00"
2019-11-26,2019112601002857,PCBL,6,49,250,272.00,"68,000.00"
2019-11-26,2019112601002956,PIC,20,29,11,333.00,"3,663.00"
2019-11-26,2019112601002955,PIC,45,29,500,333.00,"166,500.00"
2019-11-26,2019112601002954,PIC,8,29,60,333.00,"19,980.00"
2019-11-26,2019112601002953,PIC,59,29,15,334.00,"5,010.00"
2019-11-26,2019112601002952,PIC,42,29,100,334.00,"33,400.00"
2019-11-26,2019112601002951,PIC,22,29,100,335.00,"33,500.00"
2019-11-26,2019112601002865,PIC,25,57,100,335.00,"33,500.00"
2019-11-26,2019112601002864,PIC,46,57,20,335.00,"6,700.00"
2019-11-26,2019112601002863,PIC,45,57,20,336.00,"6,720.00"
2019-11-26,2019112601002871,PIC,41,57,50,335.00,"16,750.00"
2019-11-26,2019112601002870,PIC,4,57,100,335.00,"33,500.00"
2019-11-26,2019112601002869,PIC,41,57,100,335.00,"33,500.00"
2019-11-26,2019112601002868,PIC,1,57,10,335.00,"3,350.00"
2019-11-26,2019112601002867,PIC,1,57,10,335.00,"3,350.00"
2019-11-26,2019112601002866,PIC,53,57,20,335.00,"6,700.00"
2019-11-26,2019112601002979,PLIC,45,53,14,303.00,"4,242.00"
2019-11-26,2019112601002978,PLIC,19,53,273,303.00,"82,719.00"
2019-11-26,2019112601003066,PMHPL,49,41,40,77.00,"3,080.00"
2019-11-26,2019112601003297,PPCL,13,47,160,101.00,"16,160.00"
2019-11-26,2019112601003160,PPCL,1,16,30,100.00,"3,000.00"
2019-11-26,2019112601003154,PPCL,1,32,10,100.00,"1,000.00"
2019-11-26,2019112601002908,PRIN,46,38,30,305.00,"9,150.00"
2019-11-26,2019112601002907,PRIN,46,43,25,304.00,"7,600.00"
2019-11-26,2019112601003199,PRVU,25,44,200,223.00,"44,600.00"
2019-11-26,2019112601003127,PRVU,51,44,100,223.00,"22,300.00"
2019-11-26,2019112601003110,PRVU,11,44,600,223.00,"133,800.00"
2019-11-26,2019112601002971,RADHI,16,16,1,135.00,135.00
2019-11-26,2019112601003269,RBCL,56,6,12,"7,901.00","94,812.00"
2019-11-26,2019112601003268,RBCL,34,6,10,"7,901.00","79,010.00"
2019-11-26,2019112601003113,RBCL,34,6,10,"7,901.00","79,010.00"
2019-11-26,2019112601003077,RBCLPO,28,8,10,"6,965.00","69,650.00"
2019-11-26,2019112601003059,RBCLPO,49,8,15,"6,970.00","104,550.00"
2019-11-26,2019112601003210,RBCLPO,16,50,20,"7,000.00","140,000.00"
2019-11-26,2019112601003205,RBCLPO,45,50,10,"7,000.00","70,000.00"
2019-11-26,2019112601003194,RBCLPO,49,50,10,"7,000.00","70,000.00"
2019-11-26,2019112601003296,RHPL,1,40,30,162.00,"4,860.00"
2019-11-26,2019112601003226,RHPL,1,59,390,162.00,"63,180.00"
2019-11-26,2019112601003225,RHPL,45,59,500,162.00,"81,000.00"
2019-11-26,2019112601003224,RHPL,45,59,110,162.00,"17,820.00"
2019-11-26,2019112601003158,RHPL,45,32,40,162.00,"6,480.00"
2019-11-26,2019112601003069,RHPL,45,45,30,162.00,"4,860.00"
2019-11-26,2019112601002845,RHPL,11,44,30,162.00,"4,860.00"
2019-11-26,2019112601003044,RHPL,45,45,30,162.00,"4,860.00"
2019-11-26,2019112601002983,RHPL,45,28,10,162.00,"1,620.00"
2019-11-26,2019112601002943,RHPL,45,16,40,162.00,"6,480.00"
2019-11-26,2019112601002936,RHPL,45,21,30,162.00,"4,860.00"
2019-11-26,2019112601002873,RHPL,45,25,200,162.00,"32,400.00"
2019-11-26,2019112601002846,RHPL,45,44,10,162.00,"1,620.00"
2019-11-26,2019112601002891,RMDC,47,5,51,570.00,"29,070.00"
2019-11-26,2019112601002880,RMDC,47,5,33,570.00,"18,810.00"
2019-11-26,2019112601002879,RMDC,37,5,18,570.00,"10,260.00"
2019-11-26,2019112601002859,RMDC,37,5,32,570.00,"18,240.00"
2019-11-26,2019112601002858,RMDC,14,5,19,570.00,"10,830.00"
2019-11-26,2019112601002852,RMDC,14,5,31,570.00,"17,670.00"
2019-11-26,2019112601002851,RMDC,7,5,20,571.00,"11,420.00"
2019-11-26,2019112601003216,RSDC,42,22,43,274.00,"11,782.00"
2019-11-26,2019112601002990,RSDC,58,33,95,275.00,"26,125.00"
2019-11-26,2019112601002989,RSDC,26,33,50,276.00,"13,800.00"
2019-11-26,2019112601002974,RSDC,38,33,100,277.00,"27,700.00"
2019-11-26,2019112601002906,SABSL,11,34,10,468.00,"4,680.00"
2019-11-26,2019112601003284,SADBL,49,49,3,132.00,396.00
2019-11-26,2019112601003217,SADBL,49,49,3,132.00,396.00
2019-11-26,2019112601003156,SADBL,49,49,3,132.00,396.00
2019-11-26,2019112601003236,SANIMA,33,54,164,303.00,"49,692.00"
2019-11-26,2019112601003235,SANIMA,34,54,240,303.00,"72,720.00"
2019-11-26,2019112601003234,SANIMA,56,54,250,303.00,"75,750.00"
2019-11-26,2019112601003233,SANIMA,34,54,160,303.00,"48,480.00"
2019-11-26,2019112601003232,SANIMA,17,54,90,303.00,"27,270.00"
2019-11-26,2019112601003002,SANIMA,41,54,26,304.00,"7,904.00"
2019-11-26,2019112601003092,SAPDBL,44,26,54,118.00,"6,372.00"
2019-11-26,2019112601002959,SAPDBL,44,16,59,118.00,"6,962.00"
2019-11-26,2019112601003249,SBI,56,8,472,379.00,"178,888.00"
2019-11-26,2019112601003248,SBI,56,8,"1,000",379.00,"379,000.00"
2019-11-26,2019112601002905,SBI,39,19,109,381.00,"41,529.00"
2019-11-26,2019112601003146,SCB,34,45,200,525.00,"105,000.00"
2019-11-26,2019112601003045,SCB,34,54,480,525.00,"252,000.00"
2019-11-26,2019112601003042,SCB,22,51,20,524.00,"10,480.00"
2019-11-26,2019112601003141,SDESI,1,45,11,530.00,"5,830.00"
2019-11-26,2019112601003253,SHIVM,57,58,50,394.00,"19,700.00"
2019-11-26,2019112601003252,SHIVM,57,58,30,394.00,"11,820.00"
2019-11-26,2019112601003215,SHIVM,45,58,20,394.00,"7,880.00"
2019-11-26,2019112601002854,SHIVM,52,21,200,392.00,"78,400.00"
2019-11-26,2019112601002850,SHIVM,38,38,300,391.00,"117,300.00"
2019-11-26,2019112601002843,SHIVM,38,10,140,391.00,"54,740.00"
2019-11-26,2019112601002842,SHIVM,5,10,60,391.00,"23,460.00"
2019-11-26,2019112601003336,SHPC,48,47,384,177.00,"67,968.00"
2019-11-26,2019112601003335,SHPC,48,47,300,177.00,"53,100.00"
2019-11-26,2019112601003334,SHPC,48,47,200,178.00,"35,600.00"
2019-11-26,2019112601003333,SHPC,14,47,506,178.00,"90,068.00"
2019-11-26,2019112601003332,SHPC,48,47,"1,000",179.00,"179,000.00"
2019-11-26,2019112601003331,SHPC,52,47,290,179.00,"51,910.00"
2019-11-26,2019112601003330,SHPC,52,47,300,179.00,"53,700.00"
2019-11-26,2019112601003329,SHPC,34,47,20,179.00,"3,580.00"
2019-11-26,2019112601003108,SHPC,51,46,"1,000",180.00,"180,000.00"
2019-11-26,2019112601003308,SIC,19,17,20,423.00,"8,460.00"
2019-11-26,2019112601003291,SICL,26,38,100,738.00,"73,800.00"
2019-11-26,2019112601003283,SICL,28,7,10,737.00,"7,370.00"
2019-11-26,2019112601003116,SICL,19,38,25,738.00,"18,450.00"
2019-11-26,2019112601003320,SJCL,38,3,20,153.00,"3,060.00"
2019-11-26,2019112601002856,SJCL,40,34,20,153.00,"3,060.00"
2019-11-26,2019112601002963,SJCL,40,16,20,153.00,"3,060.00"
2019-11-26,2019112601002917,SJCL,40,44,20,153.00,"3,060.00"
2019-11-26,2019112601003061,SJCL,40,45,20,153.00,"3,060.00"
2019-11-26,2019112601003060,SJCL,40,3,20,153.00,"3,060.00"
2019-11-26,2019112601003056,SJCL,40,3,20,153.00,"3,060.00"
2019-11-26,2019112601003037,SJCL,40,45,20,153.00,"3,060.00"
2019-11-26,2019112601002976,SJCL,40,3,20,153.00,"3,060.00"
2019-11-26,2019112601002968,SJCL,40,3,20,153.00,"3,060.00"
2019-11-26,2019112601003094,SJCL,40,3,20,153.00,"3,060.00"
2019-11-26,2019112601003088,SJCL,40,3,20,153.00,"3,060.00"
2019-11-26,2019112601003087,SJCL,40,3,20,153.00,"3,060.00"
2019-11-26,2019112601003080,SJCL,40,3,20,153.00,"3,060.00"
2019-11-26,2019112601003072,SJCL,40,3,20,153.00,"3,060.00"
2019-11-26,2019112601003193,SJCL,40,3,20,153.00,"3,060.00"
2019-11-26,2019112601003166,SJCL,40,32,20,153.00,"3,060.00"
2019-11-26,2019112601003133,SJCL,40,3,20,153.00,"3,060.00"
2019-11-26,2019112601003126,SJCL,40,3,20,153.00,"3,060.00"
2019-11-26,2019112601003117,SJCL,40,3,20,153.00,"3,060.00"
2019-11-26,2019112601003115,SJCL,40,3,20,153.00,"3,060.00"
2019-11-26,2019112601003221,SJCL,40,3,20,153.00,"3,060.00"
2019-11-26,2019112601003220,SJCL,40,3,20,153.00,"3,060.00"
2019-11-26,2019112601003214,SJCL,40,3,20,153.00,"3,060.00"
2019-11-26,2019112601003211,SJCL,40,3,20,153.00,"3,060.00"
2019-11-26,2019112601003206,SJCL,40,3,20,153.00,"3,060.00"
2019-11-26,2019112601003198,SJCL,40,3,20,153.00,"3,060.00"
2019-11-26,2019112601003285,SJCL,40,3,20,153.00,"3,060.00"
2019-11-26,2019112601003278,SJCL,40,3,20,153.00,"3,060.00"
2019-11-26,2019112601003267,SJCL,40,3,20,153.00,"3,060.00"
2019-11-26,2019112601003250,SJCL,40,3,20,153.00,"3,060.00"
2019-11-26,2019112601003245,SJCL,40,3,20,153.00,"3,060.00"
2019-11-26,2019112601003241,SJCL,40,3,20,153.00,"3,060.00"
2019-11-26,2019112601003310,SJCL,38,3,20,153.00,"3,060.00"
2019-11-26,2019112601003307,SJCL,38,40,20,153.00,"3,060.00"
2019-11-26,2019112601003303,SJCL,38,3,10,153.00,"1,530.00"
2019-11-26,2019112601003302,SJCL,40,3,10,153.00,"1,530.00"
2019-11-26,2019112601003294,SJCL,40,3,20,153.00,"3,060.00"
2019-11-26,2019112601003288,SJCL,40,3,20,153.00,"3,060.00"
2019-11-26,2019112601002893,SKBBL,44,54,334,906.00,"302,604.00"
2019-11-26,2019112601002862,SKBBL,44,10,66,906.00,"59,796.00"
2019-11-26,2019112601002881,SLBBL,25,41,40,630.00,"25,200.00"
2019-11-26,2019112601002982,SLBBL,6,39,173,629.00,"108,817.00"
2019-11-26,2019112601002973,SLBBL,22,45,100,629.00,"62,900.00"
2019-11-26,2019112601002967,SLBBL,45,45,20,630.00,"12,600.00"
2019-11-26,2019112601002966,SLBBL,25,45,50,630.00,"31,500.00"
2019-11-26,2019112601002942,SLBBL,25,37,100,630.00,"63,000.00"
2019-11-26,2019112601003009,SLBBL,34,8,10,627.00,"6,270.00"
2019-11-26,2019112601003008,SLBBL,49,8,42,627.00,"26,334.00"
2019-11-26,2019112601003007,SLBBL,26,8,100,628.00,"62,800.00"
2019-11-26,2019112601003006,SLBBL,35,8,50,629.00,"31,450.00"
2019-11-26,2019112601003005,SLBBL,6,8,27,629.00,"16,983.00"
2019-11-26,2019112601003011,SLBBL,41,8,500,627.00,"313,500.00"
2019-11-26,2019112601003010,SLBBL,17,8,100,627.00,"62,700.00"
2019-11-26,2019112601003101,SMFBS,35,33,30,785.00,"23,550.00"
2019-11-26,2019112601003055,SMFBS,35,44,10,785.00,"7,850.00"
2019-11-26,2019112601003152,SMFDB,32,47,20,513.00,"10,260.00"
2019-11-26,2019112601003151,SMFDB,7,47,50,514.00,"25,700.00"
2019-11-26,2019112601003149,SPARS,42,22,10,508.00,"5,080.00"
2019-11-26,2019112601002844,SPARS,42,1,10,508.00,"5,080.00"
2019-11-26,2019112601002975,SPDL,56,39,10,84.00,840.00
2019-11-26,2019112601002925,SPDL,45,39,16,84.00,"1,344.00"
2019-11-26,2019112601002924,SPDL,45,21,29,83.00,"2,407.00"
2019-11-26,2019112601002923,SPDL,45,43,15,82.00,"1,230.00"
2019-11-26,2019112601002875,SPDL,45,4,15,82.00,"1,230.00"
2019-11-26,2019112601002874,SPDL,45,26,"1,921",82.00,"157,522.00"
2019-11-26,2019112601003240,SRBL,45,18,15,208.00,"3,120.00"
2019-11-26,2019112601003239,SRBL,33,18,"1,000",208.00,"208,000.00"
2019-11-26,2019112601003238,SRBL,25,18,"1,124",208.00,"233,792.00"
2019-11-26,2019112601003237,SRBL,59,18,361,209.00,"75,449.00"
2019-11-26,2019112601003196,SRBL,59,34,100,209.00,"20,900.00"
2019-11-26,2019112601003195,SRBL,59,29,39,209.00,"8,151.00"
2019-11-26,2019112601003159,SRBL,57,29,50,209.00,"10,450.00"
2019-11-26,2019112601003054,SRBL,25,51,98,208.00,"20,384.00"
2019-11-26,2019112601003222,SWBBL,33,22,31,915.00,"28,365.00"
2019-11-26,2019112601003021,SWBBL,49,53,60,913.00,"54,780.00"
2019-11-26,2019112601003020,SWBBL,59,53,20,913.00,"18,260.00"
2019-11-26,2019112601002935,SWBBL,59,42,30,913.00,"27,390.00"
2019-11-26,2019112601002934,SWBBL,47,42,50,915.00,"45,750.00"
2019-11-26,2019112601002933,SWBBL,17,42,10,915.00,"9,150.00"
2019-11-26,2019112601002932,SWBBL,18,42,10,920.00,"9,200.00"
2019-11-26,2019112601003257,TMDBL,41,4,295,139.00,"41,005.00"
2019-11-26,2019112601003256,TMDBL,59,4,150,139.00,"20,850.00"
2019-11-26,2019112601003255,TMDBL,26,4,500,140.00,"70,000.00"
2019-11-26,2019112601003254,TMDBL,28,4,815,140.00,"114,100.00"
2019-11-26,2019112601003219,TMDBL,28,4,"1,000",140.00,"140,000.00"
2019-11-26,2019112601002860,TMDBL,28,41,185,140.00,"25,900.00"
2019-11-26,2019112601003321,UIC,57,34,45,218.00,"9,810.00"
2019-11-26,2019112601003315,UIC,11,34,15,219.00,"3,285.00"
2019-11-26,2019112601003259,UIC,51,28,50,219.00,"10,950.00"
2019-11-26,2019112601003258,UIC,25,28,30,220.00,"6,600.00"
2019-11-26,2019112601003170,UNHPL,25,32,50,50.00,"2,500.00"
2019-11-26,2019112601003289,UPPER,25,44,100,224.00,"22,400.00"
2019-11-26,2019112601002853,UPPER,25,38,40,224.00,"8,960.00"
2019-11-26,2019112601002847,UPPER,25,41,200,224.00,"44,800.00"
2019-11-26,2019112601002987,UPPER,25,34,40,225.00,"9,000.00"
2019-11-26,2019112601002993,UPPER,25,48,50,226.00,"11,300.00"
2019-11-26,2019112601003102,UPPER,25,51,60,225.00,"13,500.00"
2019-11-26,2019112601003041,VLBS,22,42,74,585.00,"43,290.00"
2019-11-26,2019112601002745,ADBL,4,32,70,405.00,"28,350.00"
2019-11-26,2019112601002658,ADBL,28,39,50,407.00,"20,350.00"
2019-11-26,2019112601002657,ADBL,39,39,20,407.00,"8,140.00"
2019-11-26,2019112601002591,ADBL,39,13,80,407.00,"32,560.00"
2019-11-26,2019112601002590,ADBL,51,13,20,407.00,"8,140.00"
2019-11-26,2019112601002589,ADBL,38,13,50,407.00,"20,350.00"
2019-11-26,2019112601002775,AHPC,45,43,"1,000",93.00,"93,000.00"
2019-11-26,2019112601002774,AHPC,52,43,100,93.00,"9,300.00"
2019-11-26,2019112601002773,AHPC,57,43,"1,000",93.00,"93,000.00"
2019-11-26,2019112601002772,AHPC,5,43,517,93.00,"48,081.00"
2019-11-26,2019112601002362,AHPC,5,7,336,93.00,"31,248.00"
2019-11-26,2019112601002731,AKBSL,16,45,10,423.00,"4,230.00"
2019-11-26,2019112601002440,AKBSL,19,22,10,424.00,"4,240.00"
2019-11-26,2019112601002361,AKJCL,16,58,20,56.00,"1,120.00"
2019-11-26,2019112601002782,AKPL,57,57,537,112.00,"60,144.00"
2019-11-26,2019112601002638,AKPL,58,25,10,111.00,"1,110.00"
2019-11-26,2019112601002535,AKPL,58,49,20,111.00,"2,220.00"
2019-11-26,2019112601002789,ALBSL,7,16,10,388.00,"3,880.00"
2019-11-26,2019112601002740,ALBSL,7,41,50,388.00,"19,400.00"
2019-11-26,2019112601002724,ALBSL,55,16,10,387.00,"3,870.00"
2019-11-26,2019112601002676,ALBSL,55,16,10,387.00,"3,870.00"
2019-11-26,2019112601002637,ALBSL,55,41,10,387.00,"3,870.00"
2019-11-26,2019112601002592,API,25,40,50,102.00,"5,100.00"
2019-11-26,2019112601002566,API,7,25,850,101.00,"85,850.00"
2019-11-26,2019112601002565,API,45,25,"1,000",101.00,"101,000.00"
2019-11-26,2019112601002834,BPCL,16,16,3,342.00,"1,026.00"
2019-11-26,2019112601002829,BPCL,16,16,3,342.00,"1,026.00"
2019-11-26,2019112601002825,BPCL,16,16,3,342.00,"1,026.00"
2019-11-26,2019112601002818,BPCL,16,16,3,342.00,"1,026.00"
2019-11-26,2019112601002720,BPCL,58,33,11,341.00,"3,751.00"
2019-11-26,2019112601002719,BPCL,45,33,10,341.00,"3,410.00"
2019-11-26,2019112601002712,BPCL,43,33,33,342.00,"11,286.00"
2019-11-26,2019112601002711,BPCL,47,33,50,342.00,"17,100.00"
2019-11-26,2019112601002710,BPCL,17,33,10,343.00,"3,430.00"
2019-11-26,2019112601002709,BPCL,6,33,17,343.00,"5,831.00"
2019-11-26,2019112601002718,BPCL,45,33,10,341.00,"3,410.00"
2019-11-26,2019112601002717,BPCL,45,33,10,341.00,"3,410.00"
2019-11-26,2019112601002716,BPCL,45,33,10,341.00,"3,410.00"
2019-11-26,2019112601002715,BPCL,45,33,10,341.00,"3,410.00"
2019-11-26,2019112601002714,BPCL,45,33,10,341.00,"3,410.00"
2019-11-26,2019112601002713,BPCL,14,33,19,341.00,"6,479.00"
2019-11-26,2019112601002554,CBL,39,44,20,136.00,"2,720.00"
2019-11-26,2019112601002534,CBL,44,14,328,135.00,"44,280.00"
2019-11-26,2019112601002521,CBL,44,45,50,135.00,"6,750.00"
2019-11-26,2019112601002489,CBL,49,44,15,136.00,"2,040.00"
2019-11-26,2019112601002416,CBL,11,44,100,136.00,"13,600.00"
2019-11-26,2019112601002401,CBL,44,16,100,135.00,"13,500.00"
2019-11-26,2019112601002757,CCBL,34,32,80,157.00,"12,560.00"
2019-11-26,2019112601002751,CCBL,34,41,319,157.00,"50,083.00"
2019-11-26,2019112601002750,CCBL,46,41,150,157.00,"23,550.00"
2019-11-26,2019112601002749,CCBL,57,41,"1,000",157.00,"157,000.00"
2019-11-26,2019112601002748,CCBL,34,41,"1,000",158.00,"158,000.00"
2019-11-26,2019112601002747,CCBL,1,41,84,158.00,"13,272.00"
2019-11-26,2019112601002603,CCBL,44,26,10,158.00,"1,580.00"
2019-11-26,2019112601002577,CCBL,29,18,10,159.00,"1,590.00"
2019-11-26,2019112601002435,CCBL,44,38,72,158.00,"11,376.00"
2019-11-26,2019112601002746,CCBL,1,32,150,158.00,"23,700.00"
2019-11-26,2019112601002725,CCBL,1,47,34,158.00,"5,372.00"
2019-11-26,2019112601002663,CCBL,1,38,32,158.00,"5,056.00"
2019-11-26,2019112601002654,CCBL,26,38,850,158.00,"134,300.00"
2019-11-26,2019112601002653,CCBL,44,38,118,158.00,"18,644.00"
2019-11-26,2019112601002604,CCBL,32,49,100,158.00,"15,800.00"
2019-11-26,2019112601002392,CFCL,25,49,66,108.00,"7,128.00"
2019-11-26,2019112601002548,CIT,38,6,53,"1,695.00","89,835.00"
2019-11-26,2019112601002485,CIT,41,6,10,"1,695.00","16,950.00"
2019-11-26,2019112601002700,CZBIL,11,44,200,183.00,"36,600.00"
2019-11-26,2019112601002609,CZBIL,35,44,10,183.00,"1,830.00"
2019-11-26,2019112601002542,CZBIL,52,1,31,182.00,"5,642.00"
2019-11-26,2019112601002405,CZBIL,52,14,12,182.00,"2,184.00"
2019-11-26,2019112601002372,CZBIL,52,34,22,182.00,"4,004.00"
2019-11-26,2019112601002677,DDBL,25,44,30,719.00,"21,570.00"
2019-11-26,2019112601002738,EBL,14,19,91,536.00,"48,776.00"
2019-11-26,2019112601002448,EBL,25,4,25,537.00,"13,425.00"
2019-11-26,2019112601002344,EBL,36,4,200,537.00,"107,400.00"
2019-11-26,2019112601002752,EIC,33,5,100,211.00,"21,100.00"
2019-11-26,2019112601002384,EIC,17,17,"1,091",209.00,"228,019.00"
2019-11-26,2019112601002360,EIC,28,17,24,210.00,"5,040.00"
2019-11-26,2019112601002359,EIC,28,17,100,210.00,"21,000.00"
2019-11-26,2019112601002358,EIC,11,17,15,211.00,"3,165.00"
2019-11-26,2019112601002357,EIC,51,17,30,211.00,"6,330.00"
2019-11-26,2019112601002356,EIC,25,17,40,212.00,"8,480.00"
2019-11-26,2019112601002758,GBBL,41,32,100,222.00,"22,200.00"
2019-11-26,2019112601002634,GBBL,51,1,100,221.00,"22,100.00"
2019-11-26,2019112601002633,GBBL,13,1,50,221.00,"11,050.00"
2019-11-26,2019112601002632,GBBL,57,1,100,221.00,"22,100.00"
2019-11-26,2019112601002631,GBBL,32,1,100,222.00,"22,200.00"
2019-11-26,2019112601002512,GBLBS,26,57,30,285.00,"8,550.00"
2019-11-26,2019112601002511,GBLBS,52,57,50,285.00,"14,250.00"
2019-11-26,2019112601002510,GBLBS,6,57,50,285.00,"14,250.00"
2019-11-26,2019112601002509,GBLBS,47,57,20,285.00,"5,700.00"
2019-11-26,2019112601002508,GBLBS,6,57,50,285.00,"14,250.00"
2019-11-26,2019112601002507,GBLBS,18,57,500,285.00,"142,500.00"
2019-11-26,2019112601002500,GBLBS,8,57,500,286.00,"143,000.00"
2019-11-26,2019112601002497,GBLBS,14,57,40,287.00,"11,480.00"
2019-11-26,2019112601002496,GBLBS,33,57,10,287.00,"2,870.00"
2019-11-26,2019112601002605,GFCL,35,37,30,129.00,"3,870.00"
2019-11-26,2019112601002389,GFCL,43,4,"3,200",128.00,"409,600.00"
2019-11-26,2019112601002809,GGBSL,34,40,50,631.00,"31,550.00"
2019-11-26,2019112601002726,GGBSL,13,47,10,632.00,"6,320.00"
2019-11-26,2019112601002722,GGBSL,13,47,10,632.00,"6,320.00"
2019-11-26,2019112601002697,GGBSL,13,47,10,632.00,"6,320.00"
2019-11-26,2019112601002691,GGBSL,13,47,10,632.00,"6,320.00"
2019-11-26,2019112601002640,GGBSL,17,1,10,633.00,"6,330.00"
2019-11-26,2019112601002564,GGBSL,17,14,10,633.00,"6,330.00"
2019-11-26,2019112601002495,GGBSL,17,39,10,633.00,"6,330.00"
2019-11-26,2019112601002444,GGBSL,13,21,10,634.00,"6,340.00"
2019-11-26,2019112601002410,GGBSL,13,21,10,634.00,"6,340.00"
2019-11-26,2019112601002515,GLICL,40,34,74,344.00,"25,456.00"
2019-11-26,2019112601002514,GLICL,50,34,426,344.00,"146,544.00"
2019-11-26,2019112601002616,GMFBS,54,41,10,487.00,"4,870.00"
2019-11-26,2019112601002343,GMFBS,54,8,10,487.00,"4,870.00"
2019-11-26,2019112601002739,HBL,4,48,130,470.00,"61,100.00"
2019-11-26,2019112601002636,HBL,35,48,20,475.00,"9,500.00"
2019-11-26,2019112601002608,HBL,4,59,11,470.00,"5,170.00"
2019-11-26,2019112601002586,HBL,4,59,19,470.00,"8,930.00"
2019-11-26,2019112601002585,HBL,38,59,36,470.00,"16,920.00"
2019-11-26,2019112601002387,HBL,45,34,14,471.00,"6,594.00"
2019-11-26,2019112601002764,HIDCL,37,32,50,130.00,"6,500.00"
2019-11-26,2019112601002762,HIDCL,37,32,50,130.00,"6,500.00"
2019-11-26,2019112601002541,HIDCL,37,28,"1,698",130.00,"220,740.00"
2019-11-26,2019112601002540,HIDCL,13,28,119,130.00,"15,470.00"
2019-11-26,2019112601002539,HIDCL,22,28,10,130.00,"1,300.00"
2019-11-26,2019112601002538,HIDCL,41,28,100,130.00,"13,000.00"
2019-11-26,2019112601002390,HIDCL,1,1,139,133.00,"18,487.00"
2019-11-26,2019112601002464,HIDCL,51,1,250,130.00,"32,500.00"
2019-11-26,2019112601002463,HIDCL,25,1,"1,000",130.00,"130,000.00"
2019-11-26,2019112601002452,HIDCL,33,1,500,131.00,"65,500.00"
2019-11-26,2019112601002451,HIDCL,1,1,341,131.00,"44,671.00"
2019-11-26,2019112601002450,HIDCL,46,1,240,131.00,"31,440.00"
2019-11-26,2019112601002397,HIDCL,46,49,31,131.00,"4,061.00"
2019-11-26,2019112601002537,HIDCL,45,28,373,130.00,"48,490.00"
2019-11-26,2019112601002474,HIDCL,45,1,127,130.00,"16,510.00"
2019-11-26,2019112601002473,HIDCL,46,1,575,130.00,"74,750.00"
2019-11-26,2019112601002467,HIDCL,46,1,425,130.00,"55,250.00"
2019-11-26,2019112601002466,HIDCL,34,1,200,130.00,"26,000.00"
2019-11-26,2019112601002465,HIDCL,42,1,125,130.00,"16,250.00"
2019-11-26,2019112601002807,HPPL,4,33,70,134.00,"9,380.00"
2019-11-26,2019112601002806,HPPL,4,59,10,134.00,"1,340.00"
2019-11-26,2019112601002805,HPPL,4,44,10,134.00,"1,340.00"
2019-11-26,2019112601002804,HPPL,4,4,10,134.00,"1,340.00"
2019-11-26,2019112601002483,HURJA,34,38,20,97.00,"1,940.00"
2019-11-26,2019112601002438,HURJA,34,38,20,97.00,"1,940.00"
2019-11-26,2019112601002599,ILBS,19,14,10,468.00,"4,680.00"
2019-11-26,2019112601002558,ILBS,19,14,10,468.00,"4,680.00"
2019-11-26,2019112601002502,ILBS,36,14,250,469.00,"117,250.00"
2019-11-26,2019112601002501,ILBS,11,14,10,470.00,"4,700.00"
2019-11-26,2019112601002422,ILBS,11,33,10,470.00,"4,700.00"
2019-11-26,2019112601002354,ILBS,32,17,50,475.00,"23,750.00"
2019-11-26,2019112601002353,ILBS,32,36,250,475.00,"118,750.00"
2019-11-26,2019112601002352,ILBS,32,55,50,474.00,"23,700.00"
2019-11-26,2019112601002351,ILBS,32,44,10,473.00,"4,730.00"
2019-11-26,2019112601002350,ILBS,32,44,10,473.00,"4,730.00"
2019-11-26,2019112601002349,ILBS,32,41,10,473.00,"4,730.00"
2019-11-26,2019112601002348,ILBS,32,21,10,473.00,"4,730.00"
2019-11-26,2019112601002824,JBBL,49,41,104,156.00,"16,224.00"
2019-11-26,2019112601002823,JBBL,29,41,440,156.00,"68,640.00"
2019-11-26,2019112601002777,JBBL,29,32,30,156.00,"4,680.00"
2019-11-26,2019112601002768,JBBL,29,32,30,156.00,"4,680.00"
2019-11-26,2019112601002624,JBBL,26,13,100,157.00,"15,700.00"
2019-11-26,2019112601002623,JBBL,59,13,200,157.00,"31,400.00"
2019-11-26,2019112601002345,JBBL,43,38,134,158.00,"21,172.00"
2019-11-26,2019112601002622,JBBL,4,13,200,157.00,"31,400.00"
2019-11-26,2019112601002621,JBBL,26,13,"1,355",157.00,"212,735.00"
2019-11-26,2019112601002620,JBBL,17,13,24,158.00,"3,792.00"
2019-11-26,2019112601002499,JBBL,17,21,200,158.00,"31,600.00"
2019-11-26,2019112601002355,JBBL,17,38,76,158.00,"12,008.00"
2019-11-26,2019112601002346,JBBL,36,38,500,158.00,"79,000.00"
2019-11-26,2019112601002645,JFL,21,28,60,190.00,"11,400.00"
2019-11-26,2019112601002376,JFL,21,59,50,190.00,"9,500.00"
2019-11-26,2019112601002454,JOSHI,49,21,20,56.00,"1,120.00"
2019-11-26,2019112601002415,JOSHI,49,21,10,56.00,560.00
2019-11-26,2019112601002414,JOSHI,17,21,10,56.00,560.00
2019-11-26,2019112601002600,KBL,21,21,8,178.00,"1,424.00"
2019-11-26,2019112601002394,KBL,33,40,515,178.00,"91,670.00"
2019-11-26,2019112601002798,KSBBL,11,26,40,133.00,"5,320.00"
2019-11-26,2019112601002797,KSBBL,4,26,100,133.00,"13,300.00"
2019-11-26,2019112601002781,KSBBL,11,32,20,133.00,"2,660.00"
2019-11-26,2019112601002615,LBBL,46,34,100,166.00,"16,600.00"
2019-11-26,2019112601002614,LBBL,1,34,500,166.00,"83,000.00"
2019-11-26,2019112601002613,LBBL,14,34,200,166.00,"33,200.00"
2019-11-26,2019112601002567,LBBL,19,45,476,168.00,"79,968.00"
2019-11-26,2019112601002573,LBBL,37,45,191,167.00,"31,897.00"
2019-11-26,2019112601002572,LBBL,41,45,249,167.00,"41,583.00"
2019-11-26,2019112601002571,LBBL,34,45,50,167.00,"8,350.00"
2019-11-26,2019112601002570,LBBL,26,45,500,167.00,"83,500.00"
2019-11-26,2019112601002569,LBBL,57,45,202,167.00,"33,734.00"
2019-11-26,2019112601002568,LBBL,8,45,"1,000",167.00,"167,000.00"
2019-11-26,2019112601002787,LBL,38,42,36,215.00,"7,740.00"
2019-11-26,2019112601002785,LBL,38,32,20,215.00,"4,300.00"
2019-11-26,2019112601002784,LBL,38,41,44,215.00,"9,460.00"
2019-11-26,2019112601002612,LGIL,17,17,120,301.00,"36,120.00"
2019-11-26,2019112601002421,LGIL,47,17,100,301.00,"30,100.00"
2019-11-26,2019112601002420,LGIL,44,17,369,301.00,"111,069.00"
2019-11-26,2019112601002419,LGIL,44,17,500,302.00,"151,000.00"
2019-11-26,2019112601002418,LGIL,43,17,50,302.00,"15,100.00"
2019-11-26,2019112601002598,LICN,35,32,10,910.00,"9,100.00"
2019-11-26,2019112601002778,LLBS,4,32,14,678.00,"9,492.00"
2019-11-26,2019112601002649,LLBS,39,34,10,679.00,"6,790.00"
2019-11-26,2019112601002475,LLBS,4,10,24,678.00,"16,272.00"
2019-11-26,2019112601002417,LLBS,4,22,10,678.00,"6,780.00"
2019-11-26,2019112601002386,LLBS,46,38,20,680.00,"13,600.00"
2019-11-26,2019112601002498,MBL,58,13,20,216.00,"4,320.00"
2019-11-26,2019112601002794,MEGA,17,32,26,181.00,"4,706.00"
2019-11-26,2019112601002793,MEGA,32,32,32,181.00,"5,792.00"
2019-11-26,2019112601002792,MEGA,28,32,42,181.00,"7,602.00"
2019-11-26,2019112601002786,MEGA,28,32,100,181.00,"18,100.00"
2019-11-26,2019112601002520,MEGA,28,25,44,181.00,"7,964.00"
2019-11-26,2019112601002753,MEGA,57,18,119,182.00,"21,658.00"
2019-11-26,2019112601002601,MEGA,34,18,"3,000",182.00,"546,000.00"
2019-11-26,2019112601002679,MERO,42,16,14,408.00,"5,712.00"
2019-11-26,2019112601002678,MERO,37,16,39,408.00,"15,912.00"
2019-11-26,2019112601002398,MFIL,43,35,100,127.00,"12,700.00"
2019-11-26,2019112601002737,MLBL,1,34,500,169.00,"84,500.00"
2019-11-26,2019112601002736,MLBL,38,34,200,169.00,"33,800.00"
2019-11-26,2019112601002735,MLBL,43,34,100,169.00,"16,900.00"
2019-11-26,2019112601002734,MLBL,34,34,500,169.00,"84,500.00"
2019-11-26,2019112601002733,MLBL,34,34,500,169.00,"84,500.00"
2019-11-26,2019112601002732,MLBL,59,34,428,169.00,"72,332.00"
2019-11-26,2019112601002399,MLBL,59,51,30,169.00,"5,070.00"
2019-11-26,2019112601002802,MNBBL,39,32,172,309.00,"53,148.00"
2019-11-26,2019112601002801,MNBBL,45,32,50,309.00,"15,450.00"
2019-11-26,2019112601002800,MNBBL,56,32,178,309.00,"55,002.00"
2019-11-26,2019112601002413,MNBBL,57,38,30,310.00,"9,300.00"
2019-11-26,2019112601002365,MNBBL,45,38,50,310.00,"15,500.00"
2019-11-26,2019112601002763,NABIL,26,50,112,731.00,"81,872.00"
2019-11-26,2019112601002530,NABIL,26,35,68,731.00,"49,708.00"
2019-11-26,2019112601002529,NABIL,33,35,500,731.00,"365,500.00"
2019-11-26,2019112601002528,NABIL,44,35,42,731.00,"30,702.00"
2019-11-26,2019112601002527,NABIL,25,35,50,732.00,"36,600.00"
2019-11-26,2019112601002526,NABIL,59,35,40,732.00,"29,280.00"
2019-11-26,2019112601002424,NABIL,29,4,25,733.00,"18,325.00"
2019-11-26,2019112601002742,NADEP,55,16,10,385.00,"3,850.00"
2019-11-26,2019112601002594,NBB,13,34,100,200.00,"20,000.00"
2019-11-26,2019112601002494,NBB,32,34,843,200.00,"168,600.00"
2019-11-26,2019112601002493,NBB,32,4,178,200.00,"35,600.00"
2019-11-26,2019112601002841,NBL,57,16,250,313.00,"78,250.00"
2019-11-26,2019112601002840,NBL,33,16,80,313.00,"25,040.00"
2019-11-26,2019112601002839,NBL,10,16,700,313.00,"219,100.00"
2019-11-26,2019112601002838,NBL,25,16,850,313.00,"266,050.00"
2019-11-26,2019112601002688,NBL,25,41,150,313.00,"46,950.00"
2019-11-26,2019112601002687,NBL,17,41,100,313.00,"31,300.00"
2019-11-26,2019112601002363,NBL,16,43,100,314.00,"31,400.00"
2019-11-26,2019112601002686,NBL,16,41,200,313.00,"62,600.00"
2019-11-26,2019112601002685,NBL,49,41,100,313.00,"31,300.00"
2019-11-26,2019112601002643,NBL,35,43,20,314.00,"6,280.00"
2019-11-26,2019112601002479,NBL,49,34,100,313.00,"31,300.00"
2019-11-26,2019112601002478,NBL,45,34,20,313.00,"6,260.00"
2019-11-26,2019112601002409,NBL,3,43,50,314.00,"15,700.00"
2019-11-26,2019112601002815,NCCB,32,32,155,198.00,"30,690.00"
2019-11-26,2019112601002756,NCCB,58,47,10,199.00,"1,990.00"
2019-11-26,2019112601002480,NCCB,32,44,296,198.00,"58,608.00"
2019-11-26,2019112601002822,NIB,51,32,80,416.00,"33,280.00"
2019-11-26,2019112601002821,NIB,42,32,20,417.00,"8,340.00"
2019-11-26,2019112601002817,NIB,25,16,44,417.00,"18,348.00"
2019-11-26,2019112601002491,NIB,21,21,1,417.00,417.00
2019-11-26,2019112601002470,NIB,42,25,44,417.00,"18,348.00"
2019-11-26,2019112601002556,NIBPO,35,32,50,384.00,"19,200.00"
2019-11-26,2019112601002699,NICA,55,1,300,404.00,"121,200.00"
2019-11-26,2019112601002650,NICA,35,43,20,405.00,"8,100.00"
2019-11-26,2019112601002408,NICGF,43,58,500,8.50,"4,250.00"
2019-11-26,2019112601002552,NICL,25,28,12,246.00,"2,952.00"
2019-11-26,2019112601002729,NLIC,4,8,500,789.00,"394,500.00"
2019-11-26,2019112601002728,NLIC,4,8,600,789.00,"473,400.00"
2019-11-26,2019112601002727,NLIC,4,13,200,788.00,"157,600.00"
2019-11-26,2019112601002698,NLIC,4,48,43,785.00,"33,755.00"
2019-11-26,2019112601002593,NLIC,4,34,500,786.00,"393,000.00"
2019-11-26,2019112601002533,NLIC,4,17,300,788.00,"236,400.00"
2019-11-26,2019112601002532,NLIC,4,34,100,787.00,"78,700.00"
2019-11-26,2019112601002531,NLIC,4,32,22,787.00,"17,314.00"
2019-11-26,2019112601002477,NLIC,4,25,22,785.00,"17,270.00"
2019-11-26,2019112601002370,NLIC,29,34,22,787.00,"17,314.00"
2019-11-26,2019112601002555,NLICL,16,34,590,416.00,"245,440.00"
2019-11-26,2019112601002519,NLICL,44,34,"1,000",417.00,"417,000.00"
2019-11-26,2019112601002433,NLICL,33,47,10,420.00,"4,200.00"
2019-11-26,2019112601002837,NMB,38,45,23,380.00,"8,740.00"
2019-11-26,2019112601002836,NMB,38,35,30,380.00,"11,400.00"
2019-11-26,2019112601002831,NMB,4,1,139,379.00,"52,681.00"
2019-11-26,2019112601002830,NMB,33,1,21,379.00,"7,959.00"
2019-11-26,2019112601002790,NMB,33,32,40,379.00,"15,160.00"
2019-11-26,2019112601002723,NMB,33,48,50,379.00,"18,950.00"
2019-11-26,2019112601002371,NMB,22,19,173,380.00,"65,740.00"
2019-11-26,2019112601002367,NMB,16,19,50,380.00,"19,000.00"
2019-11-26,2019112601002443,NMB,41,19,270,380.00,"102,600.00"
2019-11-26,2019112601002439,NMB,49,19,100,380.00,"38,000.00"
2019-11-26,2019112601002407,NMB,25,19,280,380.00,"106,400.00"
2019-11-26,2019112601002406,NMB,25,32,220,380.00,"83,600.00"
2019-11-26,2019112601002402,NMB,33,34,10,379.00,"3,790.00"
2019-11-26,2019112601002400,NMB,33,49,25,379.00,"9,475.00"
2019-11-26,2019112601002543,NMB,16,40,90,380.00,"34,200.00"
2019-11-26,2019112601002488,NMB,34,40,10,380.00,"3,800.00"
2019-11-26,2019112601002487,NMB,34,33,50,380.00,"19,000.00"
2019-11-26,2019112601002486,NMB,34,19,40,380.00,"15,200.00"
2019-11-26,2019112601002449,NMB,33,1,92,379.00,"34,868.00"
2019-11-26,2019112601002445,NMB,25,19,50,380.00,"19,000.00"
2019-11-26,2019112601002562,NMB,16,43,150,380.00,"57,000.00"
2019-11-26,2019112601002550,NMB,26,43,50,380.00,"19,000.00"
2019-11-26,2019112601002549,NMB,26,32,50,380.00,"19,000.00"
2019-11-26,2019112601002546,NMB,16,32,50,380.00,"19,000.00"
2019-11-26,2019112601002545,NMB,16,54,500,380.00,"190,000.00"
2019-11-26,2019112601002544,NMB,16,46,"1,000",380.00,"380,000.00"
2019-11-26,2019112601002630,NMB,21,21,1,379.00,379.00
2019-11-26,2019112601002625,NMB,21,21,1,379.00,379.00
2019-11-26,2019112601002611,NMB,14,35,100,380.00,"38,000.00"
2019-11-26,2019112601002610,NMB,21,21,1,379.00,379.00
2019-11-26,2019112601002602,NMB,33,49,100,379.00,"37,900.00"
2019-11-26,2019112601002563,NMB,16,35,170,380.00,"64,600.00"
2019-11-26,2019112601002675,NMB,21,21,1,379.00,379.00
2019-11-26,2019112601002659,NMB,21,21,1,379.00,379.00
2019-11-26,2019112601002651,NMB,21,21,1,379.00,379.00
2019-11-26,2019112601002646,NMB,21,21,1,379.00,379.00
2019-11-26,2019112601002644,NMB,21,21,1,379.00,379.00
2019-11-26,2019112601002639,NMB,21,21,1,379.00,379.00
2019-11-26,2019112601002730,NMFBS,46,5,12,"1,789.00","21,468.00"
2019-11-26,2019112601002648,NMFBS,59,41,15,"1,785.00","26,775.00"
2019-11-26,2019112601002816,NNLB,6,5,42,455.00,"19,110.00"
2019-11-26,2019112601002647,NTC,52,44,100,623.00,"62,300.00"
2019-11-26,2019112601002626,NUBL,20,49,44,882.00,"38,808.00"
2019-11-26,2019112601002588,NUBL,6,49,100,882.00,"88,200.00"
2019-11-26,2019112601002587,NUBL,45,49,20,882.00,"17,640.00"
2019-11-26,2019112601002618,OHL,35,54,40,405.00,"16,200.00"
2019-11-26,2019112601002813,PCBL,25,37,3,273.00,819.00
2019-11-26,2019112601002812,PCBL,25,47,64,273.00,"17,472.00"
2019-11-26,2019112601002811,PCBL,25,43,500,273.00,"136,500.00"
2019-11-26,2019112601002810,PCBL,25,43,233,273.00,"63,609.00"
2019-11-26,2019112601002779,PCBL,6,41,89,272.00,"24,208.00"
2019-11-26,2019112601002741,PCBL,6,48,20,272.00,"5,440.00"
2019-11-26,2019112601002503,PCBL,21,21,2,272.00,544.00
2019-11-26,2019112601002369,PCBL,6,38,310,272.00,"84,320.00"
2019-11-26,2019112601002596,PCBL,6,59,27,272.00,"7,344.00"
2019-11-26,2019112601002584,PCBL,21,21,2,273.00,546.00
2019-11-26,2019112601002576,PCBL,34,43,267,273.00,"72,891.00"
2019-11-26,2019112601002575,PCBL,34,19,236,273.00,"64,428.00"
2019-11-26,2019112601002574,PCBL,34,43,497,273.00,"135,681.00"
2019-11-26,2019112601002559,PCBL,45,43,400,273.00,"109,200.00"
2019-11-26,2019112601002684,PIC,45,26,30,336.00,"10,080.00"
2019-11-26,2019112601002683,PIC,45,26,30,336.00,"10,080.00"
2019-11-26,2019112601002682,PIC,8,26,100,336.00,"33,600.00"
2019-11-26,2019112601002681,PIC,7,26,50,337.00,"16,850.00"
2019-11-26,2019112601002680,PIC,41,26,100,338.00,"33,800.00"
2019-11-26,2019112601002525,PIC,49,33,80,340.00,"27,200.00"
2019-11-26,2019112601002524,PIC,58,33,30,340.00,"10,200.00"
2019-11-26,2019112601002490,PIC,49,38,10,340.00,"3,400.00"
2019-11-26,2019112601002447,PIC,49,38,10,340.00,"3,400.00"
2019-11-26,2019112601002767,PMHPL,58,41,100,77.00,"7,700.00"
2019-11-26,2019112601002766,PMHPL,32,41,100,77.00,"7,700.00"
2019-11-26,2019112601002765,PMHPL,54,41,80,78.00,"6,240.00"
2019-11-26,2019112601002597,PMHPL,54,44,10,78.00,780.00
2019-11-26,2019112601002423,PMHPL,54,58,10,78.00,780.00
2019-11-26,2019112601002755,PPCL,1,16,30,100.00,"3,000.00"
2019-11-26,2019112601002690,PPCL,1,16,30,100.00,"3,000.00"
2019-11-26,2019112601002808,PRVU,57,5,"3,820",223.00,"851,860.00"
2019-11-26,2019112601002770,PRVU,57,28,"1,000",223.00,"223,000.00"
2019-11-26,2019112601002769,PRVU,57,37,180,223.00,"40,140.00"
2019-11-26,2019112601002628,PRVU,34,37,820,223.00,"182,860.00"
2019-11-26,2019112601002627,PRVU,34,43,180,223.00,"40,140.00"
2019-11-26,2019112601002411,PRVU,14,43,50,223.00,"11,150.00"
2019-11-26,2019112601002368,PRVU,33,43,500,223.00,"111,500.00"
2019-11-26,2019112601002655,RADHI,14,39,12,137.00,"1,644.00"
2019-11-26,2019112601002642,RADHI,56,49,12,138.00,"1,656.00"
2019-11-26,2019112601002788,RBCL,6,1,32,"7,900.00","252,800.00"
2019-11-26,2019112601002557,RBCL,38,1,10,"7,900.00","79,000.00"
2019-11-26,2019112601002430,RBCL,49,6,10,"7,870.00","78,700.00"
2019-11-26,2019112601002429,RBCL,33,6,10,"7,870.00","78,700.00"
2019-11-26,2019112601002428,RBCL,16,6,10,"7,880.00","78,800.00"
2019-11-26,2019112601002427,RBCL,6,6,10,"7,880.00","78,800.00"
2019-11-26,2019112601002833,RHPL,11,34,40,162.00,"6,480.00"
2019-11-26,2019112601002744,RHPL,11,16,30,162.00,"4,860.00"
2019-11-26,2019112601002743,RHPL,8,16,10,162.00,"1,620.00"
2019-11-26,2019112601002629,RHPL,8,16,30,162.00,"4,860.00"
2019-11-26,2019112601002583,RHPL,8,14,40,162.00,"6,480.00"
2019-11-26,2019112601002551,RHPL,8,14,40,162.00,"6,480.00"
2019-11-26,2019112601002373,RHPL,6,38,40,162.00,"6,480.00"
2019-11-26,2019112601002382,RHPL,43,37,50,163.00,"8,150.00"
2019-11-26,2019112601002381,RHPL,43,37,40,163.00,"6,520.00"
2019-11-26,2019112601002380,RHPL,43,41,40,163.00,"6,520.00"
2019-11-26,2019112601002379,RHPL,43,41,40,163.00,"6,520.00"
2019-11-26,2019112601002378,RHPL,43,54,"1,060",163.00,"172,780.00"
2019-11-26,2019112601002377,RHPL,43,8,90,163.00,"14,670.00"
2019-11-26,2019112601002492,RHPL,8,38,40,162.00,"6,480.00"
2019-11-26,2019112601002453,RHPL,8,38,40,162.00,"6,480.00"
2019-11-26,2019112601002432,RHPL,45,22,50,162.00,"8,100.00"
2019-11-26,2019112601002426,RHPL,45,40,450,162.00,"72,900.00"
2019-11-26,2019112601002425,RHPL,6,40,50,162.00,"8,100.00"
2019-11-26,2019112601002383,RHPL,43,44,20,163.00,"3,260.00"
2019-11-26,2019112601002827,RMDC,7,32,30,571.00,"17,130.00"
2019-11-26,2019112601002826,RMDC,13,10,50,575.00,"28,750.00"
2019-11-26,2019112601002799,RMDC,38,32,30,575.00,"17,250.00"
2019-11-26,2019112601002689,RSDC,21,21,1,275.00,275.00
2019-11-26,2019112601002518,RSDC,21,21,1,275.00,275.00
2019-11-26,2019112601002820,SABSL,34,34,10,468.00,"4,680.00"
2019-11-26,2019112601002819,SABSL,34,58,10,467.00,"4,670.00"
2019-11-26,2019112601002803,SABSL,44,46,10,464.00,"4,640.00"
2019-11-26,2019112601002662,SABSL,44,36,175,464.00,"81,200.00"
2019-11-26,2019112601002661,SABSL,13,36,10,464.00,"4,640.00"
2019-11-26,2019112601002660,SABSL,39,36,160,465.00,"74,400.00"
2019-11-26,2019112601002347,SABSL,47,34,80,468.00,"37,440.00"
2019-11-26,2019112601002641,SANIMA,34,54,70,304.00,"21,280.00"
2019-11-26,2019112601002607,SANIMA,34,54,930,304.00,"282,720.00"
2019-11-26,2019112601002472,SANIMA,17,21,10,303.00,"3,030.00"
2019-11-26,2019112601002412,SANIMA,33,54,70,304.00,"21,280.00"
2019-11-26,2019112601002388,SANIMA,33,54,430,304.00,"130,720.00"
2019-11-26,2019112601002835,SAPDBL,44,32,60,118.00,"7,080.00"
2019-11-26,2019112601002696,SBI,56,49,54,375.00,"20,250.00"
2019-11-26,2019112601002695,SBI,41,49,100,375.00,"37,500.00"
2019-11-26,2019112601002694,SBI,20,49,61,375.00,"22,875.00"
2019-11-26,2019112601002517,SBI,19,19,178,376.00,"66,928.00"
2019-11-26,2019112601002516,SBI,56,19,69,376.00,"25,944.00"
2019-11-26,2019112601002446,SBI,56,19,52,376.00,"19,552.00"
2019-11-26,2019112601002434,SBI,56,34,79,376.00,"29,704.00"
2019-11-26,2019112601002666,SBL,35,36,20,280.00,"5,600.00"
2019-11-26,2019112601002617,SBL,33,49,72,279.00,"20,088.00"
2019-11-26,2019112601002469,SBL,33,21,15,279.00,"4,185.00"
2019-11-26,2019112601002442,SBL,33,34,298,279.00,"83,142.00"
2019-11-26,2019112601002342,SBL,4,17,139,278.00,"38,642.00"
2019-11-26,2019112601002619,SCB,19,25,20,525.00,"10,500.00"
2019-11-26,2019112601002504,SCB,58,54,20,526.00,"10,520.00"
2019-11-26,2019112601002484,SCB,19,25,20,525.00,"10,500.00"
2019-11-26,2019112601002708,SFFIL,59,7,50,164.00,"8,200.00"
2019-11-26,2019112601002707,SFFIL,58,7,150,164.00,"24,600.00"
2019-11-26,2019112601002706,SFFIL,57,7,140,164.00,"22,960.00"
2019-11-26,2019112601002705,SFFIL,39,7,50,164.00,"8,200.00"
2019-11-26,2019112601002704,SFFIL,42,7,25,165.00,"4,125.00"
2019-11-26,2019112601002703,SFFIL,55,7,50,165.00,"8,250.00"
2019-11-26,2019112601002702,SFFIL,52,7,50,165.00,"8,250.00"
2019-11-26,2019112601002701,SFFIL,6,7,50,166.00,"8,300.00"
2019-11-26,2019112601002832,SHIVM,21,21,200,392.00,"78,400.00"
2019-11-26,2019112601002828,SHPC,48,5,39,180.00,"7,020.00"
2019-11-26,2019112601002814,SHPC,48,32,20,180.00,"3,600.00"
2019-11-26,2019112601002780,SHPC,48,5,39,180.00,"7,020.00"
2019-11-26,2019112601002523,SHPC,21,21,7,181.00,"1,267.00"
2019-11-26,2019112601002536,SIC,25,1,10,430.00,"4,300.00"
2019-11-26,2019112601002482,SICL,58,38,44,738.00,"32,472.00"
2019-11-26,2019112601002481,SICL,58,36,56,737.00,"41,272.00"
2019-11-26,2019112601002783,SJCL,40,7,10,153.00,"1,530.00"
2019-11-26,2019112601002771,SJCL,40,7,10,153.00,"1,530.00"
2019-11-26,2019112601002506,SJCL,40,38,20,153.00,"3,060.00"
2019-11-26,2019112601002455,SJCL,40,38,20,153.00,"3,060.00"
2019-11-26,2019112601002391,SJCL,40,38,20,153.00,"3,060.00"
2019-11-26,2019112601002754,SJCL,40,16,20,153.00,"3,060.00"
2019-11-26,2019112601002635,SJCL,40,16,20,153.00,"3,060.00"
2019-11-26,2019112601002595,SJCL,40,14,20,153.00,"3,060.00"
2019-11-26,2019112601002553,SJCL,40,14,20,153.00,"3,060.00"
2019-11-26,2019112601002441,SKBBL,14,54,24,914.00,"21,936.00"
2019-11-26,2019112601002374,SLBBL,25,42,17,630.00,"10,710.00"
2019-11-26,2019112601002366,SLBBL,29,42,20,630.00,"12,600.00"
2019-11-26,2019112601002364,SLBBL,29,58,40,630.00,"25,200.00"
2019-11-26,2019112601002437,SLBBL,6,37,172,630.00,"108,360.00"
2019-11-26,2019112601002436,SLBBL,6,42,13,630.00,"8,190.00"
2019-11-26,2019112601002403,SLBBL,22,42,50,629.00,"31,450.00"
2019-11-26,2019112601002522,SLBBL,1,49,10,633.00,"6,330.00"
2019-11-26,2019112601002760,SLBSL,52,48,16,691.00,"11,056.00"
2019-11-26,2019112601002759,SLBSL,1,48,10,693.00,"6,930.00"
2019-11-26,2019112601002582,SLBSL,19,4,235,705.00,"165,675.00"
2019-11-26,2019112601002581,SLBSL,19,41,50,705.00,"35,250.00"
2019-11-26,2019112601002580,SLBSL,19,49,50,705.00,"35,250.00"
2019-11-26,2019112601002395,SLBSL,52,1,10,690.00,"6,900.00"
2019-11-26,2019112601002579,SLBSL,19,14,10,700.00,"7,000.00"
2019-11-26,2019112601002578,SLBSL,19,45,10,700.00,"7,000.00"
2019-11-26,2019112601002431,SLBSL,58,40,10,699.00,"6,990.00"
2019-11-26,2019112601002396,SLBSL,52,4,10,692.00,"6,920.00"
2019-11-26,2019112601002652,SLICL,28,49,29,241.00,"6,989.00"
2019-11-26,2019112601002505,SLICL,29,49,59,241.00,"14,219.00"
2019-11-26,2019112601002462,SLICL,29,49,41,241.00,"9,881.00"
2019-11-26,2019112601002461,SLICL,32,49,10,241.00,"2,410.00"
2019-11-26,2019112601002460,SLICL,10,49,38,241.00,"9,158.00"
2019-11-26,2019112601002459,SLICL,11,49,15,242.00,"3,630.00"
2019-11-26,2019112601002458,SLICL,45,49,45,242.00,"10,890.00"
2019-11-26,2019112601002393,SLICL,56,51,75,243.00,"18,225.00"
2019-11-26,2019112601002791,SMATA,7,16,12,484.00,"5,808.00"
2019-11-26,2019112601002776,SMB,38,48,10,415.00,"4,150.00"
2019-11-26,2019112601002761,SMB,38,16,10,415.00,"4,150.00"
2019-11-26,2019112601002468,SRBL,25,34,266,208.00,"55,328.00"
2019-11-26,2019112601002547,SWBBL,21,21,1,920.00,920.00
2019-11-26,2019112601002561,TMDBL,21,21,1,140.00,140.00
2019-11-26,2019112601002665,UIC,14,6,100,223.00,"22,300.00"
2019-11-26,2019112601002664,UIC,14,22,112,223.00,"24,976.00"
2019-11-26,2019112601002796,UMHL,54,16,"3,000",101.00,"303,000.00"
2019-11-26,2019112601002795,UMHL,54,58,10,101.00,"1,010.00"
2019-11-26,2019112601002471,UMHL,5,16,"1,000",101.00,"101,000.00"
2019-11-26,2019112601002693,UNHPL,25,45,50,51.00,"2,550.00"
2019-11-26,2019112601002692,UNHPL,22,45,50,52.00,"2,600.00"
2019-11-26,2019112601002721,UPCL,42,45,100,72.00,"7,200.00"
2019-11-26,2019112601002457,UPCL,42,58,50,72.00,"3,600.00"
2019-11-26,2019112601002375,UPCL,58,58,72,73.00,"5,256.00"
2019-11-26,2019112601002674,UPPER,46,51,600,225.00,"135,000.00"
2019-11-26,2019112601002673,UPPER,46,36,90,225.00,"20,250.00"
2019-11-26,2019112601002672,UPPER,46,38,50,225.00,"11,250.00"
2019-11-26,2019112601002671,UPPER,46,45,110,225.00,"24,750.00"
2019-11-26,2019112601002670,UPPER,46,45,40,225.00,"9,000.00"
2019-11-26,2019112601002669,UPPER,46,45,50,225.00,"11,250.00"
2019-11-26,2019112601002385,UPPER,25,22,40,224.00,"8,960.00"
2019-11-26,2019112601002476,UPPER,21,21,4,224.00,896.00
2019-11-26,2019112601002456,UPPER,25,38,40,224.00,"8,960.00"
2019-11-26,2019112601002404,UPPER,25,49,40,224.00,"8,960.00"
2019-11-26,2019112601002668,UPPER,46,57,250,225.00,"56,250.00"
2019-11-26,2019112601002667,UPPER,46,44,"1,700",225.00,"382,500.00"
2019-11-26,2019112601002606,UPPER,25,44,"1,000",225.00,"225,000.00"
2019-11-26,2019112601002560,UPPER,26,44,50,225.00,"11,250.00"
2019-11-26,2019112601002513,UPPER,25,38,40,224.00,"8,960.00"
2019-11-26,2019112601002656,VLBS,26,50,10,581.00,"5,810.00"
2019-11-26,2019112601001872,ADBL,13,39,100,407.00,"40,700.00"
2019-11-26,2019112601001977,AHPC,5,4,147,93.00,"13,671.00"
2019-11-26,2019112601001940,AHPC,55,4,10,94.00,940.00
2019-11-26,2019112601001939,AHPC,39,4,50,94.00,"4,700.00"
2019-11-26,2019112601002289,AKBSL,19,41,10,424.00,"4,240.00"
2019-11-26,2019112601002091,AKBSL,19,45,10,424.00,"4,240.00"
2019-11-26,2019112601001924,AKBSL,19,44,10,425.00,"4,250.00"
2019-11-26,2019112601002191,AKJCL,14,58,10,55.00,550.00
2019-11-26,2019112601002319,API,47,38,42,100.00,"4,200.00"
2019-11-26,2019112601002281,API,25,40,50,102.00,"5,100.00"
2019-11-26,2019112601002278,API,41,25,"2,000",101.00,"202,000.00"
2019-11-26,2019112601002260,API,57,25,450,101.00,"45,450.00"
2019-11-26,2019112601002095,API,21,40,100,102.00,"10,200.00"
2019-11-26,2019112601001932,API,57,25,"1,550",101.00,"156,550.00"
2019-11-26,2019112601001931,API,39,25,100,101.00,"10,100.00"
2019-11-26,2019112601002304,BFC,8,14,65,86.00,"5,590.00"
2019-11-26,2019112601002303,BFC,58,14,10,86.00,860.00
2019-11-26,2019112601002167,BOKL,41,45,50,215.00,"10,750.00"
2019-11-26,2019112601002166,BOKL,41,26,55,215.00,"11,825.00"
2019-11-26,2019112601002165,BOKL,41,42,100,215.00,"21,500.00"
2019-11-26,2019112601002147,BOKL,58,26,10,215.00,"2,150.00"
2019-11-26,2019112601002265,BPCL,44,44,3,337.00,"1,011.00"
2019-11-26,2019112601001882,BPCL,6,6,11,343.00,"3,773.00"
2019-11-26,2019112601001878,BPCL,6,6,11,343.00,"3,773.00"
2019-11-26,2019112601001875,BPCL,6,6,11,343.00,"3,773.00"
2019-11-26,2019112601001914,CBBL,45,18,100,980.00,"98,000.00"
2019-11-26,2019112601001913,CBBL,22,18,25,980.00,"24,500.00"
2019-11-26,2019112601002324,CBL,44,58,720,135.00,"97,200.00"
2019-11-26,2019112601002295,CCBL,7,18,96,158.00,"15,168.00"
2019-11-26,2019112601002286,CCBL,3,18,180,158.00,"28,440.00"
2019-11-26,2019112601002279,CCBL,44,44,5,155.00,775.00
2019-11-26,2019112601002259,CCBL,51,18,200,158.00,"31,600.00"
2019-11-26,2019112601002258,CCBL,58,18,500,158.00,"79,000.00"
2019-11-26,2019112601002257,CCBL,37,18,200,158.00,"31,600.00"
2019-11-26,2019112601001986,CCBL,45,38,227,159.00,"36,093.00"
2019-11-26,2019112601001904,CCBL,45,39,41,159.00,"6,519.00"
2019-11-26,2019112601001877,CCBL,45,17,32,159.00,"5,088.00"
2019-11-26,2019112601002071,CCBL,6,38,100,158.00,"15,800.00"
2019-11-26,2019112601002070,CCBL,13,38,100,158.00,"15,800.00"
2019-11-26,2019112601002069,CCBL,52,38,100,158.00,"15,800.00"
2019-11-26,2019112601002068,CCBL,8,38,"1,344",158.00,"212,352.00"
2019-11-26,2019112601002067,CCBL,13,38,281,158.00,"44,398.00"
2019-11-26,2019112601002048,CCBL,13,18,89,159.00,"14,151.00"
2019-11-26,2019112601002226,CCBL,10,18,50,159.00,"7,950.00"
2019-11-26,2019112601002160,CCBL,13,18,84,159.00,"13,356.00"
2019-11-26,2019112601002119,CCBL,41,18,100,159.00,"15,900.00"
2019-11-26,2019112601002118,CCBL,41,4,500,159.00,"79,500.00"
2019-11-26,2019112601002073,CCBL,41,38,688,158.00,"108,704.00"
2019-11-26,2019112601002072,CCBL,59,38,"1,000",158.00,"158,000.00"
2019-11-26,2019112601002256,CCBL,22,18,127,158.00,"20,066.00"
2019-11-26,2019112601002255,CCBL,49,18,100,158.00,"15,800.00"
2019-11-26,2019112601002254,CCBL,46,18,150,158.00,"23,700.00"
2019-11-26,2019112601002253,CCBL,34,18,500,158.00,"79,000.00"
2019-11-26,2019112601002252,CCBL,14,18,500,158.00,"79,000.00"
2019-11-26,2019112601002251,CCBL,41,18,312,158.00,"49,296.00"
2019-11-26,2019112601002146,CFCL,25,49,165,108.00,"17,820.00"
2019-11-26,2019112601002066,CFCL,14,16,432,110.00,"47,520.00"
2019-11-26,2019112601002006,CFCL,14,39,46,110.00,"5,060.00"
2019-11-26,2019112601002051,CHCL,29,29,495,358.00,"177,210.00"
2019-11-26,2019112601001910,CHL,47,26,91,81.00,"7,371.00"
2019-11-26,2019112601002142,CIT,19,44,200,"1,699.00","339,800.00"
2019-11-26,2019112601002321,CZBIL,25,44,50,183.00,"9,150.00"
2019-11-26,2019112601002267,CZBIL,52,16,99,182.00,"18,018.00"
2019-11-26,2019112601002056,CZBIL,29,29,"1,338",182.00,"243,516.00"
2019-11-26,2019112601002046,CZBIL,5,44,150,183.00,"27,450.00"
2019-11-26,2019112601002335,DBBL,51,38,737,120.00,"88,440.00"
2019-11-26,2019112601001994,DBBL,51,41,228,120.00,"27,360.00"
2019-11-26,2019112601001993,DBBL,34,41,50,120.00,"6,000.00"
2019-11-26,2019112601001992,DBBL,21,41,100,120.00,"12,000.00"
2019-11-26,2019112601001991,DBBL,41,41,150,120.00,"18,000.00"
2019-11-26,2019112601001990,DBBL,1,41,50,120.00,"6,000.00"
2019-11-26,2019112601001989,DBBL,48,41,300,120.00,"36,000.00"
2019-11-26,2019112601001988,DBBL,1,41,81,120.00,"9,720.00"
2019-11-26,2019112601001987,DBBL,46,41,96,121.00,"11,616.00"
2019-11-26,2019112601001967,DBBL,46,4,54,121.00,"6,534.00"
2019-11-26,2019112601002199,DDBL,44,4,500,720.00,"360,000.00"
2019-11-26,2019112601002198,DDBL,44,54,500,719.00,"359,500.00"
2019-11-26,2019112601002100,DDBL,47,54,300,717.00,"215,100.00"
2019-11-26,2019112601002280,EBL,7,4,25,537.00,"13,425.00"
2019-11-26,2019112601002248,EBL,19,4,100,537.00,"53,700.00"
2019-11-26,2019112601002050,EBL,5,4,100,537.00,"53,700.00"
2019-11-26,2019112601002034,EBL,38,4,10,537.00,"5,370.00"
2019-11-26,2019112601002018,EBL,45,4,20,537.00,"10,740.00"
2019-11-26,2019112601001966,EBL,14,6,100,536.00,"53,600.00"
2019-11-26,2019112601001925,EBL,56,4,100,537.00,"53,700.00"
2019-11-26,2019112601001895,EBL,7,4,200,538.00,"107,600.00"
2019-11-26,2019112601001894,EBL,26,4,62,538.00,"33,356.00"
2019-11-26,2019112601001893,EBL,41,4,20,539.00,"10,780.00"
2019-11-26,2019112601001976,FOWAD,39,49,19,"1,315.00","24,985.00"
2019-11-26,2019112601002110,GBBL,54,16,100,222.00,"22,200.00"
2019-11-26,2019112601002109,GBBL,45,16,500,222.00,"111,000.00"
2019-11-26,2019112601002108,GBBL,29,16,300,222.00,"66,600.00"
2019-11-26,2019112601002107,GBBL,29,16,100,222.00,"22,200.00"
2019-11-26,2019112601002106,GBBL,48,16,30,222.00,"6,660.00"
2019-11-26,2019112601002105,GBBL,3,16,"1,000",222.00,"222,000.00"
2019-11-26,2019112601001849,GBBL,17,7,75,223.00,"16,725.00"
2019-11-26,2019112601002104,GBBL,26,16,200,222.00,"44,400.00"
2019-11-26,2019112601002103,GBBL,17,16,330,222.00,"73,260.00"
2019-11-26,2019112601002099,GBBL,17,38,170,222.00,"37,740.00"
2019-11-26,2019112601002090,GBBL,47,16,"1,000",223.00,"223,000.00"
2019-11-26,2019112601002089,GBBL,17,16,25,223.00,"5,575.00"
2019-11-26,2019112601002088,GBBL,5,16,100,224.00,"22,400.00"
2019-11-26,2019112601002087,GBLBS,36,5,15,290.00,"4,350.00"
2019-11-26,2019112601002086,GBLBS,36,1,15,290.00,"4,350.00"
2019-11-26,2019112601002085,GBLBS,36,42,15,290.00,"4,350.00"
2019-11-26,2019112601002302,GGBSL,18,21,10,634.00,"6,340.00"
2019-11-26,2019112601002301,GGBSL,18,7,30,633.00,"18,990.00"
2019-11-26,2019112601002179,GGBSL,37,16,10,630.00,"6,300.00"
2019-11-26,2019112601002094,GGBSL,37,45,10,630.00,"6,300.00"
2019-11-26,2019112601001919,GGBSL,19,34,10,630.00,"6,300.00"
2019-11-26,2019112601001905,GGBSL,38,54,10,630.00,"6,300.00"
2019-11-26,2019112601002054,GGBSL,19,7,10,630.00,"6,300.00"
2019-11-26,2019112601001962,GGBSL,19,34,10,630.00,"6,300.00"
2019-11-26,2019112601001954,GGBSL,19,48,10,630.00,"6,300.00"
2019-11-26,2019112601001948,GGBSL,19,48,10,630.00,"6,300.00"
2019-11-26,2019112601002300,GLICL,25,43,10,349.00,"3,490.00"
2019-11-26,2019112601002156,GLICL,21,21,3,338.00,"1,014.00"
2019-11-26,2019112601002155,GLICL,21,21,3,338.00,"1,014.00"
2019-11-26,2019112601002149,GLICL,21,21,3,338.00,"1,014.00"
2019-11-26,2019112601002037,GLICL,50,25,74,344.00,"25,456.00"
2019-11-26,2019112601002036,GLICL,14,25,80,344.00,"27,520.00"
2019-11-26,2019112601002035,GLICL,19,25,18,345.00,"6,210.00"
2019-11-26,2019112601002318,GMFBS,54,8,10,487.00,"4,870.00"
2019-11-26,2019112601002313,GMFBS,58,8,10,487.00,"4,870.00"
2019-11-26,2019112601002292,GMFBS,58,8,10,487.00,"4,870.00"
2019-11-26,2019112601002117,HDL,17,42,11,"1,735.00","19,085.00"
2019-11-26,2019112601002111,HDL,45,42,20,"1,735.00","34,700.00"
2019-11-26,2019112601002064,HDL,42,42,15,"1,735.00","26,025.00"
2019-11-26,2019112601002052,HDL,11,42,14,"1,735.00","24,290.00"
2019-11-26,2019112601002329,HGI,25,4,50,239.00,"11,950.00"
2019-11-26,2019112601002053,HGI,19,26,402,237.00,"95,274.00"
2019-11-26,2019112601002339,HIDCL,43,29,"1,000",132.00,"132,000.00"
2019-11-26,2019112601002338,HIDCL,43,38,835,132.00,"110,220.00"
2019-11-26,2019112601002337,HIDCL,43,22,100,132.00,"13,200.00"
