Date,Transact. No.,Symbol,Buyer,Seller,Quantity,Rate,Amount
2019-04-02,2019040201007777,ADBL,19,38,200,302.00,"60,400.00"
2019-04-02,2019040201007653,ADBL,16,29,86,300.00,"25,800.00"
2019-04-02,2019040201007652,ADBL,7,29,869,300.00,"260,700.00"
2019-04-02,2019040201007794,AKPL,25,34,10,181.00,"1,810.00"
2019-04-02,2019040201007775,AKPL,25,41,10,179.00,"1,790.00"
2019-04-02,2019040201007774,AKPL,25,22,13,178.00,"2,314.00"
2019-04-02,2019040201007773,AKPL,25,44,10,177.00,"1,770.00"
2019-04-02,2019040201007768,ALBSL,16,20,10,477.00,"4,770.00"
2019-04-02,2019040201007656,ALBSL,25,56,60,478.00,"28,680.00"
2019-04-02,2019040201007326,ALBSL,14,20,10,479.00,"4,790.00"
2019-04-02,2019040201007517,ALBSL,25,51,10,479.00,"4,790.00"
2019-04-02,2019040201007491,ALBSL,54,17,10,478.00,"4,780.00"
2019-04-02,2019040201007426,ALBSL,54,38,10,478.00,"4,780.00"
2019-04-02,2019040201007412,ALBSL,14,41,10,479.00,"4,790.00"
2019-04-02,2019040201007399,ALBSL,14,51,10,479.00,"4,790.00"
2019-04-02,2019040201007397,ALBSL,14,41,10,479.00,"4,790.00"
2019-04-02,2019040201007550,ALBSL,57,10,10,478.00,"4,780.00"
2019-04-02,2019040201007543,ALBSL,51,25,20,480.00,"9,600.00"
2019-04-02,2019040201007542,ALBSL,51,51,10,479.00,"4,790.00"
2019-04-02,2019040201007541,ALBSL,54,38,10,478.00,"4,780.00"
2019-04-02,2019040201007529,ALBSL,54,10,10,478.00,"4,780.00"
2019-04-02,2019040201007518,ALBSL,54,10,10,478.00,"4,780.00"
2019-04-02,2019040201007586,ALBSL,16,38,10,477.00,"4,770.00"
2019-04-02,2019040201007569,ALBSL,54,56,30,478.00,"14,340.00"
2019-04-02,2019040201007568,ALBSL,57,56,10,478.00,"4,780.00"
2019-04-02,2019040201007566,ALBSL,57,46,10,478.00,"4,780.00"
2019-04-02,2019040201007561,ALBSL,57,38,10,478.00,"4,780.00"
2019-04-02,2019040201007560,ALBSL,57,10,10,478.00,"4,780.00"
2019-04-02,2019040201007478,API,16,33,45,137.00,"6,165.00"
2019-04-02,2019040201007477,API,16,53,455,137.00,"62,335.00"
2019-04-02,2019040201007476,BHBL,35,14,100,161.00,"16,100.00"
2019-04-02,2019040201007475,BHBL,35,32,500,161.00,"80,500.00"
2019-04-02,2019040201007474,BHBL,35,28,50,161.00,"8,050.00"
2019-04-02,2019040201007590,BHBL,1,32,740,163.00,"120,620.00"
2019-04-02,2019040201007563,BNT,34,38,10,"6,575.00","65,750.00"
2019-04-02,2019040201007552,BOKL,38,49,210,247.00,"51,870.00"
2019-04-02,2019040201007381,BOKL,55,49,204,247.00,"50,388.00"
2019-04-02,2019040201007380,BOKL,41,49,116,247.00,"28,652.00"
2019-04-02,2019040201007612,BPCL,56,58,142,356.00,"50,552.00"
2019-04-02,2019040201007611,BPCL,58,58,200,356.00,"71,200.00"
2019-04-02,2019040201007610,BPCL,46,58,178,356.00,"63,368.00"
2019-04-02,2019040201007609,BPCL,6,58,50,357.00,"17,850.00"
2019-04-02,2019040201007608,BPCL,45,58,100,357.00,"35,700.00"
2019-04-02,2019040201007601,BPCL,46,58,200,359.00,"71,800.00"
2019-04-02,2019040201007600,BPCL,34,58,16,359.00,"5,744.00"
2019-04-02,2019040201007599,BPCL,13,58,216,359.00,"77,544.00"
2019-04-02,2019040201007598,BPCL,41,58,50,360.00,"18,000.00"
2019-04-02,2019040201007607,BPCL,5,58,300,357.00,"107,100.00"
2019-04-02,2019040201007606,BPCL,26,58,25,357.00,"8,925.00"
2019-04-02,2019040201007605,BPCL,50,58,17,357.00,"6,069.00"
2019-04-02,2019040201007604,BPCL,16,58,10,358.00,"3,580.00"
2019-04-02,2019040201007603,BPCL,1,58,100,358.00,"35,800.00"
2019-04-02,2019040201007602,BPCL,1,58,84,358.00,"30,072.00"
2019-04-02,2019040201007751,CBBL,1,52,39,897.00,"34,983.00"
2019-04-02,2019040201007619,CBBL,45,34,20,898.00,"17,960.00"
2019-04-02,2019040201007614,CBBL,44,57,100,896.00,"89,600.00"
2019-04-02,2019040201007473,CBBL,26,55,170,897.00,"152,490.00"
2019-04-02,2019040201007327,CBBL,48,34,100,898.00,"89,800.00"
2019-04-02,2019040201007472,CBBL,26,1,134,897.00,"120,198.00"
2019-04-02,2019040201007416,CBBL,42,55,30,897.00,"26,910.00"
2019-04-02,2019040201007588,CBL,33,59,13,160.00,"2,080.00"
2019-04-02,2019040201007669,CCBL,38,6,50,168.00,"8,400.00"
2019-04-02,2019040201007668,CCBL,38,6,100,168.00,"16,800.00"
2019-04-02,2019040201007667,CCBL,38,6,100,168.00,"16,800.00"
2019-04-02,2019040201007666,CCBL,38,6,100,168.00,"16,800.00"
2019-04-02,2019040201007665,CCBL,38,51,150,168.00,"25,200.00"
2019-04-02,2019040201007465,CCBL,59,51,50,168.00,"8,400.00"
2019-04-02,2019040201007336,CCBL,18,28,284,166.00,"47,144.00"
2019-04-02,2019040201007335,CCBL,39,28,31,167.00,"5,177.00"
2019-04-02,2019040201007781,CFCL,44,1,200,108.00,"21,600.00"
2019-04-02,2019040201007780,CFCL,44,16,481,108.00,"51,948.00"
2019-04-02,2019040201007779,CFCL,44,29,532,108.00,"57,456.00"
2019-04-02,2019040201007371,CHCL,42,35,100,504.00,"50,400.00"
2019-04-02,2019040201007370,CHCL,41,35,50,504.00,"25,200.00"
2019-04-02,2019040201007369,CHCL,16,35,10,504.00,"5,040.00"
2019-04-02,2019040201007368,CHCL,55,35,100,504.00,"50,400.00"
2019-04-02,2019040201007367,CHCL,1,35,16,504.00,"8,064.00"
2019-04-02,2019040201007356,CHCL,10,32,157,506.00,"79,442.00"
2019-04-02,2019040201007344,CHCL,1,58,134,504.00,"67,536.00"
2019-04-02,2019040201007343,CHCL,55,58,27,504.00,"13,608.00"
2019-04-02,2019040201007342,CHCL,41,58,15,505.00,"7,575.00"
2019-04-02,2019040201007537,CHLBS,43,20,10,506.00,"5,060.00"
2019-04-02,2019040201007535,CHLBS,43,1,10,506.00,"5,060.00"
2019-04-02,2019040201007467,CHLBS,43,17,10,506.00,"5,060.00"
2019-04-02,2019040201007422,CHLBS,43,48,10,506.00,"5,060.00"
2019-04-02,2019040201007377,CHLBS,36,7,10,507.00,"5,070.00"
2019-04-02,2019040201007376,CHLBS,36,7,40,507.00,"20,280.00"
2019-04-02,2019040201007364,CHLBS,36,20,10,507.00,"5,070.00"
2019-04-02,2019040201007333,CHLBS,36,20,10,507.00,"5,070.00"
2019-04-02,2019040201007686,CIT,22,58,31,"2,600.00","80,600.00"
2019-04-02,2019040201007657,CIT,34,58,19,"2,600.00","49,400.00"
2019-04-02,2019040201007649,CIT,54,58,60,"2,600.00","156,000.00"
2019-04-02,2019040201007648,CIT,44,58,60,"2,600.00","156,000.00"
2019-04-02,2019040201007806,CZBIL,54,43,280,219.00,"61,320.00"
2019-04-02,2019040201007805,CZBIL,54,14,100,219.00,"21,900.00"
2019-04-02,2019040201007804,CZBIL,54,58,500,219.00,"109,500.00"
2019-04-02,2019040201007803,CZBIL,54,59,310,219.00,"67,890.00"
2019-04-02,2019040201007802,CZBIL,54,36,700,219.00,"153,300.00"
2019-04-02,2019040201007692,CZBIL,33,32,200,219.00,"43,800.00"
2019-04-02,2019040201007418,CZBIL,49,22,55,218.00,"11,990.00"
2019-04-02,2019040201007355,CZBIL,54,22,100,217.00,"21,700.00"
2019-04-02,2019040201007438,CZBIL,54,41,10,217.00,"2,170.00"
2019-04-02,2019040201007420,CZBIL,35,22,100,218.00,"21,800.00"
2019-04-02,2019040201007419,CZBIL,49,22,45,218.00,"9,810.00"
2019-04-02,2019040201007644,CZBIL,25,49,43,218.00,"9,374.00"
2019-04-02,2019040201007643,CZBIL,25,13,189,218.00,"41,202.00"
2019-04-02,2019040201007642,CZBIL,25,37,103,218.00,"22,454.00"
2019-04-02,2019040201007641,CZBIL,25,6,10,218.00,"2,180.00"
2019-04-02,2019040201007640,CZBIL,25,22,155,218.00,"33,790.00"
2019-04-02,2019040201007714,DBBL,25,51,"1,000",127.00,"127,000.00"
2019-04-02,2019040201007706,DDBL,26,32,23,585.00,"13,455.00"
2019-04-02,2019040201007559,DDBL,26,41,181,590.00,"106,790.00"
2019-04-02,2019040201007528,DDBL,26,29,20,590.00,"11,800.00"
2019-04-02,2019040201007755,EBL,36,5,50,592.00,"29,600.00"
2019-04-02,2019040201007457,EBL,45,48,500,591.00,"295,500.00"
2019-04-02,2019040201007383,EBL,36,58,100,590.00,"59,000.00"
2019-04-02,2019040201007471,EBL,1,57,50,588.00,"29,400.00"
2019-04-02,2019040201007519,EDBL,38,38,532,294.00,"156,408.00"
2019-04-02,2019040201007809,FMDBL,53,56,30,370.00,"11,100.00"
2019-04-02,2019040201007685,FOWAD,17,57,70,"1,529.00","107,030.00"
2019-04-02,2019040201007783,GBBL,34,25,500,191.00,"95,500.00"
2019-04-02,2019040201007782,GBBL,34,42,500,191.00,"95,500.00"
2019-04-02,2019040201007626,GBBL,14,42,500,191.00,"95,500.00"
2019-04-02,2019040201007510,GBIME,19,36,100,268.00,"26,800.00"
2019-04-02,2019040201007398,GBIME,35,36,100,268.00,"26,800.00"
2019-04-02,2019040201007750,GBLBS,32,5,50,448.00,"22,400.00"
2019-04-02,2019040201007406,GBLBS,59,59,10,448.00,"4,480.00"
2019-04-02,2019040201007334,GBLBS,5,35,10,450.00,"4,500.00"
2019-04-02,2019040201007514,GDBL,35,49,10,189.00,"1,890.00"
2019-04-02,2019040201007726,GIMES1,54,17,"5,000",7.50,"37,500.00"
2019-04-02,2019040201007680,GLICL,25,37,210,499.00,"104,790.00"
2019-04-02,2019040201007679,GLICL,52,37,25,500.00,"12,500.00"
2019-04-02,2019040201007812,GUFL,45,49,44,110.00,"4,840.00"
2019-04-02,2019040201007728,HBL,54,17,115,470.00,"54,050.00"
2019-04-02,2019040201007727,HBL,54,17,85,470.00,"39,950.00"
2019-04-02,2019040201007583,HPPL,58,42,10,190.00,"1,900.00"
2019-04-02,2019040201007582,HPPL,58,7,10,186.00,"1,860.00"
2019-04-02,2019040201007386,ICFC,10,6,100,156.00,"15,600.00"
2019-04-02,2019040201007385,ICFC,10,33,"1,800",156.00,"280,800.00"
2019-04-02,2019040201007690,IGI,5,21,130,402.00,"52,260.00"
2019-04-02,2019040201007689,IGI,39,21,100,403.00,"40,300.00"
2019-04-02,2019040201007688,IGI,29,21,10,404.00,"4,040.00"
2019-04-02,2019040201007400,JBBL,52,34,156,136.00,"21,216.00"
2019-04-02,2019040201007388,JBBL,52,34,12,136.00,"1,632.00"
2019-04-02,2019040201007387,JBBL,32,34,51,136.00,"6,936.00"
2019-04-02,2019040201007374,JBBL,32,34,49,136.00,"6,664.00"
2019-04-02,2019040201007373,JBBL,29,34,14,136.00,"1,904.00"
2019-04-02,2019040201007357,JBBL,29,34,13,136.00,"1,768.00"
2019-04-02,2019040201007784,JBNL,34,1,175,177.00,"30,975.00"
2019-04-02,2019040201007720,JBNL,22,48,200,178.00,"35,600.00"
2019-04-02,2019040201007577,JBNL,5,57,101,178.00,"17,978.00"
2019-04-02,2019040201007576,JBNL,5,26,200,178.00,"35,600.00"
2019-04-02,2019040201007575,JBNL,5,26,725,178.00,"129,050.00"
2019-04-02,2019040201007515,JBNL,21,26,200,178.00,"35,600.00"
2019-04-02,2019040201007485,JBNL,32,26,75,178.00,"13,350.00"
2019-04-02,2019040201007551,JFL,49,26,50,171.00,"8,550.00"
2019-04-02,2019040201007778,JSLBB,8,21,14,"2,057.00","28,798.00"
2019-04-02,2019040201007470,JSLBB,46,22,14,"2,056.00","28,784.00"
2019-04-02,2019040201007469,JSLBB,29,22,20,"2,057.00","41,140.00"
2019-04-02,2019040201007564,KADBL,59,32,"1,130",150.00,"169,500.00"
2019-04-02,2019040201007591,KBL,4,46,13,247.00,"3,211.00"
2019-04-02,2019040201007509,KBL,4,48,200,246.00,"49,200.00"
2019-04-02,2019040201007508,KBL,4,56,312,246.00,"76,752.00"
2019-04-02,2019040201007456,KBL,4,56,188,246.00,"46,248.00"
2019-04-02,2019040201007455,KBL,4,25,"1,000",246.00,"246,000.00"
2019-04-02,2019040201007454,KBL,4,7,550,246.00,"135,300.00"
2019-04-02,2019040201007441,KBL,4,39,50,245.00,"12,250.00"
2019-04-02,2019040201007440,KBL,4,1,182,245.00,"44,590.00"
2019-04-02,2019040201007439,KBL,4,51,310,245.00,"75,950.00"
2019-04-02,2019040201007437,KBL,49,51,30,245.00,"7,350.00"
2019-04-02,2019040201007447,KBL,4,25,200,245.00,"49,000.00"
2019-04-02,2019040201007446,KBL,4,5,200,245.00,"49,000.00"
2019-04-02,2019040201007445,KBL,4,35,228,245.00,"55,860.00"
2019-04-02,2019040201007444,KBL,4,53,500,245.00,"122,500.00"
2019-04-02,2019040201007443,KBL,4,17,250,245.00,"61,250.00"
2019-04-02,2019040201007442,KBL,4,54,"1,401",245.00,"343,245.00"
2019-04-02,2019040201007453,KBL,4,38,50,246.00,"12,300.00"
2019-04-02,2019040201007452,KBL,4,38,50,246.00,"12,300.00"
2019-04-02,2019040201007451,KBL,4,28,400,246.00,"98,400.00"
2019-04-02,2019040201007450,KBL,4,34,200,246.00,"49,200.00"
2019-04-02,2019040201007449,KBL,4,53,200,246.00,"49,200.00"
2019-04-02,2019040201007448,KBL,4,25,41,246.00,"10,086.00"
2019-04-02,2019040201007697,KMCDB,56,58,10,805.00,"8,050.00"
2019-04-02,2019040201007664,KMCDB,48,50,133,792.00,"105,336.00"
2019-04-02,2019040201007637,KMFL,39,34,10,810.00,"8,100.00"
2019-04-02,2019040201007713,KPCL,45,20,10,92.00,920.00
2019-04-02,2019040201007693,KPCL,45,20,10,92.00,920.00
2019-04-02,2019040201007623,KPCL,45,20,10,92.00,920.00
2019-04-02,2019040201007433,KPCL,45,20,10,92.00,920.00
2019-04-02,2019040201007395,KPCL,37,20,10,93.00,930.00
2019-04-02,2019040201007521,KPCL,45,20,10,92.00,920.00
2019-04-02,2019040201007493,KPCL,45,20,10,92.00,920.00
2019-04-02,2019040201007555,KPCL,45,1,10,92.00,920.00
2019-04-02,2019040201007570,KPCL,45,20,10,92.00,920.00
2019-04-02,2019040201007524,KSBBL,57,34,227,141.00,"32,007.00"
2019-04-02,2019040201007466,KSBBL,33,7,54,140.00,"7,560.00"
2019-04-02,2019040201007771,LBBL,21,36,300,172.00,"51,600.00"
2019-04-02,2019040201007824,LBL,5,40,35,200.00,"7,000.00"
2019-04-02,2019040201007823,LBL,7,40,"1,000",201.00,"201,000.00"
2019-04-02,2019040201007822,LBL,34,40,965,201.00,"193,965.00"
2019-04-02,2019040201007821,LBL,58,40,"1,000",201.00,"201,000.00"
2019-04-02,2019040201007765,LBL,53,16,10,202.00,"2,020.00"
2019-04-02,2019040201007526,LBL,53,55,40,202.00,"8,080.00"
2019-04-02,2019040201007725,LEMF,10,26,"2,000",7.73,"15,460.00"
2019-04-02,2019040201007724,LEMF,10,25,500,7.72,"3,860.00"
2019-04-02,2019040201007732,LGIL,40,58,450,503.00,"226,350.00"
2019-04-02,2019040201007731,LGIL,42,58,200,503.00,"100,600.00"
2019-04-02,2019040201007730,LGIL,38,58,300,504.00,"151,200.00"
2019-04-02,2019040201007729,LGIL,51,58,50,506.00,"25,300.00"
2019-04-02,2019040201007670,LLBS,48,40,10,764.00,"7,640.00"
2019-04-02,2019040201007787,MBL,7,37,42,231.00,"9,702.00"
2019-04-02,2019040201007786,MBL,7,17,65,231.00,"15,015.00"
2019-04-02,2019040201007785,MBL,7,22,500,231.00,"115,500.00"
2019-04-02,2019040201007425,MBL,7,41,53,230.00,"12,190.00"
2019-04-02,2019040201007424,MBL,54,41,47,230.00,"10,810.00"
2019-04-02,2019040201007389,MBL,59,22,500,231.00,"115,500.00"
2019-04-02,2019040201007338,MBL,7,22,"1,000",231.00,"231,000.00"
2019-04-02,2019040201007772,MEGA,48,57,200,165.00,"33,000.00"
2019-04-02,2019040201007671,MEGA,48,17,32,165.00,"5,280.00"
2019-04-02,2019040201007617,MEGA,29,44,32,164.00,"5,248.00"
2019-04-02,2019040201007573,MEGA,48,17,968,165.00,"159,720.00"
2019-04-02,2019040201007565,MEGA,50,28,25,166.00,"4,150.00"
2019-04-02,2019040201007557,MEGA,48,44,32,165.00,"5,280.00"
2019-04-02,2019040201007534,MEGA,50,28,25,166.00,"4,150.00"
2019-04-02,2019040201007359,MERO,11,34,56,555.00,"31,080.00"
2019-04-02,2019040201007636,MLBL,33,21,17,171.00,"2,907.00"
2019-04-02,2019040201007635,MLBL,33,1,43,170.00,"7,310.00"
2019-04-02,2019040201007421,MLBL,52,1,500,170.00,"85,000.00"
2019-04-02,2019040201007413,MNBBL,51,44,80,347.00,"27,760.00"
2019-04-02,2019040201007417,MSLB,45,45,5,"1,211.00","6,055.00"
2019-04-02,2019040201007763,NABIL,35,3,94,717.00,"67,398.00"
2019-04-02,2019040201007762,NABIL,35,3,300,717.00,"215,100.00"
2019-04-02,2019040201007761,NABIL,35,3,106,717.00,"76,002.00"
2019-04-02,2019040201007760,NABIL,35,3,200,717.00,"143,400.00"
2019-04-02,2019040201007759,NABIL,35,17,300,717.00,"215,100.00"
2019-04-02,2019040201007748,NABIL,35,44,349,715.00,"249,535.00"
2019-04-02,2019040201007747,NABIL,56,44,100,715.00,"71,500.00"
2019-04-02,2019040201007746,NABIL,50,44,51,715.00,"36,465.00"
2019-04-02,2019040201007594,NABIL,5,3,120,716.00,"85,920.00"
2019-04-02,2019040201007593,NABIL,5,14,100,716.00,"71,600.00"
2019-04-02,2019040201007592,NABIL,5,17,10,716.00,"7,160.00"
2019-04-02,2019040201007538,NABIL,19,17,20,716.00,"14,320.00"
2019-04-02,2019040201007738,NABILP,32,41,170,699.00,"118,830.00"
2019-04-02,2019040201007625,NABILP,25,39,200,700.00,"140,000.00"
2019-04-02,2019040201007820,NBB,37,26,56,204.00,"11,424.00"
2019-04-02,2019040201007817,NBB,7,46,797,205.00,"163,385.00"
2019-04-02,2019040201007816,NBB,7,34,500,205.00,"102,500.00"
2019-04-02,2019040201007815,NBB,7,8,203,205.00,"41,615.00"
2019-04-02,2019040201007707,NBB,37,17,"2,000",204.00,"408,000.00"
2019-04-02,2019040201007704,NBB,35,8,50,205.00,"10,250.00"
2019-04-02,2019040201007655,NBB,42,8,247,205.00,"50,635.00"
2019-04-02,2019040201007654,NBB,42,42,253,205.00,"51,865.00"
2019-04-02,2019040201007596,NBB,37,34,200,204.00,"40,800.00"
2019-04-02,2019040201007401,NBB,37,13,"1,000",204.00,"204,000.00"
2019-04-02,2019040201007703,NBL,50,36,400,294.00,"117,600.00"
2019-04-02,2019040201007659,NBL,52,36,170,294.00,"49,980.00"
2019-04-02,2019040201007658,NBL,52,1,30,294.00,"8,820.00"
2019-04-02,2019040201007459,NBL,51,1,370,294.00,"108,780.00"
2019-04-02,2019040201007458,NBL,51,44,380,294.00,"111,720.00"
2019-04-02,2019040201007819,NCCB,58,58,798,218.00,"173,964.00"
2019-04-02,2019040201007818,NCCB,58,6,202,217.00,"43,834.00"
2019-04-02,2019040201007814,NCCB,34,4,10,216.00,"2,160.00"
2019-04-02,2019040201007811,NCCB,49,6,10,217.00,"2,170.00"
2019-04-02,2019040201007810,NCCB,58,6,188,217.00,"40,796.00"
2019-04-02,2019040201007797,NCCB,58,58,50,218.00,"10,900.00"
2019-04-02,2019040201007584,NCCB,47,57,850,218.00,"185,300.00"
2019-04-02,2019040201007533,NCCB,49,17,"1,312",217.00,"284,704.00"
2019-04-02,2019040201007532,NCCB,34,17,688,217.00,"149,296.00"
2019-04-02,2019040201007531,NCCB,34,44,"1,000",217.00,"217,000.00"
2019-04-02,2019040201007520,NCCB,34,29,980,217.00,"212,660.00"
2019-04-02,2019040201007434,NCCB,1,57,50,218.00,"10,900.00"
2019-04-02,2019040201007796,NCCB,33,58,10,218.00,"2,180.00"
2019-04-02,2019040201007766,NCCB,58,34,812,217.00,"176,204.00"
2019-04-02,2019040201007745,NCCB,34,34,"1,000",217.00,"217,000.00"
2019-04-02,2019040201007744,NCCB,49,34,188,217.00,"40,796.00"
2019-04-02,2019040201007632,NCCB,49,11,500,217.00,"108,500.00"
2019-04-02,2019040201007585,NCCB,47,58,"1,050",218.00,"228,900.00"
2019-04-02,2019040201007800,NCDB,49,47,347,122.00,"42,334.00"
2019-04-02,2019040201007799,NCDB,49,57,200,122.00,"24,400.00"
2019-04-02,2019040201007798,NCDB,49,1,300,122.00,"36,600.00"
2019-04-02,2019040201007681,NCDB,49,43,122,121.00,"14,762.00"
2019-04-02,2019040201007691,NEF,11,59,"2,414",8.17,"19,722.38"
2019-04-02,2019040201007411,NGPL,29,59,39,122.00,"4,758.00"
2019-04-02,2019040201007410,NGPL,5,59,20,122.00,"2,440.00"
2019-04-02,2019040201007409,NGPL,51,59,141,122.00,"17,202.00"
2019-04-02,2019040201007624,NHDL,56,26,90,127.00,"11,430.00"
2019-04-02,2019040201007539,NHDL,56,26,50,127.00,"6,350.00"
2019-04-02,2019040201007523,NHDL,56,26,50,127.00,"6,350.00"
2019-04-02,2019040201007571,NHPC,59,36,100,73.00,"7,300.00"
2019-04-02,2019040201007808,NIB,46,38,500,534.00,"267,000.00"
2019-04-02,2019040201007807,NIB,46,39,93,534.00,"49,662.00"
2019-04-02,2019040201007743,NIB,42,1,544,532.00,"289,408.00"
2019-04-02,2019040201007742,NIB,32,1,50,532.00,"26,600.00"
2019-04-02,2019040201007741,NIB,1,1,80,532.00,"42,560.00"
2019-04-02,2019040201007740,NIB,22,1,350,532.00,"186,200.00"
2019-04-02,2019040201007645,NIB,42,1,54,533.00,"28,782.00"
2019-04-02,2019040201007631,NIB,22,1,150,532.00,"79,800.00"
2019-04-02,2019040201007630,NIB,1,1,58,532.00,"30,856.00"
2019-04-02,2019040201007629,NIB,1,1,152,532.00,"80,864.00"
2019-04-02,2019040201007522,NIB,19,1,40,533.00,"21,320.00"
2019-04-02,2019040201007739,NIB,45,1,100,533.00,"53,300.00"
2019-04-02,2019040201007737,NIB,54,39,107,534.00,"57,138.00"
2019-04-02,2019040201007736,NIB,54,26,20,534.00,"10,680.00"
2019-04-02,2019040201007735,NIB,54,55,73,534.00,"38,982.00"
2019-04-02,2019040201007647,NIB,42,55,927,534.00,"495,018.00"
2019-04-02,2019040201007646,NIB,42,33,19,534.00,"10,146.00"
2019-04-02,2019040201007558,NIBPO,45,39,500,494.00,"247,000.00"
2019-04-02,2019040201007793,NICA,43,35,200,426.00,"85,200.00"
2019-04-02,2019040201007792,NICA,43,16,100,426.00,"42,600.00"
2019-04-02,2019040201007791,NICA,43,19,21,426.00,"8,946.00"
2019-04-02,2019040201007790,NICA,43,22,300,426.00,"127,800.00"
2019-04-02,2019040201007789,NICA,43,32,377,426.00,"160,602.00"
2019-04-02,2019040201007776,NICA,45,32,123,426.00,"52,398.00"
2019-04-02,2019040201007546,NICA,45,56,264,425.00,"112,200.00"
2019-04-02,2019040201007502,NICA,32,48,50,424.00,"21,200.00"
2019-04-02,2019040201007501,NICA,42,48,300,424.00,"127,200.00"
2019-04-02,2019040201007500,NICA,52,48,150,424.00,"63,600.00"
2019-04-02,2019040201007758,NICA,45,33,250,425.00,"106,250.00"
2019-04-02,2019040201007702,NICA,45,7,"1,000",425.00,"425,000.00"
2019-04-02,2019040201007618,NICA,45,42,99,425.00,"42,075.00"
2019-04-02,2019040201007549,NICA,45,42,100,425.00,"42,500.00"
2019-04-02,2019040201007548,NICA,45,49,"1,000",425.00,"425,000.00"
2019-04-02,2019040201007547,NICA,45,54,200,425.00,"85,000.00"
2019-04-02,2019040201007483,NICL,21,47,20,366.00,"7,320.00"
2019-04-02,2019040201007482,NICL,14,47,30,366.00,"10,980.00"
2019-04-02,2019040201007332,NICL,26,47,250,366.00,"91,500.00"
2019-04-02,2019040201007331,NICL,45,47,100,366.00,"36,600.00"
2019-04-02,2019040201007330,NICL,53,47,600,367.00,"220,200.00"
2019-04-02,2019040201007329,NICL,57,47,126,368.00,"46,368.00"
2019-04-02,2019040201007770,NIL,17,46,300,521.00,"156,300.00"
2019-04-02,2019040201007769,NIL,17,40,10,521.00,"5,210.00"
2019-04-02,2019040201007616,NIL,51,40,50,521.00,"26,050.00"
2019-04-02,2019040201007662,NLG,22,44,16,800.00,"12,800.00"
2019-04-02,2019040201007360,NLG,22,28,52,802.00,"41,704.00"
2019-04-02,2019040201007511,NLG,22,28,10,800.00,"8,000.00"
2019-04-02,2019040201007490,NLG,22,28,40,802.00,"32,080.00"
2019-04-02,2019040201007661,NLIC,6,52,15,"1,099.00","16,485.00"
2019-04-02,2019040201007660,NLIC,6,51,20,"1,099.00","21,980.00"
2019-04-02,2019040201007567,NLIC,45,51,10,"1,099.00","10,990.00"
2019-04-02,2019040201007460,NLIC,45,45,5,"1,080.00","5,400.00"
2019-04-02,2019040201007436,NLIC,59,7,17,"1,096.00","18,632.00"
2019-04-02,2019040201007432,NLIC,36,36,7,"1,097.00","7,679.00"
2019-04-02,2019040201007431,NLIC,45,45,5,"1,080.00","5,400.00"
2019-04-02,2019040201007719,NLICL,8,44,250,576.00,"144,000.00"
2019-04-02,2019040201007639,NLICL,34,37,127,577.00,"73,279.00"
2019-04-02,2019040201007638,NLICL,34,44,173,577.00,"99,821.00"
2019-04-02,2019040201007403,NLICL,35,44,50,577.00,"28,850.00"
2019-04-02,2019040201007382,NLICL,8,42,50,576.00,"28,800.00"
2019-04-02,2019040201007365,NLICL,35,44,100,577.00,"57,700.00"
2019-04-02,2019040201007494,NMB,35,6,50,335.00,"16,750.00"
2019-04-02,2019040201007764,NNLB,32,58,75,430.00,"32,250.00"
2019-04-02,2019040201007715,NNLB,29,58,25,430.00,"10,750.00"
2019-04-02,2019040201007464,NNLB,16,58,15,424.00,"6,360.00"
2019-04-02,2019040201007428,NNLB,48,58,35,424.00,"14,840.00"
2019-04-02,2019040201007427,NNLB,57,58,50,424.00,"21,200.00"
2019-04-02,2019040201007678,NUBL,28,11,190,745.00,"141,550.00"
2019-04-02,2019040201007677,NUBL,28,34,160,745.00,"119,200.00"
2019-04-02,2019040201007414,NUBL,47,34,20,745.00,"14,900.00"
2019-04-02,2019040201007354,NUBL,45,52,16,741.00,"11,856.00"
2019-04-02,2019040201007734,OHL,42,49,10,440.00,"4,400.00"
2019-04-02,2019040201007716,OHL,42,19,150,432.00,"64,800.00"
2019-04-02,2019040201007788,PCBL,18,52,"1,000",325.00,"325,000.00"
2019-04-02,2019040201007507,PCBL,32,17,300,324.00,"97,200.00"
2019-04-02,2019040201007506,PCBL,43,17,850,324.00,"275,400.00"
2019-04-02,2019040201007481,PCBL,49,52,30,325.00,"9,750.00"
2019-04-02,2019040201007407,PCBL,54,52,"1,900",325.00,"617,500.00"
2019-04-02,2019040201007694,PFL,58,43,39,135.00,"5,265.00"
2019-04-02,2019040201007687,PFL,58,41,113,134.00,"15,142.00"
2019-04-02,2019040201007435,PFL,59,59,13,132.00,"1,716.00"
2019-04-02,2019040201007749,PIC,51,59,11,"1,020.00","11,220.00"
2019-04-02,2019040201007718,PIC,56,34,11,"1,017.00","11,187.00"
2019-04-02,2019040201007708,PIC,56,34,11,"1,017.00","11,187.00"
2019-04-02,2019040201007696,PIC,56,34,11,"1,017.00","11,187.00"
2019-04-02,2019040201007651,PIC,25,1,100,"1,016.00","101,600.00"
2019-04-02,2019040201007572,PIC,25,57,127,"1,016.00","129,032.00"
2019-04-02,2019040201007530,PIC,45,57,11,"1,019.00","11,209.00"
2019-04-02,2019040201007394,PIC,25,58,11,"1,016.00","11,176.00"
2019-04-02,2019040201007402,PICL,56,34,500,672.00,"336,000.00"
2019-04-02,2019040201007358,PLIC,51,42,50,447.00,"22,350.00"
2019-04-02,2019040201007633,PMHPL,22,20,10,110.00,"1,100.00"
2019-04-02,2019040201007587,PMHPL,22,20,10,110.00,"1,100.00"
2019-04-02,2019040201007578,PMHPL,22,1,10,110.00,"1,100.00"
2019-04-02,2019040201007504,PMHPL,22,20,10,110.00,"1,100.00"
2019-04-02,2019040201007461,PMHPL,22,20,10,110.00,"1,100.00"
2019-04-02,2019040201007405,PMHPL,22,20,10,110.00,"1,100.00"
2019-04-02,2019040201007341,PMHPL,22,20,10,110.00,"1,100.00"
2019-04-02,2019040201007767,PRIN,49,32,10,414.00,"4,140.00"
2019-04-02,2019040201007757,PRVU,42,39,500,246.00,"123,000.00"
2019-04-02,2019040201007756,PRVU,20,28,50,247.00,"12,350.00"
2019-04-02,2019040201007628,PRVU,20,37,100,246.00,"24,600.00"
2019-04-02,2019040201007627,PRVU,20,34,60,246.00,"14,760.00"
2019-04-02,2019040201007392,PRVU,26,34,240,246.00,"59,040.00"
2019-04-02,2019040201007391,PRVU,26,57,260,246.00,"63,960.00"
2019-04-02,2019040201007363,PRVU,34,5,"1,500",245.00,"367,500.00"
2019-04-02,2019040201007362,PRVU,56,5,550,245.00,"134,750.00"
2019-04-02,2019040201007361,PRVU,26,5,172,245.00,"42,140.00"
2019-04-02,2019040201007795,RADHI,54,50,200,170.00,"34,000.00"
2019-04-02,2019040201007676,RADHI,54,50,10,170.00,"1,700.00"
2019-04-02,2019040201007562,RADHI,54,1,50,167.00,"8,350.00"
2019-04-02,2019040201007463,RADHI,54,59,11,165.00,"1,815.00"
2019-04-02,2019040201007589,RMDC,55,42,10,531.00,"5,310.00"
2019-04-02,2019040201007393,RMDC,45,42,45,531.00,"23,895.00"
2019-04-02,2019040201007554,RRHP,57,42,10,93.00,930.00
2019-04-02,2019040201007536,RRHP,57,42,10,93.00,930.00
2019-04-02,2019040201007498,RSDC,39,17,17,362.00,"6,154.00"
2019-04-02,2019040201007497,RSDC,42,17,200,363.00,"72,600.00"
2019-04-02,2019040201007496,RSDC,19,17,43,364.00,"15,652.00"
2019-04-02,2019040201007495,RSDC,40,17,10,365.00,"3,650.00"
2019-04-02,2019040201007733,SANIMA,58,59,25,315.00,"7,875.00"
2019-04-02,2019040201007723,SANIMA,10,48,500,314.00,"157,000.00"
2019-04-02,2019040201007722,SANIMA,10,13,300,314.00,"94,200.00"
2019-04-02,2019040201007721,SANIMA,10,57,225,314.00,"70,650.00"
2019-04-02,2019040201007634,SANIMA,33,57,25,314.00,"7,850.00"
2019-04-02,2019040201007349,SANIMA,28,34,200,313.00,"62,600.00"
2019-04-02,2019040201007348,SANIMA,28,32,500,313.00,"156,500.00"
2019-04-02,2019040201007347,SANIMA,28,19,27,313.00,"8,451.00"
2019-04-02,2019040201007346,SANIMA,28,16,335,313.00,"104,855.00"
2019-04-02,2019040201007345,SANIMA,28,48,100,312.00,"31,200.00"
2019-04-02,2019040201007684,SBL,33,47,100,300.00,"30,000.00"
2019-04-02,2019040201007683,SBL,33,1,500,300.00,"150,000.00"
2019-04-02,2019040201007682,SBL,33,6,300,300.00,"90,000.00"
2019-04-02,2019040201007663,SBL,33,6,200,300.00,"60,000.00"
2019-04-02,2019040201007429,SBL,33,6,"1,000",300.00,"300,000.00"
2019-04-02,2019040201007712,SCB,54,3,44,583.00,"25,652.00"
2019-04-02,2019040201007711,SCB,54,38,20,583.00,"11,660.00"
2019-04-02,2019040201007710,SCB,54,41,50,580.00,"29,000.00"
2019-04-02,2019040201007709,SCB,54,6,86,580.00,"49,880.00"
2019-04-02,2019040201007622,SCB,21,6,114,580.00,"66,120.00"
2019-04-02,2019040201007621,SCB,21,38,86,580.00,"49,880.00"
2019-04-02,2019040201007379,SCB,6,16,300,578.00,"173,400.00"
2019-04-02,2019040201007350,SCB,45,11,390,579.00,"225,810.00"
2019-04-02,2019040201007701,SHINE,33,57,300,230.00,"69,000.00"
2019-04-02,2019040201007700,SHINE,57,57,53,230.00,"12,190.00"
2019-04-02,2019040201007699,SHINE,26,57,500,231.00,"115,500.00"
2019-04-02,2019040201007698,SHINE,5,57,162,232.00,"37,584.00"
2019-04-02,2019040201007423,SHINE,5,7,38,232.00,"8,816.00"
2019-04-02,2019040201007695,SHIVM,58,21,50,329.00,"16,450.00"
2019-04-02,2019040201007488,SHIVM,34,58,50,327.00,"16,350.00"
2019-04-02,2019040201007487,SHIVM,34,47,100,327.00,"32,700.00"
2019-04-02,2019040201007801,SHL,17,10,200,212.00,"42,400.00"
2019-04-02,2019040201007396,SHL,56,54,100,212.00,"21,200.00"
2019-04-02,2019040201007754,SIC,25,58,41,"1,264.00","51,824.00"
2019-04-02,2019040201007753,SIC,6,58,100,"1,265.00","126,500.00"
2019-04-02,2019040201007752,SIC,49,58,100,"1,265.00","126,500.00"
2019-04-02,2019040201007404,SICL,21,50,30,875.00,"26,250.00"
2019-04-02,2019040201007366,SICL,40,42,43,874.00,"37,582.00"
2019-04-02,2019040201007705,SIL,37,58,462,595.00,"274,890.00"
2019-04-02,2019040201007620,SIL,56,34,17,592.00,"10,064.00"
2019-04-02,2019040201007512,SIL,45,58,20,595.00,"11,900.00"
2019-04-02,2019040201007505,SIL,6,58,500,595.00,"297,500.00"
2019-04-02,2019040201007486,SIL,52,36,77,596.00,"45,892.00"
2019-04-02,2019040201007480,SIL,52,58,123,596.00,"73,308.00"
2019-04-02,2019040201007479,SIL,44,58,570,596.00,"339,720.00"
2019-04-02,2019040201007384,SIL,52,58,18,600.00,"10,800.00"
2019-04-02,2019040201007339,SIL,44,28,135,596.00,"80,460.00"
2019-04-02,2019040201007325,SIL,44,10,295,596.00,"175,820.00"
2019-04-02,2019040201007650,SLBSL,51,51,10,685.00,"6,850.00"
2019-04-02,2019040201007468,SLBSL,25,43,10,678.00,"6,780.00"
2019-04-02,2019040201007375,SLICL,1,42,50,521.00,"26,050.00"
2019-04-02,2019040201007408,SMATA,16,7,18,"1,220.00","21,960.00"
2019-04-02,2019040201007675,SMB,11,8,10,636.00,"6,360.00"
2019-04-02,2019040201007674,SMB,11,36,10,636.00,"6,360.00"
2019-04-02,2019040201007673,SMB,11,57,50,627.00,"31,350.00"
2019-04-02,2019040201007672,SMB,11,59,50,627.00,"31,350.00"
2019-04-02,2019040201007579,SMFDB,20,50,100,615.00,"61,500.00"
2019-04-02,2019040201007717,SRBL,20,43,100,229.00,"22,900.00"
2019-04-02,2019040201007340,SRBL,35,13,197,228.00,"44,916.00"
2019-04-02,2019040201007595,SWBBL,45,34,20,830.00,"16,600.00"
2019-04-02,2019040201007813,UFL,38,56,185,193.00,"35,705.00"
2019-04-02,2019040201007545,UFL,43,43,30,195.00,"5,850.00"
2019-04-02,2019040201007544,UFL,52,43,54,195.00,"10,530.00"
2019-04-02,2019040201007499,UFL,55,56,300,196.00,"58,800.00"
2019-04-02,2019040201007597,UMHL,46,25,10,116.00,"1,160.00"
2019-04-02,2019040201007337,UPPER,56,44,40,237.00,"9,480.00"
2019-04-02,2019040201007328,UPPER,56,44,40,237.00,"9,480.00"
2019-04-02,2019040201007390,UPPER,56,44,50,237.00,"11,850.00"
2019-04-02,2019040201007378,UPPER,56,52,72,237.00,"17,064.00"
2019-04-02,2019040201007372,UPPER,56,44,40,237.00,"9,480.00"
2019-04-02,2019040201007353,UPPER,37,49,50,238.00,"11,900.00"
2019-04-02,2019040201007352,UPPER,37,49,50,238.00,"11,900.00"
2019-04-02,2019040201007351,UPPER,56,44,40,237.00,"9,480.00"
2019-04-02,2019040201007484,UPPER,56,33,50,237.00,"11,850.00"
2019-04-02,2019040201007462,UPPER,56,44,50,237.00,"11,850.00"
2019-04-02,2019040201007430,UPPER,56,44,40,237.00,"9,480.00"
2019-04-02,2019040201007415,UPPER,56,44,50,237.00,"11,850.00"
2019-04-02,2019040201007516,UPPER,56,44,50,237.00,"11,850.00"
2019-04-02,2019040201007513,UPPER,56,32,40,237.00,"9,480.00"
2019-04-02,2019040201007503,UPPER,56,44,40,237.00,"9,480.00"
2019-04-02,2019040201007489,UPPER,56,44,50,237.00,"11,850.00"
2019-04-02,2019040201007556,UPPER,48,44,50,237.00,"11,850.00"
2019-04-02,2019040201007553,UPPER,56,38,31,237.00,"7,347.00"
2019-04-02,2019040201007540,UPPER,56,44,40,237.00,"9,480.00"
2019-04-02,2019040201007527,UPPER,56,38,50,237.00,"11,850.00"
2019-04-02,2019040201007525,UPPER,56,44,40,237.00,"9,480.00"
2019-04-02,2019040201007615,UPPER,26,1,50,237.00,"11,850.00"
2019-04-02,2019040201007613,UPPER,48,49,100,238.00,"23,800.00"
2019-04-02,2019040201007581,UPPER,26,44,30,237.00,"7,110.00"
2019-04-02,2019040201007580,UPPER,48,44,10,237.00,"2,370.00"
2019-04-02,2019040201007574,UPPER,48,38,40,237.00,"9,480.00"
2019-04-02,2019040201007285,ADBL,58,29,250,301.00,"75,250.00"
2019-04-02,2019040201007284,ADBL,21,29,795,301.00,"239,295.00"
2019-04-02,2019040201007184,ADBL,50,38,23,302.00,"6,946.00"
2019-04-02,2019040201007183,ADBL,50,43,80,302.00,"24,160.00"
2019-04-02,2019040201007182,ADBL,50,25,245,302.00,"73,990.00"
2019-04-02,2019040201007181,ADBL,50,43,22,302.00,"6,644.00"
2019-04-02,2019040201007052,ADBL,41,43,20,302.00,"6,040.00"
2019-04-02,2019040201006886,ADBL,21,44,205,301.00,"61,705.00"
2019-04-02,2019040201006885,ADBL,41,44,50,301.00,"15,050.00"
2019-04-02,2019040201006884,ADBL,21,44,145,301.00,"43,645.00"
2019-04-02,2019040201007310,AKJCL,25,6,20,81.00,"1,620.00"
2019-04-02,2019040201007222,AKPL,45,45,13,176.00,"2,288.00"
2019-04-02,2019040201007304,ALBSL,14,38,10,479.00,"4,790.00"
2019-04-02,2019040201007241,ALBSL,14,49,10,479.00,"4,790.00"
2019-04-02,2019040201007199,ALBSL,14,36,10,479.00,"4,790.00"
2019-04-02,2019040201007141,ALBSL,42,25,90,480.00,"43,200.00"
2019-04-02,2019040201007140,ALBSL,42,49,10,480.00,"4,800.00"
2019-04-02,2019040201006825,ALBSL,54,40,10,478.00,"4,780.00"
2019-04-02,2019040201007132,ALBSL,14,22,10,479.00,"4,790.00"
2019-04-02,2019040201007081,ALBSL,14,22,10,479.00,"4,790.00"
2019-04-02,2019040201007066,ALBSL,14,22,10,479.00,"4,790.00"
2019-04-02,2019040201006988,ALBSL,54,26,10,478.00,"4,780.00"
2019-04-02,2019040201006908,ALBSL,54,20,10,478.00,"4,780.00"
2019-04-02,2019040201006865,ALBSL,54,40,10,478.00,"4,780.00"
2019-04-02,2019040201006992,AMFI,45,42,180,660.00,"118,800.00"
2019-04-02,2019040201006991,AMFI,14,42,20,661.00,"13,220.00"
2019-04-02,2019040201007114,BHBL,59,25,250,158.00,"39,500.00"
2019-04-02,2019040201006878,BHBL,58,44,500,156.00,"78,000.00"
2019-04-02,2019040201006877,BHBL,58,34,126,156.00,"19,656.00"
2019-04-02,2019040201006876,BHBL,58,28,"1,156",155.00,"179,180.00"
2019-04-02,2019040201006875,BHBL,58,58,149,155.00,"23,095.00"
2019-04-02,2019040201006874,BHBL,58,42,"1,000",154.00,"154,000.00"
2019-04-02,2019040201007107,BHBL,59,34,328,157.00,"51,496.00"
2019-04-02,2019040201006879,BHBL,58,44,500,156.00,"78,000.00"
2019-04-02,2019040201007113,BHBL,59,59,200,158.00,"31,600.00"
2019-04-02,2019040201007112,BHBL,59,48,"1,200",158.00,"189,600.00"
2019-04-02,2019040201007111,BHBL,59,28,350,157.00,"54,950.00"
2019-04-02,2019040201007110,BHBL,59,59,200,157.00,"31,400.00"
2019-04-02,2019040201007109,BHBL,59,39,100,157.00,"15,700.00"
2019-04-02,2019040201007108,BHBL,59,25,56,157.00,"8,792.00"
2019-04-02,2019040201007311,BOKL,41,19,28,247.00,"6,916.00"
2019-04-02,2019040201007223,BOKL,41,40,463,247.00,"114,361.00"
2019-04-02,2019040201007217,BOKL,41,45,27,247.00,"6,669.00"
2019-04-02,2019040201007065,BOKL,41,21,28,247.00,"6,916.00"
2019-04-02,2019040201006930,BOKL,41,54,21,247.00,"5,187.00"
2019-04-02,2019040201006889,BOKL,41,42,77,247.00,"19,019.00"
2019-04-02,2019040201007090,BPCL,13,21,10,359.00,"3,590.00"
2019-04-02,2019040201007089,BPCL,22,21,90,360.00,"32,400.00"
2019-04-02,2019040201007061,BPCL,22,19,10,360.00,"3,600.00"
2019-04-02,2019040201007051,BPCL,16,1,142,360.00,"51,120.00"
2019-04-02,2019040201006894,BPCL,16,54,33,360.00,"11,880.00"
2019-04-02,2019040201006939,CBBL,44,46,190,896.00,"170,240.00"
2019-04-02,2019040201006938,CBBL,44,46,10,897.00,"8,970.00"
2019-04-02,2019040201007247,CBL,4,59,125,160.00,"20,000.00"
2019-04-02,2019040201007212,CBL,39,52,100,159.00,"15,900.00"
2019-04-02,2019040201007252,CCBL,4,49,20,168.00,"3,360.00"
2019-04-02,2019040201007251,CCBL,4,36,100,168.00,"16,800.00"
2019-04-02,2019040201007239,CCBL,39,57,109,167.00,"18,203.00"
2019-04-02,2019040201007238,CCBL,39,22,160,167.00,"26,720.00"
2019-04-02,2019040201007206,CCBL,18,50,174,166.00,"28,884.00"
2019-04-02,2019040201007205,CCBL,11,50,100,166.00,"16,600.00"
2019-04-02,2019040201007204,CCBL,7,50,250,166.00,"41,500.00"
2019-04-02,2019040201007064,CCBL,59,22,150,167.00,"25,050.00"
2019-04-02,2019040201006918,CCBL,49,36,50,168.00,"8,400.00"
2019-04-02,2019040201006890,CCBL,58,42,218,166.00,"36,188.00"
2019-04-02,2019040201006859,CCBL,25,36,17,168.00,"2,856.00"
2019-04-02,2019040201007287,CFCL,4,29,185,108.00,"19,980.00"
2019-04-02,2019040201007063,CFCL,44,7,33,107.00,"3,531.00"
2019-04-02,2019040201006985,CFCL,44,38,41,107.00,"4,387.00"
2019-04-02,2019040201006969,CFCL,44,38,41,107.00,"4,387.00"
2019-04-02,2019040201006944,CFCL,44,38,41,107.00,"4,387.00"
2019-04-02,2019040201006870,CFCL,4,29,370,108.00,"39,960.00"
2019-04-02,2019040201007240,CHLBS,36,1,10,507.00,"5,070.00"
2019-04-02,2019040201007161,CHLBS,36,1,10,507.00,"5,070.00"
2019-04-02,2019040201007080,CHLBS,36,1,10,507.00,"5,070.00"
2019-04-02,2019040201007062,CHLBS,36,20,10,507.00,"5,070.00"
2019-04-02,2019040201007054,CHLBS,59,22,10,507.00,"5,070.00"
2019-04-02,2019040201007001,CHLBS,59,22,10,507.00,"5,070.00"
2019-04-02,2019040201006863,CHLBS,1,1,10,508.00,"5,080.00"
2019-04-02,2019040201006860,CHLBS,25,49,10,508.00,"5,080.00"
2019-04-02,2019040201006989,CHLBS,59,1,10,507.00,"5,070.00"
2019-04-02,2019040201006976,CHLBS,59,22,10,507.00,"5,070.00"
2019-04-02,2019040201006968,CHLBS,59,1,10,507.00,"5,070.00"
2019-04-02,2019040201006953,CHLBS,13,22,10,508.00,"5,080.00"
2019-04-02,2019040201006940,CHLBS,13,20,10,508.00,"5,080.00"
2019-04-02,2019040201006895,CHLBS,1,1,10,508.00,"5,080.00"
2019-04-02,2019040201007192,CIT,41,26,100,"2,600.00","260,000.00"
2019-04-02,2019040201007191,CIT,5,26,50,"2,600.00","130,000.00"
2019-04-02,2019040201007190,CIT,21,26,10,"2,600.00","26,000.00"
2019-04-02,2019040201007189,CIT,19,26,10,"2,600.00","26,000.00"
2019-04-02,2019040201007188,CIT,36,26,100,"2,600.00","260,000.00"
2019-04-02,2019040201007273,CLBSL,45,25,10,584.00,"5,840.00"
2019-04-02,2019040201007272,CLBSL,45,25,10,584.00,"5,840.00"
2019-04-02,2019040201007298,CZBIL,25,7,400,218.00,"87,200.00"
2019-04-02,2019040201007297,CZBIL,25,59,10,218.00,"2,180.00"
2019-04-02,2019040201007296,CZBIL,25,59,10,218.00,"2,180.00"
2019-04-02,2019040201007295,CZBIL,25,59,10,218.00,"2,180.00"
2019-04-02,2019040201007294,CZBIL,25,59,10,218.00,"2,180.00"
2019-04-02,2019040201006949,CZBIL,54,41,"1,000",218.00,"218,000.00"
2019-04-02,2019040201006948,CZBIL,54,52,262,218.00,"57,116.00"
2019-04-02,2019040201006947,CZBIL,54,1,31,218.00,"6,758.00"
2019-04-02,2019040201006880,CZBIL,58,18,377,217.00,"81,809.00"
2019-04-02,2019040201007004,DDBL,26,14,100,590.00,"59,000.00"
2019-04-02,2019040201007237,EBL,45,48,200,588.00,"117,600.00"
2019-04-02,2019040201007003,EBL,45,37,70,588.00,"41,160.00"
2019-04-02,2019040201006905,EBL,45,58,490,591.00,"289,590.00"
2019-04-02,2019040201007168,EBL,10,19,519,591.00,"306,729.00"
2019-04-02,2019040201007167,EBL,10,53,20,590.00,"11,800.00"
2019-04-02,2019040201007106,EBL,45,58,300,589.00,"176,700.00"
2019-04-02,2019040201007079,EBL,42,19,100,589.00,"58,900.00"
2019-04-02,2019040201007056,EBL,45,48,230,588.00,"135,240.00"
2019-04-02,2019040201007050,EBL,36,19,50,590.00,"29,500.00"
2019-04-02,2019040201007243,FMDBL,42,42,100,368.00,"36,800.00"
2019-04-02,2019040201007146,FOWAD,14,50,10,"1,523.00","15,230.00"
2019-04-02,2019040201007145,FOWAD,7,50,10,"1,523.00","15,230.00"
2019-04-02,2019040201007320,GBBL,6,42,912,190.00,"173,280.00"
2019-04-02,2019040201007319,GBBL,34,42,88,190.00,"16,720.00"
2019-04-02,2019040201006897,GBBL,34,42,263,190.00,"49,970.00"
2019-04-02,2019040201007289,GBIME,48,26,10,266.00,"2,660.00"
2019-04-02,2019040201007224,GBIME,33,44,46,265.00,"12,190.00"
2019-04-02,2019040201007195,GBIME,33,52,100,265.00,"26,500.00"
2019-04-02,2019040201006972,GBIME,48,26,10,266.00,"2,660.00"
2019-04-02,2019040201006841,GBIME,37,6,10,267.00,"2,670.00"
2019-04-02,2019040201006839,GBIME,48,45,15,266.00,"3,990.00"
2019-04-02,2019040201007280,GBLBS,59,59,10,448.00,"4,480.00"
2019-04-02,2019040201006846,GBLBS,42,36,200,447.00,"89,400.00"
2019-04-02,2019040201007248,GDBL,25,45,20,188.00,"3,760.00"
2019-04-02,2019040201006966,GLICL,25,58,300,499.00,"149,700.00"
2019-04-02,2019040201006936,GLICL,45,35,63,500.00,"31,500.00"
2019-04-02,2019040201006909,HBL,46,17,15,470.00,"7,050.00"
2019-04-02,2019040201006904,HBL,35,42,10,465.00,"4,650.00"
2019-04-02,2019040201006903,HBL,22,42,90,465.00,"41,850.00"
2019-04-02,2019040201007202,HGI,41,11,25,377.00,"9,425.00"
2019-04-02,2019040201007201,HGI,45,11,30,377.00,"11,310.00"
2019-04-02,2019040201007200,HGI,14,11,20,378.00,"7,560.00"
2019-04-02,2019040201007083,HIDCL,34,7,56,136.00,"7,616.00"
2019-04-02,2019040201007044,HIDCL,1,22,24,137.00,"3,288.00"
2019-04-02,2019040201007043,HIDCL,1,43,56,137.00,"7,672.00"
2019-04-02,2019040201006986,HIDCL,34,19,32,136.00,"4,352.00"
2019-04-02,2019040201006935,HIDCL,34,6,56,136.00,"7,616.00"
2019-04-02,2019040201006866,HIDCL,34,45,29,136.00,"3,944.00"
2019-04-02,2019040201007242,ICFC,49,33,200,156.00,"31,200.00"
2019-04-02,2019040201006924,JBBL,29,45,23,136.00,"3,128.00"
2019-04-02,2019040201006919,JBBL,39,45,70,137.00,"9,590.00"
2019-04-02,2019040201006887,JBBL,39,49,11,137.00,"1,507.00"
2019-04-02,2019040201006845,JBBL,39,49,91,137.00,"12,467.00"
2019-04-02,2019040201006868,JBNL,16,49,11,176.00,"1,936.00"
2019-04-02,2019040201006850,KADBL,57,32,10,151.00,"1,510.00"
2019-04-02,2019040201006849,KADBL,13,32,300,151.00,"45,300.00"
2019-04-02,2019040201007230,KBBL,10,32,"1,000",210.00,"210,000.00"
2019-04-02,2019040201007229,KBBL,10,52,715,210.00,"150,150.00"
2019-04-02,2019040201007228,KBBL,10,32,500,210.00,"105,000.00"
2019-04-02,2019040201007317,KBL,29,5,"2,000",244.00,"488,000.00"
2019-04-02,2019040201007316,KBL,29,35,50,244.00,"12,200.00"
2019-04-02,2019040201007315,KBL,29,22,50,244.00,"12,200.00"
2019-04-02,2019040201007305,KNBL,43,36,500,121.00,"60,500.00"
2019-04-02,2019040201007290,KPCL,37,1,10,93.00,930.00
2019-04-02,2019040201007253,KPCL,37,20,10,93.00,930.00
2019-04-02,2019040201006928,KPCL,37,20,10,93.00,930.00
2019-04-02,2019040201006899,KPCL,37,20,10,93.00,930.00
2019-04-02,2019040201006978,KPCL,37,20,10,93.00,930.00
2019-04-02,2019040201007088,KPCL,37,20,10,93.00,930.00
2019-04-02,2019040201007048,KPCL,37,20,10,93.00,930.00
2019-04-02,2019040201007120,KPCL,37,20,10,93.00,930.00
2019-04-02,2019040201006934,KSBBL,33,41,190,140.00,"26,600.00"
2019-04-02,2019040201006932,KSBBL,33,45,114,140.00,"15,960.00"
2019-04-02,2019040201007314,LBBL,25,36,500,172.00,"86,000.00"
2019-04-02,2019040201007313,LBBL,25,36,350,172.00,"60,200.00"
2019-04-02,2019040201007312,LBBL,41,36,200,172.00,"34,400.00"
2019-04-02,2019040201007274,LBBL,25,25,350,173.00,"60,550.00"
2019-04-02,2019040201007095,LBBL,55,32,200,173.00,"34,600.00"
2019-04-02,2019040201007186,LBL,53,21,150,202.00,"30,300.00"
2019-04-02,2019040201007185,LBL,14,21,50,202.00,"10,100.00"
2019-04-02,2019040201006994,LBL,5,26,230,202.00,"46,460.00"
2019-04-02,2019040201006946,LBL,5,45,26,200.00,"5,200.00"
2019-04-02,2019040201006945,LBL,49,45,20,201.00,"4,020.00"
2019-04-02,2019040201006929,LGIL,52,45,45,505.00,"22,725.00"
2019-04-02,2019040201006843,LLBS,4,5,10,759.00,"7,590.00"
2019-04-02,2019040201007124,LVF1,34,45,"2,000",9.56,"19,120.00"
2019-04-02,2019040201007198,MBL,54,52,300,230.00,"69,000.00"
2019-04-02,2019040201007180,MBL,58,34,95,231.00,"21,945.00"
2019-04-02,2019040201007122,MBL,56,34,30,231.00,"6,930.00"
2019-04-02,2019040201007121,MBL,56,36,300,231.00,"69,300.00"
2019-04-02,2019040201007049,MBL,54,11,100,230.00,"23,000.00"
2019-04-02,2019040201006869,MBL,54,5,100,230.00,"23,000.00"
2019-04-02,2019040201006826,MBL,54,48,100,230.00,"23,000.00"
2019-04-02,2019040201007271,MEGA,4,48,120,165.00,"19,800.00"
2019-04-02,2019040201007270,MEGA,48,48,539,165.00,"88,935.00"
2019-04-02,2019040201007194,MEGA,48,7,400,165.00,"66,000.00"
2019-04-02,2019040201007000,MEGA,48,19,61,165.00,"10,065.00"
2019-04-02,2019040201006999,MEGA,4,19,74,165.00,"12,210.00"
2019-04-02,2019040201006965,MEGA,4,45,166,165.00,"27,390.00"
2019-04-02,2019040201006964,MEGA,1,45,54,165.00,"8,910.00"
2019-04-02,2019040201006962,MEGA,4,28,20,166.00,"3,320.00"
2019-04-02,2019040201006914,MEGA,49,28,70,166.00,"11,620.00"
2019-04-02,2019040201006828,MEGA,1,22,116,165.00,"19,140.00"
2019-04-02,2019040201007249,MERO,29,58,24,554.00,"13,296.00"
2019-04-02,2019040201007116,MERO,29,7,16,554.00,"8,864.00"
2019-04-02,2019040201007046,MERO,17,34,34,555.00,"18,870.00"
2019-04-02,2019040201007045,MERO,7,34,10,556.00,"5,560.00"
2019-04-02,2019040201007293,MFIL,43,8,150,111.00,"16,650.00"
2019-04-02,2019040201007292,MLBL,59,1,40,170.00,"6,800.00"
2019-04-02,2019040201007291,MLBL,59,42,10,170.00,"1,700.00"
2019-04-02,2019040201007213,MLBL,17,44,110,169.00,"18,590.00"
2019-04-02,2019040201007322,MNBBL,32,44,50,347.00,"17,350.00"
2019-04-02,2019040201007321,MNBBL,51,44,370,347.00,"128,390.00"
2019-04-02,2019040201007040,MNBBL,51,49,65,347.00,"22,555.00"
2019-04-02,2019040201006993,MNBBL,51,49,65,347.00,"22,555.00"
2019-04-02,2019040201006830,MNBBL,1,57,200,348.00,"69,600.00"
2019-04-02,2019040201006829,MNBBL,33,57,150,348.00,"52,200.00"
2019-04-02,2019040201006973,MSMBS,57,45,11,515.00,"5,665.00"
2019-04-02,2019040201007250,NABIL,5,17,40,716.00,"28,640.00"
2019-04-02,2019040201006837,NABIL,57,17,190,716.00,"136,040.00"
2019-04-02,2019040201006836,NABIL,57,3,110,716.00,"78,760.00"
2019-04-02,2019040201006853,NADEP,13,44,10,657.00,"6,570.00"
2019-04-02,2019040201006827,NADEP,13,44,10,657.00,"6,570.00"
2019-04-02,2019040201007286,NBB,29,42,50,205.00,"10,250.00"
2019-04-02,2019040201007117,NBB,55,42,100,205.00,"20,500.00"
2019-04-02,2019040201007077,NBB,37,32,700,204.00,"142,800.00"
2019-04-02,2019040201007041,NBB,22,42,500,205.00,"102,500.00"
2019-04-02,2019040201007038,NBB,37,55,10,204.00,"2,040.00"
2019-04-02,2019040201006896,NBB,58,34,"3,371",204.00,"687,684.00"
2019-04-02,2019040201007268,NBL,47,49,340,293.00,"99,620.00"
2019-04-02,2019040201007267,NBL,52,49,100,293.00,"29,300.00"
2019-04-02,2019040201007266,NBL,48,49,200,293.00,"58,600.00"
2019-04-02,2019040201007265,NBL,21,49,"1,000",293.00,"293,000.00"
2019-04-02,2019040201007264,NBL,34,49,"1,360",293.00,"398,480.00"
2019-04-02,2019040201006979,NBL,5,44,250,294.00,"73,500.00"
2019-04-02,2019040201007256,NCCB,34,52,332,217.00,"72,044.00"
2019-04-02,2019040201007255,NCCB,36,52,400,217.00,"86,800.00"
2019-04-02,2019040201007254,NCCB,39,52,268,217.00,"58,156.00"
2019-04-02,2019040201007216,NCCB,39,52,300,217.00,"65,100.00"
2019-04-02,2019040201007187,NCCB,39,8,282,217.00,"61,194.00"
2019-04-02,2019040201007179,NCCB,39,52,150,217.00,"32,550.00"
2019-04-02,2019040201007099,NCCB,49,13,"1,000",217.00,"217,000.00"
2019-04-02,2019040201007055,NCCB,49,49,10,217.00,"2,170.00"
2019-04-02,2019040201006977,NCCB,49,45,22,217.00,"4,774.00"
2019-04-02,2019040201006917,NCCB,49,25,98,217.00,"21,266.00"
2019-04-02,2019040201006847,NCCB,49,22,50,217.00,"10,850.00"
2019-04-02,2019040201006898,NCDB,49,59,800,120.00,"96,000.00"
2019-04-02,2019040201007076,NGPL,1,22,11,124.00,"1,364.00"
2019-04-02,2019040201007075,NGPL,1,22,11,124.00,"1,364.00"
2019-04-02,2019040201006987,NGPL,51,45,11,122.00,"1,342.00"
2019-04-02,2019040201006842,NHDL,56,59,10,127.00,"1,270.00"
2019-04-02,2019040201007259,NHPC,20,36,10,73.00,730.00
2019-04-02,2019040201007210,NIB,38,1,18,533.00,"9,594.00"
2019-04-02,2019040201007193,NIB,1,7,37,532.00,"19,684.00"
2019-04-02,2019040201007087,NIB,1,45,37,532.00,"19,684.00"
2019-04-02,2019040201007086,NIB,52,21,1,533.00,533.00
2019-04-02,2019040201007085,NIB,57,21,36,533.00,"19,188.00"
2019-04-02,2019040201006858,NIB,57,7,37,533.00,"19,721.00"
2019-04-02,2019040201006857,NIB,57,41,27,533.00,"14,391.00"
2019-04-02,2019040201006856,NIB,33,41,10,533.00,"5,330.00"
2019-04-02,2019040201007133,NIBPO,36,39,700,494.00,"345,800.00"
2019-04-02,2019040201006844,NIBSF1,42,22,433,8.72,"3,775.76"
2019-04-02,2019040201007261,NICA,32,41,499,424.00,"211,576.00"
2019-04-02,2019040201007074,NICA,42,21,100,423.00,"42,300.00"
2019-04-02,2019040201007072,NICA,33,56,736,425.00,"312,800.00"
2019-04-02,2019040201007071,NICA,33,50,100,425.00,"42,500.00"
2019-04-02,2019040201007070,NICA,33,35,500,425.00,"212,500.00"
2019-04-02,2019040201007069,NICA,33,55,34,425.00,"14,450.00"
2019-04-02,2019040201007068,NICA,33,53,130,425.00,"55,250.00"
2019-04-02,2019040201006967,NICA,50,45,125,424.00,"53,000.00"
2019-04-02,2019040201007037,NICL,45,46,50,369.00,"18,450.00"
2019-04-02,2019040201006996,NICL,57,58,74,368.00,"27,232.00"
2019-04-02,2019040201006995,NICL,14,58,25,368.00,"9,200.00"
2019-04-02,2019040201006902,NICL,35,46,150,369.00,"55,350.00"
2019-04-02,2019040201006901,NICL,40,46,50,369.00,"18,450.00"
2019-04-02,2019040201007165,NLBBL,44,37,10,455.00,"4,550.00"
2019-04-02,2019040201007164,NLBBL,4,37,45,455.00,"20,475.00"
2019-04-02,2019040201007258,NLIC,59,21,69,"1,096.00","75,624.00"
2019-04-02,2019040201007215,NLIC,57,7,17,"1,098.00","18,666.00"
2019-04-02,2019040201007211,NLIC,59,36,17,"1,096.00","18,632.00"
2019-04-02,2019040201007118,NLICL,55,44,100,577.00,"57,700.00"
2019-04-02,2019040201007178,NMB,5,34,100,336.00,"33,600.00"
2019-04-02,2019040201007135,NMB,35,21,26,332.00,"8,632.00"
2019-04-02,2019040201007134,NMB,25,21,100,333.00,"33,300.00"
2019-04-02,2019040201007036,NMB,35,6,"4,946",332.00,"1,642,072.00"
2019-04-02,2019040201007035,NMB,1,6,200,332.00,"66,400.00"
2019-04-02,2019040201007034,NMB,26,6,100,332.00,"33,200.00"
2019-04-02,2019040201006883,NMB,35,34,200,336.00,"67,200.00"
2019-04-02,2019040201006854,NMB,7,34,"1,500",336.00,"504,000.00"
2019-04-02,2019040201006957,NMB,51,48,100,335.00,"33,500.00"
2019-04-02,2019040201006956,NMB,42,48,300,335.00,"100,500.00"
2019-04-02,2019040201006955,NMB,6,48,50,335.00,"16,750.00"
2019-04-02,2019040201006954,NMB,14,48,26,335.00,"8,710.00"
2019-04-02,2019040201006925,NMB,5,34,200,336.00,"67,200.00"
2019-04-02,2019040201006888,NMB,14,47,100,335.00,"33,500.00"
2019-04-02,2019040201007015,NMB,1,6,100,335.00,"33,500.00"
2019-04-02,2019040201007014,NMB,52,6,200,335.00,"67,000.00"
2019-04-02,2019040201007013,NMB,54,6,265,335.00,"88,775.00"
2019-04-02,2019040201006960,NMB,54,48,135,335.00,"45,225.00"
2019-04-02,2019040201006959,NMB,38,48,300,335.00,"100,500.00"
2019-04-02,2019040201006958,NMB,41,48,89,335.00,"29,815.00"
2019-04-02,2019040201007021,NMB,21,6,150,333.00,"49,950.00"
2019-04-02,2019040201007020,NMB,52,6,200,334.00,"66,800.00"
2019-04-02,2019040201007019,NMB,44,6,"2,000",334.00,"668,000.00"
2019-04-02,2019040201007018,NMB,7,6,500,335.00,"167,500.00"
2019-04-02,2019040201007017,NMB,44,6,300,335.00,"100,500.00"
2019-04-02,2019040201007016,NMB,7,6,"1,000",335.00,"335,000.00"
2019-04-02,2019040201007027,NMB,44,6,500,333.00,"166,500.00"
2019-04-02,2019040201007026,NMB,52,6,100,333.00,"33,300.00"
2019-04-02,2019040201007025,NMB,6,6,100,333.00,"33,300.00"
2019-04-02,2019040201007024,NMB,42,6,200,333.00,"66,600.00"
2019-04-02,2019040201007023,NMB,45,6,"1,000",333.00,"333,000.00"
2019-04-02,2019040201007022,NMB,45,6,500,333.00,"166,500.00"
2019-04-02,2019040201007033,NMB,38,6,200,332.00,"66,400.00"
2019-04-02,2019040201007032,NMB,29,6,500,332.00,"166,000.00"
2019-04-02,2019040201007031,NMB,32,6,500,332.00,"166,000.00"
2019-04-02,2019040201007030,NMB,58,6,401,332.00,"133,132.00"
2019-04-02,2019040201007029,NMB,14,6,38,333.00,"12,654.00"
2019-04-02,2019040201007028,NMB,32,6,"1,000",333.00,"333,000.00"
2019-04-02,2019040201007278,NMBHF1,28,58,"10,000",9.45,"94,500.00"
2019-04-02,2019040201007277,NMBHF1,28,45,"5,000",9.43,"47,150.00"
2019-04-02,2019040201007276,NMBHF1,28,42,"1,000",9.40,"9,400.00"
2019-04-02,2019040201007275,NMBHF1,28,25,"4,885",9.40,"45,919.00"
2019-04-02,2019040201007232,NMBMF,4,58,10,"1,000.00","10,000.00"
2019-04-02,2019040201007236,NNLB,46,58,200,427.00,"85,400.00"
2019-04-02,2019040201007235,NNLB,45,58,40,431.00,"17,240.00"
2019-04-02,2019040201007234,NNLB,56,58,15,431.00,"6,465.00"
2019-04-02,2019040201007233,NNLB,58,58,76,432.00,"32,832.00"
2019-04-02,2019040201007218,NNLB,43,58,100,433.00,"43,300.00"
2019-04-02,2019040201006855,NSEWA,51,22,10,515.00,"5,150.00"
2019-04-02,2019040201007123,NTC,58,49,10,686.00,"6,860.00"
2019-04-02,2019040201007093,NTC,42,25,815,681.00,"555,015.00"
2019-04-02,2019040201007303,NUBL,42,6,110,744.00,"81,840.00"
2019-04-02,2019040201006912,NUBL,44,6,10,744.00,"7,440.00"
2019-04-02,2019040201007283,PCBL,5,52,50,325.00,"16,250.00"
2019-04-02,2019040201007263,PCBL,43,59,150,324.00,"48,600.00"
2019-04-02,2019040201007262,PCBL,39,59,100,324.00,"32,400.00"
2019-04-02,2019040201006997,PCBL,39,45,18,324.00,"5,832.00"
2019-04-02,2019040201006926,PCBL,49,52,20,325.00,"6,500.00"
2019-04-02,2019040201006907,PCBL,39,48,82,324.00,"26,568.00"
2019-04-02,2019040201006906,PCBL,47,48,318,324.00,"103,032.00"
2019-04-02,2019040201006872,PCBL,47,47,100,324.00,"32,400.00"
2019-04-02,2019040201006851,PCBL,47,48,400,324.00,"129,600.00"
2019-04-02,2019040201007307,PFL,59,59,13,132.00,"1,716.00"
2019-04-02,2019040201007203,PFL,58,28,43,130.00,"5,590.00"
2019-04-02,2019040201007309,PIC,45,45,25,"1,017.00","25,425.00"
2019-04-02,2019040201006834,PIC,25,48,11,"1,016.00","11,176.00"
2019-04-02,2019040201007281,PICL,56,18,200,672.00,"134,400.00"
2019-04-02,2019040201007177,PLIC,51,5,300,447.00,"134,100.00"
2019-04-02,2019040201007144,PLIC,28,49,80,450.00,"36,000.00"
2019-04-02,2019040201007143,PLIC,28,25,100,450.00,"45,000.00"
2019-04-02,2019040201007142,PLIC,28,48,219,449.00,"98,331.00"
2019-04-02,2019040201007257,PMHPL,22,25,10,112.00,"1,120.00"
2019-04-02,2019040201007227,PMHPL,22,6,10,111.00,"1,110.00"
2019-04-02,2019040201007226,PMHPL,22,25,10,111.00,"1,110.00"
2019-04-02,2019040201007221,PMHPL,32,20,10,109.00,"1,090.00"
2019-04-02,2019040201007166,PMHPL,32,20,10,109.00,"1,090.00"
2019-04-02,2019040201007096,PMHPL,32,20,10,109.00,"1,090.00"
2019-04-02,2019040201007058,PMHPL,32,20,10,109.00,"1,090.00"
2019-04-02,2019040201006990,PMHPL,32,20,10,109.00,"1,090.00"
2019-04-02,2019040201006951,PMHPL,13,19,10,110.00,"1,100.00"
2019-04-02,2019040201006950,PMHPL,13,19,10,110.00,"1,100.00"
2019-04-02,2019040201007105,PRIN,39,58,85,410.00,"34,850.00"
2019-04-02,2019040201007104,PRIN,22,58,100,410.00,"41,000.00"
2019-04-02,2019040201007103,PRIN,41,58,15,410.00,"6,150.00"
2019-04-02,2019040201007102,PRIN,55,58,200,411.00,"82,200.00"
2019-04-02,2019040201007101,PRIN,22,58,100,412.00,"41,200.00"
2019-04-02,2019040201007269,PRVU,4,57,80,246.00,"19,680.00"
2019-04-02,2019040201007246,PRVU,34,57,"1,660",246.00,"408,360.00"
2019-04-02,2019040201007245,PRVU,34,42,"1,340",246.00,"329,640.00"
2019-04-02,2019040201007169,PRVU,26,7,15,245.00,"3,675.00"
2019-04-02,2019040201007138,PRVU,26,5,313,245.00,"76,685.00"
2019-04-02,2019040201007137,PRVU,7,5,187,245.00,"45,815.00"
2019-04-02,2019040201007115,PRVU,7,21,100,245.00,"24,500.00"
2019-04-02,2019040201006927,PRVU,7,52,50,245.00,"12,250.00"
2019-04-02,2019040201006848,PRVU,4,42,160,246.00,"39,360.00"
2019-04-02,2019040201006862,RADHI,54,59,11,165.00,"1,815.00"
2019-04-02,2019040201007057,RHPC,55,55,17,94.00,"1,598.00"
2019-04-02,2019040201007039,RHPC,55,45,17,94.00,"1,598.00"
2019-04-02,2019040201007082,RRHP,57,20,10,93.00,930.00
2019-04-02,2019040201006961,RSDC,40,22,40,365.00,"14,600.00"
2019-04-02,2019040201006840,SADBL,16,49,100,143.00,"14,300.00"
2019-04-02,2019040201007012,SANIMA,28,16,365,313.00,"114,245.00"
2019-04-02,2019040201007011,SANIMA,28,19,301,313.00,"94,213.00"
2019-04-02,2019040201007010,SANIMA,28,1,850,313.00,"266,050.00"
2019-04-02,2019040201007009,SANIMA,28,5,146,312.00,"45,552.00"
2019-04-02,2019040201007008,SANIMA,28,36,380,312.00,"118,560.00"
2019-04-02,2019040201007007,SANIMA,28,55,100,312.00,"31,200.00"
2019-04-02,2019040201007006,SANIMA,28,55,100,312.00,"31,200.00"
2019-04-02,2019040201007005,SANIMA,28,32,758,312.00,"236,496.00"
2019-04-02,2019040201007288,SBBLJ,20,1,10,199.00,"1,990.00"
2019-04-02,2019040201007214,SBI,49,25,94,398.00,"37,412.00"
2019-04-02,2019040201007060,SBI,49,11,104,398.00,"41,392.00"
2019-04-02,2019040201006838,SBI,49,25,172,398.00,"68,456.00"
2019-04-02,2019040201007302,SBL,33,49,850,300.00,"255,000.00"
2019-04-02,2019040201007301,SBL,33,40,166,300.00,"49,800.00"
2019-04-02,2019040201007300,SBL,33,6,660,300.00,"198,000.00"
2019-04-02,2019040201007299,SBL,33,28,55,300.00,"16,500.00"
2019-04-02,2019040201006911,SBL,44,42,125,299.00,"37,375.00"
2019-04-02,2019040201006910,SBL,45,42,100,299.00,"29,900.00"
2019-04-02,2019040201006871,SBL,58,28,251,300.00,"75,300.00"
2019-04-02,2019040201007308,SCB,5,11,10,579.00,"5,790.00"
2019-04-02,2019040201007260,SCB,36,38,414,580.00,"240,120.00"
2019-04-02,2019040201007136,SCB,10,38,290,579.00,"167,910.00"
2019-04-02,2019040201007059,SCB,41,38,10,579.00,"5,790.00"
2019-04-02,2019040201006921,SCB,45,40,100,579.00,"57,900.00"
2019-04-02,2019040201006920,SCB,45,40,280,579.00,"162,120.00"
2019-04-02,2019040201006873,SCB,58,40,20,579.00,"11,580.00"
2019-04-02,2019040201006867,SCB,36,40,100,579.00,"57,900.00"
2019-04-02,2019040201006864,SCB,22,47,50,576.00,"28,800.00"
2019-04-02,2019040201006882,SEOS,42,16,"5,000",9.89,"49,450.00"
2019-04-02,2019040201006881,SEOS,42,22,400,9.89,"3,956.00"
2019-04-02,2019040201007126,SHIVM,38,41,200,326.00,"65,200.00"
2019-04-02,2019040201007098,SHIVM,38,21,50,326.00,"16,300.00"
2019-04-02,2019040201007097,SHIVM,32,21,50,326.00,"16,300.00"
2019-04-02,2019040201007073,SHIVM,32,45,50,326.00,"16,300.00"
2019-04-02,2019040201006900,SHIVM,29,29,50,327.00,"16,350.00"
2019-04-02,2019040201006835,SHPC,47,45,22,227.00,"4,994.00"
2019-04-02,2019040201007131,SIC,45,58,30,"1,265.00","37,950.00"
2019-04-02,2019040201007130,SIC,25,58,20,"1,267.00","25,340.00"
2019-04-02,2019040201007129,SIC,56,58,50,"1,268.00","63,400.00"
2019-04-02,2019040201007128,SIC,44,58,100,"1,269.00","126,900.00"
2019-04-02,2019040201007127,SIC,42,58,100,"1,270.00","127,000.00"
2019-04-02,2019040201007209,SICL,40,40,91,874.00,"79,534.00"
2019-04-02,2019040201007092,SICL,45,40,30,874.00,"26,220.00"
2019-04-02,2019040201007067,SICL,32,32,73,874.00,"63,802.00"
2019-04-02,2019040201007324,SIL,49,10,50,597.00,"29,850.00"
2019-04-02,2019040201007323,SIL,44,10,10,597.00,"5,970.00"
2019-04-02,2019040201006975,SKBBL,14,46,200,865.00,"173,000.00"
2019-04-02,2019040201006943,SKBBL,17,53,200,866.00,"173,200.00"
2019-04-02,2019040201006942,SKBBL,14,53,24,866.00,"20,784.00"
2019-04-02,2019040201006941,SKBBL,38,53,70,867.00,"60,690.00"
2019-04-02,2019040201006831,SLBBL,7,49,10,488.00,"4,880.00"
2019-04-02,2019040201006833,SLBBL,37,49,74,486.00,"35,964.00"
2019-04-02,2019040201006832,SLBBL,45,49,16,487.00,"7,792.00"
2019-04-02,2019040201007207,SLBSL,50,20,10,678.00,"6,780.00"
2019-04-02,2019040201007002,SLBSL,50,20,10,678.00,"6,780.00"
2019-04-02,2019040201006963,SLBSL,50,20,10,678.00,"6,780.00"
2019-04-02,2019040201006922,SLBSL,50,22,10,678.00,"6,780.00"
2019-04-02,2019040201006916,SLBSL,7,20,10,679.00,"6,790.00"
2019-04-02,2019040201007176,SMB,11,57,20,627.00,"12,540.00"
2019-04-02,2019040201007175,SMB,11,21,10,626.00,"6,260.00"
2019-04-02,2019040201007174,SMB,11,17,10,625.00,"6,250.00"
2019-04-02,2019040201007173,SMB,11,21,10,620.00,"6,200.00"
2019-04-02,2019040201007172,SMB,11,21,10,620.00,"6,200.00"
2019-04-02,2019040201007282,SRBL,4,43,85,229.00,"19,465.00"
2019-04-02,2019040201007244,SRBL,35,28,986,228.00,"224,808.00"
2019-04-02,2019040201007208,SRBL,35,44,72,228.00,"16,416.00"
2019-04-02,2019040201007139,SRBL,35,8,502,228.00,"114,456.00"
2019-04-02,2019040201007119,SRBL,35,39,930,228.00,"212,040.00"
2019-04-02,2019040201007091,SRBL,35,45,250,228.00,"57,000.00"
2019-04-02,2019040201007084,SRBL,35,44,191,228.00,"43,548.00"
2019-04-02,2019040201006998,SRBL,35,22,300,228.00,"68,400.00"
2019-04-02,2019040201006933,SRBL,35,6,30,228.00,"6,840.00"
2019-04-02,2019040201006891,SRBL,33,43,10,229.00,"2,290.00"
2019-04-02,2019040201006861,SRBL,4,43,175,229.00,"40,075.00"
2019-04-02,2019040201007279,SWBBL,50,50,7,814.00,"5,698.00"
2019-04-02,2019040201006971,SWBBL,50,53,200,820.00,"164,000.00"
2019-04-02,2019040201006970,SWBBL,28,53,20,821.00,"16,420.00"
2019-04-02,2019040201006893,UIC,6,25,53,765.00,"40,545.00"
2019-04-02,2019040201006892,UIC,58,25,200,766.00,"153,200.00"
2019-04-02,2019040201007231,UMHL,45,45,14,115.00,"1,610.00"
2019-04-02,2019040201007318,UPPER,56,1,50,237.00,"11,850.00"
2019-04-02,2019040201007306,UPPER,56,44,50,237.00,"11,850.00"
2019-04-02,2019040201007225,UPPER,56,26,40,237.00,"9,480.00"
2019-04-02,2019040201007220,UPPER,56,36,30,237.00,"7,110.00"
2019-04-02,2019040201006931,UPPER,48,6,50,237.00,"11,850.00"
2019-04-02,2019040201006915,UPPER,48,6,50,237.00,"11,850.00"
2019-04-02,2019040201006984,UPPER,43,42,860,238.00,"204,680.00"
2019-04-02,2019040201006983,UPPER,43,17,50,238.00,"11,900.00"
2019-04-02,2019040201006982,UPPER,43,21,50,238.00,"11,900.00"
2019-04-02,2019040201006981,UPPER,43,49,"2,000",238.00,"476,000.00"
2019-04-02,2019040201006980,UPPER,43,54,40,238.00,"9,520.00"
2019-04-02,2019040201007094,UPPER,48,1,40,237.00,"9,480.00"
2019-04-02,2019040201007078,UPPER,48,45,40,237.00,"9,480.00"
2019-04-02,2019040201007047,UPPER,48,19,50,237.00,"11,850.00"
2019-04-02,2019040201007042,UPPER,48,45,40,237.00,"9,480.00"
2019-04-02,2019040201007149,UPPER,42,19,50,238.00,"11,900.00"
2019-04-02,2019040201007148,UPPER,42,42,50,238.00,"11,900.00"
2019-04-02,2019040201007147,UPPER,42,42,"1,140",238.00,"271,320.00"
2019-04-02,2019040201007125,UPPER,48,1,40,237.00,"9,480.00"
2019-04-02,2019040201007100,UPPER,48,36,40,237.00,"9,480.00"
2019-04-02,2019040201007155,UPPER,42,44,40,238.00,"9,520.00"
2019-04-02,2019040201007154,UPPER,42,44,40,238.00,"9,520.00"
2019-04-02,2019040201007153,UPPER,42,44,50,238.00,"11,900.00"
2019-04-02,2019040201007152,UPPER,42,44,40,238.00,"9,520.00"
2019-04-02,2019040201007151,UPPER,42,44,50,238.00,"11,900.00"
2019-04-02,2019040201007150,UPPER,42,1,100,238.00,"23,800.00"
2019-04-02,2019040201007162,UPPER,48,36,20,237.00,"4,740.00"
2019-04-02,2019040201007160,UPPER,42,44,50,238.00,"11,900.00"
2019-04-02,2019040201007159,UPPER,42,44,50,238.00,"11,900.00"
2019-04-02,2019040201007158,UPPER,42,52,50,238.00,"11,900.00"
2019-04-02,2019040201007157,UPPER,42,44,50,238.00,"11,900.00"
2019-04-02,2019040201007156,UPPER,42,44,40,238.00,"9,520.00"
2019-04-02,2019040201007219,UPPER,45,36,10,238.00,"2,380.00"
2019-04-02,2019040201007197,UPPER,45,44,40,238.00,"9,520.00"
2019-04-02,2019040201007196,UPPER,45,44,50,238.00,"11,900.00"
2019-04-02,2019040201007171,UPPER,56,38,17,237.00,"4,029.00"
2019-04-02,2019040201007170,UPPER,26,38,80,237.00,"18,960.00"
2019-04-02,2019040201007163,UPPER,26,36,20,237.00,"4,740.00"
2019-04-02,2019040201007053,VLBS,25,45,12,642.00,"7,704.00"
2019-04-02,2019040201006974,VLBS,22,40,15,643.00,"9,645.00"
2019-04-02,2019040201006952,VLBS,22,40,80,643.00,"51,440.00"
2019-04-02,2019040201006937,VLBS,22,57,20,643.00,"12,860.00"
2019-04-02,2019040201006852,VLBS,25,45,12,642.00,"7,704.00"
2019-04-02,2019040201006758,ADBL,21,42,55,301.00,"16,555.00"
2019-04-02,2019040201006757,ADBL,33,42,60,301.00,"18,060.00"
2019-04-02,2019040201006439,ADBL,33,1,10,301.00,"3,010.00"
2019-04-02,2019040201006358,ADBL,29,42,110,302.00,"33,220.00"
2019-04-02,2019040201006345,ADBL,29,38,180,303.00,"54,540.00"
2019-04-02,2019040201006344,ADBL,29,53,200,303.00,"60,600.00"
2019-04-02,2019040201006343,ADBL,29,11,200,303.00,"60,600.00"
2019-04-02,2019040201006342,ADBL,29,45,120,303.00,"36,360.00"
2019-04-02,2019040201006535,AHPC,42,45,58,103.00,"5,974.00"
2019-04-02,2019040201006530,AHPC,44,45,10,104.00,"1,040.00"
2019-04-02,2019040201006801,ALBSL,19,56,10,480.00,"4,800.00"
2019-04-02,2019040201006800,ALBSL,19,26,10,480.00,"4,800.00"
2019-04-02,2019040201006799,ALBSL,19,26,10,480.00,"4,800.00"
2019-04-02,2019040201006798,ALBSL,19,10,10,480.00,"4,800.00"
2019-04-02,2019040201006751,ALBSL,54,41,10,478.00,"4,780.00"
2019-04-02,2019040201006698,ALBSL,45,52,10,479.00,"4,790.00"
2019-04-02,2019040201006381,ALBSL,58,57,10,479.00,"4,790.00"
2019-04-02,2019040201006373,ALBSL,58,57,10,479.00,"4,790.00"
2019-04-02,2019040201006356,ALBSL,37,57,10,479.00,"4,790.00"
2019-04-02,2019040201006350,ALBSL,37,57,10,479.00,"4,790.00"
2019-04-02,2019040201006628,ALBSL,45,58,10,479.00,"4,790.00"
2019-04-02,2019040201006612,ALBSL,45,41,10,479.00,"4,790.00"
2019-04-02,2019040201006587,ALBSL,45,54,10,479.00,"4,790.00"
2019-04-02,2019040201006574,ALBSL,45,44,10,479.00,"4,790.00"
2019-04-02,2019040201006467,ALBSL,54,21,10,478.00,"4,780.00"
2019-04-02,2019040201006397,ALBSL,58,57,10,479.00,"4,790.00"
2019-04-02,2019040201006525,API,25,53,33,137.00,"4,521.00"
2019-04-02,2019040201006738,BARUN,19,39,490,97.00,"47,530.00"
2019-04-02,2019040201006802,BHBL,58,42,"1,000",154.00,"154,000.00"
2019-04-02,2019040201006378,BHBL,59,42,"1,000",152.00,"152,000.00"
2019-04-02,2019040201006364,BNT,6,53,10,"6,570.00","65,700.00"
2019-04-02,2019040201006732,BOKL,41,49,36,247.00,"8,892.00"
2019-04-02,2019040201006532,BOKL,41,17,150,247.00,"37,050.00"
2019-04-02,2019040201006531,BOKL,41,43,54,247.00,"13,338.00"
2019-04-02,2019040201006516,BOKL,25,6,211,246.00,"51,906.00"
2019-04-02,2019040201006515,BOKL,19,6,200,246.00,"49,200.00"
2019-04-02,2019040201006514,BOKL,38,6,78,246.00,"19,188.00"
2019-04-02,2019040201006454,BOKL,38,1,11,246.00,"2,706.00"
2019-04-02,2019040201006370,BPCL,13,1,22,359.00,"7,898.00"
2019-04-02,2019040201006369,BPCL,13,1,22,359.00,"7,898.00"
2019-04-02,2019040201006368,BPCL,42,41,11,359.00,"3,949.00"
2019-04-02,2019040201006749,CBBL,44,35,90,896.00,"80,640.00"
2019-04-02,2019040201006748,CBBL,44,35,40,897.00,"35,880.00"
2019-04-02,2019040201006687,CBBL,45,34,30,898.00,"26,940.00"
2019-04-02,2019040201006607,CBBL,18,34,200,898.00,"179,600.00"
2019-04-02,2019040201006385,CBBL,50,34,10,898.00,"8,980.00"
2019-04-02,2019040201006813,CBL,4,59,250,160.00,"40,000.00"
2019-04-02,2019040201006810,CBL,39,45,79,159.00,"12,561.00"
2019-04-02,2019040201006796,CBL,39,59,161,160.00,"25,760.00"
2019-04-02,2019040201006795,CBL,39,49,91,160.00,"14,560.00"
2019-04-02,2019040201006794,CBL,39,52,200,160.00,"32,000.00"
2019-04-02,2019040201006793,CBL,39,34,"1,500",160.00,"240,000.00"
2019-04-02,2019040201006548,CBL,58,13,112,159.00,"17,808.00"
2019-04-02,2019040201006545,CBL,58,45,79,159.00,"12,561.00"
2019-04-02,2019040201006511,CBL,58,45,79,159.00,"12,561.00"
2019-04-02,2019040201006475,CBL,58,1,20,159.00,"3,180.00"
2019-04-02,2019040201006334,CBL,58,29,"1,400",159.00,"222,600.00"
2019-04-02,2019040201006792,CBL,39,38,648,160.00,"103,680.00"
2019-04-02,2019040201006720,CBL,39,50,262,159.00,"41,658.00"
2019-04-02,2019040201006661,CBL,39,37,500,159.00,"79,500.00"
2019-04-02,2019040201006595,CBL,39,45,79,159.00,"12,561.00"
2019-04-02,2019040201006571,CBL,39,13,17,159.00,"2,703.00"
2019-04-02,2019040201006570,CBL,58,13,95,159.00,"15,105.00"
2019-04-02,2019040201006819,CCBL,4,36,220,168.00,"36,960.00"
2019-04-02,2019040201006818,CCBL,4,45,20,167.00,"3,340.00"
2019-04-02,2019040201006816,CCBL,58,45,50,166.00,"8,300.00"
2019-04-02,2019040201006640,CCBL,58,26,400,166.00,"66,400.00"
2019-04-02,2019040201006605,CCBL,58,45,50,166.00,"8,300.00"
2019-04-02,2019040201006551,CCBL,58,45,87,166.00,"14,442.00"
2019-04-02,2019040201006526,CCBL,58,6,27,166.00,"4,482.00"
2019-04-02,2019040201006327,CCBL,18,41,213,167.00,"35,571.00"
2019-04-02,2019040201006326,CCBL,18,47,200,167.00,"33,400.00"
2019-04-02,2019040201006325,CCBL,18,26,20,167.00,"3,340.00"
2019-04-02,2019040201006367,CFCL,44,7,33,107.00,"3,531.00"
2019-04-02,2019040201006824,CHCL,55,45,23,504.00,"11,592.00"
2019-04-02,2019040201006823,CHCL,28,45,66,504.00,"33,264.00"
2019-04-02,2019040201006618,CHCL,28,45,89,504.00,"44,856.00"
2019-04-02,2019040201006567,CHCL,28,10,40,504.00,"20,160.00"
2019-04-02,2019040201006559,CHCL,28,45,89,504.00,"44,856.00"
2019-04-02,2019040201006807,CHLBS,25,38,30,508.00,"15,240.00"
2019-04-02,2019040201006806,CHLBS,56,38,30,509.00,"15,270.00"
2019-04-02,2019040201006753,CHLBS,56,1,10,509.00,"5,090.00"
2019-04-02,2019040201006673,CHLBS,56,1,10,509.00,"5,090.00"
2019-04-02,2019040201006668,CHLBS,56,1,10,509.00,"5,090.00"
2019-04-02,2019040201006659,CHLBS,56,1,10,509.00,"5,090.00"
2019-04-02,2019040201006635,CHLBS,56,1,10,509.00,"5,090.00"
2019-04-02,2019040201006608,CHLBS,56,1,10,509.00,"5,090.00"
2019-04-02,2019040201006639,CIT,6,26,100,"2,601.00","260,100.00"
2019-04-02,2019040201006586,CIT,46,26,50,"2,605.00","130,250.00"
2019-04-02,2019040201006585,CIT,5,26,20,"2,605.00","52,100.00"
2019-04-02,2019040201006561,CIT,44,58,30,"2,609.00","78,270.00"
2019-04-02,2019040201006558,CIT,44,34,100,"2,606.00","260,600.00"
2019-04-02,2019040201006346,CIT,37,58,50,"2,609.00","130,450.00"
2019-04-02,2019040201006633,CLBSL,54,45,10,573.00,"5,730.00"
2019-04-02,2019040201006808,CZBIL,58,22,60,217.00,"13,020.00"
2019-04-02,2019040201006455,CZBIL,28,45,108,218.00,"23,544.00"
2019-04-02,2019040201006576,DBBL,51,4,423,126.00,"53,298.00"
2019-04-02,2019040201006699,DDBL,26,32,14,585.00,"8,190.00"
2019-04-02,2019040201006666,EBL,36,58,10,591.00,"5,910.00"
2019-04-02,2019040201006665,EBL,36,41,69,590.00,"40,710.00"
2019-04-02,2019040201006631,EBL,55,41,50,590.00,"29,500.00"
2019-04-02,2019040201006630,EBL,26,41,14,590.00,"8,260.00"
2019-04-02,2019040201006445,EBL,45,44,200,591.00,"118,200.00"
2019-04-02,2019040201006401,EBL,26,6,36,590.00,"21,240.00"
2019-04-02,2019040201006365,EBL,1,6,30,590.00,"17,700.00"
2019-04-02,2019040201006393,GBBL,43,25,500,191.00,"95,500.00"
2019-04-02,2019040201006392,GBBL,43,50,100,191.00,"19,100.00"
2019-04-02,2019040201006391,GBBL,43,57,82,191.00,"15,662.00"
2019-04-02,2019040201006390,GBBL,43,39,39,191.00,"7,449.00"
2019-04-02,2019040201006383,GBBL,34,7,108,190.00,"20,520.00"
2019-04-02,2019040201006817,GBIME,48,22,77,266.00,"20,482.00"
2019-04-02,2019040201006649,GBIME,48,45,15,266.00,"3,990.00"
2019-04-02,2019040201006643,GBIME,48,26,50,266.00,"13,300.00"
2019-04-02,2019040201006572,GBIME,48,45,15,266.00,"3,990.00"
2019-04-02,2019040201006606,GBLBS,42,21,10,447.00,"4,470.00"
2019-04-02,2019040201006462,GBLBS,37,35,10,450.00,"4,500.00"
2019-04-02,2019040201006461,GBLBS,37,26,10,450.00,"4,500.00"
2019-04-02,2019040201006335,GDBL,48,52,100,187.00,"18,700.00"
2019-04-02,2019040201006647,GDBL,40,1,200,188.00,"37,600.00"
2019-04-02,2019040201006646,GDBL,40,38,400,188.00,"75,200.00"
2019-04-02,2019040201006645,GDBL,40,25,300,188.00,"56,400.00"
2019-04-02,2019040201006644,GDBL,40,52,100,187.00,"18,700.00"
2019-04-02,2019040201006688,GILB,44,58,20,"1,000.00","20,000.00"
2019-04-02,2019040201006812,GLICL,40,35,37,500.00,"18,500.00"
2019-04-02,2019040201006653,GRDBL,43,43,105,105.00,"11,025.00"
2019-04-02,2019040201006652,GRDBL,43,43,10,105.00,"1,050.00"
2019-04-02,2019040201006569,GRDBL,43,43,90,105.00,"9,450.00"
2019-04-02,2019040201006568,GRDBL,43,43,110,105.00,"11,550.00"
2019-04-02,2019040201006404,GRDBL,43,7,50,105.00,"5,250.00"
2019-04-02,2019040201006386,HGI,6,6,214,379.00,"81,106.00"
2019-04-02,2019040201006663,HIDCL,34,45,29,136.00,"3,944.00"
2019-04-02,2019040201006575,HIDCL,34,45,29,136.00,"3,944.00"
2019-04-02,2019040201006529,HIDCL,34,13,56,136.00,"7,616.00"
2019-04-02,2019040201006447,HIDCL,34,13,56,136.00,"7,616.00"
2019-04-02,2019040201006436,HIDCL,34,7,56,136.00,"7,616.00"
2019-04-02,2019040201006379,HIDCL,34,41,56,136.00,"7,616.00"
2019-04-02,2019040201006460,HPPL,58,7,10,189.00,"1,890.00"
2019-04-02,2019040201006459,HPPL,58,41,10,189.00,"1,890.00"
2019-04-02,2019040201006458,HPPL,58,21,20,189.00,"3,780.00"
2019-04-02,2019040201006681,JBBL,39,45,128,137.00,"17,536.00"
2019-04-02,2019040201006680,JBBL,52,45,150,137.00,"20,550.00"
2019-04-02,2019040201006767,JBNL,38,25,"3,000",178.00,"534,000.00"
2019-04-02,2019040201006766,JBNL,38,5,"1,000",178.00,"178,000.00"
2019-04-02,2019040201006765,JBNL,38,56,40,178.00,"7,120.00"
2019-04-02,2019040201006764,JBNL,38,45,193,178.00,"34,354.00"
2019-04-02,2019040201006763,JBNL,38,32,"1,290",178.00,"229,620.00"
2019-04-02,2019040201006746,JBNL,38,32,"1,000",177.00,"177,000.00"
2019-04-02,2019040201006517,JBNL,49,8,153,177.00,"27,081.00"
2019-04-02,2019040201006336,JBNL,49,57,45,177.00,"7,965.00"
2019-04-02,2019040201006565,JBNL,45,35,780,177.00,"138,060.00"
2019-04-02,2019040201006564,JBNL,34,35,138,177.00,"24,426.00"
2019-04-02,2019040201006542,JBNL,34,26,200,177.00,"35,400.00"
2019-04-02,2019040201006527,JBNL,34,28,"2,000",177.00,"354,000.00"
2019-04-02,2019040201006519,JBNL,34,8,312,177.00,"55,224.00"
2019-04-02,2019040201006518,JBNL,50,8,35,177.00,"6,195.00"
2019-04-02,2019040201006745,JBNL,38,1,200,177.00,"35,400.00"
2019-04-02,2019040201006744,JBNL,38,35,82,177.00,"14,514.00"
2019-04-02,2019040201006604,JBNL,16,35,165,176.00,"29,040.00"
2019-04-02,2019040201006603,JBNL,42,35,835,176.00,"146,960.00"
2019-04-02,2019040201006593,JBNL,42,20,165,176.00,"29,040.00"
2019-04-02,2019040201006592,JBNL,34,20,158,176.00,"27,808.00"
2019-04-02,2019040201006537,JFL,49,38,197,168.00,"33,096.00"
2019-04-02,2019040201006536,JFL,49,25,500,167.00,"83,500.00"
2019-04-02,2019040201006642,KBBL,6,32,26,209.00,"5,434.00"
2019-04-02,2019040201006641,KBBL,16,32,"1,974",209.00,"412,566.00"
2019-04-02,2019040201006331,KBBL,16,17,26,209.00,"5,434.00"
2019-04-02,2019040201006650,KBL,29,45,38,243.00,"9,234.00"
2019-04-02,2019040201006623,KBL,35,45,100,243.00,"24,300.00"
2019-04-02,2019040201006622,KBL,39,45,274,243.00,"66,582.00"
2019-04-02,2019040201006621,KBL,42,45,101,243.00,"24,543.00"
2019-04-02,2019040201006512,KBL,17,17,3,241.00,723.00
2019-04-02,2019040201006497,KBL,29,28,134,244.00,"32,696.00"
2019-04-02,2019040201006481,KBL,58,28,500,244.00,"122,000.00"
2019-04-02,2019040201006480,KBL,58,28,366,244.00,"89,304.00"
2019-04-02,2019040201006464,KBL,58,8,500,244.00,"122,000.00"
2019-04-02,2019040201006389,KBL,29,51,60,245.00,"14,700.00"
2019-04-02,2019040201006588,KKHC,46,43,16,77.00,"1,232.00"
2019-04-02,2019040201006632,KMCDB,48,45,20,792.00,"15,840.00"
2019-04-02,2019040201006492,KMCDB,48,58,300,792.00,"237,600.00"
2019-04-02,2019040201006479,KMCDB,56,58,95,793.00,"75,335.00"
2019-04-02,2019040201006797,KPCL,37,6,10,93.00,930.00
2019-04-02,2019040201006402,KPCL,35,59,10,92.00,920.00
2019-04-02,2019040201006372,KPCL,35,21,10,92.00,920.00
2019-04-02,2019040201006610,KPCL,45,21,10,92.00,920.00
2019-04-02,2019040201006476,KPCL,35,21,10,92.00,920.00
2019-04-02,2019040201006437,KRBL,42,45,50,100.00,"5,000.00"
2019-04-02,2019040201006693,KSBBL,33,45,143,140.00,"20,020.00"
2019-04-02,2019040201006609,KSBBL,16,41,10,141.00,"1,410.00"
2019-04-02,2019040201006490,LBBL,34,7,40,171.00,"6,840.00"
2019-04-02,2019040201006638,LBL,34,45,35,201.00,"7,035.00"
2019-04-02,2019040201006637,LBL,48,45,11,202.00,"2,222.00"
2019-04-02,2019040201006375,LBL,48,29,489,202.00,"98,778.00"
2019-04-02,2019040201006374,LBL,39,29,11,202.00,"2,222.00"
2019-04-02,2019040201006733,LEMF,42,26,"1,000",7.58,"7,580.00"
2019-04-02,2019040201006701,LLBS,58,45,24,751.00,"18,024.00"
2019-04-02,2019040201006809,MBL,54,32,500,230.00,"115,000.00"
2019-04-02,2019040201006716,MBL,54,32,403,230.00,"92,690.00"
2019-04-02,2019040201006715,MBL,32,32,500,230.00,"115,000.00"
2019-04-02,2019040201006714,MBL,45,32,500,230.00,"115,000.00"
2019-04-02,2019040201006713,MBL,11,32,500,230.00,"115,000.00"
2019-04-02,2019040201006712,MBL,48,32,500,230.00,"115,000.00"
2019-04-02,2019040201006711,MBL,14,32,360,230.00,"82,800.00"
2019-04-02,2019040201006441,MBL,14,45,30,230.00,"6,900.00"
2019-04-02,2019040201006433,MBL,18,32,500,231.00,"115,500.00"
2019-04-02,2019040201006709,MEGA,1,45,220,165.00,"36,300.00"
2019-04-02,2019040201006691,MEGA,1,49,10,165.00,"1,650.00"
2019-04-02,2019040201006690,MEGA,1,49,56,165.00,"9,240.00"
2019-04-02,2019040201006648,MEGA,1,45,220,165.00,"36,300.00"
2019-04-02,2019040201006523,MEGA,1,41,124,165.00,"20,460.00"
2019-04-02,2019040201006522,MEGA,17,17,1,161.00,161.00
2019-04-02,2019040201006446,MEGA,29,45,30,164.00,"4,920.00"
2019-04-02,2019040201006380,MEGA,29,13,104,164.00,"17,056.00"
2019-04-02,2019040201006349,MEGA,5,28,177,165.00,"29,205.00"
2019-04-02,2019040201006651,MERO,5,16,16,557.00,"8,912.00"
2019-04-02,2019040201006410,MERO,21,21,3,550.00,"1,650.00"
2019-04-02,2019040201006790,MMFDB,4,16,20,915.00,"18,300.00"
2019-04-02,2019040201006591,MMFDB,45,16,20,915.00,"18,300.00"
2019-04-02,2019040201006747,MNBBL,17,42,121,349.00,"42,229.00"
2019-04-02,2019040201006554,MNBBL,17,35,13,349.00,"4,537.00"
2019-04-02,2019040201006493,MNBBLP,39,58,"11,000",204.00,"2,244,000.00"
2019-04-02,2019040201006655,NABIL,58,45,12,713.00,"8,556.00"
2019-04-02,2019040201006654,NABIL,47,45,30,714.00,"21,420.00"
2019-04-02,2019040201006534,NABIL,47,3,70,716.00,"50,120.00"
2019-04-02,2019040201006791,NADEP,13,44,10,657.00,"6,570.00"
2019-04-02,2019040201006778,NADEP,13,1,10,657.00,"6,570.00"
2019-04-02,2019040201006736,NADEP,13,44,10,657.00,"6,570.00"
2019-04-02,2019040201006656,NADEP,13,44,10,657.00,"6,570.00"
2019-04-02,2019040201006573,NADEP,13,44,10,657.00,"6,570.00"
2019-04-02,2019040201006546,NADEP,13,44,10,657.00,"6,570.00"
2019-04-02,2019040201006700,NADEP,13,41,10,657.00,"6,570.00"
2019-04-02,2019040201006689,NADEP,13,44,10,657.00,"6,570.00"
2019-04-02,2019040201006786,NBB,38,10,500,203.00,"101,500.00"
2019-04-02,2019040201006785,NBB,38,10,"1,000",203.00,"203,000.00"
2019-04-02,2019040201006784,NBB,28,10,"1,000",203.00,"203,000.00"
2019-04-02,2019040201006783,NBB,43,10,500,203.00,"101,500.00"
2019-04-02,2019040201006578,NBB,26,34,450,204.00,"91,800.00"
2019-04-02,2019040201006501,NBB,46,34,100,204.00,"20,400.00"
2019-04-02,2019040201006477,NBB,29,14,100,205.00,"20,500.00"
2019-04-02,2019040201006456,NBB,36,45,50,204.00,"10,200.00"
2019-04-02,2019040201006348,NBB,48,14,100,205.00,"20,500.00"
2019-04-02,2019040201006329,NBB,56,54,100,205.00,"20,500.00"
2019-04-02,2019040201006328,NBB,56,5,290,205.00,"59,450.00"
2019-04-02,2019040201006486,NBB,52,34,100,204.00,"20,400.00"
2019-04-02,2019040201006485,NBB,25,34,50,204.00,"10,200.00"
2019-04-02,2019040201006484,NBB,33,34,600,204.00,"122,400.00"
2019-04-02,2019040201006483,NBB,28,34,"1,000",204.00,"204,000.00"
2019-04-02,2019040201006482,NBB,36,34,829,204.00,"169,116.00"
2019-04-02,2019040201006478,NBB,29,42,100,205.00,"20,500.00"
2019-04-02,2019040201006500,NBB,7,34,"1,000",204.00,"204,000.00"
2019-04-02,2019040201006499,NBB,42,34,79,204.00,"16,116.00"
2019-04-02,2019040201006489,NBB,42,34,421,204.00,"85,884.00"
2019-04-02,2019040201006488,NBB,25,34,"1,000",204.00,"204,000.00"
2019-04-02,2019040201006487,NBB,19,34,"1,000",204.00,"204,000.00"
2019-04-02,2019040201006584,NBBL,51,35,19,605.00,"11,495.00"
2019-04-02,2019040201006583,NBBL,7,35,10,606.00,"6,060.00"
2019-04-02,2019040201006710,NBL,34,44,"1,000",294.00,"294,000.00"
2019-04-02,2019040201006762,NCCB,49,32,500,217.00,"108,500.00"
2019-04-02,2019040201006739,NCCB,49,45,14,217.00,"3,038.00"
2019-04-02,2019040201006679,NCCB,49,6,302,217.00,"65,534.00"
2019-04-02,2019040201006678,NCCB,49,6,698,217.00,"151,466.00"
2019-04-02,2019040201006671,NCCB,58,57,100,218.00,"21,800.00"
2019-04-02,2019040201006670,NCCB,58,44,50,218.00,"10,900.00"
2019-04-02,2019040201006394,NCCB,38,38,9,217.00,"1,953.00"
2019-04-02,2019040201006382,NCCB,56,16,100,217.00,"21,700.00"
2019-04-02,2019040201006660,NCCB,49,45,22,217.00,"4,774.00"
2019-04-02,2019040201006589,NCCB,49,32,500,217.00,"108,500.00"
2019-04-02,2019040201006463,NCCB,49,45,30,217.00,"6,510.00"
2019-04-02,2019040201006432,NCCB,49,8,750,217.00,"162,750.00"
2019-04-02,2019040201006431,NCCB,56,8,250,217.00,"54,250.00"
2019-04-02,2019040201006413,NCCB,38,38,9,217.00,"1,953.00"
2019-04-02,2019040201006450,NCDB,49,52,34,120.00,"4,080.00"
2019-04-02,2019040201006449,NCDB,49,52,34,120.00,"4,080.00"
2019-04-02,2019040201006448,NCDB,49,45,251,120.00,"30,120.00"
2019-04-02,2019040201006787,NEF,42,36,"2,414",8.10,"19,553.40"
2019-04-02,2019040201006707,NEF,11,42,966,8.00,"7,728.00"
2019-04-02,2019040201006760,NGPL,51,45,11,122.00,"1,342.00"
2019-04-02,2019040201006667,NGPL,51,45,11,122.00,"1,342.00"
2019-04-02,2019040201006377,NGPL,51,21,11,122.00,"1,342.00"
2019-04-02,2019040201006756,NHDL,56,59,10,127.00,"1,270.00"
2019-04-02,2019040201006541,NHPC,37,6,"1,000",72.00,"72,000.00"
2019-04-02,2019040201006540,NHPC,57,6,800,72.00,"57,600.00"
2019-04-02,2019040201006804,NIB,1,45,37,532.00,"19,684.00"
2019-04-02,2019040201006777,NIB,1,45,37,532.00,"19,684.00"
2019-04-02,2019040201006776,NIB,39,32,1,532.00,532.00
2019-04-02,2019040201006775,NIB,43,32,112,532.00,"59,584.00"
2019-04-02,2019040201006774,NIB,22,32,300,532.00,"159,600.00"
2019-04-02,2019040201006773,NIB,51,32,52,532.00,"27,664.00"
2019-04-02,2019040201006772,NIB,57,32,15,533.00,"7,995.00"
2019-04-02,2019040201006771,NIB,52,32,20,533.00,"10,660.00"
2019-04-02,2019040201006636,NIB,21,21,5,530.00,"2,650.00"
2019-04-02,2019040201006577,NIB,21,21,5,530.00,"2,650.00"
2019-04-02,2019040201006440,NIB,21,21,5,530.00,"2,650.00"
2019-04-02,2019040201006506,NIBPO,36,34,150,496.00,"74,400.00"
2019-04-02,2019040201006505,NIBPO,36,8,150,495.00,"74,250.00"
2019-04-02,2019040201006405,NIBPO,32,8,500,495.00,"247,500.00"
2019-04-02,2019040201006805,NICA,5,32,55,423.00,"23,265.00"
2019-04-02,2019040201006768,NICA,5,34,128,423.00,"54,144.00"
2019-04-02,2019040201006755,NICA,5,49,849,423.00,"359,127.00"
2019-04-02,2019040201006754,NICA,25,49,151,423.00,"63,873.00"
2019-04-02,2019040201006686,NICA,44,45,208,424.00,"88,192.00"
2019-04-02,2019040201006600,NICA,44,49,92,424.00,"39,008.00"
2019-04-02,2019040201006359,NICA,54,16,100,424.00,"42,400.00"
2019-04-02,2019040201006357,NICA,54,54,20,424.00,"8,480.00"
2019-04-02,2019040201006418,NICA,45,53,800,425.00,"340,000.00"
2019-04-02,2019040201006417,NICA,45,54,200,425.00,"85,000.00"
2019-04-02,2019040201006416,NICA,45,43,253,425.00,"107,525.00"
2019-04-02,2019040201006415,NICA,45,55,375,425.00,"159,375.00"
2019-04-02,2019040201006400,NICA,54,45,20,424.00,"8,480.00"
2019-04-02,2019040201006371,NICA,54,45,"1,235",424.00,"523,640.00"
2019-04-02,2019040201006424,NICA,45,41,10,425.00,"4,250.00"
2019-04-02,2019040201006423,NICA,45,38,55,425.00,"23,375.00"
2019-04-02,2019040201006422,NICA,45,38,55,425.00,"23,375.00"
2019-04-02,2019040201006421,NICA,45,38,55,425.00,"23,375.00"
2019-04-02,2019040201006420,NICA,45,38,55,425.00,"23,375.00"
2019-04-02,2019040201006419,NICA,45,14,87,425.00,"36,975.00"
2019-04-02,2019040201006430,NICA,45,41,44,425.00,"18,700.00"
2019-04-02,2019040201006429,NICA,45,47,600,425.00,"255,000.00"
2019-04-02,2019040201006428,NICA,45,44,561,425.00,"238,425.00"
2019-04-02,2019040201006427,NICA,45,45,200,425.00,"85,000.00"
2019-04-02,2019040201006426,NICA,45,47,300,425.00,"127,500.00"
2019-04-02,2019040201006425,NICA,45,50,665,425.00,"282,625.00"
2019-04-02,2019040201006599,NICA,6,49,23,424.00,"9,752.00"
2019-04-02,2019040201006598,NICA,45,49,"2,000",424.00,"848,000.00"
2019-04-02,2019040201006597,NICA,21,49,70,424.00,"29,680.00"
2019-04-02,2019040201006580,NICA,50,49,15,425.00,"6,375.00"
2019-04-02,2019040201006550,NICA,50,39,310,425.00,"131,750.00"
2019-04-02,2019040201006549,NICA,50,1,200,425.00,"85,000.00"
2019-04-02,2019040201006619,NLIC,57,41,17,"1,099.00","18,683.00"
2019-04-02,2019040201006533,NLIC,17,17,1,"1,079.00","1,079.00"
2019-04-02,2019040201006528,NLIC,49,49,1,"1,095.00","1,095.00"
2019-04-02,2019040201006520,NLIC,29,21,17,"1,095.00","18,615.00"
2019-04-02,2019040201006507,NLIC,14,21,17,"1,095.00","18,615.00"
2019-04-02,2019040201006491,NLIC,57,21,17,"1,096.00","18,632.00"
2019-04-02,2019040201006822,NMB,14,32,62,335.00,"20,770.00"
2019-04-02,2019040201006770,NMB,14,6,812,335.00,"272,020.00"
2019-04-02,2019040201006769,NMB,11,6,188,335.00,"62,980.00"
2019-04-02,2019040201006697,NMB,11,45,55,335.00,"18,425.00"
2019-04-02,2019040201006685,NMB,11,58,57,335.00,"19,095.00"
2019-04-02,2019040201006403,NMB,25,45,30,335.00,"10,050.00"
2019-04-02,2019040201006362,NMB,50,11,100,336.00,"33,600.00"
2019-04-02,2019040201006361,NMB,50,39,64,336.00,"21,504.00"
2019-04-02,2019040201006360,NMB,50,14,300,336.00,"100,800.00"
2019-04-02,2019040201006780,NMBMF,4,35,17,995.00,"16,915.00"
2019-04-02,2019040201006590,NMBMF,11,58,17,"1,000.00","17,000.00"
2019-04-02,2019040201006474,NMBMF,56,58,50,990.00,"49,500.00"
2019-04-02,2019040201006473,NMBMF,34,58,15,990.00,"14,850.00"
2019-04-02,2019040201006472,NMBMF,44,58,20,990.00,"19,800.00"
2019-04-02,2019040201006339,NMBMF,56,42,20,"1,000.00","20,000.00"
2019-04-02,2019040201006330,NMBMF,56,13,35,"1,001.00","35,035.00"
2019-04-02,2019040201006471,NMBMF,5,58,100,991.00,"99,100.00"
2019-04-02,2019040201006470,NMBMF,28,58,100,992.00,"99,200.00"
2019-04-02,2019040201006469,NMBMF,5,58,50,993.00,"49,650.00"
2019-04-02,2019040201006468,NMBMF,49,58,40,994.00,"39,760.00"
2019-04-02,2019040201006341,NMBMF,49,42,60,994.00,"59,640.00"
2019-04-02,2019040201006340,NMBMF,18,42,20,994.00,"19,880.00"
2019-04-02,2019040201006634,NNLB,58,35,14,432.00,"6,048.00"
2019-04-02,2019040201006544,NNLB,58,39,10,432.00,"4,320.00"
2019-04-02,2019040201006543,NNLB,43,39,20,433.00,"8,660.00"
2019-04-02,2019040201006498,NTC,39,7,100,680.00,"68,000.00"
2019-04-02,2019040201006414,NUBL,42,34,100,745.00,"74,500.00"
2019-04-02,2019040201006811,OHL,45,49,49,440.00,"21,560.00"
2019-04-02,2019040201006695,OHL,45,7,10,440.00,"4,400.00"
2019-04-02,2019040201006694,OHL,45,26,300,440.00,"132,000.00"
2019-04-02,2019040201006617,OHL,45,58,460,440.00,"202,400.00"
2019-04-02,2019040201006602,OHL,45,16,112,440.00,"49,280.00"
2019-04-02,2019040201006503,OHL,45,21,69,440.00,"30,360.00"
2019-04-02,2019040201006820,PCBL,47,45,30,324.00,"9,720.00"
2019-04-02,2019040201006789,PCBL,47,16,100,324.00,"32,400.00"
2019-04-02,2019040201006706,PCBL,47,45,106,324.00,"34,344.00"
2019-04-02,2019040201006662,PCBL,47,57,200,324.00,"64,800.00"
2019-04-02,2019040201006502,PCBL,6,44,428,325.00,"139,100.00"
2019-04-02,2019040201006465,PCBL,6,20,16,325.00,"5,200.00"
2019-04-02,2019040201006815,PFL,59,59,13,132.00,"1,716.00"
2019-04-02,2019040201006742,PFL,59,59,13,132.00,"1,716.00"
2019-04-02,2019040201006718,PFL,32,32,26,133.00,"3,458.00"
2019-04-02,2019040201006717,PFL,32,11,88,133.00,"11,704.00"
2019-04-02,2019040201006705,PFL,32,1,26,132.00,"3,432.00"
2019-04-02,2019040201006704,PFL,32,41,39,132.00,"5,148.00"
2019-04-02,2019040201006703,PFL,32,26,22,132.00,"2,904.00"
2019-04-02,2019040201006616,PFL,58,21,13,130.00,"1,690.00"
2019-04-02,2019040201006538,PFL,58,21,13,130.00,"1,690.00"
2019-04-02,2019040201006387,PFL,58,21,13,130.00,"1,690.00"
2019-04-02,2019040201006333,PFL,58,21,13,130.00,"1,690.00"
2019-04-02,2019040201006669,PIC,59,59,11,"1,017.00","11,187.00"
2019-04-02,2019040201006553,PIC,17,17,1,996.00,996.00
2019-04-02,2019040201006547,PIC,25,21,11,"1,016.00","11,176.00"
2019-04-02,2019040201006388,PIC,25,1,11,"1,016.00","11,176.00"
2019-04-02,2019040201006504,PLIC,51,32,100,447.00,"44,700.00"
2019-04-02,2019040201006466,PLIC,7,32,200,447.00,"89,400.00"
2019-04-02,2019040201006409,PMHPL,32,59,10,109.00,"1,090.00"
2019-04-02,2019040201006396,PMHPL,32,44,10,109.00,"1,090.00"
2019-04-02,2019040201006384,PMHPL,57,44,10,109.00,"1,090.00"
2019-04-02,2019040201006376,PMHPL,57,44,10,109.00,"1,090.00"
2019-04-02,2019040201006363,PMHPL,57,44,10,109.00,"1,090.00"
2019-04-02,2019040201006355,PMHPL,57,44,10,109.00,"1,090.00"
2019-04-02,2019040201006338,PMHPL,57,44,10,109.00,"1,090.00"
2019-04-02,2019040201006761,PRVU,7,45,100,245.00,"24,500.00"
2019-04-02,2019040201006737,PRVU,7,26,100,245.00,"24,500.00"
2019-04-02,2019040201006677,PRVU,7,48,63,245.00,"15,435.00"
2019-04-02,2019040201006442,PRVU,56,8,19,245.00,"4,655.00"
2019-04-02,2019040201006408,PRVU,56,39,181,245.00,"44,345.00"
2019-04-02,2019040201006407,PRVU,37,39,"1,000",245.00,"245,000.00"
2019-04-02,2019040201006406,PRVU,22,39,320,245.00,"78,400.00"
2019-04-02,2019040201006398,PRVU,28,39,200,246.00,"49,200.00"
2019-04-02,2019040201006513,PRVU,56,39,300,245.00,"73,500.00"
2019-04-02,2019040201006496,PRVU,56,26,117,245.00,"28,665.00"
2019-04-02,2019040201006443,PRVU,56,8,481,245.00,"117,845.00"
2019-04-02,2019040201006676,PRVU,56,48,87,245.00,"21,315.00"
2019-04-02,2019040201006658,PRVU,56,7,15,245.00,"3,675.00"
2019-04-02,2019040201006779,RADHI,54,59,11,165.00,"1,815.00"
2019-04-02,2019040201006672,RADHI,50,25,11,168.00,"1,848.00"
2019-04-02,2019040201006366,RADHI,50,13,11,168.00,"1,848.00"
2019-04-02,2019040201006735,RHPC,55,45,17,94.00,"1,598.00"
2019-04-02,2019040201006708,RHPC,55,52,10,95.00,950.00
2019-04-02,2019040201006552,RHPC,7,45,50,96.00,"4,800.00"
2019-04-02,2019040201006444,RRHP,57,44,10,93.00,930.00
2019-04-02,2019040201006438,RRHP,57,44,10,93.00,930.00
2019-04-02,2019040201006412,RRHP,57,44,10,93.00,930.00
2019-04-02,2019040201006566,RSDC,17,17,1,365.00,365.00
2019-04-02,2019040201006581,SANIMA,45,50,100,311.00,"31,100.00"
2019-04-02,2019040201006495,SANIMA,45,42,207,311.00,"64,377.00"
2019-04-02,2019040201006453,SANIMA,46,32,242,312.00,"75,504.00"
2019-04-02,2019040201006452,SANIMA,46,57,208,312.00,"64,896.00"
2019-04-02,2019040201006451,SANIMA,46,45,50,312.00,"15,600.00"
2019-04-02,2019040201006611,SBI,22,45,100,399.00,"39,900.00"
2019-04-02,2019040201006750,SBL,58,25,52,300.00,"15,600.00"
2019-04-02,2019040201006696,SBL,58,1,21,300.00,"6,300.00"
2019-04-02,2019040201006596,SBL,58,1,176,300.00,"52,800.00"
2019-04-02,2019040201006524,SBL,50,39,120,300.00,"36,000.00"
2019-04-02,2019040201006510,SBL,50,1,80,300.00,"24,000.00"
2019-04-02,2019040201006509,SBL,41,1,70,300.00,"21,000.00"
2019-04-02,2019040201006508,SBL,14,1,49,300.00,"14,700.00"
2019-04-02,2019040201006743,SCB,22,45,53,576.00,"30,528.00"
2019-04-02,2019040201006734,SCB,45,41,20,577.00,"11,540.00"
2019-04-02,2019040201006702,SCB,45,41,20,577.00,"11,540.00"
2019-04-02,2019040201006539,SCB,45,39,400,577.00,"230,800.00"
2019-04-02,2019040201006411,SCB,45,38,565,579.00,"327,135.00"
2019-04-02,2019040201006692,SCB,45,41,20,577.00,"11,540.00"
2019-04-02,2019040201006675,SCB,36,40,100,579.00,"57,900.00"
2019-04-02,2019040201006674,SCB,36,41,20,579.00,"11,580.00"
2019-04-02,2019040201006664,SCB,45,41,120,577.00,"69,240.00"
2019-04-02,2019040201006579,SDESI,17,17,1,530.00,530.00
2019-04-02,2019040201006814,SEOS,14,22,100,9.89,989.00
2019-04-02,2019040201006788,SEOS,14,7,"10,000",9.88,"98,800.00"
2019-04-02,2019040201006821,SHIVM,28,42,40,325.00,"13,000.00"
2019-04-02,2019040201006803,SHIVM,29,29,50,326.00,"16,300.00"
2019-04-02,2019040201006731,SHIVM,28,36,830,325.00,"269,750.00"
2019-04-02,2019040201006730,SHIVM,47,36,"1,000",325.00,"325,000.00"
2019-04-02,2019040201006729,SHIVM,39,36,140,325.00,"45,500.00"
2019-04-02,2019040201006728,SHIVM,32,36,100,326.00,"32,600.00"
2019-04-02,2019040201006615,SHIVM,3,44,50,328.00,"16,400.00"
2019-04-02,2019040201006614,SHIVM,32,44,100,328.00,"32,800.00"
2019-04-02,2019040201006613,SHIVM,17,44,50,328.00,"16,400.00"
2019-04-02,2019040201006494,SHIVM,38,41,300,329.00,"98,700.00"
2019-04-02,2019040201006354,SHIVM,38,58,"1,290",330.00,"425,700.00"
2019-04-02,2019040201006721,SHIVM,58,36,"1,810",327.00,"591,870.00"
2019-04-02,2019040201006719,SHIVM,58,42,50,327.00,"16,350.00"
2019-04-02,2019040201006627,SHIVM,34,58,200,328.00,"65,600.00"
2019-04-02,2019040201006626,SHIVM,16,58,500,328.00,"164,000.00"
2019-04-02,2019040201006625,SHIVM,34,58,500,328.00,"164,000.00"
2019-04-02,2019040201006624,SHIVM,3,58,50,328.00,"16,400.00"
2019-04-02,2019040201006727,SHIVM,28,36,"1,000",326.00,"326,000.00"
2019-04-02,2019040201006726,SHIVM,26,36,100,326.00,"32,600.00"
2019-04-02,2019040201006725,SHIVM,26,36,400,326.00,"130,400.00"
2019-04-02,2019040201006724,SHIVM,45,36,270,327.00,"88,290.00"
2019-04-02,2019040201006723,SHIVM,26,36,50,327.00,"16,350.00"
2019-04-02,2019040201006722,SHIVM,35,36,300,327.00,"98,100.00"
2019-04-02,2019040201006752,SHPC,47,45,22,227.00,"4,994.00"
2019-04-02,2019040201006521,SHPC,47,55,534,227.00,"121,218.00"
2019-04-02,2019040201006435,SHPC,1,55,500,227.00,"113,500.00"
2019-04-02,2019040201006434,SHPC,47,55,176,227.00,"39,952.00"
2019-04-02,2019040201006557,SICL,53,39,20,873.00,"17,460.00"
2019-04-02,2019040201006556,SICL,57,39,100,874.00,"87,400.00"
2019-04-02,2019040201006555,SICL,42,39,20,874.00,"17,480.00"
2019-04-02,2019040201006332,SICL,44,40,100,876.00,"87,600.00"
2019-04-02,2019040201006601,SIL,45,48,20,601.00,"12,020.00"
2019-04-02,2019040201006337,SLBSL,50,25,10,678.00,"6,780.00"
2019-04-02,2019040201006781,SLICL,34,25,200,520.00,"104,000.00"
2019-04-02,2019040201006347,SPDL,45,21,10,101.00,"1,010.00"
2019-04-02,2019040201006759,SRBL,35,45,103,228.00,"23,484.00"
2019-04-02,2019040201006684,SRBL,35,46,"1,412",228.00,"321,936.00"
2019-04-02,2019040201006683,SRBL,48,46,300,228.00,"68,400.00"
2019-04-02,2019040201006682,SRBL,39,46,288,228.00,"65,664.00"
2019-04-02,2019040201006563,SRBL,54,43,"1,000",229.00,"229,000.00"
2019-04-02,2019040201006562,SRBL,54,51,55,229.00,"12,595.00"
2019-04-02,2019040201006782,UPPER,48,45,40,237.00,"9,480.00"
2019-04-02,2019040201006741,UPPER,47,54,10,238.00,"2,380.00"
2019-04-02,2019040201006740,UPPER,47,43,50,238.00,"11,900.00"
2019-04-02,2019040201006657,UPPER,48,7,50,237.00,"11,850.00"
2019-04-02,2019040201006629,UPPER,48,7,40,237.00,"9,480.00"
2019-04-02,2019040201006352,UPPER,46,21,30,237.00,"7,110.00"
2019-04-02,2019040201006351,UPPER,46,11,40,237.00,"9,480.00"
2019-04-02,2019040201006457,UPPER,54,41,40,237.00,"9,480.00"
2019-04-02,2019040201006399,UPPER,54,59,10,237.00,"2,370.00"
2019-04-02,2019040201006395,UPPER,54,21,50,237.00,"11,850.00"
2019-04-02,2019040201006353,UPPER,54,21,20,237.00,"4,740.00"
2019-04-02,2019040201006620,UPPER,54,21,40,237.00,"9,480.00"
2019-04-02,2019040201006594,UPPER,54,44,40,237.00,"9,480.00"
2019-04-02,2019040201006582,UPPER,54,13,50,237.00,"11,850.00"
2019-04-02,2019040201006560,UPPER,54,21,50,237.00,"11,850.00"
2019-04-02,2019040201006190,ADBL,29,39,10,302.00,"3,020.00"
2019-04-02,2019040201006123,ADBL,57,39,51,302.00,"15,402.00"
2019-04-02,2019040201005828,ADBL,57,50,349,302.00,"105,398.00"
2019-04-02,2019040201005827,ADBL,33,50,21,302.00,"6,342.00"
2019-04-02,2019040201005907,AHPC,39,28,"1,000",106.00,"106,000.00"
2019-04-02,2019040201006289,AKPL,47,21,13,175.00,"2,275.00"
2019-04-02,2019040201005972,AKPL,47,44,11,175.00,"1,925.00"
2019-04-02,2019040201006322,ALBSL,37,1,10,479.00,"4,790.00"
2019-04-02,2019040201006210,ALBSL,37,1,10,479.00,"4,790.00"
2019-04-02,2019040201006184,ALBSL,37,1,10,479.00,"4,790.00"
2019-04-02,2019040201006163,ALBSL,37,1,10,479.00,"4,790.00"
2019-04-02,2019040201006093,ALBSL,37,17,10,479.00,"4,790.00"
2019-04-02,2019040201005913,ALBSL,37,39,10,479.00,"4,790.00"
2019-04-02,2019040201005849,ALBSL,11,44,10,480.00,"4,800.00"
2019-04-02,2019040201005843,ALBSL,11,44,10,480.00,"4,800.00"
2019-04-02,2019040201006259,ALICL,25,10,68,390.00,"26,520.00"
2019-04-02,2019040201006249,ALICL,25,58,571,389.00,"222,119.00"
2019-04-02,2019040201006165,ALICL,25,28,50,386.00,"19,300.00"
2019-04-02,2019040201006141,ALICL,57,28,100,386.00,"38,600.00"
2019-04-02,2019040201006140,ALICL,41,28,50,387.00,"19,350.00"
2019-04-02,2019040201006034,ALICL,8,10,200,390.00,"78,000.00"
2019-04-02,2019040201006117,AMFI,45,1,10,660.00,"6,600.00"
2019-04-02,2019040201006233,API,45,21,17,135.00,"2,295.00"
2019-04-02,2019040201005975,API,45,46,23,135.00,"3,105.00"
2019-04-02,2019040201005974,API,38,46,100,135.00,"13,500.00"
2019-04-02,2019040201005973,API,25,46,177,135.00,"23,895.00"
2019-04-02,2019040201006161,BARUN,5,39,50,97.00,"4,850.00"
2019-04-02,2019040201006251,BHBL,59,42,"1,000",155.00,"155,000.00"
2019-04-02,2019040201006250,BHBL,59,17,"1,000",154.00,"154,000.00"
2019-04-02,2019040201006242,BHBL,59,49,100,153.00,"15,300.00"
2019-04-02,2019040201006241,BHBL,59,58,800,153.00,"122,400.00"
2019-04-02,2019040201006091,BHBL,34,58,"1,000",150.00,"150,000.00"
2019-04-02,2019040201005977,BHBL,57,58,200,151.00,"30,200.00"
2019-04-02,2019040201005966,BHBL,34,58,"1,000",152.00,"152,000.00"
2019-04-02,2019040201006311,BOKL,52,49,200,247.00,"49,400.00"
2019-04-02,2019040201006310,BOKL,8,49,"4,103",247.00,"1,013,441.00"
2019-04-02,2019040201006279,BOKL,8,11,395,247.00,"97,565.00"
2019-04-02,2019040201006194,BOKL,39,6,201,248.00,"49,848.00"
2019-04-02,2019040201006193,BOKL,39,11,100,248.00,"24,800.00"
2019-04-02,2019040201006192,BOKL,39,6,199,248.00,"49,352.00"
2019-04-02,2019040201006112,BOKL,8,29,82,247.00,"20,254.00"
2019-04-02,2019040201005936,BOKL,8,41,420,247.00,"103,740.00"
2019-04-02,2019040201005935,BOKL,22,41,80,247.00,"19,760.00"
2019-04-02,2019040201005925,BOKL,22,26,20,247.00,"4,940.00"
2019-04-02,2019040201005924,BOKL,28,26,80,247.00,"19,760.00"
2019-04-02,2019040201006237,BPCL,42,21,22,359.00,"7,898.00"
2019-04-02,2019040201006124,BPCL,42,1,11,359.00,"3,949.00"
2019-04-02,2019040201006001,BPCL,42,1,11,359.00,"3,949.00"
2019-04-02,2019040201006294,CBBL,44,14,60,897.00,"53,820.00"
2019-04-02,2019040201006293,CBBL,44,14,100,897.00,"89,700.00"
2019-04-02,2019040201005872,CBBL,44,34,640,896.00,"573,440.00"
2019-04-02,2019040201006186,CBL,58,28,"1,500",159.00,"238,500.00"
2019-04-02,2019040201006094,CBL,58,17,129,159.00,"20,511.00"
2019-04-02,2019040201006024,CBL,58,53,"1,586",159.00,"252,174.00"
2019-04-02,2019040201006023,CBL,6,53,414,159.00,"65,826.00"
2019-04-02,2019040201006002,CBL,6,32,136,159.00,"21,624.00"
2019-04-02,2019040201005895,CBL,58,38,352,160.00,"56,320.00"
2019-04-02,2019040201005894,CBL,58,38,48,160.00,"7,680.00"
2019-04-02,2019040201005847,CCBL,53,48,3,163.00,489.00
2019-04-02,2019040201006167,CFCL,44,45,144,107.00,"15,408.00"
2019-04-02,2019040201006301,CHLBS,56,21,10,509.00,"5,090.00"
2019-04-02,2019040201006300,CHLBS,56,54,10,512.00,"5,120.00"
2019-04-02,2019040201006299,CHLBS,56,6,10,512.00,"5,120.00"
2019-04-02,2019040201006298,CHLBS,56,44,10,512.00,"5,120.00"
2019-04-02,2019040201006297,CHLBS,56,44,10,511.00,"5,110.00"
2019-04-02,2019040201006296,CHLBS,56,44,10,511.00,"5,110.00"
2019-04-02,2019040201005897,CHLBS,22,44,10,510.00,"5,100.00"
2019-04-02,2019040201005896,CHLBS,22,44,10,509.00,"5,090.00"
2019-04-02,2019040201006196,CHLBS,25,1,10,508.00,"5,080.00"
2019-04-02,2019040201006128,CHLBS,25,1,10,508.00,"5,080.00"
2019-04-02,2019040201006084,CHLBS,25,1,10,508.00,"5,080.00"
2019-04-02,2019040201005909,CHLBS,25,39,10,508.00,"5,080.00"
2019-04-02,2019040201005899,CHLBS,22,6,10,510.00,"5,100.00"
2019-04-02,2019040201005898,CHLBS,22,1,10,510.00,"5,100.00"
2019-04-02,2019040201006305,CIT,6,58,26,"2,609.00","67,834.00"
2019-04-02,2019040201005865,CIT,21,34,20,"2,619.00","52,380.00"
2019-04-02,2019040201005825,CIT,42,34,40,"2,619.00","104,760.00"
2019-04-02,2019040201006304,CZBIL,58,45,23,217.00,"4,991.00"
2019-04-02,2019040201006026,CZBIL,54,44,250,218.00,"54,500.00"
2019-04-02,2019040201006018,CZBIL,39,44,250,218.00,"54,500.00"
2019-04-02,2019040201005998,CZBIL,58,55,200,217.00,"43,400.00"
2019-04-02,2019040201005873,CZBIL,5,44,500,218.00,"109,000.00"
2019-04-02,2019040201006061,CZBIL,36,52,245,218.00,"53,410.00"
2019-04-02,2019040201006035,CZBIL,52,52,100,218.00,"21,800.00"
2019-04-02,2019040201006030,CZBIL,54,52,150,218.00,"32,700.00"
2019-04-02,2019040201006029,CZBIL,54,41,100,218.00,"21,800.00"
2019-04-02,2019040201006028,CZBIL,54,44,364,218.00,"79,352.00"
2019-04-02,2019040201006027,CZBIL,54,44,"1,000",218.00,"218,000.00"
2019-04-02,2019040201006180,DBBL,25,45,80,127.00,"10,160.00"
2019-04-02,2019040201006179,DBBL,25,41,168,127.00,"21,336.00"
2019-04-02,2019040201005911,DDBL,48,7,64,590.00,"37,760.00"
2019-04-02,2019040201005853,DDBL,48,55,10,590.00,"5,900.00"
2019-04-02,2019040201005852,DDBL,48,44,26,590.00,"15,340.00"
2019-04-02,2019040201006295,EBL,45,58,430,590.00,"253,700.00"
2019-04-02,2019040201006231,EBL,45,47,200,590.00,"118,000.00"
2019-04-02,2019040201006230,EBL,45,35,250,590.00,"147,500.00"
2019-04-02,2019040201006229,EBL,45,44,100,590.00,"59,000.00"
2019-04-02,2019040201006228,EBL,45,25,429,590.00,"253,110.00"
2019-04-02,2019040201006115,EBL,39,51,340,589.00,"200,260.00"
2019-04-02,2019040201006070,EBL,41,51,100,589.00,"58,900.00"
2019-04-02,2019040201005990,FMDBL,17,56,200,370.00,"74,000.00"
2019-04-02,2019040201005967,FOWAD,17,41,30,"1,522.00","45,660.00"
2019-04-02,2019040201005929,FOWAD,33,46,15,"1,525.00","22,875.00"
2019-04-02,2019040201005928,FOWAD,33,46,15,"1,525.00","22,875.00"
2019-04-02,2019040201005927,FOWAD,33,46,15,"1,525.00","22,875.00"
2019-04-02,2019040201005926,FOWAD,33,46,15,"1,525.00","22,875.00"
2019-04-02,2019040201006114,GBIME,39,13,57,264.00,"15,048.00"
2019-04-02,2019040201006058,GBIME,33,54,200,265.00,"53,000.00"
2019-04-02,2019040201006057,GBIME,50,54,65,265.00,"17,225.00"
2019-04-02,2019040201006056,GBIME,25,54,20,265.00,"5,300.00"
2019-04-02,2019040201006055,GBIME,5,54,500,265.00,"132,500.00"
2019-04-02,2019040201006054,GBIME,36,54,"1,000",265.00,"265,000.00"
2019-04-02,2019040201006053,GBIME,26,54,88,265.00,"23,320.00"
2019-04-02,2019040201005869,GBIME,26,57,32,265.00,"8,480.00"
2019-04-02,2019040201005846,GBIME,52,8,100,267.00,"26,700.00"
2019-04-02,2019040201005839,GBIME,45,54,50,266.00,"13,300.00"
2019-04-02,2019040201005838,GBIME,50,54,200,266.00,"53,200.00"
2019-04-02,2019040201005837,GBIME,38,54,352,266.00,"93,632.00"
2019-04-02,2019040201006287,GBLBS,42,1,10,447.00,"4,470.00"
2019-04-02,2019040201005870,GBLBS,13,13,10,451.00,"4,510.00"
2019-04-02,2019040201005842,GBLBS,13,13,10,451.00,"4,510.00"
2019-04-02,2019040201006089,GDBL,48,21,205,186.00,"38,130.00"
2019-04-02,2019040201006088,GDBL,25,21,36,186.00,"6,696.00"
2019-04-02,2019040201005920,GILB,43,34,30,"1,015.00","30,450.00"
2019-04-02,2019040201006266,GRDBL,43,50,40,105.00,"4,200.00"
2019-04-02,2019040201006265,GRDBL,43,50,60,105.00,"6,300.00"
2019-04-02,2019040201006077,GRDBL,43,17,50,105.00,"5,250.00"
2019-04-02,2019040201005997,GRDBL,43,16,50,105.00,"5,250.00"
2019-04-02,2019040201005904,GRDBL,43,25,40,105.00,"4,200.00"
2019-04-02,2019040201006285,GUFL,58,48,10,112.00,"1,120.00"
2019-04-02,2019040201006185,GUFL,4,28,"2,000",111.00,"222,000.00"
