Date,Transact. No.,Symbol,Buyer,Seller,Quantity,Rate,Amount
2019-07-14,2019071401004886,ADBL,29,45,200,406.00,"81,200.00"
2019-07-14,2019071401004859,ADBL,29,47,79,406.00,"32,074.00"
2019-07-14,2019071401004840,ADBL,29,47,79,406.00,"32,074.00"
2019-07-14,2019071401004830,ADBL,29,47,79,406.00,"32,074.00"
2019-07-14,2019071401004825,ADBL,29,49,100,406.00,"40,600.00"
2019-07-14,2019071401004788,ADBL,29,1,250,406.00,"101,500.00"
2019-07-14,2019071401004735,ADBL,29,6,500,406.00,"203,000.00"
2019-07-14,2019071401004601,ADBL,29,52,50,406.00,"20,300.00"
2019-07-14,2019071401004423,ADBL,13,6,300,407.00,"122,100.00"
2019-07-14,2019071401004867,AKPL,41,28,10,180.00,"1,800.00"
2019-07-14,2019071401004647,AKPL,45,38,13,179.00,"2,327.00"
2019-07-14,2019071401004832,ALBSL,56,56,20,400.00,"8,000.00"
2019-07-14,2019071401004740,ALBSL,56,56,10,400.00,"4,000.00"
2019-07-14,2019071401004503,ALBSL,33,21,10,400.00,"4,000.00"
2019-07-14,2019071401004480,ALBSL,47,36,10,393.00,"3,930.00"
2019-07-14,2019071401004714,ALICL,6,26,98,387.00,"37,926.00"
2019-07-14,2019071401004713,ALICL,6,1,10,387.00,"3,870.00"
2019-07-14,2019071401004694,API,29,13,30,138.00,"4,140.00"
2019-07-14,2019071401004693,API,48,13,70,138.00,"9,660.00"
2019-07-14,2019071401004692,API,34,13,100,138.00,"13,800.00"
2019-07-14,2019071401004691,API,34,13,500,138.00,"69,000.00"
2019-07-14,2019071401004690,API,47,13,242,138.00,"33,396.00"
2019-07-14,2019071401004643,API,47,26,619,138.00,"85,422.00"
2019-07-14,2019071401004642,API,1,26,"1,000",139.00,"139,000.00"
2019-07-14,2019071401004641,API,28,26,50,139.00,"6,950.00"
2019-07-14,2019071401004640,API,26,26,428,139.00,"59,492.00"
2019-07-14,2019071401004639,API,1,26,214,140.00,"29,960.00"
2019-07-14,2019071401004857,BOKL,44,1,50,255.00,"12,750.00"
2019-07-14,2019071401004650,BOKL,49,57,100,254.00,"25,400.00"
2019-07-14,2019071401004637,BOKL,57,1,37,255.00,"9,435.00"
2019-07-14,2019071401004620,BOKL,57,55,45,255.00,"11,475.00"
2019-07-14,2019071401004500,BOKL,57,41,18,255.00,"4,590.00"
2019-07-14,2019071401004499,BOKL,36,41,20,255.00,"5,100.00"
2019-07-14,2019071401004498,BOKL,14,41,162,255.00,"41,310.00"
2019-07-14,2019071401004698,BPCL,49,11,11,401.00,"4,411.00"
2019-07-14,2019071401004685,BPCL,44,57,22,400.00,"8,800.00"
2019-07-14,2019071401004661,BPCL,44,45,988,400.00,"395,200.00"
2019-07-14,2019071401004477,BPCL,36,11,11,402.00,"4,422.00"
2019-07-14,2019071401004572,BPCL,41,52,29,400.00,"11,600.00"
2019-07-14,2019071401004571,BPCL,48,52,50,401.00,"20,050.00"
2019-07-14,2019071401004570,BPCL,5,52,89,401.00,"35,689.00"
2019-07-14,2019071401004659,BPCL,44,55,22,400.00,"8,800.00"
2019-07-14,2019071401004616,BPCL,44,45,432,400.00,"172,800.00"
2019-07-14,2019071401004615,BPCL,32,45,18,400.00,"7,200.00"
2019-07-14,2019071401004574,BPCL,32,52,32,400.00,"12,800.00"
2019-07-14,2019071401004573,BPCL,51,52,100,400.00,"40,000.00"
2019-07-14,2019071401004852,CBBL,49,16,10,943.00,"9,430.00"
2019-07-14,2019071401004749,CBBL,35,16,50,943.00,"47,150.00"
2019-07-14,2019071401004748,CBBL,35,16,50,943.00,"47,150.00"
2019-07-14,2019071401004747,CBBL,35,16,50,943.00,"47,150.00"
2019-07-14,2019071401004525,CBBL,35,6,50,943.00,"47,150.00"
2019-07-14,2019071401004445,CBBL,45,50,200,945.00,"189,000.00"
2019-07-14,2019071401004746,CBBL,35,16,30,943.00,"28,290.00"
2019-07-14,2019071401004745,CBBL,35,16,10,943.00,"9,430.00"
2019-07-14,2019071401004526,CBBL,35,6,40,943.00,"37,720.00"
2019-07-14,2019071401004831,CBL,36,38,300,158.00,"47,400.00"
2019-07-14,2019071401004803,CBL,1,34,272,157.00,"42,704.00"
2019-07-14,2019071401004751,CBL,43,34,228,157.00,"35,796.00"
2019-07-14,2019071401004644,CBL,3,38,34,158.00,"5,372.00"
2019-07-14,2019071401004635,CBL,43,55,772,157.00,"121,204.00"
2019-07-14,2019071401004634,CBL,54,55,100,157.00,"15,700.00"
2019-07-14,2019071401004486,CBL,43,29,"1,000",157.00,"157,000.00"
2019-07-14,2019071401004444,CBL,29,29,"1,000",157.00,"157,000.00"
2019-07-14,2019071401004633,CBL,8,55,100,157.00,"15,700.00"
2019-07-14,2019071401004632,CBL,54,55,28,157.00,"4,396.00"
2019-07-14,2019071401004540,CBL,54,36,11,157.00,"1,727.00"
2019-07-14,2019071401004491,CBL,54,36,11,157.00,"1,727.00"
2019-07-14,2019071401004490,CBL,54,45,200,157.00,"31,400.00"
2019-07-14,2019071401004489,CBL,54,29,250,157.00,"39,250.00"
2019-07-14,2019071401004860,CCBL,45,43,150,176.00,"26,400.00"
2019-07-14,2019071401004790,CCBL,44,43,500,176.00,"88,000.00"
2019-07-14,2019071401004789,CCBL,56,43,30,176.00,"5,280.00"
2019-07-14,2019071401004734,CCBL,56,25,70,176.00,"12,320.00"
2019-07-14,2019071401004733,CCBL,13,25,80,176.00,"14,080.00"
2019-07-14,2019071401004688,CCBL,13,55,20,176.00,"3,520.00"
2019-07-14,2019071401004687,CCBL,45,55,25,176.00,"4,400.00"
2019-07-14,2019071401004784,CHCL,28,14,292,514.00,"150,088.00"
2019-07-14,2019071401004783,CHCL,56,14,55,515.00,"28,325.00"
2019-07-14,2019071401004782,CHCL,25,14,40,516.00,"20,640.00"
2019-07-14,2019071401004766,CHCL,25,16,60,516.00,"30,960.00"
2019-07-14,2019071401004508,CHCL,28,14,500,517.00,"258,500.00"
2019-07-14,2019071401004568,CIT,32,55,20,"2,435.00","48,700.00"
2019-07-14,2019071401004898,CZBIL,45,47,195,222.00,"43,290.00"
2019-07-14,2019071401004805,CZBIL,48,25,200,223.00,"44,600.00"
2019-07-14,2019071401004804,CZBIL,48,34,300,223.00,"66,900.00"
2019-07-14,2019071401004449,CZBIL,48,34,200,223.00,"44,600.00"
2019-07-14,2019071401004448,CZBIL,48,43,400,223.00,"89,200.00"
2019-07-14,2019071401004447,CZBIL,48,43,400,223.00,"89,200.00"
2019-07-14,2019071401004800,DBBL,29,43,450,143.00,"64,350.00"
2019-07-14,2019071401004799,DBBL,29,25,100,143.00,"14,300.00"
2019-07-14,2019071401004798,DBBL,29,41,887,143.00,"126,841.00"
2019-07-14,2019071401004755,DDBL,35,49,50,715.00,"35,750.00"
2019-07-14,2019071401004586,DDBL,35,10,100,715.00,"71,500.00"
2019-07-14,2019071401004585,DDBL,35,10,150,715.00,"107,250.00"
2019-07-14,2019071401004584,DDBL,35,10,50,715.00,"35,750.00"
2019-07-14,2019071401004908,EBL,22,45,10,662.00,"6,620.00"
2019-07-14,2019071401004907,EBL,45,45,50,662.00,"33,100.00"
2019-07-14,2019071401004904,FMDBL,49,13,82,385.00,"31,570.00"
2019-07-14,2019071401004903,FMDBL,49,13,10,385.00,"3,850.00"
2019-07-14,2019071401004824,FMDBL,49,32,50,380.00,"19,000.00"
2019-07-14,2019071401004823,FMDBL,49,29,600,375.00,"225,000.00"
2019-07-14,2019071401004473,FMDBL,59,39,188,373.00,"70,124.00"
2019-07-14,2019071401004472,FMDBL,14,39,312,373.00,"116,376.00"
2019-07-14,2019071401004787,FOWAD,49,47,10,"1,306.00","13,060.00"
2019-07-14,2019071401004786,FOWAD,35,47,20,"1,306.00","26,120.00"
2019-07-14,2019071401004739,FOWAD,42,47,27,"1,307.00","35,289.00"
2019-07-14,2019071401004613,FOWAD,42,43,23,"1,307.00","30,061.00"
2019-07-14,2019071401004612,FOWAD,45,43,10,"1,307.00","13,070.00"
2019-07-14,2019071401004611,FOWAD,53,43,100,"1,307.00","130,700.00"
2019-07-14,2019071401004610,FOWAD,43,43,20,"1,308.00","26,160.00"
2019-07-14,2019071401004609,FOWAD,28,43,50,"1,310.00","65,500.00"
2019-07-14,2019071401004608,FOWAD,45,43,81,"1,310.00","106,110.00"
2019-07-14,2019071401004607,FOWAD,35,43,16,"1,311.00","20,976.00"
2019-07-14,2019071401004866,GBBL,39,43,500,225.00,"112,500.00"
2019-07-14,2019071401004865,GBBL,39,4,"4,000",225.00,"900,000.00"
2019-07-14,2019071401004864,GBBL,39,7,346,225.00,"77,850.00"
2019-07-14,2019071401004863,GBBL,39,14,150,225.00,"33,750.00"
2019-07-14,2019071401004862,GBBL,39,13,500,225.00,"112,500.00"
2019-07-14,2019071401004861,GBBL,39,22,200,225.00,"45,000.00"
2019-07-14,2019071401004531,GBBL,40,21,100,224.00,"22,400.00"
2019-07-14,2019071401004485,GBBL,40,53,485,224.00,"108,640.00"
2019-07-14,2019071401004451,GBBL,40,43,200,224.00,"44,800.00"
2019-07-14,2019071401004871,GBLBS,51,34,35,344.00,"12,040.00"
2019-07-14,2019071401004657,GBLBS,51,40,50,343.00,"17,150.00"
2019-07-14,2019071401004450,GBLBS,34,34,150,341.00,"51,150.00"
2019-07-14,2019071401004523,GFCL,58,39,67,133.00,"8,911.00"
2019-07-14,2019071401004522,GFCL,36,39,10,133.00,"1,330.00"
2019-07-14,2019071401004550,GHL,20,33,30,87.00,"2,610.00"
2019-07-14,2019071401004455,GHL,44,33,30,86.00,"2,580.00"
2019-07-14,2019071401004645,GLBSL,58,6,100,385.00,"38,500.00"
2019-07-14,2019071401004469,GLBSL,38,42,10,387.00,"3,870.00"
2019-07-14,2019071401004771,GLICL,34,39,214,458.00,"98,012.00"
2019-07-14,2019071401004770,GLICL,20,39,100,459.00,"45,900.00"
2019-07-14,2019071401004769,GLICL,45,39,10,459.00,"4,590.00"
2019-07-14,2019071401004768,GLICL,58,39,80,459.00,"36,720.00"
2019-07-14,2019071401004442,GLICL,5,39,500,460.00,"230,000.00"
2019-07-14,2019071401004727,GMFBS,26,55,80,440.00,"35,200.00"
2019-07-14,2019071401004504,GMFBS,26,49,10,440.00,"4,400.00"
2019-07-14,2019071401004425,GMFBS,26,51,10,440.00,"4,400.00"
2019-07-14,2019071401004880,GUFL,52,11,72,118.00,"8,496.00"
2019-07-14,2019071401004839,HDL,47,42,50,"1,650.00","82,500.00"
2019-07-14,2019071401004838,HDL,38,42,100,"1,652.00","165,200.00"
2019-07-14,2019071401004775,HDL,5,49,50,"1,655.00","82,750.00"
2019-07-14,2019071401004774,HDL,25,49,80,"1,658.00","132,640.00"
2019-07-14,2019071401004895,HIDCL,26,55,31,161.00,"4,991.00"
2019-07-14,2019071401004603,HIDCL,26,39,148,161.00,"23,828.00"
2019-07-14,2019071401004497,HIDCL,26,6,13,161.00,"2,093.00"
2019-07-14,2019071401004588,HPPL,36,44,20,172.00,"3,440.00"
2019-07-14,2019071401004897,HURJA,16,58,20,139.00,"2,780.00"
2019-07-14,2019071401004876,HURJA,16,55,20,139.00,"2,780.00"
2019-07-14,2019071401004505,HURJA,16,55,20,139.00,"2,780.00"
2019-07-14,2019071401004433,ICFC,35,10,500,163.00,"81,500.00"
2019-07-14,2019071401004887,ILBS,39,21,10,386.00,"3,860.00"
2019-07-14,2019071401004872,ILBS,39,21,10,386.00,"3,860.00"
2019-07-14,2019071401004833,ILBS,39,21,10,386.00,"3,860.00"
2019-07-14,2019071401004811,ILBS,39,38,10,386.00,"3,860.00"
2019-07-14,2019071401004808,ILBS,39,38,10,386.00,"3,860.00"
2019-07-14,2019071401004785,ILBS,26,38,10,386.00,"3,860.00"
2019-07-14,2019071401004475,ILBS,17,22,10,388.00,"3,880.00"
2019-07-14,2019071401004452,ILBS,17,47,10,388.00,"3,880.00"
2019-07-14,2019071401004443,ILBS,52,47,10,388.00,"3,880.00"
2019-07-14,2019071401004434,ILBS,52,22,10,388.00,"3,880.00"
2019-07-14,2019071401004428,ILBS,52,47,10,388.00,"3,880.00"
2019-07-14,2019071401004712,ILBS,39,17,10,387.00,"3,870.00"
2019-07-14,2019071401004711,ILBS,39,16,10,387.00,"3,870.00"
2019-07-14,2019071401004700,ILBS,26,38,10,386.00,"3,860.00"
2019-07-14,2019071401004689,ILBS,26,38,10,386.00,"3,860.00"
2019-07-14,2019071401004536,ILBS,25,33,10,387.00,"3,870.00"
2019-07-14,2019071401004528,ILBS,17,47,10,388.00,"3,880.00"
2019-07-14,2019071401004779,ILBS,26,38,10,386.00,"3,860.00"
2019-07-14,2019071401004773,ILBS,26,38,10,386.00,"3,860.00"
2019-07-14,2019071401004750,ILBS,26,38,10,386.00,"3,860.00"
2019-07-14,2019071401004744,ILBS,26,38,10,386.00,"3,860.00"
2019-07-14,2019071401004731,ILBS,26,38,10,386.00,"3,860.00"
2019-07-14,2019071401004718,ILBS,10,38,10,387.00,"3,870.00"
2019-07-14,2019071401004883,JBBL,49,39,52,162.00,"8,424.00"
2019-07-14,2019071401004843,JBBL,29,37,200,161.00,"32,200.00"
2019-07-14,2019071401004842,JBBL,29,11,223,161.00,"35,903.00"
2019-07-14,2019071401004471,JBBL,39,32,53,160.00,"8,480.00"
2019-07-14,2019071401004470,JBBL,28,32,100,160.00,"16,000.00"
2019-07-14,2019071401004662,JSLBB,34,45,10,915.00,"9,150.00"
2019-07-14,2019071401004667,JSLBB,34,45,36,900.00,"32,400.00"
2019-07-14,2019071401004666,JSLBB,42,45,10,900.00,"9,000.00"
2019-07-14,2019071401004665,JSLBB,39,45,10,906.00,"9,060.00"
2019-07-14,2019071401004664,JSLBB,54,45,20,907.00,"18,140.00"
2019-07-14,2019071401004663,JSLBB,16,45,14,910.00,"12,740.00"
2019-07-14,2019071401004726,KBL,48,58,40,220.00,"8,800.00"
2019-07-14,2019071401004716,KBL,48,58,100,220.00,"22,000.00"
2019-07-14,2019071401004604,KBL,48,16,"1,000",220.00,"220,000.00"
2019-07-14,2019071401004822,KSBBL,29,43,"1,000",162.00,"162,000.00"
2019-07-14,2019071401004660,KSBBL,39,34,"1,000",160.00,"160,000.00"
2019-07-14,2019071401004599,KSBBL,33,34,"1,123",161.00,"180,803.00"
2019-07-14,2019071401004596,LBL,32,34,250,225.00,"56,250.00"
2019-07-14,2019071401004595,LBL,32,34,50,225.00,"11,250.00"
2019-07-14,2019071401004594,LBL,50,34,200,225.00,"45,000.00"
2019-07-14,2019071401004593,LBL,32,34,100,225.00,"22,500.00"
2019-07-14,2019071401004592,LBL,1,34,100,225.00,"22,500.00"
2019-07-14,2019071401004591,LBL,19,34,300,225.00,"67,500.00"
2019-07-14,2019071401004519,LBL,32,40,57,226.00,"12,882.00"
2019-07-14,2019071401004846,LGIL,17,53,94,430.00,"40,420.00"
2019-07-14,2019071401004845,LGIL,43,53,26,431.00,"11,206.00"
2019-07-14,2019071401004778,LGIL,43,40,24,431.00,"10,344.00"
2019-07-14,2019071401004777,LGIL,55,40,36,431.00,"15,516.00"
2019-07-14,2019071401004458,LGIL,28,53,20,434.00,"8,680.00"
2019-07-14,2019071401004441,LICN,46,37,20,"1,615.00","32,300.00"
2019-07-14,2019071401004732,LLBS,22,49,16,665.00,"10,640.00"
2019-07-14,2019071401004756,MBL,34,53,243,259.00,"62,937.00"
2019-07-14,2019071401004621,MBL,41,51,50,260.00,"13,000.00"
2019-07-14,2019071401004870,MEGA,43,1,397,211.00,"83,767.00"
2019-07-14,2019071401004869,MEGA,43,33,"1,000",211.00,"211,000.00"
2019-07-14,2019071401004868,MEGA,43,34,103,211.00,"21,733.00"
2019-07-14,2019071401004780,MEGA,45,34,10,211.00,"2,110.00"
2019-07-14,2019071401004551,MEGA,16,34,100,211.00,"21,100.00"
2019-07-14,2019071401004539,MEGA,3,34,"1,000",211.00,"211,000.00"
2019-07-14,2019071401004538,MEGA,42,34,787,211.00,"166,057.00"
2019-07-14,2019071401004524,MEGA,42,57,103,211.00,"21,733.00"
2019-07-14,2019071401004426,MEGA,42,49,110,211.00,"23,210.00"
2019-07-14,2019071401004549,MERO,21,36,11,517.00,"5,687.00"
2019-07-14,2019071401004597,MLBL,44,52,"2,000",194.00,"388,000.00"
2019-07-14,2019071401004888,MNBBL,38,48,41,364.00,"14,924.00"
2019-07-14,2019071401004569,MNBBL,51,6,55,363.00,"19,965.00"
2019-07-14,2019071401004578,MPFL,7,57,20,122.00,"2,440.00"
2019-07-14,2019071401004577,MPFL,7,57,10,122.00,"1,220.00"
2019-07-14,2019071401004576,MPFL,7,57,10,122.00,"1,220.00"
2019-07-14,2019071401004901,NABIL,43,57,100,825.00,"82,500.00"
2019-07-14,2019071401004900,NABIL,38,57,10,825.00,"8,250.00"
2019-07-14,2019071401004899,NABIL,29,57,27,825.00,"22,275.00"
2019-07-14,2019071401004686,NABIL,5,57,10,826.00,"8,260.00"
2019-07-14,2019071401004617,NABIL,29,57,10,825.00,"8,250.00"
2019-07-14,2019071401004575,NABIL,41,57,24,826.00,"19,824.00"
2019-07-14,2019071401004530,NABIL,29,16,50,825.00,"41,250.00"
2019-07-14,2019071401004590,NADEP,17,33,10,409.00,"4,090.00"
2019-07-14,2019071401004589,NADEP,57,33,10,414.00,"4,140.00"
2019-07-14,2019071401004493,NADEP,57,21,20,414.00,"8,280.00"
2019-07-14,2019071401004894,NAGRO,7,50,150,494.00,"74,100.00"
2019-07-14,2019071401004527,NAGRO,46,49,10,485.00,"4,850.00"
2019-07-14,2019071401004547,NBB,39,43,275,219.00,"60,225.00"
2019-07-14,2019071401004546,NBB,6,43,200,219.00,"43,800.00"
2019-07-14,2019071401004545,NBB,58,43,25,219.00,"5,475.00"
2019-07-14,2019071401004487,NBB,58,43,500,219.00,"109,500.00"
2019-07-14,2019071401004920,NBL,33,57,20,337.00,"6,740.00"
2019-07-14,2019071401004875,NBL,1,7,50,336.00,"16,800.00"
2019-07-14,2019071401004874,NBL,32,7,450,336.00,"151,200.00"
2019-07-14,2019071401004858,NBL,32,7,250,336.00,"84,000.00"
2019-07-14,2019071401004826,NBL,32,25,"1,000",336.00,"336,000.00"
2019-07-14,2019071401004812,NBL,32,7,200,336.00,"67,200.00"
2019-07-14,2019071401004459,NBL,43,38,100,336.00,"33,600.00"
2019-07-14,2019071401004563,NBL,11,57,64,337.00,"21,568.00"
2019-07-14,2019071401004562,NBL,11,34,250,337.00,"84,250.00"
2019-07-14,2019071401004561,NBL,11,42,186,337.00,"62,682.00"
2019-07-14,2019071401004533,NBL,29,42,814,337.00,"274,318.00"
2019-07-14,2019071401004532,NBL,29,45,186,337.00,"62,682.00"
2019-07-14,2019071401004460,NBL,43,38,100,336.00,"33,600.00"
2019-07-14,2019071401004655,NBL,32,34,100,336.00,"33,600.00"
2019-07-14,2019071401004654,NBL,11,34,500,336.00,"168,000.00"
2019-07-14,2019071401004653,NBL,44,34,"1,000",336.00,"336,000.00"
2019-07-14,2019071401004652,NBL,36,34,500,336.00,"168,000.00"
2019-07-14,2019071401004651,NBL,43,34,900,336.00,"302,400.00"
2019-07-14,2019071401004579,NBL,46,57,500,337.00,"168,500.00"
2019-07-14,2019071401004725,NCCB,36,33,10,242.00,"2,420.00"
2019-07-14,2019071401004696,NCCB,25,40,10,241.00,"2,410.00"
2019-07-14,2019071401004695,NCCB,51,40,40,241.00,"9,640.00"
2019-07-14,2019071401004600,NCCB,1,25,100,241.00,"24,100.00"
2019-07-14,2019071401004560,NCCB,42,33,200,242.00,"48,400.00"
2019-07-14,2019071401004556,NCCB,1,16,300,241.00,"72,300.00"
2019-07-14,2019071401004484,NCCB,1,6,100,241.00,"24,100.00"
2019-07-14,2019071401004474,NCCB,1,25,100,241.00,"24,100.00"
2019-07-14,2019071401004468,NCCB,1,33,892,241.00,"214,972.00"
2019-07-14,2019071401004467,NCCB,51,33,50,241.00,"12,050.00"
2019-07-14,2019071401004466,NCCB,45,33,30,241.00,"7,230.00"
2019-07-14,2019071401004465,NCCB,32,33,378,241.00,"91,098.00"
2019-07-14,2019071401004851,NHPC,48,56,10,65.00,650.00
2019-07-14,2019071401004656,NHPC,33,35,"1,535",64.00,"98,240.00"
2019-07-14,2019071401004648,NHPC,48,35,10,64.00,640.00
2019-07-14,2019071401004518,NHPC,50,35,10,64.00,640.00
2019-07-14,2019071401004796,NIB,7,49,54,516.00,"27,864.00"
2019-07-14,2019071401004795,NIB,39,49,116,516.00,"59,856.00"
2019-07-14,2019071401004794,NIB,56,49,30,517.00,"15,510.00"
2019-07-14,2019071401004781,NIB,56,26,30,518.00,"15,540.00"
2019-07-14,2019071401004737,NIB,29,29,6,506.00,"3,036.00"
2019-07-14,2019071401004671,NIB,39,13,184,516.00,"94,944.00"
2019-07-14,2019071401004670,NIB,48,13,22,516.00,"11,352.00"
2019-07-14,2019071401004559,NIB,48,44,28,516.00,"14,448.00"
2019-07-14,2019071401004558,NIB,51,44,22,516.00,"11,352.00"
2019-07-14,2019071401004878,NIBPO,59,4,20,467.00,"9,340.00"
2019-07-14,2019071401004835,NIBPO,7,4,10,468.00,"4,680.00"
2019-07-14,2019071401004834,NIBPO,44,4,50,468.00,"23,400.00"
2019-07-14,2019071401004681,NIBPO,44,4,50,468.00,"23,400.00"
2019-07-14,2019071401004680,NIBPO,44,4,50,468.00,"23,400.00"
2019-07-14,2019071401004679,NIBPO,42,4,100,468.00,"46,800.00"
2019-07-14,2019071401004557,NICA,51,48,57,443.00,"25,251.00"
2019-07-14,2019071401004544,NICA,18,48,144,443.00,"63,792.00"
2019-07-14,2019071401004541,NICA,51,48,50,443.00,"22,150.00"
2019-07-14,2019071401004535,NICA,22,48,200,443.00,"88,600.00"
2019-07-14,2019071401004456,NICA,44,48,49,443.00,"21,707.00"
2019-07-14,2019071401004440,NICA,44,6,151,443.00,"66,893.00"
2019-07-14,2019071401004841,NICL,49,57,304,353.00,"107,312.00"
2019-07-14,2019071401004802,NICL,49,47,84,353.00,"29,652.00"
2019-07-14,2019071401004649,NICL,22,47,84,354.00,"29,736.00"
2019-07-14,2019071401004567,NICL,22,58,50,354.00,"17,700.00"
2019-07-14,2019071401004566,NICL,22,51,66,354.00,"23,364.00"
2019-07-14,2019071401004821,NLBBL,11,39,208,470.00,"97,760.00"
2019-07-14,2019071401004730,NLBBL,39,39,10,470.00,"4,700.00"
2019-07-14,2019071401004729,NLBBL,14,39,76,471.00,"35,796.00"
2019-07-14,2019071401004631,NLBBL,14,39,24,471.00,"11,304.00"
2019-07-14,2019071401004630,NLBBL,25,39,500,472.00,"236,000.00"
2019-07-14,2019071401004629,NLBBL,47,39,100,473.00,"47,300.00"
2019-07-14,2019071401004622,NLBBL,47,39,50,476.00,"23,800.00"
2019-07-14,2019071401004628,NLBBL,53,39,150,474.00,"71,100.00"
2019-07-14,2019071401004627,NLBBL,45,39,200,474.00,"94,800.00"
2019-07-14,2019071401004626,NLBBL,40,39,550,474.00,"260,700.00"
2019-07-14,2019071401004625,NLBBL,49,39,10,474.00,"4,740.00"
2019-07-14,2019071401004624,NLBBL,28,39,310,474.00,"146,940.00"
2019-07-14,2019071401004623,NLBBL,19,39,400,475.00,"190,000.00"
2019-07-14,2019071401004816,NLG,34,40,10,732.00,"7,320.00"
2019-07-14,2019071401004815,NLG,34,8,200,730.00,"146,000.00"
2019-07-14,2019071401004814,NLG,34,25,14,729.00,"10,206.00"
2019-07-14,2019071401004552,NLG,16,8,100,720.00,"72,000.00"
2019-07-14,2019071401004555,NLG,51,8,183,718.00,"131,394.00"
2019-07-14,2019071401004554,NLG,59,8,200,719.00,"143,800.00"
2019-07-14,2019071401004553,NLG,59,8,10,720.00,"7,200.00"
2019-07-14,2019071401004636,NLG,16,8,10,718.00,"7,180.00"
2019-07-14,2019071401004820,NLIC,37,35,100,896.00,"89,600.00"
2019-07-14,2019071401004813,NLIC,49,35,100,895.00,"89,500.00"
2019-07-14,2019071401004809,NLIC,49,38,15,895.00,"13,425.00"
2019-07-14,2019071401004738,NLIC,49,34,17,895.00,"15,215.00"
2019-07-14,2019071401004521,NLIC,34,36,15,891.00,"13,365.00"
2019-07-14,2019071401004512,NLIC,34,21,17,891.00,"15,147.00"
2019-07-14,2019071401004478,NLIC,34,48,17,891.00,"15,147.00"
2019-07-14,2019071401004462,NLIC,58,48,2,891.00,"1,782.00"
2019-07-14,2019071401004461,NLIC,33,48,15,891.00,"13,365.00"
2019-07-14,2019071401004728,NLICL,19,49,10,577.00,"5,770.00"
2019-07-14,2019071401004582,NLICL,19,52,25,577.00,"14,425.00"
2019-07-14,2019071401004432,NMFBS,52,44,19,"1,480.00","28,120.00"
2019-07-14,2019071401004431,NMFBS,52,34,29,"1,450.00","42,050.00"
2019-07-14,2019071401004430,NMFBS,52,34,29,"1,450.00","42,050.00"
2019-07-14,2019071401004429,NMFBS,52,39,15,"1,440.00","21,600.00"
2019-07-14,2019071401004564,NNLB,42,39,300,385.00,"115,500.00"
2019-07-14,2019071401004669,NSEWA,21,33,10,380.00,"3,800.00"
2019-07-14,2019071401004515,NSEWA,40,40,10,380.00,"3,800.00"
2019-07-14,2019071401004819,NTC,42,33,250,685.00,"171,250.00"
2019-07-14,2019071401004818,NTC,25,33,250,685.00,"171,250.00"
2019-07-14,2019071401004646,NTC,25,37,50,685.00,"34,250.00"
2019-07-14,2019071401004483,NTC,54,14,20,686.00,"13,720.00"
2019-07-14,2019071401004482,NTC,37,14,300,686.00,"205,800.00"
2019-07-14,2019071401004877,OHL,49,47,17,605.00,"10,285.00"
2019-07-14,2019071401004807,OHL,49,59,98,605.00,"59,290.00"
2019-07-14,2019071401004806,OHL,50,59,52,605.00,"31,460.00"
2019-07-14,2019071401004854,PCBL,52,45,50,273.00,"13,650.00"
2019-07-14,2019071401004853,PCBL,41,45,150,274.00,"41,100.00"
2019-07-14,2019071401004464,PCBL,32,53,100,274.00,"27,400.00"
2019-07-14,2019071401004514,PIC,32,4,112,484.00,"54,208.00"
2019-07-14,2019071401004457,PIC,53,4,50,484.00,"24,200.00"
2019-07-14,2019071401004741,PICL,29,40,546,530.00,"289,380.00"
2019-07-14,2019071401004719,PICL,21,40,50,527.00,"26,350.00"
2019-07-14,2019071401004684,PICL,7,40,100,530.00,"53,000.00"
2019-07-14,2019071401004683,PICL,42,40,134,530.00,"71,020.00"
2019-07-14,2019071401004581,PICL,42,4,366,530.00,"193,980.00"
2019-07-14,2019071401004580,PICL,34,4,634,531.00,"336,654.00"
2019-07-14,2019071401004511,PICL,34,4,146,531.00,"77,526.00"
2019-07-14,2019071401004510,PICL,29,4,54,532.00,"28,728.00"
2019-07-14,2019071401004494,PICL,29,4,300,532.00,"159,600.00"
2019-07-14,2019071401004446,PICL,29,4,180,532.00,"95,760.00"
2019-07-14,2019071401004439,PICL,29,4,466,532.00,"247,912.00"
2019-07-14,2019071401004438,PICL,58,4,34,532.00,"18,088.00"
2019-07-14,2019071401004829,PLIC,35,53,15,431.00,"6,465.00"
2019-07-14,2019071401004828,PLIC,44,53,170,431.00,"73,270.00"
2019-07-14,2019071401004827,PLIC,39,53,15,432.00,"6,480.00"
2019-07-14,2019071401004668,PLIC,44,40,60,431.00,"25,860.00"
2019-07-14,2019071401004437,PLIC,49,34,292,432.00,"126,144.00"
2019-07-14,2019071401004422,PMHPL,8,56,26,108.00,"2,808.00"
2019-07-14,2019071401004873,PPCL,58,33,30,136.00,"4,080.00"
2019-07-14,2019071401004614,PPCL,58,33,20,136.00,"2,720.00"
2019-07-14,2019071401004598,PPCL,58,34,320,136.00,"43,520.00"
2019-07-14,2019071401004476,PPCL,58,33,30,136.00,"4,080.00"
2019-07-14,2019071401004896,PRIN,44,45,400,361.00,"144,400.00"
2019-07-14,2019071401004509,PRIN,59,16,10,363.00,"3,630.00"
2019-07-14,2019071401004902,PRVU,5,36,500,259.00,"129,500.00"
2019-07-14,2019071401004893,PRVU,10,36,500,259.00,"129,500.00"
2019-07-14,2019071401004801,PRVU,16,43,403,258.00,"103,974.00"
2019-07-14,2019071401004548,PRVU,22,35,16,260.00,"4,160.00"
2019-07-14,2019071401004496,PRVU,43,35,100,260.00,"26,000.00"
2019-07-14,2019071401004674,PRVU,44,36,128,259.00,"33,152.00"
2019-07-14,2019071401004673,PRVU,39,36,572,259.00,"148,148.00"
2019-07-14,2019071401004672,PRVU,39,35,"2,000",259.00,"518,000.00"
2019-07-14,2019071401004658,PRVU,14,35,"1,000",260.00,"260,000.00"
2019-07-14,2019071401004587,PRVU,36,35,30,260.00,"7,800.00"
2019-07-14,2019071401004583,PRVU,39,16,100,259.00,"25,900.00"
2019-07-14,2019071401004701,PRVU,57,35,100,260.00,"26,000.00"
2019-07-14,2019071401004682,PRVU,52,35,100,260.00,"26,000.00"
2019-07-14,2019071401004678,PRVU,55,45,67,259.00,"17,353.00"
2019-07-14,2019071401004677,PRVU,34,45,36,259.00,"9,324.00"
2019-07-14,2019071401004676,PRVU,42,45,25,259.00,"6,475.00"
2019-07-14,2019071401004675,PRVU,44,45,372,259.00,"96,348.00"
2019-07-14,2019071401004707,PRVU,32,36,100,259.00,"25,900.00"
2019-07-14,2019071401004706,PRVU,5,36,600,259.00,"155,400.00"
2019-07-14,2019071401004705,PRVU,58,36,200,259.00,"51,800.00"
2019-07-14,2019071401004704,PRVU,49,36,200,259.00,"51,800.00"
2019-07-14,2019071401004703,PRVU,39,36,200,259.00,"51,800.00"
2019-07-14,2019071401004702,PRVU,55,36,933,259.00,"241,647.00"
2019-07-14,2019071401004797,PRVU,44,36,200,259.00,"51,800.00"
2019-07-14,2019071401004776,PRVU,16,51,12,258.00,"3,096.00"
2019-07-14,2019071401004752,PRVU,42,36,500,259.00,"129,500.00"
2019-07-14,2019071401004710,PRVU,56,36,100,259.00,"25,900.00"
2019-07-14,2019071401004709,PRVU,53,36,300,259.00,"77,700.00"
2019-07-14,2019071401004708,PRVU,44,36,500,259.00,"129,500.00"
2019-07-14,2019071401004481,RADHI,45,47,339,142.00,"48,138.00"
2019-07-14,2019071401004463,RADHI,45,34,11,142.00,"1,562.00"
2019-07-14,2019071401004837,RBCLPO,42,39,10,"8,455.00","84,550.00"
2019-07-14,2019071401004817,RBCLPO,42,59,45,"8,449.00","380,205.00"
2019-07-14,2019071401004717,RMDC,17,21,90,666.00,"59,940.00"
2019-07-14,2019071401004602,RMDC,17,52,16,666.00,"10,656.00"
2019-07-14,2019071401004537,RMDC,28,53,55,667.00,"36,685.00"
2019-07-14,2019071401004479,RMDC,28,10,445,667.00,"296,815.00"
2019-07-14,2019071401004918,RSDC,56,1,12,338.00,"4,056.00"
2019-07-14,2019071401004917,RSDC,8,1,103,338.00,"34,814.00"
2019-07-14,2019071401004916,RSDC,7,1,15,339.00,"5,085.00"
2019-07-14,2019071401004915,RSDC,7,1,15,339.00,"5,085.00"
2019-07-14,2019071401004914,RSDC,56,1,50,339.00,"16,950.00"
2019-07-14,2019071401004836,SANIMA,47,25,60,341.00,"20,460.00"
2019-07-14,2019071401004810,SANIMA,47,40,60,341.00,"20,460.00"
2019-07-14,2019071401004699,SANIMA,14,59,20,342.00,"6,840.00"
2019-07-14,2019071401004495,SANIMA,47,55,10,341.00,"3,410.00"
2019-07-14,2019071401004754,SBI,50,26,800,461.00,"368,800.00"
2019-07-14,2019071401004753,SBI,44,26,200,461.00,"92,200.00"
2019-07-14,2019071401004534,SBI,44,10,226,461.00,"104,186.00"
2019-07-14,2019071401004905,SBL,56,59,10,314.00,"3,140.00"
2019-07-14,2019071401004885,SBL,56,40,23,312.00,"7,176.00"
2019-07-14,2019071401004884,SBL,25,40,127,312.00,"39,624.00"
2019-07-14,2019071401004543,SBL,25,11,53,312.00,"16,536.00"
2019-07-14,2019071401004542,SBL,7,11,10,313.00,"3,130.00"
2019-07-14,2019071401004513,SBL,25,33,"1,079",312.00,"336,648.00"
2019-07-14,2019071401004879,SCB,43,22,30,669.00,"20,070.00"
2019-07-14,2019071401004793,SCB,54,1,130,670.00,"87,100.00"
2019-07-14,2019071401004792,SCB,54,47,50,670.00,"33,500.00"
2019-07-14,2019071401004724,SHINE,14,29,195,249.00,"48,555.00"
2019-07-14,2019071401004723,SHINE,57,29,50,249.00,"12,450.00"
2019-07-14,2019071401004722,SHINE,57,29,500,249.00,"124,500.00"
2019-07-14,2019071401004721,SHINE,8,29,25,250.00,"6,250.00"
2019-07-14,2019071401004720,SHINE,57,29,108,250.00,"27,000.00"
2019-07-14,2019071401004529,SHINE,57,49,132,250.00,"33,000.00"
2019-07-14,2019071401004919,SHIVM,34,55,10,588.00,"5,880.00"
2019-07-14,2019071401004913,SHIVM,47,3,85,584.00,"49,640.00"
2019-07-14,2019071401004912,SHIVM,32,3,185,585.00,"108,225.00"
2019-07-14,2019071401004892,SHIVM,32,34,15,585.00,"8,775.00"
2019-07-14,2019071401004891,SHIVM,38,34,200,585.00,"117,000.00"
2019-07-14,2019071401004890,SHIVM,22,34,65,585.00,"38,025.00"
2019-07-14,2019071401004605,SHIVM,32,34,20,586.00,"11,720.00"
2019-07-14,2019071401004760,SHIVM,41,36,150,585.00,"87,750.00"
2019-07-14,2019071401004759,SHIVM,47,36,300,585.00,"175,500.00"
2019-07-14,2019071401004758,SHIVM,57,36,170,585.00,"99,450.00"
2019-07-14,2019071401004757,SHIVM,44,36,75,585.00,"43,875.00"
2019-07-14,2019071401004638,SHIVM,44,40,100,585.00,"58,500.00"
2019-07-14,2019071401004606,SHIVM,32,34,200,586.00,"117,200.00"
2019-07-14,2019071401004791,SHIVM,22,43,600,585.00,"351,000.00"
2019-07-14,2019071401004765,SHIVM,22,36,305,585.00,"178,425.00"
2019-07-14,2019071401004764,SHIVM,17,36,100,585.00,"58,500.00"
2019-07-14,2019071401004763,SHIVM,35,36,50,585.00,"29,250.00"
2019-07-14,2019071401004762,SHIVM,58,36,50,585.00,"29,250.00"
2019-07-14,2019071401004761,SHIVM,14,36,100,585.00,"58,500.00"
2019-07-14,2019071401004435,SHPC,47,46,500,250.00,"125,000.00"
2019-07-14,2019071401004424,SHPC,49,40,184,249.00,"45,816.00"
2019-07-14,2019071401004906,SICL,39,35,65,765.00,"49,725.00"
2019-07-14,2019071401004743,SICL,32,35,35,766.00,"26,810.00"
2019-07-14,2019071401004736,SIFC,35,55,49,157.00,"7,693.00"
2019-07-14,2019071401004742,SIL,34,51,19,445.00,"8,455.00"
2019-07-14,2019071401004427,SIL,25,33,10,453.00,"4,530.00"
2019-07-14,2019071401004520,SKBBL,44,44,31,934.00,"28,954.00"
2019-07-14,2019071401004502,SLBBL,46,6,12,446.00,"5,352.00"
2019-07-14,2019071401004501,SLBBL,45,6,30,447.00,"13,410.00"
2019-07-14,2019071401004507,SLICL,29,57,140,455.00,"63,700.00"
2019-07-14,2019071401004506,SLICL,55,57,60,457.00,"27,420.00"
2019-07-14,2019071401004772,SMFBS,59,55,30,465.00,"13,950.00"
2019-07-14,2019071401004619,SRBL,51,16,176,249.00,"43,824.00"
2019-07-14,2019071401004618,SRBL,38,16,24,250.00,"6,000.00"
2019-07-14,2019071401004454,SWBBL,34,10,350,877.00,"306,950.00"
2019-07-14,2019071401004453,SWBBL,45,10,12,877.00,"10,524.00"
2019-07-14,2019071401004856,TRH,33,16,280,314.00,"87,920.00"
2019-07-14,2019071401004855,TRH,17,16,700,314.00,"219,800.00"
2019-07-14,2019071401004849,UIC,48,16,37,850.00,"31,450.00"
2019-07-14,2019071401004848,UIC,21,16,50,851.00,"42,550.00"
2019-07-14,2019071401004847,UIC,57,16,60,853.00,"51,180.00"
2019-07-14,2019071401004565,UIC,48,5,300,850.00,"255,000.00"
2019-07-14,2019071401004517,UIC,48,37,163,850.00,"138,550.00"
2019-07-14,2019071401004516,UIC,5,37,100,850.00,"85,000.00"
2019-07-14,2019071401004911,UPCL,52,17,20,90.00,"1,800.00"
2019-07-14,2019071401004910,UPCL,52,17,50,90.00,"4,500.00"
2019-07-14,2019071401004909,UPCL,52,17,50,90.00,"4,500.00"
2019-07-14,2019071401004921,UPPER,55,20,350,270.00,"94,500.00"
2019-07-14,2019071401004889,UPPER,55,45,672,270.00,"181,440.00"
2019-07-14,2019071401004882,UPPER,34,33,491,270.00,"132,570.00"
2019-07-14,2019071401004881,UPPER,44,33,119,270.00,"32,130.00"
2019-07-14,2019071401004850,UPPER,44,42,40,270.00,"10,800.00"
2019-07-14,2019071401004844,UPPER,44,33,500,270.00,"135,000.00"
2019-07-14,2019071401004436,UPPER,44,33,40,270.00,"10,800.00"
2019-07-14,2019071401004767,UPPER,44,57,40,270.00,"10,800.00"
2019-07-14,2019071401004715,UPPER,44,22,22,270.00,"5,940.00"
2019-07-14,2019071401004697,UPPER,44,33,40,270.00,"10,800.00"
2019-07-14,2019071401004488,UPPER,44,8,279,270.00,"75,330.00"
2019-07-14,2019071401004404,ADBL,44,6,50,407.00,"20,350.00"
2019-07-14,2019071401004321,ADBL,29,29,159,406.00,"64,554.00"
2019-07-14,2019071401004021,ADBL,41,6,42,407.00,"17,094.00"
2019-07-14,2019071401004003,ADBL,41,39,650,407.00,"264,550.00"
2019-07-14,2019071401004002,ADBL,41,16,485,407.00,"197,395.00"
2019-07-14,2019071401004001,ADBL,41,16,823,407.00,"334,961.00"
2019-07-14,2019071401004377,AKJCL,47,22,90,71.00,"6,390.00"
2019-07-14,2019071401004081,AKJCL,7,22,10,71.00,710.00
2019-07-14,2019071401004124,AKPL,7,28,10,180.00,"1,800.00"
2019-07-14,2019071401004334,ALBSL,40,40,10,394.00,"3,940.00"
2019-07-14,2019071401003994,ALBSL,57,45,10,400.00,"4,000.00"
2019-07-14,2019071401003993,ALBSL,57,47,10,398.00,"3,980.00"
2019-07-14,2019071401003992,ALBSL,57,36,10,395.00,"3,950.00"
2019-07-14,2019071401004341,ALICL,59,46,156,385.00,"60,060.00"
2019-07-14,2019071401004340,ALICL,38,46,20,385.00,"7,700.00"
2019-07-14,2019071401004339,ALICL,1,46,26,385.00,"10,010.00"
2019-07-14,2019071401004280,ALICL,5,46,98,386.00,"37,828.00"
2019-07-14,2019071401004031,ALICL,5,42,202,386.00,"77,972.00"
2019-07-14,2019071401004382,BOKL,14,26,338,255.00,"86,190.00"
2019-07-14,2019071401004136,BOKL,59,26,100,255.00,"25,500.00"
2019-07-14,2019071401004135,BOKL,33,26,500,255.00,"127,500.00"
2019-07-14,2019071401004134,BOKL,19,26,50,255.00,"12,750.00"
2019-07-14,2019071401004133,BOKL,8,26,333,255.00,"84,915.00"
2019-07-14,2019071401004132,BOKL,25,26,117,255.00,"29,835.00"
2019-07-14,2019071401003972,BOKL,44,44,3,252.00,756.00
2019-07-14,2019071401004187,BPCL,5,34,11,401.00,"4,411.00"
2019-07-14,2019071401004272,CBBL,49,54,203,945.00,"191,835.00"
2019-07-14,2019071401004072,CBBL,50,58,77,941.00,"72,457.00"
2019-07-14,2019071401004071,CBBL,6,58,77,942.00,"72,534.00"
2019-07-14,2019071401004036,CBBL,6,38,23,942.00,"21,666.00"
2019-07-14,2019071401004035,CBBL,54,38,10,942.00,"9,420.00"
2019-07-14,2019071401004395,CBL,29,41,900,157.00,"141,300.00"
2019-07-14,2019071401004366,CBL,29,40,100,157.00,"15,700.00"
2019-07-14,2019071401004274,CBL,36,40,200,157.00,"31,400.00"
2019-07-14,2019071401004165,CBL,33,45,100,157.00,"15,700.00"
2019-07-14,2019071401004163,CBL,40,45,100,157.00,"15,700.00"
2019-07-14,2019071401004045,CBL,39,48,111,157.00,"17,427.00"
2019-07-14,2019071401004030,CBL,43,48,539,157.00,"84,623.00"
2019-07-14,2019071401004029,CBL,43,49,461,157.00,"72,377.00"
2019-07-14,2019071401003998,CBL,39,21,15,156.00,"2,340.00"
2019-07-14,2019071401003990,CBL,39,21,10,156.00,"1,560.00"
2019-07-14,2019071401003968,CBL,43,49,"6,500",157.00,"1,020,500.00"
2019-07-14,2019071401003927,CBL,19,49,100,157.00,"15,700.00"
2019-07-14,2019071401004401,CCBL,45,6,26,176.00,"4,576.00"
2019-07-14,2019071401004141,CCBL,16,44,13,177.00,"2,301.00"
2019-07-14,2019071401004068,CCBL,45,34,149,176.00,"26,224.00"
2019-07-14,2019071401004067,CCBL,22,34,100,176.00,"17,600.00"
2019-07-14,2019071401004066,CCBL,44,34,22,176.00,"3,872.00"
2019-07-14,2019071401004065,CCBL,26,34,50,176.00,"8,800.00"
2019-07-14,2019071401004064,CCBL,6,34,50,176.00,"8,800.00"
2019-07-14,2019071401004063,CCBL,39,34,129,176.00,"22,704.00"
2019-07-14,2019071401004012,CCBL,39,43,71,176.00,"12,496.00"
2019-07-14,2019071401004011,CCBL,50,43,300,176.00,"52,800.00"
2019-07-14,2019071401004010,CCBL,50,43,29,176.00,"5,104.00"
2019-07-14,2019071401003974,CCBL,50,48,126,176.00,"22,176.00"
2019-07-14,2019071401004149,CHCL,28,22,200,519.00,"103,800.00"
2019-07-14,2019071401003963,CHCL,6,52,40,520.00,"20,800.00"
2019-07-14,2019071401003932,CHCL,6,41,100,520.00,"52,000.00"
2019-07-14,2019071401003931,CHCL,6,40,150,519.00,"77,850.00"
2019-07-14,2019071401003930,CHCL,6,22,15,519.00,"7,785.00"
2019-07-14,2019071401003929,CHCL,6,33,100,518.00,"51,800.00"
2019-07-14,2019071401004055,CIT,32,45,28,"2,435.00","68,180.00"
2019-07-14,2019071401004054,CIT,33,45,21,"2,435.00","51,135.00"
2019-07-14,2019071401004034,CIT,33,45,19,"2,435.00","46,265.00"
2019-07-14,2019071401004033,CIT,22,45,30,"2,436.00","73,080.00"
2019-07-14,2019071401003991,CIT,33,8,10,"2,435.00","24,350.00"
2019-07-14,2019071401003978,CMF1,47,44,100,9.45,945.00
2019-07-14,2019071401004083,CZBIL,45,37,195,222.00,"43,290.00"
2019-07-14,2019071401004041,CZBIL,45,38,244,222.00,"54,168.00"
2019-07-14,2019071401004027,CZBIL,48,43,642,223.00,"143,166.00"
2019-07-14,2019071401004026,CZBIL,48,1,10,223.00,"2,230.00"
2019-07-14,2019071401004025,CZBIL,48,11,309,223.00,"68,907.00"
2019-07-14,2019071401004024,CZBIL,48,48,39,223.00,"8,697.00"
2019-07-14,2019071401004018,CZBIL,48,48,240,223.00,"53,520.00"
2019-07-14,2019071401004017,CZBIL,48,22,760,223.00,"169,480.00"
2019-07-14,2019071401004420,DBBL,33,21,26,142.00,"3,692.00"
2019-07-14,2019071401004247,DBBL,55,41,500,143.00,"71,500.00"
2019-07-14,2019071401004228,DDBL,35,48,150,715.00,"107,250.00"
2019-07-14,2019071401004215,EBL,52,36,30,662.00,"19,860.00"
2019-07-14,2019071401004194,EBL,44,34,55,661.00,"36,355.00"
2019-07-14,2019071401004193,EBL,28,34,11,661.00,"7,271.00"
2019-07-14,2019071401004159,EBL,48,36,100,662.00,"66,200.00"
2019-07-14,2019071401003940,EBL,48,40,300,662.00,"198,600.00"
2019-07-14,2019071401004328,FMDBL,14,39,188,373.00,"70,124.00"
2019-07-14,2019071401004327,FMDBL,42,39,200,373.00,"74,600.00"
2019-07-14,2019071401004326,FMDBL,21,39,100,373.00,"37,300.00"
2019-07-14,2019071401004325,FMDBL,45,39,52,373.00,"19,396.00"
2019-07-14,2019071401004324,FMDBL,44,39,50,374.00,"18,700.00"
2019-07-14,2019071401004323,FMDBL,43,39,200,374.00,"74,800.00"
2019-07-14,2019071401004322,FMDBL,32,39,200,374.00,"74,800.00"
2019-07-14,2019071401004379,FOWAD,50,55,30,"1,314.00","39,420.00"
2019-07-14,2019071401004378,FOWAD,50,36,19,"1,313.00","24,947.00"
2019-07-14,2019071401004311,FOWAD,45,42,19,"1,310.00","24,890.00"
2019-07-14,2019071401004058,FOWAD,43,55,50,"1,310.00","65,500.00"
2019-07-14,2019071401004043,FOWAD,35,55,19,"1,311.00","24,909.00"
2019-07-14,2019071401004369,GBBL,40,45,100,224.00,"22,400.00"
2019-07-14,2019071401004368,GBBL,40,11,107,224.00,"23,968.00"
2019-07-14,2019071401004007,GDBL,14,45,200,215.00,"43,000.00"
2019-07-14,2019071401003995,GHL,46,55,10,87.00,870.00
2019-07-14,2019071401004069,GILB,42,38,13,"1,210.00","15,730.00"
2019-07-14,2019071401003997,GILB,42,42,22,"1,210.00","26,620.00"
2019-07-14,2019071401003950,GILB,6,38,100,"1,216.00","121,600.00"
2019-07-14,2019071401003949,GILB,39,38,10,"1,216.00","12,160.00"
2019-07-14,2019071401003948,GILB,58,38,278,"1,220.00","339,160.00"
2019-07-14,2019071401003947,GILB,43,38,20,"1,221.00","24,420.00"
2019-07-14,2019071401004044,GIMES1,46,47,"1,000",8.00,"8,000.00"
2019-07-14,2019071401004006,GIMES1,46,47,"1,000",8.00,"8,000.00"
2019-07-14,2019071401004166,GLBSL,19,51,10,392.00,"3,920.00"
2019-07-14,2019071401004105,GLBSL,19,59,10,392.00,"3,920.00"
2019-07-14,2019071401004287,GLICL,58,26,"1,000",460.00,"460,000.00"
2019-07-14,2019071401003955,GLICL,58,16,920,459.00,"422,280.00"
2019-07-14,2019071401003954,GLICL,46,16,100,460.00,"46,000.00"
2019-07-14,2019071401003953,GLICL,45,16,30,461.00,"13,830.00"
2019-07-14,2019071401003952,GLICL,10,16,50,462.00,"23,100.00"
2019-07-14,2019071401004417,GMFBS,39,44,10,437.00,"4,370.00"
2019-07-14,2019071401004152,GMFBS,39,35,10,445.00,"4,450.00"
2019-07-14,2019071401004084,GMFBS,39,59,10,445.00,"4,450.00"
2019-07-14,2019071401004008,GMFBS,40,40,10,447.00,"4,470.00"
2019-07-14,2019071401004111,GRDBL,44,33,50,115.00,"5,750.00"
2019-07-14,2019071401004386,GUFL,44,34,720,119.00,"85,680.00"
2019-07-14,2019071401004038,HBL,22,35,100,542.00,"54,200.00"
2019-07-14,2019071401004091,HGI,22,22,74,350.00,"25,900.00"
2019-07-14,2019071401004061,HGI,5,22,26,350.00,"9,100.00"
2019-07-14,2019071401004376,HIDCL,26,26,30,161.00,"4,830.00"
2019-07-14,2019071401004154,HIDCL,16,26,31,162.00,"5,022.00"
2019-07-14,2019071401004153,HIDCL,16,6,30,162.00,"4,860.00"
2019-07-14,2019071401004074,HIDCL,26,47,31,161.00,"4,991.00"
2019-07-14,2019071401003928,HIDCL,26,42,13,161.00,"2,093.00"
2019-07-14,2019071401004158,HPPL,16,17,10,173.00,"1,730.00"
2019-07-14,2019071401004125,HPPL,36,55,10,172.00,"1,720.00"
2019-07-14,2019071401004234,HURJA,16,34,20,139.00,"2,780.00"
2019-07-14,2019071401004015,HURJA,3,50,20,138.00,"2,760.00"
2019-07-14,2019071401004421,ILBS,43,47,10,388.00,"3,880.00"
2019-07-14,2019071401004415,ILBS,43,22,10,388.00,"3,880.00"
2019-07-14,2019071401004414,ILBS,43,47,10,388.00,"3,880.00"
2019-07-14,2019071401004413,ILBS,6,58,10,390.00,"3,900.00"
2019-07-14,2019071401004412,ILBS,6,20,10,390.00,"3,900.00"
2019-07-14,2019071401004407,ILBS,17,29,10,389.00,"3,890.00"
2019-07-14,2019071401003936,ILBS,29,41,10,387.00,"3,870.00"
2019-07-14,2019071401004119,ILBS,57,4,10,387.00,"3,870.00"
2019-07-14,2019071401004115,ILBS,57,38,10,387.00,"3,870.00"
2019-07-14,2019071401003989,ILBS,57,36,10,387.00,"3,870.00"
2019-07-14,2019071401003975,ILBS,57,36,10,387.00,"3,870.00"
2019-07-14,2019071401003970,ILBS,57,36,10,387.00,"3,870.00"
2019-07-14,2019071401003967,ILBS,13,36,10,387.00,"3,870.00"
2019-07-14,2019071401004150,ILBS,33,32,10,387.00,"3,870.00"
2019-07-14,2019071401004147,ILBS,33,38,10,387.00,"3,870.00"
2019-07-14,2019071401004146,ILBS,40,40,10,388.00,"3,880.00"
2019-07-14,2019071401004138,ILBS,33,4,10,387.00,"3,870.00"
2019-07-14,2019071401004127,ILBS,32,5,10,388.00,"3,880.00"
2019-07-14,2019071401004126,ILBS,32,33,10,388.00,"3,880.00"
2019-07-14,2019071401004189,ILBS,33,51,10,387.00,"3,870.00"
2019-07-14,2019071401004184,ILBS,33,25,10,387.00,"3,870.00"
2019-07-14,2019071401004182,ILBS,33,45,100,387.00,"38,700.00"
2019-07-14,2019071401004180,ILBS,33,8,10,387.00,"3,870.00"
2019-07-14,2019071401004161,ILBS,33,25,10,387.00,"3,870.00"
2019-07-14,2019071401004155,ILBS,33,25,10,387.00,"3,870.00"
2019-07-14,2019071401004231,ILBS,33,32,10,387.00,"3,870.00"
2019-07-14,2019071401004229,ILBS,33,25,10,387.00,"3,870.00"
2019-07-14,2019071401004213,ILBS,33,25,10,387.00,"3,870.00"
2019-07-14,2019071401004211,ILBS,33,8,10,387.00,"3,870.00"
2019-07-14,2019071401004206,ILBS,33,25,10,387.00,"3,870.00"
2019-07-14,2019071401004201,ILBS,33,25,10,387.00,"3,870.00"
2019-07-14,2019071401004260,ILBS,33,25,10,387.00,"3,870.00"
2019-07-14,2019071401004253,ILBS,33,47,10,387.00,"3,870.00"
2019-07-14,2019071401004251,ILBS,33,25,10,387.00,"3,870.00"
2019-07-14,2019071401004248,ILBS,33,47,10,387.00,"3,870.00"
2019-07-14,2019071401004245,ILBS,33,25,10,387.00,"3,870.00"
2019-07-14,2019071401004236,ILBS,33,25,10,387.00,"3,870.00"
2019-07-14,2019071401004288,ILBS,26,38,10,386.00,"3,860.00"
2019-07-14,2019071401004281,ILBS,26,38,10,386.00,"3,860.00"
2019-07-14,2019071401004279,ILBS,26,47,10,386.00,"3,860.00"
2019-07-14,2019071401004277,ILBS,26,25,10,386.00,"3,860.00"
2019-07-14,2019071401004273,ILBS,26,38,10,386.00,"3,860.00"
2019-07-14,2019071401004271,ILBS,39,47,10,387.00,"3,870.00"
2019-07-14,2019071401004318,ILBS,25,38,10,387.00,"3,870.00"
2019-07-14,2019071401004317,ILBS,25,51,10,387.00,"3,870.00"
2019-07-14,2019071401004315,ILBS,25,41,10,387.00,"3,870.00"
2019-07-14,2019071401004314,ILBS,26,25,10,386.00,"3,860.00"
2019-07-14,2019071401004313,ILBS,26,47,10,386.00,"3,860.00"
2019-07-14,2019071401004312,ILBS,26,38,10,386.00,"3,860.00"
2019-07-14,2019071401004348,ILBS,18,38,10,389.00,"3,890.00"
2019-07-14,2019071401004335,ILBS,18,38,10,389.00,"3,890.00"
2019-07-14,2019071401004331,ILBS,18,44,10,389.00,"3,890.00"
2019-07-14,2019071401004330,ILBS,18,59,10,389.00,"3,890.00"
2019-07-14,2019071401004329,ILBS,18,41,10,388.00,"3,880.00"
2019-07-14,2019071401004319,ILBS,25,47,10,387.00,"3,870.00"
2019-07-14,2019071401004406,ILBS,17,47,10,389.00,"3,890.00"
2019-07-14,2019071401004400,ILBS,17,47,10,389.00,"3,890.00"
2019-07-14,2019071401004390,ILBS,17,29,10,389.00,"3,890.00"
2019-07-14,2019071401004389,ILBS,17,29,10,389.00,"3,890.00"
2019-07-14,2019071401004360,ILBS,43,47,10,388.00,"3,880.00"
2019-07-14,2019071401004351,ILBS,43,47,10,388.00,"3,880.00"
2019-07-14,2019071401004238,JBBL,49,11,19,161.00,"3,059.00"
2019-07-14,2019071401004237,JBBL,49,8,11,161.00,"1,771.00"
2019-07-14,2019071401004167,JOSHI,16,59,20,77.00,"1,540.00"
2019-07-14,2019071401004259,KBL,43,16,"1,000",219.00,"219,000.00"
2019-07-14,2019071401004151,KBL,59,16,202,218.00,"44,036.00"
2019-07-14,2019071401004145,KBL,52,16,100,219.00,"21,900.00"
2019-07-14,2019071401004144,KBL,59,16,100,219.00,"21,900.00"
2019-07-14,2019071401004143,KBL,43,16,61,219.00,"13,359.00"
2019-07-14,2019071401004059,KBL,43,37,113,219.00,"24,747.00"
2019-07-14,2019071401004304,KKHC,17,34,16,68.00,"1,088.00"
2019-07-14,2019071401004278,KPCL,11,1,10,90.00,900.00
2019-07-14,2019071401004019,KPCL,11,50,10,90.00,900.00
2019-07-14,2019071401003935,KPCL,11,42,10,90.00,900.00
2019-07-14,2019071401004380,KSBBL,39,45,67,160.00,"10,720.00"
2019-07-14,2019071401004343,KSBBL,39,34,"3,044",161.00,"490,084.00"
2019-07-14,2019071401004342,KSBBL,39,34,"2,956",160.00,"472,960.00"
2019-07-14,2019071401004332,KSBBL,33,34,57,160.00,"9,120.00"
2019-07-14,2019071401004049,KSBBL,33,28,943,160.00,"150,880.00"
2019-07-14,2019071401004048,KSBBL,26,28,500,160.00,"80,000.00"
2019-07-14,2019071401004052,LBBL,56,10,100,193.00,"19,300.00"
2019-07-14,2019071401004051,LBBL,33,10,500,193.00,"96,500.00"
2019-07-14,2019071401004050,LBBL,33,10,400,193.00,"77,200.00"
2019-07-14,2019071401004171,LBL,50,36,100,227.00,"22,700.00"
2019-07-14,2019071401004170,LBL,50,59,705,227.00,"160,035.00"
2019-07-14,2019071401004169,LBL,50,39,"1,020",227.00,"231,540.00"
2019-07-14,2019071401004168,LBL,50,5,500,227.00,"113,500.00"
2019-07-14,2019071401004020,LBL,32,44,"2,900",226.00,"655,400.00"
2019-07-14,2019071401003942,LBL,36,44,"1,000",226.00,"226,000.00"
2019-07-14,2019071401003941,LBL,22,44,100,226.00,"22,600.00"
2019-07-14,2019071401004116,LGIL,55,26,24,431.00,"10,344.00"
2019-07-14,2019071401004076,LGIL,55,51,40,431.00,"17,240.00"
2019-07-14,2019071401004075,LGIL,17,51,38,431.00,"16,378.00"
2019-07-14,2019071401003945,LGIL,40,58,250,434.00,"108,500.00"
2019-07-14,2019071401004411,LICN,16,14,200,"1,595.00","319,000.00"
2019-07-14,2019071401004205,LICN,8,28,10,"1,620.00","16,200.00"
2019-07-14,2019071401004053,LLBS,22,53,100,665.00,"66,500.00"
2019-07-14,2019071401004199,MBL,57,11,37,260.00,"9,620.00"
2019-07-14,2019071401004198,MBL,57,42,993,260.00,"258,180.00"
2019-07-14,2019071401004009,MBL,18,51,82,259.00,"21,238.00"
2019-07-14,2019071401004005,MBL,44,44,1,253.00,253.00
2019-07-14,2019071401004410,MEGA,42,57,"2,000",211.00,"422,000.00"
2019-07-14,2019071401004333,MEGA,6,26,423,211.00,"89,253.00"
2019-07-14,2019071401004210,MEGA,42,26,300,211.00,"63,300.00"
2019-07-14,2019071401004209,MEGA,1,26,200,211.00,"42,200.00"
2019-07-14,2019071401004208,MEGA,34,26,50,211.00,"10,550.00"
2019-07-14,2019071401004185,MEGA,16,14,32,212.00,"6,784.00"
2019-07-14,2019071401004176,MEGA,34,45,450,211.00,"94,950.00"
2019-07-14,2019071401004164,MEGA,34,32,"1,000",211.00,"211,000.00"
2019-07-14,2019071401004156,MEGA,34,34,500,211.00,"105,500.00"
2019-07-14,2019071401003939,MEGA,1,39,635,211.00,"133,985.00"
2019-07-14,2019071401004179,MERO,21,17,65,517.00,"33,605.00"
2019-07-14,2019071401004092,MLBBL,56,51,13,393.00,"5,109.00"
2019-07-14,2019071401004042,MLBL,39,26,30,195.00,"5,850.00"
2019-07-14,2019071401004244,MNBBL,51,17,173,363.00,"62,799.00"
2019-07-14,2019071401004243,MNBBL,51,17,82,363.00,"29,766.00"
2019-07-14,2019071401003980,MNBBL,14,17,100,363.00,"36,300.00"
2019-07-14,2019071401003979,MNBBL,33,17,318,363.00,"115,434.00"
2019-07-14,2019071401003922,MNBBL,33,57,182,363.00,"66,066.00"
2019-07-14,2019071401004204,MPFL,7,57,20,122.00,"2,440.00"
2019-07-14,2019071401004203,MPFL,7,57,20,122.00,"2,440.00"
2019-07-14,2019071401004387,NABIL,8,57,52,826.00,"42,952.00"
2019-07-14,2019071401004361,NABIL,14,57,10,826.00,"8,260.00"
2019-07-14,2019071401004337,NABIL,14,17,90,826.00,"74,340.00"
2019-07-14,2019071401004320,NABIL,6,17,10,826.00,"8,260.00"
2019-07-14,2019071401004252,NABIL,29,17,200,825.00,"165,000.00"
2019-07-14,2019071401004216,NABIL,29,29,40,825.00,"33,000.00"
2019-07-14,2019071401004060,NABIL,17,1,50,825.00,"41,250.00"
2019-07-14,2019071401004047,NABIL,22,36,20,824.00,"16,480.00"
2019-07-14,2019071401004046,NABIL,22,39,36,824.00,"29,664.00"
2019-07-14,2019071401004014,NABIL,29,8,30,823.00,"24,690.00"
2019-07-14,2019071401004142,NABIL,59,52,10,827.00,"8,270.00"
2019-07-14,2019071401004120,NABIL,29,39,50,825.00,"41,250.00"
2019-07-14,2019071401004108,NABIL,29,42,20,825.00,"16,500.00"
2019-07-14,2019071401004107,NABIL,29,16,17,825.00,"14,025.00"
2019-07-14,2019071401004106,NABIL,29,1,250,825.00,"206,250.00"
2019-07-14,2019071401004073,NABIL,1,1,100,825.00,"82,500.00"
2019-07-14,2019071401004230,NADEP,57,55,20,410.00,"8,200.00"
2019-07-14,2019071401004117,NADEP,54,7,40,414.00,"16,560.00"
2019-07-14,2019071401004085,NADEP,40,40,20,410.00,"8,200.00"
2019-07-14,2019071401004037,NADEP,40,40,20,410.00,"8,200.00"
2019-07-14,2019071401003996,NADEP,39,44,10,408.00,"4,080.00"
2019-07-14,2019071401004267,NAGRO,7,55,10,493.00,"4,930.00"
2019-07-14,2019071401004266,NAGRO,7,21,420,493.00,"207,060.00"
2019-07-14,2019071401004265,NAGRO,7,41,40,491.00,"19,640.00"
2019-07-14,2019071401004264,NAGRO,7,42,10,490.00,"4,900.00"
2019-07-14,2019071401004263,NAGRO,7,42,10,490.00,"4,900.00"
2019-07-14,2019071401004262,NAGRO,7,59,10,490.00,"4,900.00"
2019-07-14,2019071401004261,NAGRO,7,1,50,489.00,"24,450.00"
2019-07-14,2019071401004242,NBB,58,55,160,219.00,"35,040.00"
2019-07-14,2019071401004409,NBL,43,57,800,336.00,"268,800.00"
2019-07-14,2019071401004220,NBL,43,51,100,336.00,"33,600.00"
2019-07-14,2019071401004219,NBL,49,51,100,336.00,"33,600.00"
2019-07-14,2019071401004160,NBL,38,38,"1,500",336.00,"504,000.00"
2019-07-14,2019071401004100,NBL,49,22,"1,000",336.00,"336,000.00"
2019-07-14,2019071401004099,NBL,1,22,200,336.00,"67,200.00"
2019-07-14,2019071401003925,NBL,59,54,60,336.00,"20,160.00"
2019-07-14,2019071401003924,NBL,22,54,50,336.00,"16,800.00"
2019-07-14,2019071401003923,NBL,34,54,440,336.00,"147,840.00"
2019-07-14,2019071401004098,NBL,43,22,"1,000",336.00,"336,000.00"
2019-07-14,2019071401004097,NBL,43,22,100,336.00,"33,600.00"
2019-07-14,2019071401004096,NBL,43,22,150,336.00,"50,400.00"
2019-07-14,2019071401004095,NBL,49,22,"1,000",336.00,"336,000.00"
2019-07-14,2019071401004094,NBL,29,22,"1,550",336.00,"520,800.00"
2019-07-14,2019071401003926,NBL,29,54,450,336.00,"151,200.00"
2019-07-14,2019071401004381,NCCB,32,29,407,241.00,"98,087.00"
2019-07-14,2019071401004349,NCCB,53,33,206,242.00,"49,852.00"
2019-07-14,2019071401004303,NCCB,32,35,"1,215",241.00,"292,815.00"
2019-07-14,2019071401004302,NCCB,7,35,100,241.00,"24,100.00"
2019-07-14,2019071401004301,NCCB,41,35,500,241.00,"120,500.00"
2019-07-14,2019071401004300,NCCB,42,35,50,241.00,"12,050.00"
2019-07-14,2019071401004293,NCCB,32,35,"2,000",241.00,"482,000.00"
2019-07-14,2019071401004292,NCCB,41,35,500,241.00,"120,500.00"
2019-07-14,2019071401004291,NCCB,51,35,608,241.00,"146,528.00"
2019-07-14,2019071401004239,NCCB,32,33,25,242.00,"6,050.00"
2019-07-14,2019071401004062,NCCB,51,25,100,241.00,"24,100.00"
2019-07-14,2019071401004299,NCCB,32,35,500,241.00,"120,500.00"
2019-07-14,2019071401004298,NCCB,59,35,100,241.00,"24,100.00"
2019-07-14,2019071401004297,NCCB,51,35,250,241.00,"60,250.00"
2019-07-14,2019071401004296,NCCB,52,35,500,241.00,"120,500.00"
2019-07-14,2019071401004295,NCCB,52,35,500,241.00,"120,500.00"
2019-07-14,2019071401004294,NCCB,52,35,"1,000",241.00,"241,000.00"
2019-07-14,2019071401003938,NEF,6,44,"1,207",8.38,"10,114.66"
2019-07-14,2019071401004139,NEF,39,48,100,8.44,844.00
2019-07-14,2019071401004114,NEF,8,42,241,8.30,"2,000.30"
2019-07-14,2019071401004109,NEF,39,44,"1,659",8.38,"13,902.42"
2019-07-14,2019071401004016,NEF,6,44,755,8.38,"6,326.90"
2019-07-14,2019071401003943,NEF,6,42,241,8.38,"2,019.58"
2019-07-14,2019071401004000,NGPL,52,52,1,117.00,117.00
2019-07-14,2019071401004362,NHPC,13,34,"2,840",63.00,"178,920.00"
2019-07-14,2019071401004218,NHPC,46,35,20,64.00,"1,280.00"
2019-07-14,2019071401004217,NHPC,11,35,25,64.00,"1,600.00"
2019-07-14,2019071401004398,NIB,51,34,211,516.00,"108,876.00"
2019-07-14,2019071401004397,NIB,51,34,13,517.00,"6,721.00"
2019-07-14,2019071401004355,NIB,51,44,100,517.00,"51,700.00"
2019-07-14,2019071401004354,NIB,51,33,57,517.00,"29,469.00"
2019-07-14,2019071401004283,NIB,6,33,10,517.00,"5,170.00"
2019-07-14,2019071401004250,NIB,51,55,17,516.00,"8,772.00"
2019-07-14,2019071401004196,NIB,16,33,44,517.00,"22,748.00"
2019-07-14,2019071401004192,NIB,38,33,10,517.00,"5,170.00"
2019-07-14,2019071401004188,NIB,38,38,5,506.00,"2,530.00"
2019-07-14,2019071401004157,NIB,51,55,10,516.00,"5,160.00"
2019-07-14,2019071401004057,NIB,51,52,190,516.00,"98,040.00"
2019-07-14,2019071401004338,NICA,6,5,10,444.00,"4,440.00"
2019-07-14,2019071401004289,NICA,59,5,10,444.00,"4,440.00"
2019-07-14,2019071401004233,NICA,18,1,356,443.00,"157,708.00"
2019-07-14,2019071401004191,NICA,42,4,47,442.00,"20,774.00"
2019-07-14,2019071401004190,NICA,43,4,53,442.00,"23,426.00"
2019-07-14,2019071401004110,NICA,43,26,47,442.00,"20,774.00"
2019-07-14,2019071401004022,NICA,59,1,10,443.00,"4,430.00"
2019-07-14,2019071401003973,NICA,34,54,650,442.00,"287,300.00"
2019-07-14,2019071401003961,NICA,44,54,200,442.00,"88,400.00"
2019-07-14,2019071401004130,NICGF,35,52,"1,000",9.35,"9,350.00"
2019-07-14,2019071401004129,NICGF,35,25,500,9.35,"4,675.00"
2019-07-14,2019071401003969,NICGF,42,44,100,9.33,933.00
2019-07-14,2019071401003951,NICGF,42,44,100,9.33,933.00
2019-07-14,2019071401004178,NICL,16,47,76,353.00,"26,828.00"
2019-07-14,2019071401004140,NICL,16,58,65,353.00,"22,945.00"
2019-07-14,2019071401004013,NICL,16,1,100,353.00,"35,300.00"
2019-07-14,2019071401003964,NICL,16,21,10,353.00,"3,530.00"
2019-07-14,2019071401004385,NIL,22,42,200,486.00,"97,200.00"
2019-07-14,2019071401003960,NIL,44,42,619,486.00,"300,834.00"
2019-07-14,2019071401003999,NLBBL,19,1,100,475.00,"47,500.00"
2019-07-14,2019071401004148,NLIC,21,39,40,895.00,"35,800.00"
2019-07-14,2019071401004403,NLICL,32,34,90,575.00,"51,750.00"
2019-07-14,2019071401004235,NLICL,32,51,74,575.00,"42,550.00"
2019-07-14,2019071401004131,NLICL,32,51,21,575.00,"12,075.00"
2019-07-14,2019071401004374,NNLB,41,14,42,385.00,"16,170.00"
2019-07-14,2019071401004183,NSEWA,51,10,10,378.00,"3,780.00"
2019-07-14,2019071401004104,OHL,50,22,74,605.00,"44,770.00"
2019-07-14,2019071401004082,OHL,50,22,74,605.00,"44,770.00"
2019-07-14,2019071401004290,PCBL,58,53,100,274.00,"27,400.00"
2019-07-14,2019071401004112,PCBL,32,51,76,274.00,"20,824.00"
2019-07-14,2019071401004093,PCBL,52,26,12,273.00,"3,276.00"
2019-07-14,2019071401004087,PFL,34,47,86,138.00,"11,868.00"
2019-07-14,2019071401004086,PFL,1,47,53,138.00,"7,314.00"
2019-07-14,2019071401004402,PIC,50,4,258,484.00,"124,872.00"
2019-07-14,2019071401004356,PIC,50,17,50,484.00,"24,200.00"
2019-07-14,2019071401004350,PIC,50,17,100,484.00,"48,400.00"
2019-07-14,2019071401003957,PIC,50,1,50,485.00,"24,250.00"
2019-07-14,2019071401003956,PIC,50,45,20,485.00,"9,700.00"
2019-07-14,2019071401004359,PICL,58,39,20,532.00,"10,640.00"
2019-07-14,2019071401004358,PICL,5,39,150,533.00,"79,950.00"
2019-07-14,2019071401004357,PICL,45,39,30,533.00,"15,990.00"
2019-07-14,2019071401003937,PLIC,44,47,200,431.00,"86,200.00"
2019-07-14,2019071401004396,PMHPL,59,53,10,106.00,"1,060.00"
2019-07-14,2019071401004383,PMHPL,59,49,100,105.00,"10,500.00"
2019-07-14,2019071401004181,PMHPL,57,40,10,103.00,"1,030.00"
2019-07-14,2019071401003965,PPCL,58,44,10,136.00,"1,360.00"
2019-07-14,2019071401004121,PROFL,44,35,50,109.00,"5,450.00"
2019-07-14,2019071401004399,PRVU,42,35,50,260.00,"13,000.00"
2019-07-14,2019071401004388,PRVU,43,35,150,260.00,"39,000.00"
2019-07-14,2019071401004370,PRVU,22,36,494,260.00,"128,440.00"
2019-07-14,2019071401004269,PRVU,18,36,106,260.00,"27,560.00"
2019-07-14,2019071401004268,PRVU,18,25,394,260.00,"102,440.00"
2019-07-14,2019071401003986,PRVU,58,34,500,259.00,"129,500.00"
2019-07-14,2019071401003985,PRVU,45,34,122,259.00,"31,598.00"
2019-07-14,2019071401003981,PRVU,51,36,50,260.00,"13,000.00"
2019-07-14,2019071401004023,PRVU,14,36,40,260.00,"10,400.00"
2019-07-14,2019071401004004,PRVU,51,36,50,260.00,"13,000.00"
2019-07-14,2019071401003988,PRVU,39,34,"1,328",259.00,"343,952.00"
2019-07-14,2019071401003987,PRVU,36,34,50,259.00,"12,950.00"
2019-07-14,2019071401004090,RADHI,52,52,1,143.00,143.00
2019-07-14,2019071401004056,RADHI,52,52,1,143.00,143.00
2019-07-14,2019071401004032,RADHI,52,52,1,143.00,143.00
2019-07-14,2019071401003971,RADHI,52,52,1,143.00,143.00
2019-07-14,2019071401003966,RADHI,52,52,1,143.00,143.00
2019-07-14,2019071401004257,RBCLPO,34,35,50,"8,401.00","420,050.00"
2019-07-14,2019071401004256,RBCLPO,10,35,10,"8,405.00","84,050.00"
2019-07-14,2019071401004255,RBCLPO,28,35,100,"8,406.00","840,600.00"
2019-07-14,2019071401004254,RBCLPO,41,35,20,"8,410.00","168,200.00"
2019-07-14,2019071401004122,RLFL,34,34,10,121.00,"1,210.00"
2019-07-14,2019071401004195,RSDC,56,17,44,339.00,"14,916.00"
2019-07-14,2019071401004419,SANIMA,34,59,300,342.00,"102,600.00"
2019-07-14,2019071401004418,SANIMA,34,16,200,342.00,"68,400.00"
2019-07-14,2019071401004258,SANIMA,51,16,300,342.00,"102,600.00"
2019-07-14,2019071401004088,SANIMA,49,16,700,342.00,"239,400.00"
2019-07-14,2019071401003944,SANIMA,41,16,100,342.00,"34,200.00"
2019-07-14,2019071401003933,SANIMA,6,16,10,342.00,"3,420.00"
2019-07-14,2019071401004408,SBI,8,52,70,463.00,"32,410.00"
2019-07-14,2019071401004353,SBI,44,29,74,461.00,"34,114.00"
2019-07-14,2019071401004352,SBI,45,29,184,461.00,"84,824.00"
2019-07-14,2019071401004285,SBI,19,52,72,463.00,"33,336.00"
2019-07-14,2019071401004241,SBI,19,28,428,463.00,"198,164.00"
2019-07-14,2019071401004240,SBI,29,28,22,463.00,"10,186.00"
2019-07-14,2019071401004367,SBL,32,54,136,313.00,"42,568.00"
2019-07-14,2019071401004365,SBL,25,53,150,312.00,"46,800.00"
2019-07-14,2019071401004284,SBL,39,54,364,313.00,"113,932.00"
2019-07-14,2019071401004282,SBL,40,59,31,314.00,"9,734.00"
2019-07-14,2019071401004249,SBL,39,39,136,313.00,"42,568.00"
2019-07-14,2019071401004246,SBL,41,39,150,313.00,"46,950.00"
2019-07-14,2019071401004221,SBL,54,50,500,313.00,"156,500.00"
2019-07-14,2019071401004207,SBL,54,50,500,313.00,"156,500.00"
2019-07-14,2019071401004128,SBL,25,7,181,312.00,"56,472.00"
2019-07-14,2019071401004039,SBL,25,7,181,312.00,"56,472.00"
2019-07-14,2019071401004373,SCB,38,41,200,670.00,"134,000.00"
2019-07-14,2019071401004372,SCB,38,4,50,670.00,"33,500.00"
2019-07-14,2019071401004371,SCB,38,36,28,670.00,"18,760.00"
2019-07-14,2019071401004336,SCB,26,38,118,668.00,"78,824.00"
2019-07-14,2019071401004162,SCB,14,38,45,668.00,"30,060.00"
2019-07-14,2019071401004227,SDESI,59,13,23,540.00,"12,420.00"
2019-07-14,2019071401004200,SDESI,16,58,23,535.00,"12,305.00"
2019-07-14,2019071401004123,SDESI,16,16,27,530.00,"14,310.00"
2019-07-14,2019071401004394,SHIVM,32,58,80,586.00,"46,880.00"
2019-07-14,2019071401004393,SHIVM,46,58,50,586.00,"29,300.00"
2019-07-14,2019071401004392,SHIVM,50,58,20,586.00,"11,720.00"
2019-07-14,2019071401004309,SHIVM,50,26,80,586.00,"46,880.00"
2019-07-14,2019071401004308,SHIVM,41,26,50,586.00,"29,300.00"
2019-07-14,2019071401004307,SHIVM,39,26,100,586.00,"58,600.00"
2019-07-14,2019071401004306,SHIVM,22,26,50,586.00,"29,300.00"
2019-07-14,2019071401004305,SHIVM,47,26,120,586.00,"70,320.00"
2019-07-14,2019071401004186,SHIVM,34,41,50,590.00,"29,500.00"
2019-07-14,2019071401004137,SHIVM,32,40,100,589.00,"58,900.00"
2019-07-14,2019071401004113,SHIVM,32,21,200,589.00,"117,800.00"
2019-07-14,2019071401003977,SHPC,47,41,300,250.00,"75,000.00"
2019-07-14,2019071401003976,SHPC,47,58,12,250.00,"3,000.00"
2019-07-14,2019071401004346,SICL,32,14,465,766.00,"356,190.00"
2019-07-14,2019071401004345,SICL,5,14,15,766.00,"11,490.00"
2019-07-14,2019071401004344,SICL,50,14,20,766.00,"15,320.00"
2019-07-14,2019071401004405,SIFC,35,17,228,157.00,"35,796.00"
2019-07-14,2019071401004040,SIFC,35,21,28,157.00,"4,396.00"
2019-07-14,2019071401003962,SIFC,35,38,500,157.00,"78,500.00"
2019-07-14,2019071401004214,SINDU,21,38,30,137.00,"4,110.00"
2019-07-14,2019071401004416,SLBSL,52,33,10,530.00,"5,300.00"
2019-07-14,2019071401004226,SLBSL,11,43,50,540.00,"27,000.00"
2019-07-14,2019071401004225,SLBSL,11,21,10,535.00,"5,350.00"
2019-07-14,2019071401004224,SLBSL,11,39,10,535.00,"5,350.00"
2019-07-14,2019071401004223,SLBSL,11,51,10,530.00,"5,300.00"
2019-07-14,2019071401004384,SLICL,17,40,50,460.00,"23,000.00"
2019-07-14,2019071401004375,SLICL,17,40,100,460.00,"46,000.00"
2019-07-14,2019071401004347,SMFBS,59,39,10,465.00,"4,650.00"
2019-07-14,2019071401004270,SMFBS,59,51,10,465.00,"4,650.00"
2019-07-14,2019071401004070,SMFBS,17,17,10,467.00,"4,670.00"
2019-07-14,2019071401004286,SPARS,38,1,10,421.00,"4,210.00"
2019-07-14,2019071401003934,SPARS,40,40,10,425.00,"4,250.00"
2019-07-14,2019071401004197,SPDL,17,40,15,90.00,"1,350.00"
2019-07-14,2019071401004316,SRBL,38,54,176,250.00,"44,000.00"
2019-07-14,2019071401004275,SWBBL,45,44,88,877.00,"77,176.00"
2019-07-14,2019071401004232,SWBBL,36,44,20,877.00,"17,540.00"
2019-07-14,2019071401004080,SWBBL,28,44,"1,200",877.00,"1,052,400.00"
2019-07-14,2019071401004079,SWBBL,20,44,110,877.00,"96,470.00"
2019-07-14,2019071401004078,SWBBL,41,44,72,878.00,"63,216.00"
2019-07-14,2019071401004077,SWBBL,45,44,10,879.00,"8,790.00"
2019-07-14,2019071401003959,SWBBL,45,28,10,879.00,"8,790.00"
2019-07-14,2019071401003958,SWBBL,50,28,490,879.00,"430,710.00"
2019-07-14,2019071401004089,TRH,17,21,300,314.00,"94,200.00"
2019-07-14,2019071401003982,TRH,48,22,10,314.00,"3,140.00"
2019-07-14,2019071401004202,UFL,46,28,50,183.00,"9,150.00"
2019-07-14,2019071401004391,UMHL,22,4,14,110.00,"1,540.00"
2019-07-14,2019071401004364,UMHL,59,37,100,112.00,"11,200.00"
2019-07-14,2019071401004363,UMHL,59,40,14,112.00,"1,568.00"
2019-07-14,2019071401003946,UMHL,22,42,23,110.00,"2,530.00"
2019-07-14,2019071401004310,UPPER,44,1,20,270.00,"5,400.00"
2019-07-14,2019071401004276,UPPER,44,55,50,270.00,"13,500.00"
2019-07-14,2019071401004222,UPPER,16,20,40,271.00,"10,840.00"
2019-07-14,2019071401004212,UPPER,44,44,40,270.00,"10,800.00"
2019-07-14,2019071401004177,UPPER,44,55,10,270.00,"2,700.00"
2019-07-14,2019071401003984,UPPER,33,13,40,270.00,"10,800.00"
2019-07-14,2019071401003983,UPPER,33,45,42,270.00,"11,340.00"
2019-07-14,2019071401004175,UPPER,44,22,800,270.00,"216,000.00"
2019-07-14,2019071401004174,UPPER,33,22,600,270.00,"162,000.00"
2019-07-14,2019071401004173,UPPER,40,22,40,270.00,"10,800.00"
2019-07-14,2019071401004172,UPPER,44,22,60,270.00,"16,200.00"
2019-07-14,2019071401004118,UPPER,44,40,40,270.00,"10,800.00"
2019-07-14,2019071401004028,UPPER,44,50,50,269.00,"13,450.00"
2019-07-14,2019071401004102,VLBS,17,36,10,494.00,"4,940.00"
2019-07-14,2019071401004101,VLBS,17,41,20,493.00,"9,860.00"
2019-07-14,2019071401004103,VLBS,17,35,13,494.00,"6,422.00"
2019-07-14,2019071401003887,ADBL,57,16,120,407.00,"48,840.00"
2019-07-14,2019071401003886,ADBL,29,34,49,406.00,"19,894.00"
2019-07-14,2019071401003885,ADBL,39,34,51,406.00,"20,706.00"
2019-07-14,2019071401003875,ADBL,39,34,100,406.00,"40,600.00"
2019-07-14,2019071401003835,ADBL,39,53,213,406.00,"86,478.00"
2019-07-14,2019071401003834,ADBL,52,53,20,406.00,"8,120.00"
2019-07-14,2019071401003833,ADBL,3,53,50,406.00,"20,300.00"
2019-07-14,2019071401003832,ADBL,29,53,217,406.00,"88,102.00"
2019-07-14,2019071401003685,ADBL,29,39,120,406.00,"48,720.00"
2019-07-14,2019071401003523,ADBL,29,45,60,406.00,"24,360.00"
2019-07-14,2019071401003475,ADBL,29,21,100,406.00,"40,600.00"
2019-07-14,2019071401003467,ADBL,29,54,"1,000",406.00,"406,000.00"
2019-07-14,2019071401003883,AKJCL,10,28,10,70.00,700.00
2019-07-14,2019071401003882,AKJCL,10,38,10,70.00,700.00
2019-07-14,2019071401003881,AKJCL,10,57,20,70.00,"1,400.00"
2019-07-14,2019071401003880,AKJCL,10,6,20,70.00,"1,400.00"
2019-07-14,2019071401003879,AKJCL,10,47,20,70.00,"1,400.00"
2019-07-14,2019071401003878,AKJCL,10,6,10,70.00,700.00
2019-07-14,2019071401003867,AKJCL,58,33,20,69.00,"1,380.00"
2019-07-14,2019071401003516,AKPL,8,59,3,178.00,534.00
2019-07-14,2019071401003515,AKPL,45,59,10,178.00,"1,780.00"
2019-07-14,2019071401003456,AKPL,8,49,33,177.00,"5,841.00"
2019-07-14,2019071401003820,ALBSL,47,32,10,393.00,"3,930.00"
2019-07-14,2019071401003691,ALBSL,11,34,10,397.00,"3,970.00"
2019-07-14,2019071401003690,ALBSL,11,41,10,397.00,"3,970.00"
2019-07-14,2019071401003471,ALBSL,11,52,10,395.00,"3,950.00"
2019-07-14,2019071401003855,BOKL,32,29,55,256.00,"14,080.00"
2019-07-14,2019071401003854,BOKL,32,26,50,256.00,"12,800.00"
2019-07-14,2019071401003722,BOKL,52,26,100,256.00,"25,600.00"
2019-07-14,2019071401003614,BOKL,25,6,167,255.00,"42,585.00"
2019-07-14,2019071401003613,BOKL,29,6,100,255.00,"25,500.00"
2019-07-14,2019071401003612,BOKL,34,6,30,255.00,"7,650.00"
2019-07-14,2019071401003611,BOKL,48,6,403,255.00,"102,765.00"
2019-07-14,2019071401003610,BOKL,55,6,300,256.00,"76,800.00"
2019-07-14,2019071401003724,BPCL,41,52,22,400.00,"8,800.00"
2019-07-14,2019071401003654,BPCL,59,52,22,401.00,"8,822.00"
2019-07-14,2019071401003644,BPCL,41,43,15,400.00,"6,000.00"
2019-07-14,2019071401003643,BPCL,21,43,18,401.00,"7,218.00"
2019-07-14,2019071401003477,BPCL,21,52,12,401.00,"4,812.00"
2019-07-14,2019071401003476,BPCL,49,52,10,401.00,"4,010.00"
2019-07-14,2019071401003902,CBL,17,49,400,157.00,"62,800.00"
2019-07-14,2019071401003891,CBL,39,43,209,156.00,"32,604.00"
2019-07-14,2019071401003890,CBL,50,43,291,156.00,"45,396.00"
2019-07-14,2019071401003850,CBL,1,49,"2,000",157.00,"314,000.00"
2019-07-14,2019071401003778,CBL,18,49,"5,000",157.00,"785,000.00"
2019-07-14,2019071401003666,CBL,43,49,160,157.00,"25,120.00"
2019-07-14,2019071401003626,CBL,59,49,200,157.00,"31,400.00"
2019-07-14,2019071401003623,CBL,57,49,179,157.00,"28,103.00"
2019-07-14,2019071401003521,CBL,57,53,321,157.00,"50,397.00"
2019-07-14,2019071401003502,CBL,19,53,79,157.00,"12,403.00"
2019-07-14,2019071401003501,CBL,19,38,221,157.00,"34,697.00"
2019-07-14,2019071401003819,CCBL,41,44,50,177.00,"8,850.00"
2019-07-14,2019071401003783,CCBL,50,45,145,176.00,"25,520.00"
2019-07-14,2019071401003782,CCBL,10,45,500,176.00,"88,000.00"
2019-07-14,2019071401003781,CCBL,29,45,500,176.00,"88,000.00"
2019-07-14,2019071401003780,CCBL,57,45,125,176.00,"22,000.00"
2019-07-14,2019071401003742,CCBL,57,41,105,176.00,"18,480.00"
2019-07-14,2019071401003676,CCBL,57,51,100,176.00,"17,600.00"
2019-07-14,2019071401003509,CCBL,57,21,300,176.00,"52,800.00"
2019-07-14,2019071401003504,CCBL,57,44,500,177.00,"88,500.00"
2019-07-14,2019071401003912,CHCL,17,54,150,517.00,"77,550.00"
2019-07-14,2019071401003914,CHL,35,42,13,87.00,"1,131.00"
2019-07-14,2019071401003836,CHL,35,25,10,87.00,870.00
2019-07-14,2019071401003490,CIT,45,41,20,"2,440.00","48,800.00"
2019-07-14,2019071401003489,CIT,33,41,10,"2,442.00","24,420.00"
2019-07-14,2019071401003904,CZBIL,45,8,10,222.00,"2,220.00"
2019-07-14,2019071401003842,CZBIL,57,22,40,223.00,"8,920.00"
2019-07-14,2019071401003771,CZBIL,45,39,41,222.00,"9,102.00"
2019-07-14,2019071401003770,CZBIL,28,39,45,222.00,"9,990.00"
2019-07-14,2019071401003628,CZBIL,28,38,36,222.00,"7,992.00"
2019-07-14,2019071401003545,CZBIL,28,58,10,222.00,"2,220.00"
2019-07-14,2019071401003449,CZBIL,28,14,909,222.00,"201,798.00"
2019-07-14,2019071401003448,CZBIL,28,14,91,222.00,"20,202.00"
2019-07-14,2019071401003728,DBBL,29,1,320,143.00,"45,760.00"
2019-07-14,2019071401003727,DBBL,29,4,500,143.00,"71,500.00"
2019-07-14,2019071401003608,DBBL,33,57,400,142.00,"56,800.00"
2019-07-14,2019071401003758,DDBL,11,45,50,714.00,"35,700.00"
2019-07-14,2019071401003757,DDBL,35,45,100,715.00,"71,500.00"
2019-07-14,2019071401003756,DDBL,35,45,50,715.00,"35,750.00"
2019-07-14,2019071401003459,DDBL,11,14,44,714.00,"31,416.00"
2019-07-14,2019071401003458,DDBL,38,14,35,715.00,"25,025.00"
2019-07-14,2019071401003457,DDBL,29,14,10,715.00,"7,150.00"
2019-07-14,2019071401003823,DHPL,22,29,10,74.00,740.00
2019-07-14,2019071401003615,DHPL,22,42,212,73.00,"15,476.00"
2019-07-14,2019071401003547,EBL,52,58,30,663.00,"19,890.00"
2019-07-14,2019071401003483,EBL,48,41,100,662.00,"66,200.00"
2019-07-14,2019071401003619,EIC,5,17,200,361.00,"72,200.00"
2019-07-14,2019071401003618,EIC,1,17,20,365.00,"7,300.00"
2019-07-14,2019071401003617,EIC,51,17,20,366.00,"7,320.00"
2019-07-14,2019071401003616,EIC,7,17,10,367.00,"3,670.00"
2019-07-14,2019071401003841,FMDBL,59,41,95,373.00,"35,435.00"
2019-07-14,2019071401003840,FMDBL,43,41,50,374.00,"18,700.00"
2019-07-14,2019071401003839,FMDBL,44,41,200,375.00,"75,000.00"
2019-07-14,2019071401003536,FOWAD,43,55,20,"1,314.00","26,280.00"
2019-07-14,2019071401003472,FOWAD,35,41,12,"1,311.00","15,732.00"
2019-07-14,2019071401003822,GBBL,39,28,92,223.00,"20,516.00"
2019-07-14,2019071401003466,GBBL,39,14,259,223.00,"57,757.00"
2019-07-14,2019071401003498,GDBL,6,49,"3,600",215.00,"774,000.00"
2019-07-14,2019071401003497,GDBL,6,11,200,215.00,"43,000.00"
2019-07-14,2019071401003496,GDBL,6,45,275,215.00,"59,125.00"
2019-07-14,2019071401003818,GHL,49,55,10,87.00,870.00
2019-07-14,2019071401003806,GHL,49,55,30,87.00,"2,610.00"
2019-07-14,2019071401003817,GLBSL,19,22,10,392.00,"3,920.00"
2019-07-14,2019071401003754,GLBSL,19,41,10,392.00,"3,920.00"
2019-07-14,2019071401003653,GLBSL,19,43,10,392.00,"3,920.00"
2019-07-14,2019071401003632,GLBSL,19,52,10,392.00,"3,920.00"
2019-07-14,2019071401003799,GLICL,10,40,150,462.00,"69,300.00"
2019-07-14,2019071401003884,GMFBS,40,40,10,447.00,"4,470.00"
2019-07-14,2019071401003795,GMFBS,39,52,10,445.00,"4,450.00"
2019-07-14,2019071401003580,GMFBS,39,58,20,445.00,"8,900.00"
2019-07-14,2019071401003573,GMFBS,39,45,10,445.00,"4,450.00"
2019-07-14,2019071401003572,GMFBS,39,45,10,444.00,"4,440.00"
2019-07-14,2019071401003571,GMFBS,39,40,10,444.00,"4,440.00"
2019-07-14,2019071401003570,GMFBS,39,8,10,440.00,"4,400.00"
2019-07-14,2019071401003569,GMFBS,39,8,10,440.00,"4,400.00"
2019-07-14,2019071401003812,GMFIL,51,32,21,125.00,"2,625.00"
2019-07-14,2019071401003455,HBL,59,36,29,539.00,"15,631.00"
2019-07-14,2019071401003821,HGI,5,45,100,350.00,"35,000.00"
2019-07-14,2019071401003567,HGI,5,48,174,350.00,"60,900.00"
2019-07-14,2019071401003566,HGI,53,48,300,351.00,"105,300.00"
2019-07-14,2019071401003752,HIDCL,26,10,18,161.00,"2,898.00"
2019-07-14,2019071401003802,HPPL,36,52,20,172.00,"3,440.00"
2019-07-14,2019071401003740,HPPL,36,34,10,172.00,"1,720.00"
2019-07-14,2019071401003708,HPPL,36,34,20,172.00,"3,440.00"
2019-07-14,2019071401003635,HPPL,36,52,10,172.00,"1,720.00"
2019-07-14,2019071401003606,HPPL,36,54,10,172.00,"1,720.00"
2019-07-14,2019071401003560,HPPL,36,52,10,172.00,"1,720.00"
2019-07-14,2019071401003675,HURJA,3,43,20,138.00,"2,760.00"
2019-07-14,2019071401003669,HURJA,3,50,20,138.00,"2,760.00"
2019-07-14,2019071401003649,HURJA,3,43,10,138.00,"1,380.00"
2019-07-14,2019071401003648,HURJA,51,43,10,139.00,"1,390.00"
2019-07-14,2019071401003634,HURJA,51,5,20,139.00,"2,780.00"
2019-07-14,2019071401003549,HURJA,51,57,20,139.00,"2,780.00"
2019-07-14,2019071401003894,ILBS,29,1,10,387.00,"3,870.00"
2019-07-14,2019071401003826,ILBS,29,32,10,387.00,"3,870.00"
2019-07-14,2019071401003814,ILBS,29,47,10,387.00,"3,870.00"
2019-07-14,2019071401003807,ILBS,29,8,10,387.00,"3,870.00"
2019-07-14,2019071401003772,ILBS,26,8,10,387.00,"3,870.00"
2019-07-14,2019071401003753,ILBS,26,8,10,387.00,"3,870.00"
2019-07-14,2019071401003426,ILBS,7,29,10,388.00,"3,880.00"
2019-07-14,2019071401003425,ILBS,7,29,10,388.00,"3,880.00"
2019-07-14,2019071401003424,ILBS,7,29,10,388.00,"3,880.00"
2019-07-14,2019071401003423,ILBS,7,29,10,388.00,"3,880.00"
2019-07-14,2019071401003422,ILBS,7,29,10,388.00,"3,880.00"
2019-07-14,2019071401003432,ILBS,7,21,10,390.00,"3,900.00"
2019-07-14,2019071401003431,ILBS,7,59,10,390.00,"3,900.00"
2019-07-14,2019071401003430,ILBS,7,25,10,390.00,"3,900.00"
2019-07-14,2019071401003429,ILBS,7,29,10,388.00,"3,880.00"
2019-07-14,2019071401003428,ILBS,7,29,10,388.00,"3,880.00"
2019-07-14,2019071401003427,ILBS,7,29,10,388.00,"3,880.00"
2019-07-14,2019071401003438,ILBS,7,6,10,390.00,"3,900.00"
2019-07-14,2019071401003437,ILBS,7,50,10,390.00,"3,900.00"
2019-07-14,2019071401003436,ILBS,7,44,10,390.00,"3,900.00"
2019-07-14,2019071401003435,ILBS,7,44,10,390.00,"3,900.00"
2019-07-14,2019071401003434,ILBS,7,6,10,390.00,"3,900.00"
2019-07-14,2019071401003433,ILBS,7,10,10,390.00,"3,900.00"
2019-07-14,2019071401003444,ILBS,7,57,10,390.00,"3,900.00"
2019-07-14,2019071401003443,ILBS,7,1,10,390.00,"3,900.00"
2019-07-14,2019071401003442,ILBS,7,29,10,390.00,"3,900.00"
2019-07-14,2019071401003441,ILBS,7,29,10,390.00,"3,900.00"
2019-07-14,2019071401003440,ILBS,7,6,10,390.00,"3,900.00"
2019-07-14,2019071401003439,ILBS,7,6,10,390.00,"3,900.00"
2019-07-14,2019071401003491,ILBS,16,34,10,388.00,"3,880.00"
2019-07-14,2019071401003473,ILBS,41,58,10,387.00,"3,870.00"
2019-07-14,2019071401003450,ILBS,41,41,10,387.00,"3,870.00"
2019-07-14,2019071401003447,ILBS,7,22,10,390.00,"3,900.00"
2019-07-14,2019071401003446,ILBS,7,1,10,390.00,"3,900.00"
2019-07-14,2019071401003445,ILBS,7,1,10,390.00,"3,900.00"
2019-07-14,2019071401003524,ILBS,16,54,10,388.00,"3,880.00"
2019-07-14,2019071401003520,ILBS,17,17,10,389.00,"3,890.00"
2019-07-14,2019071401003517,ILBS,16,54,10,388.00,"3,880.00"
2019-07-14,2019071401003514,ILBS,16,39,10,388.00,"3,880.00"
2019-07-14,2019071401003505,ILBS,16,34,10,388.00,"3,880.00"
2019-07-14,2019071401003495,ILBS,16,34,10,388.00,"3,880.00"
2019-07-14,2019071401003575,ILBS,41,54,10,387.00,"3,870.00"
2019-07-14,2019071401003564,ILBS,16,54,10,388.00,"3,880.00"
2019-07-14,2019071401003557,ILBS,16,54,10,388.00,"3,880.00"
2019-07-14,2019071401003550,ILBS,16,54,10,388.00,"3,880.00"
2019-07-14,2019071401003546,ILBS,16,54,10,388.00,"3,880.00"
2019-07-14,2019071401003530,ILBS,17,17,10,389.00,"3,890.00"
2019-07-14,2019071401003667,ILBS,51,43,10,387.00,"3,870.00"
2019-07-14,2019071401003641,ILBS,51,52,10,387.00,"3,870.00"
2019-07-14,2019071401003630,ILBS,51,5,10,387.00,"3,870.00"
2019-07-14,2019071401003598,ILBS,51,54,10,387.00,"3,870.00"
2019-07-14,2019071401003587,ILBS,51,54,10,387.00,"3,870.00"
2019-07-14,2019071401003582,ILBS,51,54,10,387.00,"3,870.00"
2019-07-14,2019071401003706,ILBS,26,47,10,387.00,"3,870.00"
2019-07-14,2019071401003698,ILBS,26,47,10,387.00,"3,870.00"
2019-07-14,2019071401003688,ILBS,51,47,10,387.00,"3,870.00"
2019-07-14,2019071401003678,ILBS,51,47,10,387.00,"3,870.00"
2019-07-14,2019071401003672,ILBS,51,43,10,387.00,"3,870.00"
2019-07-14,2019071401003670,ILBS,51,47,10,387.00,"3,870.00"
2019-07-14,2019071401003741,ILBS,26,8,10,387.00,"3,870.00"
2019-07-14,2019071401003735,ILBS,26,8,10,387.00,"3,870.00"
2019-07-14,2019071401003734,ILBS,26,47,10,387.00,"3,870.00"
2019-07-14,2019071401003725,ILBS,26,47,10,387.00,"3,870.00"
2019-07-14,2019071401003711,ILBS,26,47,10,387.00,"3,870.00"
2019-07-14,2019071401003707,ILBS,26,43,10,387.00,"3,870.00"
2019-07-14,2019071401003710,JBBL,34,16,100,160.00,"16,000.00"
2019-07-14,2019071401003709,JBBL,34,59,445,160.00,"71,200.00"
2019-07-14,2019071401003463,JBBL,59,59,500,160.00,"80,000.00"
2019-07-14,2019071401003462,JBBL,39,59,555,160.00,"88,800.00"
2019-07-14,2019071401003794,KBL,43,34,826,219.00,"180,894.00"
2019-07-14,2019071401003793,KBL,52,34,300,219.00,"65,700.00"
2019-07-14,2019071401003792,KBL,41,34,200,219.00,"43,800.00"
2019-07-14,2019071401003791,KBL,47,34,500,219.00,"109,500.00"
2019-07-14,2019071401003790,KBL,42,34,500,219.00,"109,500.00"
2019-07-14,2019071401003789,KBL,47,34,40,219.00,"8,760.00"
2019-07-14,2019071401003788,KBL,52,34,100,219.00,"21,900.00"
2019-07-14,2019071401003787,KBL,7,34,206,219.00,"45,114.00"
2019-07-14,2019071401003563,KBL,22,49,203,220.00,"44,660.00"
2019-07-14,2019071401003562,KBL,22,42,100,220.00,"22,000.00"
2019-07-14,2019071401003561,KBL,22,42,378,220.00,"83,160.00"
2019-07-14,2019071401003705,KPCL,13,38,10,91.00,910.00
2019-07-14,2019071401003519,LBL,22,59,200,226.00,"45,200.00"
2019-07-14,2019071401003872,LICN,6,28,10,"1,620.00","16,200.00"
2019-07-14,2019071401003851,MBL,34,41,122,258.00,"31,476.00"
2019-07-14,2019071401003700,MBL,34,1,76,258.00,"19,608.00"
2019-07-14,2019071401003627,MBL,18,49,160,258.00,"41,280.00"
2019-07-14,2019071401003586,MBL,49,49,30,258.00,"7,740.00"
2019-07-14,2019071401003585,MBL,43,49,100,258.00,"25,800.00"
2019-07-14,2019071401003843,MDB,48,21,10,235.00,"2,350.00"
2019-07-14,2019071401003655,MDB,26,43,100,237.00,"23,700.00"
2019-07-14,2019071401003898,MEGA,43,39,"2,905",211.00,"612,955.00"
2019-07-14,2019071401003897,MEGA,43,34,550,211.00,"116,050.00"
2019-07-14,2019071401003896,MEGA,43,26,30,211.00,"6,330.00"
2019-07-14,2019071401003895,MEGA,43,6,15,211.00,"3,165.00"
2019-07-14,2019071401003767,MEGA,52,6,100,211.00,"21,100.00"
2019-07-14,2019071401003761,MEGA,29,10,32,210.00,"6,720.00"
2019-07-14,2019071401003507,MEGA,43,32,610,211.00,"128,710.00"
2019-07-14,2019071401003506,MEGA,43,58,390,211.00,"82,290.00"
2019-07-14,2019071401003743,MEGA,51,6,30,211.00,"6,330.00"
2019-07-14,2019071401003579,MEGA,57,6,256,211.00,"54,016.00"
2019-07-14,2019071401003577,MEGA,57,21,54,211.00,"11,394.00"
2019-07-14,2019071401003555,MEGA,57,59,190,211.00,"40,090.00"
2019-07-14,2019071401003534,MEGA,52,59,110,211.00,"23,210.00"
2019-07-14,2019071401003513,MEGA,52,32,390,211.00,"82,290.00"
2019-07-14,2019071401003732,MERO,6,34,73,516.00,"37,668.00"
2019-07-14,2019071401003731,MERO,28,34,50,516.00,"25,800.00"
2019-07-14,2019071401003730,MERO,36,34,17,517.00,"8,789.00"
2019-07-14,2019071401003729,MERO,42,34,10,518.00,"5,180.00"
2019-07-14,2019071401003487,MERO,42,42,1,518.00,518.00
2019-07-14,2019071401003526,MLBL,44,17,108,193.00,"20,844.00"
2019-07-14,2019071401003664,MPFL,50,10,10,121.00,"1,210.00"
2019-07-14,2019071401003663,MPFL,7,10,20,122.00,"2,440.00"
2019-07-14,2019071401003662,MPFL,7,10,20,122.00,"2,440.00"
2019-07-14,2019071401003556,MSLB,11,5,10,966.00,"9,660.00"
2019-07-14,2019071401003811,NABIL,41,39,64,824.00,"52,736.00"
2019-07-14,2019071401003810,NABIL,41,51,136,824.00,"112,064.00"
2019-07-14,2019071401003609,NABIL,29,16,50,823.00,"41,150.00"
2019-07-14,2019071401003565,NABIL,29,21,43,823.00,"35,389.00"
2019-07-14,2019071401003533,NABIL,29,13,10,823.00,"8,230.00"
2019-07-14,2019071401003532,NABIL,29,29,20,823.00,"16,460.00"
2019-07-14,2019071401003911,NADEP,40,40,20,410.00,"8,200.00"
2019-07-14,2019071401003768,NADEP,6,10,10,407.00,"4,070.00"
2019-07-14,2019071401003746,NADEP,32,7,160,410.00,"65,600.00"
2019-07-14,2019071401003659,NADEP,32,11,20,410.00,"8,200.00"
2019-07-14,2019071401003486,NADEP,32,5,10,410.00,"4,100.00"
2019-07-14,2019071401003658,NADEP,32,5,10,410.00,"4,100.00"
2019-07-14,2019071401003645,NADEP,6,52,20,407.00,"8,140.00"
2019-07-14,2019071401003674,NAGRO,1,50,10,484.00,"4,840.00"
2019-07-14,2019071401003548,NAGRO,16,21,30,489.00,"14,670.00"
2019-07-14,2019071401003492,NAGRO,16,1,20,489.00,"9,780.00"
2019-07-14,2019071401003529,NBB,58,54,50,219.00,"10,950.00"
2019-07-14,2019071401003528,NBB,46,54,200,220.00,"44,000.00"
2019-07-14,2019071401003481,NBB,58,14,265,219.00,"58,035.00"
2019-07-14,2019071401003480,NBB,46,14,71,219.00,"15,549.00"
2019-07-14,2019071401003479,NBB,25,29,89,220.00,"19,580.00"
2019-07-14,2019071401003903,NBL,34,28,30,336.00,"10,080.00"
2019-07-14,2019071401003775,NBL,34,10,30,336.00,"10,080.00"
2019-07-14,2019071401003774,NBL,34,10,50,336.00,"16,800.00"
2019-07-14,2019071401003773,NBL,43,10,20,336.00,"6,720.00"
2019-07-14,2019071401003631,NBL,43,16,80,336.00,"26,880.00"
2019-07-14,2019071401003607,NBL,45,45,30,337.00,"10,110.00"
2019-07-14,2019071401003921,NCCB,59,33,100,242.00,"24,200.00"
2019-07-14,2019071401003920,NCCB,1,33,"2,000",242.00,"484,000.00"
2019-07-14,2019071401003919,NCCB,14,33,100,242.00,"24,200.00"
2019-07-14,2019071401003918,NCCB,41,33,70,242.00,"16,940.00"
2019-07-14,2019071401003917,NCCB,1,33,150,242.00,"36,300.00"
2019-07-14,2019071401003916,NCCB,51,33,300,242.00,"72,600.00"
2019-07-14,2019071401003915,NCCB,34,33,186,242.00,"45,012.00"
2019-07-14,2019071401003859,NCCB,34,34,214,242.00,"51,788.00"
2019-07-14,2019071401003858,NCCB,45,34,100,242.00,"24,200.00"
2019-07-14,2019071401003857,NCCB,10,34,136,242.00,"32,912.00"
2019-07-14,2019071401003468,NCCB,10,29,195,242.00,"47,190.00"
2019-07-14,2019071401003461,NCCB,45,33,50,243.00,"12,150.00"
2019-07-14,2019071401003892,NEF,6,42,241,8.38,"2,019.58"
2019-07-14,2019071401003777,NEF,6,41,"2,173",8.38,"18,209.74"
2019-07-14,2019071401003776,NEF,28,41,241,8.43,"2,031.63"
2019-07-14,2019071401003763,NHPC,11,49,975,64.00,"62,400.00"
2019-07-14,2019071401003762,NHPC,7,49,25,64.00,"1,600.00"
2019-07-14,2019071401003815,NIB,45,33,20,517.00,"10,340.00"
2019-07-14,2019071401003804,NIB,35,33,75,517.00,"38,775.00"
2019-07-14,2019071401003803,NIB,35,44,101,517.00,"52,217.00"
2019-07-14,2019071401003747,NIB,51,44,50,516.00,"25,800.00"
2019-07-14,2019071401003640,NIB,35,16,50,516.00,"25,800.00"
2019-07-14,2019071401003595,NIB,35,22,115,516.00,"59,340.00"
2019-07-14,2019071401003594,NIB,57,22,50,516.00,"25,800.00"
2019-07-14,2019071401003554,NIB,51,14,109,515.00,"56,135.00"
2019-07-14,2019071401003597,NIBPO,32,4,100,468.00,"46,800.00"
2019-07-14,2019071401003908,NICA,43,54,150,442.00,"66,300.00"
2019-07-14,2019071401003849,NICA,52,1,50,443.00,"22,150.00"
2019-07-14,2019071401003721,NICA,34,53,26,441.00,"11,466.00"
2019-07-14,2019071401003720,NICA,43,53,100,441.00,"44,100.00"
2019-07-14,2019071401003719,NICA,6,53,100,441.00,"44,100.00"
2019-07-14,2019071401003718,NICA,19,53,200,441.00,"88,200.00"
2019-07-14,2019071401003717,NICA,51,53,500,441.00,"220,500.00"
2019-07-14,2019071401003716,NICA,45,53,350,441.00,"154,350.00"
2019-07-14,2019071401003715,NICA,4,53,450,442.00,"198,900.00"
2019-07-14,2019071401003714,NICA,32,53,74,442.00,"32,708.00"
2019-07-14,2019071401003713,NICA,11,53,200,443.00,"88,600.00"
2019-07-14,2019071401003625,NICA,32,19,26,442.00,"11,492.00"
2019-07-14,2019071401003862,NICL,16,21,10,353.00,"3,530.00"
2019-07-14,2019071401003736,NICL,16,47,239,353.00,"84,367.00"
2019-07-14,2019071401003682,NLBBL,28,37,300,474.00,"142,200.00"
2019-07-14,2019071401003681,NLBBL,33,37,200,475.00,"95,000.00"
2019-07-14,2019071401003680,NLBBL,58,37,50,475.00,"23,750.00"
2019-07-14,2019071401003647,NLBBL,40,37,550,476.00,"261,800.00"
2019-07-14,2019071401003624,NLBBL,40,37,550,476.00,"261,800.00"
2019-07-14,2019071401003574,NLBBL,40,37,550,476.00,"261,800.00"
2019-07-14,2019071401003876,NLIC,33,51,17,891.00,"15,147.00"
2019-07-14,2019071401003852,NLIC,38,8,200,894.00,"178,800.00"
2019-07-14,2019071401003838,NLIC,38,28,42,892.00,"37,464.00"
2019-07-14,2019071401003816,NLIC,41,28,58,892.00,"51,736.00"
2019-07-14,2019071401003679,NLIC,36,11,220,895.00,"196,900.00"
2019-07-14,2019071401003652,NLIC,36,52,17,895.00,"15,215.00"
2019-07-14,2019071401003651,NLIC,36,47,113,895.00,"101,135.00"
2019-07-14,2019071401003622,NLIC,36,56,500,895.00,"447,500.00"
2019-07-14,2019071401003621,NLIC,36,45,50,895.00,"44,750.00"
2019-07-14,2019071401003620,NLIC,36,22,100,894.00,"89,400.00"
2019-07-14,2019071401003568,NLIC,33,52,17,891.00,"15,147.00"
2019-07-14,2019071401003888,NLICL,32,40,63,575.00,"36,225.00"
2019-07-14,2019071401003739,NLICL,32,48,59,575.00,"33,925.00"
2019-07-14,2019071401003738,NLICL,59,48,426,575.00,"244,950.00"
2019-07-14,2019071401003704,NLICL,59,48,74,575.00,"42,550.00"
2019-07-14,2019071401003703,NLICL,52,48,26,575.00,"14,950.00"
2019-07-14,2019071401003702,NLICL,19,48,40,576.00,"23,040.00"
2019-07-14,2019071401003701,NLICL,37,48,60,576.00,"34,560.00"
2019-07-14,2019071401003576,NNLB,16,39,50,390.00,"19,500.00"
2019-07-14,2019071401003856,NSEWA,51,44,10,378.00,"3,780.00"
2019-07-14,2019071401003605,NTC,46,14,25,690.00,"17,250.00"
2019-07-14,2019071401003465,OHL,41,34,25,605.00,"15,125.00"
2019-07-14,2019071401003784,PCBL,52,39,40,273.00,"10,920.00"
2019-07-14,2019071401003503,PCBL,52,45,257,273.00,"70,161.00"
2019-07-14,2019071401003482,PCBL,52,45,13,273.00,"3,549.00"
2019-07-14,2019071401003907,PIC,37,16,206,483.00,"99,498.00"
2019-07-14,2019071401003906,PIC,36,16,10,483.00,"4,830.00"
2019-07-14,2019071401003905,PIC,49,16,284,483.00,"137,172.00"
2019-07-14,2019071401003827,PIC,49,52,11,483.00,"5,313.00"
2019-07-14,2019071401003684,PIC,49,25,90,483.00,"43,470.00"
2019-07-14,2019071401003683,PIC,14,25,10,483.00,"4,830.00"
2019-07-14,2019071401003638,PIC,14,45,90,483.00,"43,470.00"
2019-07-14,2019071401003637,PIC,32,45,100,483.00,"48,300.00"
2019-07-14,2019071401003636,PIC,49,45,10,484.00,"4,840.00"
2019-07-14,2019071401003500,PIC,45,4,80,485.00,"38,800.00"
2019-07-14,2019071401003485,PIC,45,4,11,485.00,"5,335.00"
2019-07-14,2019071401003484,PIC,13,4,489,485.00,"237,165.00"
2019-07-14,2019071401003535,PICL,29,4,500,534.00,"267,000.00"
2019-07-14,2019071401003692,PLIC,44,35,70,431.00,"30,170.00"
2019-07-14,2019071401003602,PLIC,44,38,189,434.00,"82,026.00"
2019-07-14,2019071401003601,PLIC,44,1,111,433.00,"48,063.00"
2019-07-14,2019071401003600,PLIC,44,45,235,431.00,"101,285.00"
2019-07-14,2019071401003531,PLIC,37,45,150,431.00,"64,650.00"
2019-07-14,2019071401003650,PPCL,19,49,20,135.00,"2,700.00"
2019-07-14,2019071401003829,PRIN,44,45,90,361.00,"32,490.00"
2019-07-14,2019071401003828,PRIN,42,45,10,362.00,"3,620.00"
2019-07-14,2019071401003494,PRIN,49,22,39,365.00,"14,235.00"
2019-07-14,2019071401003493,PRIN,49,39,161,365.00,"58,765.00"
2019-07-14,2019071401003913,PRVU,13,13,2,259.00,518.00
2019-07-14,2019071401003846,PRVU,45,45,78,259.00,"20,202.00"
2019-07-14,2019071401003845,PRVU,59,45,30,259.00,"7,770.00"
2019-07-14,2019071401003830,PRVU,10,36,100,260.00,"26,000.00"
2019-07-14,2019071401003813,PRVU,19,36,30,260.00,"7,800.00"
2019-07-14,2019071401003712,PRVU,34,36,200,260.00,"52,000.00"
2019-07-14,2019071401003584,PRVU,49,36,100,260.00,"26,000.00"
2019-07-14,2019071401003499,PRVU,8,36,200,260.00,"52,000.00"
2019-07-14,2019071401003909,RADHI,52,52,1,143.00,143.00
2019-07-14,2019071401003866,RBCLPO,42,35,20,"8,448.00","168,960.00"
2019-07-14,2019071401003865,RBCLPO,42,33,50,"8,440.00","422,000.00"
2019-07-14,2019071401003844,RLFL,1,10,20,119.00,"2,380.00"
2019-07-14,2019071401003697,RMDC,17,28,21,669.00,"14,049.00"
2019-07-14,2019071401003696,RMDC,17,32,19,667.00,"12,673.00"
2019-07-14,2019071401003656,RRHP,5,52,10,108.00,"1,080.00"
2019-07-14,2019071401003578,RRHP,5,52,10,108.00,"1,080.00"
2019-07-14,2019071401003559,RSDC,8,11,61,338.00,"20,618.00"
2019-07-14,2019071401003874,SADBL,26,44,"1,764",159.00,"280,476.00"
2019-07-14,2019071401003689,SADBL,14,43,102,160.00,"16,320.00"
2019-07-14,2019071401003660,SADBL,14,33,300,160.00,"48,000.00"
2019-07-14,2019071401003527,SADBL,14,14,318,160.00,"50,880.00"
2019-07-14,2019071401003871,SANIMA,47,16,90,341.00,"30,690.00"
2019-07-14,2019071401003870,SANIMA,49,16,100,341.00,"34,100.00"
2019-07-14,2019071401003869,SANIMA,26,16,100,341.00,"34,100.00"
2019-07-14,2019071401003868,SANIMA,29,16,30,341.00,"10,230.00"
2019-07-14,2019071401003831,SANIMA,11,16,690,342.00,"235,980.00"
2019-07-14,2019071401003786,SANIMA,11,1,610,342.00,"208,620.00"
2019-07-14,2019071401003469,SANIMA,11,14,700,342.00,"239,400.00"
2019-07-14,2019071401003661,SBI,6,28,50,464.00,"23,200.00"
2019-07-14,2019071401003599,SBI,36,45,500,464.00,"232,000.00"
2019-07-14,2019071401003861,SBL,25,41,69,312.00,"21,528.00"
2019-07-14,2019071401003860,SBL,57,41,100,313.00,"31,300.00"
2019-07-14,2019071401003639,SBL,32,45,50,313.00,"15,650.00"
2019-07-14,2019071401003553,SBL,25,14,160,312.00,"49,920.00"
2019-07-14,2019071401003552,SBL,41,14,147,312.00,"45,864.00"
2019-07-14,2019071401003543,SBL,41,49,53,312.00,"16,536.00"
2019-07-14,2019071401003542,SBL,56,49,63,312.00,"19,656.00"
2019-07-14,2019071401003541,SBL,58,49,200,312.00,"62,400.00"
2019-07-14,2019071401003540,SBL,33,49,190,312.00,"59,280.00"
2019-07-14,2019071401003539,SBL,10,49,100,312.00,"31,200.00"
2019-07-14,2019071401003538,SBL,56,49,250,312.00,"78,000.00"
2019-07-14,2019071401003797,SCB,50,10,20,667.00,"13,340.00"
2019-07-14,2019071401003673,SCB,50,52,20,667.00,"13,340.00"
2019-07-14,2019071401003589,SCB,36,13,10,667.00,"6,670.00"
2019-07-14,2019071401003583,SCB,48,52,20,666.00,"13,320.00"
2019-07-14,2019071401003508,SCB,48,18,200,666.00,"133,200.00"
2019-07-14,2019071401003593,SCB,36,36,72,670.00,"48,240.00"
2019-07-14,2019071401003592,SCB,36,29,26,670.00,"17,420.00"
2019-07-14,2019071401003591,SCB,36,34,200,670.00,"134,000.00"
2019-07-14,2019071401003590,SCB,36,42,100,670.00,"67,000.00"
2019-07-14,2019071401003769,SFFIL,28,42,100,209.00,"20,900.00"
2019-07-14,2019071401003800,SHINE,39,32,800,252.00,"201,600.00"
2019-07-14,2019071401003796,SHINE,39,1,500,252.00,"126,000.00"
2019-07-14,2019071401003657,SHINE,39,40,"1,000",252.00,"252,000.00"
2019-07-14,2019071401003646,SHINE,39,45,100,252.00,"25,200.00"
2019-07-14,2019071401003551,SHINE,39,34,500,252.00,"126,000.00"
2019-07-14,2019071401003801,SHIVM,47,38,30,586.00,"17,580.00"
2019-07-14,2019071401003581,SHIVM,47,42,50,586.00,"29,300.00"
2019-07-14,2019071401003537,SHIVM,47,34,100,586.00,"58,600.00"
2019-07-14,2019071401003525,SHIVM,47,34,200,586.00,"117,200.00"
2019-07-14,2019071401003478,SHIVM,41,28,350,589.00,"206,150.00"
2019-07-14,2019071401003805,SHPC,49,10,22,249.00,"5,478.00"
2019-07-14,2019071401003474,SHPC,49,1,300,249.00,"74,700.00"
2019-07-14,2019071401003748,SINDU,59,38,10,137.00,"1,370.00"
2019-07-14,2019071401003522,SINDU,58,4,500,135.00,"67,500.00"
2019-07-14,2019071401003889,SKBBL,35,18,50,932.00,"46,600.00"
2019-07-14,2019071401003512,SKBBL,47,18,50,935.00,"46,750.00"
2019-07-14,2019071401003451,SKBBL,49,49,218,933.00,"203,394.00"
2019-07-14,2019071401003910,SLBBL,22,29,10,455.00,"4,550.00"
2019-07-14,2019071401003785,SLBSL,11,34,10,531.00,"5,310.00"
2019-07-14,2019071401003764,SLBSL,34,41,10,521.00,"5,210.00"
2019-07-14,2019071401003596,SLBSL,34,52,10,521.00,"5,210.00"
2019-07-14,2019071401003544,SLICL,29,45,67,455.00,"30,485.00"
2019-07-14,2019071401003726,SMB,51,59,10,390.00,"3,900.00"
2019-07-14,2019071401003848,SMFBS,40,40,10,466.00,"4,660.00"
2019-07-14,2019071401003798,SMFBS,59,55,10,465.00,"4,650.00"
2019-07-14,2019071401003677,SMFBS,59,44,10,465.00,"4,650.00"
2019-07-14,2019071401003671,SMFBS,59,44,10,465.00,"4,650.00"
2019-07-14,2019071401003642,SMFBS,59,50,100,465.00,"46,500.00"
2019-07-14,2019071401003737,SMFDBP,46,36,"1,000",380.00,"380,000.00"
2019-07-14,2019071401003837,SPDL,17,52,15,90.00,"1,350.00"
2019-07-14,2019071401003825,SRBL,45,10,50,250.00,"12,500.00"
2019-07-14,2019071401003824,SRBL,29,10,50,250.00,"12,500.00"
2019-07-14,2019071401003765,SRBL,29,48,198,250.00,"49,500.00"
2019-07-14,2019071401003759,SRBL,29,22,199,250.00,"49,750.00"
2019-07-14,2019071401003751,SRBL,29,48,53,250.00,"13,250.00"
2019-07-14,2019071401003750,SRBL,47,48,200,250.00,"50,000.00"
2019-07-14,2019071401003749,SRBL,17,48,638,250.00,"159,500.00"
2019-07-14,2019071401003723,SRBL,17,6,26,250.00,"6,500.00"
2019-07-14,2019071401003668,SRBL,17,39,115,250.00,"28,750.00"
2019-07-14,2019071401003518,SWBBL,50,33,10,879.00,"8,790.00"
2019-07-14,2019071401003629,TRH,48,19,10,314.00,"3,140.00"
2019-07-14,2019071401003460,TRH,57,19,500,315.00,"157,500.00"
2019-07-14,2019071401003745,UMHL,22,34,14,110.00,"1,540.00"
2019-07-14,2019071401003733,UMHL,22,34,14,110.00,"1,540.00"
2019-07-14,2019071401003847,UNL,47,33,10,"20,250.00","202,500.00"
2019-07-14,2019071401003779,UPCL,47,55,50,89.00,"4,450.00"
2019-07-14,2019071401003766,UPCL,47,55,50,89.00,"4,450.00"
2019-07-14,2019071401003755,UPCL,47,55,50,89.00,"4,450.00"
2019-07-14,2019071401003454,UPCL,47,21,50,89.00,"4,450.00"
2019-07-14,2019071401003901,UPPER,29,33,50,270.00,"13,500.00"
2019-07-14,2019071401003900,UPPER,44,33,300,270.00,"81,000.00"
2019-07-14,2019071401003899,UPPER,52,33,20,270.00,"5,400.00"
2019-07-14,2019071401003893,UPPER,33,20,10,271.00,"2,710.00"
2019-07-14,2019071401003877,UPPER,52,39,30,270.00,"8,100.00"
2019-07-14,2019071401003470,UPPER,44,19,400,270.00,"108,000.00"
2019-07-14,2019071401003464,UPPER,44,21,30,270.00,"8,100.00"
2019-07-14,2019071401003453,UPPER,44,22,150,270.00,"40,500.00"
2019-07-14,2019071401003452,UPPER,44,52,50,270.00,"13,500.00"
2019-07-14,2019071401003603,UPPER,40,45,50,270.00,"13,500.00"
2019-07-14,2019071401003588,UPPER,44,16,50,270.00,"13,500.00"
2019-07-14,2019071401003558,UPPER,44,21,500,270.00,"135,000.00"
2019-07-14,2019071401003511,UPPER,44,32,268,270.00,"72,360.00"
2019-07-14,2019071401003510,UPPER,44,11,500,270.00,"135,000.00"
2019-07-14,2019071401003488,UPPER,44,40,50,270.00,"13,500.00"
2019-07-14,2019071401003693,UPPER,29,56,160,270.00,"43,200.00"
2019-07-14,2019071401003687,UPPER,29,52,50,270.00,"13,500.00"
2019-07-14,2019071401003686,UPPER,29,6,50,270.00,"13,500.00"
2019-07-14,2019071401003665,UPPER,29,20,40,270.00,"10,800.00"
2019-07-14,2019071401003633,UPPER,29,49,50,270.00,"13,500.00"
2019-07-14,2019071401003604,UPPER,29,45,150,270.00,"40,500.00"
2019-07-14,2019071401003760,UPPER,50,35,"1,000",270.00,"270,000.00"
2019-07-14,2019071401003744,UPPER,50,40,700,270.00,"189,000.00"
2019-07-14,2019071401003699,UPPER,49,22,30,270.00,"8,100.00"
2019-07-14,2019071401003695,UPPER,49,56,470,270.00,"126,900.00"
2019-07-14,2019071401003694,UPPER,46,56,500,270.00,"135,000.00"
2019-07-14,2019071401003873,UPPER,52,46,30,270.00,"8,100.00"
2019-07-14,2019071401003864,UPPER,52,39,20,270.00,"5,400.00"
2019-07-14,2019071401003863,UPPER,50,39,20,270.00,"5,400.00"
2019-07-14,2019071401003853,UPPER,50,52,40,270.00,"10,800.00"
2019-07-14,2019071401003809,UPPER,50,45,200,270.00,"54,000.00"
2019-07-14,2019071401003808,UPPER,50,10,40,270.00,"10,800.00"
2019-07-14,2019071401003411,ADBL,29,14,305,406.00,"123,830.00"
2019-07-14,2019071401003391,ADBL,29,14,63,406.00,"25,578.00"
2019-07-14,2019071401003386,ADBL,29,49,600,406.00,"243,600.00"
2019-07-14,2019071401003215,ADBL,29,49,399,406.00,"161,994.00"
2019-07-14,2019071401003135,ADBL,29,46,80,406.00,"32,480.00"
2019-07-14,2019071401002973,ADBL,44,16,57,407.00,"23,199.00"
2019-07-14,2019071401002972,ADBL,44,46,83,407.00,"33,781.00"
2019-07-14,2019071401003104,AHPC,50,8,100,105.00,"10,500.00"
2019-07-14,2019071401003363,AKPL,32,49,50,178.00,"8,900.00"
2019-07-14,2019071401003362,AKPL,21,49,100,178.00,"17,800.00"
2019-07-14,2019071401003361,AKPL,8,49,100,178.00,"17,800.00"
2019-07-14,2019071401003360,AKPL,54,49,12,180.00,"2,160.00"
2019-07-14,2019071401003175,AKPL,54,59,13,180.00,"2,340.00"
2019-07-14,2019071401003072,AKPL,36,36,13,183.00,"2,379.00"
2019-07-14,2019071401003002,AKPL,54,38,129,180.00,"23,220.00"
2019-07-14,2019071401002931,AKPL,54,45,46,180.00,"8,280.00"
2019-07-14,2019071401003054,ALBSL,47,42,10,393.00,"3,930.00"
2019-07-14,2019071401002932,ALBSL,55,47,10,397.00,"3,970.00"
2019-07-14,2019071401003211,ALICL,59,8,100,387.00,"38,700.00"
2019-07-14,2019071401003210,ALICL,59,34,100,386.00,"38,600.00"
2019-07-14,2019071401003217,API,25,20,15,143.00,"2,145.00"
2019-07-14,2019071401003204,API,25,49,29,142.00,"4,118.00"
2019-07-14,2019071401003203,API,25,47,29,141.00,"4,089.00"
2019-07-14,2019071401003202,API,25,47,29,141.00,"4,089.00"
2019-07-14,2019071401003201,API,25,47,29,141.00,"4,089.00"
2019-07-14,2019071401003200,API,25,47,29,141.00,"4,089.00"
2019-07-14,2019071401003180,API,1,59,18,140.00,"2,520.00"
2019-07-14,2019071401002942,API,1,25,642,140.00,"89,880.00"
2019-07-14,2019071401003145,BOKL,51,49,43,255.00,"10,965.00"
2019-07-14,2019071401003066,BOKL,50,49,234,256.00,"59,904.00"
2019-07-14,2019071401002991,BOKL,50,38,50,256.00,"12,800.00"
2019-07-14,2019071401002935,BOKL,50,25,58,256.00,"14,848.00"
2019-07-14,2019071401002928,BOKL,50,33,158,256.00,"40,448.00"
2019-07-14,2019071401003149,BOKL,48,49,97,255.00,"24,735.00"
2019-07-14,2019071401003148,BOKL,58,49,100,255.00,"25,500.00"
2019-07-14,2019071401003147,BOKL,48,49,500,255.00,"127,500.00"
2019-07-14,2019071401003146,BOKL,40,49,100,255.00,"25,500.00"
2019-07-14,2019071401003330,BPCL,41,52,12,400.00,"4,800.00"
2019-07-14,2019071401003329,BPCL,50,52,10,401.00,"4,010.00"
2019-07-14,2019071401003077,BPCL,50,34,11,401.00,"4,411.00"
2019-07-14,2019071401003402,CBL,43,38,63,157.00,"9,891.00"
2019-07-14,2019071401003401,CBL,43,55,"1,000",157.00,"157,000.00"
2019-07-14,2019071401003400,CBL,43,58,"3,450",157.00,"541,650.00"
2019-07-14,2019071401003399,CBL,43,29,410,157.00,"64,370.00"
2019-07-14,2019071401003398,CBL,43,29,200,157.00,"31,400.00"
2019-07-14,2019071401003397,CBL,43,52,"4,000",157.00,"628,000.00"
2019-07-14,2019071401003396,CBL,43,49,77,157.00,"12,089.00"
2019-07-14,2019071401003383,CBL,25,49,"3,000",157.00,"471,000.00"
2019-07-14,2019071401003331,CBL,50,36,32,156.00,"4,992.00"
2019-07-14,2019071401003300,CBL,50,22,20,156.00,"3,120.00"
2019-07-14,2019071401003289,CBL,36,49,32,157.00,"5,024.00"
2019-07-14,2019071401003284,CBL,50,33,669,156.00,"104,364.00"
2019-07-14,2019071401003295,CCBL,57,22,20,176.00,"3,520.00"
2019-07-14,2019071401003178,CHCL,6,22,585,519.00,"303,615.00"
2019-07-14,2019071401003177,CHCL,6,44,198,519.00,"102,762.00"
2019-07-14,2019071401003086,CHL,35,34,10,87.00,870.00
2019-07-14,2019071401002962,CHL,35,34,10,87.00,870.00
2019-07-14,2019071401003264,CIT,32,32,20,"2,443.00","48,860.00"
2019-07-14,2019071401003292,CZBIL,28,33,120,222.00,"26,640.00"
2019-07-14,2019071401003258,CZBIL,46,22,100,223.00,"22,300.00"
2019-07-14,2019071401003089,CZBIL,28,45,200,222.00,"44,400.00"
2019-07-14,2019071401003008,CZBIL,29,22,100,223.00,"22,300.00"
2019-07-14,2019071401003333,DBBL,49,48,300,142.00,"42,600.00"
2019-07-14,2019071401003332,DBBL,49,42,"1,839",142.00,"261,138.00"
2019-07-14,2019071401002943,FMDBL,48,45,100,375.00,"37,500.00"
2019-07-14,2019071401003378,FOWAD,45,49,29,"1,311.00","38,019.00"
2019-07-14,2019071401003377,FOWAD,35,49,10,"1,312.00","13,120.00"
2019-07-14,2019071401003245,FOWAD,35,17,10,"1,313.00","13,130.00"
2019-07-14,2019071401002996,FOWAD,35,55,50,"1,314.00","65,700.00"
2019-07-14,2019071401002975,FOWAD,45,34,19,"1,311.00","24,909.00"
2019-07-14,2019071401003073,GBBL,43,43,7,223.00,"1,561.00"
2019-07-14,2019071401003013,GBBL,39,38,26,223.00,"5,798.00"
2019-07-14,2019071401002930,GBBL,39,14,"1,950",223.00,"434,850.00"
2019-07-14,2019071401002929,GBBL,45,14,200,224.00,"44,800.00"
2019-07-14,2019071401003101,GBLBS,22,34,10,338.00,"3,380.00"
2019-07-14,2019071401002982,GBLBS,22,34,10,338.00,"3,380.00"
2019-07-14,2019071401002922,GFCL,58,50,50,135.00,"6,750.00"
2019-07-14,2019071401003268,GHL,49,32,20,87.00,"1,740.00"
2019-07-14,2019071401003059,GHL,49,42,20,87.00,"1,740.00"
2019-07-14,2019071401003032,GHL,49,57,20,87.00,"1,740.00"
2019-07-14,2019071401003387,GILB,58,49,22,"1,220.00","26,840.00"
2019-07-14,2019071401003232,GILB,42,32,33,"1,225.00","40,425.00"
2019-07-14,2019071401003231,GILB,55,32,10,"1,230.00","12,300.00"
2019-07-14,2019071401003344,GLBSL,19,52,10,392.00,"3,920.00"
2019-07-14,2019071401003176,GLBSL,19,55,20,392.00,"7,840.00"
2019-07-14,2019071401003027,GLBSL,19,58,10,392.00,"3,920.00"
2019-07-14,2019071401003067,GLICL,52,51,100,466.00,"46,600.00"
2019-07-14,2019071401003241,GMFBS,36,58,10,440.00,"4,400.00"
2019-07-14,2019071401003240,GMFBS,36,19,10,439.00,"4,390.00"
2019-07-14,2019071401003239,GMFBS,36,34,10,439.00,"4,390.00"
2019-07-14,2019071401003238,GMFBS,36,17,10,437.00,"4,370.00"
2019-07-14,2019071401003237,GMFBS,36,17,10,435.00,"4,350.00"
2019-07-14,2019071401003235,GMFBS,43,16,10,434.00,"4,340.00"
2019-07-14,2019071401003328,HIDCL,26,59,61,161.00,"9,821.00"
2019-07-14,2019071401003166,HIDCL,26,3,61,161.00,"9,821.00"
2019-07-14,2019071401003081,HIDCL,26,52,245,161.00,"39,445.00"
2019-07-14,2019071401003356,HPPL,36,52,20,172.00,"3,440.00"
2019-07-14,2019071401002923,HPPL,36,14,10,172.00,"1,720.00"
2019-07-14,2019071401003271,HURJA,3,32,20,138.00,"2,760.00"
2019-07-14,2019071401003246,HURJA,3,16,20,138.00,"2,760.00"
2019-07-14,2019071401003214,HURJA,3,16,20,138.00,"2,760.00"
2019-07-14,2019071401003167,HURJA,3,55,60,138.00,"8,280.00"
2019-07-14,2019071401003040,HURJA,3,5,20,138.00,"2,760.00"
2019-07-14,2019071401003038,HURJA,3,58,20,138.00,"2,760.00"
2019-07-14,2019071401003001,HURJA,3,5,20,138.00,"2,760.00"
2019-07-14,2019071401002969,HURJA,3,5,20,138.00,"2,760.00"
2019-07-14,2019071401003421,ILBS,7,21,10,388.00,"3,880.00"
2019-07-14,2019071401003420,ILBS,7,21,10,388.00,"3,880.00"
2019-07-14,2019071401003419,ILBS,7,21,10,388.00,"3,880.00"
2019-07-14,2019071401003418,ILBS,7,21,10,388.00,"3,880.00"
2019-07-14,2019071401003417,ILBS,7,21,10,388.00,"3,880.00"
2019-07-14,2019071401003416,ILBS,7,21,10,388.00,"3,880.00"
2019-07-14,2019071401003031,ILBS,38,40,10,387.00,"3,870.00"
2019-07-14,2019071401003020,ILBS,29,21,10,388.00,"3,880.00"
2019-07-14,2019071401003009,ILBS,38,29,10,387.00,"3,870.00"
2019-07-14,2019071401003076,ILBS,29,21,10,388.00,"3,880.00"
2019-07-14,2019071401003071,ILBS,38,29,10,387.00,"3,870.00"
2019-07-14,2019071401003060,ILBS,38,40,10,387.00,"3,870.00"
2019-07-14,2019071401003058,ILBS,38,59,10,387.00,"3,870.00"
2019-07-14,2019071401003055,ILBS,38,40,10,387.00,"3,870.00"
2019-07-14,2019071401003048,ILBS,38,59,10,387.00,"3,870.00"
2019-07-14,2019071401003123,ILBS,38,39,10,387.00,"3,870.00"
2019-07-14,2019071401003117,ILBS,38,39,10,387.00,"3,870.00"
2019-07-14,2019071401003107,ILBS,38,39,10,387.00,"3,870.00"
2019-07-14,2019071401003103,ILBS,38,39,10,387.00,"3,870.00"
2019-07-14,2019071401003102,ILBS,38,25,10,387.00,"3,870.00"
2019-07-14,2019071401003088,ILBS,38,58,10,387.00,"3,870.00"
2019-07-14,2019071401003169,ILBS,58,52,10,387.00,"3,870.00"
2019-07-14,2019071401003168,ILBS,58,39,10,387.00,"3,870.00"
2019-07-14,2019071401003163,ILBS,38,39,10,387.00,"3,870.00"
2019-07-14,2019071401003144,ILBS,38,55,10,387.00,"3,870.00"
2019-07-14,2019071401003137,ILBS,38,39,10,387.00,"3,870.00"
2019-07-14,2019071401003134,ILBS,38,39,10,387.00,"3,870.00"
