Date,Transact. No.,Symbol,Buyer,Seller,Quantity,Rate,Amount
2020-08-23,2020082301016494,ACLBSL,34,6,30,714.00,"21,420.00"
2020-08-23,2020082301016493,ACLBSL,34,34,10,714.00,"7,140.00"
2020-08-23,2020082301016492,ACLBSL,34,40,10,713.00,"7,130.00"
2020-08-23,2020082301016491,ACLBSL,34,4,10,707.00,"7,070.00"
2020-08-23,2020082301016490,ACLBSL,34,14,20,707.00,"14,140.00"
2020-08-23,2020082301016489,ACLBSL,34,4,20,706.00,"14,120.00"
2020-08-23,2020082301016263,ACLBSL,34,11,84,699.00,"58,716.00"
2020-08-23,2020082301016262,ACLBSL,34,34,10,699.00,"6,990.00"
2020-08-23,2020082301016269,ACLBSL,34,26,10,700.00,"7,000.00"
2020-08-23,2020082301016268,ACLBSL,34,52,10,700.00,"7,000.00"
2020-08-23,2020082301016267,ACLBSL,34,42,10,700.00,"7,000.00"
2020-08-23,2020082301016266,ACLBSL,34,35,10,700.00,"7,000.00"
2020-08-23,2020082301016265,ACLBSL,34,35,10,700.00,"7,000.00"
2020-08-23,2020082301016264,ACLBSL,34,59,10,700.00,"7,000.00"
2020-08-23,2020082301016343,ACLBSL,34,58,10,704.00,"7,040.00"
2020-08-23,2020082301016274,ACLBSL,34,21,96,702.00,"67,392.00"
2020-08-23,2020082301016273,ACLBSL,34,29,10,702.00,"7,020.00"
2020-08-23,2020082301016272,ACLBSL,34,28,10,700.00,"7,000.00"
2020-08-23,2020082301016271,ACLBSL,34,42,10,700.00,"7,000.00"
2020-08-23,2020082301016270,ACLBSL,34,52,20,700.00,"14,000.00"
2020-08-23,2020082301016349,ACLBSL,34,46,10,706.00,"7,060.00"
2020-08-23,2020082301016348,ACLBSL,34,47,10,706.00,"7,060.00"
2020-08-23,2020082301016347,ACLBSL,34,34,107,705.00,"75,435.00"
2020-08-23,2020082301016346,ACLBSL,34,14,30,705.00,"21,150.00"
2020-08-23,2020082301016345,ACLBSL,34,45,10,705.00,"7,050.00"
2020-08-23,2020082301016344,ACLBSL,34,14,100,705.00,"70,500.00"
2020-08-23,2020082301016107,ADBL,6,45,40,414.00,"16,560.00"
2020-08-23,2020082301016106,ADBL,49,45,10,414.00,"4,140.00"
2020-08-23,2020082301016359,AHPC,44,6,600,93.00,"55,800.00"
2020-08-23,2020082301016413,AIL,51,58,10,482.00,"4,820.00"
2020-08-23,2020082301016358,AIL,51,45,20,482.00,"9,640.00"
2020-08-23,2020082301016357,AIL,51,40,10,482.00,"4,820.00"
2020-08-23,2020082301016356,AIL,51,42,10,482.00,"4,820.00"
2020-08-23,2020082301016355,AIL,51,29,10,482.00,"4,820.00"
2020-08-23,2020082301016354,AIL,51,35,10,482.00,"4,820.00"
2020-08-23,2020082301016353,AIL,51,58,10,482.00,"4,820.00"
2020-08-23,2020082301016352,AIL,51,58,10,482.00,"4,820.00"
2020-08-23,2020082301016351,AIL,51,48,220,482.00,"106,040.00"
2020-08-23,2020082301016350,AIL,51,19,90,482.00,"43,380.00"
2020-08-23,2020082301016235,AIL,5,19,10,482.00,"4,820.00"
2020-08-23,2020082301016447,API,56,54,50,109.00,"5,450.00"
2020-08-23,2020082301016093,API,37,4,16,107.00,"1,712.00"
2020-08-23,2020082301016462,BFC,37,58,10,102.00,"1,020.00"
2020-08-23,2020082301016233,BFC,37,58,30,102.00,"3,060.00"
2020-08-23,2020082301016132,BFC,8,58,38,104.00,"3,952.00"
2020-08-23,2020082301016507,BOKL,57,21,200,225.00,"45,000.00"
2020-08-23,2020082301016426,BOKL,34,45,10,226.00,"2,260.00"
2020-08-23,2020082301016425,BOKL,34,53,10,226.00,"2,260.00"
2020-08-23,2020082301016152,BOKL,57,4,114,224.00,"25,536.00"
2020-08-23,2020082301016502,BPCL,25,25,70,360.00,"25,200.00"
2020-08-23,2020082301016501,BPCL,47,25,170,360.00,"61,200.00"
2020-08-23,2020082301016500,BPCL,57,25,100,360.00,"36,000.00"
2020-08-23,2020082301016240,CBBL,58,56,97,"1,045.00","101,365.00"
2020-08-23,2020082301016464,CBL,58,14,10,144.00,"1,440.00"
2020-08-23,2020082301016370,CBL,43,44,180,143.00,"25,740.00"
2020-08-23,2020082301016421,CCBL,14,48,91,171.00,"15,561.00"
2020-08-23,2020082301016183,CHCL,45,49,43,391.00,"16,813.00"
2020-08-23,2020082301016182,CHCL,33,49,192,391.00,"75,072.00"
2020-08-23,2020082301016094,CHCL,40,37,200,394.00,"78,800.00"
2020-08-23,2020082301016574,CIT,45,14,10,"2,865.00","28,650.00"
2020-08-23,2020082301016540,CIT,14,38,100,"2,866.00","286,600.00"
2020-08-23,2020082301016533,CIT,22,45,65,"2,867.00","186,355.00"
2020-08-23,2020082301016439,CIT,35,14,10,"2,872.00","28,720.00"
2020-08-23,2020082301016305,CIT,25,42,10,"2,867.00","28,670.00"
2020-08-23,2020082301016304,CIT,8,42,22,"2,867.00","63,074.00"
2020-08-23,2020082301016303,CIT,5,42,10,"2,870.00","28,700.00"
2020-08-23,2020082301016283,CZBIL,34,34,30,193.00,"5,790.00"
2020-08-23,2020082301016285,DHPL,45,7,500,49.98,"24,990.00"
2020-08-23,2020082301016099,EBL,34,34,30,713.00,"21,390.00"
2020-08-23,2020082301016399,EIC,34,39,300,455.00,"136,500.00"
2020-08-23,2020082301016371,EIC,10,39,300,455.00,"136,500.00"
2020-08-23,2020082301016311,EIC,16,39,284,455.00,"129,220.00"
2020-08-23,2020082301016310,EIC,16,26,350,455.00,"159,250.00"
2020-08-23,2020082301016309,EIC,16,36,100,454.00,"45,400.00"
2020-08-23,2020082301016308,EIC,16,57,266,454.00,"120,764.00"
2020-08-23,2020082301016197,EIC,37,55,92,454.00,"41,768.00"
2020-08-23,2020082301016281,EIC,17,1,229,453.00,"103,737.00"
2020-08-23,2020082301016280,EIC,22,1,10,453.00,"4,530.00"
2020-08-23,2020082301016279,EIC,49,1,11,453.00,"4,983.00"
2020-08-23,2020082301016276,EIC,36,57,100,454.00,"45,400.00"
2020-08-23,2020082301016209,EIC,8,57,226,454.00,"102,604.00"
2020-08-23,2020082301016208,EIC,37,57,408,454.00,"185,232.00"
2020-08-23,2020082301016329,FMDBL,3,59,20,519.00,"10,380.00"
2020-08-23,2020082301016328,FMDBL,51,59,480,519.00,"249,120.00"
2020-08-23,2020082301016327,FMDBL,48,59,100,520.00,"52,000.00"
2020-08-23,2020082301016326,FMDBL,42,59,200,520.00,"104,000.00"
2020-08-23,2020082301016325,FMDBL,16,59,80,521.00,"41,680.00"
2020-08-23,2020082301016324,FMDBL,26,59,500,521.00,"260,500.00"
2020-08-23,2020082301016448,GBBL,4,25,158,234.00,"36,972.00"
2020-08-23,2020082301016294,GBBL,7,35,100,235.00,"23,500.00"
2020-08-23,2020082301016449,GBIME,7,42,"1,000",252.00,"252,000.00"
2020-08-23,2020082301016436,GBLBS,45,14,10,478.00,"4,780.00"
2020-08-23,2020082301016435,GBLBS,1,14,90,478.00,"43,020.00"
2020-08-23,2020082301016408,GBLBS,1,50,10,478.00,"4,780.00"
2020-08-23,2020082301016231,GBLBS,56,4,15,472.00,"7,080.00"
2020-08-23,2020082301016095,GBLBS,56,50,10,478.00,"4,780.00"
2020-08-23,2020082301016411,GGBSL,38,28,10,800.00,"8,000.00"
2020-08-23,2020082301016410,GGBSL,38,43,10,790.00,"7,900.00"
2020-08-23,2020082301016315,GGBSL,38,43,10,790.00,"7,900.00"
2020-08-23,2020082301016398,GILB,33,38,10,"1,200.00","12,000.00"
2020-08-23,2020082301016423,GLBSL,25,1,10,769.00,"7,690.00"
2020-08-23,2020082301016498,GLICL,58,50,50,482.00,"24,100.00"
2020-08-23,2020082301016497,GLICL,58,6,942,482.00,"454,044.00"
2020-08-23,2020082301016496,GLICL,58,37,50,480.00,"24,000.00"
2020-08-23,2020082301016414,GLICL,10,37,150,480.00,"72,000.00"
2020-08-23,2020082301016312,GLICL,14,6,58,482.00,"27,956.00"
2020-08-23,2020082301016229,GLICL,14,49,50,481.00,"24,050.00"
2020-08-23,2020082301016228,GLICL,14,14,501,481.00,"240,981.00"
2020-08-23,2020082301016227,GLICL,14,33,361,480.00,"173,280.00"
2020-08-23,2020082301016226,GLICL,14,26,30,480.00,"14,400.00"
2020-08-23,2020082301016115,GMFBS,35,45,10,752.00,"7,520.00"
2020-08-23,2020082301016340,GRDBL,41,4,50,113.00,"5,650.00"
2020-08-23,2020082301016430,GUFL,58,47,10,122.00,"1,220.00"
2020-08-23,2020082301016429,GUFL,58,25,50,120.00,"6,000.00"
2020-08-23,2020082301016417,HDL,44,45,60,"1,676.00","100,560.00"
2020-08-23,2020082301016527,HGI,38,41,10,429.00,"4,290.00"
2020-08-23,2020082301016275,HGI,53,58,400,426.00,"170,400.00"
2020-08-23,2020082301016128,HGI,37,58,100,427.00,"42,700.00"
2020-08-23,2020082301016117,HGI,19,6,10,428.00,"4,280.00"
2020-08-23,2020082301016116,HGI,56,6,150,428.00,"64,200.00"
2020-08-23,2020082301016463,HPPL,16,4,10,135.00,"1,350.00"
2020-08-23,2020082301016400,ICFC,49,16,110,173.00,"19,030.00"
2020-08-23,2020082301016521,ILBS,16,57,20,725.00,"14,500.00"
2020-08-23,2020082301016361,KBL,26,13,390,184.00,"71,760.00"
2020-08-23,2020082301016318,KBL,38,13,10,184.00,"1,840.00"
2020-08-23,2020082301016188,KBL,34,19,131,184.00,"24,104.00"
2020-08-23,2020082301016573,KMCDB,17,17,10,726.00,"7,260.00"
2020-08-23,2020082301016302,KPCL,25,50,10,106.00,"1,060.00"
2020-08-23,2020082301016301,KPCL,25,42,10,105.00,"1,050.00"
2020-08-23,2020082301016300,KPCL,25,49,10,105.00,"1,050.00"
2020-08-23,2020082301016299,KPCL,25,41,10,105.00,"1,050.00"
2020-08-23,2020082301016298,KPCL,25,6,10,105.00,"1,050.00"
2020-08-23,2020082301016091,LBBL,59,7,347,181.00,"62,807.00"
2020-08-23,2020082301016386,LBL,38,41,48,227.00,"10,896.00"
2020-08-23,2020082301016535,LGIL,7,22,100,478.00,"47,800.00"
2020-08-23,2020082301016534,LGIL,7,44,10,478.00,"4,780.00"
2020-08-23,2020082301016488,LGIL,52,58,40,477.00,"19,080.00"
2020-08-23,2020082301016162,LGIL,48,44,80,478.00,"38,240.00"
2020-08-23,2020082301016090,LGIL,53,44,100,478.00,"47,800.00"
2020-08-23,2020082301016562,LICN,48,46,50,"1,476.00","73,800.00"
2020-08-23,2020082301016087,LICN,25,25,35,"1,475.00","51,625.00"
2020-08-23,2020082301016514,MBL,29,55,963,221.00,"212,823.00"
2020-08-23,2020082301016513,MBL,54,55,359,221.00,"79,339.00"
2020-08-23,2020082301016512,MBL,45,55,200,222.00,"44,400.00"
2020-08-23,2020082301016382,MBL,54,55,"1,141",221.00,"252,161.00"
2020-08-23,2020082301016381,MBL,57,55,300,221.00,"66,300.00"
2020-08-23,2020082301016380,MBL,10,55,170,221.00,"37,570.00"
2020-08-23,2020082301016379,MBL,1,55,50,222.00,"11,100.00"
2020-08-23,2020082301016378,MBL,14,55,20,222.00,"4,440.00"
2020-08-23,2020082301016377,MBL,4,55,319,222.00,"70,818.00"
2020-08-23,2020082301016215,MBL,33,55,10,224.00,"2,240.00"
2020-08-23,2020082301016319,MDB,25,10,150,328.00,"49,200.00"
2020-08-23,2020082301016214,MDB,39,48,27,326.00,"8,802.00"
2020-08-23,2020082301016213,MDB,11,48,50,326.00,"16,300.00"
2020-08-23,2020082301016212,MDB,20,48,100,326.00,"32,600.00"
2020-08-23,2020082301016211,MDB,20,48,60,326.00,"19,560.00"
2020-08-23,2020082301016102,MDB,38,10,100,328.00,"32,800.00"
2020-08-23,2020082301016539,MEGA,43,17,10,218.00,"2,180.00"
2020-08-23,2020082301016178,MEGA,4,49,"1,085",217.00,"235,445.00"
2020-08-23,2020082301016177,MEGA,55,49,200,217.00,"43,400.00"
2020-08-23,2020082301016176,MEGA,42,49,30,217.00,"6,510.00"
2020-08-23,2020082301016175,MEGA,46,49,500,217.00,"108,500.00"
2020-08-23,2020082301016174,MEGA,57,49,200,217.00,"43,400.00"
2020-08-23,2020082301016166,MEGA,13,50,99,217.00,"21,483.00"
2020-08-23,2020082301016173,MEGA,45,49,100,217.00,"21,700.00"
2020-08-23,2020082301016172,MEGA,8,49,"2,000",217.00,"434,000.00"
2020-08-23,2020082301016171,MEGA,13,49,100,217.00,"21,700.00"
2020-08-23,2020082301016170,MEGA,14,49,200,217.00,"43,400.00"
2020-08-23,2020082301016169,MEGA,6,49,"2,000",217.00,"434,000.00"
2020-08-23,2020082301016168,MEGA,6,49,77,217.00,"16,709.00"
2020-08-23,2020082301016341,MERO,56,46,10,640.00,"6,400.00"
2020-08-23,2020082301016505,MFIL,17,35,10,270.00,"2,700.00"
2020-08-23,2020082301016504,MFIL,42,35,20,270.00,"5,400.00"
2020-08-23,2020082301016503,MFIL,10,35,40,270.00,"10,800.00"
2020-08-23,2020082301016445,MHNL,47,19,980,80.00,"78,400.00"
2020-08-23,2020082301016444,MHNL,47,42,30,80.00,"2,400.00"
2020-08-23,2020082301016443,MHNL,47,49,40,80.00,"3,200.00"
2020-08-23,2020082301016442,MHNL,47,59,20,80.00,"1,600.00"
2020-08-23,2020082301016131,MLBL,38,16,10,191.00,"1,910.00"
2020-08-23,2020082301016428,MNBBL,26,47,200,318.00,"63,600.00"
2020-08-23,2020082301016511,NABIL,55,34,30,824.00,"24,720.00"
2020-08-23,2020082301016186,NABIL,22,34,78,824.00,"64,272.00"
2020-08-23,2020082301016185,NABIL,22,56,12,824.00,"9,888.00"
2020-08-23,2020082301016184,NABIL,22,43,60,824.00,"49,440.00"
2020-08-23,2020082301016155,NABIL,36,43,30,824.00,"24,720.00"
2020-08-23,2020082301016397,NADEP,36,25,23,600.00,"13,800.00"
2020-08-23,2020082301016396,NADEP,36,25,23,600.00,"13,800.00"
2020-08-23,2020082301016395,NADEP,36,25,23,600.00,"13,800.00"
2020-08-23,2020082301016394,NADEP,36,56,23,600.00,"13,800.00"
2020-08-23,2020082301016393,NADEP,36,44,500,598.00,"299,000.00"
2020-08-23,2020082301016392,NADEP,36,45,200,597.00,"119,400.00"
2020-08-23,2020082301016391,NADEP,36,1,90,596.00,"53,640.00"
2020-08-23,2020082301016402,NBB,49,42,120,195.00,"23,400.00"
2020-08-23,2020082301016223,NBB,49,29,294,195.00,"57,330.00"
2020-08-23,2020082301016119,NBF2,34,58,"2,500",9.50,"23,750.00"
2020-08-23,2020082301016118,NBF2,34,43,100,9.50,950.00
2020-08-23,2020082301016548,NBL,33,58,50,281.00,"14,050.00"
2020-08-23,2020082301016531,NBL,37,58,100,281.00,"28,100.00"
2020-08-23,2020082301016466,NBL,8,58,200,281.00,"56,200.00"
2020-08-23,2020082301016313,NBL,42,58,142,281.00,"39,902.00"
2020-08-23,2020082301016261,NBL,48,52,188,280.00,"52,640.00"
2020-08-23,2020082301016260,NBL,38,52,100,280.00,"28,000.00"
2020-08-23,2020082301016127,NBL,56,58,200,281.00,"56,200.00"
2020-08-23,2020082301016112,NBL,37,58,850,281.00,"238,850.00"
2020-08-23,2020082301016247,NBL,34,52,200,280.00,"56,000.00"
2020-08-23,2020082301016246,NBL,51,52,77,280.00,"21,560.00"
2020-08-23,2020082301016245,NBL,49,52,100,280.00,"28,000.00"
2020-08-23,2020082301016244,NBL,48,52,100,280.00,"28,000.00"
2020-08-23,2020082301016243,NBL,43,52,10,280.00,"2,800.00"
2020-08-23,2020082301016151,NBL,45,58,100,281.00,"28,100.00"
2020-08-23,2020082301016253,NBL,33,52,500,280.00,"140,000.00"
2020-08-23,2020082301016252,NBL,44,52,100,280.00,"28,000.00"
2020-08-23,2020082301016251,NBL,45,52,100,280.00,"28,000.00"
2020-08-23,2020082301016250,NBL,16,52,300,280.00,"84,000.00"
2020-08-23,2020082301016249,NBL,42,52,"1,000",280.00,"280,000.00"
2020-08-23,2020082301016248,NBL,16,52,25,280.00,"7,000.00"
2020-08-23,2020082301016259,NBL,47,52,100,280.00,"28,000.00"
2020-08-23,2020082301016258,NBL,45,52,100,280.00,"28,000.00"
2020-08-23,2020082301016257,NBL,32,52,500,280.00,"140,000.00"
2020-08-23,2020082301016256,NBL,47,52,300,280.00,"84,000.00"
2020-08-23,2020082301016255,NBL,17,52,100,280.00,"28,000.00"
2020-08-23,2020082301016254,NBL,34,52,100,280.00,"28,000.00"
2020-08-23,2020082301016576,NCCB,37,38,100,190.00,"19,000.00"
2020-08-23,2020082301016575,NCCB,37,53,399,190.00,"75,810.00"
2020-08-23,2020082301016568,NCCB,58,53,10,190.00,"1,900.00"
2020-08-23,2020082301016234,NCCB,59,29,"2,105",189.00,"397,845.00"
2020-08-23,2020082301016125,NCCB,33,53,10,190.00,"1,900.00"
2020-08-23,2020082301016321,NHPC,28,45,700,53.00,"37,100.00"
2020-08-23,2020082301016320,NHPC,28,16,100,53.00,"5,300.00"
2020-08-23,2020082301016191,NHPC,49,49,300,53.00,"15,900.00"
2020-08-23,2020082301016389,NIB,38,14,93,417.00,"38,781.00"
2020-08-23,2020082301016388,NIB,3,14,225,417.00,"93,825.00"
2020-08-23,2020082301016387,NIB,32,14,32,417.00,"13,344.00"
2020-08-23,2020082301016565,NICA,36,34,18,565.00,"10,170.00"
2020-08-23,2020082301016564,NICA,36,28,51,564.00,"28,764.00"
2020-08-23,2020082301016337,NICA,34,28,15,564.00,"8,460.00"
2020-08-23,2020082301016336,NICA,42,28,34,564.00,"19,176.00"
2020-08-23,2020082301016563,NICL,21,36,100,484.00,"48,400.00"
2020-08-23,2020082301016487,NICL,21,57,150,484.00,"72,600.00"
2020-08-23,2020082301016486,NICL,49,57,500,484.00,"242,000.00"
2020-08-23,2020082301016485,NICL,48,57,50,484.00,"24,200.00"
2020-08-23,2020082301016484,NICL,11,57,150,484.00,"72,600.00"
2020-08-23,2020082301016483,NICL,55,57,150,484.00,"72,600.00"
2020-08-23,2020082301016113,NICL,35,50,100,485.00,"48,500.00"
2020-08-23,2020082301016475,NICL,55,17,50,484.00,"24,200.00"
2020-08-23,2020082301016474,NICL,59,17,50,484.00,"24,200.00"
2020-08-23,2020082301016239,NICL,25,50,50,485.00,"24,250.00"
2020-08-23,2020082301016196,NICL,59,45,40,484.00,"19,360.00"
2020-08-23,2020082301016135,NICL,1,50,100,485.00,"48,500.00"
2020-08-23,2020082301016579,NIL,59,4,10,726.00,"7,260.00"
2020-08-23,2020082301016578,NIL,45,4,20,726.00,"14,520.00"
2020-08-23,2020082301016577,NIL,25,4,10,726.00,"7,260.00"
2020-08-23,2020082301016427,NIL,32,36,100,725.00,"72,500.00"
2020-08-23,2020082301016407,NIL,32,11,50,725.00,"36,250.00"
2020-08-23,2020082301016278,NIL,45,17,200,726.00,"145,200.00"
2020-08-23,2020082301016097,NIL,32,38,44,725.00,"31,900.00"
2020-08-23,2020082301016088,NIL,32,50,56,725.00,"40,600.00"
2020-08-23,2020082301016085,NIL,32,36,400,725.00,"290,000.00"
2020-08-23,2020082301016277,NIL,45,50,427,726.00,"310,002.00"
2020-08-23,2020082301016237,NIL,32,28,200,725.00,"145,000.00"
2020-08-23,2020082301016236,NIL,35,38,98,725.00,"71,050.00"
2020-08-23,2020082301016150,NIL,16,39,400,724.00,"289,600.00"
2020-08-23,2020082301016145,NIL,34,38,58,725.00,"42,050.00"
2020-08-23,2020082301016129,NIL,16,29,30,724.00,"21,720.00"
2020-08-23,2020082301016558,NLG,49,38,20,701.00,"14,020.00"
2020-08-23,2020082301016557,NLG,49,58,80,700.00,"56,000.00"
2020-08-23,2020082301016556,NLG,49,4,56,700.00,"39,200.00"
2020-08-23,2020082301016555,NLG,49,38,100,700.00,"70,000.00"
2020-08-23,2020082301016554,NLG,49,53,200,700.00,"140,000.00"
2020-08-23,2020082301016553,NLG,49,6,20,700.00,"14,000.00"
2020-08-23,2020082301016187,NLG,57,25,90,698.00,"62,820.00"
2020-08-23,2020082301016517,NLG,51,10,324,696.00,"225,504.00"
2020-08-23,2020082301016516,NLG,16,10,300,696.00,"208,800.00"
2020-08-23,2020082301016515,NLG,51,10,876,697.00,"610,572.00"
2020-08-23,2020082301016552,NLG,49,29,73,700.00,"51,100.00"
2020-08-23,2020082301016551,NLG,49,19,200,700.00,"140,000.00"
2020-08-23,2020082301016550,NLG,49,38,50,697.00,"34,850.00"
2020-08-23,2020082301016524,NLG,51,29,17,700.00,"11,900.00"
2020-08-23,2020082301016523,NLG,51,51,35,699.00,"24,465.00"
2020-08-23,2020082301016522,NLG,51,25,168,698.00,"117,264.00"
2020-08-23,2020082301016451,NLIC,57,4,50,"1,362.00","68,100.00"
2020-08-23,2020082301016450,NLIC,16,4,200,"1,362.00","272,400.00"
2020-08-23,2020082301016438,NLIC,54,4,228,"1,362.00","310,536.00"
2020-08-23,2020082301016383,NLIC,54,42,100,"1,362.00","136,200.00"
2020-08-23,2020082301016241,NLIC,14,29,80,"1,364.00","109,120.00"
2020-08-23,2020082301016181,NLIC,54,44,172,"1,362.00","234,264.00"
2020-08-23,2020082301016180,NLIC,57,44,100,"1,363.00","136,300.00"
2020-08-23,2020082301016179,NLIC,35,44,28,"1,363.00","38,164.00"
2020-08-23,2020082301016101,NLIC,16,29,11,"1,364.00","15,004.00"
2020-08-23,2020082301016096,NLIC,49,4,14,"1,365.00","19,110.00"
2020-08-23,2020082301016089,NLIC,49,4,200,"1,365.00","273,000.00"
2020-08-23,2020082301016086,NLIC,16,14,11,"1,364.00","15,004.00"
2020-08-23,2020082301016446,NLICL,48,35,158,685.00,"108,230.00"
2020-08-23,2020082301016222,NLICL,48,22,100,685.00,"68,500.00"
2020-08-23,2020082301016221,NLICL,48,25,100,685.00,"68,500.00"
2020-08-23,2020082301016220,NLICL,48,28,80,685.00,"54,800.00"
2020-08-23,2020082301016219,NLICL,48,57,100,684.00,"68,400.00"
2020-08-23,2020082301016218,NLICL,48,22,100,683.00,"68,300.00"
2020-08-23,2020082301016217,NLICL,48,22,282,683.00,"192,606.00"
2020-08-23,2020082301016216,NLICL,48,55,80,682.00,"54,560.00"
2020-08-23,2020082301016199,NLICL,49,55,20,682.00,"13,640.00"
2020-08-23,2020082301016130,NLICL,7,57,100,681.00,"68,100.00"
2020-08-23,2020082301016476,NMB,45,43,100,413.00,"41,300.00"
2020-08-23,2020082301016297,NMB,25,43,10,413.00,"4,130.00"
2020-08-23,2020082301016296,NMBMF,11,57,50,733.00,"36,650.00"
2020-08-23,2020082301016541,NRIC,6,29,551,596.00,"328,396.00"
2020-08-23,2020082301016495,NRIC,6,6,100,596.00,"59,600.00"
2020-08-23,2020082301016472,NRIC,28,38,100,595.00,"59,500.00"
2020-08-23,2020082301016420,NRIC,28,33,"1,110",595.00,"660,450.00"
2020-08-23,2020082301016419,NRIC,58,33,100,595.00,"59,500.00"
2020-08-23,2020082301016418,NRIC,7,33,40,595.00,"23,800.00"
2020-08-23,2020082301016098,NRIC,41,17,30,595.00,"17,850.00"
2020-08-23,2020082301016084,NRIC,33,29,449,598.00,"268,502.00"
2020-08-23,2020082301016083,NRIC,33,49,40,598.00,"23,920.00"
2020-08-23,2020082301016082,NRIC,33,58,50,598.00,"29,900.00"
2020-08-23,2020082301016081,NRIC,33,14,30,598.00,"17,940.00"
2020-08-23,2020082301016080,NRIC,33,50,350,598.00,"209,300.00"
2020-08-23,2020082301016373,NRIC,39,51,40,596.00,"23,840.00"
2020-08-23,2020082301016372,NRIC,39,57,100,596.00,"59,600.00"
2020-08-23,2020082301016360,NRIC,41,54,100,595.00,"59,500.00"
2020-08-23,2020082301016323,NRIC,41,34,150,595.00,"89,250.00"
2020-08-23,2020082301016322,NRIC,41,26,"1,000",595.00,"595,000.00"
2020-08-23,2020082301016161,NRIC,25,36,100,597.00,"59,700.00"
2020-08-23,2020082301016416,NRIC,54,36,"1,000",597.00,"597,000.00"
2020-08-23,2020082301016404,NRIC,7,45,50,595.00,"29,750.00"
2020-08-23,2020082301016384,NRIC,36,36,"1,000",597.00,"597,000.00"
2020-08-23,2020082301016376,NRIC,7,8,10,595.00,"5,950.00"
2020-08-23,2020082301016375,NRIC,41,8,30,595.00,"17,850.00"
2020-08-23,2020082301016374,NRIC,39,36,860,597.00,"513,420.00"
2020-08-23,2020082301016385,NTC,16,22,123,663.00,"81,549.00"
2020-08-23,2020082301016238,NTC,13,22,77,663.00,"51,051.00"
2020-08-23,2020082301016499,OHL,58,57,20,352.00,"7,040.00"
2020-08-23,2020082301016367,OHL,58,51,15,346.00,"5,190.00"
2020-08-23,2020082301016366,OHL,58,28,137,346.00,"47,402.00"
2020-08-23,2020082301016365,OHL,58,1,300,346.00,"103,800.00"
2020-08-23,2020082301016364,OHL,58,45,290,346.00,"100,340.00"
2020-08-23,2020082301016363,OHL,58,45,50,345.00,"17,250.00"
2020-08-23,2020082301016242,OHL,58,45,280,346.00,"96,880.00"
2020-08-23,2020082301016160,PCBL,29,43,100,274.00,"27,400.00"
2020-08-23,2020082301016159,PCBL,29,34,731,274.00,"200,294.00"
2020-08-23,2020082301016158,PCBL,29,38,436,274.00,"119,464.00"
2020-08-23,2020082301016157,PCBL,29,42,50,273.00,"13,650.00"
2020-08-23,2020082301016156,PCBL,29,51,183,273.00,"49,959.00"
2020-08-23,2020082301016572,PIC,58,56,90,696.00,"62,640.00"
2020-08-23,2020082301016571,PIC,58,3,20,696.00,"13,920.00"
2020-08-23,2020082301016570,PIC,58,6,290,696.00,"201,840.00"
2020-08-23,2020082301016547,PIC,10,57,100,695.00,"69,500.00"
2020-08-23,2020082301016538,PIC,10,32,10,695.00,"6,950.00"
2020-08-23,2020082301016537,PIC,10,19,472,695.00,"328,040.00"
2020-08-23,2020082301016126,PIC,58,48,30,695.00,"20,850.00"
2020-08-23,2020082301016108,PIC,58,8,20,694.00,"13,880.00"
2020-08-23,2020082301016205,PIC,16,19,28,695.00,"19,460.00"
2020-08-23,2020082301016204,PIC,16,32,67,695.00,"46,565.00"
2020-08-23,2020082301016203,PIC,16,1,20,695.00,"13,900.00"
2020-08-23,2020082301016202,PIC,16,1,100,695.00,"69,500.00"
2020-08-23,2020082301016201,PIC,16,48,785,695.00,"545,575.00"
2020-08-23,2020082301016144,PIC,58,10,50,694.00,"34,700.00"
2020-08-23,2020082301016536,PIC,10,58,373,694.00,"258,862.00"
2020-08-23,2020082301016479,PIC,58,58,77,694.00,"53,438.00"
2020-08-23,2020082301016478,PIC,58,51,63,694.00,"43,722.00"
2020-08-23,2020082301016477,PIC,58,14,220,694.00,"152,680.00"
2020-08-23,2020082301016440,PIC,7,14,50,694.00,"34,700.00"
2020-08-23,2020082301016292,PIC,58,14,30,694.00,"20,820.00"
2020-08-23,2020082301016441,PICL,28,10,10,481.00,"4,810.00"
2020-08-23,2020082301016137,PICL,28,33,180,480.00,"86,400.00"
2020-08-23,2020082301016136,PICL,28,42,200,480.00,"96,000.00"
2020-08-23,2020082301016154,PLIC,58,50,10,569.00,"5,690.00"
2020-08-23,2020082301016153,PPCL,14,13,30,114.00,"3,420.00"
2020-08-23,2020082301016566,PRIN,4,25,19,538.00,"10,222.00"
2020-08-23,2020082301016545,PRIN,38,25,391,538.00,"210,358.00"
2020-08-23,2020082301016544,PRIN,38,59,100,538.00,"53,800.00"
2020-08-23,2020082301016543,PRIN,38,33,500,538.00,"269,000.00"
2020-08-23,2020082301016542,PRIN,38,48,100,538.00,"53,800.00"
2020-08-23,2020082301016530,PRIN,3,49,50,537.00,"26,850.00"
2020-08-23,2020082301016409,PRIN,36,45,50,535.00,"26,750.00"
2020-08-23,2020082301016342,PRIN,38,58,350,536.00,"187,600.00"
2020-08-23,2020082301016307,PRIN,36,51,80,535.00,"42,800.00"
2020-08-23,2020082301016291,PRIN,58,36,50,535.00,"26,750.00"
2020-08-23,2020082301016143,PRIN,58,51,100,535.00,"53,500.00"
2020-08-23,2020082301016529,PRIN,3,58,22,537.00,"11,814.00"
2020-08-23,2020082301016454,PRIN,3,51,103,537.00,"55,311.00"
2020-08-23,2020082301016453,PRIN,3,59,20,537.00,"10,740.00"
2020-08-23,2020082301016452,PRIN,3,36,150,537.00,"80,550.00"
2020-08-23,2020082301016424,PRIN,4,58,41,536.00,"21,976.00"
2020-08-23,2020082301016422,PRIN,36,56,22,535.00,"11,770.00"
2020-08-23,2020082301016546,PRVU,25,47,225,225.00,"50,625.00"
2020-08-23,2020082301016437,PRVU,25,50,70,225.00,"15,750.00"
2020-08-23,2020082301016401,PRVU,33,29,100,226.00,"22,600.00"
2020-08-23,2020082301016362,PRVU,25,36,295,225.00,"66,375.00"
2020-08-23,2020082301016167,PRVU,17,36,500,226.00,"113,000.00"
2020-08-23,2020082301016467,RBCLPO,35,51,10,"8,649.00","86,490.00"
2020-08-23,2020082301016200,RHPL,55,57,10,146.00,"1,460.00"
2020-08-23,2020082301016473,RMDC,34,34,50,764.00,"38,200.00"
2020-08-23,2020082301016434,RMDC,37,56,33,765.00,"25,245.00"
2020-08-23,2020082301016433,RMDC,37,21,15,765.00,"11,475.00"
2020-08-23,2020082301016432,RMDC,37,25,15,765.00,"11,475.00"
2020-08-23,2020082301016431,RMDC,37,17,37,765.00,"28,305.00"
2020-08-23,2020082301016295,RMDC,34,17,50,765.00,"38,250.00"
2020-08-23,2020082301016230,RMDC,48,48,119,758.00,"90,202.00"
2020-08-23,2020082301016509,RSDC,21,58,184,492.00,"90,528.00"
2020-08-23,2020082301016508,RSDC,52,58,20,493.00,"9,860.00"
2020-08-23,2020082301016468,RSDC,21,16,26,492.00,"12,792.00"
2020-08-23,2020082301016114,SABSL,56,56,1,745.00,745.00
2020-08-23,2020082301016369,SADBL,38,29,10,145.00,"1,450.00"
2020-08-23,2020082301016232,SADBL,59,44,"2,990",144.00,"430,560.00"
2020-08-23,2020082301016335,SANIMA,7,11,30,334.00,"10,020.00"
2020-08-23,2020082301016105,SANIMA,38,11,70,334.00,"23,380.00"
2020-08-23,2020082301016104,SANIMA,38,41,30,334.00,"10,020.00"
2020-08-23,2020082301016561,SBI,25,57,85,417.00,"35,445.00"
2020-08-23,2020082301016560,SBI,25,49,15,417.00,"6,255.00"
2020-08-23,2020082301016559,SBI,25,33,100,417.00,"41,700.00"
2020-08-23,2020082301016100,SBI,25,18,40,415.00,"16,600.00"
2020-08-23,2020082301016518,SBL,13,55,50,295.00,"14,750.00"
2020-08-23,2020082301016482,SDLBSL,42,39,10,822.00,"8,220.00"
2020-08-23,2020082301016412,SDLBSL,42,6,10,822.00,"8,220.00"
2020-08-23,2020082301016338,SDLBSL,45,39,10,823.00,"8,230.00"
2020-08-23,2020082301016225,SDLBSL,56,1,10,828.00,"8,280.00"
2020-08-23,2020082301016224,SDLBSL,56,26,10,825.00,"8,250.00"
2020-08-23,2020082301016207,SDLBSL,42,39,10,822.00,"8,220.00"
2020-08-23,2020082301016149,SDLBSL,21,39,10,822.00,"8,220.00"
2020-08-23,2020082301016142,SDLBSL,21,43,10,822.00,"8,220.00"
2020-08-23,2020082301016510,SHIVM,17,25,50,631.00,"31,550.00"
2020-08-23,2020082301016506,SHIVM,58,35,50,634.00,"31,700.00"
2020-08-23,2020082301016481,SHIVM,55,35,100,634.00,"63,400.00"
2020-08-23,2020082301016480,SHIVM,55,34,100,632.00,"63,200.00"
2020-08-23,2020082301016333,SHIVM,58,42,50,633.00,"31,650.00"
2020-08-23,2020082301016332,SHIVM,58,51,100,633.00,"63,300.00"
2020-08-23,2020082301016331,SHIVM,58,44,48,632.00,"30,336.00"
2020-08-23,2020082301016314,SHIVM,17,33,90,631.00,"56,790.00"
2020-08-23,2020082301016306,SHIVM,17,25,40,631.00,"25,240.00"
2020-08-23,2020082301016287,SHIVM,55,44,100,632.00,"63,200.00"
2020-08-23,2020082301016330,SHL,10,34,500,157.00,"78,500.00"
2020-08-23,2020082301016567,SHPC,51,34,50,227.00,"11,350.00"
2020-08-23,2020082301016368,SIC,55,55,40,803.00,"32,120.00"
2020-08-23,2020082301016198,SIC,55,39,10,803.00,"8,030.00"
2020-08-23,2020082301016569,SICL,25,28,50,"1,240.00","62,000.00"
2020-08-23,2020082301016415,SKBBL,33,38,100,"1,280.00","128,000.00"
2020-08-23,2020082301016141,SKBBL,33,14,800,"1,280.00","1,024,000.00"
2020-08-23,2020082301016140,SKBBL,33,25,17,"1,280.00","21,760.00"
2020-08-23,2020082301016139,SKBBL,33,17,68,"1,280.00","87,040.00"
2020-08-23,2020082301016138,SKBBL,33,26,200,"1,278.00","255,600.00"
2020-08-23,2020082301016210,SLBBL,45,3,21,808.00,"16,968.00"
2020-08-23,2020082301016528,SLBS,29,13,10,918.00,"9,180.00"
2020-08-23,2020082301016148,SLBSL,4,29,30,775.00,"23,250.00"
2020-08-23,2020082301016147,SLBSL,4,50,10,772.00,"7,720.00"
2020-08-23,2020082301016146,SLBSL,4,25,10,770.00,"7,700.00"
2020-08-23,2020082301016520,SLICL,11,34,150,470.00,"70,500.00"
2020-08-23,2020082301016519,SLICL,11,28,50,469.00,"23,450.00"
2020-08-23,2020082301016471,SLICL,29,28,50,469.00,"23,450.00"
2020-08-23,2020082301016406,SLICL,45,28,200,469.00,"93,800.00"
2020-08-23,2020082301016405,SLICL,35,28,593,469.00,"278,117.00"
2020-08-23,2020082301016390,SLICL,35,49,100,469.00,"46,900.00"
2020-08-23,2020082301016110,SLICL,36,38,150,470.00,"70,500.00"
2020-08-23,2020082301016109,SLICL,36,21,145,470.00,"68,150.00"
2020-08-23,2020082301016165,SLICL,7,17,23,470.00,"10,810.00"
2020-08-23,2020082301016124,SLICL,14,17,220,470.00,"103,400.00"
2020-08-23,2020082301016123,SLICL,14,51,285,470.00,"133,950.00"
2020-08-23,2020082301016122,SLICL,14,45,400,470.00,"188,000.00"
2020-08-23,2020082301016121,SLICL,14,58,95,470.00,"44,650.00"
2020-08-23,2020082301016111,SLICL,36,58,205,470.00,"96,350.00"
2020-08-23,2020082301016195,SLICL,52,34,33,470.00,"15,510.00"
2020-08-23,2020082301016194,SLICL,52,45,10,470.00,"4,700.00"
2020-08-23,2020082301016193,SLICL,52,57,100,470.00,"47,000.00"
2020-08-23,2020082301016192,SLICL,52,17,57,470.00,"26,790.00"
2020-08-23,2020082301016190,SLICL,32,16,175,469.00,"82,075.00"
2020-08-23,2020082301016189,SLICL,36,16,25,469.00,"11,725.00"
2020-08-23,2020082301016334,SLICL,35,13,60,469.00,"28,140.00"
2020-08-23,2020082301016293,SLICL,35,11,200,469.00,"93,800.00"
2020-08-23,2020082301016290,SLICL,35,19,47,469.00,"22,043.00"
2020-08-23,2020082301016289,SLICL,26,19,"1,000",469.00,"469,000.00"
2020-08-23,2020082301016288,SLICL,32,19,125,469.00,"58,625.00"
2020-08-23,2020082301016286,SLICL,26,34,500,470.00,"235,000.00"
2020-08-23,2020082301016526,SMFBS,55,29,10,891.00,"8,910.00"
2020-08-23,2020082301016525,SMFBS,55,47,10,891.00,"8,910.00"
2020-08-23,2020082301016206,SPDL,49,47,500,108.00,"54,000.00"
2020-08-23,2020082301016461,SRBL,57,33,477,224.00,"106,848.00"
2020-08-23,2020082301016460,SRBL,48,33,200,224.00,"44,800.00"
2020-08-23,2020082301016459,SRBL,44,33,74,224.00,"16,576.00"
2020-08-23,2020082301016458,SRBL,8,33,500,224.00,"112,000.00"
2020-08-23,2020082301016457,SRBL,55,33,250,224.00,"56,000.00"
2020-08-23,2020082301016456,SRBL,43,33,100,224.00,"22,400.00"
2020-08-23,2020082301016455,SRBL,44,33,899,224.00,"201,376.00"
2020-08-23,2020082301016339,SRBL,55,33,240,225.00,"54,000.00"
2020-08-23,2020082301016549,UIC,51,33,50,403.00,"20,150.00"
2020-08-23,2020082301016470,UIC,57,33,50,403.00,"20,150.00"
2020-08-23,2020082301016469,UIC,57,44,50,403.00,"20,150.00"
2020-08-23,2020082301016282,UIC,26,44,113,403.00,"45,539.00"
2020-08-23,2020082301016134,UIC,13,44,475,404.00,"191,900.00"
2020-08-23,2020082301016133,UIC,13,52,25,404.00,"10,100.00"
2020-08-23,2020082301016120,UIC,34,52,320,404.00,"129,280.00"
2020-08-23,2020082301016103,UIC,26,13,50,403.00,"20,150.00"
2020-08-23,2020082301016092,UPCL,36,26,20,72.00,"1,440.00"
2020-08-23,2020082301016532,UPPER,41,6,50,220.00,"11,000.00"
2020-08-23,2020082301016465,UPPER,41,6,50,220.00,"11,000.00"
2020-08-23,2020082301016403,UPPER,41,6,50,220.00,"11,000.00"
2020-08-23,2020082301016317,UPPER,41,6,40,220.00,"8,800.00"
2020-08-23,2020082301016316,UPPER,11,6,10,220.00,"2,200.00"
2020-08-23,2020082301016164,UPPER,25,40,50,221.00,"11,050.00"
2020-08-23,2020082301016163,UPPER,25,22,50,221.00,"11,050.00"
2020-08-23,2020082301016284,UPPER,11,6,50,220.00,"11,000.00"
2020-08-23,2020082301015958,ACLBSL,50,45,10,692.00,"6,920.00"
2020-08-23,2020082301015930,ACLBSL,39,47,30,695.00,"20,850.00"
2020-08-23,2020082301015845,ACLBSL,35,47,20,695.00,"13,900.00"
2020-08-23,2020082301015844,ACLBSL,35,4,70,695.00,"48,650.00"
2020-08-23,2020082301015843,ACLBSL,35,33,10,694.00,"6,940.00"
2020-08-23,2020082301015801,ACLBSL,50,56,35,692.00,"24,220.00"
2020-08-23,2020082301015993,ADBL,42,45,60,414.00,"24,840.00"
2020-08-23,2020082301015992,ADBL,40,45,20,414.00,"8,280.00"
2020-08-23,2020082301015991,ADBL,40,45,20,414.00,"8,280.00"
2020-08-23,2020082301015880,AHPC,44,6,720,93.00,"66,960.00"
2020-08-23,2020082301016066,AIL,47,19,400,482.00,"192,800.00"
2020-08-23,2020082301016065,AIL,47,55,100,482.00,"48,200.00"
2020-08-23,2020082301016036,AIL,49,28,10,481.00,"4,810.00"
2020-08-23,2020082301016035,AIL,49,49,240,481.00,"115,440.00"
2020-08-23,2020082301016034,AIL,49,6,10,480.00,"4,800.00"
2020-08-23,2020082301016011,AIL,14,38,10,479.00,"4,790.00"
2020-08-23,2020082301015612,AIL,14,25,10,480.00,"4,800.00"
2020-08-23,2020082301015611,AIL,14,49,10,480.00,"4,800.00"
2020-08-23,2020082301015610,AIL,14,22,10,480.00,"4,800.00"
2020-08-23,2020082301015609,AIL,14,29,10,480.00,"4,800.00"
2020-08-23,2020082301015608,AIL,14,29,20,479.00,"9,580.00"
2020-08-23,2020082301015647,AIL,49,28,10,480.00,"4,800.00"
2020-08-23,2020082301015646,AIL,49,25,10,480.00,"4,800.00"
2020-08-23,2020082301015645,AIL,49,6,110,480.00,"52,800.00"
2020-08-23,2020082301015615,AIL,35,55,10,477.00,"4,770.00"
2020-08-23,2020082301015614,AIL,14,6,120,480.00,"57,600.00"
2020-08-23,2020082301015613,AIL,14,42,20,480.00,"9,600.00"
2020-08-23,2020082301015653,AIL,49,49,100,480.00,"48,000.00"
2020-08-23,2020082301015652,AIL,49,17,10,480.00,"4,800.00"
2020-08-23,2020082301015651,AIL,49,40,100,480.00,"48,000.00"
2020-08-23,2020082301015650,AIL,49,36,10,480.00,"4,800.00"
2020-08-23,2020082301015649,AIL,49,41,10,480.00,"4,800.00"
2020-08-23,2020082301015648,AIL,49,34,10,480.00,"4,800.00"
2020-08-23,2020082301015659,AIL,49,34,10,481.00,"4,810.00"
2020-08-23,2020082301015658,AIL,49,42,10,481.00,"4,810.00"
2020-08-23,2020082301015657,AIL,49,4,30,481.00,"14,430.00"
2020-08-23,2020082301015656,AIL,49,16,200,480.00,"96,000.00"
2020-08-23,2020082301015655,AIL,49,41,10,480.00,"4,800.00"
2020-08-23,2020082301015654,AIL,49,53,10,480.00,"4,800.00"
2020-08-23,2020082301015665,AIL,49,32,10,481.00,"4,810.00"
2020-08-23,2020082301015664,AIL,49,33,10,481.00,"4,810.00"
2020-08-23,2020082301015663,AIL,49,5,100,481.00,"48,100.00"
2020-08-23,2020082301015662,AIL,49,49,10,481.00,"4,810.00"
2020-08-23,2020082301015661,AIL,49,57,60,481.00,"28,860.00"
2020-08-23,2020082301015660,AIL,49,58,10,481.00,"4,810.00"
2020-08-23,2020082301015923,AIL,14,1,10,479.00,"4,790.00"
2020-08-23,2020082301015881,AIL,14,55,10,479.00,"4,790.00"
2020-08-23,2020082301015876,AIL,26,47,10,480.00,"4,800.00"
2020-08-23,2020082301015870,AIL,26,6,10,480.00,"4,800.00"
2020-08-23,2020082301015773,AIL,7,40,10,480.00,"4,800.00"
2020-08-23,2020082301015666,AIL,49,49,660,481.00,"317,460.00"
2020-08-23,2020082301016032,AKPL,45,13,10,112.00,"1,120.00"
2020-08-23,2020082301016000,AKPL,44,53,13,112.00,"1,456.00"
2020-08-23,2020082301015750,ALBSL,49,52,27,670.00,"18,090.00"
2020-08-23,2020082301016029,ALICL,58,55,20,658.00,"13,160.00"
2020-08-23,2020082301015864,ALICL,57,36,150,657.00,"98,550.00"
2020-08-23,2020082301015812,ALICL,58,22,20,655.00,"13,100.00"
2020-08-23,2020082301015736,ALICL,1,36,50,657.00,"32,850.00"
2020-08-23,2020082301015892,API,25,54,120,109.00,"13,080.00"
2020-08-23,2020082301015891,API,25,17,300,108.00,"32,400.00"
2020-08-23,2020082301015873,API,54,17,100,108.00,"10,800.00"
2020-08-23,2020082301015772,API,10,17,100,108.00,"10,800.00"
2020-08-23,2020082301015771,API,10,42,12,108.00,"1,296.00"
2020-08-23,2020082301015770,API,10,37,16,108.00,"1,728.00"
2020-08-23,2020082301015757,API,39,37,100,108.00,"10,800.00"
2020-08-23,2020082301015632,BARUN,5,34,75,87.00,"6,525.00"
2020-08-23,2020082301015631,BARUN,5,14,45,87.00,"3,915.00"
2020-08-23,2020082301015630,BARUN,5,28,10,87.00,870.00
2020-08-23,2020082301015975,BFC,8,49,150,105.00,"15,750.00"
2020-08-23,2020082301015974,BFC,8,47,500,105.00,"52,500.00"
2020-08-23,2020082301015955,BFC,8,6,10,104.00,"1,040.00"
2020-08-23,2020082301015954,BFC,8,45,400,104.00,"41,600.00"
2020-08-23,2020082301015953,BFC,8,44,89,104.00,"9,256.00"
2020-08-23,2020082301015952,BFC,8,56,400,104.00,"41,600.00"
2020-08-23,2020082301015945,BFC,8,5,100,103.00,"10,300.00"
2020-08-23,2020082301015944,BFC,8,57,50,103.00,"5,150.00"
2020-08-23,2020082301015907,BFC,58,57,38,103.00,"3,914.00"
2020-08-23,2020082301015672,BFC,58,49,300,102.00,"30,600.00"
2020-08-23,2020082301015951,BFC,8,51,100,104.00,"10,400.00"
2020-08-23,2020082301015950,BFC,8,56,50,104.00,"5,200.00"
2020-08-23,2020082301015949,BFC,8,51,100,104.00,"10,400.00"
2020-08-23,2020082301015948,BFC,8,21,20,103.00,"2,060.00"
2020-08-23,2020082301015947,BFC,8,25,220,103.00,"22,660.00"
2020-08-23,2020082301015946,BFC,8,14,294,103.00,"30,282.00"
2020-08-23,2020082301015962,BOKL,57,45,556,224.00,"124,544.00"
2020-08-23,2020082301015961,BOKL,44,45,300,224.00,"67,200.00"
2020-08-23,2020082301015960,BOKL,1,45,144,225.00,"32,400.00"
2020-08-23,2020082301015973,CBBL,58,6,33,"1,045.00","34,485.00"
2020-08-23,2020082301015848,CBBL,55,6,97,"1,045.00","101,365.00"
2020-08-23,2020082301015847,CBBL,55,52,33,"1,043.00","34,419.00"
2020-08-23,2020082301016008,CBL,43,14,10,144.00,"1,440.00"
2020-08-23,2020082301015986,CCBL,14,37,119,171.00,"20,349.00"
2020-08-23,2020082301015985,CCBL,14,14,40,171.00,"6,840.00"
2020-08-23,2020082301015838,CCBL,7,34,"1,425",170.00,"242,250.00"
2020-08-23,2020082301015837,CCBL,17,34,500,170.00,"85,000.00"
2020-08-23,2020082301015836,CCBL,1,34,500,170.00,"85,000.00"
2020-08-23,2020082301015835,CCBL,29,34,100,170.00,"17,000.00"
2020-08-23,2020082301015834,CCBL,57,34,250,170.00,"42,500.00"
2020-08-23,2020082301015833,CCBL,10,34,501,170.00,"85,170.00"
2020-08-23,2020082301015587,CCBL,21,34,102,171.00,"17,442.00"
2020-08-23,2020082301016064,CIT,54,38,40,"2,873.00","114,920.00"
2020-08-23,2020082301016020,CIT,55,14,10,"2,874.00","28,740.00"
2020-08-23,2020082301015895,CIT,45,56,10,"2,873.00","28,730.00"
2020-08-23,2020082301015868,CIT,6,14,20,"2,874.00","57,480.00"
2020-08-23,2020082301015752,CIT,26,14,30,"2,874.00","86,220.00"
2020-08-23,2020082301015720,CIT,22,38,10,"2,870.00","28,700.00"
2020-08-23,2020082301015701,CIT,22,38,90,"2,870.00","258,300.00"
2020-08-23,2020082301015700,CIT,53,38,40,"2,870.00","114,800.00"
2020-08-23,2020082301015699,CIT,49,38,22,"2,871.00","63,162.00"
2020-08-23,2020082301015698,CIT,37,38,10,"2,872.00","28,720.00"
2020-08-23,2020082301015800,CZBIL,37,34,200,193.00,"38,600.00"
2020-08-23,2020082301015967,EIC,6,39,45,455.00,"20,475.00"
2020-08-23,2020082301015851,EIC,6,49,25,455.00,"11,375.00"
2020-08-23,2020082301015850,EIC,6,17,130,455.00,"59,150.00"
2020-08-23,2020082301015778,EIC,49,17,70,455.00,"31,850.00"
2020-08-23,2020082301015777,EIC,49,51,20,455.00,"9,100.00"
2020-08-23,2020082301015776,EIC,49,41,110,455.00,"50,050.00"
2020-08-23,2020082301015621,EIC,37,41,100,455.00,"45,500.00"
2020-08-23,2020082301015605,EIC,8,34,50,454.00,"22,700.00"
2020-08-23,2020082301015583,EIC,8,35,10,454.00,"4,540.00"
2020-08-23,2020082301015933,FMDBL,57,57,22,525.00,"11,550.00"
2020-08-23,2020082301015594,FMDBL,57,49,400,525.00,"210,000.00"
2020-08-23,2020082301015593,FMDBL,57,48,50,525.00,"26,250.00"
2020-08-23,2020082301015592,FMDBL,57,46,200,525.00,"105,000.00"
2020-08-23,2020082301015591,FMDBL,57,59,200,525.00,"105,000.00"
2020-08-23,2020082301015590,FMDBL,57,45,17,524.00,"8,908.00"
2020-08-23,2020082301015589,FMDBL,57,45,100,524.00,"52,400.00"
2020-08-23,2020082301015815,FOWAD,54,17,200,"1,518.00","303,600.00"
2020-08-23,2020082301015788,FOWAD,19,45,10,"1,508.00","15,080.00"
2020-08-23,2020082301015753,FOWAD,26,45,48,"1,510.00","72,480.00"
2020-08-23,2020082301015677,FOWAD,54,35,19,"1,515.00","28,785.00"
2020-08-23,2020082301015676,FOWAD,54,14,10,"1,515.00","15,150.00"
2020-08-23,2020082301015936,GBBL,4,50,20,234.00,"4,680.00"
2020-08-23,2020082301015818,GBBL,4,5,50,234.00,"11,700.00"
2020-08-23,2020082301015896,GBIME,42,42,161,252.00,"40,572.00"
2020-08-23,2020082301015882,GBIME,13,42,100,252.00,"25,200.00"
2020-08-23,2020082301015830,GBIME,48,34,213,251.00,"53,463.00"
2020-08-23,2020082301015829,GBIME,40,34,"1,500",251.00,"376,500.00"
2020-08-23,2020082301015828,GBIME,25,34,100,251.00,"25,100.00"
2020-08-23,2020082301015827,GBIME,29,34,700,251.00,"175,700.00"
2020-08-23,2020082301015826,GBIME,22,34,100,251.00,"25,100.00"
2020-08-23,2020082301015825,GBIME,34,34,100,251.00,"25,100.00"
2020-08-23,2020082301015824,GBIME,45,34,187,251.00,"46,937.00"
2020-08-23,2020082301015966,GBLBS,56,19,15,476.00,"7,140.00"
2020-08-23,2020082301015965,GBLBS,56,29,374,476.00,"178,024.00"
2020-08-23,2020082301015626,GBLBS,58,29,116,476.00,"55,216.00"
2020-08-23,2020082301015929,GGBSL,55,36,10,785.00,"7,850.00"
2020-08-23,2020082301015841,GILB,44,38,20,"1,197.00","23,940.00"
2020-08-23,2020082301015840,GILB,44,16,100,"1,195.00","119,500.00"
2020-08-23,2020082301015839,GILB,44,14,50,"1,188.00","59,400.00"
2020-08-23,2020082301015625,GILB,44,47,35,"1,183.00","41,405.00"
2020-08-23,2020082301015897,GLICL,58,57,400,479.00,"191,600.00"
2020-08-23,2020082301015886,GLICL,58,35,14,479.00,"6,706.00"
2020-08-23,2020082301015885,GLICL,58,56,10,479.00,"4,790.00"
2020-08-23,2020082301015884,GLICL,58,57,48,479.00,"22,992.00"
2020-08-23,2020082301015883,GLICL,58,6,100,479.00,"47,900.00"
2020-08-23,2020082301015603,GRDBL,39,17,30,114.00,"3,420.00"
2020-08-23,2020082301016022,HBL,28,37,70,548.00,"38,360.00"
2020-08-23,2020082301016021,HBL,28,26,30,548.00,"16,440.00"
2020-08-23,2020082301015729,HDL,56,29,200,"1,677.00","335,400.00"
2020-08-23,2020082301015857,HGI,56,45,200,428.00,"85,600.00"
2020-08-23,2020082301015856,HGI,56,57,250,428.00,"107,000.00"
2020-08-23,2020082301015854,HGI,42,57,50,428.00,"21,400.00"
2020-08-23,2020082301015633,HGI,36,57,200,428.00,"85,600.00"
2020-08-23,2020082301015671,HPPL,16,26,10,135.00,"1,350.00"
2020-08-23,2020082301015745,IGI,34,28,30,496.00,"14,880.00"
2020-08-23,2020082301015744,IGI,34,14,30,495.00,"14,850.00"
2020-08-23,2020082301015743,IGI,34,41,50,495.00,"24,750.00"
2020-08-23,2020082301015733,IGI,55,34,20,490.00,"9,800.00"
2020-08-23,2020082301015912,ILBS,16,8,11,726.00,"7,986.00"
2020-08-23,2020082301015855,ILBS,16,36,39,725.00,"28,275.00"
2020-08-23,2020082301016051,JBBL,50,36,10,169.00,"1,690.00"
2020-08-23,2020082301016039,KBL,45,19,40,184.00,"7,360.00"
2020-08-23,2020082301016038,KBL,14,19,529,184.00,"97,336.00"
2020-08-23,2020082301016006,KBL,14,19,418,184.00,"76,912.00"
2020-08-23,2020082301015766,KBL,38,36,10,185.00,"1,850.00"
2020-08-23,2020082301015639,KBL,14,7,53,184.00,"9,752.00"
2020-08-23,2020082301015638,KBL,21,7,500,184.00,"92,000.00"
2020-08-23,2020082301015637,KBL,38,7,300,184.00,"55,200.00"
2020-08-23,2020082301015636,KBL,6,7,257,184.00,"47,288.00"
2020-08-23,2020082301015622,KBL,6,45,120,184.00,"22,080.00"
2020-08-23,2020082301016074,KMCDB,57,53,10,733.00,"7,330.00"
2020-08-23,2020082301015803,KMCDB,14,39,10,725.00,"7,250.00"
2020-08-23,2020082301016073,KPCL,22,37,10,104.00,"1,040.00"
2020-08-23,2020082301015932,KPCL,22,13,10,104.00,"1,040.00"
2020-08-23,2020082301016068,LBBL,52,54,100,182.00,"18,200.00"
2020-08-23,2020082301016003,LBBL,59,14,500,181.00,"90,500.00"
2020-08-23,2020082301016002,LBBL,34,14,400,181.00,"72,400.00"
2020-08-23,2020082301016001,LBBL,14,14,18,181.00,"3,258.00"
2020-08-23,2020082301015937,LBBL,50,54,10,182.00,"1,820.00"
2020-08-23,2020082301015756,LBBL,14,21,59,181.00,"10,679.00"
2020-08-23,2020082301015935,LBL,34,34,233,226.00,"52,658.00"
2020-08-23,2020082301015934,LBL,33,34,327,226.00,"73,902.00"
2020-08-23,2020082301015711,LBL,33,55,173,226.00,"39,098.00"
2020-08-23,2020082301015710,LBL,42,55,754,226.00,"170,404.00"
2020-08-23,2020082301015861,LGIL,48,36,100,480.00,"48,000.00"
2020-08-23,2020082301015860,LGIL,28,36,220,480.00,"105,600.00"
2020-08-23,2020082301015849,LGIL,28,51,60,480.00,"28,800.00"
2020-08-23,2020082301015816,LGIL,28,25,38,480.00,"18,240.00"
2020-08-23,2020082301015641,LGIL,28,57,112,480.00,"53,760.00"
2020-08-23,2020082301015739,LICN,47,17,20,"1,480.00","29,600.00"
2020-08-23,2020082301015705,LICN,32,22,20,"1,479.00","29,580.00"
2020-08-23,2020082301016063,MBL,4,55,181,222.00,"40,182.00"
2020-08-23,2020082301016062,MBL,48,55,"1,066",222.00,"236,652.00"
2020-08-23,2020082301016061,MBL,59,55,100,222.00,"22,200.00"
2020-08-23,2020082301016060,MBL,42,55,500,222.00,"111,000.00"
2020-08-23,2020082301016059,MBL,28,55,43,222.00,"9,546.00"
2020-08-23,2020082301016058,MBL,48,55,100,222.00,"22,200.00"
2020-08-23,2020082301015761,MBL,47,48,70,223.00,"15,610.00"
2020-08-23,2020082301016057,MBL,34,55,10,222.00,"2,220.00"
2020-08-23,2020082301016056,MBL,26,55,200,222.00,"44,400.00"
2020-08-23,2020082301016055,MBL,17,55,200,222.00,"44,400.00"
2020-08-23,2020082301016054,MBL,42,55,30,223.00,"6,690.00"
2020-08-23,2020082301016053,MBL,44,55,570,223.00,"127,110.00"
2020-08-23,2020082301015762,MBL,44,48,130,223.00,"28,990.00"
2020-08-23,2020082301015760,MEGA,33,49,500,218.00,"109,000.00"
2020-08-23,2020082301015624,MEGA,22,49,500,218.00,"109,000.00"
2020-08-23,2020082301015793,MERO,32,4,43,636.00,"27,348.00"
2020-08-23,2020082301015696,MHNL,35,42,40,79.00,"3,160.00"
2020-08-23,2020082301015764,MLBL,33,33,158,190.00,"30,020.00"
2020-08-23,2020082301015635,MNBBL,42,58,100,317.00,"31,700.00"
2020-08-23,2020082301015634,MNBBL,38,58,100,317.00,"31,700.00"
2020-08-23,2020082301015623,MNBBL,42,47,50,318.00,"15,900.00"
2020-08-23,2020082301015763,MSMBS,1,50,50,668.00,"33,400.00"
2020-08-23,2020082301015697,NABIL,55,17,50,823.00,"41,150.00"
2020-08-23,2020082301015872,NADEP,42,50,100,594.00,"59,400.00"
2020-08-23,2020082301015871,NADEP,42,1,16,593.00,"9,488.00"
2020-08-23,2020082301015822,NADEP,36,58,115,585.00,"67,275.00"
2020-08-23,2020082301015821,NADEP,53,58,26,585.00,"15,210.00"
2020-08-23,2020082301015820,NADEP,26,58,100,585.00,"58,500.00"
2020-08-23,2020082301015819,NADEP,36,58,100,586.00,"58,600.00"
2020-08-23,2020082301015928,NBB,32,41,63,196.00,"12,348.00"
2020-08-23,2020082301015927,NBB,32,49,100,196.00,"19,600.00"
2020-08-23,2020082301015926,NBB,32,50,15,196.00,"2,940.00"
2020-08-23,2020082301015925,NBB,32,29,22,196.00,"4,312.00"
2020-08-23,2020082301015794,NBB,47,29,50,196.00,"9,800.00"
2020-08-23,2020082301015596,NBB,49,54,21,195.00,"4,095.00"
2020-08-23,2020082301015595,NBB,49,41,645,195.00,"125,775.00"
2020-08-23,2020082301015802,NBL,1,58,50,281.00,"14,050.00"
2020-08-23,2020082301015728,NBL,33,58,256,281.00,"71,936.00"
2020-08-23,2020082301015719,NBL,33,58,200,281.00,"56,200.00"
2020-08-23,2020082301015689,NBL,33,56,44,281.00,"12,364.00"
2020-08-23,2020082301015680,NBL,45,56,680,281.00,"191,080.00"
2020-08-23,2020082301015679,NBL,45,58,"1,320",281.00,"370,920.00"
2020-08-23,2020082301015640,NBL,45,58,200,281.00,"56,200.00"
2020-08-23,2020082301015601,NBL,32,58,20,281.00,"5,620.00"
2020-08-23,2020082301015749,NCCB,59,35,266,189.00,"50,274.00"
2020-08-23,2020082301015748,NCCB,59,1,20,189.00,"3,780.00"
2020-08-23,2020082301015747,NCCB,59,39,557,189.00,"105,273.00"
2020-08-23,2020082301015715,NEF,22,50,171,9.00,"1,539.00"
2020-08-23,2020082301015877,NFS,57,20,19,166.00,"3,154.00"
2020-08-23,2020082301015799,NFS,57,20,451,166.00,"74,866.00"
2020-08-23,2020082301015798,NFS,22,20,149,166.00,"24,734.00"
2020-08-23,2020082301015742,NHPC,34,39,140,52.00,"7,280.00"
2020-08-23,2020082301015741,NHPC,38,39,360,52.00,"18,720.00"
2020-08-23,2020082301016019,NIB,3,50,100,418.00,"41,800.00"
2020-08-23,2020082301015963,NIB,32,50,100,418.00,"41,800.00"
2020-08-23,2020082301015737,NIB,13,54,60,418.00,"25,080.00"
2020-08-23,2020082301015599,NIB,32,4,49,417.00,"20,433.00"
2020-08-23,2020082301015785,NICA,42,57,150,564.00,"84,600.00"
2020-08-23,2020082301016067,NICL,25,50,100,485.00,"48,500.00"
2020-08-23,2020082301016024,NICL,7,50,100,485.00,"48,500.00"
2020-08-23,2020082301016023,NICL,6,50,90,485.00,"43,650.00"
2020-08-23,2020082301016016,NICL,6,48,"1,910",485.00,"926,350.00"
2020-08-23,2020082301016015,NICL,11,48,100,485.00,"48,500.00"
2020-08-23,2020082301015894,NICL,44,33,200,485.00,"97,000.00"
2020-08-23,2020082301015787,NICL,49,32,50,486.00,"24,300.00"
2020-08-23,2020082301015775,NICL,6,32,194,486.00,"94,284.00"
2020-08-23,2020082301015774,NICL,6,33,106,486.00,"51,516.00"
2020-08-23,2020082301016050,NIL,16,44,40,724.00,"28,960.00"
2020-08-23,2020082301016040,NIL,38,36,100,725.00,"72,500.00"
2020-08-23,2020082301015972,NIL,1,50,73,726.00,"52,998.00"
2020-08-23,2020082301015971,NIL,1,35,30,726.00,"21,780.00"
2020-08-23,2020082301015970,NIL,1,14,197,725.00,"142,825.00"
2020-08-23,2020082301015943,NIL,45,14,30,725.00,"21,750.00"
2020-08-23,2020082301015619,NIL,21,45,63,725.00,"45,675.00"
2020-08-23,2020082301015618,NIL,21,53,100,724.00,"72,400.00"
2020-08-23,2020082301015617,NIL,21,56,184,723.00,"133,032.00"
2020-08-23,2020082301015616,NIL,21,11,153,723.00,"110,619.00"
2020-08-23,2020082301015602,NIL,34,5,20,722.00,"14,440.00"
2020-08-23,2020082301015786,NIL,45,11,135,725.00,"97,875.00"
2020-08-23,2020082301015740,NIL,57,22,100,723.00,"72,300.00"
2020-08-23,2020082301015730,NIL,57,56,50,723.00,"36,150.00"
2020-08-23,2020082301015717,NIL,59,11,63,725.00,"45,675.00"
2020-08-23,2020082301015716,NIL,59,45,37,725.00,"26,825.00"
2020-08-23,2020082301015629,NIL,35,45,200,725.00,"145,000.00"
2020-08-23,2020082301015941,NIL,49,14,10,725.00,"7,250.00"
2020-08-23,2020082301015900,NIL,57,14,392,725.00,"284,200.00"
2020-08-23,2020082301015899,NIL,57,49,108,725.00,"78,300.00"
2020-08-23,2020082301015863,NIL,5,49,60,725.00,"43,500.00"
2020-08-23,2020082301015862,NIL,5,36,40,725.00,"29,000.00"
2020-08-23,2020082301015846,NIL,28,36,10,725.00,"7,250.00"
2020-08-23,2020082301016007,NLBBL,38,14,10,689.00,"6,890.00"
2020-08-23,2020082301015714,NLBBL,42,59,15,681.00,"10,215.00"
2020-08-23,2020082301015874,NLG,6,50,181,699.00,"126,519.00"
2020-08-23,2020082301015588,NLG,57,29,160,698.00,"111,680.00"
2020-08-23,2020082301015584,NLG,57,13,250,698.00,"174,500.00"
2020-08-23,2020082301015751,NLIC,35,47,50,"1,363.00","68,150.00"
2020-08-23,2020082301015682,NLIC,35,4,400,"1,363.00","545,200.00"
2020-08-23,2020082301015681,NLIC,52,4,100,"1,363.00","136,300.00"
2020-08-23,2020082301015607,NLIC,35,42,22,"1,365.00","30,030.00"
2020-08-23,2020082301015581,NLICL,48,35,190,682.00,"129,580.00"
2020-08-23,2020082301016009,NMB,25,13,387,412.00,"159,444.00"
2020-08-23,2020082301015942,NMB,37,32,45,412.00,"18,540.00"
2020-08-23,2020082301015903,NMB,37,53,50,412.00,"20,600.00"
2020-08-23,2020082301015853,NMB,51,5,30,411.00,"12,330.00"
2020-08-23,2020082301015852,NMB,57,5,20,411.00,"8,220.00"
2020-08-23,2020082301015797,NMB,58,13,113,412.00,"46,556.00"
2020-08-23,2020082301015690,NMB,38,13,101,411.00,"41,511.00"
2020-08-23,2020082301015586,NMB,42,8,15,412.00,"6,180.00"
2020-08-23,2020082301015721,NMB,58,8,85,412.00,"35,020.00"
2020-08-23,2020082301015695,NMB,33,13,99,411.00,"40,689.00"
2020-08-23,2020082301015694,NMB,56,13,100,411.00,"41,100.00"
2020-08-23,2020082301015693,NMB,36,13,200,411.00,"82,200.00"
2020-08-23,2020082301015692,NMB,4,13,500,411.00,"205,500.00"
2020-08-23,2020082301015691,NMB,49,13,500,411.00,"205,500.00"
2020-08-23,2020082301016079,NRIC,33,54,96,598.00,"57,408.00"
2020-08-23,2020082301016078,NRIC,33,14,305,597.00,"182,085.00"
2020-08-23,2020082301016077,NRIC,33,50,50,597.00,"29,850.00"
2020-08-23,2020082301016076,NRIC,33,54,50,597.00,"29,850.00"
2020-08-23,2020082301016075,NRIC,33,7,80,597.00,"47,760.00"
2020-08-23,2020082301016047,NRIC,41,52,20,595.00,"11,900.00"
2020-08-23,2020082301015708,NRIC,37,52,110,597.00,"65,670.00"
2020-08-23,2020082301015644,NRIC,8,14,50,596.00,"29,800.00"
2020-08-23,2020082301015643,NRIC,8,36,100,596.00,"59,600.00"
2020-08-23,2020082301015585,NRIC,41,14,40,595.00,"23,800.00"
2020-08-23,2020082301015580,NRIC,41,39,100,595.00,"59,500.00"
2020-08-23,2020082301015783,NRIC,22,55,50,596.00,"29,800.00"
2020-08-23,2020082301015782,NRIC,8,55,90,596.00,"53,640.00"
2020-08-23,2020082301015731,NRIC,37,48,500,597.00,"298,500.00"
2020-08-23,2020082301015724,NRIC,8,34,10,596.00,"5,960.00"
2020-08-23,2020082301015718,NRIC,8,52,50,596.00,"29,800.00"
2020-08-23,2020082301015709,NRIC,37,48,390,597.00,"232,830.00"
2020-08-23,2020082301015916,NRIC,44,13,30,596.00,"17,880.00"
2020-08-23,2020082301015915,NRIC,44,34,40,596.00,"23,840.00"
2020-08-23,2020082301015913,NRIC,50,38,50,596.00,"29,800.00"
2020-08-23,2020082301015911,NRIC,41,52,140,595.00,"83,300.00"
2020-08-23,2020082301015831,NRIC,41,38,50,595.00,"29,750.00"
2020-08-23,2020082301015784,NRIC,41,55,60,595.00,"35,700.00"
2020-08-23,2020082301015922,NRIC,44,7,20,597.00,"11,940.00"
2020-08-23,2020082301015921,NRIC,44,35,150,597.00,"89,550.00"
2020-08-23,2020082301015920,NRIC,44,26,40,597.00,"23,880.00"
2020-08-23,2020082301015919,NRIC,44,47,100,597.00,"59,700.00"
2020-08-23,2020082301015918,NRIC,44,11,10,597.00,"5,970.00"
2020-08-23,2020082301015917,NRIC,44,48,110,597.00,"65,670.00"
2020-08-23,2020082301015999,NUBL,7,34,127,931.00,"118,237.00"
2020-08-23,2020082301015998,NUBL,17,34,25,931.00,"23,275.00"
2020-08-23,2020082301015997,NUBL,41,34,78,932.00,"72,696.00"
2020-08-23,2020082301015996,NUBL,52,34,15,932.00,"13,980.00"
2020-08-23,2020082301015995,NUBL,58,34,100,932.00,"93,200.00"
2020-08-23,2020082301015940,NUBL,25,48,50,935.00,"46,750.00"
2020-08-23,2020082301015810,NUBL,6,40,"1,000",933.00,"933,000.00"
2020-08-23,2020082301015809,NUBL,39,40,"1,000",934.00,"934,000.00"
2020-08-23,2020082301015808,NUBL,32,40,30,934.00,"28,020.00"
2020-08-23,2020082301015807,NUBL,48,40,30,935.00,"28,050.00"
2020-08-23,2020082301015806,NUBL,38,40,100,936.00,"93,600.00"
2020-08-23,2020082301015675,OHL,58,45,420,346.00,"145,320.00"
2020-08-23,2020082301016012,PCBL,51,51,25,273.00,"6,825.00"
2020-08-23,2020082301015893,PCBL,34,51,10,273.00,"2,730.00"
2020-08-23,2020082301015795,PCBL,56,51,155,273.00,"42,315.00"
2020-08-23,2020082301015769,PCBL,47,5,50,272.00,"13,600.00"
2020-08-23,2020082301015746,PCBL,25,51,85,273.00,"23,205.00"
2020-08-23,2020082301015678,PCBL,51,51,100,273.00,"27,300.00"
2020-08-23,2020082301015984,PFL,38,26,50,149.00,"7,450.00"
2020-08-23,2020082301015983,PFL,38,38,36,149.00,"5,364.00"
2020-08-23,2020082301015982,PFL,38,25,14,148.00,"2,072.00"
2020-08-23,2020082301015981,PFL,38,25,12,148.00,"1,776.00"
2020-08-23,2020082301015980,PFL,38,1,27,148.00,"3,996.00"
2020-08-23,2020082301015979,PFL,38,45,20,148.00,"2,960.00"
2020-08-23,2020082301015978,PFL,38,49,27,148.00,"3,996.00"
2020-08-23,2020082301015977,PFL,38,25,36,147.00,"5,292.00"
2020-08-23,2020082301015976,PFL,38,58,27,147.00,"3,969.00"
2020-08-23,2020082301016052,PIC,58,48,10,695.00,"6,950.00"
2020-08-23,2020082301016028,PIC,58,48,40,695.00,"27,800.00"
2020-08-23,2020082301016005,PIC,58,44,160,692.00,"110,720.00"
2020-08-23,2020082301016004,PIC,58,44,40,694.00,"27,760.00"
2020-08-23,2020082301015969,PIC,58,48,40,695.00,"27,800.00"
2020-08-23,2020082301015859,PIC,46,48,25,695.00,"17,375.00"
2020-08-23,2020082301015842,PIC,7,42,20,694.00,"13,880.00"
2020-08-23,2020082301015811,PIC,58,48,10,695.00,"6,950.00"
2020-08-23,2020082301015796,PIC,58,38,50,694.00,"34,700.00"
2020-08-23,2020082301015790,PIC,58,48,60,695.00,"41,700.00"
2020-08-23,2020082301015712,PIC,35,4,11,694.00,"7,634.00"
2020-08-23,2020082301015604,PICL,45,33,20,480.00,"9,600.00"
2020-08-23,2020082301016072,PLIC,49,3,480,565.00,"271,200.00"
2020-08-23,2020082301016071,PLIC,13,3,20,565.00,"11,300.00"
2020-08-23,2020082301016070,PLIC,3,3,500,565.00,"282,500.00"
2020-08-23,2020082301016069,PLIC,4,3,"1,000",566.00,"566,000.00"
2020-08-23,2020082301015964,PLIC,42,49,50,568.00,"28,400.00"
2020-08-23,2020082301015902,PLIC,6,50,19,569.00,"10,811.00"
2020-08-23,2020082301015901,PLIC,6,49,381,569.00,"216,789.00"
2020-08-23,2020082301015879,PLIC,42,25,100,568.00,"56,800.00"
2020-08-23,2020082301015759,PLIC,50,49,119,569.00,"67,711.00"
2020-08-23,2020082301015732,PLIC,50,49,30,569.00,"17,070.00"
2020-08-23,2020082301015713,PLIC,50,49,75,569.00,"42,675.00"
2020-08-23,2020082301015990,PRIN,58,7,250,535.00,"133,750.00"
2020-08-23,2020082301015989,PRIN,42,7,200,535.00,"107,000.00"
2020-08-23,2020082301015957,PRIN,45,58,200,536.00,"107,200.00"
2020-08-23,2020082301015956,PRIN,29,58,50,536.00,"26,800.00"
2020-08-23,2020082301015938,PRIN,48,36,100,537.00,"53,700.00"
2020-08-23,2020082301015910,PRIN,29,49,750,536.00,"402,000.00"
2020-08-23,2020082301015909,PRIN,48,49,150,536.00,"80,400.00"
2020-08-23,2020082301015908,PRIN,57,49,100,536.00,"53,600.00"
2020-08-23,2020082301015887,PRIN,46,36,100,537.00,"53,700.00"
2020-08-23,2020082301015789,PRIN,45,36,150,537.00,"80,550.00"
2020-08-23,2020082301016017,PRVU,56,56,4,225.00,900.00
2020-08-23,2020082301015805,PRVU,52,36,100,226.00,"22,600.00"
2020-08-23,2020082301015620,PRVU,25,11,500,225.00,"112,500.00"
2020-08-23,2020082301015686,RHPC,47,8,725,84.00,"60,900.00"
2020-08-23,2020082301015685,RHPC,38,8,685,84.00,"57,540.00"
2020-08-23,2020082301016049,RHPL,43,34,40,145.00,"5,800.00"
2020-08-23,2020082301016026,RMDC,34,17,13,765.00,"9,945.00"
2020-08-23,2020082301016025,RMDC,34,11,37,765.00,"28,305.00"
2020-08-23,2020082301015988,RMDC,48,45,20,760.00,"15,200.00"
2020-08-23,2020082301015987,RMDC,48,6,44,760.00,"33,440.00"
2020-08-23,2020082301015823,RMDC,34,6,443,760.00,"336,680.00"
2020-08-23,2020082301015727,RMDC,34,22,100,764.00,"76,400.00"
2020-08-23,2020082301015726,RMDC,34,40,300,764.00,"229,200.00"
2020-08-23,2020082301015725,RMDC,34,6,157,762.00,"119,634.00"
2020-08-23,2020082301016010,RSDC,53,32,200,494.00,"98,800.00"
2020-08-23,2020082301015931,RSDC,21,48,52,492.00,"25,584.00"
2020-08-23,2020082301015673,RSDC,52,17,13,494.00,"6,422.00"
2020-08-23,2020082301015906,SABSL,44,33,17,759.00,"12,903.00"
2020-08-23,2020082301015905,SABSL,44,54,44,758.00,"33,352.00"
2020-08-23,2020082301015904,SABSL,44,6,35,754.00,"26,390.00"
2020-08-23,2020082301015735,SAEF,56,43,"4,500",9.70,"43,650.00"
2020-08-23,2020082301015704,SANIMA,21,41,20,334.00,"6,680.00"
2020-08-23,2020082301015703,SANIMA,21,34,30,334.00,"10,020.00"
2020-08-23,2020082301015702,SANIMA,21,47,50,334.00,"16,700.00"
2020-08-23,2020082301015628,SBI,45,57,100,414.00,"41,400.00"
2020-08-23,2020082301016027,SBL,53,55,100,295.00,"29,500.00"
2020-08-23,2020082301016013,SDLBSL,21,39,10,822.00,"8,220.00"
2020-08-23,2020082301015968,SDLBSL,21,38,10,822.00,"8,220.00"
2020-08-23,2020082301015914,SDLBSL,21,38,10,822.00,"8,220.00"
2020-08-23,2020082301015890,SDLBSL,49,38,10,822.00,"8,220.00"
2020-08-23,2020082301015832,SDLBSL,56,56,10,821.00,"8,210.00"
2020-08-23,2020082301015758,SDLBSL,32,51,10,822.00,"8,220.00"
2020-08-23,2020082301015734,SDLBSL,32,51,10,822.00,"8,220.00"
2020-08-23,2020082301015707,SDLBSL,44,51,10,821.00,"8,210.00"
2020-08-23,2020082301015684,SDLBSL,51,55,10,821.00,"8,210.00"
2020-08-23,2020082301015642,SDLBSL,36,51,10,825.00,"8,250.00"
2020-08-23,2020082301015582,SDLBSL,45,51,10,825.00,"8,250.00"
2020-08-23,2020082301015817,SHINE,38,34,440,233.00,"102,520.00"
2020-08-23,2020082301015683,SHINE,51,34,200,233.00,"46,600.00"
2020-08-23,2020082301016037,SHIVM,42,45,10,635.00,"6,350.00"
2020-08-23,2020082301016014,SHIVM,28,35,100,633.00,"63,300.00"
2020-08-23,2020082301015814,SHIVM,45,10,211,633.00,"133,563.00"
2020-08-23,2020082301015765,SHL,21,39,100,155.00,"15,500.00"
2020-08-23,2020082301015959,SIC,45,37,300,807.00,"242,100.00"
2020-08-23,2020082301015867,SIC,55,52,50,803.00,"40,150.00"
2020-08-23,2020082301015866,SIC,10,52,50,804.00,"40,200.00"
2020-08-23,2020082301015865,SIC,45,11,150,806.00,"120,900.00"
2020-08-23,2020082301015878,SICL,32,43,25,"1,242.00","31,050.00"
2020-08-23,2020082301015598,SICL,33,43,380,"1,242.00","471,960.00"
2020-08-23,2020082301015597,SICL,33,56,20,"1,241.00","24,820.00"
2020-08-23,2020082301015898,SIL,21,36,50,665.00,"33,250.00"
2020-08-23,2020082301015889,SIL,44,44,105,664.00,"69,720.00"
2020-08-23,2020082301015768,SIL,32,36,400,665.00,"266,000.00"
2020-08-23,2020082301015767,SIL,29,36,50,665.00,"33,250.00"
2020-08-23,2020082301015939,SLBS,34,59,38,913.00,"34,694.00"
2020-08-23,2020082301016046,SLICL,36,25,30,469.00,"14,070.00"
2020-08-23,2020082301016045,SLICL,34,21,55,470.00,"25,850.00"
2020-08-23,2020082301016044,SLICL,34,54,25,470.00,"11,750.00"
2020-08-23,2020082301016043,SLICL,34,39,400,470.00,"188,000.00"
2020-08-23,2020082301016042,SLICL,34,41,20,470.00,"9,400.00"
2020-08-23,2020082301016041,SLICL,34,1,500,470.00,"235,000.00"
2020-08-23,2020082301015779,SLICL,42,57,47,470.00,"22,090.00"
2020-08-23,2020082301015688,SLICL,36,10,300,469.00,"140,700.00"
2020-08-23,2020082301015687,SLICL,47,10,200,469.00,"93,800.00"
2020-08-23,2020082301016031,SLICL,37,41,50,470.00,"23,500.00"
2020-08-23,2020082301016030,SLICL,37,5,50,470.00,"23,500.00"
2020-08-23,2020082301015994,SLICL,44,44,300,470.00,"141,000.00"
2020-08-23,2020082301015888,SLICL,52,44,200,470.00,"94,000.00"
2020-08-23,2020082301015781,SLICL,42,49,100,470.00,"47,000.00"
2020-08-23,2020082301015780,SLICL,42,58,50,470.00,"23,500.00"
2020-08-23,2020082301015869,SPDL,22,10,130,108.00,"14,040.00"
2020-08-23,2020082301016048,SRBL,55,45,10,225.00,"2,250.00"
2020-08-23,2020082301015627,STC,59,11,20,"2,750.00","55,000.00"
2020-08-23,2020082301016033,SWBBL,33,11,629,"1,217.00","765,493.00"
2020-08-23,2020082301015669,SWBBL,36,11,325,"1,217.00","395,525.00"
2020-08-23,2020082301015668,SWBBL,36,6,75,"1,217.00","91,275.00"
2020-08-23,2020082301015667,SWBBL,36,22,100,"1,215.00","121,500.00"
2020-08-23,2020082301015792,TMDBL,37,39,188,165.00,"31,020.00"
2020-08-23,2020082301015791,TMDBL,6,39,790,165.00,"130,350.00"
2020-08-23,2020082301016018,UIC,26,21,100,403.00,"40,300.00"
2020-08-23,2020082301015875,UIC,26,14,150,403.00,"60,450.00"
2020-08-23,2020082301015858,UIC,32,52,"1,000",404.00,"404,000.00"
2020-08-23,2020082301015804,UIC,26,22,87,403.00,"35,061.00"
2020-08-23,2020082301015755,UIC,45,22,13,403.00,"5,239.00"
2020-08-23,2020082301015706,UIC,19,22,100,403.00,"40,300.00"
2020-08-23,2020082301015674,UIC,33,22,100,403.00,"40,300.00"
2020-08-23,2020082301015600,UIC,34,22,200,403.00,"80,600.00"
2020-08-23,2020082301015754,UMHL,29,4,14,100.00,"1,400.00"
2020-08-23,2020082301015924,UPPER,25,58,20,221.00,"4,420.00"
2020-08-23,2020082301015738,UPPER,11,32,40,220.00,"8,800.00"
2020-08-23,2020082301015670,UPPER,28,17,50,220.00,"11,000.00"
2020-08-23,2020082301015606,UPPER,28,14,50,220.00,"11,000.00"
2020-08-23,2020082301015813,WOMI,34,35,300,864.00,"259,200.00"
2020-08-23,2020082301015723,WOMI,14,53,10,863.00,"8,630.00"
2020-08-23,2020082301015722,WOMI,14,57,92,863.00,"79,396.00"
2020-08-23,2020082301015091,ADBL,49,41,95,414.00,"39,330.00"
2020-08-23,2020082301015090,ADBL,55,41,11,414.00,"4,554.00"
2020-08-23,2020082301015206,AHPC,46,6,30,94.00,"2,820.00"
2020-08-23,2020082301015205,AHPC,58,6,50,94.00,"4,700.00"
2020-08-23,2020082301015523,AIL,53,29,930,479.00,"445,470.00"
2020-08-23,2020082301015413,AIL,53,59,10,479.00,"4,790.00"
2020-08-23,2020082301015332,AIL,53,16,10,479.00,"4,790.00"
2020-08-23,2020082301015331,AIL,53,1,10,479.00,"4,790.00"
2020-08-23,2020082301015330,AIL,53,1,40,479.00,"19,160.00"
2020-08-23,2020082301015304,AIL,35,1,310,477.00,"147,870.00"
2020-08-23,2020082301015102,AIL,50,50,10,477.00,"4,770.00"
2020-08-23,2020082301015085,AIL,50,49,10,477.00,"4,770.00"
2020-08-23,2020082301015165,AIL,49,41,10,479.00,"4,790.00"
2020-08-23,2020082301015164,AIL,49,55,10,479.00,"4,790.00"
2020-08-23,2020082301015163,AIL,49,28,930,479.00,"445,470.00"
2020-08-23,2020082301015158,AIL,51,25,10,478.00,"4,780.00"
2020-08-23,2020082301015149,AIL,50,50,10,477.00,"4,770.00"
2020-08-23,2020082301015133,AIL,50,8,10,477.00,"4,770.00"
2020-08-23,2020082301015303,AIL,50,1,10,477.00,"4,770.00"
2020-08-23,2020082301015302,AIL,51,1,180,478.00,"86,040.00"
2020-08-23,2020082301015238,AIL,51,56,10,478.00,"4,780.00"
2020-08-23,2020082301015168,AIL,49,1,30,479.00,"14,370.00"
2020-08-23,2020082301015167,AIL,49,47,10,479.00,"4,790.00"
2020-08-23,2020082301015166,AIL,49,41,10,479.00,"4,790.00"
2020-08-23,2020082301015341,AKPL,21,25,26,112.00,"2,912.00"
2020-08-23,2020082301015340,AKPL,56,25,300,112.00,"33,600.00"
2020-08-23,2020082301015339,AKPL,38,25,"1,000",112.00,"112,000.00"
2020-08-23,2020082301015338,AKPL,16,25,"3,669",112.00,"410,928.00"
2020-08-23,2020082301015187,AKPL,16,10,"1,331",112.00,"149,072.00"
2020-08-23,2020082301015186,AKPL,51,10,169,112.00,"18,928.00"
2020-08-23,2020082301015514,ALBSL,49,58,23,670.00,"15,410.00"
2020-08-23,2020082301015513,ALBSL,42,58,22,670.00,"14,740.00"
2020-08-23,2020082301015373,ALBSL,56,56,1,668.00,668.00
2020-08-23,2020082301015463,ALICL,55,55,10,658.00,"6,580.00"
2020-08-23,2020082301015375,ALICL,58,1,485,655.00,"317,675.00"
2020-08-23,2020082301015374,ALICL,35,1,15,656.00,"9,840.00"
2020-08-23,2020082301015352,ALICL,35,29,50,656.00,"32,800.00"
2020-08-23,2020082301015318,ALICL,36,55,22,658.00,"14,476.00"
2020-08-23,2020082301015317,ALICL,36,4,78,658.00,"51,324.00"
2020-08-23,2020082301015316,ALICL,36,45,100,657.00,"65,700.00"
2020-08-23,2020082301015312,ALICL,35,56,35,656.00,"22,960.00"
2020-08-23,2020082301015311,ALICL,52,56,50,656.00,"32,800.00"
2020-08-23,2020082301015215,ALICL,34,57,"1,000",656.00,"656,000.00"
2020-08-23,2020082301015160,ALICL,34,33,200,656.00,"131,200.00"
2020-08-23,2020082301015259,API,45,37,206,108.00,"22,248.00"
2020-08-23,2020082301015181,API,25,37,100,108.00,"10,800.00"
2020-08-23,2020082301015089,API,41,37,200,108.00,"21,600.00"
2020-08-23,2020082301015535,BBC,32,6,20,"1,625.00","32,500.00"
2020-08-23,2020082301015138,BOKL,1,11,155,225.00,"34,875.00"
2020-08-23,2020082301015137,BOKL,1,1,201,225.00,"45,225.00"
2020-08-23,2020082301015555,BPCL,34,50,70,361.00,"25,270.00"
2020-08-23,2020082301015159,CBBL,1,6,20,"1,045.00","20,900.00"
2020-08-23,2020082301015216,CBL,43,50,350,143.00,"50,050.00"
2020-08-23,2020082301015410,CCBL,19,34,300,171.00,"51,300.00"
2020-08-23,2020082301015269,CCBL,10,41,499,170.00,"84,830.00"
2020-08-23,2020082301015268,CCBL,45,41,497,170.00,"84,490.00"
2020-08-23,2020082301015558,CIT,16,45,6,"2,870.00","17,220.00"
2020-08-23,2020082301015557,CIT,56,45,11,"2,870.00","31,570.00"
2020-08-23,2020082301015531,CIT,6,52,40,"2,875.00","115,000.00"
2020-08-23,2020082301015499,CIT,16,38,100,"2,874.00","287,400.00"
2020-08-23,2020082301015356,CIT,16,52,20,"2,875.00","57,500.00"
2020-08-23,2020082301015355,CIT,16,19,20,"2,875.00","57,500.00"
2020-08-23,2020082301015354,CIT,16,48,10,"2,875.00","28,750.00"
2020-08-23,2020082301015155,CZBIL,47,45,100,192.00,"19,200.00"
2020-08-23,2020082301015095,CZBIL,47,41,209,192.00,"40,128.00"
2020-08-23,2020082301015094,CZBIL,55,41,100,192.00,"19,200.00"
2020-08-23,2020082301015093,CZBIL,17,41,150,192.00,"28,800.00"
2020-08-23,2020082301015092,CZBIL,34,41,541,192.00,"103,872.00"
2020-08-23,2020082301015543,EBL,35,22,336,714.00,"239,904.00"
2020-08-23,2020082301015542,EBL,35,6,64,714.00,"45,696.00"
2020-08-23,2020082301015564,EIC,8,34,104,454.00,"47,216.00"
2020-08-23,2020082301015534,EIC,8,29,610,454.00,"276,940.00"
2020-08-23,2020082301015533,EIC,42,29,50,454.00,"22,700.00"
2020-08-23,2020082301015532,EIC,44,29,40,454.00,"18,160.00"
2020-08-23,2020082301015369,EIC,32,41,290,455.00,"131,950.00"
2020-08-23,2020082301015368,EIC,32,48,90,455.00,"40,950.00"
2020-08-23,2020082301015189,EIC,46,53,100,454.00,"45,400.00"
2020-08-23,2020082301015367,EIC,32,13,40,454.00,"18,160.00"
2020-08-23,2020082301015366,EIC,32,48,80,454.00,"36,320.00"
2020-08-23,2020082301015301,EIC,6,48,20,454.00,"9,080.00"
2020-08-23,2020082301015300,EIC,6,48,50,454.00,"22,700.00"
2020-08-23,2020082301015299,EIC,6,19,80,454.00,"36,320.00"
2020-08-23,2020082301015250,EIC,26,48,50,454.00,"22,700.00"
2020-08-23,2020082301015371,FMDBL,57,26,11,520.00,"5,720.00"
2020-08-23,2020082301015467,FOWAD,25,58,203,"1,510.00","306,530.00"
2020-08-23,2020082301015469,GBIME,35,42,112,252.00,"28,224.00"
2020-08-23,2020082301015468,GBIME,35,37,288,252.00,"72,576.00"
2020-08-23,2020082301015458,GBIME,36,37,40,252.00,"10,080.00"
2020-08-23,2020082301015384,GBIME,32,37,150,252.00,"37,800.00"
2020-08-23,2020082301015253,GBIME,38,37,22,252.00,"5,544.00"
2020-08-23,2020082301015252,GBIME,38,44,478,252.00,"120,456.00"
2020-08-23,2020082301015540,GBLBS,56,29,10,476.00,"4,760.00"
2020-08-23,2020082301015448,GBLBS,48,45,42,475.00,"19,950.00"
2020-08-23,2020082301015447,GBLBS,48,49,60,475.00,"28,500.00"
2020-08-23,2020082301015446,GBLBS,48,40,190,475.00,"90,250.00"
2020-08-23,2020082301015572,GILB,44,16,100,"1,180.00","118,000.00"
2020-08-23,2020082301015571,GILB,44,17,53,"1,175.00","62,275.00"
2020-08-23,2020082301015506,GILB,44,16,50,"1,174.00","58,700.00"
2020-08-23,2020082301015443,GILB,44,37,100,"1,172.00","117,200.00"
2020-08-23,2020082301015385,GILB,49,5,10,"1,151.00","11,510.00"
2020-08-23,2020082301015351,GILB,44,44,20,"1,170.00","23,400.00"
2020-08-23,2020082301015350,GILB,44,14,28,"1,169.00","32,732.00"
2020-08-23,2020082301015349,GILB,44,39,11,"1,168.00","12,848.00"
2020-08-23,2020082301015348,GILB,44,14,53,"1,168.00","61,904.00"
2020-08-23,2020082301015347,GILB,44,16,40,"1,166.00","46,640.00"
2020-08-23,2020082301015559,GLICL,52,57,100,479.00,"47,900.00"
2020-08-23,2020082301015453,GLICL,40,26,50,481.00,"24,050.00"
2020-08-23,2020082301015440,GLICL,40,10,50,481.00,"24,050.00"
2020-08-23,2020082301015380,GLICL,33,6,25,479.00,"11,975.00"
2020-08-23,2020082301015379,GLICL,46,6,50,479.00,"23,950.00"
2020-08-23,2020082301015291,GLICL,46,48,450,479.00,"215,550.00"
2020-08-23,2020082301015290,GLICL,38,48,50,480.00,"24,000.00"
2020-08-23,2020082301015388,HBL,38,25,30,545.00,"16,350.00"
2020-08-23,2020082301015293,HGI,53,52,80,426.00,"34,080.00"
2020-08-23,2020082301015292,HGI,48,52,30,426.00,"12,780.00"
2020-08-23,2020082301015151,HGI,49,52,10,428.00,"4,280.00"
2020-08-23,2020082301015124,HGI,29,10,20,428.00,"8,560.00"
2020-08-23,2020082301015087,HGI,48,17,500,427.00,"213,500.00"
2020-08-23,2020082301015520,HIDCL,33,7,130,127.00,"16,510.00"
2020-08-23,2020082301015519,HIDCL,50,7,59,127.00,"7,493.00"
2020-08-23,2020082301015287,ICFC,47,55,64,172.00,"11,008.00"
2020-08-23,2020082301015280,ICFC,42,55,200,172.00,"34,400.00"
2020-08-23,2020082301015211,ICFC,42,55,100,172.00,"17,200.00"
2020-08-23,2020082301015210,ICFC,42,55,40,172.00,"6,880.00"
2020-08-23,2020082301015209,ICFC,50,55,596,172.00,"102,512.00"
2020-08-23,2020082301015539,IGI,37,34,30,490.00,"14,700.00"
2020-08-23,2020082301015501,IGI,26,14,20,495.00,"9,900.00"
2020-08-23,2020082301015441,IGI,37,57,70,490.00,"34,300.00"
2020-08-23,2020082301015343,IGI,6,57,50,490.00,"24,500.00"
2020-08-23,2020082301015342,IGI,51,57,30,490.00,"14,700.00"
2020-08-23,2020082301015466,JBBL,56,56,1,166.00,166.00
2020-08-23,2020082301015298,JBBL,55,55,300,168.00,"50,400.00"
2020-08-23,2020082301015297,JBBL,10,55,272,168.00,"45,696.00"
2020-08-23,2020082301015296,JBBL,55,55,244,169.00,"41,236.00"
2020-08-23,2020082301015295,JBBL,49,55,"1,000",169.00,"169,000.00"
2020-08-23,2020082301015294,JBBL,48,55,180,169.00,"30,420.00"
2020-08-23,2020082301015246,JOSHI,34,49,20,60.00,"1,200.00"
2020-08-23,2020082301015245,JOSHI,34,29,20,60.00,"1,200.00"
2020-08-23,2020082301015244,JOSHI,34,59,10,60.00,600.00
2020-08-23,2020082301015243,JOSHI,34,51,10,60.00,600.00
2020-08-23,2020082301015242,JOSHI,34,55,50,60.00,"3,000.00"
2020-08-23,2020082301015494,KBL,37,36,100,185.00,"18,500.00"
2020-08-23,2020082301015402,KBL,48,36,56,185.00,"10,360.00"
2020-08-23,2020082301015394,KBL,6,6,100,184.00,"18,400.00"
2020-08-23,2020082301015237,KBL,6,39,500,184.00,"92,000.00"
2020-08-23,2020082301015154,KBL,6,45,25,184.00,"4,600.00"
2020-08-23,2020082301015123,KBL,50,36,315,185.00,"58,275.00"
2020-08-23,2020082301015081,KBL,6,45,200,184.00,"36,800.00"
2020-08-23,2020082301015472,KMCDB,11,52,10,729.00,"7,290.00"
2020-08-23,2020082301015471,KMCDB,11,51,10,729.00,"7,290.00"
2020-08-23,2020082301015162,KPCL,22,8,10,104.00,"1,040.00"
2020-08-23,2020082301015098,KRBL,55,20,300,104.00,"31,200.00"
2020-08-23,2020082301015391,KSBBL,17,35,90,144.00,"12,960.00"
2020-08-23,2020082301015390,KSBBL,56,35,10,144.00,"1,440.00"
2020-08-23,2020082301015241,KSBBL,56,42,90,144.00,"12,960.00"
2020-08-23,2020082301015083,LBBL,34,54,175,182.00,"31,850.00"
2020-08-23,2020082301015437,LBL,42,4,246,226.00,"55,596.00"
2020-08-23,2020082301015436,LBL,38,4,100,226.00,"22,600.00"
2020-08-23,2020082301015435,LBL,37,4,150,226.00,"33,900.00"
2020-08-23,2020082301015434,LBL,49,4,100,226.00,"22,600.00"
2020-08-23,2020082301015433,LBL,16,4,100,226.00,"22,600.00"
2020-08-23,2020082301015432,LBL,41,4,154,226.00,"34,804.00"
2020-08-23,2020082301015504,LGIL,28,54,200,480.00,"96,000.00"
2020-08-23,2020082301015518,LICN,29,22,46,"1,479.00","68,034.00"
2020-08-23,2020082301015553,MBL,37,55,100,224.00,"22,400.00"
2020-08-23,2020082301015549,MBL,50,55,48,224.00,"10,752.00"
2020-08-23,2020082301015548,MBL,10,55,"1,500",224.00,"336,000.00"
2020-08-23,2020082301015547,MBL,11,55,"1,000",225.00,"225,000.00"
2020-08-23,2020082301015546,MBL,34,55,600,225.00,"135,000.00"
2020-08-23,2020082301015545,MBL,50,55,220,225.00,"49,500.00"
2020-08-23,2020082301015179,MBL,44,54,880,225.00,"198,000.00"
2020-08-23,2020082301015363,MDB,38,10,50,328.00,"16,400.00"
2020-08-23,2020082301015517,MEGA,37,49,100,218.00,"21,800.00"
2020-08-23,2020082301015493,MEGA,13,34,101,217.00,"21,917.00"
2020-08-23,2020082301015492,MEGA,14,34,13,217.00,"2,821.00"
2020-08-23,2020082301015491,MEGA,6,34,86,217.00,"18,662.00"
2020-08-23,2020082301015362,MEGA,6,8,128,217.00,"27,776.00"
2020-08-23,2020082301015563,MLBL,56,56,3,189.00,567.00
2020-08-23,2020082301015256,MLBL,50,33,42,190.00,"7,980.00"
2020-08-23,2020082301015183,MLBL,50,53,100,190.00,"19,000.00"
2020-08-23,2020082301015136,MLBL,14,53,42,190.00,"7,980.00"
2020-08-23,2020082301015382,MNBBL,51,47,200,318.00,"63,600.00"
2020-08-23,2020082301015170,MSMBS,53,52,50,666.00,"33,300.00"
2020-08-23,2020082301015570,NABIL,36,17,450,823.00,"370,350.00"
2020-08-23,2020082301015569,NABIL,36,36,50,823.00,"41,150.00"
2020-08-23,2020082301015500,NABIL,45,49,27,822.00,"22,194.00"
2020-08-23,2020082301015489,NABIL,22,49,214,822.00,"175,908.00"
2020-08-23,2020082301015450,NABIL,34,49,29,822.00,"23,838.00"
2020-08-23,2020082301015449,NABIL,34,47,71,822.00,"58,362.00"
2020-08-23,2020082301015505,NADEP,42,49,23,593.00,"13,639.00"
2020-08-23,2020082301015323,NADEP,29,46,16,593.00,"9,488.00"
2020-08-23,2020082301015544,NBL,59,58,86,281.00,"24,166.00"
2020-08-23,2020082301015503,NBL,26,58,500,281.00,"140,500.00"
2020-08-23,2020082301015488,NBL,43,36,500,280.00,"140,000.00"
2020-08-23,2020082301015461,NBL,33,58,100,281.00,"28,100.00"
2020-08-23,2020082301015444,NBL,40,58,193,281.00,"54,233.00"
2020-08-23,2020082301015412,NBL,43,36,490,280.00,"137,200.00"
2020-08-23,2020082301015145,NBL,48,55,10,280.00,"2,800.00"
2020-08-23,2020082301015143,NBL,46,58,500,281.00,"140,500.00"
2020-08-23,2020082301015086,NBL,46,58,"1,000",281.00,"281,000.00"
2020-08-23,2020082301015228,NBL,46,58,480,281.00,"134,880.00"
2020-08-23,2020082301015157,NBL,14,58,101,281.00,"28,381.00"
2020-08-23,2020082301015156,NBL,33,58,300,281.00,"84,300.00"
2020-08-23,2020082301015148,NBL,59,55,490,280.00,"137,200.00"
2020-08-23,2020082301015147,NBL,34,55,400,280.00,"112,000.00"
2020-08-23,2020082301015146,NBL,42,55,100,280.00,"28,000.00"
2020-08-23,2020082301015411,NBL,59,36,510,280.00,"142,800.00"
2020-08-23,2020082301015372,NBL,6,58,"1,000",281.00,"281,000.00"
2020-08-23,2020082301015361,NBL,26,58,200,281.00,"56,200.00"
2020-08-23,2020082301015346,NBL,57,58,881,281.00,"247,561.00"
2020-08-23,2020082301015328,NBL,46,58,300,281.00,"84,300.00"
2020-08-23,2020082301015327,NBL,33,58,200,281.00,"56,200.00"
2020-08-23,2020082301015399,NCCB,45,39,65,189.00,"12,285.00"
2020-08-23,2020082301015398,NCCB,45,1,200,189.00,"37,800.00"
2020-08-23,2020082301015360,NCCB,10,39,100,189.00,"18,900.00"
2020-08-23,2020082301015324,NCCB,45,39,100,189.00,"18,900.00"
2020-08-23,2020082301015129,NCCB,8,55,338,188.00,"63,544.00"
2020-08-23,2020082301015128,NCCB,59,55,762,188.00,"143,256.00"
2020-08-23,2020082301015126,NCCB,38,39,100,189.00,"18,900.00"
2020-08-23,2020082301015125,NCCB,38,8,100,189.00,"18,900.00"
2020-08-23,2020082301015272,NEF,1,26,"2,253",8.96,"20,186.90"
2020-08-23,2020082301015525,NGPL,38,4,11,116.00,"1,276.00"
2020-08-23,2020082301015528,NHPC,56,49,"1,500",53.00,"79,500.00"
2020-08-23,2020082301015230,NHPC,10,49,100,53.00,"5,300.00"
2020-08-23,2020082301015414,NIB,32,57,19,417.00,"7,923.00"
2020-08-23,2020082301015387,NIB,1,57,28,417.00,"11,676.00"
2020-08-23,2020082301015386,NIB,1,29,472,417.00,"196,824.00"
2020-08-23,2020082301015224,NIB,11,29,20,417.00,"8,340.00"
2020-08-23,2020082301015538,NICA,38,34,100,565.00,"56,500.00"
2020-08-23,2020082301015537,NICA,52,34,40,565.00,"22,600.00"
2020-08-23,2020082301015536,NICA,33,34,34,565.00,"19,210.00"
2020-08-23,2020082301015465,NICA,33,18,42,565.00,"23,730.00"
2020-08-23,2020082301015464,NICA,52,18,79,565.00,"44,635.00"
2020-08-23,2020082301015462,NICA,42,28,20,566.00,"11,320.00"
2020-08-23,2020082301015322,NICA,42,28,20,566.00,"11,320.00"
2020-08-23,2020082301015082,NICBF,8,48,100,9.45,945.00
2020-08-23,2020082301015150,NICGF,57,35,"4,900",10.30,"50,470.00"
2020-08-23,2020082301015578,NICL,29,26,33,486.00,"16,038.00"
2020-08-23,2020082301015487,NICL,14,26,200,486.00,"97,200.00"
2020-08-23,2020082301015486,NICL,40,26,267,486.00,"129,762.00"
2020-08-23,2020082301015485,NICL,16,26,500,486.00,"243,000.00"
2020-08-23,2020082301015326,NICL,35,50,100,488.00,"48,800.00"
2020-08-23,2020082301015258,NICL,51,14,200,487.00,"97,400.00"
2020-08-23,2020082301015257,NICL,37,14,100,487.00,"48,700.00"
2020-08-23,2020082301015562,NIL,49,22,70,721.00,"50,470.00"
2020-08-23,2020082301015561,NIL,28,22,180,721.00,"129,780.00"
2020-08-23,2020082301015560,NIL,5,22,50,722.00,"36,100.00"
2020-08-23,2020082301015550,NIL,5,29,200,722.00,"144,400.00"
2020-08-23,2020082301015336,NIL,14,11,100,723.00,"72,300.00"
2020-08-23,2020082301015271,NIL,34,33,130,725.00,"94,250.00"
2020-08-23,2020082301015234,NIL,46,36,50,723.00,"36,150.00"
2020-08-23,2020082301015233,NIL,45,36,10,723.00,"7,230.00"
2020-08-23,2020082301015201,NIL,25,45,22,722.00,"15,884.00"
2020-08-23,2020082301015270,NIL,34,45,12,722.00,"8,664.00"
2020-08-23,2020082301015267,NIL,19,45,200,722.00,"144,400.00"
2020-08-23,2020082301015266,NIL,58,45,200,722.00,"144,400.00"
2020-08-23,2020082301015265,NIL,35,45,200,722.00,"144,400.00"
2020-08-23,2020082301015264,NIL,25,45,38,722.00,"27,436.00"
2020-08-23,2020082301015235,NIL,25,36,40,722.00,"28,880.00"
2020-08-23,2020082301015176,NLG,49,29,10,700.00,"7,000.00"
2020-08-23,2020082301015114,NLG,49,22,120,700.00,"84,000.00"
2020-08-23,2020082301015113,NLG,49,59,50,700.00,"35,000.00"
2020-08-23,2020082301015112,NLG,49,26,100,700.00,"70,000.00"
2020-08-23,2020082301015111,NLG,49,25,50,700.00,"35,000.00"
2020-08-23,2020082301015110,NLG,49,28,20,700.00,"14,000.00"
2020-08-23,2020082301015109,NLG,49,50,354,699.00,"247,446.00"
2020-08-23,2020082301015099,NLG,41,50,20,699.00,"13,980.00"
2020-08-23,2020082301015262,NLIC,6,4,"1,000","1,363.00","1,363,000.00"
2020-08-23,2020082301015261,NLIC,59,4,500,"1,364.00","682,000.00"
2020-08-23,2020082301015260,NLIC,59,4,450,"1,364.00","613,800.00"
2020-08-23,2020082301015254,NLIC,13,25,50,"1,365.00","68,250.00"
2020-08-23,2020082301015204,NLIC,59,59,50,"1,364.00","68,200.00"
2020-08-23,2020082301015381,NLICL,48,14,50,682.00,"34,100.00"
2020-08-23,2020082301015325,NLICL,48,42,10,682.00,"6,820.00"
2020-08-23,2020082301015240,NLICL,48,6,250,682.00,"170,500.00"
2020-08-23,2020082301015522,NMB,49,8,100,412.00,"41,200.00"
2020-08-23,2020082301015507,NMB,59,8,200,412.00,"82,400.00"
2020-08-23,2020082301015127,NMB,22,52,100,412.00,"41,200.00"
2020-08-23,2020082301015516,NMFBS,16,36,38,"1,515.00","57,570.00"
2020-08-23,2020082301015565,NRIC,45,36,100,596.00,"59,600.00"
2020-08-23,2020082301015554,NRIC,41,58,50,595.00,"29,750.00"
2020-08-23,2020082301015431,NRIC,33,54,104,598.00,"62,192.00"
2020-08-23,2020082301015430,NRIC,33,26,50,598.00,"29,900.00"
2020-08-23,2020082301015429,NRIC,33,50,50,598.00,"29,900.00"
2020-08-23,2020082301015428,NRIC,33,26,40,598.00,"23,920.00"
2020-08-23,2020082301015131,NRIC,1,35,70,597.00,"41,790.00"
2020-08-23,2020082301015105,NRIC,47,35,30,597.00,"17,910.00"
2020-08-23,2020082301015178,NRIC,56,59,40,597.00,"23,880.00"
2020-08-23,2020082301015173,NRIC,56,39,40,597.00,"23,880.00"
2020-08-23,2020082301015161,NRIC,56,49,40,597.00,"23,880.00"
2020-08-23,2020082301015140,NRIC,34,45,20,598.00,"11,960.00"
2020-08-23,2020082301015139,NRIC,34,47,10,598.00,"5,980.00"
2020-08-23,2020082301015132,NRIC,1,47,30,598.00,"17,940.00"
2020-08-23,2020082301015285,NRIC,54,39,40,596.00,"23,840.00"
2020-08-23,2020082301015247,NRIC,54,39,50,596.00,"29,800.00"
2020-08-23,2020082301015232,NRIC,54,34,400,596.00,"238,400.00"
2020-08-23,2020082301015185,NRIC,54,46,20,596.00,"11,920.00"
2020-08-23,2020082301015184,NRIC,56,46,20,597.00,"11,940.00"
2020-08-23,2020082301015180,NRIC,56,49,40,597.00,"23,880.00"
2020-08-23,2020082301015345,NRIC,54,6,"1,240",596.00,"739,040.00"
2020-08-23,2020082301015337,NRIC,54,59,40,596.00,"23,840.00"
2020-08-23,2020082301015329,NRIC,54,56,50,596.00,"29,800.00"
2020-08-23,2020082301015315,NRIC,45,37,14,597.00,"8,358.00"
2020-08-23,2020082301015314,NRIC,45,43,40,597.00,"23,880.00"
2020-08-23,2020082301015313,NRIC,45,35,46,597.00,"27,462.00"
2020-08-23,2020082301015415,NRIC,33,1,30,596.00,"17,880.00"
2020-08-23,2020082301015401,NRIC,16,1,10,596.00,"5,960.00"
2020-08-23,2020082301015400,NRIC,54,1,360,596.00,"214,560.00"
2020-08-23,2020082301015397,NRIC,54,56,40,596.00,"23,840.00"
2020-08-23,2020082301015389,NRIC,54,48,100,596.00,"59,600.00"
2020-08-23,2020082301015383,NRIC,54,42,50,596.00,"29,800.00"
2020-08-23,2020082301015421,NRIC,33,38,200,597.00,"119,400.00"
2020-08-23,2020082301015420,NRIC,33,54,300,597.00,"179,100.00"
2020-08-23,2020082301015419,NRIC,33,37,86,597.00,"51,342.00"
2020-08-23,2020082301015418,NRIC,33,35,200,597.00,"119,400.00"
2020-08-23,2020082301015417,NRIC,33,50,100,596.00,"59,600.00"
2020-08-23,2020082301015416,NRIC,33,25,20,596.00,"11,920.00"
2020-08-23,2020082301015427,NRIC,33,10,50,598.00,"29,900.00"
2020-08-23,2020082301015426,NRIC,33,26,40,598.00,"23,920.00"
2020-08-23,2020082301015425,NRIC,33,46,100,598.00,"59,800.00"
2020-08-23,2020082301015424,NRIC,33,33,50,598.00,"29,900.00"
2020-08-23,2020082301015423,NRIC,33,50,"1,000",598.00,"598,000.00"
2020-08-23,2020082301015422,NRIC,33,45,80,598.00,"47,840.00"
2020-08-23,2020082301015263,NSEWA,51,41,10,677.00,"6,770.00"
2020-08-23,2020082301015460,NTC,51,52,50,663.00,"33,150.00"
2020-08-23,2020082301015335,NUBL,28,41,20,936.00,"18,720.00"
2020-08-23,2020082301015334,NUBL,38,41,65,937.00,"60,905.00"
2020-08-23,2020082301015333,NUBL,1,41,15,937.00,"14,055.00"
2020-08-23,2020082301015566,PCBL,51,38,25,274.00,"6,850.00"
2020-08-23,2020082301015407,PCBL,34,21,200,274.00,"54,800.00"
2020-08-23,2020082301015182,PFL,14,22,42,146.00,"6,132.00"
2020-08-23,2020082301015568,PIC,35,35,30,694.00,"20,820.00"
2020-08-23,2020082301015527,PIC,35,55,154,694.00,"106,876.00"
2020-08-23,2020082301015526,PIC,58,55,30,694.00,"20,820.00"
2020-08-23,2020082301015208,PIC,58,6,10,696.00,"6,960.00"
2020-08-23,2020082301015207,PIC,58,50,30,695.00,"20,850.00"
2020-08-23,2020082301015171,PIC,58,1,20,694.00,"13,880.00"
2020-08-23,2020082301015120,PIC,53,50,70,695.00,"48,650.00"
2020-08-23,2020082301015119,PIC,53,25,60,695.00,"41,700.00"
2020-08-23,2020082301015118,PIC,53,45,20,695.00,"13,900.00"
2020-08-23,2020082301015117,PIC,53,33,50,695.00,"34,750.00"
2020-08-23,2020082301015202,PICL,45,45,20,479.00,"9,580.00"
2020-08-23,2020082301015101,PICL,26,10,50,481.00,"24,050.00"
2020-08-23,2020082301015100,PICL,26,59,40,480.00,"19,200.00"
2020-08-23,2020082301015239,PLIC,28,42,37,569.00,"21,053.00"
2020-08-23,2020082301015220,PLIC,4,51,86,570.00,"49,020.00"
2020-08-23,2020082301015219,PLIC,4,45,20,570.00,"11,400.00"
2020-08-23,2020082301015218,PLIC,4,13,40,570.00,"22,800.00"
2020-08-23,2020082301015217,PLIC,4,29,271,570.00,"154,470.00"
2020-08-23,2020082301015470,PMHPL,41,58,30,78.00,"2,340.00"
2020-08-23,2020082301015521,PRIN,45,7,150,538.00,"80,700.00"
2020-08-23,2020082301015406,PRIN,37,57,43,538.00,"23,134.00"
2020-08-23,2020082301015405,PRIN,37,49,20,537.00,"10,740.00"
2020-08-23,2020082301015404,PRIN,37,6,20,536.00,"10,720.00"
2020-08-23,2020082301015403,PRIN,37,22,17,536.00,"9,112.00"
2020-08-23,2020082301015395,PRIN,21,22,183,536.00,"98,088.00"
2020-08-23,2020082301015107,PRIN,34,58,29,537.00,"15,573.00"
2020-08-23,2020082301015106,PRIN,48,58,200,537.00,"107,400.00"
2020-08-23,2020082301015359,PRIN,21,52,17,536.00,"9,112.00"
2020-08-23,2020082301015358,PRIN,26,52,83,536.00,"44,488.00"
2020-08-23,2020082301015357,PRIN,40,52,200,536.00,"107,200.00"
2020-08-23,2020082301015203,PRIN,39,19,29,537.00,"15,573.00"
2020-08-23,2020082301015141,PRIN,45,19,100,537.00,"53,700.00"
2020-08-23,2020082301015121,PRIN,34,19,371,537.00,"199,227.00"
2020-08-23,2020082301015577,PROFL,42,52,60,108.00,"6,480.00"
2020-08-23,2020082301015249,RADHI,38,52,12,177.00,"2,124.00"
2020-08-23,2020082301015084,RBCL,34,59,10,"9,628.00","96,280.00"
2020-08-23,2020082301015289,RHPL,43,59,10,145.00,"1,450.00"
2020-08-23,2020082301015236,RHPL,55,45,20,146.00,"2,920.00"
2020-08-23,2020082301015196,RHPL,43,59,10,145.00,"1,450.00"
2020-08-23,2020082301015579,RLFL,21,16,10,122.00,"1,220.00"
2020-08-23,2020082301015142,RLFL,32,57,60,120.00,"7,200.00"
2020-08-23,2020082301015552,RMDC,48,49,100,758.00,"75,800.00"
2020-08-23,2020082301015409,RMDC,29,29,1,757.00,757.00
2020-08-23,2020082301015195,RMDC,29,29,1,757.00,757.00
2020-08-23,2020082301015177,RMDC,29,29,1,757.00,757.00
2020-08-23,2020082301015153,RMDC,29,29,1,757.00,757.00
2020-08-23,2020082301015088,RMDC,29,29,1,757.00,757.00
2020-08-23,2020082301015192,SABSL,44,52,11,755.00,"8,305.00"
2020-08-23,2020082301015191,SABSL,44,45,11,755.00,"8,305.00"
2020-08-23,2020082301015190,SABSL,44,45,11,755.00,"8,305.00"
2020-08-23,2020082301015376,SADBL,38,44,10,144.00,"1,440.00"
2020-08-23,2020082301015524,SAEF,56,43,"10,000",9.70,"97,000.00"
2020-08-23,2020082301015408,SANIMA,47,47,200,334.00,"66,800.00"
2020-08-23,2020082301015378,SANIMA,50,47,50,334.00,"16,700.00"
2020-08-23,2020082301015144,SANIMA,35,29,95,334.00,"31,730.00"
2020-08-23,2020082301015515,SBL,28,55,100,295.00,"29,500.00"
2020-08-23,2020082301015365,SBL,42,55,400,295.00,"118,000.00"
2020-08-23,2020082301015200,SBL,34,33,150,293.00,"43,950.00"
2020-08-23,2020082301015199,SBL,49,33,200,293.00,"58,600.00"
2020-08-23,2020082301015198,SBL,35,33,100,294.00,"29,400.00"
2020-08-23,2020082301015197,SBL,42,33,50,294.00,"14,700.00"
2020-08-23,2020082301015116,SCB,55,3,58,640.00,"37,120.00"
2020-08-23,2020082301015115,SCB,55,49,20,640.00,"12,800.00"
2020-08-23,2020082301015541,SDLBSL,56,51,10,825.00,"8,250.00"
2020-08-23,2020082301015502,SDLBSL,49,43,10,825.00,"8,250.00"
2020-08-23,2020082301015490,SDLBSL,13,51,10,822.00,"8,220.00"
2020-08-23,2020082301015438,SDLBSL,45,51,10,822.00,"8,220.00"
2020-08-23,2020082301015396,SDLBSL,45,51,10,822.00,"8,220.00"
2020-08-23,2020082301015364,SDLBSL,45,51,10,822.00,"8,220.00"
2020-08-23,2020082301015104,SDLBSL,56,8,10,830.00,"8,300.00"
2020-08-23,2020082301015510,SHINE,57,34,100,233.00,"23,300.00"
2020-08-23,2020082301015509,SHIVM,45,10,115,635.00,"73,025.00"
2020-08-23,2020082301015484,SHIVM,45,36,100,635.00,"63,500.00"
2020-08-23,2020082301015483,SHIVM,45,33,85,635.00,"53,975.00"
2020-08-23,2020082301015482,SHIVM,45,46,10,635.00,"6,350.00"
2020-08-23,2020082301015481,SHIVM,45,49,100,635.00,"63,500.00"
2020-08-23,2020082301015480,SHIVM,45,59,100,635.00,"63,500.00"
2020-08-23,2020082301015188,SHIVM,19,51,100,632.00,"63,200.00"
2020-08-23,2020082301015169,SHIVM,17,49,100,631.00,"63,100.00"
2020-08-23,2020082301015248,SHIVM,41,58,145,633.00,"91,785.00"
2020-08-23,2020082301015229,SHIVM,41,48,290,633.00,"183,570.00"
2020-08-23,2020082301015225,SHIVM,41,25,115,633.00,"72,795.00"
2020-08-23,2020082301015223,SHIVM,41,36,300,633.00,"189,900.00"
2020-08-23,2020082301015222,SHIVM,41,42,100,633.00,"63,300.00"
2020-08-23,2020082301015221,SHIVM,41,1,50,632.00,"31,600.00"
2020-08-23,2020082301015457,SHIVM,57,34,170,633.00,"107,610.00"
2020-08-23,2020082301015456,SHIVM,57,58,55,633.00,"34,815.00"
2020-08-23,2020082301015455,SHIVM,57,42,50,632.00,"31,600.00"
2020-08-23,2020082301015454,SHIVM,57,41,25,632.00,"15,800.00"
2020-08-23,2020082301015442,SHIVM,17,39,500,631.00,"315,500.00"
2020-08-23,2020082301015251,SHIVM,17,38,10,631.00,"6,310.00"
2020-08-23,2020082301015479,SHIVM,45,22,30,635.00,"19,050.00"
2020-08-23,2020082301015478,SHIVM,45,35,900,635.00,"571,500.00"
2020-08-23,2020082301015477,SHIVM,45,38,100,634.00,"63,400.00"
2020-08-23,2020082301015476,SHIVM,45,16,100,634.00,"63,400.00"
2020-08-23,2020082301015475,SHIVM,45,49,830,634.00,"526,220.00"
2020-08-23,2020082301015474,SHIVM,45,34,30,633.00,"18,990.00"
2020-08-23,2020082301015377,SHL,52,34,100,156.00,"15,600.00"
2020-08-23,2020082301015108,SHL,10,10,100,156.00,"15,600.00"
2020-08-23,2020082301015321,SIC,39,25,15,807.00,"12,105.00"
2020-08-23,2020082301015320,SIC,39,51,35,807.00,"28,245.00"
2020-08-23,2020082301015288,SIC,10,26,50,804.00,"40,200.00"
2020-08-23,2020082301015193,SIC,3,25,50,806.00,"40,300.00"
2020-08-23,2020082301015567,SICL,7,56,67,"1,241.00","83,147.00"
2020-08-23,2020082301015551,SICL,7,56,20,"1,241.00","24,820.00"
2020-08-23,2020082301015439,SICL,7,1,100,"1,241.00","124,100.00"
2020-08-23,2020082301015214,SICL,33,43,80,"1,242.00","99,360.00"
2020-08-23,2020082301015134,SICL,7,43,35,"1,241.00","43,435.00"
2020-08-23,2020082301015130,SICL,13,43,55,"1,241.00","68,255.00"
2020-08-23,2020082301015122,SICL,34,43,265,"1,241.00","328,865.00"
2020-08-23,2020082301015213,SICL,33,25,100,"1,242.00","124,200.00"
2020-08-23,2020082301015212,SICL,33,45,20,"1,242.00","24,840.00"
2020-08-23,2020082301015172,SICL,7,58,33,"1,241.00","40,953.00"
2020-08-23,2020082301015135,SICL,7,48,45,"1,241.00","55,845.00"
2020-08-23,2020082301015511,SIFC,1,52,50,152.00,"7,600.00"
2020-08-23,2020082301015452,SIL,35,19,50,669.00,"33,450.00"
2020-08-23,2020082301015451,SIL,35,10,50,669.00,"33,450.00"
2020-08-23,2020082301015255,SJCL,45,59,10,134.00,"1,340.00"
2020-08-23,2020082301015231,SJCL,45,59,10,134.00,"1,340.00"
2020-08-23,2020082301015175,SJCL,45,49,20,134.00,"2,680.00"
2020-08-23,2020082301015174,SJCL,45,38,20,134.00,"2,680.00"
2020-08-23,2020082301015103,SJCL,50,59,10,133.00,"1,330.00"
2020-08-23,2020082301015227,SKBBL,1,49,10,"1,280.00","12,800.00"
2020-08-23,2020082301015226,SKBBL,1,4,10,"1,280.00","12,800.00"
2020-08-23,2020082301015393,SLBS,57,39,16,913.00,"14,608.00"
2020-08-23,2020082301015392,SLBS,41,39,10,913.00,"9,130.00"
2020-08-23,2020082301015576,SLICL,43,57,453,470.00,"212,910.00"
2020-08-23,2020082301015575,SLICL,43,25,150,470.00,"70,500.00"
2020-08-23,2020082301015574,SLICL,43,41,147,470.00,"69,090.00"
2020-08-23,2020082301015573,SLICL,43,49,682,469.00,"319,858.00"
2020-08-23,2020082301015530,SLICL,34,49,318,469.00,"149,142.00"
2020-08-23,2020082301015529,SLICL,34,48,182,469.00,"85,358.00"
2020-08-23,2020082301015277,SLICL,7,56,225,469.00,"105,525.00"
2020-08-23,2020082301015276,SLICL,7,49,90,469.00,"42,210.00"
2020-08-23,2020082301015152,SLICL,17,21,50,468.00,"23,400.00"
2020-08-23,2020082301015512,SLICL,36,48,250,469.00,"117,250.00"
2020-08-23,2020082301015508,SLICL,26,57,400,468.00,"187,200.00"
2020-08-23,2020082301015459,SLICL,7,48,68,469.00,"31,892.00"
2020-08-23,2020082301015286,SLICL,26,26,50,468.00,"23,400.00"
2020-08-23,2020082301015279,SLICL,7,41,400,469.00,"187,600.00"
2020-08-23,2020082301015278,SLICL,7,50,267,469.00,"125,223.00"
2020-08-23,2020082301015096,SMB,57,45,10,882.00,"8,820.00"
2020-08-23,2020082301015310,SPDL,48,14,290,108.00,"31,320.00"
2020-08-23,2020082301015309,SPDL,48,49,15,108.00,"1,620.00"
2020-08-23,2020082301015308,SPDL,48,36,40,108.00,"4,320.00"
2020-08-23,2020082301015307,SPDL,48,58,890,108.00,"96,120.00"
2020-08-23,2020082301015306,SPDL,48,55,147,108.00,"15,876.00"
2020-08-23,2020082301015305,SPDL,48,8,200,108.00,"21,600.00"
2020-08-23,2020082301015080,SRBL,48,33,"1,300",225.00,"292,500.00"
2020-08-23,2020082301015473,STC,38,11,50,"2,751.00","137,550.00"
2020-08-23,2020082301015319,TMDBL,6,57,200,165.00,"33,000.00"
2020-08-23,2020082301015498,TRH,55,51,35,213.00,"7,455.00"
2020-08-23,2020082301015497,TRH,55,48,20,213.00,"4,260.00"
2020-08-23,2020082301015496,TRH,55,6,85,212.00,"18,020.00"
2020-08-23,2020082301015495,TRH,55,57,60,211.00,"12,660.00"
2020-08-23,2020082301015556,UIC,47,52,100,404.00,"40,400.00"
2020-08-23,2020082301015344,UIC,36,52,70,404.00,"28,280.00"
2020-08-23,2020082301015284,UIC,57,49,25,403.00,"10,075.00"
2020-08-23,2020082301015283,UIC,57,59,50,403.00,"20,150.00"
2020-08-23,2020082301015282,UIC,57,55,100,403.00,"40,300.00"
2020-08-23,2020082301015281,UIC,57,52,326,403.00,"131,378.00"
2020-08-23,2020082301015275,UIC,28,52,174,403.00,"70,122.00"
2020-08-23,2020082301015274,UIC,28,6,100,403.00,"40,300.00"
2020-08-23,2020082301015273,UIC,28,58,26,403.00,"10,478.00"
2020-08-23,2020082301015370,UNHPL,41,49,40,59.00,"2,360.00"
2020-08-23,2020082301015194,UPCL,42,39,80,71.00,"5,680.00"
2020-08-23,2020082301015097,VLBS,1,22,30,877.00,"26,310.00"
2020-08-23,2020082301015445,WOMI,22,57,65,863.00,"56,095.00"
2020-08-23,2020082301015353,WOMI,26,57,26,863.00,"22,438.00"
2020-08-23,2020082301015021,ACLBSL,44,1,10,693.00,"6,930.00"
2020-08-23,2020082301014958,ACLBSL,45,1,10,693.00,"6,930.00"
2020-08-23,2020082301014919,ACLBSL,50,39,10,692.00,"6,920.00"
2020-08-23,2020082301014811,ACLBSL,50,48,10,692.00,"6,920.00"
2020-08-23,2020082301014657,ACLBSL,50,10,10,692.00,"6,920.00"
2020-08-23,2020082301014580,ACLBSL,50,14,10,692.00,"6,920.00"
2020-08-23,2020082301015060,ADBL,56,56,5,411.00,"2,055.00"
2020-08-23,2020082301015043,ADBL,55,50,16,414.00,"6,624.00"
2020-08-23,2020082301015015,AHPC,47,56,490,94.00,"46,060.00"
2020-08-23,2020082301014912,AHPC,47,48,10,94.00,940.00
2020-08-23,2020082301014591,AHPC,42,6,200,94.00,"18,800.00"
2020-08-23,2020082301015032,AIL,48,49,10,478.00,"4,780.00"
2020-08-23,2020082301014977,AIL,16,49,10,478.00,"4,780.00"
2020-08-23,2020082301014976,AIL,49,49,100,478.00,"47,800.00"
2020-08-23,2020082301014975,AIL,21,49,10,478.00,"4,780.00"
2020-08-23,2020082301014974,AIL,41,49,10,478.00,"4,780.00"
2020-08-23,2020082301014973,AIL,45,49,50,478.00,"23,900.00"
2020-08-23,2020082301014972,AIL,26,49,110,478.00,"52,580.00"
2020-08-23,2020082301014839,AIL,26,56,10,478.00,"4,780.00"
2020-08-23,2020082301014836,AIL,26,21,110,478.00,"52,580.00"
2020-08-23,2020082301014835,AIL,26,47,10,478.00,"4,780.00"
2020-08-23,2020082301014787,AIL,26,1,10,478.00,"4,780.00"
2020-08-23,2020082301014714,AIL,26,10,10,478.00,"4,780.00"
2020-08-23,2020082301014980,ALBSL,57,36,126,671.00,"84,546.00"
2020-08-23,2020082301014879,ALBSL,57,39,11,671.00,"7,381.00"
2020-08-23,2020082301014686,ALBSL,50,57,20,673.00,"13,460.00"
2020-08-23,2020082301014616,ALBSL,50,57,30,672.00,"20,160.00"
2020-08-23,2020082301014790,ALICL,58,49,20,655.00,"13,100.00"
2020-08-23,2020082301015005,API,37,10,500,107.00,"53,500.00"
2020-08-23,2020082301015034,BFC,58,57,12,103.00,"1,236.00"
2020-08-23,2020082301014861,BOKL,28,11,10,225.00,"2,250.00"
2020-08-23,2020082301014666,BOKL,44,6,200,224.00,"44,800.00"
2020-08-23,2020082301014640,CBBL,4,6,500,"1,045.00","522,500.00"
2020-08-23,2020082301014855,CBBL,59,6,300,"1,045.00","313,500.00"
2020-08-23,2020082301014719,CBL,43,4,25,143.00,"3,575.00"
2020-08-23,2020082301014988,CCBL,1,34,10,171.00,"1,710.00"
2020-08-23,2020082301014937,CCBL,57,34,700,171.00,"119,700.00"
2020-08-23,2020082301014857,CCBL,1,34,100,171.00,"17,100.00"
2020-08-23,2020082301014682,CHCL,33,51,40,395.00,"15,800.00"
2020-08-23,2020082301014681,CHCL,33,41,10,395.00,"3,950.00"
2020-08-23,2020082301014632,CHCL,36,28,12,394.00,"4,728.00"
2020-08-23,2020082301015019,CIT,45,48,10,"2,875.00","28,750.00"
2020-08-23,2020082301014838,CIT,41,38,11,"2,868.00","31,548.00"
2020-08-23,2020082301014747,CIT,41,38,49,"2,868.00","140,532.00"
2020-08-23,2020082301014746,CIT,42,38,11,"2,874.00","31,614.00"
2020-08-23,2020082301014713,CIT,41,38,10,"2,868.00","28,680.00"
2020-08-23,2020082301014712,CIT,19,38,200,"2,870.00","574,000.00"
2020-08-23,2020082301014711,CIT,22,38,10,"2,870.00","28,700.00"
2020-08-23,2020082301014710,CIT,38,38,10,"2,870.00","28,700.00"
2020-08-23,2020082301014709,CIT,38,38,50,"2,871.00","143,550.00"
2020-08-23,2020082301014708,CIT,38,38,40,"2,871.00","114,840.00"
2020-08-23,2020082301014707,CIT,19,38,100,"2,872.00","287,200.00"
2020-08-23,2020082301014648,CORBL,10,41,27,116.00,"3,132.00"
2020-08-23,2020082301015039,CZBIL,34,10,300,192.00,"57,600.00"
2020-08-23,2020082301014786,CZBIL,34,59,100,192.00,"19,200.00"
2020-08-23,2020082301015030,DDBL,33,20,443,840.00,"372,120.00"
2020-08-23,2020082301015011,DDBL,33,52,200,840.00,"168,000.00"
2020-08-23,2020082301014878,DDBL,33,52,200,840.00,"168,000.00"
2020-08-23,2020082301014772,DDBL,33,7,50,840.00,"42,000.00"
2020-08-23,2020082301014739,DDBL,33,55,200,840.00,"168,000.00"
2020-08-23,2020082301014738,DDBL,33,25,135,840.00,"113,400.00"
2020-08-23,2020082301014731,DDBL,33,28,20,835.00,"16,700.00"
2020-08-23,2020082301014730,DDBL,33,45,30,833.00,"24,990.00"
2020-08-23,2020082301014729,DDBL,33,32,100,833.00,"83,300.00"
2020-08-23,2020082301014737,DDBL,33,43,40,838.00,"33,520.00"
2020-08-23,2020082301014736,DDBL,33,39,120,837.00,"100,440.00"
2020-08-23,2020082301014735,DDBL,33,14,60,836.00,"50,160.00"
2020-08-23,2020082301014734,DDBL,33,37,100,836.00,"83,600.00"
2020-08-23,2020082301014733,DDBL,33,32,100,836.00,"83,600.00"
2020-08-23,2020082301014732,DDBL,33,20,202,835.00,"168,670.00"
2020-08-23,2020082301014765,EBL,25,6,53,714.00,"37,842.00"
2020-08-23,2020082301014764,EBL,25,48,20,714.00,"14,280.00"
2020-08-23,2020082301014763,EBL,25,47,227,714.00,"162,078.00"
2020-08-23,2020082301014721,EBL,49,47,10,714.00,"7,140.00"
2020-08-23,2020082301014828,EDBL,43,40,761,305.00,"232,105.00"
2020-08-23,2020082301014827,EDBL,43,19,117,305.00,"35,685.00"
2020-08-23,2020082301014826,EDBL,43,22,58,305.00,"17,690.00"
2020-08-23,2020082301014584,EIC,49,57,189,453.00,"85,617.00"
2020-08-23,2020082301014994,FMDBL,51,59,20,519.00,"10,380.00"
2020-08-23,2020082301014770,FMDBL,45,59,430,519.00,"223,170.00"
2020-08-23,2020082301014769,FMDBL,38,59,"1,000",519.00,"519,000.00"
2020-08-23,2020082301014768,FMDBL,56,59,50,520.00,"26,000.00"
2020-08-23,2020082301014767,FMDBL,34,59,100,521.00,"52,100.00"
2020-08-23,2020082301014743,FMDBL,25,45,100,524.00,"52,400.00"
2020-08-23,2020082301014619,FMDBL,33,44,50,524.00,"26,200.00"
2020-08-23,2020082301014618,FMDBL,33,41,250,524.00,"131,000.00"
2020-08-23,2020082301014887,FOWAD,57,58,16,"1,510.00","24,160.00"
2020-08-23,2020082301014886,FOWAD,57,6,19,"1,509.00","28,671.00"
2020-08-23,2020082301015017,GBIME,45,55,100,251.00,"25,100.00"
2020-08-23,2020082301015016,GBIME,45,16,52,251.00,"13,052.00"
2020-08-23,2020082301014995,GBIME,57,16,50,251.00,"12,550.00"
2020-08-23,2020082301014812,GBIME,14,16,100,251.00,"25,100.00"
2020-08-23,2020082301014647,GBIME,16,16,50,251.00,"12,550.00"
2020-08-23,2020082301014952,GBLBS,56,40,10,475.00,"4,750.00"
2020-08-23,2020082301014951,GBLBS,56,10,20,473.00,"9,460.00"
2020-08-23,2020082301014933,GBLBS,56,4,15,469.00,"7,035.00"
2020-08-23,2020082301014614,GBLBS,56,14,15,469.00,"7,035.00"
2020-08-23,2020082301015009,GILB,49,16,10,"1,167.00","11,670.00"
2020-08-23,2020082301015002,GILB,49,49,102,"1,167.00","119,034.00"
2020-08-23,2020082301015001,GILB,49,38,100,"1,165.00","116,500.00"
2020-08-23,2020082301015000,GILB,49,33,50,"1,165.00","58,250.00"
2020-08-23,2020082301015054,GLICL,25,46,100,480.00,"48,000.00"
2020-08-23,2020082301014642,GLICL,48,10,150,481.00,"72,150.00"
2020-08-23,2020082301014587,GLICL,48,11,150,481.00,"72,150.00"
2020-08-23,2020082301014661,GMFBS,14,16,10,760.00,"7,600.00"
2020-08-23,2020082301014660,GMFBS,14,57,10,759.00,"7,590.00"
2020-08-23,2020082301014677,GMFIL,10,28,58,123.00,"7,134.00"
2020-08-23,2020082301015070,GRDBL,39,10,270,114.00,"30,780.00"
2020-08-23,2020082301015069,GRDBL,58,10,30,114.00,"3,420.00"
2020-08-23,2020082301015004,GRDBL,58,4,50,114.00,"5,700.00"
2020-08-23,2020082301014699,GRDBL,58,48,50,114.00,"5,700.00"
2020-08-23,2020082301014641,GRDBL,58,14,50,114.00,"5,700.00"
2020-08-23,2020082301015024,HBL,5,10,100,544.00,"54,400.00"
2020-08-23,2020082301014947,HBL,10,10,100,544.00,"54,400.00"
2020-08-23,2020082301014909,HDL,5,49,30,"1,675.00","50,250.00"
2020-08-23,2020082301014825,HDL,44,6,50,"1,688.00","84,400.00"
2020-08-23,2020082301014824,HDL,44,44,100,"1,688.00","168,800.00"
2020-08-23,2020082301014823,HDL,44,36,20,"1,685.00","33,700.00"
2020-08-23,2020082301014822,HDL,44,36,50,"1,685.00","84,250.00"
2020-08-23,2020082301014821,HDL,44,45,45,"1,684.00","75,780.00"
2020-08-23,2020082301014820,HDL,44,54,500,"1,684.00","842,000.00"
2020-08-23,2020082301014819,HDL,44,46,25,"1,683.00","42,075.00"
2020-08-23,2020082301014818,HDL,44,47,50,"1,683.00","84,150.00"
2020-08-23,2020082301014817,HDL,44,47,50,"1,683.00","84,150.00"
2020-08-23,2020082301014816,HDL,44,26,10,"1,680.00","16,800.00"
