Date,Transact. No.,Symbol,Buyer,Seller,Quantity,Rate,Amount
2019-03-14,2019031401004186,ADBL,42,59,100,302.00,"30,200.00"
2019-03-14,2019031401004180,ADBL,1,59,252,302.00,"76,104.00"
2019-03-14,2019031401004164,ADBL,42,26,100,303.00,"30,300.00"
2019-03-14,2019031401004159,ADBL,1,42,100,302.00,"30,200.00"
2019-03-14,2019031401004117,ADBL,1,6,104,302.00,"31,408.00"
2019-03-14,2019031401003864,AHPC,51,8,48,106.00,"5,088.00"
2019-03-14,2019031401003863,AHPC,51,25,952,106.00,"100,912.00"
2019-03-14,2019031401003821,AHPC,41,25,48,106.00,"5,088.00"
2019-03-14,2019031401003820,AHPC,41,16,12,105.00,"1,260.00"
2019-03-14,2019031401004211,AKPL,19,48,13,178.00,"2,314.00"
2019-03-14,2019031401004144,AKPL,19,35,13,178.00,"2,314.00"
2019-03-14,2019031401004124,AKPL,19,35,13,178.00,"2,314.00"
2019-03-14,2019031401004132,ALICL,13,13,73,397.00,"28,981.00"
2019-03-14,2019031401003854,ALICL,25,34,30,399.00,"11,970.00"
2019-03-14,2019031401003843,ALICL,25,34,60,399.00,"23,940.00"
2019-03-14,2019031401003842,ALICL,25,44,30,398.00,"11,940.00"
2019-03-14,2019031401003828,ALICL,6,44,30,398.00,"11,940.00"
2019-03-14,2019031401003859,AMFI,11,58,10,633.00,"6,330.00"
2019-03-14,2019031401003981,API,25,39,50,137.00,"6,850.00"
2019-03-14,2019031401003877,API,7,19,500,135.00,"67,500.00"
2019-03-14,2019031401004163,BARUN,39,6,10,96.00,960.00
2019-03-14,2019031401004035,BARUN,56,10,830,97.00,"80,510.00"
2019-03-14,2019031401004181,BFC,42,28,75,93.00,"6,975.00"
2019-03-14,2019031401004146,BOKL,1,26,500,252.00,"126,000.00"
2019-03-14,2019031401003984,BOKL,8,57,459,252.00,"115,668.00"
2019-03-14,2019031401003983,BOKL,8,55,109,252.00,"27,468.00"
2019-03-14,2019031401003966,BOKL,58,59,140,251.00,"35,140.00"
2019-03-14,2019031401003963,BOKL,59,59,545,251.00,"136,795.00"
2019-03-14,2019031401003925,BOKL,59,44,140,251.00,"35,140.00"
2019-03-14,2019031401004196,BPCL,41,34,10,365.00,"3,650.00"
2019-03-14,2019031401004110,BPCL,41,34,10,365.00,"3,650.00"
2019-03-14,2019031401004079,BPCL,7,43,110,366.00,"40,260.00"
2019-03-14,2019031401003931,BPCL,7,32,20,366.00,"7,320.00"
2019-03-14,2019031401003917,BPCL,7,16,10,366.00,"3,660.00"
2019-03-14,2019031401003901,BPCL,7,16,20,366.00,"7,320.00"
2019-03-14,2019031401003815,BPCL,7,38,40,366.00,"14,640.00"
2019-03-14,2019031401004191,CBBL,36,47,20,893.00,"17,860.00"
2019-03-14,2019031401003849,CBBL,54,42,99,894.00,"88,506.00"
2019-03-14,2019031401003792,CBBL,54,16,101,894.00,"90,294.00"
2019-03-14,2019031401004165,CBL,33,29,100,158.00,"15,800.00"
2019-03-14,2019031401004056,CBL,33,44,200,158.00,"31,600.00"
2019-03-14,2019031401003867,CBL,1,44,10,159.00,"1,590.00"
2019-03-14,2019031401003851,CBL,44,38,62,157.00,"9,734.00"
2019-03-14,2019031401003832,CBL,13,13,24,158.00,"3,792.00"
2019-03-14,2019031401003829,CBL,13,13,24,158.00,"3,792.00"
2019-03-14,2019031401003811,CBL,1,44,10,159.00,"1,590.00"
2019-03-14,2019031401003810,CBL,1,17,90,158.00,"14,220.00"
2019-03-14,2019031401003769,CBL,44,3,10,157.00,"1,570.00"
2019-03-14,2019031401004171,CCBL,48,1,144,166.00,"23,904.00"
2019-03-14,2019031401004170,CCBL,47,6,23,165.00,"3,795.00"
2019-03-14,2019031401003766,CCBL,43,17,100,166.00,"16,600.00"
2019-03-14,2019031401003765,CCBL,43,51,100,166.00,"16,600.00"
2019-03-14,2019031401003991,CHCL,13,13,148,517.00,"76,516.00"
2019-03-14,2019031401003827,CHCL,1,33,74,516.00,"38,184.00"
2019-03-14,2019031401003743,CHCL,1,53,20,516.00,"10,320.00"
2019-03-14,2019031401004011,CHLBS,53,33,40,560.00,"22,400.00"
2019-03-14,2019031401004010,CHLBS,38,33,10,560.00,"5,600.00"
2019-03-14,2019031401004009,CHLBS,44,33,30,561.00,"16,830.00"
2019-03-14,2019031401004221,CIT,57,38,13,"2,625.00","34,125.00"
2019-03-14,2019031401004220,CIT,34,38,15,"2,625.00","39,375.00"
2019-03-14,2019031401004219,CIT,44,38,30,"2,626.00","78,780.00"
2019-03-14,2019031401004218,CIT,39,38,50,"2,626.00","131,300.00"
2019-03-14,2019031401004217,CIT,1,38,43,"2,628.00","113,004.00"
2019-03-14,2019031401004216,CIT,19,38,10,"2,630.00","26,300.00"
2019-03-14,2019031401004215,CIT,43,38,20,"2,630.00","52,600.00"
2019-03-14,2019031401004214,CIT,42,38,11,"2,630.00","28,930.00"
2019-03-14,2019031401003790,CIT,1,57,26,"2,628.00","68,328.00"
2019-03-14,2019031401003786,CIT,1,28,31,"2,628.00","81,468.00"
2019-03-14,2019031401003785,CIT,17,28,69,"2,630.00","181,470.00"
2019-03-14,2019031401003770,CIT,17,57,31,"2,630.00","81,530.00"
2019-03-14,2019031401004102,CLBSL,47,40,10,612.00,"6,120.00"
2019-03-14,2019031401004113,CZBIL,33,59,10,210.00,"2,100.00"
2019-03-14,2019031401004103,CZBIL,33,34,10,210.00,"2,100.00"
2019-03-14,2019031401003980,CZBIL,57,57,78,210.00,"16,380.00"
2019-03-14,2019031401003907,CZBIL,53,13,200,210.00,"42,000.00"
2019-03-14,2019031401003757,CZBIL,50,16,100,209.00,"20,900.00"
2019-03-14,2019031401004104,DBBL,57,34,"1,000",127.00,"127,000.00"
2019-03-14,2019031401003817,DBBL,36,19,50,126.00,"6,300.00"
2019-03-14,2019031401004131,DDBL,4,19,67,600.00,"40,200.00"
2019-03-14,2019031401004130,DDBL,4,32,33,600.00,"19,800.00"
2019-03-14,2019031401004179,DHPL,45,6,10,90.00,900.00
2019-03-14,2019031401004145,EBL,8,13,300,540.00,"162,000.00"
2019-03-14,2019031401003986,EDBL,17,14,108,290.00,"31,320.00"
2019-03-14,2019031401003923,EIC,17,52,50,855.00,"42,750.00"
2019-03-14,2019031401003922,EIC,17,17,35,855.00,"29,925.00"
2019-03-14,2019031401004101,FMDBL,57,32,100,375.00,"37,500.00"
2019-03-14,2019031401004070,FMDBL,47,41,200,376.00,"75,200.00"
2019-03-14,2019031401003997,FMDBL,57,49,300,375.00,"112,500.00"
2019-03-14,2019031401003996,FMDBL,57,17,100,374.00,"37,400.00"
2019-03-14,2019031401004087,GBBL,19,50,930,193.00,"179,490.00"
2019-03-14,2019031401004086,GBBL,19,32,416,193.00,"80,288.00"
2019-03-14,2019031401004085,GBBL,19,32,"1,000",192.00,"192,000.00"
2019-03-14,2019031401004008,GBBL,57,32,84,193.00,"16,212.00"
2019-03-14,2019031401004007,GBBL,57,57,"1,001",193.00,"193,193.00"
2019-03-14,2019031401004006,GBBL,57,56,201,192.00,"38,592.00"
2019-03-14,2019031401003878,GBBL,26,21,145,190.00,"27,550.00"
2019-03-14,2019031401004005,GBBL,57,40,500,192.00,"96,000.00"
2019-03-14,2019031401004004,GBBL,57,39,200,191.00,"38,200.00"
2019-03-14,2019031401004003,GBBL,57,32,430,191.00,"82,130.00"
2019-03-14,2019031401004002,GBBL,57,14,200,190.00,"38,000.00"
2019-03-14,2019031401004001,GBBL,57,22,100,190.00,"19,000.00"
2019-03-14,2019031401004000,GBBL,57,21,284,190.00,"53,960.00"
2019-03-14,2019031401004228,GBLBS,5,50,400,460.00,"184,000.00"
2019-03-14,2019031401004227,GBLBS,5,34,10,459.00,"4,590.00"
2019-03-14,2019031401004031,GBLBS,36,35,20,456.00,"9,120.00"
2019-03-14,2019031401004026,GBLBS,49,37,10,455.00,"4,550.00"
2019-03-14,2019031401003990,GBLBS,16,35,80,456.00,"36,480.00"
2019-03-14,2019031401003924,GBLBS,16,38,10,456.00,"4,560.00"
2019-03-14,2019031401003906,GBLBS,16,38,10,456.00,"4,560.00"
2019-03-14,2019031401003853,GBLBS,49,34,10,461.00,"4,610.00"
2019-03-14,2019031401004160,GDBL,34,32,925,189.00,"174,825.00"
2019-03-14,2019031401004154,GDBL,26,32,75,189.00,"14,175.00"
2019-03-14,2019031401004153,GDBL,26,42,150,189.00,"28,350.00"
2019-03-14,2019031401003833,GDBL,42,53,450,188.00,"84,600.00"
2019-03-14,2019031401003948,GDBL,34,29,155,189.00,"29,295.00"
2019-03-14,2019031401003838,GDBL,42,29,145,189.00,"27,405.00"
2019-03-14,2019031401003837,GDBL,42,29,100,189.00,"18,900.00"
2019-03-14,2019031401003836,GDBL,42,45,100,189.00,"18,900.00"
2019-03-14,2019031401003835,GDBL,42,56,105,189.00,"19,845.00"
2019-03-14,2019031401003834,GDBL,42,45,100,189.00,"18,900.00"
2019-03-14,2019031401004069,GDBL,26,49,500,190.00,"95,000.00"
2019-03-14,2019031401003950,GDBL,34,41,99,189.00,"18,711.00"
2019-03-14,2019031401003949,GDBL,34,41,200,189.00,"37,800.00"
2019-03-14,2019031401004155,GFCL,35,43,48,119.00,"5,712.00"
2019-03-14,2019031401003791,GIMES1,53,54,"5,000",7.85,"39,250.00"
2019-03-14,2019031401003782,GIMES1,53,54,"4,650",7.85,"36,502.50"
2019-03-14,2019031401003781,GIMES1,47,54,350,7.90,"2,765.00"
2019-03-14,2019031401003855,GLICL,51,49,26,746.00,"19,396.00"
2019-03-14,2019031401003816,HBL,39,17,400,468.00,"187,200.00"
2019-03-14,2019031401003783,HGI,32,56,80,389.00,"31,120.00"
2019-03-14,2019031401004166,HIDCL,26,42,269,134.00,"36,046.00"
2019-03-14,2019031401004075,HIDCL,26,29,682,134.00,"91,388.00"
2019-03-14,2019031401004074,HIDCL,11,29,17,135.00,"2,295.00"
2019-03-14,2019031401003874,HIDCL,11,29,33,135.00,"4,455.00"
2019-03-14,2019031401003873,HIDCL,14,29,10,135.00,"1,350.00"
2019-03-14,2019031401003742,HIDCL,22,29,20,136.00,"2,720.00"
2019-03-14,2019031401004081,ICFC,13,34,610,154.00,"93,940.00"
2019-03-14,2019031401004080,ICFC,13,58,100,154.00,"15,400.00"
2019-03-14,2019031401003999,IGI,53,17,50,418.00,"20,900.00"
2019-03-14,2019031401003998,IGI,53,49,50,418.00,"20,900.00"
2019-03-14,2019031401003763,IGI,19,49,30,418.00,"12,540.00"
2019-03-14,2019031401003903,JBBL,13,13,31,141.00,"4,371.00"
2019-03-14,2019031401003902,JBBL,13,13,15,141.00,"2,115.00"
2019-03-14,2019031401004229,JBNL,10,26,50,171.00,"8,550.00"
2019-03-14,2019031401004136,JBNL,19,34,150,172.00,"25,800.00"
2019-03-14,2019031401004133,JBNL,10,42,100,171.00,"17,100.00"
2019-03-14,2019031401004114,JBNL,38,34,"1,000",172.00,"172,000.00"
2019-03-14,2019031401004095,JBNL,16,34,100,172.00,"17,200.00"
2019-03-14,2019031401004068,JBNL,1,34,10,172.00,"1,720.00"
2019-03-14,2019031401004038,JBNL,10,34,822,171.00,"140,562.00"
2019-03-14,2019031401004037,JBNL,38,34,500,171.00,"85,500.00"
2019-03-14,2019031401004036,JBNL,36,34,678,171.00,"115,938.00"
2019-03-14,2019031401003992,KADBL,18,16,10,164.00,"1,640.00"
2019-03-14,2019031401003848,KBBL,39,45,59,209.00,"12,331.00"
2019-03-14,2019031401003847,KBBL,44,45,200,209.00,"41,800.00"
2019-03-14,2019031401004178,KBL,54,7,50,239.00,"11,950.00"
2019-03-14,2019031401004177,KBL,21,7,100,239.00,"23,900.00"
2019-03-14,2019031401004120,KBL,16,54,50,240.00,"12,000.00"
2019-03-14,2019031401004112,KBL,21,42,100,239.00,"23,900.00"
2019-03-14,2019031401004055,KBL,35,54,263,240.00,"63,120.00"
2019-03-14,2019031401004054,KBL,35,38,127,240.00,"30,480.00"
2019-03-14,2019031401004203,KKHC,42,6,16,78.00,"1,248.00"
2019-03-14,2019031401004025,KMCDB,54,38,30,845.00,"25,350.00"
2019-03-14,2019031401003926,KPCL,49,16,10,97.00,970.00
2019-03-14,2019031401003909,KPCL,49,16,10,97.00,970.00
2019-03-14,2019031401004230,KRBL,5,6,12,97.00,"1,164.00"
2019-03-14,2019031401003789,KRBL,5,51,223,97.00,"21,631.00"
2019-03-14,2019031401004123,LBBL,54,16,500,173.00,"86,500.00"
2019-03-14,2019031401003915,LBBL,48,5,496,173.00,"85,808.00"
2019-03-14,2019031401003914,LBBL,48,16,"1,304",173.00,"225,592.00"
2019-03-14,2019031401003777,LBBL,34,5,250,172.00,"43,000.00"
2019-03-14,2019031401004107,LBL,39,48,16,197.00,"3,152.00"
2019-03-14,2019031401004106,LBL,36,48,784,197.00,"154,448.00"
2019-03-14,2019031401004078,LBL,36,49,31,197.00,"6,107.00"
2019-03-14,2019031401004072,LBL,19,50,100,198.00,"19,800.00"
2019-03-14,2019031401004066,LBL,5,50,20,198.00,"3,960.00"
2019-03-14,2019031401003972,LBL,19,50,100,198.00,"19,800.00"
2019-03-14,2019031401003904,LBL,20,50,50,198.00,"9,900.00"
2019-03-14,2019031401003861,LGIL,42,38,25,516.00,"12,900.00"
2019-03-14,2019031401004213,MBL,38,17,50,221.00,"11,050.00"
2019-03-14,2019031401004212,MBL,57,17,100,221.00,"22,100.00"
2019-03-14,2019031401004137,MBL,57,16,200,221.00,"44,200.00"
2019-03-14,2019031401004119,MBL,57,42,100,221.00,"22,100.00"
2019-03-14,2019031401004058,MBL,57,49,100,221.00,"22,100.00"
2019-03-14,2019031401004057,MBL,33,49,200,221.00,"44,200.00"
2019-03-14,2019031401003916,MBL,46,39,200,222.00,"44,400.00"
2019-03-14,2019031401003839,MBL,44,39,50,222.00,"11,100.00"
2019-03-14,2019031401004150,MDB,34,38,300,236.00,"70,800.00"
2019-03-14,2019031401004149,MDB,34,51,100,235.00,"23,500.00"
2019-03-14,2019031401003880,MDB,11,38,31,232.00,"7,192.00"
2019-03-14,2019031401004188,MEGA,21,49,100,166.00,"16,600.00"
2019-03-14,2019031401004034,MEGA,17,42,182,166.00,"30,212.00"
2019-03-14,2019031401004033,MEGA,17,50,641,166.00,"106,406.00"
2019-03-14,2019031401003965,MEGA,57,50,950,166.00,"157,700.00"
2019-03-14,2019031401003921,MEGA,42,50,20,166.00,"3,320.00"
2019-03-14,2019031401003927,MIDBL,59,59,30,160.00,"4,800.00"
2019-03-14,2019031401003908,MIDBL,38,13,581,159.00,"92,379.00"
2019-03-14,2019031401004190,MLBL,32,42,500,172.00,"86,000.00"
2019-03-14,2019031401004141,MLBL,32,28,101,172.00,"17,372.00"
2019-03-14,2019031401004140,MLBL,32,34,"1,000",172.00,"172,000.00"
2019-03-14,2019031401004041,MLBL,32,39,"3,000",173.00,"519,000.00"
2019-03-14,2019031401004040,MLBL,32,29,240,173.00,"41,520.00"
2019-03-14,2019031401004039,MLBL,32,7,400,173.00,"69,200.00"
2019-03-14,2019031401003967,MLBL,13,13,21,171.00,"3,591.00"
2019-03-14,2019031401003962,MLBL,13,13,33,171.00,"5,643.00"
2019-03-14,2019031401004098,MMFDB,54,58,10,941.00,"9,410.00"
2019-03-14,2019031401004097,MMFDB,25,58,10,941.00,"9,410.00"
2019-03-14,2019031401004109,MNBBL,19,43,179,347.00,"62,113.00"
2019-03-14,2019031401004108,MNBBL,19,28,854,346.00,"295,484.00"
2019-03-14,2019031401004051,MNBBL,45,42,190,342.00,"64,980.00"
2019-03-14,2019031401004050,MNBBL,49,42,100,344.00,"34,400.00"
2019-03-14,2019031401004049,MNBBL,25,42,10,345.00,"3,450.00"
2019-03-14,2019031401003825,MNBBL,1,38,113,346.00,"39,098.00"
2019-03-14,2019031401003751,MNBBL,44,43,100,347.00,"34,700.00"
2019-03-14,2019031401004048,MNBBL,44,42,200,345.00,"69,000.00"
2019-03-14,2019031401004047,MNBBL,52,42,50,345.00,"17,250.00"
2019-03-14,2019031401004024,MNBBL,40,28,100,346.00,"34,600.00"
2019-03-14,2019031401004023,MNBBL,17,28,200,346.00,"69,200.00"
2019-03-14,2019031401004022,MNBBL,1,28,846,346.00,"292,716.00"
2019-03-14,2019031401003961,MNBBL,22,43,50,347.00,"17,350.00"
2019-03-14,2019031401004237,NABIL,29,42,100,715.00,"71,500.00"
2019-03-14,2019031401004204,NABIL,29,42,100,715.00,"71,500.00"
2019-03-14,2019031401004158,NABIL,29,29,40,715.00,"28,600.00"
2019-03-14,2019031401004157,NABIL,38,29,50,715.00,"35,750.00"
2019-03-14,2019031401004156,NABIL,25,29,10,715.00,"7,150.00"
2019-03-14,2019031401003841,NABIL,58,40,70,719.00,"50,330.00"
2019-03-14,2019031401003840,NABIL,58,53,30,719.00,"21,570.00"
2019-03-14,2019031401003750,NABIL,29,40,420,719.00,"301,980.00"
2019-03-14,2019031401003749,NABIL,42,45,100,720.00,"72,000.00"
2019-03-14,2019031401004052,NABILP,42,35,13,683.00,"8,879.00"
2019-03-14,2019031401003856,NABILP,59,40,150,683.00,"102,450.00"
2019-03-14,2019031401003754,NABILP,17,40,150,683.00,"102,450.00"
2019-03-14,2019031401004096,NBB,19,6,55,198.00,"10,890.00"
2019-03-14,2019031401003824,NBB,38,50,649,198.00,"128,502.00"
2019-03-14,2019031401003823,NBB,38,7,351,198.00,"69,498.00"
2019-03-14,2019031401003773,NBB,7,7,149,198.00,"29,502.00"
2019-03-14,2019031401003772,NBB,7,58,101,198.00,"19,998.00"
2019-03-14,2019031401003771,NBB,7,28,150,198.00,"29,700.00"
2019-03-14,2019031401003970,NBB,45,6,445,198.00,"88,110.00"
2019-03-14,2019031401003969,NBB,45,14,14,198.00,"2,772.00"
2019-03-14,2019031401003968,NBB,45,50,341,198.00,"67,518.00"
2019-03-14,2019031401003862,NBB,48,50,10,198.00,"1,980.00"
2019-03-14,2019031401003974,NBBL,6,16,100,630.00,"63,000.00"
2019-03-14,2019031401004061,NBL,52,45,10,292.00,"2,920.00"
2019-03-14,2019031401004060,NBL,52,36,590,292.00,"172,280.00"
2019-03-14,2019031401003989,NBL,41,34,850,291.00,"247,350.00"
2019-03-14,2019031401003964,NBL,41,5,100,291.00,"29,100.00"
2019-03-14,2019031401003936,NBL,17,38,50,290.00,"14,500.00"
2019-03-14,2019031401003858,NBL,45,46,"1,000",291.00,"291,000.00"
2019-03-14,2019031401003857,NBL,45,13,916,291.00,"266,556.00"
2019-03-14,2019031401003758,NBL,7,13,400,291.00,"116,400.00"
2019-03-14,2019031401004152,NCCB,36,32,892,214.00,"190,888.00"
2019-03-14,2019031401004151,NCCB,36,58,"1,350",214.00,"288,900.00"
2019-03-14,2019031401004129,NCCB,16,34,183,213.00,"38,979.00"
2019-03-14,2019031401004128,NCCB,17,34,50,213.00,"10,650.00"
2019-03-14,2019031401004127,NCCB,10,34,300,213.00,"63,900.00"
2019-03-14,2019031401004126,NCCB,25,34,100,213.00,"21,300.00"
2019-03-14,2019031401003932,NCCB,43,13,358,214.00,"76,612.00"
2019-03-14,2019031401003871,NCCB,38,13,50,214.00,"10,700.00"
2019-03-14,2019031401003870,NCCB,51,13,50,214.00,"10,700.00"
2019-03-14,2019031401003869,NCCB,42,13,810,214.00,"173,340.00"
2019-03-14,2019031401003819,NCCB,42,45,190,214.00,"40,660.00"
2019-03-14,2019031401004125,NCCB,34,34,"1,167",213.00,"248,571.00"
2019-03-14,2019031401004122,NCCB,32,58,150,214.00,"32,100.00"
2019-03-14,2019031401004071,NCCB,39,58,500,214.00,"107,000.00"
2019-03-14,2019031401004046,NCCB,51,58,"1,000",214.00,"214,000.00"
2019-03-14,2019031401004014,NCCB,34,34,"2,000",213.00,"426,000.00"
2019-03-14,2019031401003933,NCCB,43,44,"2,000",214.00,"428,000.00"
2019-03-14,2019031401003954,NCDB,57,43,400,120.00,"48,000.00"
2019-03-14,2019031401003912,NCDB,18,39,25,121.00,"3,025.00"
2019-03-14,2019031401003881,NGPL,50,39,734,130.00,"95,420.00"
2019-03-14,2019031401003911,NHPC,58,33,80,71.00,"5,680.00"
2019-03-14,2019031401003776,NIB,25,50,30,535.00,"16,050.00"
2019-03-14,2019031401003775,NIB,25,50,30,535.00,"16,050.00"
2019-03-14,2019031401003774,NIB,25,17,140,535.00,"74,900.00"
2019-03-14,2019031401003762,NIB,42,57,100,535.00,"53,500.00"
2019-03-14,2019031401004195,NIBPO,48,8,24,489.00,"11,736.00"
2019-03-14,2019031401004194,NIBPO,48,35,50,489.00,"24,450.00"
2019-03-14,2019031401004193,NIBPO,48,25,26,489.00,"12,714.00"
2019-03-14,2019031401003779,NIBPO,42,22,100,488.00,"48,800.00"
2019-03-14,2019031401004147,NICA,54,45,220,399.00,"87,780.00"
2019-03-14,2019031401004053,NICA,54,37,100,399.00,"39,900.00"
2019-03-14,2019031401003761,NICA,54,37,66,399.00,"26,334.00"
2019-03-14,2019031401003760,NICA,45,37,100,399.00,"39,900.00"
2019-03-14,2019031401004105,NICL,46,40,20,382.00,"7,640.00"
2019-03-14,2019031401003919,NICL,45,40,300,380.00,"114,000.00"
2019-03-14,2019031401003918,NICL,32,40,300,380.00,"114,000.00"
2019-03-14,2019031401003960,NLBBL,29,33,100,458.00,"45,800.00"
2019-03-14,2019031401003959,NLBBL,29,33,10,460.00,"4,600.00"
2019-03-14,2019031401004013,NLG,25,45,10,834.00,"8,340.00"
2019-03-14,2019031401003988,NLG,26,58,200,825.00,"165,000.00"
2019-03-14,2019031401003987,NLG,26,37,25,825.00,"20,625.00"
2019-03-14,2019031401004224,NLIC,59,16,17,"1,108.00","18,836.00"
2019-03-14,2019031401004135,NLIC,59,42,41,"1,108.00","45,428.00"
2019-03-14,2019031401004134,NLIC,54,42,183,"1,108.00","202,764.00"
2019-03-14,2019031401004045,NLIC,32,19,39,"1,109.00","43,251.00"
2019-03-14,2019031401003979,NLIC,14,25,55,"1,109.00","60,995.00"
2019-03-14,2019031401003978,NLIC,14,56,17,"1,109.00","18,853.00"
2019-03-14,2019031401003975,NLIC,54,59,17,"1,108.00","18,836.00"
2019-03-14,2019031401003935,NLIC,35,56,83,"1,109.00","92,047.00"
2019-03-14,2019031401003934,NLIC,35,6,17,"1,109.00","18,853.00"
2019-03-14,2019031401003778,NLIC,36,19,100,"1,108.00","110,800.00"
2019-03-14,2019031401004235,NLICL,44,57,360,669.00,"240,840.00"
2019-03-14,2019031401004234,NLICL,44,50,40,669.00,"26,760.00"
2019-03-14,2019031401004233,NLICL,44,50,100,669.00,"66,900.00"
2019-03-14,2019031401004231,NLICL,54,46,66,668.00,"44,088.00"
2019-03-14,2019031401004223,NLICL,19,46,100,669.00,"66,900.00"
2019-03-14,2019031401004222,NLICL,19,56,100,669.00,"66,900.00"
2019-03-14,2019031401003796,NLICL,39,34,50,665.00,"33,250.00"
2019-03-14,2019031401003795,NLICL,34,34,70,665.00,"46,550.00"
2019-03-14,2019031401003794,NLICL,41,34,200,665.00,"133,000.00"
2019-03-14,2019031401003793,NLICL,11,34,28,665.00,"18,620.00"
2019-03-14,2019031401004016,NLICL,5,34,20,666.00,"13,320.00"
2019-03-14,2019031401004015,NLICL,41,34,378,667.00,"252,126.00"
2019-03-14,2019031401003951,NLICL,5,59,30,666.00,"19,980.00"
2019-03-14,2019031401003868,NLICL,54,59,700,666.00,"466,200.00"
2019-03-14,2019031401003798,NLICL,37,34,258,664.00,"171,312.00"
2019-03-14,2019031401003797,NLICL,32,34,100,665.00,"66,500.00"
2019-03-14,2019031401004138,NLICL,54,35,200,667.00,"133,400.00"
2019-03-14,2019031401004077,NLICL,54,48,551,667.00,"367,517.00"
2019-03-14,2019031401004076,NLICL,41,48,10,667.00,"6,670.00"
2019-03-14,2019031401004067,NLICL,48,51,80,665.00,"53,200.00"
2019-03-14,2019031401004062,NLICL,48,35,150,665.00,"99,750.00"
2019-03-14,2019031401004017,NLICL,48,34,40,665.00,"26,600.00"
2019-03-14,2019031401004202,NLICL,54,14,200,668.00,"133,600.00"
2019-03-14,2019031401004201,NLICL,54,17,60,668.00,"40,080.00"
2019-03-14,2019031401004192,NLICL,17,17,150,668.00,"100,200.00"
2019-03-14,2019031401004189,NLICL,54,17,449,668.00,"299,932.00"
2019-03-14,2019031401004161,NLICL,21,17,30,668.00,"20,040.00"
2019-03-14,2019031401004139,NLICL,54,13,300,667.00,"200,100.00"
2019-03-14,2019031401004226,NMB,1,17,300,325.00,"97,500.00"
2019-03-14,2019031401004225,NMB,1,41,574,325.00,"186,550.00"
2019-03-14,2019031401004168,NMB,13,42,100,324.00,"32,400.00"
2019-03-14,2019031401004167,NMB,13,6,22,324.00,"7,128.00"
2019-03-14,2019031401004121,NNLB,22,48,30,468.00,"14,040.00"
2019-03-14,2019031401004083,NNLB,51,48,50,468.00,"23,400.00"
2019-03-14,2019031401004073,NSEWA,19,38,10,540.00,"5,400.00"
2019-03-14,2019031401003930,NSEWA,19,6,10,540.00,"5,400.00"
2019-03-14,2019031401004236,NTC,59,19,10,685.00,"6,850.00"
2019-03-14,2019031401004030,NTC,1,28,135,680.00,"91,800.00"
2019-03-14,2019031401004029,NTC,7,28,50,681.00,"34,050.00"
2019-03-14,2019031401004028,NTC,6,28,500,681.00,"340,500.00"
2019-03-14,2019031401004027,NTC,25,28,10,681.00,"6,810.00"
2019-03-14,2019031401003784,NTC,6,47,300,685.00,"205,500.00"
2019-03-14,2019031401003952,NTC,7,47,65,684.00,"44,460.00"
2019-03-14,2019031401003937,NTC,7,47,135,684.00,"92,340.00"
2019-03-14,2019031401004232,NUBL,4,5,100,745.00,"74,500.00"
2019-03-14,2019031401004032,NUBL,14,38,80,745.00,"59,600.00"
2019-03-14,2019031401004200,OHL,42,16,100,431.00,"43,100.00"
2019-03-14,2019031401004199,OHL,42,58,61,430.00,"26,230.00"
2019-03-14,2019031401004100,PCBL,29,49,11,320.00,"3,520.00"
2019-03-14,2019031401003876,PCBL,29,44,605,320.00,"193,600.00"
2019-03-14,2019031401004088,PFL,3,34,16,132.00,"2,112.00"
2019-03-14,2019031401003971,PFL,3,34,13,132.00,"1,716.00"
2019-03-14,2019031401003958,PIC,48,38,11,"1,031.00","11,341.00"
2019-03-14,2019031401004116,PICL,39,44,100,703.00,"70,300.00"
2019-03-14,2019031401004169,PLIC,11,42,100,458.00,"45,800.00"
2019-03-14,2019031401004118,PLIC,17,51,54,458.00,"24,732.00"
2019-03-14,2019031401003973,PLIC,17,52,296,458.00,"135,568.00"
2019-03-14,2019031401003956,PLIC,17,42,100,456.00,"45,600.00"
2019-03-14,2019031401003955,PLIC,17,53,50,455.00,"22,750.00"
2019-03-14,2019031401003889,PLIC,7,34,86,449.00,"38,614.00"
2019-03-14,2019031401003888,PLIC,33,34,"1,000",450.00,"450,000.00"
2019-03-14,2019031401003887,PLIC,11,34,25,450.00,"11,250.00"
2019-03-14,2019031401003886,PLIC,50,34,50,450.00,"22,500.00"
2019-03-14,2019031401003885,PLIC,35,34,200,452.00,"90,400.00"
2019-03-14,2019031401003884,PLIC,42,34,700,453.00,"317,100.00"
2019-03-14,2019031401004176,PMHPL,42,11,10,112.00,"1,120.00"
2019-03-14,2019031401004175,PMHPL,42,21,10,112.00,"1,120.00"
2019-03-14,2019031401004174,PMHPL,42,21,10,112.00,"1,120.00"
2019-03-14,2019031401004099,PMHPL,39,34,10,111.00,"1,110.00"
2019-03-14,2019031401004021,PMHPL,39,34,10,111.00,"1,110.00"
2019-03-14,2019031401003850,PMHPL,39,16,10,111.00,"1,110.00"
2019-03-14,2019031401003929,PRIN,48,21,100,424.00,"42,400.00"
2019-03-14,2019031401003897,PRIN,32,25,50,425.00,"21,250.00"
2019-03-14,2019031401003896,PRIN,32,46,200,425.00,"85,000.00"
2019-03-14,2019031401003895,PRIN,32,49,450,425.00,"191,250.00"
2019-03-14,2019031401003894,PRIN,32,28,500,425.00,"212,500.00"
2019-03-14,2019031401003893,PRIN,32,26,50,424.00,"21,200.00"
2019-03-14,2019031401003892,PRIN,32,51,100,424.00,"42,400.00"
2019-03-14,2019031401003891,PRIN,32,39,100,424.00,"42,400.00"
2019-03-14,2019031401003890,PRIN,32,53,50,422.00,"21,100.00"
2019-03-14,2019031401004143,PRVU,17,42,26,235.00,"6,110.00"
2019-03-14,2019031401004142,PRVU,46,42,49,235.00,"11,515.00"
2019-03-14,2019031401004044,PRVU,19,29,200,236.00,"47,200.00"
2019-03-14,2019031401003953,PRVU,53,53,5,235.00,"1,175.00"
2019-03-14,2019031401003957,RADHI,50,16,11,166.00,"1,826.00"
2019-03-14,2019031401003913,RADHI,50,6,11,166.00,"1,826.00"
2019-03-14,2019031401003883,RBCLPO,33,34,30,"8,460.00","253,800.00"
2019-03-14,2019031401003755,RBCLPO,59,34,10,"8,460.00","84,600.00"
2019-03-14,2019031401003928,RRHP,39,16,10,100.00,"1,000.00"
2019-03-14,2019031401003818,RRHP,39,59,660,99.00,"65,340.00"
2019-03-14,2019031401003753,RRHP,55,59,500,98.00,"49,000.00"
2019-03-14,2019031401003752,RRHP,55,59,50,98.00,"4,900.00"
2019-03-14,2019031401004094,SADBL,36,32,100,146.00,"14,600.00"
2019-03-14,2019031401004093,SADBL,36,49,40,146.00,"5,840.00"
2019-03-14,2019031401004092,SADBL,36,45,"1,000",146.00,"146,000.00"
2019-03-14,2019031401004091,SADBL,36,26,"1,000",146.00,"146,000.00"
2019-03-14,2019031401004090,SADBL,36,53,103,146.00,"15,038.00"
2019-03-14,2019031401004089,SADBL,36,53,35,146.00,"5,110.00"
2019-03-14,2019031401004082,SANIMA,45,42,500,306.00,"153,000.00"
2019-03-14,2019031401004012,SANIMA,7,28,20,307.00,"6,140.00"
2019-03-14,2019031401003900,SANIMA,45,28,530,307.00,"162,710.00"
2019-03-14,2019031401003899,SANIMA,45,13,595,307.00,"182,665.00"
2019-03-14,2019031401003898,SANIMA,45,49,400,306.00,"122,400.00"
2019-03-14,2019031401003831,SANIMA,1,33,33,305.00,"10,065.00"
2019-03-14,2019031401003830,SANIMA,48,33,67,306.00,"20,502.00"
2019-03-14,2019031401003746,SANIMA,48,16,100,306.00,"30,600.00"
2019-03-14,2019031401004172,SBL,1,43,100,295.00,"29,500.00"
2019-03-14,2019031401004210,SCB,36,47,223,574.00,"128,002.00"
2019-03-14,2019031401004209,SCB,36,56,80,573.00,"45,840.00"
2019-03-14,2019031401004208,SCB,36,32,90,573.00,"51,570.00"
2019-03-14,2019031401004207,SCB,36,56,20,572.00,"11,440.00"
2019-03-14,2019031401004206,SCB,36,56,20,572.00,"11,440.00"
2019-03-14,2019031401004205,SCB,36,25,100,572.00,"57,200.00"
2019-03-14,2019031401003938,SCB,8,37,50,569.00,"28,450.00"
2019-03-14,2019031401003882,SCB,42,11,30,569.00,"17,070.00"
2019-03-14,2019031401003756,SCB,42,25,20,569.00,"11,380.00"
2019-03-14,2019031401003944,SCB,8,21,15,570.00,"8,550.00"
2019-03-14,2019031401003943,SCB,8,29,40,570.00,"22,800.00"
2019-03-14,2019031401003942,SCB,8,40,50,570.00,"28,500.00"
2019-03-14,2019031401003941,SCB,8,39,100,570.00,"57,000.00"
2019-03-14,2019031401003940,SCB,8,47,90,570.00,"51,300.00"
2019-03-14,2019031401003939,SCB,8,32,100,570.00,"57,000.00"
2019-03-14,2019031401004111,SCB,58,32,10,573.00,"5,730.00"
2019-03-14,2019031401004065,SCB,39,49,"1,181",570.00,"673,170.00"
2019-03-14,2019031401004064,SCB,39,41,115,569.00,"65,435.00"
2019-03-14,2019031401003947,SCB,8,46,140,570.00,"79,800.00"
2019-03-14,2019031401003946,SCB,8,28,100,570.00,"57,000.00"
2019-03-14,2019031401003945,SCB,8,35,100,570.00,"57,000.00"
2019-03-14,2019031401004162,SEF,53,26,"50,000",9.44,"472,000.00"
2019-03-14,2019031401003879,SEF,45,58,"2,200",9.35,"20,570.00"
2019-03-14,2019031401004185,SIC,1,45,231,"1,310.00","302,610.00"
2019-03-14,2019031401004184,SIC,1,13,100,"1,309.00","130,900.00"
2019-03-14,2019031401004183,SIC,1,57,90,"1,309.00","117,810.00"
2019-03-14,2019031401004182,SIC,1,34,13,"1,308.00","17,004.00"
2019-03-14,2019031401003814,SIC,34,17,20,"1,300.00","26,000.00"
2019-03-14,2019031401003813,SIC,34,56,158,"1,300.00","205,400.00"
2019-03-14,2019031401003812,SIC,34,13,50,"1,300.00","65,000.00"
2019-03-14,2019031401004043,SIFC,34,53,10,139.00,"1,390.00"
2019-03-14,2019031401004042,SIFC,34,45,65,138.00,"8,970.00"
2019-03-14,2019031401003905,SIL,52,43,50,621.00,"31,050.00"
2019-03-14,2019031401003875,SIL,5,37,200,620.00,"124,000.00"
2019-03-14,2019031401003780,SIL,44,37,300,618.00,"185,400.00"
2019-03-14,2019031401004198,SINDU,56,34,480,121.00,"58,080.00"
2019-03-14,2019031401004197,SINDU,56,29,80,121.00,"9,680.00"
2019-03-14,2019031401004173,SINDU,1,57,50,120.00,"6,000.00"
2019-03-14,2019031401004148,SINDU,35,57,100,120.00,"12,000.00"
2019-03-14,2019031401004059,SINDU,58,26,197,119.00,"23,443.00"
2019-03-14,2019031401003993,SLBS,41,39,16,960.00,"15,360.00"
2019-03-14,2019031401003910,SLBSL,18,38,10,764.00,"7,640.00"
2019-03-14,2019031401003872,SLBSL,18,17,10,760.00,"7,600.00"
2019-03-14,2019031401003852,SLBSL,6,6,500,760.00,"380,000.00"
2019-03-14,2019031401003787,SLBSL,18,8,10,760.00,"7,600.00"
2019-03-14,2019031401003745,SLBSL,18,21,10,760.00,"7,600.00"
2019-03-14,2019031401003744,SLBSL,18,21,10,760.00,"7,600.00"
2019-03-14,2019031401004187,SLICL,52,53,12,540.00,"6,480.00"
2019-03-14,2019031401004063,SLICL,52,36,18,541.00,"9,738.00"
2019-03-14,2019031401003920,SLICL,52,51,32,540.00,"17,280.00"
2019-03-14,2019031401003826,SPDL,51,1,194,106.00,"20,564.00"
2019-03-14,2019031401003759,SPDL,14,45,10,104.00,"1,040.00"
2019-03-14,2019031401003741,SPDL,45,36,100,111.00,"11,100.00"
2019-03-14,2019031401003740,SPDL,45,58,500,109.00,"54,500.00"
2019-03-14,2019031401003739,SPDL,45,39,120,109.00,"13,080.00"
2019-03-14,2019031401003738,SPDL,45,7,400,108.00,"43,200.00"
2019-03-14,2019031401004084,SRBL,1,37,45,222.00,"9,990.00"
2019-03-14,2019031401003982,TRH,33,25,10,249.00,"2,490.00"
2019-03-14,2019031401004020,UIC,17,21,200,785.00,"157,000.00"
2019-03-14,2019031401004019,UIC,17,40,200,784.00,"156,800.00"
2019-03-14,2019031401004018,UIC,17,44,108,783.00,"84,564.00"
2019-03-14,2019031401003860,UIC,55,21,40,782.00,"31,280.00"
2019-03-14,2019031401003994,UPPER,48,16,10,240.00,"2,400.00"
2019-03-14,2019031401003985,UPPER,51,41,40,239.00,"9,560.00"
2019-03-14,2019031401003977,UPPER,51,41,11,239.00,"2,629.00"
2019-03-14,2019031401003976,UPPER,58,41,39,239.00,"9,321.00"
2019-03-14,2019031401003767,UPPER,50,50,40,239.00,"9,560.00"
2019-03-14,2019031401003764,UPPER,50,8,40,239.00,"9,560.00"
2019-03-14,2019031401003803,UPPER,52,41,40,240.00,"9,600.00"
2019-03-14,2019031401003802,UPPER,52,41,50,240.00,"12,000.00"
2019-03-14,2019031401003801,UPPER,52,42,50,240.00,"12,000.00"
2019-03-14,2019031401003800,UPPER,52,42,50,240.00,"12,000.00"
2019-03-14,2019031401003799,UPPER,52,28,30,240.00,"7,200.00"
2019-03-14,2019031401003788,UPPER,50,8,50,239.00,"11,950.00"
2019-03-14,2019031401003809,UPPER,52,58,40,240.00,"9,600.00"
2019-03-14,2019031401003808,UPPER,52,58,40,240.00,"9,600.00"
2019-03-14,2019031401003807,UPPER,52,58,50,240.00,"12,000.00"
2019-03-14,2019031401003806,UPPER,52,25,50,240.00,"12,000.00"
2019-03-14,2019031401003805,UPPER,52,10,40,240.00,"9,600.00"
2019-03-14,2019031401003804,UPPER,52,10,50,240.00,"12,000.00"
2019-03-14,2019031401003865,UPPER,51,16,10,240.00,"2,400.00"
2019-03-14,2019031401003846,UPPER,58,33,12,239.00,"2,868.00"
2019-03-14,2019031401003845,UPPER,50,33,50,239.00,"11,950.00"
2019-03-14,2019031401003844,UPPER,52,33,10,240.00,"2,400.00"
2019-03-14,2019031401004115,VLBS,11,40,12,673.00,"8,076.00"
2019-03-14,2019031401003995,VLBS,53,41,20,673.00,"13,460.00"
2019-03-14,2019031401003456,ADBL,1,26,55,303.00,"16,665.00"
2019-03-14,2019031401003423,ADBL,1,6,44,302.00,"13,288.00"
2019-03-14,2019031401003422,ADBL,1,48,500,302.00,"151,000.00"
2019-03-14,2019031401003271,AKJCL,26,42,50,85.00,"4,250.00"
2019-03-14,2019031401003532,AKPL,19,42,13,180.00,"2,340.00"
2019-03-14,2019031401003531,AKPL,19,42,13,180.00,"2,340.00"
2019-03-14,2019031401003530,AKPL,19,32,10,180.00,"1,800.00"
2019-03-14,2019031401003529,AKPL,19,32,10,180.00,"1,800.00"
2019-03-14,2019031401003382,AKPL,6,40,10,177.00,"1,770.00"
2019-03-14,2019031401003652,ALICL,16,44,250,398.00,"99,500.00"
2019-03-14,2019031401003396,ALICL,22,44,60,398.00,"23,880.00"
2019-03-14,2019031401003264,ALICL,51,44,80,398.00,"31,840.00"
2019-03-14,2019031401003657,AMFI,11,48,10,633.00,"6,330.00"
2019-03-14,2019031401003455,AMFI,44,25,10,635.00,"6,350.00"
2019-03-14,2019031401003444,AMFI,44,25,10,635.00,"6,350.00"
2019-03-14,2019031401003437,AMFI,44,25,10,635.00,"6,350.00"
2019-03-14,2019031401003424,AMFI,44,25,10,635.00,"6,350.00"
2019-03-14,2019031401003421,AMFI,44,25,10,635.00,"6,350.00"
2019-03-14,2019031401003416,AMFI,44,25,10,635.00,"6,350.00"
2019-03-14,2019031401003402,AMFI,47,25,10,640.00,"6,400.00"
2019-03-14,2019031401003628,API,56,44,10,134.00,"1,340.00"
2019-03-14,2019031401003390,BHBL,32,1,500,144.00,"72,000.00"
2019-03-14,2019031401003389,BHBL,32,52,30,142.00,"4,260.00"
2019-03-14,2019031401003388,BHBL,32,4,400,142.00,"56,800.00"
2019-03-14,2019031401003596,BOKL,44,45,50,250.00,"12,500.00"
2019-03-14,2019031401003595,BOKL,25,45,500,250.00,"125,000.00"
2019-03-14,2019031401003594,BOKL,49,45,40,251.00,"10,040.00"
2019-03-14,2019031401003409,BOKL,1,55,391,252.00,"98,532.00"
2019-03-14,2019031401003408,BOKL,1,13,500,252.00,"126,000.00"
2019-03-14,2019031401003407,BOKL,1,6,109,252.00,"27,468.00"
2019-03-14,2019031401003266,BOKL,49,16,60,251.00,"15,060.00"
2019-03-14,2019031401003260,BOKL,6,16,30,251.00,"7,530.00"
2019-03-14,2019031401003632,BPCL,41,32,107,365.00,"39,055.00"
2019-03-14,2019031401003631,BPCL,41,16,50,365.00,"18,250.00"
2019-03-14,2019031401003630,BPCL,41,21,10,364.00,"3,640.00"
2019-03-14,2019031401003629,BPCL,41,21,10,364.00,"3,640.00"
2019-03-14,2019031401003597,BPCL,1,59,50,363.00,"18,150.00"
2019-03-14,2019031401003592,CBBL,36,14,50,893.00,"44,650.00"
2019-03-14,2019031401003732,CBL,49,17,90,158.00,"14,220.00"
2019-03-14,2019031401003635,CBL,43,38,"4,000",158.00,"632,000.00"
2019-03-14,2019031401003634,CBL,43,6,59,158.00,"9,322.00"
2019-03-14,2019031401003633,CBL,43,34,122,158.00,"19,276.00"
2019-03-14,2019031401003618,CBL,44,19,77,157.00,"12,089.00"
2019-03-14,2019031401003469,CBL,44,6,17,157.00,"2,669.00"
2019-03-14,2019031401003468,CBL,44,26,833,157.00,"130,781.00"
2019-03-14,2019031401003461,CBL,44,26,500,157.00,"78,500.00"
2019-03-14,2019031401003419,CBL,6,26,17,157.00,"2,669.00"
2019-03-14,2019031401003337,CBL,50,22,62,156.00,"9,672.00"
2019-03-14,2019031401003304,CBL,1,26,100,157.00,"15,700.00"
2019-03-14,2019031401003690,CCBL,34,22,909,165.00,"149,985.00"
2019-03-14,2019031401003654,CCBL,49,59,15,164.00,"2,460.00"
2019-03-14,2019031401003601,CCBL,18,59,85,164.00,"13,940.00"
2019-03-14,2019031401003491,CCBL,18,16,13,164.00,"2,132.00"
2019-03-14,2019031401003415,CCBL,51,22,91,165.00,"15,015.00"
2019-03-14,2019031401003414,CCBL,51,53,91,165.00,"15,015.00"
2019-03-14,2019031401003413,CCBL,51,22,18,164.00,"2,952.00"
2019-03-14,2019031401003330,CCBL,6,22,17,164.00,"2,788.00"
2019-03-14,2019031401003273,CCBL,6,49,13,164.00,"2,132.00"
2019-03-14,2019031401003522,CFCL,58,16,12,107.00,"1,284.00"
2019-03-14,2019031401003313,CHCL,21,58,63,518.00,"32,634.00"
2019-03-14,2019031401003312,CHCL,21,34,10,517.00,"5,170.00"
2019-03-14,2019031401003565,CHLBS,10,6,100,563.00,"56,300.00"
2019-03-14,2019031401003331,CHLBS,44,59,10,561.00,"5,610.00"
2019-03-14,2019031401003401,CORBL,32,48,10,97.00,970.00
2019-03-14,2019031401003373,CORBL,32,56,40,96.00,"3,840.00"
2019-03-14,2019031401003719,CZBIL,50,48,10,209.00,"2,090.00"
2019-03-14,2019031401003665,CZBIL,50,48,10,209.00,"2,090.00"
2019-03-14,2019031401003621,CZBIL,39,38,255,211.00,"53,805.00"
2019-03-14,2019031401003620,CZBIL,39,45,245,211.00,"51,695.00"
2019-03-14,2019031401003590,CZBIL,53,33,10,210.00,"2,100.00"
2019-03-14,2019031401003443,CZBIL,36,28,160,208.00,"33,280.00"
2019-03-14,2019031401003239,CZBIL,1,33,990,210.00,"207,900.00"
2019-03-14,2019031401003238,CZBIL,1,47,10,210.00,"2,100.00"
2019-03-14,2019031401003287,DBBL,34,20,20,128.00,"2,560.00"
2019-03-14,2019031401003286,DBBL,34,32,136,128.00,"17,408.00"
2019-03-14,2019031401003285,DBBL,34,35,368,128.00,"47,104.00"
2019-03-14,2019031401003284,DBBL,34,32,"1,000",128.00,"128,000.00"
2019-03-14,2019031401003283,DBBL,34,48,200,128.00,"25,600.00"
2019-03-14,2019031401003282,DBBL,34,45,"1,473",128.00,"188,544.00"
2019-03-14,2019031401003281,DBBL,34,49,"1,000",128.00,"128,000.00"
2019-03-14,2019031401003280,DBBL,34,1,300,128.00,"38,400.00"
2019-03-14,2019031401003279,DBBL,34,32,"1,000",127.00,"127,000.00"
2019-03-14,2019031401003278,DBBL,34,32,200,127.00,"25,400.00"
2019-03-14,2019031401003277,DBBL,34,49,60,126.00,"7,560.00"
2019-03-14,2019031401003252,DDBL,48,32,467,600.00,"280,200.00"
2019-03-14,2019031401003251,DDBL,48,53,20,597.00,"11,940.00"
2019-03-14,2019031401003250,DDBL,48,48,13,595.00,"7,735.00"
2019-03-14,2019031401003721,EBL,29,56,150,540.00,"81,000.00"
2019-03-14,2019031401003720,EBL,29,45,54,540.00,"29,160.00"
2019-03-14,2019031401003519,EBL,52,41,150,538.00,"80,700.00"
2019-03-14,2019031401003539,EDBL,17,21,92,290.00,"26,680.00"
2019-03-14,2019031401003589,EIC,38,17,15,855.00,"12,825.00"
2019-03-14,2019031401003482,EIC,5,17,100,855.00,"85,500.00"
2019-03-14,2019031401003457,EIC,56,17,100,855.00,"85,500.00"
2019-03-14,2019031401003511,FMDBL,14,49,200,375.00,"75,000.00"
2019-03-14,2019031401003737,GBBL,44,21,50,190.00,"9,500.00"
2019-03-14,2019031401003514,GBBL,42,21,360,190.00,"68,400.00"
2019-03-14,2019031401003513,GBBL,42,32,300,190.00,"57,000.00"
2019-03-14,2019031401003507,GBBL,57,16,200,189.00,"37,800.00"
2019-03-14,2019031401003265,GBBL,42,46,340,189.00,"64,260.00"
2019-03-14,2019031401003258,GBBL,42,46,660,189.00,"124,740.00"
2019-03-14,2019031401003257,GBBL,42,45,"1,000",188.00,"188,000.00"
2019-03-14,2019031401003256,GBBL,42,49,"1,000",188.00,"188,000.00"
2019-03-14,2019031401003255,GBBL,42,28,421,188.00,"79,148.00"
2019-03-14,2019031401003254,GBBL,42,32,919,187.00,"171,853.00"
2019-03-14,2019031401003733,GBIME,1,17,100,267.00,"26,700.00"
2019-03-14,2019031401003636,GBIME,19,57,100,268.00,"26,800.00"
2019-03-14,2019031401003272,GBIME,1,50,11,267.00,"2,937.00"
2019-03-14,2019031401003663,GBLBS,16,4,90,462.00,"41,580.00"
2019-03-14,2019031401003662,GBLBS,16,57,90,462.00,"41,580.00"
2019-03-14,2019031401003661,GBLBS,16,59,20,461.00,"9,220.00"
2019-03-14,2019031401003503,GBLBS,40,10,110,460.00,"50,600.00"
2019-03-14,2019031401003400,GBLBS,1,57,10,462.00,"4,620.00"
2019-03-14,2019031401003399,GBLBS,1,29,20,462.00,"9,240.00"
2019-03-14,2019031401003398,GBLBS,1,43,10,461.00,"4,610.00"
2019-03-14,2019031401003276,GBLBS,16,5,100,460.00,"46,000.00"
2019-03-14,2019031401003275,GBLBS,16,52,200,460.00,"92,000.00"
2019-03-14,2019031401003274,GBLBS,16,32,300,459.00,"137,700.00"
2019-03-14,2019031401003243,GBLBS,5,33,250,457.00,"114,250.00"
2019-03-14,2019031401003242,GBLBS,5,48,20,456.00,"9,120.00"
2019-03-14,2019031401003700,GDBL,44,53,50,188.00,"9,400.00"
2019-03-14,2019031401003329,GDBL,46,32,990,186.00,"184,140.00"
2019-03-14,2019031401003328,GDBL,46,32,464,186.00,"86,304.00"
2019-03-14,2019031401003327,GDBL,46,14,200,186.00,"37,200.00"
2019-03-14,2019031401003326,GDBL,46,7,170,186.00,"31,620.00"
2019-03-14,2019031401003325,GDBL,46,52,504,186.00,"93,744.00"
2019-03-14,2019031401003377,GDBL,35,32,223,187.00,"41,701.00"
2019-03-14,2019031401003376,GDBL,35,26,225,187.00,"42,075.00"
2019-03-14,2019031401003375,GDBL,35,42,100,187.00,"18,700.00"
2019-03-14,2019031401003374,GDBL,35,32,10,186.00,"1,860.00"
2019-03-14,2019031401003496,GDBL,1,35,999,188.00,"187,812.00"
2019-03-14,2019031401003397,GDBL,35,49,10,190.00,"1,900.00"
2019-03-14,2019031401003381,GDBL,35,7,394,187.00,"73,678.00"
2019-03-14,2019031401003380,GDBL,35,19,32,187.00,"5,984.00"
2019-03-14,2019031401003379,GDBL,35,28,"1,000",187.00,"187,000.00"
2019-03-14,2019031401003378,GDBL,35,14,76,187.00,"14,212.00"
2019-03-14,2019031401003247,GDBLPO,35,33,"70,610",120.00,"8,473,200.00"
2019-03-14,2019031401003449,GILB,34,34,20,"1,055.00","21,100.00"
2019-03-14,2019031401003448,GILB,22,34,50,"1,056.00","52,800.00"
2019-03-14,2019031401003447,GILB,55,34,10,"1,057.00","10,570.00"
2019-03-14,2019031401003395,GLICL,48,49,65,746.00,"48,490.00"
2019-03-14,2019031401003336,GLICL,48,46,100,745.00,"74,500.00"
2019-03-14,2019031401003269,GUFL,52,43,44,110.00,"4,840.00"
2019-03-14,2019031401003332,HATH,58,4,200,116.00,"23,200.00"
2019-03-14,2019031401003520,HBL,39,41,667,467.00,"311,489.00"
2019-03-14,2019031401003403,HBL,25,22,100,463.00,"46,300.00"
2019-03-14,2019031401003305,HBL,36,49,500,465.00,"232,500.00"
2019-03-14,2019031401003344,HIDCL,14,22,34,135.00,"4,590.00"
2019-03-14,2019031401003308,HIDCL,14,25,56,135.00,"7,560.00"
2019-03-14,2019031401003727,HPPL,38,48,20,188.00,"3,760.00"
2019-03-14,2019031401003671,HPPL,38,48,20,188.00,"3,760.00"
2019-03-14,2019031401003360,HPPL,58,10,100,191.00,"19,100.00"
2019-03-14,2019031401003359,HPPL,58,10,30,191.00,"5,730.00"
2019-03-14,2019031401003370,IGI,19,49,20,410.00,"8,200.00"
2019-03-14,2019031401003693,JBBL,58,44,200,141.00,"28,200.00"
2019-03-14,2019031401003676,JBBL,35,56,196,141.00,"27,636.00"
2019-03-14,2019031401003675,JBBL,35,26,650,141.00,"91,650.00"
2019-03-14,2019031401003674,JBBL,35,19,409,141.00,"57,669.00"
2019-03-14,2019031401003576,JBBL,6,6,61,140.00,"8,540.00"
2019-03-14,2019031401003498,JBBL,18,19,50,141.00,"7,050.00"
2019-03-14,2019031401003462,JBBL,46,52,500,140.00,"70,000.00"
2019-03-14,2019031401003580,JBNL,21,32,100,172.00,"17,200.00"
2019-03-14,2019031401003579,JBNL,17,32,200,172.00,"34,400.00"
2019-03-14,2019031401003578,JBNL,33,32,500,172.00,"86,000.00"
2019-03-14,2019031401003577,JBNL,26,32,200,172.00,"34,400.00"
2019-03-14,2019031401003323,JBNL,45,59,50,172.00,"8,600.00"
2019-03-14,2019031401003322,JBNL,45,32,500,172.00,"86,000.00"
2019-03-14,2019031401003475,KBL,35,16,11,239.00,"2,629.00"
2019-03-14,2019031401003441,KBL,35,38,373,240.00,"89,520.00"
2019-03-14,2019031401003440,KBL,35,8,16,240.00,"3,840.00"
2019-03-14,2019031401003439,KBL,35,6,200,240.00,"48,000.00"
2019-03-14,2019031401003438,KBL,35,53,411,240.00,"98,640.00"
2019-03-14,2019031401003384,KKHC,34,14,100,78.00,"7,800.00"
2019-03-14,2019031401003383,KKHC,34,41,10,77.00,770.00
2019-03-14,2019031401003723,KNBL,17,29,27,127.00,"3,429.00"
2019-03-14,2019031401003722,KNBL,17,56,500,127.00,"63,500.00"
2019-03-14,2019031401003637,KSBBL,34,6,97,143.00,"13,871.00"
2019-03-14,2019031401003534,KSBBL,34,34,"2,000",143.00,"286,000.00"
2019-03-14,2019031401003460,KSBBL,58,57,500,144.00,"72,000.00"
2019-03-14,2019031401003452,KSBBL,58,47,500,143.00,"71,500.00"
2019-03-14,2019031401003451,KSBBL,58,45,653,143.00,"93,379.00"
2019-03-14,2019031401003450,KSBBL,58,29,990,143.00,"141,570.00"
2019-03-14,2019031401003434,KSBBL,34,1,685,142.00,"97,270.00"
2019-03-14,2019031401003433,KSBBL,34,32,500,141.00,"70,500.00"
2019-03-14,2019031401003432,KSBBL,34,1,101,141.00,"14,241.00"
2019-03-14,2019031401003431,KSBBL,34,1,101,141.00,"14,241.00"
2019-03-14,2019031401003430,KSBBL,34,47,116,141.00,"16,356.00"
2019-03-14,2019031401003728,LBBL,22,5,50,172.00,"8,600.00"
2019-03-14,2019031401003697,LBBL,22,16,20,173.00,"3,460.00"
2019-03-14,2019031401003643,LBBL,59,16,50,173.00,"8,650.00"
2019-03-14,2019031401003561,LBBL,45,16,626,173.00,"108,298.00"
2019-03-14,2019031401003560,LBBL,45,32,24,173.00,"4,152.00"
2019-03-14,2019031401003559,LBBL,45,28,350,173.00,"60,550.00"
2019-03-14,2019031401003505,LBBL,18,28,50,173.00,"8,650.00"
2019-03-14,2019031401003729,LBL,36,6,15,197.00,"2,955.00"
2019-03-14,2019031401003660,LBL,36,6,15,197.00,"2,955.00"
2019-03-14,2019031401003627,LBL,36,6,15,197.00,"2,955.00"
2019-03-14,2019031401003526,LBL,36,16,12,197.00,"2,364.00"
2019-03-14,2019031401003483,LBL,36,16,12,197.00,"2,364.00"
2019-03-14,2019031401003319,LBL,14,50,100,198.00,"19,800.00"
2019-03-14,2019031401003649,LGIL,5,57,269,517.00,"139,073.00"
2019-03-14,2019031401003358,LGIL,32,47,100,515.00,"51,500.00"
2019-03-14,2019031401003365,LICN,45,17,250,"1,493.00","373,250.00"
2019-03-14,2019031401003364,LICN,45,29,20,"1,490.00","29,800.00"
2019-03-14,2019031401003363,LICN,45,6,300,"1,490.00","447,000.00"
2019-03-14,2019031401003542,MBL,57,39,10,222.00,"2,220.00"
2019-03-14,2019031401003472,MBL,38,39,10,222.00,"2,220.00"
2019-03-14,2019031401003387,MBL,38,14,688,221.00,"152,048.00"
2019-03-14,2019031401003361,MBL,45,14,"1,000",221.00,"221,000.00"
2019-03-14,2019031401003320,MBL,38,39,500,222.00,"111,000.00"
2019-03-14,2019031401003309,MBL,38,26,200,222.00,"44,400.00"
2019-03-14,2019031401003717,MDB,34,38,300,232.00,"69,600.00"
2019-03-14,2019031401003716,MDB,34,48,190,232.00,"44,080.00"
2019-03-14,2019031401003715,MDB,34,44,100,230.00,"23,000.00"
2019-03-14,2019031401003714,MDB,34,51,200,229.00,"45,800.00"
2019-03-14,2019031401003614,MEGA,57,50,100,166.00,"16,600.00"
2019-03-14,2019031401003405,MEGA,51,22,79,165.00,"13,035.00"
2019-03-14,2019031401003591,MERO,22,44,12,595.00,"7,140.00"
2019-03-14,2019031401003562,MIDBL,48,13,500,157.00,"78,500.00"
2019-03-14,2019031401003340,MIDBL,50,58,300,154.00,"46,200.00"
2019-03-14,2019031401003315,MIDBL,38,13,"1,000",156.00,"156,000.00"
2019-03-14,2019031401003314,MIDBL,38,45,400,156.00,"62,400.00"
2019-03-14,2019031401003656,MLBL,36,33,300,172.00,"51,600.00"
2019-03-14,2019031401003454,MLBL,6,6,21,169.00,"3,549.00"
2019-03-14,2019031401003428,MLBL,36,32,300,170.00,"51,000.00"
2019-03-14,2019031401003427,MLBL,36,22,21,169.00,"3,549.00"
2019-03-14,2019031401003426,MLBL,36,42,500,169.00,"84,500.00"
2019-03-14,2019031401003425,MLBL,36,17,50,169.00,"8,450.00"
2019-03-14,2019031401003537,MNBBL,1,16,20,346.00,"6,920.00"
2019-03-14,2019031401003492,MNBBL,1,16,21,346.00,"7,266.00"
2019-03-14,2019031401003253,MNBBL,33,26,32,346.00,"11,072.00"
2019-03-14,2019031401003347,MSMBS,45,6,100,540.00,"54,000.00"
2019-03-14,2019031401003346,MSMBS,45,7,373,540.00,"201,420.00"
2019-03-14,2019031401003345,MSMBS,45,58,11,540.00,"5,940.00"
2019-03-14,2019031401003270,MSMBS,45,8,14,535.00,"7,490.00"
2019-03-14,2019031401003699,NABIL,29,14,100,719.00,"71,900.00"
2019-03-14,2019031401003698,NABIL,29,40,80,719.00,"57,520.00"
2019-03-14,2019031401003499,NABIL,44,40,30,719.00,"21,570.00"
2019-03-14,2019031401003467,NABIL,57,40,90,719.00,"64,710.00"
2019-03-14,2019031401003348,NABIL,56,55,50,718.00,"35,900.00"
2019-03-14,2019031401003673,NABILP,44,53,703,682.00,"479,446.00"
2019-03-14,2019031401003599,NABILP,44,6,200,682.00,"136,400.00"
2019-03-14,2019031401003366,NBB,25,37,200,197.00,"39,400.00"
2019-03-14,2019031401003341,NBB,25,53,800,197.00,"157,600.00"
2019-03-14,2019031401003339,NBB,50,53,500,197.00,"98,500.00"
2019-03-14,2019031401003324,NBB,14,53,100,197.00,"19,700.00"
2019-03-14,2019031401003321,NBB,46,53,100,197.00,"19,700.00"
2019-03-14,2019031401003666,NBB,50,37,100,197.00,"19,700.00"
2019-03-14,2019031401003655,NBB,34,37,500,197.00,"98,500.00"
2019-03-14,2019031401003640,NBB,11,37,200,197.00,"39,400.00"
2019-03-14,2019031401003619,NBB,17,37,100,197.00,"19,700.00"
2019-03-14,2019031401003554,NBL,17,22,950,290.00,"275,500.00"
2019-03-14,2019031401003481,NBL,56,22,250,290.00,"72,500.00"
2019-03-14,2019031401003453,NBL,56,5,200,290.00,"58,000.00"
2019-03-14,2019031401003406,NBL,56,41,50,290.00,"14,500.00"
2019-03-14,2019031401003725,NCCB,34,58,"1,000",214.00,"214,000.00"
2019-03-14,2019031401003724,NCCB,34,44,"2,000",214.00,"428,000.00"
2019-03-14,2019031401003650,NCCB,34,44,"2,000",214.00,"428,000.00"
2019-03-14,2019031401003603,NCCB,35,32,"2,500",214.00,"535,000.00"
2019-03-14,2019031401003602,NCCB,35,58,900,214.00,"192,600.00"
2019-03-14,2019031401003598,NCCB,49,58,100,214.00,"21,400.00"
2019-03-14,2019031401003246,NCCB,32,44,167,213.00,"35,571.00"
2019-03-14,2019031401003494,NCCB,34,25,500,214.00,"107,000.00"
2019-03-14,2019031401003493,NCCB,34,32,890,214.00,"190,460.00"
2019-03-14,2019031401003485,NCCB,19,32,"1,000",214.00,"214,000.00"
2019-03-14,2019031401003335,NCCB,48,32,110,214.00,"23,540.00"
2019-03-14,2019031401003334,NCCB,48,44,"1,890",214.00,"404,460.00"
2019-03-14,2019031401003294,NCCB,34,44,"1,833",213.00,"390,429.00"
2019-03-14,2019031401003489,NCDB,57,40,100,120.00,"12,000.00"
2019-03-14,2019031401003476,NCDB,29,32,306,119.00,"36,414.00"
2019-03-14,2019031401003713,NGPL,50,33,"2,032",130.00,"264,160.00"
2019-03-14,2019031401003712,NGPL,50,53,13,130.00,"1,690.00"
2019-03-14,2019031401003711,NGPL,50,1,129,129.00,"16,641.00"
2019-03-14,2019031401003710,NGPL,50,29,30,129.00,"3,870.00"
2019-03-14,2019031401003709,NGPL,50,25,11,127.00,"1,397.00"
2019-03-14,2019031401003708,NGPL,50,53,13,127.00,"1,651.00"
2019-03-14,2019031401003707,NGPL,50,53,13,127.00,"1,651.00"
2019-03-14,2019031401003706,NGPL,50,53,25,127.00,"3,175.00"
2019-03-14,2019031401003540,NHPC,42,33,130,71.00,"9,230.00"
2019-03-14,2019031401003240,NHPC,37,33,200,71.00,"14,200.00"
2019-03-14,2019031401003587,NIB,22,51,100,534.00,"53,400.00"
2019-03-14,2019031401003586,NIB,22,49,140,534.00,"74,760.00"
2019-03-14,2019031401003420,NIB,49,49,"6,700",533.00,"3,571,100.00"
2019-03-14,2019031401003404,NIB,22,49,50,534.00,"26,700.00"
2019-03-14,2019031401003386,NIB,58,49,100,533.00,"53,300.00"
2019-03-14,2019031401003371,NIB,22,49,50,534.00,"26,700.00"
2019-03-14,2019031401003651,NICA,29,37,76,399.00,"30,324.00"
2019-03-14,2019031401003556,NICA,36,43,10,400.00,"4,000.00"
2019-03-14,2019031401003528,NICA,29,45,424,399.00,"169,176.00"
2019-03-14,2019031401003343,NICA,45,45,76,399.00,"30,324.00"
2019-03-14,2019031401003342,NICA,45,8,424,399.00,"169,176.00"
2019-03-14,2019031401003306,NICL,16,13,85,381.00,"32,385.00"
2019-03-14,2019031401003613,NIL,34,28,500,535.00,"267,500.00"
2019-03-14,2019031401003612,NIL,34,37,411,535.00,"219,885.00"
2019-03-14,2019031401003611,NIL,34,43,200,535.00,"107,000.00"
2019-03-14,2019031401003610,NIL,34,39,300,535.00,"160,500.00"
2019-03-14,2019031401003609,NIL,34,50,100,534.00,"53,400.00"
2019-03-14,2019031401003608,NIL,34,50,50,532.00,"26,600.00"
2019-03-14,2019031401003607,NIL,34,51,100,532.00,"53,200.00"
2019-03-14,2019031401003606,NIL,34,1,380,531.00,"201,780.00"
2019-03-14,2019031401003605,NIL,34,56,50,530.00,"26,500.00"
2019-03-14,2019031401003604,NIL,34,53,36,530.00,"19,080.00"
2019-03-14,2019031401003558,NLIC,1,17,233,"1,108.00","258,164.00"
2019-03-14,2019031401003555,NLIC,49,17,25,"1,108.00","27,700.00"
2019-03-14,2019031401003480,NLIC,37,17,10,"1,108.00","11,080.00"
2019-03-14,2019031401003459,NLIC,17,17,32,"1,108.00","35,456.00"
2019-03-14,2019031401003458,NLIC,17,57,18,"1,108.00","19,944.00"
2019-03-14,2019031401003442,NLIC,38,57,33,"1,108.00","36,564.00"
2019-03-14,2019031401003418,NLIC,49,29,10,"1,106.00","11,060.00"
2019-03-14,2019031401003355,NLIC,6,6,17,"1,107.00","18,819.00"
2019-03-14,2019031401003249,NLIC,25,25,17,"1,107.00","18,819.00"
2019-03-14,2019031401003245,NLIC,21,25,17,"1,107.00","18,819.00"
2019-03-14,2019031401003736,NLICL,45,34,22,667.00,"14,674.00"
2019-03-14,2019031401003696,NLICL,11,39,172,665.00,"114,380.00"
2019-03-14,2019031401003695,NLICL,14,39,28,665.00,"18,620.00"
2019-03-14,2019031401003585,NLICL,48,17,295,665.00,"196,175.00"
2019-03-14,2019031401003584,NLICL,37,17,300,665.00,"199,500.00"
2019-03-14,2019031401003583,NLICL,17,17,100,665.00,"66,500.00"
2019-03-14,2019031401003289,NLICL,36,22,350,664.00,"232,400.00"
2019-03-14,2019031401003288,NLICL,36,13,319,663.00,"211,497.00"
2019-03-14,2019031401003307,NLICL,36,46,10,661.00,"6,610.00"
2019-03-14,2019031401003303,NLICL,58,39,10,666.00,"6,660.00"
2019-03-14,2019031401003293,NLICL,36,39,166,666.00,"110,556.00"
2019-03-14,2019031401003292,NLICL,36,34,467,666.00,"311,022.00"
2019-03-14,2019031401003291,NLICL,36,17,500,665.00,"332,500.00"
2019-03-14,2019031401003290,NLICL,36,28,128,665.00,"85,120.00"
2019-03-14,2019031401003582,NLICL,22,17,50,666.00,"33,300.00"
2019-03-14,2019031401003581,NLICL,38,17,66,667.00,"44,022.00"
2019-03-14,2019031401003535,NLICL,38,14,100,669.00,"66,900.00"
2019-03-14,2019031401003486,NLICL,34,14,24,666.00,"15,984.00"
2019-03-14,2019031401003436,NLICL,37,14,76,666.00,"50,616.00"
2019-03-14,2019031401003435,NLICL,37,39,24,666.00,"15,984.00"
2019-03-14,2019031401003248,NLICLP,20,49,"46,729","1,070.00","50,000,030.00"
2019-03-14,2019031401003241,NLICLP,20,49,"51,402","1,070.00","55,000,140.00"
2019-03-14,2019031401003704,NMB,14,5,199,323.00,"64,277.00"
2019-03-14,2019031401003573,NMB,19,41,400,325.00,"130,000.00"
2019-03-14,2019031401003571,NMB,19,41,26,325.00,"8,450.00"
2019-03-14,2019031401003570,NMB,19,5,100,325.00,"32,500.00"
2019-03-14,2019031401003569,NMB,19,19,274,325.00,"89,050.00"
2019-03-14,2019031401003393,NMB,1,19,326,325.00,"105,950.00"
2019-03-14,2019031401003392,NMB,1,53,66,325.00,"21,450.00"
2019-03-14,2019031401003391,NMB,1,46,608,325.00,"197,600.00"
2019-03-14,2019031401003471,NNLB,45,4,280,466.00,"130,480.00"
2019-03-14,2019031401003521,NSEWA,40,25,10,539.00,"5,390.00"
2019-03-14,2019031401003508,NSEWA,14,25,10,549.00,"5,490.00"
2019-03-14,2019031401003502,NSEWA,11,25,10,540.00,"5,400.00"
2019-03-14,2019031401003497,NSEWA,11,25,10,540.00,"5,400.00"
2019-03-14,2019031401003730,NTC,6,28,500,685.00,"342,500.00"
2019-03-14,2019031401003703,NTC,7,28,"1,020",685.00,"698,700.00"
2019-03-14,2019031401003702,NTC,7,25,10,685.00,"6,850.00"
2019-03-14,2019031401003701,NTC,7,35,500,684.00,"342,000.00"
2019-03-14,2019031401003683,NTC,7,58,500,684.00,"342,000.00"
2019-03-14,2019031401003682,NTC,7,6,90,684.00,"61,560.00"
2019-03-14,2019031401003681,NTC,7,35,190,683.00,"129,770.00"
2019-03-14,2019031401003670,NTC,57,35,30,683.00,"20,490.00"
2019-03-14,2019031401003692,PCBL,29,45,296,320.00,"94,720.00"
2019-03-14,2019031401003691,PCBL,29,19,80,319.00,"25,520.00"
2019-03-14,2019031401003600,PCBL,14,8,10,319.00,"3,190.00"
2019-03-14,2019031401003543,PCBL,44,16,12,317.00,"3,804.00"
2019-03-14,2019031401003506,PCBL,44,16,13,317.00,"4,121.00"
2019-03-14,2019031401003495,PCBL,44,16,13,317.00,"4,121.00"
2019-03-14,2019031401003429,PCBL,44,28,130,317.00,"41,210.00"
2019-03-14,2019031401003490,PIC,17,42,11,"1,030.00","11,330.00"
2019-03-14,2019031401003474,PIC,17,41,11,"1,030.00","11,330.00"
2019-03-14,2019031401003473,PIC,17,43,11,"1,030.00","11,330.00"
2019-03-14,2019031401003533,PICL,22,44,50,703.00,"35,150.00"
2019-03-14,2019031401003263,PLIC,7,13,100,454.00,"45,400.00"
2019-03-14,2019031401003262,PLIC,7,53,200,454.00,"90,800.00"
2019-03-14,2019031401003261,PLIC,7,51,50,453.00,"22,650.00"
2019-03-14,2019031401003626,PRIN,32,28,500,423.00,"211,500.00"
2019-03-14,2019031401003625,PRIN,32,51,63,423.00,"26,649.00"
2019-03-14,2019031401003354,PRIN,41,51,93,423.00,"39,339.00"
2019-03-14,2019031401003353,PRIN,41,39,100,422.00,"42,200.00"
2019-03-14,2019031401003352,PRIN,41,47,17,422.00,"7,174.00"
2019-03-14,2019031401003351,PRIN,41,26,50,422.00,"21,100.00"
2019-03-14,2019031401003350,PRIN,41,34,40,422.00,"16,880.00"
2019-03-14,2019031401003572,PRVU,1,29,10,236.00,"2,360.00"
2019-03-14,2019031401003525,PRVU,46,28,251,235.00,"58,985.00"
2019-03-14,2019031401003524,PRVU,6,28,20,235.00,"4,700.00"
2019-03-14,2019031401003523,PRVU,6,28,29,235.00,"6,815.00"
2019-03-14,2019031401003509,PRVU,6,16,11,235.00,"2,585.00"
2019-03-14,2019031401003368,PRVU,6,6,10,235.00,"2,350.00"
2019-03-14,2019031401003367,PRVU,38,6,10,235.00,"2,350.00"
2019-03-14,2019031401003412,RBCLPO,34,34,100,"8,450.00","845,000.00"
2019-03-14,2019031401003411,RBCLPO,58,34,10,"8,450.00","84,500.00"
2019-03-14,2019031401003410,RBCLPO,33,34,10,"8,500.00","85,000.00"
2019-03-14,2019031401003504,RHPC,37,1,10,92.00,920.00
2019-03-14,2019031401003672,RSDC,11,49,50,377.00,"18,850.00"
2019-03-14,2019031401003653,RSDC,11,35,81,377.00,"30,537.00"
2019-03-14,2019031401003357,RSDC,11,22,22,375.00,"8,250.00"
2019-03-14,2019031401003564,SADBL,36,45,100,145.00,"14,500.00"
2019-03-14,2019031401003563,SADBL,36,20,974,145.00,"141,230.00"
2019-03-14,2019031401003369,SADBL,36,20,26,145.00,"3,770.00"
2019-03-14,2019031401003302,SADBL,36,13,300,145.00,"43,500.00"
2019-03-14,2019031401003301,SADBL,36,46,500,145.00,"72,500.00"
2019-03-14,2019031401003300,SADBL,36,29,500,145.00,"72,500.00"
2019-03-14,2019031401003299,SADBL,36,42,812,145.00,"117,740.00"
2019-03-14,2019031401003298,SADBL,36,59,432,145.00,"62,640.00"
2019-03-14,2019031401003297,SADBL,36,59,30,145.00,"4,350.00"
2019-03-14,2019031401003296,SADBL,36,36,200,144.00,"28,800.00"
2019-03-14,2019031401003295,SADBL,36,34,200,144.00,"28,800.00"
2019-03-14,2019031401003624,SANIMA,48,57,100,306.00,"30,600.00"
2019-03-14,2019031401003623,SANIMA,48,19,33,306.00,"10,098.00"
2019-03-14,2019031401003575,SANIMA,45,19,467,306.00,"142,902.00"
2019-03-14,2019031401003574,SANIMA,45,50,33,306.00,"10,098.00"
2019-03-14,2019031401003557,SANIMA,1,16,18,305.00,"5,490.00"
2019-03-14,2019031401003338,SANIMA,1,16,12,305.00,"3,660.00"
2019-03-14,2019031401003536,SBBLJ,21,21,50,186.00,"9,300.00"
2019-03-14,2019031401003372,SBL,25,46,100,296.00,"29,600.00"
2019-03-14,2019031401003512,SCB,36,28,450,563.00,"253,350.00"
2019-03-14,2019031401003417,SCB,39,28,50,563.00,"28,150.00"
2019-03-14,2019031401003639,SEOS,28,16,200,10.00,"2,000.00"
2019-03-14,2019031401003617,SEOS,28,7,"5,000",9.95,"49,750.00"
2019-03-14,2019031401003538,SFFIL,40,8,200,226.00,"45,200.00"
2019-03-14,2019031401003487,SIC,17,13,50,"1,300.00","65,000.00"
2019-03-14,2019031401003488,SINDU,58,58,426,120.00,"51,120.00"
2019-03-14,2019031401003669,SKBBL,57,13,500,875.00,"437,500.00"
2019-03-14,2019031401003668,SKBBL,57,42,30,875.00,"26,250.00"
2019-03-14,2019031401003501,SKBBL,17,7,35,874.00,"30,590.00"
2019-03-14,2019031401003500,SKBBL,17,40,25,873.00,"21,825.00"
2019-03-14,2019031401003638,SLBSL,22,59,10,756.00,"7,560.00"
2019-03-14,2019031401003484,SLBSL,18,25,10,755.00,"7,550.00"
2019-03-14,2019031401003477,SLBSL,18,25,10,755.00,"7,550.00"
2019-03-14,2019031401003470,SLBSL,52,25,10,754.00,"7,540.00"
2019-03-14,2019031401003463,SLBSL,52,25,10,754.00,"7,540.00"
2019-03-14,2019031401003318,SLBSL,18,49,10,763.00,"7,630.00"
2019-03-14,2019031401003317,SLBSL,18,6,100,762.00,"76,200.00"
2019-03-14,2019031401003316,SLBSL,18,56,10,762.00,"7,620.00"
2019-03-14,2019031401003310,SLBSL,50,22,10,753.00,"7,530.00"
2019-03-14,2019031401003680,SPDL,45,39,180,109.00,"19,620.00"
2019-03-14,2019031401003679,SPDL,45,36,100,109.00,"10,900.00"
2019-03-14,2019031401003678,SPDL,45,39,100,108.00,"10,800.00"
2019-03-14,2019031401003677,SPDL,45,59,120,106.00,"12,720.00"
2019-03-14,2019031401003658,SPDL,14,11,77,104.00,"8,008.00"
2019-03-14,2019031401003362,SPDL,45,48,500,106.00,"53,000.00"
2019-03-14,2019031401003622,SRBL,1,29,330,222.00,"73,260.00"
2019-03-14,2019031401003466,SRBL,1,26,200,222.00,"44,400.00"
2019-03-14,2019031401003465,SRBL,1,46,100,222.00,"22,200.00"
2019-03-14,2019031401003464,SRBL,1,58,119,222.00,"26,418.00"
2019-03-14,2019031401003641,UMHL,46,59,10,114.00,"1,140.00"
2019-03-14,2019031401003735,UPPER,50,8,20,239.00,"4,780.00"
2019-03-14,2019031401003734,UPPER,35,8,20,239.00,"4,780.00"
2019-03-14,2019031401003731,UPPER,35,8,50,239.00,"11,950.00"
2019-03-14,2019031401003726,UPPER,35,8,50,239.00,"11,950.00"
2019-03-14,2019031401003718,UPPER,35,8,40,239.00,"9,560.00"
2019-03-14,2019031401003705,UPPER,36,25,293,240.00,"70,320.00"
2019-03-14,2019031401003385,UPPER,25,46,10,240.00,"2,400.00"
2019-03-14,2019031401003356,UPPER,35,43,40,239.00,"9,560.00"
2019-03-14,2019031401003349,UPPER,35,59,50,239.00,"11,950.00"
2019-03-14,2019031401003244,UPPER,35,25,40,239.00,"9,560.00"
2019-03-14,2019031401003510,UPPER,19,38,100,240.00,"24,000.00"
2019-03-14,2019031401003479,UPPER,45,46,35,240.00,"8,400.00"
2019-03-14,2019031401003478,UPPER,45,13,40,240.00,"9,600.00"
2019-03-14,2019031401003446,UPPER,49,45,80,239.00,"19,120.00"
2019-03-14,2019031401003445,UPPER,35,45,20,239.00,"4,780.00"
2019-03-14,2019031401003394,UPPER,35,59,50,239.00,"11,950.00"
2019-03-14,2019031401003544,UPPER,41,8,50,240.00,"12,000.00"
2019-03-14,2019031401003527,UPPER,6,6,121,239.00,"28,919.00"
2019-03-14,2019031401003518,UPPER,48,25,10,240.00,"2,400.00"
2019-03-14,2019031401003517,UPPER,48,8,40,240.00,"9,600.00"
2019-03-14,2019031401003516,UPPER,48,8,50,240.00,"12,000.00"
2019-03-14,2019031401003515,UPPER,48,38,900,240.00,"216,000.00"
2019-03-14,2019031401003550,UPPER,41,8,50,240.00,"12,000.00"
2019-03-14,2019031401003549,UPPER,41,8,40,240.00,"9,600.00"
2019-03-14,2019031401003548,UPPER,41,8,40,240.00,"9,600.00"
2019-03-14,2019031401003547,UPPER,41,8,40,240.00,"9,600.00"
2019-03-14,2019031401003546,UPPER,41,8,50,240.00,"12,000.00"
2019-03-14,2019031401003545,UPPER,41,8,40,240.00,"9,600.00"
2019-03-14,2019031401003568,UPPER,38,1,200,239.00,"47,800.00"
2019-03-14,2019031401003567,UPPER,22,1,500,239.00,"119,500.00"
2019-03-14,2019031401003566,UPPER,49,1,120,239.00,"28,680.00"
2019-03-14,2019031401003553,UPPER,41,25,40,240.00,"9,600.00"
2019-03-14,2019031401003552,UPPER,41,8,50,240.00,"12,000.00"
2019-03-14,2019031401003551,UPPER,41,8,50,240.00,"12,000.00"
2019-03-14,2019031401003646,UPPER,53,8,40,240.00,"9,600.00"
2019-03-14,2019031401003645,UPPER,53,8,40,240.00,"9,600.00"
2019-03-14,2019031401003644,UPPER,53,46,50,240.00,"12,000.00"
2019-03-14,2019031401003616,UPPER,10,8,50,240.00,"12,000.00"
2019-03-14,2019031401003615,UPPER,10,8,40,240.00,"9,600.00"
2019-03-14,2019031401003588,UPPER,42,1,46,239.00,"10,994.00"
2019-03-14,2019031401003684,UPPER,51,8,50,240.00,"12,000.00"
2019-03-14,2019031401003667,UPPER,35,54,50,239.00,"11,950.00"
2019-03-14,2019031401003664,UPPER,35,8,40,239.00,"9,560.00"
2019-03-14,2019031401003659,UPPER,42,54,50,239.00,"11,950.00"
2019-03-14,2019031401003648,UPPER,53,54,30,240.00,"7,200.00"
2019-03-14,2019031401003647,UPPER,53,8,40,240.00,"9,600.00"
2019-03-14,2019031401003694,UPPER,35,8,50,239.00,"11,950.00"
2019-03-14,2019031401003689,UPPER,51,28,10,240.00,"2,400.00"
2019-03-14,2019031401003688,UPPER,51,28,40,240.00,"9,600.00"
2019-03-14,2019031401003687,UPPER,51,41,40,240.00,"9,600.00"
2019-03-14,2019031401003686,UPPER,51,54,10,240.00,"2,400.00"
2019-03-14,2019031401003685,UPPER,51,22,50,240.00,"12,000.00"
2019-03-14,2019031401003126,ADBL,13,21,10,301.00,"3,010.00"
2019-03-14,2019031401003125,ADBL,1,6,36,302.00,"10,872.00"
2019-03-14,2019031401003000,ADBL,55,6,60,302.00,"18,120.00"
2019-03-14,2019031401002966,ADBL,55,55,71,302.00,"21,442.00"
2019-03-14,2019031401002965,ADBL,39,55,60,302.00,"18,120.00"
2019-03-14,2019031401002945,ADBL,39,45,40,302.00,"12,080.00"
2019-03-14,2019031401003015,AKJCL,58,37,40,85.00,"3,400.00"
2019-03-14,2019031401002763,AKJCL,22,53,10,86.00,860.00
2019-03-14,2019031401002741,AKJCL,39,43,20,85.00,"1,700.00"
2019-03-14,2019031401002787,AKPL,39,53,20,177.00,"3,540.00"
2019-03-14,2019031401002765,AKPL,39,53,20,177.00,"3,540.00"
2019-03-14,2019031401003234,ALICL,16,33,250,398.00,"99,500.00"
2019-03-14,2019031401003180,ALICL,6,6,69,397.00,"27,393.00"
2019-03-14,2019031401003024,ALICL,16,33,250,398.00,"99,500.00"
2019-03-14,2019031401002879,AMFI,47,53,10,640.00,"6,400.00"
2019-03-14,2019031401003095,API,43,53,28,133.00,"3,724.00"
2019-03-14,2019031401002808,API,43,53,28,133.00,"3,724.00"
2019-03-14,2019031401002774,API,56,53,28,134.00,"3,752.00"
2019-03-14,2019031401002764,API,8,8,10,135.00,"1,350.00"
2019-03-14,2019031401002910,BARUN,1,10,40,97.00,"3,880.00"
2019-03-14,2019031401002828,BARUN,1,53,10,97.00,970.00
2019-03-14,2019031401002818,BARUN,22,10,130,98.00,"12,740.00"
2019-03-14,2019031401002778,BARUN,22,53,10,98.00,980.00
2019-03-14,2019031401003161,BHBL,7,1,400,140.00,"56,000.00"
2019-03-14,2019031401003143,BOKL,32,16,10,251.00,"2,510.00"
2019-03-14,2019031401003041,BOKL,26,6,456,250.00,"114,000.00"
2019-03-14,2019031401003005,BOKL,25,6,20,250.00,"5,000.00"
2019-03-14,2019031401002814,BOKL,25,51,480,250.00,"120,000.00"
2019-03-14,2019031401002955,BPCL,7,42,30,361.00,"10,830.00"
2019-03-14,2019031401002894,BPCL,7,6,183,361.00,"66,063.00"
2019-03-14,2019031401002893,BPCL,13,6,100,361.00,"36,100.00"
2019-03-14,2019031401002892,BPCL,22,6,25,361.00,"9,025.00"
2019-03-14,2019031401002926,CBBL,38,26,14,887.00,"12,418.00"
2019-03-14,2019031401003211,CBL,6,6,17,157.00,"2,669.00"
2019-03-14,2019031401003185,CBL,50,34,500,156.00,"78,000.00"
2019-03-14,2019031401003169,CBL,6,6,17,157.00,"2,669.00"
2019-03-14,2019031401003103,CBL,51,49,268,157.00,"42,076.00"
2019-03-14,2019031401003067,CBL,25,49,10,157.00,"1,570.00"
2019-03-14,2019031401003032,CBL,50,55,16,156.00,"2,496.00"
2019-03-14,2019031401003031,CBL,50,17,44,156.00,"6,864.00"
2019-03-14,2019031401003030,CBL,50,38,"3,200",156.00,"499,200.00"
2019-03-14,2019031401003014,CBL,45,38,150,156.00,"23,400.00"
2019-03-14,2019031401002881,CBL,38,38,650,156.00,"101,400.00"
2019-03-14,2019031401002779,CFCL,58,8,16,107.00,"1,712.00"
2019-03-14,2019031401002775,CFCL,8,49,16,108.00,"1,728.00"
2019-03-14,2019031401002994,CHCL,26,11,20,517.00,"10,340.00"
2019-03-14,2019031401002993,CHCL,26,17,25,516.00,"12,900.00"
2019-03-14,2019031401003203,CHLBS,44,25,10,561.00,"5,610.00"
2019-03-14,2019031401003158,CHLBS,44,41,10,561.00,"5,610.00"
2019-03-14,2019031401002984,CHLBS,58,39,10,561.00,"5,610.00"
2019-03-14,2019031401002898,CHLBS,49,41,10,560.00,"5,600.00"
2019-03-14,2019031401002882,CHLBS,49,42,10,560.00,"5,600.00"
2019-03-14,2019031401002876,CHLBS,49,42,10,560.00,"5,600.00"
2019-03-14,2019031401002874,CHLBS,49,42,10,560.00,"5,600.00"
2019-03-14,2019031401002867,CHLBS,49,42,10,560.00,"5,600.00"
2019-03-14,2019031401002796,CHLBS,8,8,10,561.00,"5,610.00"
2019-03-14,2019031401002776,CHLBS,49,44,10,560.00,"5,600.00"
2019-03-14,2019031401003045,CIT,42,55,29,"2,630.00","76,270.00"
2019-03-14,2019031401003044,CIT,42,55,26,"2,630.00","68,380.00"
2019-03-14,2019031401003043,CIT,46,55,10,"2,630.00","26,300.00"
2019-03-14,2019031401002974,CIT,33,35,100,"2,630.00","263,000.00"
2019-03-14,2019031401002944,CIT,51,26,10,"2,630.00","26,300.00"
2019-03-14,2019031401002909,CIT,11,6,17,"2,640.00","44,880.00"
2019-03-14,2019031401002839,CIT,52,48,35,"2,642.00","92,470.00"
2019-03-14,2019031401003090,CLBSL,11,39,36,624.00,"22,464.00"
2019-03-14,2019031401003089,CLBSL,1,39,10,624.00,"6,240.00"
2019-03-14,2019031401002949,CZBIL,48,5,348,209.00,"72,732.00"
2019-03-14,2019031401002936,CZBIL,36,50,78,208.00,"16,224.00"
2019-03-14,2019031401002932,CZBIL,26,26,35,207.00,"7,245.00"
2019-03-14,2019031401002800,CZBIL,46,53,90,206.00,"18,540.00"
2019-03-14,2019031401002757,CZBIL,54,43,"1,000",207.00,"207,000.00"
2019-03-14,2019031401002750,CZBIL,40,43,22,208.00,"4,576.00"
2019-03-14,2019031401002756,CZBIL,35,43,100,207.00,"20,700.00"
2019-03-14,2019031401002755,CZBIL,1,43,300,207.00,"62,100.00"
2019-03-14,2019031401002754,CZBIL,44,43,"1,000",207.00,"207,000.00"
2019-03-14,2019031401002753,CZBIL,35,43,200,208.00,"41,600.00"
2019-03-14,2019031401002752,CZBIL,13,43,500,208.00,"104,000.00"
2019-03-14,2019031401002751,CZBIL,29,43,500,208.00,"104,000.00"
2019-03-14,2019031401003225,DDBL,45,48,50,595.00,"29,750.00"
2019-03-14,2019031401003149,DDBL,55,57,118,594.00,"70,092.00"
2019-03-14,2019031401002746,DDBL,1,48,200,595.00,"119,000.00"
2019-03-14,2019031401002840,DHPL,45,53,10,90.00,900.00
2019-03-14,2019031401002817,DHPL,45,53,10,90.00,900.00
2019-03-14,2019031401003210,EBL,58,45,46,540.00,"24,840.00"
2019-03-14,2019031401003209,EBL,58,53,50,540.00,"27,000.00"
2019-03-14,2019031401003208,EBL,58,57,200,540.00,"108,000.00"
2019-03-14,2019031401003207,EBL,58,50,100,540.00,"54,000.00"
2019-03-14,2019031401003206,EBL,58,33,92,539.00,"49,588.00"
2019-03-14,2019031401002992,EBL,28,17,177,535.00,"94,695.00"
2019-03-14,2019031401002991,EBL,28,16,56,535.00,"29,960.00"
2019-03-14,2019031401002931,EBL,52,16,10,535.00,"5,350.00"
2019-03-14,2019031401003174,EIC,7,17,300,850.00,"255,000.00"
2019-03-14,2019031401003119,EIC,28,17,20,850.00,"17,000.00"
2019-03-14,2019031401003042,EIC,22,17,30,850.00,"25,500.00"
2019-03-14,2019031401003039,EIC,7,16,55,848.00,"46,640.00"
2019-03-14,2019031401002801,EIC,40,17,30,850.00,"25,500.00"
2019-03-14,2019031401003216,FOWAD,55,50,10,"1,530.00","15,300.00"
2019-03-14,2019031401002850,FOWAD,14,53,15,"1,521.00","22,815.00"
2019-03-14,2019031401003078,GBBL,25,28,10,188.00,"1,880.00"
2019-03-14,2019031401003046,GBBL,55,55,98,187.00,"18,326.00"
2019-03-14,2019031401002948,GBBL,13,49,11,187.00,"2,057.00"
2019-03-14,2019031401002947,GBBL,13,7,12,187.00,"2,244.00"
2019-03-14,2019031401002977,GBIME,33,50,300,267.00,"80,100.00"
2019-03-14,2019031401002891,GBIME,49,13,500,266.00,"133,000.00"
2019-03-14,2019031401002890,GBIME,57,13,10,266.00,"2,660.00"
2019-03-14,2019031401002889,GBIME,48,13,25,267.00,"6,675.00"
2019-03-14,2019031401002853,GBIME,48,53,75,267.00,"20,025.00"
2019-03-14,2019031401003183,GBLBS,32,14,710,455.00,"323,050.00"
2019-03-14,2019031401003178,GBLBS,50,58,100,453.00,"45,300.00"
2019-03-14,2019031401003150,GBLBS,5,19,200,453.00,"90,600.00"
2019-03-14,2019031401003141,GBLBS,5,52,50,452.00,"22,600.00"
2019-03-14,2019031401002933,GBLBS,1,42,10,450.00,"4,500.00"
2019-03-14,2019031401002927,GBLBS,1,42,10,450.00,"4,500.00"
2019-03-14,2019031401002922,GBLBS,36,42,10,450.00,"4,500.00"
2019-03-14,2019031401002918,GBLBS,36,42,10,451.00,"4,510.00"
2019-03-14,2019031401002880,GBLBS,36,43,10,451.00,"4,510.00"
2019-03-14,2019031401002844,GBLBS,36,53,10,451.00,"4,510.00"
2019-03-14,2019031401003084,GDBL,46,32,"4,000",185.00,"740,000.00"
2019-03-14,2019031401003056,GDBL,46,55,"1,000",185.00,"185,000.00"
2019-03-14,2019031401003124,GDBL,58,32,"1,750",184.00,"322,000.00"
2019-03-14,2019031401003123,GDBL,36,32,"1,000",184.00,"184,000.00"
2019-03-14,2019031401003122,GDBL,13,32,50,184.00,"9,200.00"
2019-03-14,2019031401003121,GDBL,32,32,200,184.00,"36,800.00"
2019-03-14,2019031401003080,GLICL,48,13,10,745.00,"7,450.00"
2019-03-14,2019031401002805,GLICL,42,42,30,740.00,"22,200.00"
2019-03-14,2019031401003214,GUFL,52,19,56,110.00,"6,160.00"
2019-03-14,2019031401003213,GUFL,52,43,200,110.00,"22,000.00"
2019-03-14,2019031401002815,GUFL,6,45,199,110.00,"21,890.00"
2019-03-14,2019031401003028,HATH,6,4,100,114.00,"11,400.00"
2019-03-14,2019031401003027,HATH,53,4,200,114.00,"22,800.00"
2019-03-14,2019031401003111,HBL,22,42,10,463.00,"4,630.00"
2019-03-14,2019031401003110,HBL,8,42,40,464.00,"18,560.00"
2019-03-14,2019031401002946,HBL,8,34,10,464.00,"4,640.00"
2019-03-14,2019031401003022,HIDCL,49,29,12,136.00,"1,632.00"
2019-03-14,2019031401002988,HIDCL,26,29,53,136.00,"7,208.00"
2019-03-14,2019031401002987,HIDCL,26,53,29,135.00,"3,915.00"
2019-03-14,2019031401002859,HIDCL,26,53,29,134.00,"3,886.00"
2019-03-14,2019031401002807,HIDCL,8,8,10,135.00,"1,350.00"
2019-03-14,2019031401003047,HPPL,58,40,10,191.00,"1,910.00"
2019-03-14,2019031401002863,HPPL,38,53,20,194.00,"3,880.00"
2019-03-14,2019031401002862,HPPL,38,53,10,194.00,"1,940.00"
2019-03-14,2019031401002749,HPPL,38,19,20,194.00,"3,880.00"
2019-03-14,2019031401002937,JBBL,51,26,28,138.00,"3,864.00"
2019-03-14,2019031401002802,JBBL,51,43,10,138.00,"1,380.00"
2019-03-14,2019031401002798,JBBL,46,43,481,139.00,"66,859.00"
2019-03-14,2019031401003228,JBNL,36,34,100,171.00,"17,100.00"
2019-03-14,2019031401003112,JBNL,36,55,32,171.00,"5,472.00"
2019-03-14,2019031401002934,JBNL,38,34,700,172.00,"120,400.00"
2019-03-14,2019031401002858,JFL,1,51,129,161.00,"20,769.00"
2019-03-14,2019031401002804,KPCL,51,56,10,96.00,960.00
2019-03-14,2019031401002771,KPCL,51,56,10,96.00,960.00
2019-03-14,2019031401002959,KPCL,51,42,10,96.00,960.00
2019-03-14,2019031401003176,KSBBL,37,45,36,140.00,"5,040.00"
2019-03-14,2019031401003145,KSBBL,37,8,35,140.00,"4,900.00"
2019-03-14,2019031401003066,KSBBL,37,55,30,140.00,"4,200.00"
2019-03-14,2019031401003156,LBBL,11,28,100,173.00,"17,300.00"
2019-03-14,2019031401002745,LBBL,42,57,220,171.00,"37,620.00"
2019-03-14,2019031401002744,LBBL,13,57,200,172.00,"34,400.00"
2019-03-14,2019031401002743,LBBL,56,57,100,172.00,"17,200.00"
2019-03-14,2019031401002742,LBBL,59,57,480,172.00,"82,560.00"
2019-03-14,2019031401003082,LBL,55,55,7,197.00,"1,379.00"
2019-03-14,2019031401003072,LBL,36,17,116,197.00,"22,852.00"
2019-03-14,2019031401002989,LBL,49,17,40,197.00,"7,880.00"
2019-03-14,2019031401002998,LLBS,28,58,10,774.00,"7,740.00"
2019-03-14,2019031401003227,MBL,38,44,300,222.00,"66,600.00"
2019-03-14,2019031401003226,MBL,38,44,700,222.00,"155,400.00"
2019-03-14,2019031401003139,MBL,45,32,600,222.00,"133,200.00"
2019-03-14,2019031401003138,MBL,45,32,490,222.00,"108,780.00"
2019-03-14,2019031401003137,MBL,45,28,"1,000",222.00,"222,000.00"
2019-03-14,2019031401003136,MBL,45,38,500,222.00,"111,000.00"
2019-03-14,2019031401003135,MBL,45,34,200,222.00,"44,400.00"
2019-03-14,2019031401003113,MBL,37,25,200,221.00,"44,200.00"
2019-03-14,2019031401002916,MBL,39,34,800,222.00,"177,600.00"
2019-03-14,2019031401002915,MBL,39,53,200,222.00,"44,400.00"
2019-03-14,2019031401002914,MBL,39,14,"2,000",222.00,"444,000.00"
2019-03-14,2019031401002851,MBL,45,25,500,221.00,"110,500.00"
2019-03-14,2019031401003163,MEGA,58,52,244,166.00,"40,504.00"
2019-03-14,2019031401003064,MEGA,25,52,10,166.00,"1,660.00"
2019-03-14,2019031401002982,MEGA,55,13,21,165.00,"3,465.00"
2019-03-14,2019031401002981,MEGA,55,37,505,165.00,"83,325.00"
2019-03-14,2019031401002980,MEGA,55,33,460,165.00,"75,900.00"
2019-03-14,2019031401002975,MEGA,59,33,50,165.00,"8,250.00"
2019-03-14,2019031401002834,MERO,22,41,15,595.00,"8,925.00"
2019-03-14,2019031401003098,MIDBL,16,13,"1,000",153.00,"153,000.00"
2019-03-14,2019031401003097,MIDBL,16,52,"1,000",153.00,"153,000.00"
2019-03-14,2019031401003057,MIDBL,47,21,100,152.00,"15,200.00"
2019-03-14,2019031401003108,MLBL,16,17,100,169.00,"16,900.00"
2019-03-14,2019031401003068,MLBL,1,55,32,167.00,"5,344.00"
2019-03-14,2019031401002783,MSMBS,59,29,11,530.00,"5,830.00"
2019-03-14,2019031401003058,NABIL,45,13,80,719.00,"57,520.00"
2019-03-14,2019031401002986,NABIL,17,13,40,719.00,"28,760.00"
2019-03-14,2019031401002985,NABIL,17,35,60,719.00,"43,140.00"
2019-03-14,2019031401002924,NABILP,6,6,100,680.00,"68,000.00"
2019-03-14,2019031401002923,NABILP,52,6,511,681.00,"347,991.00"
2019-03-14,2019031401003229,NBB,45,52,200,196.00,"39,200.00"
2019-03-14,2019031401003117,NBB,45,42,250,196.00,"49,000.00"
2019-03-14,2019031401003116,NBB,34,42,50,196.00,"9,800.00"
2019-03-14,2019031401003013,NBBL,28,7,178,630.00,"112,140.00"
2019-03-14,2019031401003012,NBBL,28,54,21,630.00,"13,230.00"
2019-03-14,2019031401003011,NBBL,28,48,54,629.00,"33,966.00"
2019-03-14,2019031401003188,NBL,35,5,200,290.00,"58,000.00"
2019-03-14,2019031401003127,NBL,35,5,50,290.00,"14,500.00"
2019-03-14,2019031401003003,NBL,35,36,50,290.00,"14,500.00"
2019-03-14,2019031401003002,NBL,59,36,50,290.00,"14,500.00"
2019-03-14,2019031401002996,NBL,1,22,109,289.00,"31,501.00"
2019-03-14,2019031401002995,NBL,33,22,100,289.00,"28,900.00"
2019-03-14,2019031401002941,NBL,47,22,30,289.00,"8,670.00"
2019-03-14,2019031401002940,NBL,45,22,211,289.00,"60,979.00"
2019-03-14,2019031401002901,NBL,45,33,789,289.00,"228,021.00"
2019-03-14,2019031401002871,NBL,35,52,500,290.00,"145,000.00"
2019-03-14,2019031401002857,NBL,45,52,"1,000",290.00,"290,000.00"
2019-03-14,2019031401003220,NCCB,32,26,333,213.00,"70,929.00"
2019-03-14,2019031401003215,NCCB,58,26,167,213.00,"35,571.00"
2019-03-14,2019031401003179,NCCB,55,40,"1,000",213.00,"213,000.00"
2019-03-14,2019031401003144,NCCB,45,40,500,213.00,"106,500.00"
2019-03-14,2019031401003099,NCCB,55,55,9,213.00,"1,917.00"
2019-03-14,2019031401003081,NCCB,34,44,800,213.00,"170,400.00"
2019-03-14,2019031401002983,NCCB,38,43,"1,000",212.00,"212,000.00"
2019-03-14,2019031401002870,NCCB,51,43,200,212.00,"42,400.00"
2019-03-14,2019031401002869,NCCB,49,43,500,212.00,"106,000.00"
2019-03-14,2019031401002868,NCCB,49,43,99,212.00,"20,988.00"
2019-03-14,2019031401002861,NCCB,45,44,"1,000",213.00,"213,000.00"
2019-03-14,2019031401002823,NCCB,6,44,200,213.00,"42,600.00"
2019-03-14,2019031401003160,NCDB,54,32,300,118.00,"35,400.00"
2019-03-14,2019031401003033,NHDL,39,40,10,131.00,"1,310.00"
2019-03-14,2019031401002967,NHDL,39,53,10,133.00,"1,330.00"
2019-03-14,2019031401002762,NHDL,39,21,10,135.00,"1,350.00"
2019-03-14,2019031401003004,NHPC,45,33,20,71.00,"1,420.00"
2019-03-14,2019031401002935,NHPC,43,28,"1,000",70.00,"70,000.00"
2019-03-14,2019031401002860,NHPC,43,41,"1,000",70.00,"70,000.00"
2019-03-14,2019031401002852,NHPC,58,53,200,71.00,"14,200.00"
2019-03-14,2019031401003204,NIB,35,49,500,534.00,"267,000.00"
2019-03-14,2019031401003147,NIB,57,49,65,534.00,"34,710.00"
2019-03-14,2019031401003146,NIB,35,49,200,534.00,"106,800.00"
2019-03-14,2019031401003102,NIB,37,57,50,535.00,"26,750.00"
2019-03-14,2019031401003079,NIB,35,42,100,534.00,"53,400.00"
2019-03-14,2019031401003035,NIB,57,53,7,534.00,"3,738.00"
2019-03-14,2019031401003034,NIB,35,53,20,534.00,"10,680.00"
2019-03-14,2019031401002873,NIB,57,53,27,534.00,"14,418.00"
2019-03-14,2019031401002872,NIB,57,21,26,534.00,"13,884.00"
2019-03-14,2019031401003118,NIBPO,45,8,360,483.00,"173,880.00"
2019-03-14,2019031401003048,NIBPO,45,5,140,483.00,"67,620.00"
2019-03-14,2019031401002824,NIBSF1,8,8,"1,500",8.90,"13,350.00"
2019-03-14,2019031401003171,NICA,45,8,76,399.00,"30,324.00"
2019-03-14,2019031401003170,NICA,45,7,124,399.00,"49,476.00"
2019-03-14,2019031401003107,NICA,36,7,876,399.00,"349,524.00"
2019-03-14,2019031401003065,NICA,36,43,"1,000",399.00,"399,000.00"
2019-03-14,2019031401002903,NICA,14,58,68,399.00,"27,132.00"
2019-03-14,2019031401002895,NICA,28,43,946,396.00,"374,616.00"
2019-03-14,2019031401002875,NICA,28,53,54,396.00,"21,384.00"
2019-03-14,2019031401002813,NICA,43,43,500,396.00,"198,000.00"
2019-03-14,2019031401002812,NICA,46,43,500,396.00,"198,000.00"
2019-03-14,2019031401002811,NICA,36,43,631,396.00,"249,876.00"
2019-03-14,2019031401002810,NICA,36,43,500,396.00,"198,000.00"
2019-03-14,2019031401002809,NICA,22,43,100,396.00,"39,600.00"
2019-03-14,2019031401002908,NIL,4,28,500,528.00,"264,000.00"
2019-03-14,2019031401002781,NLBBL,47,33,100,460.00,"46,000.00"
2019-03-14,2019031401002780,NLBBL,6,33,25,460.00,"11,500.00"
2019-03-14,2019031401002803,NLG,41,49,78,813.00,"63,414.00"
2019-03-14,2019031401003184,NLIC,39,57,10,"1,108.00","11,080.00"
2019-03-14,2019031401003134,NLIC,35,1,6,"1,107.00","6,642.00"
2019-03-14,2019031401003133,NLIC,45,1,11,"1,107.00","12,177.00"
2019-03-14,2019031401003132,NLIC,35,1,17,"1,107.00","18,819.00"
2019-03-14,2019031401003094,NLIC,39,41,57,"1,106.00","63,042.00"
2019-03-14,2019031401003093,NLIC,55,41,33,"1,106.00","36,498.00"
2019-03-14,2019031401002866,NLIC,42,5,28,"1,107.00","30,996.00"
2019-03-14,2019031401002865,NLIC,42,29,12,"1,106.00","13,272.00"
2019-03-14,2019031401002782,NLIC,49,17,"2,000","1,105.00","2,210,000.00"
2019-03-14,2019031401003063,NLIC,49,49,7,"1,103.00","7,721.00"
2019-03-14,2019031401003040,NLIC,21,5,50,"1,107.00","55,350.00"
2019-03-14,2019031401003021,NLIC,21,5,30,"1,107.00","33,210.00"
2019-03-14,2019031401002964,NLIC,55,13,17,"1,106.00","18,802.00"
2019-03-14,2019031401002897,NLIC,56,53,17,"1,106.00","18,802.00"
2019-03-14,2019031401002878,NLIC,38,53,17,"1,105.00","18,785.00"
2019-03-14,2019031401003092,NLIC,40,41,10,"1,107.00","11,070.00"
2019-03-14,2019031401003088,NLIC,40,1,17,"1,107.00","18,819.00"
2019-03-14,2019031401003087,NLIC,40,1,17,"1,107.00","18,819.00"
2019-03-14,2019031401003086,NLIC,40,1,17,"1,107.00","18,819.00"
2019-03-14,2019031401003085,NLIC,40,5,39,"1,107.00","43,173.00"
2019-03-14,2019031401003069,NLIC,56,5,33,"1,107.00","36,531.00"
2019-03-14,2019031401003235,NLICL,36,33,49,661.00,"32,389.00"
2019-03-14,2019031401003142,NLICL,11,33,50,661.00,"33,050.00"
2019-03-14,2019031401003120,NLICL,44,17,"1,170",660.00,"772,200.00"
2019-03-14,2019031401003059,NLICL,45,42,115,658.00,"75,670.00"
2019-03-14,2019031401003025,NLICL,45,28,50,658.00,"32,900.00"
2019-03-14,2019031401003001,NLICL,44,34,723,660.00,"477,180.00"
2019-03-14,2019031401002939,NLICL,52,21,26,661.00,"17,186.00"
2019-03-14,2019031401002928,NLICL,21,1,50,660.00,"33,000.00"
2019-03-14,2019031401002899,NLICL,13,1,50,660.00,"33,000.00"
2019-03-14,2019031401002785,NLICL,38,46,30,660.00,"19,800.00"
2019-03-14,2019031401002958,NLICL,45,41,16,658.00,"10,528.00"
2019-03-14,2019031401002957,NLICL,42,41,14,658.00,"9,212.00"
2019-03-14,2019031401002954,NLICL,54,46,256,657.00,"168,192.00"
2019-03-14,2019031401002953,NLICL,26,46,20,657.00,"13,140.00"
2019-03-14,2019031401002943,NLICL,10,41,50,658.00,"32,900.00"
2019-03-14,2019031401002942,NLICL,22,41,60,658.00,"39,480.00"
2019-03-14,2019031401003222,NLICLP,49,20,"98,131","1,070.00","105,000,170.00"
2019-03-14,2019031401003205,NMB,57,13,"2,450",324.00,"793,800.00"
2019-03-14,2019031401003190,NMB,39,13,50,324.00,"16,200.00"
2019-03-14,2019031401003182,NMB,1,13,500,324.00,"162,000.00"
2019-03-14,2019031401003115,NMB,50,8,500,324.00,"162,000.00"
2019-03-14,2019031401003114,NMB,37,8,25,324.00,"8,100.00"
2019-03-14,2019031401003020,NMB,37,58,230,324.00,"74,520.00"
2019-03-14,2019031401002819,NMB,46,45,99,323.00,"31,977.00"
2019-03-14,2019031401002768,NMB,16,16,300,322.00,"96,600.00"
2019-03-14,2019031401002740,NMB,16,13,"1,038",322.00,"334,236.00"
2019-03-14,2019031401002739,NMB,16,13,200,322.00,"64,400.00"
2019-03-14,2019031401002738,NMB,16,13,500,322.00,"161,000.00"
2019-03-14,2019031401003010,NMB,37,17,45,324.00,"14,580.00"
2019-03-14,2019031401002960,NMB,49,46,10,325.00,"3,250.00"
2019-03-14,2019031401002877,NMB,14,13,201,323.00,"64,923.00"
2019-03-14,2019031401002822,NMB,46,46,382,325.00,"124,150.00"
2019-03-14,2019031401002821,NMB,46,25,100,325.00,"32,500.00"
2019-03-14,2019031401002820,NMB,46,57,419,325.00,"136,175.00"
2019-03-14,2019031401003128,NMBMF,25,57,28,"1,026.00","28,728.00"
2019-03-14,2019031401002838,NMBMF,21,57,14,"1,025.00","14,350.00"
2019-03-14,2019031401002837,NMBMF,35,57,10,"1,026.00","10,260.00"
2019-03-14,2019031401002836,NMBMF,21,57,10,"1,027.00","10,270.00"
2019-03-14,2019031401003155,NNLB,38,4,100,457.00,"45,700.00"
2019-03-14,2019031401003154,NNLB,45,4,100,458.00,"45,800.00"
2019-03-14,2019031401003153,NNLB,55,4,20,459.00,"9,180.00"
2019-03-14,2019031401002791,NNLB,41,51,95,456.00,"43,320.00"
2019-03-14,2019031401002790,NNLB,39,51,10,456.00,"4,560.00"
2019-03-14,2019031401002789,NNLB,57,51,50,457.00,"22,850.00"
2019-03-14,2019031401002788,NNLB,38,51,100,465.00,"46,500.00"
2019-03-14,2019031401002761,NNLB,43,16,50,465.00,"23,250.00"
2019-03-14,2019031401003026,NSEWA,40,40,10,539.00,"5,390.00"
2019-03-14,2019031401003223,NTC,38,22,100,683.00,"68,300.00"
2019-03-14,2019031401003016,NTC,1,6,10,684.00,"6,840.00"
2019-03-14,2019031401003167,OHL,38,38,10,431.00,"4,310.00"
2019-03-14,2019031401003166,OHL,35,38,50,431.00,"21,550.00"
2019-03-14,2019031401003165,OHL,29,38,100,432.00,"43,200.00"
2019-03-14,2019031401003164,OHL,55,38,100,433.00,"43,300.00"
2019-03-14,2019031401003175,PCBL,10,10,"14,000",318.00,"4,452,000.00"
2019-03-14,2019031401003071,PCBL,53,55,11,318.00,"3,498.00"
2019-03-14,2019031401002979,PCBL,33,19,200,319.00,"63,800.00"
2019-03-14,2019031401002912,PCBL,34,43,200,318.00,"63,600.00"
2019-03-14,2019031401002911,PCBL,47,43,800,318.00,"254,400.00"
2019-03-14,2019031401002921,PFL,36,11,100,132.00,"13,200.00"
2019-03-14,2019031401002831,PFL,56,58,10,131.00,"1,310.00"
2019-03-14,2019031401002799,PIC,33,39,11,"1,027.00","11,297.00"
2019-03-14,2019031401002797,PIC,50,10,33,"1,030.00","33,990.00"
2019-03-14,2019031401002920,PIC,33,53,11,"1,030.00","11,330.00"
2019-03-14,2019031401002883,PIC,33,53,11,"1,027.00","11,297.00"
2019-03-14,2019031401002999,PICL,50,44,400,703.00,"281,200.00"
2019-03-14,2019031401003096,PLIC,35,28,100,452.00,"45,200.00"
2019-03-14,2019031401003006,PLIC,35,42,161,452.00,"72,772.00"
2019-03-14,2019031401003172,PMHPL,39,29,10,111.00,"1,110.00"
2019-03-14,2019031401003168,PMHPL,39,29,10,111.00,"1,110.00"
2019-03-14,2019031401003159,PMHPL,39,29,10,111.00,"1,110.00"
2019-03-14,2019031401002990,PMHPL,14,6,10,110.00,"1,100.00"
2019-03-14,2019031401002919,PMHPL,14,56,10,110.00,"1,100.00"
2019-03-14,2019031401002900,PMHPL,14,53,10,110.00,"1,100.00"
2019-03-14,2019031401002777,PMHPL,43,56,10,111.00,"1,110.00"
2019-03-14,2019031401003162,PRIN,32,40,704,420.00,"295,680.00"
2019-03-14,2019031401002963,PRIN,32,34,366,420.00,"153,720.00"
2019-03-14,2019031401002930,PRIN,32,51,50,420.00,"21,000.00"
2019-03-14,2019031401002855,PRIN,32,26,40,419.00,"16,760.00"
2019-03-14,2019031401002854,PRIN,32,53,51,418.00,"21,318.00"
2019-03-14,2019031401003233,PRVU,1,29,10,236.00,"2,360.00"
2019-03-14,2019031401003232,PRVU,1,8,20,235.00,"4,700.00"
2019-03-14,2019031401003224,PRVU,38,17,990,235.00,"232,650.00"
2019-03-14,2019031401002847,PRVU,58,46,100,233.00,"23,300.00"
2019-03-14,2019031401002846,PRVU,46,46,131,233.00,"30,523.00"
2019-03-14,2019031401002829,PRVU,46,29,400,233.00,"93,200.00"
2019-03-14,2019031401002826,PRVU,46,43,469,233.00,"109,277.00"
2019-03-14,2019031401002825,PRVU,21,43,31,233.00,"7,223.00"
2019-03-14,2019031401003023,PRVU,1,22,10,234.00,"2,340.00"
2019-03-14,2019031401003019,PRVU,1,17,97,233.00,"22,601.00"
2019-03-14,2019031401003018,PRVU,1,17,300,233.00,"69,900.00"
2019-03-14,2019031401003017,PRVU,1,46,59,233.00,"13,747.00"
2019-03-14,2019031401002849,PRVU,38,46,200,233.00,"46,600.00"
2019-03-14,2019031401002848,PRVU,38,46,10,233.00,"2,330.00"
2019-03-14,2019031401003083,PRVU,1,55,16,233.00,"3,728.00"
2019-03-14,2019031401003070,PRVU,1,35,10,234.00,"2,340.00"
2019-03-14,2019031401003037,PRVU,43,35,"2,902",234.00,"679,068.00"
2019-03-14,2019031401003036,PRVU,43,22,333,234.00,"77,922.00"
2019-03-14,2019031401003091,PRVU,1,17,10,235.00,"2,350.00"
2019-03-14,2019031401002888,RADHI,50,53,11,166.00,"1,826.00"
2019-03-14,2019031401002906,RBCLPO,37,34,10,"8,500.00","85,000.00"
2019-03-14,2019031401002905,RBCLPO,37,34,20,"8,550.00","171,000.00"
2019-03-14,2019031401002904,RBCLPO,58,34,20,"8,555.00","171,100.00"
2019-03-14,2019031401003173,RHPC,58,8,33,91.00,"3,003.00"
2019-03-14,2019031401003076,RHPC,26,34,82,91.00,"7,462.00"
2019-03-14,2019031401003055,RHPC,29,34,200,91.00,"18,200.00"
2019-03-14,2019031401003054,RHPC,34,34,100,91.00,"9,100.00"
2019-03-14,2019031401003053,RHPC,52,34,108,91.00,"9,828.00"
2019-03-14,2019031401003052,RHPC,32,34,100,91.00,"9,100.00"
2019-03-14,2019031401003051,RHPC,35,34,100,92.00,"9,200.00"
2019-03-14,2019031401003050,RHPC,52,34,22,92.00,"2,024.00"
2019-03-14,2019031401002956,RHPC,52,53,16,92.00,"1,472.00"
2019-03-14,2019031401002907,RHPC,52,53,16,92.00,"1,472.00"
2019-03-14,2019031401003075,RLFL,58,39,300,118.00,"35,400.00"
2019-03-14,2019031401002827,RLFL,58,7,261,118.00,"30,798.00"
2019-03-14,2019031401003212,RRHP,57,59,"1,950",97.00,"189,150.00"
2019-03-14,2019031401002917,RRHP,8,53,10,96.00,960.00
2019-03-14,2019031401002913,RRHP,16,59,50,97.00,"4,850.00"
2019-03-14,2019031401002896,RRHP,8,53,10,96.00,960.00
2019-03-14,2019031401002833,RRHP,8,56,10,96.00,960.00
2019-03-14,2019031401003077,RSDC,35,53,50,375.00,"18,750.00"
2019-03-14,2019031401003074,RSDC,11,57,24,374.00,"8,976.00"
2019-03-14,2019031401002902,RSDC,39,53,34,373.00,"12,682.00"
2019-03-14,2019031401002760,RSDC,39,50,66,373.00,"24,618.00"
2019-03-14,2019031401002759,RSDC,49,50,40,373.00,"14,920.00"
2019-03-14,2019031401002758,RSDC,39,50,58,373.00,"21,634.00"
2019-03-14,2019031401003236,SANIMA,1,52,25,305.00,"7,625.00"
2019-03-14,2019031401003181,SANIMA,1,26,100,305.00,"30,500.00"
2019-03-14,2019031401003157,SANIMA,32,42,181,305.00,"55,205.00"
2019-03-14,2019031401003152,SANIMA,45,42,419,305.00,"127,795.00"
2019-03-14,2019031401003151,SANIMA,45,34,581,305.00,"177,205.00"
2019-03-14,2019031401003106,SANIMA,21,34,100,305.00,"30,500.00"
2019-03-14,2019031401003105,SANIMA,33,34,300,305.00,"91,500.00"
2019-03-14,2019031401003104,SANIMA,45,34,19,305.00,"5,795.00"
2019-03-14,2019031401002884,SANIMA,45,53,11,305.00,"3,355.00"
2019-03-14,2019031401002864,SANIMA,45,53,400,305.00,"122,000.00"
2019-03-14,2019031401002773,SANIMA,16,42,106,304.00,"32,224.00"
2019-03-14,2019031401002772,SANIMA,21,42,10,304.00,"3,040.00"
2019-03-14,2019031401003186,SBI,42,58,11,391.00,"4,301.00"
2019-03-14,2019031401003131,SBI,42,45,42,391.00,"16,422.00"
2019-03-14,2019031401003130,SBI,53,45,41,392.00,"16,072.00"
2019-03-14,2019031401003129,SBI,42,45,17,393.00,"6,681.00"
2019-03-14,2019031401002950,SBI,53,21,41,395.00,"16,195.00"
2019-03-14,2019031401003109,SBL,36,46,"1,000",296.00,"296,000.00"
2019-03-14,2019031401002794,SBL,50,53,50,295.00,"14,750.00"
2019-03-14,2019031401002784,SBL,45,13,33,293.00,"9,669.00"
2019-03-14,2019031401003200,SCB,25,34,49,562.00,"27,538.00"
2019-03-14,2019031401003199,SCB,52,34,21,562.00,"11,802.00"
2019-03-14,2019031401003198,SCB,41,34,30,563.00,"16,890.00"
2019-03-14,2019031401003073,SCB,42,6,20,565.00,"11,300.00"
2019-03-14,2019031401002961,SCB,40,47,20,564.00,"11,280.00"
2019-03-14,2019031401002929,SCB,41,53,20,563.00,"11,260.00"
2019-03-14,2019031401003049,SDESI,8,13,11,589.00,"6,479.00"
2019-03-14,2019031401002767,SEOS,14,35,900,9.90,"8,910.00"
2019-03-14,2019031401002766,SEOS,21,35,100,9.91,991.00
2019-03-14,2019031401003221,SHPC,25,34,43,230.00,"9,890.00"
2019-03-14,2019031401002856,SHPC,25,34,107,230.00,"24,610.00"
2019-03-14,2019031401002769,SHPC,25,26,"1,350",230.00,"310,500.00"
2019-03-14,2019031401003187,SLBSL,50,59,10,753.00,"7,530.00"
2019-03-14,2019031401003148,SLBSL,50,43,10,753.00,"7,530.00"
2019-03-14,2019031401002970,SLBSL,52,44,10,758.00,"7,580.00"
2019-03-14,2019031401002968,SLBSL,52,44,10,758.00,"7,580.00"
2019-03-14,2019031401003038,SLICL,16,18,102,540.00,"55,080.00"
2019-03-14,2019031401002951,SLICL,16,58,210,539.00,"113,190.00"
2019-03-14,2019031401003237,SMFDB,40,14,30,650.00,"19,500.00"
2019-03-14,2019031401003202,SPDL,45,32,590,106.00,"62,540.00"
2019-03-14,2019031401003201,SPDL,45,6,29,106.00,"3,074.00"
2019-03-14,2019031401003231,SRBL,50,21,11,221.00,"2,431.00"
2019-03-14,2019031401003230,SRBL,50,43,500,221.00,"110,500.00"
2019-03-14,2019031401003062,SRBL,26,7,600,221.00,"132,600.00"
2019-03-14,2019031401002887,SRBL,10,42,100,221.00,"22,100.00"
2019-03-14,2019031401002886,SRBL,10,59,265,221.00,"58,565.00"
2019-03-14,2019031401002885,SRBL,10,34,500,221.00,"110,500.00"
2019-03-14,2019031401002976,UFL,28,54,43,178.00,"7,654.00"
2019-03-14,2019031401002925,UMHL,34,53,10,112.00,"1,120.00"
2019-03-14,2019031401003177,UNL,3,6,10,"19,000.00","190,000.00"
2019-03-14,2019031401003219,UPPER,25,32,300,239.00,"71,700.00"
2019-03-14,2019031401003218,UPPER,25,22,40,239.00,"9,560.00"
2019-03-14,2019031401003217,UPPER,25,40,40,239.00,"9,560.00"
2019-03-14,2019031401003101,UPPER,36,42,40,238.00,"9,520.00"
2019-03-14,2019031401003100,UPPER,35,42,10,239.00,"2,390.00"
2019-03-14,2019031401003061,UPPER,35,19,90,239.00,"21,510.00"
2019-03-14,2019031401002748,UPPER,46,8,40,240.00,"9,600.00"
2019-03-14,2019031401002747,UPPER,46,16,10,240.00,"2,400.00"
2019-03-14,2019031401002830,UPPER,46,44,"1,000",240.00,"240,000.00"
2019-03-14,2019031401002816,UPPER,50,56,50,239.00,"11,950.00"
2019-03-14,2019031401002795,UPPER,50,56,50,239.00,"11,950.00"
2019-03-14,2019031401002770,UPPER,50,6,40,239.00,"9,560.00"
2019-03-14,2019031401002952,UPPER,50,33,70,239.00,"16,730.00"
2019-03-14,2019031401002843,UPPER,50,40,73,239.00,"17,447.00"
2019-03-14,2019031401002842,UPPER,50,45,500,239.00,"119,500.00"
2019-03-14,2019031401002841,UPPER,50,40,73,239.00,"17,447.00"
2019-03-14,2019031401002835,UPPER,8,8,40,240.00,"9,600.00"
2019-03-14,2019031401003060,UPPER,26,19,10,239.00,"2,390.00"
2019-03-14,2019031401003008,UPPER,26,26,30,239.00,"7,170.00"
2019-03-14,2019031401003007,UPPER,39,26,10,239.00,"2,390.00"
2019-03-14,2019031401002978,UPPER,39,39,40,239.00,"9,560.00"
2019-03-14,2019031401002969,UPPER,50,44,40,239.00,"9,560.00"
2019-03-14,2019031401002962,UPPER,50,42,50,239.00,"11,950.00"
2019-03-14,2019031401002681,ADBL,22,45,10,302.00,"3,020.00"
2019-03-14,2019031401002393,ADBL,13,45,340,301.00,"102,340.00"
2019-03-14,2019031401002258,ADBL,13,52,56,301.00,"16,856.00"
2019-03-14,2019031401002257,ADBL,13,48,91,301.00,"27,391.00"
2019-03-14,2019031401002256,ADBL,13,44,200,301.00,"60,200.00"
2019-03-14,2019031401002735,AKJCL,39,43,50,85.00,"4,250.00"
2019-03-14,2019031401002734,AKJCL,39,8,20,84.00,"1,680.00"
2019-03-14,2019031401002724,AKJCL,8,43,20,85.00,"1,700.00"
2019-03-14,2019031401002499,AKJCL,8,8,20,84.00,"1,680.00"
2019-03-14,2019031401002329,AKJCL,42,8,10,83.00,830.00
2019-03-14,2019031401002317,AKJCL,8,8,10,84.00,840.00
2019-03-14,2019031401002311,AKJCL,8,34,10,84.00,840.00
2019-03-14,2019031401002519,AKPL,39,53,20,177.00,"3,540.00"
2019-03-14,2019031401002479,AKPL,39,53,20,177.00,"3,540.00"
2019-03-14,2019031401002417,AKPL,39,39,13,177.00,"2,301.00"
2019-03-14,2019031401002673,API,42,22,22,136.00,"2,992.00"
2019-03-14,2019031401002527,API,42,53,28,136.00,"3,808.00"
2019-03-14,2019031401002349,API,8,8,10,137.00,"1,370.00"
2019-03-14,2019031401002295,API,28,57,50,138.00,"6,900.00"
2019-03-14,2019031401002655,BARUN,22,53,10,98.00,980.00
2019-03-14,2019031401002515,BFC,37,28,25,93.00,"2,325.00"
2019-03-14,2019031401002719,BOKL,25,7,480,249.00,"119,520.00"
2019-03-14,2019031401002691,BOKL,39,51,222,250.00,"55,500.00"
2019-03-14,2019031401002672,BOKL,22,51,20,250.00,"5,000.00"
2019-03-14,2019031401002660,BOKL,19,51,200,250.00,"50,000.00"
2019-03-14,2019031401002659,BOKL,50,51,78,250.00,"19,500.00"
2019-03-14,2019031401002522,BOKL,50,57,339,250.00,"84,750.00"
2019-03-14,2019031401002252,BOKL,28,50,50,251.00,"12,550.00"
2019-03-14,2019031401002416,BOKL,32,57,65,251.00,"16,315.00"
2019-03-14,2019031401002415,BOKL,32,1,100,251.00,"25,100.00"
2019-03-14,2019031401002304,BOKL,50,50,583,250.00,"145,750.00"
2019-03-14,2019031401002255,BOKL,5,50,300,250.00,"75,000.00"
2019-03-14,2019031401002254,BOKL,38,50,100,250.00,"25,000.00"
2019-03-14,2019031401002253,BOKL,39,50,31,250.00,"7,750.00"
2019-03-14,2019031401002613,BPCL,32,1,20,360.00,"7,200.00"
2019-03-14,2019031401002306,BPCL,32,1,10,360.00,"3,600.00"
2019-03-14,2019031401002265,CBBL,17,39,200,895.00,"179,000.00"
2019-03-14,2019031401002705,CBL,21,43,50,155.00,"7,750.00"
2019-03-14,2019031401002704,CBL,25,43,500,155.00,"77,500.00"
2019-03-14,2019031401002703,CBL,42,43,"1,000",155.00,"155,000.00"
2019-03-14,2019031401002702,CBL,44,43,883,155.00,"136,865.00"
2019-03-14,2019031401002696,CBL,13,43,"1,000",156.00,"156,000.00"
2019-03-14,2019031401002695,CBL,41,43,500,156.00,"78,000.00"
2019-03-14,2019031401002468,CBL,34,43,"2,000",157.00,"314,000.00"
2019-03-14,2019031401002467,CBL,34,43,"1,000",157.00,"157,000.00"
2019-03-14,2019031401002466,CBL,19,43,100,158.00,"15,800.00"
2019-03-14,2019031401002694,CBL,51,43,400,156.00,"62,400.00"
2019-03-14,2019031401002693,CBL,43,43,734,156.00,"114,504.00"
2019-03-14,2019031401002508,CBL,43,13,"1,266",156.00,"197,496.00"
2019-03-14,2019031401002507,CBL,58,13,"2,000",156.00,"312,000.00"
2019-03-14,2019031401002506,CBL,53,13,100,156.00,"15,600.00"
2019-03-14,2019031401002505,CBL,22,13,500,156.00,"78,000.00"
2019-03-14,2019031401002677,CCBL,45,49,13,163.00,"2,119.00"
2019-03-14,2019031401002621,CCBL,44,43,"1,000",164.00,"164,000.00"
2019-03-14,2019031401002620,CCBL,26,43,500,164.00,"82,000.00"
2019-03-14,2019031401002619,CCBL,7,43,372,164.00,"61,008.00"
2019-03-14,2019031401002611,CCBL,56,43,100,165.00,"16,500.00"
2019-03-14,2019031401002610,CCBL,45,43,500,165.00,"82,500.00"
2019-03-14,2019031401002292,CCBL,52,54,100,166.00,"16,600.00"
2019-03-14,2019031401002609,CCBL,16,43,38,165.00,"6,270.00"
2019-03-14,2019031401002575,CCBL,16,13,186,165.00,"30,690.00"
2019-03-14,2019031401002501,CCBL,55,50,500,166.00,"83,000.00"
2019-03-14,2019031401002427,CCBL,16,16,6,163.00,978.00
2019-03-14,2019031401002294,CCBL,52,54,100,166.00,"16,600.00"
2019-03-14,2019031401002293,CCBL,52,54,100,166.00,"16,600.00"
2019-03-14,2019031401002606,CFCL,58,43,310,107.00,"33,170.00"
2019-03-14,2019031401002472,CFCL,58,8,16,107.00,"1,712.00"
2019-03-14,2019031401002465,CFCL,8,49,16,108.00,"1,728.00"
2019-03-14,2019031401002559,CHCL,25,25,445,511.00,"227,395.00"
2019-03-14,2019031401002558,CHCL,42,25,100,511.00,"51,100.00"
2019-03-14,2019031401002557,CHCL,17,25,100,511.00,"51,100.00"
2019-03-14,2019031401002556,CHCL,1,25,100,512.00,"51,200.00"
2019-03-14,2019031401002555,CHCL,6,25,50,512.00,"25,600.00"
2019-03-14,2019031401002554,CHCL,41,25,50,512.00,"25,600.00"
2019-03-14,2019031401002553,CHCL,59,25,100,513.00,"51,300.00"
2019-03-14,2019031401002552,CHCL,19,25,35,515.00,"18,025.00"
2019-03-14,2019031401002551,CHCL,32,25,20,516.00,"10,320.00"
2019-03-14,2019031401002601,CHL,45,53,13,103.00,"1,339.00"
2019-03-14,2019031401002450,CHL,45,11,34,103.00,"3,502.00"
2019-03-14,2019031401002733,CHLBS,49,16,10,560.00,"5,600.00"
2019-03-14,2019031401002717,CHLBS,16,44,10,561.00,"5,610.00"
2019-03-14,2019031401002712,CHLBS,16,16,10,561.00,"5,610.00"
2019-03-14,2019031401002697,CHLBS,16,16,10,561.00,"5,610.00"
2019-03-14,2019031401002679,CHLBS,16,16,10,561.00,"5,610.00"
2019-03-14,2019031401002530,CHLBS,8,8,10,562.00,"5,620.00"
2019-03-14,2019031401002300,CHLBS,53,49,10,564.00,"5,640.00"
2019-03-14,2019031401002260,CIT,41,32,10,"2,643.00","26,430.00"
2019-03-14,2019031401002617,CZBIL,43,5,52,209.00,"10,868.00"
2019-03-14,2019031401002542,CZBIL,43,53,90,209.00,"18,810.00"
2019-03-14,2019031401002453,CZBIL,43,57,64,209.00,"13,376.00"
2019-03-14,2019031401002287,CZBIL,43,50,"1,794",209.00,"374,946.00"
2019-03-14,2019031401002286,CZBIL,34,50,"1,000",209.00,"209,000.00"
2019-03-14,2019031401002285,CZBIL,54,50,500,209.00,"104,500.00"
2019-03-14,2019031401002263,CZBIL,19,13,200,210.00,"42,000.00"
2019-03-14,2019031401002262,CZBIL,26,13,200,210.00,"42,000.00"
2019-03-14,2019031401002261,CZBIL,44,13,309,210.00,"64,890.00"
2019-03-14,2019031401002434,DBBL,58,49,40,126.00,"5,040.00"
2019-03-14,2019031401002612,DDBL,14,53,10,597.00,"5,970.00"
2019-03-14,2019031401002435,DDBL,4,35,50,596.00,"29,800.00"
2019-03-14,2019031401002421,DDBL,32,35,50,596.00,"29,800.00"
2019-03-14,2019031401002412,DDBL,32,50,150,596.00,"89,400.00"
2019-03-14,2019031401002359,DDBL,17,53,200,597.00,"119,400.00"
2019-03-14,2019031401002358,DDBL,47,53,157,598.00,"93,886.00"
2019-03-14,2019031401002266,DDBL,47,49,43,598.00,"25,714.00"
2019-03-14,2019031401002647,DHPL,42,16,50,91.00,"4,550.00"
2019-03-14,2019031401002618,DHPL,42,53,10,91.00,910.00
2019-03-14,2019031401002567,DHPL,42,53,10,91.00,910.00
2019-03-14,2019031401002729,EBL,41,57,234,535.00,"125,190.00"
2019-03-14,2019031401002728,EBL,17,57,100,536.00,"53,600.00"
2019-03-14,2019031401002727,EBL,52,57,41,537.00,"22,017.00"
2019-03-14,2019031401002707,EBL,52,42,109,537.00,"58,533.00"
2019-03-14,2019031401002706,EBL,22,42,24,537.00,"12,888.00"
2019-03-14,2019031401002688,EBL,22,26,26,537.00,"13,962.00"
2019-03-14,2019031401002352,EBL,20,56,350,540.00,"189,000.00"
2019-03-14,2019031401002498,EIC,56,17,10,850.00,"8,500.00"
2019-03-14,2019031401002448,EIC,42,17,100,850.00,"85,000.00"
2019-03-14,2019031401002667,FMDBL,28,45,344,368.00,"126,592.00"
2019-03-14,2019031401002639,FMDBL,29,45,100,368.00,"36,800.00"
2019-03-14,2019031401002638,FMDBL,28,45,410,368.00,"150,880.00"
2019-03-14,2019031401002518,FMDBL,28,19,90,368.00,"33,120.00"
2019-03-14,2019031401002517,FMDBL,41,19,210,369.00,"77,490.00"
2019-03-14,2019031401002480,FMDBL,41,36,290,369.00,"107,010.00"
2019-03-14,2019031401002350,FMDBL,48,5,100,372.00,"37,200.00"
2019-03-14,2019031401002338,FMDBL,57,57,225,369.00,"83,025.00"
2019-03-14,2019031401002315,FMDBL,11,57,100,371.00,"37,100.00"
2019-03-14,2019031401002314,FMDBL,49,57,20,371.00,"7,420.00"
2019-03-14,2019031401002597,FOWAD,45,55,77,"1,535.00","118,195.00"
2019-03-14,2019031401002529,GBIME,56,58,137,267.00,"36,579.00"
2019-03-14,2019031401002594,GFCL,56,43,100,119.00,"11,900.00"
2019-03-14,2019031401002600,GLICL,1,50,200,740.00,"148,000.00"
2019-03-14,2019031401002460,GLICL,33,50,200,742.00,"148,400.00"
2019-03-14,2019031401002431,GLICL,47,13,200,743.00,"148,600.00"
2019-03-14,2019031401002430,GLICL,40,13,200,744.00,"148,800.00"
2019-03-14,2019031401002429,GLICL,5,13,100,745.00,"74,500.00"
2019-03-14,2019031401002377,GLICL,34,50,20,750.00,"15,000.00"
2019-03-14,2019031401002493,GUFL,45,45,21,110.00,"2,310.00"
2019-03-14,2019031401002657,HGI,32,28,131,391.00,"51,221.00"
2019-03-14,2019031401002656,HGI,32,51,50,390.00,"19,500.00"
2019-03-14,2019031401002685,HIDCL,51,41,300,135.00,"40,500.00"
2019-03-14,2019031401002684,HIDCL,58,41,200,135.00,"27,000.00"
2019-03-14,2019031401002636,HIDCL,58,53,29,135.00,"3,915.00"
2019-03-14,2019031401002583,HIDCL,58,8,17,135.00,"2,295.00"
2019-03-14,2019031401002579,HIDCL,58,53,29,135.00,"3,915.00"
2019-03-14,2019031401002536,HIDCL,8,29,17,136.00,"2,312.00"
2019-03-14,2019031401002296,HIDCL,58,7,29,135.00,"3,915.00"
2019-03-14,2019031401002277,HIDCL,58,7,29,135.00,"3,915.00"
2019-03-14,2019031401002503,HIDCL,58,34,90,135.00,"12,150.00"
2019-03-14,2019031401002463,HIDCL,58,57,36,135.00,"4,860.00"
2019-03-14,2019031401002449,HIDCL,58,16,390,135.00,"52,650.00"
2019-03-14,2019031401002410,HIDCL,58,8,10,135.00,"1,350.00"
2019-03-14,2019031401002394,HIDCL,8,34,10,136.00,"1,360.00"
2019-03-14,2019031401002312,HIDCL,58,7,29,135.00,"3,915.00"
2019-03-14,2019031401002643,HPPL,38,53,10,194.00,"1,940.00"
2019-03-14,2019031401002584,HPPL,38,3,10,194.00,"1,940.00"
2019-03-14,2019031401002561,HPPL,38,47,10,194.00,"1,940.00"
2019-03-14,2019031401002433,HPPL,38,11,10,194.00,"1,940.00"
2019-03-14,2019031401002732,JBNL,36,45,898,171.00,"153,558.00"
2019-03-14,2019031401002623,JBNL,36,5,200,171.00,"34,200.00"
