Date,Transact. No.,Symbol,Buyer,Seller,Quantity,Rate,Amount
2020-08-17,2020081701016712,ADBL,14,41,64,415.00,"26,560.00"
2020-08-17,2020081701016711,ADBL,14,41,500,414.00,"207,000.00"
2020-08-17,2020081701016710,ADBL,14,11,50,414.00,"20,700.00"
2020-08-17,2020081701016709,ADBL,14,45,161,414.00,"66,654.00"
2020-08-17,2020081701016708,ADBL,14,46,325,413.00,"134,225.00"
2020-08-17,2020081701016422,ADBL,6,46,175,413.00,"72,275.00"
2020-08-17,2020081701016421,ADBL,6,45,25,413.00,"10,325.00"
2020-08-17,2020081701016653,AHPC,37,51,94,93.00,"8,742.00"
2020-08-17,2020081701016652,AHPC,38,51,100,93.00,"9,300.00"
2020-08-17,2020081701016651,AHPC,5,51,500,93.00,"46,500.00"
2020-08-17,2020081701016650,AHPC,22,51,306,93.00,"28,458.00"
2020-08-17,2020081701016668,AIL,45,58,10,492.00,"4,920.00"
2020-08-17,2020081701016657,AIL,46,58,20,492.00,"9,840.00"
2020-08-17,2020081701016643,AIL,46,47,10,492.00,"4,920.00"
2020-08-17,2020081701016602,AIL,46,55,10,492.00,"4,920.00"
2020-08-17,2020081701016585,AIL,46,7,10,492.00,"4,920.00"
2020-08-17,2020081701016567,AIL,46,47,10,492.00,"4,920.00"
2020-08-17,2020081701016291,AIL,29,47,10,491.00,"4,910.00"
2020-08-17,2020081701016259,AIL,29,47,10,491.00,"4,910.00"
2020-08-17,2020081701016245,AIL,6,7,10,491.00,"4,910.00"
2020-08-17,2020081701016239,AIL,45,55,10,491.00,"4,910.00"
2020-08-17,2020081701016227,AIL,45,47,10,491.00,"4,910.00"
2020-08-17,2020081701016403,AIL,33,17,10,493.00,"4,930.00"
2020-08-17,2020081701016385,AIL,49,47,10,492.00,"4,920.00"
2020-08-17,2020081701016361,AIL,49,55,10,492.00,"4,920.00"
2020-08-17,2020081701016338,AIL,49,47,10,492.00,"4,920.00"
2020-08-17,2020081701016309,AIL,49,45,10,492.00,"4,920.00"
2020-08-17,2020081701016298,AIL,49,55,10,492.00,"4,920.00"
2020-08-17,2020081701016523,AIL,46,55,10,492.00,"4,920.00"
2020-08-17,2020081701016510,AIL,46,47,10,492.00,"4,920.00"
2020-08-17,2020081701016470,AIL,46,51,10,492.00,"4,920.00"
2020-08-17,2020081701016463,AIL,46,42,10,492.00,"4,920.00"
2020-08-17,2020081701016415,AIL,29,55,10,491.00,"4,910.00"
2020-08-17,2020081701016413,AIL,29,47,10,491.00,"4,910.00"
2020-08-17,2020081701016706,AKPL,52,51,10,115.00,"1,150.00"
2020-08-17,2020081701016584,AKPL,33,51,10,115.00,"1,150.00"
2020-08-17,2020081701016568,AKPL,13,50,10,115.00,"1,150.00"
2020-08-17,2020081701016618,ALBSL,6,51,89,644.00,"57,316.00"
2020-08-17,2020081701016478,ALBSL,6,57,11,644.00,"7,084.00"
2020-08-17,2020081701016423,ALBSL,32,51,25,645.00,"16,125.00"
2020-08-17,2020081701016695,ALICL,6,6,50,639.00,"31,950.00"
2020-08-17,2020081701016521,ALICL,57,35,356,640.00,"227,840.00"
2020-08-17,2020081701016520,ALICL,57,45,50,640.00,"32,000.00"
2020-08-17,2020081701016519,ALICL,57,57,50,640.00,"32,000.00"
2020-08-17,2020081701016518,ALICL,57,35,500,640.00,"320,000.00"
2020-08-17,2020081701016517,ALICL,57,57,20,640.00,"12,800.00"
2020-08-17,2020081701016516,ALICL,57,57,24,639.00,"15,336.00"
2020-08-17,2020081701016716,API,56,25,50,110.00,"5,500.00"
2020-08-17,2020081701016662,API,8,56,287,110.00,"31,570.00"
2020-08-17,2020081701016591,API,37,5,17,109.00,"1,853.00"
2020-08-17,2020081701016563,API,25,56,10,110.00,"1,100.00"
2020-08-17,2020081701016559,API,28,56,109,110.00,"11,990.00"
2020-08-17,2020081701016622,BOKL,21,13,50,228.00,"11,400.00"
2020-08-17,2020081701016700,BPCL,49,4,20,364.00,"7,280.00"
2020-08-17,2020081701016599,CBBL,49,14,37,"1,032.00","38,184.00"
2020-08-17,2020081701016598,CBBL,49,4,13,"1,031.00","13,403.00"
2020-08-17,2020081701016360,CBBL,50,14,14,"1,032.00","14,448.00"
2020-08-17,2020081701016612,CCBL,36,4,53,174.00,"9,222.00"
2020-08-17,2020081701016605,CCBL,36,42,98,174.00,"17,052.00"
2020-08-17,2020081701016562,CCBL,59,45,200,174.00,"34,800.00"
2020-08-17,2020081701016310,CHCL,45,52,29,388.00,"11,252.00"
2020-08-17,2020081701016642,CIT,56,32,15,"2,646.00","39,690.00"
2020-08-17,2020081701016570,CIT,10,48,20,"2,640.00","52,800.00"
2020-08-17,2020081701016569,CIT,59,48,20,"2,645.00","52,900.00"
2020-08-17,2020081701016549,CIT,10,14,10,"2,650.00","26,500.00"
2020-08-17,2020081701016481,CIT,10,50,20,"2,646.00","52,920.00"
2020-08-17,2020081701016384,CIT,10,50,80,"2,646.00","211,680.00"
2020-08-17,2020081701016292,CIT,56,35,100,"2,645.00","264,500.00"
2020-08-17,2020081701016279,CIT,39,35,20,"2,645.00","52,900.00"
2020-08-17,2020081701016226,CIT,45,5,10,"2,641.00","26,410.00"
2020-08-17,2020081701016225,CIT,45,46,10,"2,641.00","26,410.00"
2020-08-17,2020081701016383,CIT,10,41,20,"2,645.00","52,900.00"
2020-08-17,2020081701016340,CIT,10,4,20,"2,640.00","52,800.00"
2020-08-17,2020081701016308,CIT,34,41,30,"2,645.00","79,350.00"
2020-08-17,2020081701016295,CIT,56,40,25,"2,645.00","66,125.00"
2020-08-17,2020081701016294,CIT,56,35,50,"2,645.00","132,250.00"
2020-08-17,2020081701016293,CIT,56,57,20,"2,645.00","52,900.00"
2020-08-17,2020081701016441,CLBSL,53,35,10,660.00,"6,600.00"
2020-08-17,2020081701016321,CORBL,22,1,180,114.00,"20,520.00"
2020-08-17,2020081701016344,CZBIL,33,6,480,195.00,"93,600.00"
2020-08-17,2020081701016705,EBL,49,17,85,713.00,"60,605.00"
2020-08-17,2020081701016596,EBL,49,50,15,713.00,"10,695.00"
2020-08-17,2020081701016595,EBL,35,50,85,713.00,"60,605.00"
2020-08-17,2020081701016640,EIC,58,1,20,441.00,"8,820.00"
2020-08-17,2020081701016676,FMDBL,6,41,14,521.00,"7,294.00"
2020-08-17,2020081701016664,FMDBL,56,47,51,525.00,"26,775.00"
2020-08-17,2020081701016558,FOWAD,38,51,19,"1,507.00","28,633.00"
2020-08-17,2020081701016658,GBIME,1,54,100,253.00,"25,300.00"
2020-08-17,2020081701016606,GBIME,58,54,20,253.00,"5,060.00"
2020-08-17,2020081701016507,GBIME,51,54,20,253.00,"5,060.00"
2020-08-17,2020081701016467,GBIME,57,54,100,253.00,"25,300.00"
2020-08-17,2020081701016431,GBIME,42,54,200,253.00,"50,600.00"
2020-08-17,2020081701016250,GBIME,45,54,30,253.00,"7,590.00"
2020-08-17,2020081701016246,GBIME,25,54,30,253.00,"7,590.00"
2020-08-17,2020081701016621,GBLBS,34,45,15,468.00,"7,020.00"
2020-08-17,2020081701016228,GBLBS,34,41,10,467.00,"4,670.00"
2020-08-17,2020081701016379,GGBSL,38,45,10,795.00,"7,950.00"
2020-08-17,2020081701016443,GHL,52,26,10,60.00,600.00
2020-08-17,2020081701016358,GHL,52,26,10,57.00,570.00
2020-08-17,2020081701016229,GHL,52,26,30,59.00,"1,770.00"
2020-08-17,2020081701016690,GILB,19,43,74,"1,177.00","87,098.00"
2020-08-17,2020081701016689,GILB,19,26,20,"1,175.00","23,500.00"
2020-08-17,2020081701016688,GILB,19,11,53,"1,175.00","62,275.00"
2020-08-17,2020081701016687,GILB,19,21,53,"1,171.00","62,063.00"
2020-08-17,2020081701016655,GILB,40,40,8,"1,148.00","9,184.00"
2020-08-17,2020081701016615,GILB,25,21,147,"1,171.00","172,137.00"
2020-08-17,2020081701016462,GILB,25,58,74,"1,171.00","86,654.00"
2020-08-17,2020081701016461,GILB,19,58,200,"1,180.00","236,000.00"
2020-08-17,2020081701016296,GILB,40,40,8,"1,147.00","9,176.00"
2020-08-17,2020081701016515,GLBSL,43,1,10,767.00,"7,670.00"
2020-08-17,2020081701016248,GMFIL,26,50,7,122.00,854.00
2020-08-17,2020081701016406,GUFL,17,25,26,118.00,"3,068.00"
2020-08-17,2020081701016405,GUFL,17,7,24,118.00,"2,832.00"
2020-08-17,2020081701016337,GUFL,59,41,69,116.00,"8,004.00"
2020-08-17,2020081701016336,GUFL,11,41,60,116.00,"6,960.00"
2020-08-17,2020081701016466,HBL,44,14,124,550.00,"68,200.00"
2020-08-17,2020081701016465,HBL,44,45,50,545.00,"27,250.00"
2020-08-17,2020081701016464,HBL,44,34,80,545.00,"43,600.00"
2020-08-17,2020081701016388,HBL,7,44,160,543.00,"86,880.00"
2020-08-17,2020081701016347,HDL,54,32,90,"1,660.00","149,400.00"
2020-08-17,2020081701016346,HDL,54,53,100,"1,658.00","165,800.00"
2020-08-17,2020081701016536,HGI,38,43,50,428.00,"21,400.00"
2020-08-17,2020081701016535,HGI,38,25,100,428.00,"42,800.00"
2020-08-17,2020081701016534,HGI,38,19,100,428.00,"42,800.00"
2020-08-17,2020081701016533,HGI,38,36,500,428.00,"214,000.00"
2020-08-17,2020081701016532,HGI,38,48,100,427.00,"42,700.00"
2020-08-17,2020081701016531,HGI,38,17,100,427.00,"42,700.00"
2020-08-17,2020081701016400,HGI,58,50,220,424.00,"93,280.00"
2020-08-17,2020081701016399,HGI,58,40,80,424.00,"33,920.00"
2020-08-17,2020081701016398,HGI,58,8,230,424.00,"97,520.00"
2020-08-17,2020081701016530,HGI,38,13,300,426.00,"127,800.00"
2020-08-17,2020081701016529,HGI,38,6,200,425.00,"85,000.00"
2020-08-17,2020081701016528,HGI,38,34,50,425.00,"21,250.00"
2020-08-17,2020081701016527,HGI,38,17,899,425.00,"382,075.00"
2020-08-17,2020081701016437,HGI,32,50,150,422.00,"63,300.00"
2020-08-17,2020081701016401,HGI,58,43,50,424.00,"21,200.00"
2020-08-17,2020081701016699,HIDCL,6,29,10,131.00,"1,310.00"
2020-08-17,2020081701016582,HIDCL,41,29,100,130.00,"13,000.00"
2020-08-17,2020081701016553,ICFC,34,55,30,172.00,"5,160.00"
2020-08-17,2020081701016552,ICFC,48,55,100,172.00,"17,200.00"
2020-08-17,2020081701016351,IGI,45,58,50,478.00,"23,900.00"
2020-08-17,2020081701016350,IGI,45,57,500,478.00,"239,000.00"
2020-08-17,2020081701016349,IGI,45,35,792,478.00,"378,576.00"
2020-08-17,2020081701016348,IGI,45,19,25,478.00,"11,950.00"
2020-08-17,2020081701016620,ILBS,33,37,11,734.00,"8,074.00"
2020-08-17,2020081701016267,ILBS,3,52,89,730.00,"64,970.00"
2020-08-17,2020081701016266,ILBS,1,52,11,731.00,"8,041.00"
2020-08-17,2020081701016382,JBBL,17,49,61,170.00,"10,370.00"
2020-08-17,2020081701016366,JFL,38,6,428,161.00,"68,908.00"
2020-08-17,2020081701016365,JFL,14,6,400,161.00,"64,400.00"
2020-08-17,2020081701016380,JSLBB,33,49,50,"1,368.00","68,400.00"
2020-08-17,2020081701016244,JSLBB,33,49,200,"1,368.00","273,600.00"
2020-08-17,2020081701016243,JSLBB,8,49,50,"1,369.00","68,450.00"
2020-08-17,2020081701016704,KBL,34,14,35,186.00,"6,510.00"
2020-08-17,2020081701016703,KBL,57,14,300,186.00,"55,800.00"
2020-08-17,2020081701016702,KBL,16,14,165,186.00,"30,690.00"
2020-08-17,2020081701016641,KBL,28,14,586,187.00,"109,582.00"
2020-08-17,2020081701016550,KBL,16,34,500,186.00,"93,000.00"
2020-08-17,2020081701016547,KBL,38,14,153,187.00,"28,611.00"
2020-08-17,2020081701016438,KBL,16,41,83,186.00,"15,438.00"
2020-08-17,2020081701016412,KBL,4,34,20,187.00,"3,740.00"
2020-08-17,2020081701016262,KBL,34,34,111,187.00,"20,757.00"
2020-08-17,2020081701016261,KBL,34,46,178,187.00,"33,286.00"
2020-08-17,2020081701016260,KBL,34,49,711,187.00,"132,957.00"
2020-08-17,2020081701016546,KBL,38,48,516,187.00,"96,492.00"
2020-08-17,2020081701016545,KBL,38,1,24,187.00,"4,488.00"
2020-08-17,2020081701016544,KBL,38,59,400,187.00,"74,800.00"
2020-08-17,2020081701016543,KBL,38,52,38,187.00,"7,106.00"
2020-08-17,2020081701016542,KBL,38,19,200,187.00,"37,400.00"
2020-08-17,2020081701016541,KBL,38,34,269,187.00,"50,303.00"
2020-08-17,2020081701016597,KPCL,25,1,10,108.00,"1,080.00"
2020-08-17,2020081701016513,KRBL,22,51,100,105.00,"10,500.00"
2020-08-17,2020081701016512,KRBL,22,16,100,105.00,"10,500.00"
2020-08-17,2020081701016511,KRBL,22,49,12,105.00,"1,260.00"
2020-08-17,2020081701016449,KRBL,37,49,50,105.00,"5,250.00"
2020-08-17,2020081701016367,KSBBL,37,11,200,145.00,"29,000.00"
2020-08-17,2020081701016639,LBBL,54,16,10,181.00,"1,810.00"
2020-08-17,2020081701016440,LBBL,58,14,100,180.00,"18,000.00"
2020-08-17,2020081701016439,LBBL,58,14,50,180.00,"9,000.00"
2020-08-17,2020081701016427,LBBL,54,16,10,181.00,"1,810.00"
2020-08-17,2020081701016326,LBBL,55,14,"1,000",180.00,"180,000.00"
2020-08-17,2020081701016325,LBBL,45,14,100,180.00,"18,000.00"
2020-08-17,2020081701016324,LBBL,45,14,10,180.00,"1,800.00"
2020-08-17,2020081701016323,LBBL,49,14,"2,000",180.00,"360,000.00"
2020-08-17,2020081701016322,LBBL,49,14,"1,000",180.00,"180,000.00"
2020-08-17,2020081701016331,LBBL,58,14,250,180.00,"45,000.00"
2020-08-17,2020081701016330,LBBL,38,14,"2,000",180.00,"360,000.00"
2020-08-17,2020081701016329,LBBL,28,14,20,180.00,"3,600.00"
2020-08-17,2020081701016328,LBBL,58,14,20,180.00,"3,600.00"
2020-08-17,2020081701016327,LBBL,58,14,200,180.00,"36,000.00"
2020-08-17,2020081701016589,LBL,32,47,150,234.00,"35,100.00"
2020-08-17,2020081701016588,LBL,32,55,100,234.00,"23,400.00"
2020-08-17,2020081701016587,LBL,32,58,100,233.00,"23,300.00"
2020-08-17,2020081701016586,LBL,32,52,150,232.00,"34,800.00"
2020-08-17,2020081701016580,LGIL,6,41,151,464.00,"70,064.00"
2020-08-17,2020081701016579,LGIL,6,41,97,464.00,"45,008.00"
2020-08-17,2020081701016617,LICN,49,28,801,"1,451.00","1,162,250.00"
2020-08-17,2020081701016616,LICN,50,28,199,"1,455.00","289,545.00"
2020-08-17,2020081701016359,LLBS,57,55,100,"1,074.00","107,400.00"
2020-08-17,2020081701016402,MBL,33,41,10,227.00,"2,270.00"
2020-08-17,2020081701016314,MBL,56,28,437,226.00,"98,762.00"
2020-08-17,2020081701016386,MDB,17,14,140,336.00,"47,040.00"
2020-08-17,2020081701016609,MEGA,33,36,10,222.00,"2,220.00"
2020-08-17,2020081701016306,MEGA,45,1,500,221.00,"110,500.00"
2020-08-17,2020081701016305,MEGA,45,21,276,221.00,"60,996.00"
2020-08-17,2020081701016231,MEGA,47,57,100,220.00,"22,000.00"
2020-08-17,2020081701016304,MEGA,45,59,95,221.00,"20,995.00"
2020-08-17,2020081701016303,MEGA,45,49,400,221.00,"88,400.00"
2020-08-17,2020081701016302,MEGA,45,44,86,221.00,"19,006.00"
2020-08-17,2020081701016301,MEGA,45,37,"2,000",221.00,"442,000.00"
2020-08-17,2020081701016300,MEGA,45,36,175,221.00,"38,675.00"
2020-08-17,2020081701016242,MEGA,16,36,20,221.00,"4,420.00"
2020-08-17,2020081701016718,MFIL,44,38,100,269.00,"26,900.00"
2020-08-17,2020081701016432,MFIL,56,38,200,269.00,"53,800.00"
2020-08-17,2020081701016538,MLBL,42,10,20,189.00,"3,780.00"
2020-08-17,2020081701016697,MNBBL,13,34,150,321.00,"48,150.00"
2020-08-17,2020081701016696,MNBBL,13,49,50,321.00,"16,050.00"
2020-08-17,2020081701016357,MNBBL,13,44,100,320.00,"32,000.00"
2020-08-17,2020081701016436,NABIL,56,49,30,822.00,"24,660.00"
2020-08-17,2020081701016627,NADEP,43,50,100,590.00,"59,000.00"
2020-08-17,2020081701016626,NADEP,55,50,50,590.00,"29,500.00"
2020-08-17,2020081701016625,NADEP,34,50,100,590.00,"59,000.00"
2020-08-17,2020081701016624,NADEP,34,50,38,591.00,"22,458.00"
2020-08-17,2020081701016623,NADEP,53,50,47,593.00,"27,871.00"
2020-08-17,2020081701016593,NADEP,53,50,53,593.00,"31,429.00"
2020-08-17,2020081701016592,NADEP,49,50,50,593.00,"29,650.00"
2020-08-17,2020081701016408,NBB,57,49,100,198.00,"19,800.00"
2020-08-17,2020081701016578,NBL,13,25,10,283.00,"2,830.00"
2020-08-17,2020081701016548,NBL,57,25,500,283.00,"141,500.00"
2020-08-17,2020081701016514,NBL,42,25,50,283.00,"14,150.00"
2020-08-17,2020081701016506,NBL,52,25,400,283.00,"113,200.00"
2020-08-17,2020081701016503,NBL,28,41,"1,414",282.00,"398,748.00"
2020-08-17,2020081701016502,NBL,29,41,100,282.00,"28,200.00"
2020-08-17,2020081701016278,NBL,42,25,30,283.00,"8,490.00"
2020-08-17,2020081701016273,NBL,42,25,100,283.00,"28,300.00"
2020-08-17,2020081701016265,NBL,32,25,20,283.00,"5,660.00"
2020-08-17,2020081701016253,NBL,35,25,200,283.00,"56,600.00"
2020-08-17,2020081701016477,NBL,13,25,10,283.00,"2,830.00"
2020-08-17,2020081701016424,NBL,5,25,500,283.00,"141,500.00"
2020-08-17,2020081701016414,NBL,38,25,"1,000",283.00,"283,000.00"
2020-08-17,2020081701016409,NBL,42,25,50,283.00,"14,150.00"
2020-08-17,2020081701016317,NBL,57,25,400,283.00,"113,200.00"
2020-08-17,2020081701016307,NBL,25,44,285,282.00,"80,370.00"
2020-08-17,2020081701016489,NBL,56,41,100,282.00,"28,200.00"
2020-08-17,2020081701016488,NBL,6,41,200,282.00,"56,400.00"
2020-08-17,2020081701016487,NBL,54,41,700,282.00,"197,400.00"
2020-08-17,2020081701016486,NBL,49,41,"1,550",282.00,"437,100.00"
2020-08-17,2020081701016485,NBL,41,41,15,282.00,"4,230.00"
2020-08-17,2020081701016484,NBL,25,41,682,282.00,"192,324.00"
2020-08-17,2020081701016495,NBL,50,41,100,282.00,"28,200.00"
2020-08-17,2020081701016494,NBL,45,41,60,282.00,"16,920.00"
2020-08-17,2020081701016493,NBL,8,41,200,282.00,"56,400.00"
2020-08-17,2020081701016492,NBL,6,41,24,282.00,"6,768.00"
2020-08-17,2020081701016491,NBL,22,41,100,282.00,"28,200.00"
2020-08-17,2020081701016490,NBL,39,41,"1,000",282.00,"282,000.00"
2020-08-17,2020081701016501,NBL,33,41,200,282.00,"56,400.00"
2020-08-17,2020081701016500,NBL,47,41,10,282.00,"2,820.00"
2020-08-17,2020081701016499,NBL,59,41,400,282.00,"112,800.00"
2020-08-17,2020081701016498,NBL,17,41,50,282.00,"14,100.00"
2020-08-17,2020081701016497,NBL,16,41,100,282.00,"28,200.00"
2020-08-17,2020081701016496,NBL,48,41,500,282.00,"141,000.00"
2020-08-17,2020081701016720,NCCB,58,29,30,193.00,"5,790.00"
2020-08-17,2020081701016719,NCCB,58,6,170,192.00,"32,640.00"
2020-08-17,2020081701016480,NCCB,33,6,10,192.00,"1,920.00"
2020-08-17,2020081701016457,NCCB,34,6,250,192.00,"48,000.00"
2020-08-17,2020081701016456,NCCB,50,6,60,192.00,"11,520.00"
2020-08-17,2020081701016468,NFS,51,53,50,160.00,"8,000.00"
2020-08-17,2020081701016628,NHDL,52,28,20,130.00,"2,600.00"
2020-08-17,2020081701016442,NHPC,33,33,10,53.00,530.00
2020-08-17,2020081701016372,NHPC,35,41,320,52.00,"16,640.00"
2020-08-17,2020081701016371,NHPC,57,41,80,52.00,"4,160.00"
2020-08-17,2020081701016656,NIB,40,43,10,415.00,"4,150.00"
2020-08-17,2020081701016474,NIB,36,25,70,414.00,"28,980.00"
2020-08-17,2020081701016473,NIB,36,32,87,414.00,"36,018.00"
2020-08-17,2020081701016472,NIB,36,47,20,414.00,"8,280.00"
2020-08-17,2020081701016471,NIB,36,57,573,414.00,"237,222.00"
2020-08-17,2020081701016435,NIB,38,57,20,414.00,"8,280.00"
2020-08-17,2020081701016381,NIB,25,57,100,414.00,"41,400.00"
2020-08-17,2020081701016345,NIB,48,57,100,414.00,"41,400.00"
2020-08-17,2020081701016268,NIB,48,57,11,414.00,"4,554.00"
2020-08-17,2020081701016724,NICA,38,41,134,566.00,"75,844.00"
2020-08-17,2020081701016723,NICA,36,41,100,567.00,"56,700.00"
2020-08-17,2020081701016722,NICA,34,41,100,567.00,"56,700.00"
2020-08-17,2020081701016721,NICA,28,41,346,567.00,"196,182.00"
2020-08-17,2020081701016663,NICA,25,34,10,568.00,"5,680.00"
2020-08-17,2020081701016574,NICA,28,16,500,567.00,"283,500.00"
2020-08-17,2020081701016341,NICA,35,51,187,567.00,"106,029.00"
2020-08-17,2020081701016264,NICA,14,51,100,567.00,"56,700.00"
2020-08-17,2020081701016573,NICA,28,14,680,567.00,"385,560.00"
2020-08-17,2020081701016572,NICA,28,45,422,567.00,"239,274.00"
2020-08-17,2020081701016428,NICA,38,45,15,567.00,"8,505.00"
2020-08-17,2020081701016387,NICA,28,11,178,566.00,"100,748.00"
2020-08-17,2020081701016343,NICA,35,45,263,567.00,"149,121.00"
2020-08-17,2020081701016342,NICA,35,45,50,567.00,"28,350.00"
2020-08-17,2020081701016717,NIL,16,42,64,656.00,"41,984.00"
2020-08-17,2020081701016672,NIL,25,42,10,656.00,"6,560.00"
2020-08-17,2020081701016509,NIL,53,42,201,656.00,"131,856.00"
2020-08-17,2020081701016508,NIL,53,26,299,655.00,"195,845.00"
2020-08-17,2020081701016429,NIL,6,26,30,655.00,"19,650.00"
2020-08-17,2020081701016391,NIL,49,26,50,655.00,"32,750.00"
2020-08-17,2020081701016667,NLBBL,34,17,10,678.00,"6,780.00"
2020-08-17,2020081701016289,NLBBL,46,17,10,678.00,"6,780.00"
2020-08-17,2020081701016458,NLG,10,58,10,648.00,"6,480.00"
2020-08-17,2020081701016335,NLG,10,41,156,648.00,"101,088.00"
2020-08-17,2020081701016665,NLIC,34,51,10,"1,350.00","13,500.00"
2020-08-17,2020081701016608,NLIC,7,45,75,"1,345.00","100,875.00"
2020-08-17,2020081701016607,NLIC,39,45,25,"1,347.00","33,675.00"
2020-08-17,2020081701016334,NLIC,7,48,22,"1,347.00","29,634.00"
2020-08-17,2020081701016333,NLIC,7,36,140,"1,347.00","188,580.00"
2020-08-17,2020081701016275,NLIC,7,42,22,"1,345.00","29,590.00"
2020-08-17,2020081701016249,NLIC,29,36,10,"1,347.00","13,470.00"
2020-08-17,2020081701016661,NLICL,16,57,50,668.00,"33,400.00"
2020-08-17,2020081701016619,NLICL,45,29,90,669.00,"60,210.00"
2020-08-17,2020081701016571,NLICL,28,29,70,669.00,"46,830.00"
2020-08-17,2020081701016393,NLICL,7,29,50,669.00,"33,450.00"
2020-08-17,2020081701016247,NLICL,57,29,100,669.00,"66,900.00"
2020-08-17,2020081701016601,NMB,6,41,262,411.00,"107,682.00"
2020-08-17,2020081701016600,NMB,29,41,100,412.00,"41,200.00"
2020-08-17,2020081701016320,NMB,40,14,861,412.00,"354,732.00"
2020-08-17,2020081701016236,NMB,21,14,10,412.00,"4,120.00"
2020-08-17,2020081701016701,NRIC,42,14,85,588.00,"49,980.00"
2020-08-17,2020081701016666,NRIC,50,14,110,588.00,"64,680.00"
2020-08-17,2020081701016603,NRIC,50,25,40,588.00,"23,520.00"
2020-08-17,2020081701016420,NRIC,54,16,205,589.00,"120,745.00"
2020-08-17,2020081701016419,NRIC,54,54,200,589.00,"117,800.00"
2020-08-17,2020081701016418,NRIC,54,56,10,589.00,"5,890.00"
2020-08-17,2020081701016363,NRIC,28,19,20,589.00,"11,780.00"
2020-08-17,2020081701016271,NRIC,34,34,10,588.00,"5,880.00"
2020-08-17,2020081701016238,NRIC,34,52,50,588.00,"29,400.00"
2020-08-17,2020081701016237,NRIC,56,52,50,588.00,"29,400.00"
2020-08-17,2020081701016417,NRIC,54,57,85,588.00,"49,980.00"
2020-08-17,2020081701016407,NRIC,1,57,15,588.00,"8,820.00"
2020-08-17,2020081701016378,NRIC,1,58,85,588.00,"49,980.00"
2020-08-17,2020081701016377,NRIC,34,58,410,588.00,"241,080.00"
2020-08-17,2020081701016368,NRIC,34,3,30,588.00,"17,640.00"
2020-08-17,2020081701016364,NRIC,28,56,30,589.00,"17,670.00"
2020-08-17,2020081701016604,NSEWA,43,45,10,695.00,"6,950.00"
2020-08-17,2020081701016469,NSEWA,43,16,80,686.00,"54,880.00"
2020-08-17,2020081701016483,NTC,6,6,205,665.00,"136,325.00"
2020-08-17,2020081701016482,NTC,6,28,25,664.00,"16,600.00"
2020-08-17,2020081701016392,NTC,26,28,10,664.00,"6,640.00"
2020-08-17,2020081701016433,NUBL,59,6,10,934.00,"9,340.00"
2020-08-17,2020081701016318,NUBL,26,6,20,934.00,"18,680.00"
2020-08-17,2020081701016691,OHL,59,45,10,340.00,"3,400.00"
2020-08-17,2020081701016675,PCBL,36,45,238,275.00,"65,450.00"
2020-08-17,2020081701016674,PCBL,36,45,40,275.00,"11,000.00"
2020-08-17,2020081701016673,PCBL,36,41,22,275.00,"6,050.00"
2020-08-17,2020081701016638,PCBL,1,41,50,275.00,"13,750.00"
2020-08-17,2020081701016590,PCBL,35,41,50,275.00,"13,750.00"
2020-08-17,2020081701016272,PCBL,41,41,50,275.00,"13,750.00"
2020-08-17,2020081701016252,PCBL,40,41,300,275.00,"82,500.00"
2020-08-17,2020081701016679,PIC,32,25,10,668.00,"6,680.00"
2020-08-17,2020081701016479,PIC,40,13,80,668.00,"53,440.00"
2020-08-17,2020081701016274,PIC,49,13,20,668.00,"13,360.00"
2020-08-17,2020081701016694,PICL,48,1,10,474.00,"4,740.00"
2020-08-17,2020081701016614,PICL,32,1,50,474.00,"23,700.00"
2020-08-17,2020081701016280,PPCL,3,58,10,112.00,"1,120.00"
2020-08-17,2020081701016678,PRIN,44,20,325,519.00,"168,675.00"
2020-08-17,2020081701016660,PRIN,49,32,28,516.00,"14,448.00"
2020-08-17,2020081701016659,PRIN,44,32,22,517.00,"11,374.00"
2020-08-17,2020081701016637,PRIN,58,20,175,519.00,"90,825.00"
2020-08-17,2020081701016636,PRIN,58,43,50,519.00,"25,950.00"
2020-08-17,2020081701016635,PRIN,58,1,30,519.00,"15,570.00"
2020-08-17,2020081701016450,PRIN,4,36,60,516.00,"30,960.00"
2020-08-17,2020081701016537,PRIN,39,48,202,515.00,"104,030.00"
2020-08-17,2020081701016455,PRIN,4,35,180,517.00,"93,060.00"
2020-08-17,2020081701016454,PRIN,4,47,210,517.00,"108,570.00"
2020-08-17,2020081701016453,PRIN,4,44,"1,000",517.00,"517,000.00"
2020-08-17,2020081701016452,PRIN,4,32,50,517.00,"25,850.00"
2020-08-17,2020081701016451,PRIN,4,7,500,516.00,"258,000.00"
2020-08-17,2020081701016611,PRIN,44,44,500,517.00,"258,500.00"
2020-08-17,2020081701016610,PRIN,44,45,178,517.00,"92,026.00"
2020-08-17,2020081701016557,PRIN,58,45,322,517.00,"166,474.00"
2020-08-17,2020081701016556,PRIN,58,52,60,517.00,"31,020.00"
2020-08-17,2020081701016555,PRIN,58,35,120,517.00,"62,040.00"
2020-08-17,2020081701016554,PRIN,58,53,98,516.00,"50,568.00"
2020-08-17,2020081701016634,PRIN,58,25,100,519.00,"51,900.00"
2020-08-17,2020081701016633,PRIN,58,45,15,519.00,"7,785.00"
2020-08-17,2020081701016632,PRIN,58,8,100,518.00,"51,800.00"
2020-08-17,2020081701016631,PRIN,58,20,100,518.00,"51,800.00"
2020-08-17,2020081701016630,PRIN,58,6,120,518.00,"62,160.00"
2020-08-17,2020081701016629,PRIN,58,45,10,518.00,"5,180.00"
2020-08-17,2020081701016370,PRVU,26,45,275,227.00,"62,425.00"
2020-08-17,2020081701016369,PRVU,26,52,25,227.00,"5,675.00"
2020-08-17,2020081701016287,PRVU,8,52,50,227.00,"11,350.00"
2020-08-17,2020081701016286,PRVU,8,47,200,227.00,"45,400.00"
2020-08-17,2020081701016285,PRVU,8,26,100,227.00,"22,700.00"
2020-08-17,2020081701016284,PRVU,8,47,500,227.00,"113,500.00"
2020-08-17,2020081701016283,PRVU,8,51,150,227.00,"34,050.00"
2020-08-17,2020081701016522,RADHI,38,45,12,171.00,"2,052.00"
2020-08-17,2020081701016397,RADHI,33,51,50,169.00,"8,450.00"
2020-08-17,2020081701016396,RADHI,33,51,42,169.00,"7,098.00"
2020-08-17,2020081701016395,RADHI,38,51,31,170.00,"5,270.00"
2020-08-17,2020081701016671,RHPL,6,49,40,147.00,"5,880.00"
2020-08-17,2020081701016670,RHPL,6,19,40,147.00,"5,880.00"
2020-08-17,2020081701016669,RHPL,6,58,10,147.00,"1,470.00"
2020-08-17,2020081701016277,RHPL,34,37,50,146.00,"7,300.00"
2020-08-17,2020081701016276,RHPL,38,37,950,146.00,"138,700.00"
2020-08-17,2020081701016581,RLFL,34,35,90,121.00,"10,890.00"
2020-08-17,2020081701016476,RMDC,48,39,439,744.00,"326,616.00"
2020-08-17,2020081701016475,RMDC,53,39,61,744.00,"45,384.00"
2020-08-17,2020081701016583,RSDC,58,26,130,494.00,"64,220.00"
2020-08-17,2020081701016282,RSDC,14,26,60,494.00,"29,640.00"
2020-08-17,2020081701016281,RSDC,28,26,10,494.00,"4,940.00"
2020-08-17,2020081701016564,SANIMA,35,50,10,338.00,"3,380.00"
2020-08-17,2020081701016230,SANIMA,6,50,150,338.00,"50,700.00"
2020-08-17,2020081701016566,SBI,48,14,12,412.00,"4,944.00"
2020-08-17,2020081701016565,SBI,49,14,300,412.00,"123,600.00"
2020-08-17,2020081701016540,SBI,52,14,100,412.00,"41,200.00"
2020-08-17,2020081701016404,SBI,52,14,200,412.00,"82,400.00"
2020-08-17,2020081701016263,SBI,34,14,200,411.00,"82,200.00"
2020-08-17,2020081701016539,SBL,6,11,400,296.00,"118,400.00"
2020-08-17,2020081701016525,SBL,6,49,"1,389",296.00,"411,144.00"
2020-08-17,2020081701016254,SCB,16,11,10,639.00,"6,390.00"
2020-08-17,2020081701016551,SCB,34,54,10,640.00,"6,400.00"
2020-08-17,2020081701016258,SCB,26,11,24,639.00,"15,336.00"
2020-08-17,2020081701016257,SCB,26,11,100,639.00,"63,900.00"
2020-08-17,2020081701016256,SCB,37,11,36,639.00,"23,004.00"
2020-08-17,2020081701016255,SCB,58,11,30,639.00,"19,170.00"
2020-08-17,2020081701016251,SDLBSL,35,39,10,767.00,"7,670.00"
2020-08-17,2020081701016297,SEF,11,17,"1,500",9.20,"13,800.00"
2020-08-17,2020081701016613,SHINE,45,16,200,236.00,"47,200.00"
2020-08-17,2020081701016649,SHIVM,36,38,79,576.00,"45,504.00"
2020-08-17,2020081701016648,SHIVM,49,38,70,576.00,"40,320.00"
2020-08-17,2020081701016647,SHIVM,36,38,300,577.00,"173,100.00"
2020-08-17,2020081701016646,SHIVM,48,38,"1,000",577.00,"577,000.00"
2020-08-17,2020081701016645,SHIVM,6,38,500,578.00,"289,000.00"
2020-08-17,2020081701016644,SHIVM,19,38,160,578.00,"92,480.00"
2020-08-17,2020081701016448,SHIVM,25,39,100,578.00,"57,800.00"
2020-08-17,2020081701016447,SHIVM,29,39,200,578.00,"115,600.00"
2020-08-17,2020081701016446,SHIVM,45,39,50,578.00,"28,900.00"
2020-08-17,2020081701016445,SHIVM,34,39,100,579.00,"57,900.00"
2020-08-17,2020081701016444,SHIVM,6,39,50,579.00,"28,950.00"
2020-08-17,2020081701016714,SHPC,34,5,152,230.00,"34,960.00"
2020-08-17,2020081701016713,SHPC,34,32,48,230.00,"11,040.00"
2020-08-17,2020081701016426,SHPC,14,14,103,228.00,"23,484.00"
2020-08-17,2020081701016425,SHPC,34,14,247,229.00,"56,563.00"
2020-08-17,2020081701016677,SIC,29,5,100,773.00,"77,300.00"
2020-08-17,2020081701016561,SIC,45,5,90,773.00,"69,570.00"
2020-08-17,2020081701016560,SIC,45,56,10,772.00,"7,720.00"
2020-08-17,2020081701016376,SIC,33,56,190,772.00,"146,680.00"
2020-08-17,2020081701016375,SIC,33,34,100,771.00,"77,100.00"
2020-08-17,2020081701016374,SIC,33,28,200,771.00,"154,200.00"
2020-08-17,2020081701016373,SIC,33,57,10,770.00,"7,700.00"
2020-08-17,2020081701016430,SICL,7,28,500,"1,237.00","618,500.00"
2020-08-17,2020081701016390,SICL,7,28,200,"1,237.00","247,400.00"
2020-08-17,2020081701016389,SICL,25,28,300,"1,237.00","371,100.00"
2020-08-17,2020081701016316,SIFC,35,14,10,157.00,"1,570.00"
2020-08-17,2020081701016290,SIL,44,54,50,633.00,"31,650.00"
2020-08-17,2020081701016313,SJCL,20,42,20,134.00,"2,680.00"
2020-08-17,2020081701016312,SJCL,20,57,20,134.00,"2,680.00"
2020-08-17,2020081701016311,SJCL,20,17,20,134.00,"2,680.00"
2020-08-17,2020081701016524,SKBBL,50,10,13,"1,278.00","16,614.00"
2020-08-17,2020081701016362,SKBBL,10,10,10,"1,278.00","12,780.00"
2020-08-17,2020081701016715,SLBBL,25,48,37,790.00,"29,230.00"
2020-08-17,2020081701016698,SLBBL,45,48,50,790.00,"39,500.00"
2020-08-17,2020081701016315,SLBBL,39,48,25,790.00,"19,750.00"
2020-08-17,2020081701016416,SLBSL,38,34,10,783.00,"7,830.00"
2020-08-17,2020081701016707,SLICL,36,7,50,460.00,"23,000.00"
2020-08-17,2020081701016460,SLICL,35,7,100,460.00,"46,000.00"
2020-08-17,2020081701016459,SLICL,35,14,400,460.00,"184,000.00"
2020-08-17,2020081701016270,SLICL,45,45,200,459.00,"91,800.00"
2020-08-17,2020081701016269,SLICL,45,7,354,459.00,"162,486.00"
2020-08-17,2020081701016240,SLICL,6,50,100,458.00,"45,800.00"
2020-08-17,2020081701016234,SLICL,45,7,56,459.00,"25,704.00"
2020-08-17,2020081701016233,SLICL,45,34,"1,944",459.00,"892,296.00"
2020-08-17,2020081701016288,SPARS,19,54,10,839.00,"8,390.00"
2020-08-17,2020081701016241,SRBL,33,33,50,228.00,"11,400.00"
2020-08-17,2020081701016411,SWBBL,10,5,120,"1,182.00","141,840.00"
2020-08-17,2020081701016410,SWBBL,41,5,30,"1,185.00","35,550.00"
2020-08-17,2020081701016654,TMDBL,55,26,200,166.00,"33,200.00"
2020-08-17,2020081701016434,TMDBL,16,26,100,166.00,"16,600.00"
2020-08-17,2020081701016686,UIC,55,43,328,400.00,"131,200.00"
2020-08-17,2020081701016685,UIC,29,43,100,400.00,"40,000.00"
2020-08-17,2020081701016684,UIC,53,43,200,400.00,"80,000.00"
2020-08-17,2020081701016683,UIC,57,43,400,401.00,"160,400.00"
2020-08-17,2020081701016682,UIC,29,43,100,401.00,"40,100.00"
2020-08-17,2020081701016681,UIC,36,43,172,401.00,"68,972.00"
2020-08-17,2020081701016356,UIC,36,43,328,401.00,"131,528.00"
2020-08-17,2020081701016355,UIC,22,43,100,401.00,"40,100.00"
2020-08-17,2020081701016354,UIC,34,43,22,401.00,"8,822.00"
2020-08-17,2020081701016353,UIC,58,43,50,402.00,"20,100.00"
2020-08-17,2020081701016352,UIC,6,38,49,403.00,"19,747.00"
2020-08-17,2020081701016680,UIC,50,43,200,402.00,"80,400.00"
2020-08-17,2020081701016577,UIC,50,36,315,404.00,"127,260.00"
2020-08-17,2020081701016576,UIC,50,52,135,404.00,"54,540.00"
2020-08-17,2020081701016575,UIC,50,10,50,403.00,"20,150.00"
2020-08-17,2020081701016505,UIC,58,52,25,404.00,"10,100.00"
2020-08-17,2020081701016504,UIC,58,54,75,403.00,"30,225.00"
2020-08-17,2020081701016394,UMHL,56,26,10,100.00,"1,000.00"
2020-08-17,2020081701016693,UPPER,38,37,10,219.00,"2,190.00"
2020-08-17,2020081701016692,UPPER,52,37,60,219.00,"13,140.00"
2020-08-17,2020081701016594,UPPER,52,3,40,219.00,"8,760.00"
2020-08-17,2020081701016332,UPPER,41,37,170,220.00,"37,400.00"
2020-08-17,2020081701016319,UPPER,41,52,50,220.00,"11,000.00"
2020-08-17,2020081701016299,UPPER,41,57,40,220.00,"8,800.00"
2020-08-17,2020081701016235,UPPER,41,57,40,220.00,"8,800.00"
2020-08-17,2020081701016232,UPPER,35,57,10,220.00,"2,200.00"
2020-08-17,2020081701016526,UPPER,38,37,200,220.00,"44,000.00"
2020-08-17,2020081701016339,UPPER,41,37,60,220.00,"13,200.00"
2020-08-17,2020081701016013,ADBL,1,49,46,410.00,"18,860.00"
2020-08-17,2020081701016012,ADBL,6,49,245,410.00,"100,450.00"
2020-08-17,2020081701016011,ADBL,26,49,10,410.00,"4,100.00"
2020-08-17,2020081701016010,ADBL,55,49,200,410.00,"82,000.00"
2020-08-17,2020081701016009,ADBL,6,49,99,410.00,"40,590.00"
2020-08-17,2020081701015963,ADBL,14,49,200,411.00,"82,200.00"
2020-08-17,2020081701015962,ADBL,25,49,200,411.00,"82,200.00"
2020-08-17,2020081701016217,AIL,29,17,550,493.00,"271,150.00"
2020-08-17,2020081701016196,AIL,45,42,10,491.00,"4,910.00"
2020-08-17,2020081701016184,AIL,45,47,10,491.00,"4,910.00"
2020-08-17,2020081701016179,AIL,45,38,10,491.00,"4,910.00"
2020-08-17,2020081701016162,AIL,36,17,20,493.00,"9,860.00"
2020-08-17,2020081701016161,AIL,36,38,40,492.00,"19,680.00"
2020-08-17,2020081701015739,AIL,47,13,10,491.00,"4,910.00"
2020-08-17,2020081701015735,AIL,47,41,10,491.00,"4,910.00"
2020-08-17,2020081701015733,AIL,47,47,10,491.00,"4,910.00"
2020-08-17,2020081701015811,AIL,47,47,10,491.00,"4,910.00"
2020-08-17,2020081701015801,AIL,47,51,10,491.00,"4,910.00"
2020-08-17,2020081701015791,AIL,47,47,10,491.00,"4,910.00"
2020-08-17,2020081701015766,AIL,47,51,10,491.00,"4,910.00"
2020-08-17,2020081701015764,AIL,47,47,10,491.00,"4,910.00"
2020-08-17,2020081701015749,AIL,47,6,10,491.00,"4,910.00"
2020-08-17,2020081701015932,AIL,47,47,10,491.00,"4,910.00"
2020-08-17,2020081701015916,AIL,47,47,10,491.00,"4,910.00"
2020-08-17,2020081701015893,AIL,47,47,10,491.00,"4,910.00"
2020-08-17,2020081701015892,AIL,47,51,10,491.00,"4,910.00"
2020-08-17,2020081701015858,AIL,47,47,10,491.00,"4,910.00"
2020-08-17,2020081701015831,AIL,47,51,10,491.00,"4,910.00"
2020-08-17,2020081701016152,AIL,45,47,10,491.00,"4,910.00"
2020-08-17,2020081701016125,AIL,45,47,10,491.00,"4,910.00"
2020-08-17,2020081701016091,AIL,45,47,10,491.00,"4,910.00"
2020-08-17,2020081701016072,AIL,45,47,10,491.00,"4,910.00"
2020-08-17,2020081701016041,AIL,45,47,10,491.00,"4,910.00"
2020-08-17,2020081701016036,AIL,45,52,10,491.00,"4,910.00"
2020-08-17,2020081701015928,AKPL,55,45,385,113.00,"43,505.00"
2020-08-17,2020081701015927,AKPL,16,45,"1,000",113.00,"113,000.00"
2020-08-17,2020081701015926,AKPL,8,45,615,113.00,"69,495.00"
2020-08-17,2020081701015867,ALBSL,51,10,11,643.00,"7,073.00"
2020-08-17,2020081701015800,ALBSL,51,11,11,643.00,"7,073.00"
2020-08-17,2020081701016180,ALICL,16,48,50,636.00,"31,800.00"
2020-08-17,2020081701016075,API,37,48,878,109.00,"95,702.00"
2020-08-17,2020081701016074,API,41,48,250,109.00,"27,250.00"
2020-08-17,2020081701016073,API,40,48,872,109.00,"95,048.00"
2020-08-17,2020081701016035,API,35,8,10,111.00,"1,110.00"
2020-08-17,2020081701015803,API,8,56,500,110.00,"55,000.00"
2020-08-17,2020081701015802,API,8,38,200,110.00,"22,000.00"
2020-08-17,2020081701015903,BOKL,44,5,252,227.00,"57,204.00"
2020-08-17,2020081701016076,BPCL,45,50,444,363.00,"161,172.00"
2020-08-17,2020081701016060,BPCL,42,4,150,364.00,"54,600.00"
2020-08-17,2020081701016153,CBBL,42,14,50,"1,032.00","51,600.00"
2020-08-17,2020081701015977,CBL,45,38,20,146.00,"2,920.00"
2020-08-17,2020081701016160,CIT,10,52,10,"2,640.00","26,400.00"
2020-08-17,2020081701016159,CIT,10,41,50,"2,640.00","132,000.00"
2020-08-17,2020081701016158,CIT,10,16,11,"2,640.00","29,040.00"
2020-08-17,2020081701016148,CIT,56,16,20,"2,640.00","52,800.00"
2020-08-17,2020081701016106,CIT,36,16,20,"2,640.00","52,800.00"
2020-08-17,2020081701016079,CIT,56,11,60,"2,639.00","158,340.00"
2020-08-17,2020081701015810,CIT,52,41,13,"2,635.00","34,255.00"
2020-08-17,2020081701015782,CIT,11,41,20,"2,635.00","52,700.00"
2020-08-17,2020081701015770,CIT,53,41,30,"2,635.00","79,050.00"
2020-08-17,2020081701016055,CIT,19,41,20,"2,639.00","52,780.00"
2020-08-17,2020081701015985,CIT,19,1,50,"2,635.00","131,750.00"
2020-08-17,2020081701015945,CIT,10,1,150,"2,635.00","395,250.00"
2020-08-17,2020081701015944,CIT,10,54,50,"2,629.00","131,450.00"
2020-08-17,2020081701015879,CIT,56,49,10,"2,635.00","26,350.00"
2020-08-17,2020081701015822,CIT,56,41,37,"2,635.00","97,495.00"
2020-08-17,2020081701016104,CLBSL,21,35,10,660.00,"6,600.00"
2020-08-17,2020081701015988,CLBSL,40,35,10,660.00,"6,600.00"
2020-08-17,2020081701015995,CZBIL,17,6,39,195.00,"7,605.00"
2020-08-17,2020081701015994,CZBIL,17,22,161,195.00,"31,395.00"
2020-08-17,2020081701016033,DDBL,57,17,10,827.00,"8,270.00"
2020-08-17,2020081701015814,DDBL,41,34,250,820.00,"205,000.00"
2020-08-17,2020081701016218,EBL,57,16,100,714.00,"71,400.00"
2020-08-17,2020081701016034,EBL,57,16,100,714.00,"71,400.00"
2020-08-17,2020081701016003,EBL,13,16,10,714.00,"7,140.00"
2020-08-17,2020081701015997,EBL,55,57,198,714.00,"141,372.00"
2020-08-17,2020081701015996,EBL,57,57,500,714.00,"357,000.00"
2020-08-17,2020081701015923,EBL,49,16,65,715.00,"46,475.00"
2020-08-17,2020081701015922,EBL,49,45,15,715.00,"10,725.00"
2020-08-17,2020081701015921,EBL,49,54,20,715.00,"14,300.00"
2020-08-17,2020081701016168,EIC,6,51,20,440.00,"8,800.00"
2020-08-17,2020081701016167,EIC,6,41,30,440.00,"13,200.00"
2020-08-17,2020081701015964,EIC,48,41,170,440.00,"74,800.00"
2020-08-17,2020081701015869,EIC,48,20,130,440.00,"57,200.00"
2020-08-17,2020081701015821,EIC,48,32,200,440.00,"88,000.00"
2020-08-17,2020081701015807,EIC,35,1,10,441.00,"4,410.00"
2020-08-17,2020081701015741,EIC,57,58,100,440.00,"44,000.00"
2020-08-17,2020081701016199,FMDBL,6,45,390,521.00,"203,190.00"
2020-08-17,2020081701016198,FMDBL,41,45,10,522.00,"5,220.00"
2020-08-17,2020081701015967,GBBL,52,1,40,234.00,"9,360.00"
2020-08-17,2020081701015966,GBBL,45,1,60,234.00,"14,040.00"
2020-08-17,2020081701015806,GBBL,45,1,100,234.00,"23,400.00"
2020-08-17,2020081701015805,GBBL,45,45,40,234.00,"9,360.00"
2020-08-17,2020081701016170,GBIME,21,54,20,253.00,"5,060.00"
2020-08-17,2020081701016026,GBIME,48,54,302,253.00,"76,406.00"
2020-08-17,2020081701016025,GBIME,48,39,500,253.00,"126,500.00"
2020-08-17,2020081701016024,GBIME,48,25,50,253.00,"12,650.00"
2020-08-17,2020081701016023,GBIME,48,37,148,253.00,"37,444.00"
2020-08-17,2020081701015978,GBIME,41,37,200,253.00,"50,600.00"
2020-08-17,2020081701016049,GFCL,6,55,500,148.00,"74,000.00"
2020-08-17,2020081701015768,GHL,52,36,30,58.00,"1,740.00"
2020-08-17,2020081701016212,GILB,40,40,8,"1,147.00","9,176.00"
2020-08-17,2020081701016127,GILB,40,40,8,"1,147.00","9,176.00"
2020-08-17,2020081701016000,GILB,40,40,8,"1,147.00","9,176.00"
2020-08-17,2020081701015906,GILB,40,40,8,"1,147.00","9,176.00"
2020-08-17,2020081701015759,GILB,25,41,56,"1,170.00","65,520.00"
2020-08-17,2020081701015758,GILB,25,34,23,"1,170.00","26,910.00"
2020-08-17,2020081701015841,GLICL,58,26,10,475.00,"4,750.00"
2020-08-17,2020081701015840,GLICL,58,46,800,475.00,"380,000.00"
2020-08-17,2020081701015839,GLICL,58,57,"1,760",474.00,"834,240.00"
2020-08-17,2020081701015838,GLICL,58,32,100,473.00,"47,300.00"
2020-08-17,2020081701015837,GLICL,58,11,100,473.00,"47,300.00"
2020-08-17,2020081701015836,GLICL,58,7,100,473.00,"47,300.00"
2020-08-17,2020081701015835,GLICL,58,10,610,473.00,"288,530.00"
2020-08-17,2020081701015834,GLICL,58,58,20,472.00,"9,440.00"
2020-08-17,2020081701016062,GMFBS,25,48,10,747.00,"7,470.00"
2020-08-17,2020081701015943,HBL,34,41,112,542.00,"60,704.00"
2020-08-17,2020081701015756,HDL,42,58,670,"1,651.00","1,106,170.00"
2020-08-17,2020081701015755,HDL,34,58,20,"1,652.00","33,040.00"
2020-08-17,2020081701015754,HDL,42,58,200,"1,652.00","330,400.00"
2020-08-17,2020081701015753,HDL,50,58,10,"1,652.00","16,520.00"
2020-08-17,2020081701015752,HDL,53,58,950,"1,654.00","1,571,300.00"
2020-08-17,2020081701015738,HDL,53,39,50,"1,654.00","82,700.00"
2020-08-17,2020081701015737,HDL,35,39,50,"1,655.00","82,750.00"
2020-08-17,2020081701015736,HDL,44,39,100,"1,655.00","165,500.00"
2020-08-17,2020081701016105,HGI,32,53,100,422.00,"42,200.00"
2020-08-17,2020081701015769,HGI,38,51,500,421.00,"210,500.00"
2020-08-17,2020081701015728,HGI,34,36,"1,000",423.00,"423,000.00"
2020-08-17,2020081701015727,HGI,34,38,90,420.00,"37,800.00"
2020-08-17,2020081701016200,IGI,58,42,50,477.00,"23,850.00"
2020-08-17,2020081701016154,IGI,58,10,180,477.00,"85,860.00"
2020-08-17,2020081701016151,IGI,58,36,15,477.00,"7,155.00"
2020-08-17,2020081701016133,IGI,14,8,200,477.00,"95,400.00"
2020-08-17,2020081701016132,IGI,14,53,50,477.00,"23,850.00"
2020-08-17,2020081701015910,IGI,45,8,46,475.00,"21,850.00"
2020-08-17,2020081701015909,IGI,45,8,200,475.00,"95,000.00"
2020-08-17,2020081701016131,IGI,14,29,50,477.00,"23,850.00"
2020-08-17,2020081701015990,IGI,5,19,20,476.00,"9,520.00"
2020-08-17,2020081701015965,ILBS,16,49,11,731.00,"8,041.00"
2020-08-17,2020081701015793,JBBL,49,10,608,169.00,"102,752.00"
2020-08-17,2020081701015792,JBBL,5,10,519,169.00,"87,711.00"
2020-08-17,2020081701015832,JFL,49,6,50,161.00,"8,050.00"
2020-08-17,2020081701015868,JSLBB,19,56,135,"1,380.00","186,300.00"
2020-08-17,2020081701015818,JSLBB,1,56,100,"1,380.00","138,000.00"
2020-08-17,2020081701016219,KBL,59,49,100,187.00,"18,700.00"
2020-08-17,2020081701016163,KBL,16,45,274,186.00,"50,964.00"
2020-08-17,2020081701016142,KBL,34,49,189,187.00,"35,343.00"
2020-08-17,2020081701016141,KBL,34,47,211,187.00,"39,457.00"
2020-08-17,2020081701016087,KBL,16,14,778,186.00,"144,708.00"
2020-08-17,2020081701016086,KBL,48,14,222,186.00,"41,292.00"
2020-08-17,2020081701015765,KBL,48,28,500,186.00,"93,000.00"
2020-08-17,2020081701016171,KMCDB,57,52,10,738.00,"7,380.00"
2020-08-17,2020081701015747,KMCDB,32,52,10,728.00,"7,280.00"
2020-08-17,2020081701015925,KPCL,13,36,10,106.00,"1,060.00"
2020-08-17,2020081701016048,LBBL,28,14,500,181.00,"90,500.00"
2020-08-17,2020081701016047,LBBL,45,14,100,181.00,"18,100.00"
2020-08-17,2020081701016046,LBBL,32,14,500,181.00,"90,500.00"
2020-08-17,2020081701016045,LBBL,56,14,300,181.00,"54,300.00"
2020-08-17,2020081701016064,LBL,58,49,200,232.00,"46,400.00"
2020-08-17,2020081701015907,LBL,41,57,100,232.00,"23,200.00"
2020-08-17,2020081701016186,LGIL,6,44,20,465.00,"9,300.00"
2020-08-17,2020081701016112,LGIL,7,44,100,465.00,"46,500.00"
2020-08-17,2020081701015991,LGIL,33,44,50,465.00,"23,250.00"
2020-08-17,2020081701015789,LGIL,6,22,200,463.00,"92,600.00"
2020-08-17,2020081701016123,MBL,37,29,766,225.00,"172,350.00"
2020-08-17,2020081701016122,MBL,1,29,200,225.00,"45,000.00"
2020-08-17,2020081701016121,MBL,6,29,200,225.00,"45,000.00"
2020-08-17,2020081701016120,MBL,25,29,600,225.00,"135,000.00"
2020-08-17,2020081701016031,MEGA,47,50,60,220.00,"13,200.00"
2020-08-17,2020081701016030,MEGA,35,50,100,220.00,"22,000.00"
2020-08-17,2020081701015987,MEGA,56,57,100,220.00,"22,000.00"
2020-08-17,2020081701015972,MEGA,14,36,10,221.00,"2,210.00"
2020-08-17,2020081701015786,MEGA,34,38,320,220.00,"70,400.00"
2020-08-17,2020081701015785,MEGA,34,49,105,219.00,"22,995.00"
2020-08-17,2020081701015872,MEGA,56,21,200,220.00,"44,000.00"
2020-08-17,2020081701015871,MEGA,56,7,323,220.00,"71,060.00"
2020-08-17,2020081701015870,MEGA,52,7,102,220.00,"22,440.00"
2020-08-17,2020081701015857,MEGA,52,45,20,220.00,"4,400.00"
2020-08-17,2020081701015833,MEGA,52,38,78,220.00,"17,160.00"
2020-08-17,2020081701015796,MERO,28,17,10,637.00,"6,370.00"
2020-08-17,2020081701016040,MFIL,56,38,250,269.00,"67,250.00"
2020-08-17,2020081701016224,MLBL,11,16,100,188.00,"18,800.00"
2020-08-17,2020081701016223,MLBL,29,16,205,188.00,"38,540.00"
2020-08-17,2020081701016110,MMFDB,13,49,50,907.00,"45,350.00"
2020-08-17,2020081701016109,MMFDB,13,43,357,907.00,"323,799.00"
2020-08-17,2020081701016108,MMFDB,13,48,32,907.00,"29,024.00"
2020-08-17,2020081701016174,MNBBL,40,28,161,320.00,"51,520.00"
2020-08-17,2020081701016173,MNBBL,40,32,500,320.00,"160,000.00"
2020-08-17,2020081701016008,MNBBL,28,38,200,319.00,"63,800.00"
2020-08-17,2020081701015901,MSMBS,38,55,100,659.00,"65,900.00"
2020-08-17,2020081701016177,NABIL,56,49,20,822.00,"16,440.00"
2020-08-17,2020081701016146,NABIL,52,49,18,822.00,"14,796.00"
2020-08-17,2020081701016145,NABIL,6,49,100,822.00,"82,200.00"
2020-08-17,2020081701016144,NABIL,1,49,500,822.00,"411,000.00"
2020-08-17,2020081701016143,NABIL,49,49,308,822.00,"253,176.00"
2020-08-17,2020081701016140,NABIL,49,45,20,822.00,"16,440.00"
2020-08-17,2020081701016070,NABIL,49,47,29,822.00,"23,838.00"
2020-08-17,2020081701016183,NBB,43,57,107,198.00,"21,186.00"
2020-08-17,2020081701016054,NBB,49,55,593,197.00,"116,821.00"
2020-08-17,2020081701016053,NBB,34,55,300,197.00,"59,100.00"
2020-08-17,2020081701016052,NBB,6,55,"1,007",197.00,"198,379.00"
2020-08-17,2020081701016176,NBL,25,25,200,283.00,"56,600.00"
2020-08-17,2020081701016172,NBL,26,25,100,283.00,"28,300.00"
2020-08-17,2020081701016150,NBL,25,10,33,282.00,"9,306.00"
2020-08-17,2020081701016149,NBL,1,10,442,282.00,"124,644.00"
2020-08-17,2020081701015961,NBL,8,25,100,283.00,"28,300.00"
2020-08-17,2020081701015960,NBL,1,25,866,283.00,"245,078.00"
2020-08-17,2020081701015788,NBL,49,48,65,284.00,"18,460.00"
2020-08-17,2020081701015787,NBL,49,32,35,284.00,"9,940.00"
2020-08-17,2020081701015725,NBL,58,32,15,284.00,"4,260.00"
2020-08-17,2020081701015953,NBL,57,10,25,284.00,"7,100.00"
2020-08-17,2020081701015952,NBL,57,48,25,284.00,"7,100.00"
2020-08-17,2020081701015875,NBL,1,29,134,283.00,"37,922.00"
2020-08-17,2020081701015874,NBL,32,29,50,283.00,"14,150.00"
2020-08-17,2020081701015873,NBL,5,29,816,283.00,"230,928.00"
2020-08-17,2020081701015799,NBL,28,48,10,284.00,"2,840.00"
2020-08-17,2020081701015919,NCCB,50,14,40,192.00,"7,680.00"
2020-08-17,2020081701015918,NCCB,55,14,76,192.00,"14,592.00"
2020-08-17,2020081701016169,NIB,41,57,30,414.00,"12,420.00"
2020-08-17,2020081701016067,NIB,16,5,265,413.00,"109,445.00"
2020-08-17,2020081701016022,NIB,38,57,500,414.00,"207,000.00"
2020-08-17,2020081701015842,NIB,7,57,10,414.00,"4,140.00"
2020-08-17,2020081701015780,NIB,39,57,25,414.00,"10,350.00"
2020-08-17,2020081701016155,NICA,1,51,38,567.00,"21,546.00"
2020-08-17,2020081701016083,NICA,28,51,200,567.00,"113,400.00"
2020-08-17,2020081701015971,NICA,33,51,100,567.00,"56,700.00"
2020-08-17,2020081701015970,NICA,14,51,100,567.00,"56,700.00"
2020-08-17,2020081701015969,NICA,26,51,50,567.00,"28,350.00"
2020-08-17,2020081701015968,NICA,49,51,225,567.00,"127,575.00"
2020-08-17,2020081701015866,NICA,49,35,275,567.00,"155,925.00"
2020-08-17,2020081701015865,NICA,37,35,50,567.00,"28,350.00"
2020-08-17,2020081701015864,NICA,7,35,275,567.00,"155,925.00"
2020-08-17,2020081701016085,NICL,25,58,10,470.00,"4,700.00"
2020-08-17,2020081701016084,NICL,25,16,500,470.00,"235,000.00"
2020-08-17,2020081701015992,NICL,25,48,"1,000",469.00,"469,000.00"
2020-08-17,2020081701015914,NICL,4,39,65,467.00,"30,355.00"
2020-08-17,2020081701015913,NICL,4,39,150,467.00,"70,050.00"
2020-08-17,2020081701015899,NICL,29,48,100,468.00,"46,800.00"
2020-08-17,2020081701015898,NICL,22,48,700,468.00,"327,600.00"
2020-08-17,2020081701016221,NIL,49,16,490,655.00,"320,950.00"
2020-08-17,2020081701016027,NIL,29,42,100,656.00,"65,600.00"
2020-08-17,2020081701016007,NIL,49,39,10,655.00,"6,550.00"
2020-08-17,2020081701016006,NIL,36,39,250,655.00,"163,750.00"
2020-08-17,2020081701016005,NIL,17,39,300,655.00,"196,500.00"
2020-08-17,2020081701015911,NIL,10,42,625,656.00,"410,000.00"
2020-08-17,2020081701015896,NIL,25,46,50,657.00,"32,850.00"
2020-08-17,2020081701015895,NIL,25,17,50,657.00,"32,850.00"
2020-08-17,2020081701015808,NIL,25,26,100,658.00,"65,800.00"
2020-08-17,2020081701015734,NIL,28,26,10,658.00,"6,580.00"
2020-08-17,2020081701016193,NLBBL,38,17,10,678.00,"6,780.00"
2020-08-17,2020081701016018,NLBBL,48,14,17,665.00,"11,305.00"
2020-08-17,2020081701016017,NLBBL,10,14,50,666.00,"33,300.00"
2020-08-17,2020081701016016,NLBBL,17,14,30,666.00,"19,980.00"
2020-08-17,2020081701016015,NLBBL,5,14,50,666.00,"33,300.00"
2020-08-17,2020081701016014,NLBBL,38,14,36,668.00,"24,048.00"
2020-08-17,2020081701015908,NLG,51,47,35,649.00,"22,715.00"
2020-08-17,2020081701016107,NLIC,43,36,50,"1,347.00","67,350.00"
2020-08-17,2020081701016066,NLIC,36,51,71,"1,350.00","95,850.00"
2020-08-17,2020081701016065,NLIC,36,51,429,"1,350.00","579,150.00"
2020-08-17,2020081701016037,NLIC,37,32,100,"1,347.00","134,700.00"
2020-08-17,2020081701015809,NLIC,45,51,378,"1,350.00","510,300.00"
2020-08-17,2020081701016156,NLICL,16,29,100,669.00,"66,900.00"
2020-08-17,2020081701016126,NLICL,16,57,50,668.00,"33,400.00"
2020-08-17,2020081701016124,NLICL,10,50,100,669.00,"66,900.00"
2020-08-17,2020081701016077,NLICL,57,50,100,669.00,"66,900.00"
2020-08-17,2020081701015976,NLICL,16,29,302,668.00,"201,736.00"
2020-08-17,2020081701015975,NLICL,52,29,200,668.00,"133,600.00"
2020-08-17,2020081701015974,NLICL,52,29,338,668.00,"225,784.00"
2020-08-17,2020081701015973,NLICL,28,29,140,669.00,"93,660.00"
2020-08-17,2020081701015790,NLICL,13,41,100,669.00,"66,900.00"
2020-08-17,2020081701016222,NMB,50,14,129,412.00,"53,148.00"
2020-08-17,2020081701016139,NMB,50,25,600,412.00,"247,200.00"
2020-08-17,2020081701016136,NMB,50,25,271,412.00,"111,652.00"
2020-08-17,2020081701016119,NMB,6,16,500,411.00,"205,500.00"
2020-08-17,2020081701016078,NMB,6,34,100,411.00,"41,100.00"
2020-08-17,2020081701016068,NMB,55,25,200,412.00,"82,400.00"
2020-08-17,2020081701016019,NMB,35,25,80,412.00,"32,960.00"
2020-08-17,2020081701015986,NMB,35,45,20,412.00,"8,240.00"
2020-08-17,2020081701015751,NMB,6,29,"2,790",411.00,"1,146,690.00"
2020-08-17,2020081701015750,NMB,41,29,50,412.00,"20,600.00"
2020-08-17,2020081701016101,NMBHF1,49,47,"10,000",10.00,"100,000.00"
2020-08-17,2020081701016100,NMBHF1,49,4,"50,000",10.00,"500,000.00"
2020-08-17,2020081701016099,NMBHF1,49,47,"4,257",10.00,"42,570.00"
2020-08-17,2020081701015816,NMFBS,25,21,33,"1,520.00","50,160.00"
2020-08-17,2020081701015815,NMFBS,25,56,67,"1,520.00","101,840.00"
2020-08-17,2020081701016211,NRIC,56,29,50,588.00,"29,400.00"
2020-08-17,2020081701016210,NRIC,49,29,10,588.00,"5,880.00"
2020-08-17,2020081701016209,NRIC,28,29,100,588.00,"58,800.00"
2020-08-17,2020081701016208,NRIC,52,29,140,588.00,"82,320.00"
2020-08-17,2020081701016205,NRIC,36,59,50,589.00,"29,450.00"
2020-08-17,2020081701016204,NRIC,36,17,35,589.00,"20,615.00"
2020-08-17,2020081701015744,NRIC,1,49,10,588.00,"5,880.00"
2020-08-17,2020081701015804,NRIC,52,49,40,588.00,"23,520.00"
2020-08-17,2020081701015797,NRIC,8,33,40,589.00,"23,560.00"
2020-08-17,2020081701015783,NRIC,52,51,100,588.00,"58,800.00"
2020-08-17,2020081701015781,NRIC,52,11,10,588.00,"5,880.00"
2020-08-17,2020081701015771,NRIC,52,44,40,588.00,"23,520.00"
2020-08-17,2020081701015745,NRIC,52,49,30,588.00,"17,640.00"
2020-08-17,2020081701015915,NRIC,46,10,40,588.00,"23,520.00"
2020-08-17,2020081701015900,NRIC,46,41,50,588.00,"29,400.00"
2020-08-17,2020081701015891,NRIC,52,57,39,588.00,"22,932.00"
2020-08-17,2020081701015863,NRIC,52,52,40,588.00,"23,520.00"
2020-08-17,2020081701015860,NRIC,52,46,40,588.00,"23,520.00"
2020-08-17,2020081701015856,NRIC,52,14,161,588.00,"94,668.00"
2020-08-17,2020081701016032,NRIC,14,18,40,588.00,"23,520.00"
2020-08-17,2020081701015981,NRIC,14,11,40,588.00,"23,520.00"
2020-08-17,2020081701015948,NRIC,14,11,40,588.00,"23,520.00"
2020-08-17,2020081701015947,NRIC,14,55,35,588.00,"20,580.00"
2020-08-17,2020081701015946,NRIC,46,55,70,588.00,"41,160.00"
2020-08-17,2020081701015917,NRIC,46,11,40,588.00,"23,520.00"
2020-08-17,2020081701016203,NRIC,36,21,40,589.00,"23,560.00"
2020-08-17,2020081701016202,NRIC,36,17,35,589.00,"20,615.00"
2020-08-17,2020081701016201,NRIC,36,33,360,589.00,"212,040.00"
2020-08-17,2020081701016063,NRIC,52,38,30,588.00,"17,640.00"
2020-08-17,2020081701016050,NRIC,52,3,30,588.00,"17,640.00"
2020-08-17,2020081701016044,NRIC,14,34,40,588.00,"23,520.00"
2020-08-17,2020081701016138,PCBL,36,41,162,275.00,"44,550.00"
2020-08-17,2020081701016137,PCBL,6,41,"1,603",275.00,"440,825.00"
2020-08-17,2020081701016080,PCBL,35,6,20,276.00,"5,520.00"
2020-08-17,2020081701015855,PCBL,6,11,635,275.00,"174,625.00"
2020-08-17,2020081701015854,PCBL,6,10,300,275.00,"82,500.00"
2020-08-17,2020081701015853,PCBL,6,34,130,275.00,"35,750.00"
2020-08-17,2020081701015846,PCBL,6,33,100,275.00,"27,500.00"
2020-08-17,2020081701015845,PCBL,6,37,38,275.00,"10,450.00"
2020-08-17,2020081701015844,PCBL,6,50,50,275.00,"13,750.00"
2020-08-17,2020081701015843,PCBL,6,13,200,275.00,"55,000.00"
2020-08-17,2020081701015817,PCBL,28,11,200,274.00,"54,800.00"
2020-08-17,2020081701015852,PCBL,6,1,100,275.00,"27,500.00"
2020-08-17,2020081701015851,PCBL,6,29,119,275.00,"32,725.00"
2020-08-17,2020081701015850,PCBL,6,26,75,275.00,"20,625.00"
2020-08-17,2020081701015849,PCBL,6,1,200,275.00,"55,000.00"
2020-08-17,2020081701015848,PCBL,6,1,200,275.00,"55,000.00"
2020-08-17,2020081701015847,PCBL,6,58,250,275.00,"68,750.00"
2020-08-17,2020081701015897,PFL,21,36,11,147.00,"1,617.00"
2020-08-17,2020081701016135,PIC,6,50,10,669.00,"6,690.00"
2020-08-17,2020081701016093,PIC,42,50,50,669.00,"33,450.00"
2020-08-17,2020081701016092,PIC,42,41,50,669.00,"33,450.00"
2020-08-17,2020081701015950,PIC,58,49,300,667.00,"200,100.00"
2020-08-17,2020081701015890,PIC,58,57,157,667.00,"104,719.00"
2020-08-17,2020081701015888,PIC,1,57,50,667.00,"33,350.00"
2020-08-17,2020081701015729,PIC,58,51,139,668.00,"92,852.00"
2020-08-17,2020081701015779,PIC,59,49,400,668.00,"267,200.00"
2020-08-17,2020081701015778,PIC,13,49,50,668.00,"33,400.00"
2020-08-17,2020081701015777,PIC,51,49,50,668.00,"33,400.00"
2020-08-17,2020081701015732,PIC,58,48,61,670.00,"40,870.00"
2020-08-17,2020081701015731,PIC,58,50,200,669.00,"133,800.00"
2020-08-17,2020081701015730,PIC,58,28,100,669.00,"66,900.00"
2020-08-17,2020081701015887,PIC,55,57,220,667.00,"146,740.00"
2020-08-17,2020081701015886,PIC,1,57,50,667.00,"33,350.00"
2020-08-17,2020081701015885,PIC,54,57,200,667.00,"133,400.00"
2020-08-17,2020081701015884,PIC,34,57,10,667.00,"6,670.00"
2020-08-17,2020081701015883,PIC,59,57,100,668.00,"66,800.00"
2020-08-17,2020081701015819,PIC,7,49,200,669.00,"133,800.00"
2020-08-17,2020081701015726,PICL,55,45,10,474.00,"4,740.00"
2020-08-17,2020081701016191,PLIC,44,37,50,547.00,"27,350.00"
2020-08-17,2020081701016147,PLIC,53,36,300,550.00,"165,000.00"
2020-08-17,2020081701015798,PLIC,43,36,200,550.00,"110,000.00"
2020-08-17,2020081701015767,PLIC,43,36,300,550.00,"165,000.00"
2020-08-17,2020081701015861,PPCL,39,45,10,113.00,"1,130.00"
2020-08-17,2020081701016188,PRIN,39,44,"1,196",515.00,"615,940.00"
2020-08-17,2020081701016187,PRIN,58,44,79,516.00,"40,764.00"
2020-08-17,2020081701016166,PRIN,58,47,300,516.00,"154,800.00"
2020-08-17,2020081701016165,PRIN,58,45,71,516.00,"36,636.00"
2020-08-17,2020081701016164,PRIN,58,19,50,516.00,"25,800.00"
2020-08-17,2020081701016095,PRIN,4,17,180,516.00,"92,880.00"
2020-08-17,2020081701015993,PRIN,39,54,100,515.00,"51,500.00"
2020-08-17,2020081701015954,PRIN,38,44,10,516.00,"5,160.00"
2020-08-17,2020081701015924,PRIN,58,44,"4,895",516.00,"2,525,820.00"
2020-08-17,2020081701015862,PRIN,58,26,105,516.00,"54,180.00"
2020-08-17,2020081701015795,PRIN,55,45,100,517.00,"51,700.00"
2020-08-17,2020081701016094,PRIN,4,39,525,516.00,"270,900.00"
2020-08-17,2020081701016058,PRIN,41,17,40,516.00,"20,640.00"
2020-08-17,2020081701016057,PRIN,22,17,280,516.00,"144,480.00"
2020-08-17,2020081701016004,PRIN,22,48,100,516.00,"51,600.00"
2020-08-17,2020081701015999,PRIN,22,32,25,516.00,"12,900.00"
2020-08-17,2020081701015998,PRIN,22,44,95,516.00,"49,020.00"
2020-08-17,2020081701016216,PRVU,14,5,500,226.00,"113,000.00"
2020-08-17,2020081701016215,PRVU,14,16,364,226.00,"82,264.00"
2020-08-17,2020081701016113,PRVU,50,7,100,225.00,"22,500.00"
2020-08-17,2020081701016111,PRVU,36,16,100,226.00,"22,600.00"
2020-08-17,2020081701016088,PRVU,38,16,50,226.00,"11,300.00"
2020-08-17,2020081701015989,PRVU,43,16,200,226.00,"45,200.00"
2020-08-17,2020081701015882,PRVU,50,11,152,225.00,"34,200.00"
2020-08-17,2020081701015881,PRVU,6,11,48,225.00,"10,800.00"
2020-08-17,2020081701016192,RADHI,38,32,12,170.00,"2,040.00"
2020-08-17,2020081701016071,RBCLPO,26,11,10,"8,155.00","81,550.00"
2020-08-17,2020081701016189,RHPC,36,43,156,84.00,"13,104.00"
2020-08-17,2020081701016043,RHPC,38,14,90,85.00,"7,650.00"
2020-08-17,2020081701016042,RHPC,38,43,110,85.00,"9,350.00"
2020-08-17,2020081701015957,RHPC,36,7,18,84.00,"1,512.00"
2020-08-17,2020081701016114,RHPL,38,57,40,146.00,"5,840.00"
2020-08-17,2020081701015912,RHPL,38,41,30,146.00,"4,380.00"
2020-08-17,2020081701015748,RHPL,38,39,40,146.00,"5,840.00"
2020-08-17,2020081701015984,RLFL,46,13,169,123.00,"20,787.00"
2020-08-17,2020081701015983,RLFL,46,45,16,123.00,"1,968.00"
2020-08-17,2020081701015982,RLFL,46,7,15,123.00,"1,845.00"
2020-08-17,2020081701016214,RMDC,14,43,10,746.00,"7,460.00"
2020-08-17,2020081701016213,RMDC,14,29,11,745.00,"8,195.00"
2020-08-17,2020081701016134,RMDC,53,11,87,744.00,"64,728.00"
2020-08-17,2020081701016082,RMDC,14,5,50,745.00,"37,250.00"
2020-08-17,2020081701016081,RMDC,14,51,100,745.00,"74,500.00"
2020-08-17,2020081701015880,RMDC,14,10,300,745.00,"223,500.00"
2020-08-17,2020081701015920,RSDC,34,36,40,495.00,"19,800.00"
2020-08-17,2020081701015878,SANIMA,40,50,45,338.00,"15,210.00"
2020-08-17,2020081701015877,SANIMA,45,50,50,338.00,"16,900.00"
2020-08-17,2020081701015876,SANIMA,45,50,50,338.00,"16,900.00"
2020-08-17,2020081701016195,SBI,47,11,100,411.00,"41,100.00"
2020-08-17,2020081701016194,SBI,48,11,100,411.00,"41,100.00"
2020-08-17,2020081701015889,SBI,45,49,50,411.00,"20,550.00"
2020-08-17,2020081701016207,SBL,13,13,10,297.00,"2,970.00"
2020-08-17,2020081701016206,SBL,13,50,490,297.00,"145,530.00"
2020-08-17,2020081701015980,SBL,6,45,100,296.00,"29,600.00"
2020-08-17,2020081701015979,SBL,6,34,14,296.00,"4,144.00"
2020-08-17,2020081701015902,SCB,42,59,10,640.00,"6,400.00"
2020-08-17,2020081701015823,SDLBSL,35,11,10,767.00,"7,670.00"
2020-08-17,2020081701016117,SHIVM,7,38,100,579.00,"57,900.00"
2020-08-17,2020081701016116,SHIVM,34,38,81,579.00,"46,899.00"
2020-08-17,2020081701016115,SHIVM,57,38,10,579.00,"5,790.00"
2020-08-17,2020081701015894,SHIVM,34,38,19,579.00,"11,001.00"
2020-08-17,2020081701015959,SHL,37,57,354,158.00,"55,932.00"
2020-08-17,2020081701015958,SHL,37,57,146,157.00,"22,922.00"
2020-08-17,2020081701015931,SHL,37,57,125,158.00,"19,750.00"
2020-08-17,2020081701015930,SHL,37,41,500,158.00,"79,000.00"
2020-08-17,2020081701015929,SHL,37,14,275,158.00,"43,450.00"
2020-08-17,2020081701015956,SHPC,48,14,10,231.00,"2,310.00"
2020-08-17,2020081701015955,SHPC,48,36,100,230.00,"23,000.00"
2020-08-17,2020081701016090,SIC,55,16,20,770.00,"15,400.00"
2020-08-17,2020081701016039,SIC,55,35,50,769.00,"38,450.00"
2020-08-17,2020081701016038,SIC,55,45,20,769.00,"15,380.00"
2020-08-17,2020081701015746,SICL,49,49,30,"1,240.00","37,200.00"
2020-08-17,2020081701016175,SIL,44,58,350,630.00,"220,500.00"
2020-08-17,2020081701016098,SIL,44,58,798,630.00,"502,740.00"
2020-08-17,2020081701016097,SIL,36,58,352,631.00,"222,112.00"
2020-08-17,2020081701016096,SIL,29,58,450,631.00,"283,950.00"
2020-08-17,2020081701016020,SIL,49,54,50,634.00,"31,700.00"
2020-08-17,2020081701015905,SIL,21,55,14,632.00,"8,848.00"
2020-08-17,2020081701015904,SIL,58,55,158,632.00,"99,856.00"
2020-08-17,2020081701016185,SINDU,41,35,200,126.00,"25,200.00"
2020-08-17,2020081701016220,SJCL,20,57,20,133.00,"2,660.00"
2020-08-17,2020081701016021,SJCL,20,49,20,133.00,"2,660.00"
2020-08-17,2020081701015740,SJCL,38,44,20,132.00,"2,640.00"
2020-08-17,2020081701015794,SJCL,38,39,20,132.00,"2,640.00"
2020-08-17,2020081701016182,SKBBL,47,22,290,"1,275.00","369,750.00"
2020-08-17,2020081701016181,SKBBL,49,22,10,"1,276.00","12,760.00"
2020-08-17,2020081701015820,SKBBL,10,5,50,"1,275.00","63,750.00"
2020-08-17,2020081701015774,SLBBL,34,48,85,790.00,"67,150.00"
2020-08-17,2020081701015773,SLBBL,45,48,50,791.00,"39,550.00"
2020-08-17,2020081701015772,SLBBL,8,48,100,792.00,"79,200.00"
2020-08-17,2020081701015776,SLBBL,38,48,100,790.00,"79,000.00"
2020-08-17,2020081701015775,SLBBL,42,48,15,790.00,"11,850.00"
2020-08-17,2020081701016056,SLBBL,41,48,100,790.00,"79,000.00"
2020-08-17,2020081701016128,SLBS,10,54,15,894.00,"13,410.00"
2020-08-17,2020081701016190,SLICL,45,34,"2,000",459.00,"918,000.00"
2020-08-17,2020081701016178,SLICL,6,1,100,458.00,"45,800.00"
2020-08-17,2020081701016103,SLICL,45,25,"1,000",458.00,"458,000.00"
2020-08-17,2020081701016102,SLICL,45,25,"1,500",458.00,"687,000.00"
2020-08-17,2020081701015830,SLICL,45,40,100,458.00,"45,800.00"
2020-08-17,2020081701015829,SLICL,45,1,458,458.00,"209,764.00"
2020-08-17,2020081701015828,SLICL,45,36,80,458.00,"36,640.00"
2020-08-17,2020081701015827,SLICL,45,7,"1,050",458.00,"480,900.00"
2020-08-17,2020081701015826,SLICL,45,45,300,458.00,"137,400.00"
2020-08-17,2020081701015825,SLICL,45,45,120,458.00,"54,960.00"
2020-08-17,2020081701015824,SLICL,45,45,20,457.00,"9,140.00"
2020-08-17,2020081701016029,SRBL,34,50,94,226.00,"21,244.00"
2020-08-17,2020081701016028,SRBL,58,50,406,226.00,"91,756.00"
2020-08-17,2020081701015942,SRBL,6,33,105,228.00,"23,940.00"
2020-08-17,2020081701015941,SRBL,6,26,250,228.00,"57,000.00"
2020-08-17,2020081701015940,SRBL,6,50,500,228.00,"114,000.00"
2020-08-17,2020081701015939,SRBL,6,26,55,228.00,"12,540.00"
2020-08-17,2020081701015938,SRBL,6,42,50,227.00,"11,350.00"
2020-08-17,2020081701015937,SRBL,6,29,404,227.00,"91,708.00"
2020-08-17,2020081701015936,SRBL,6,19,"1,000",227.00,"227,000.00"
2020-08-17,2020081701015935,SRBL,6,43,110,227.00,"24,970.00"
2020-08-17,2020081701015934,SRBL,6,47,17,227.00,"3,859.00"
2020-08-17,2020081701015933,SRBL,6,26,509,227.00,"115,543.00"
2020-08-17,2020081701016157,TMDBL,16,26,100,166.00,"16,600.00"
2020-08-17,2020081701016129,TMDBL,37,35,100,166.00,"16,600.00"
2020-08-17,2020081701016069,TMDBL,26,35,100,166.00,"16,600.00"
2020-08-17,2020081701016002,TMDBL,44,33,100,166.00,"16,600.00"
2020-08-17,2020081701016001,TMDBL,44,39,978,166.00,"162,348.00"
2020-08-17,2020081701016130,UIC,49,52,40,404.00,"16,160.00"
2020-08-17,2020081701016061,UIC,52,59,10,403.00,"4,030.00"
2020-08-17,2020081701016051,UIC,52,55,100,403.00,"40,300.00"
2020-08-17,2020081701015951,UIC,50,52,700,404.00,"282,800.00"
2020-08-17,2020081701015813,UIC,52,57,100,403.00,"40,300.00"
2020-08-17,2020081701015784,UIC,52,33,50,403.00,"20,150.00"
2020-08-17,2020081701015763,UIC,45,52,100,404.00,"40,400.00"
2020-08-17,2020081701015762,UIC,45,52,"2,000",404.00,"808,000.00"
2020-08-17,2020081701015761,UIC,45,43,500,404.00,"202,000.00"
2020-08-17,2020081701015760,UIC,45,52,400,404.00,"161,600.00"
2020-08-17,2020081701015757,UIC,52,44,35,403.00,"14,105.00"
2020-08-17,2020081701015859,UNL,35,4,10,"18,300.00","183,000.00"
2020-08-17,2020081701016197,UPPER,58,57,50,220.00,"11,000.00"
2020-08-17,2020081701015743,UPPER,52,10,10,219.00,"2,190.00"
2020-08-17,2020081701015742,UPPER,4,10,40,219.00,"8,760.00"
2020-08-17,2020081701015812,UPPER,52,10,40,219.00,"8,760.00"
2020-08-17,2020081701016118,UPPER,58,25,50,220.00,"11,000.00"
2020-08-17,2020081701016089,UPPER,58,37,100,220.00,"22,000.00"
2020-08-17,2020081701015949,UPPER,52,39,50,219.00,"10,950.00"
2020-08-17,2020081701016059,VLBS,38,46,100,882.00,"88,200.00"
2020-08-17,2020081701015374,ACLBSL,32,10,10,718.00,"7,180.00"
2020-08-17,2020081701015373,ACLBSL,32,13,10,718.00,"7,180.00"
2020-08-17,2020081701015635,ADBL,25,55,50,411.00,"20,550.00"
2020-08-17,2020081701015517,ADBL,33,55,40,411.00,"16,440.00"
2020-08-17,2020081701015493,ADBL,33,55,10,411.00,"4,110.00"
2020-08-17,2020081701015492,ADBL,35,55,40,411.00,"16,440.00"
2020-08-17,2020081701015719,AIL,20,38,40,492.00,"19,680.00"
2020-08-17,2020081701015718,AIL,20,52,10,492.00,"4,920.00"
2020-08-17,2020081701015717,AIL,20,41,30,492.00,"14,760.00"
2020-08-17,2020081701015716,AIL,20,1,20,492.00,"9,840.00"
2020-08-17,2020081701015706,AIL,47,40,10,491.00,"4,910.00"
2020-08-17,2020081701015694,AIL,47,47,10,491.00,"4,910.00"
2020-08-17,2020081701015226,AIL,38,47,10,491.00,"4,910.00"
2020-08-17,2020081701015437,AIL,47,43,10,491.00,"4,910.00"
2020-08-17,2020081701015413,AIL,49,1,10,492.00,"4,920.00"
2020-08-17,2020081701015400,AIL,47,42,10,491.00,"4,910.00"
2020-08-17,2020081701015387,AIL,45,17,10,493.00,"4,930.00"
2020-08-17,2020081701015375,AIL,47,10,10,491.00,"4,910.00"
2020-08-17,2020081701015371,AIL,22,17,11,493.00,"5,423.00"
2020-08-17,2020081701015605,AIL,47,47,10,491.00,"4,910.00"
2020-08-17,2020081701015591,AIL,47,10,10,491.00,"4,910.00"
2020-08-17,2020081701015552,AIL,47,17,10,491.00,"4,910.00"
2020-08-17,2020081701015530,AIL,47,52,10,491.00,"4,910.00"
2020-08-17,2020081701015489,AIL,41,1,10,492.00,"4,920.00"
2020-08-17,2020081701015482,AIL,47,13,10,491.00,"4,910.00"
2020-08-17,2020081701015673,AIL,47,52,10,491.00,"4,910.00"
2020-08-17,2020081701015658,AIL,47,47,10,491.00,"4,910.00"
2020-08-17,2020081701015650,AIL,47,34,10,491.00,"4,910.00"
2020-08-17,2020081701015633,AIL,47,47,10,491.00,"4,910.00"
2020-08-17,2020081701015631,AIL,32,1,60,492.00,"29,520.00"
2020-08-17,2020081701015608,AIL,47,44,10,491.00,"4,910.00"
2020-08-17,2020081701015546,AKJCL,48,13,20,52.00,"1,040.00"
2020-08-17,2020081701015628,ALBSL,41,51,17,647.00,"10,999.00"
2020-08-17,2020081701015511,ALBSL,41,10,11,647.00,"7,117.00"
2020-08-17,2020081701015414,ALBSL,41,10,11,647.00,"7,117.00"
2020-08-17,2020081701015654,ALICL,16,47,50,636.00,"31,800.00"
2020-08-17,2020081701015435,BFC,38,45,50,102.00,"5,100.00"
2020-08-17,2020081701015431,BNT,16,56,20,"6,296.00","125,920.00"
2020-08-17,2020081701015430,BNT,16,22,20,"6,295.00","125,900.00"
2020-08-17,2020081701015429,BNT,16,34,10,"6,294.00","62,940.00"
2020-08-17,2020081701015516,BOKL,50,7,138,225.00,"31,050.00"
2020-08-17,2020081701015515,BOKL,49,7,200,225.00,"45,000.00"
2020-08-17,2020081701015514,BOKL,48,7,200,225.00,"45,000.00"
2020-08-17,2020081701015481,BOKL,59,7,100,226.00,"22,600.00"
2020-08-17,2020081701015480,BOKL,14,7,442,226.00,"99,892.00"
2020-08-17,2020081701015475,BOKL,14,7,558,226.00,"126,108.00"
2020-08-17,2020081701015474,BOKL,14,7,317,226.00,"71,642.00"
2020-08-17,2020081701015294,BOKL,3,11,150,227.00,"34,050.00"
2020-08-17,2020081701015646,BPCL,45,44,33,363.00,"11,979.00"
2020-08-17,2020081701015644,BPCL,45,34,23,363.00,"8,349.00"
2020-08-17,2020081701015643,BPCL,40,34,27,363.00,"9,801.00"
2020-08-17,2020081701015595,BPCL,40,57,11,363.00,"3,993.00"
2020-08-17,2020081701015427,BPCL,29,16,200,363.00,"72,600.00"
2020-08-17,2020081701015426,BPCL,29,50,500,363.00,"181,500.00"
2020-08-17,2020081701015425,BPCL,29,47,36,363.00,"13,068.00"
2020-08-17,2020081701015424,BPCL,29,25,140,363.00,"50,820.00"
2020-08-17,2020081701015264,BPCL,50,45,20,361.00,"7,220.00"
2020-08-17,2020081701015542,CBBL,14,6,80,"1,032.00","82,560.00"
2020-08-17,2020081701015541,CBBL,14,26,12,"1,032.00","12,384.00"
2020-08-17,2020081701015423,CBBL,51,41,12,"1,030.00","12,360.00"
2020-08-17,2020081701015693,CBL,44,44,587,145.00,"85,115.00"
2020-08-17,2020081701015545,CBL,44,28,100,145.00,"14,500.00"
2020-08-17,2020081701015298,CBL,44,44,97,145.00,"14,065.00"
2020-08-17,2020081701015297,CBL,22,44,100,145.00,"14,500.00"
2020-08-17,2020081701015296,CBL,33,44,119,145.00,"17,255.00"
2020-08-17,2020081701015495,CCBL,36,22,900,174.00,"156,600.00"
2020-08-17,2020081701015494,CCBL,36,11,200,174.00,"34,800.00"
2020-08-17,2020081701015382,CCBL,55,7,145,173.00,"25,085.00"
2020-08-17,2020081701015381,CCBL,35,7,350,174.00,"60,900.00"
2020-08-17,2020081701015553,CHCL,32,14,"1,035",387.00,"400,545.00"
2020-08-17,2020081701015329,CHCL,36,14,100,387.00,"38,700.00"
2020-08-17,2020081701015721,CIT,53,38,64,"2,636.00","168,704.00"
2020-08-17,2020081701015672,CIT,53,11,10,"2,630.00","26,300.00"
2020-08-17,2020081701015614,CIT,7,38,10,"2,636.00","26,360.00"
2020-08-17,2020081701015613,CIT,7,41,10,"2,636.00","26,360.00"
2020-08-17,2020081701015612,CIT,7,32,50,"2,635.00","131,750.00"
2020-08-17,2020081701015611,CIT,7,41,30,"2,634.00","79,020.00"
2020-08-17,2020081701015574,CIT,45,32,30,"2,635.00","79,050.00"
2020-08-17,2020081701015573,CIT,45,59,20,"2,635.00","52,700.00"
2020-08-17,2020081701015508,CIT,11,59,15,"2,635.00","39,525.00"
2020-08-17,2020081701015472,CIT,53,6,11,"2,630.00","28,930.00"
2020-08-17,2020081701015471,CIT,16,6,14,"2,630.00","36,820.00"
2020-08-17,2020081701015587,CLBSL,35,26,25,654.00,"16,350.00"
2020-08-17,2020081701015586,CLBSL,29,26,100,654.00,"65,400.00"
2020-08-17,2020081701015585,CLBSL,45,26,20,654.00,"13,080.00"
2020-08-17,2020081701015337,CLBSL,45,41,50,654.00,"32,700.00"
2020-08-17,2020081701015407,CZBIL,33,35,20,194.00,"3,880.00"
2020-08-17,2020081701015538,DDBL,33,34,10,828.00,"8,280.00"
2020-08-17,2020081701015722,EBL,7,54,10,715.00,"7,150.00"
2020-08-17,2020081701015639,EBL,52,54,20,715.00,"14,300.00"
2020-08-17,2020081701015638,EBL,46,54,150,715.00,"107,250.00"
2020-08-17,2020081701015388,EBL,46,48,100,715.00,"71,500.00"
2020-08-17,2020081701015295,EBL,57,57,100,716.00,"71,600.00"
2020-08-17,2020081701015399,EDBL,19,43,50,310.00,"15,500.00"
2020-08-17,2020081701015473,EIC,16,36,100,440.00,"44,000.00"
2020-08-17,2020081701015263,EIC,35,54,70,441.00,"30,870.00"
2020-08-17,2020081701015262,EIC,35,51,20,441.00,"8,820.00"
2020-08-17,2020081701015583,FMDBL,6,16,20,525.00,"10,500.00"
2020-08-17,2020081701015582,FMDBL,6,49,500,525.00,"262,500.00"
2020-08-17,2020081701015581,FMDBL,6,21,200,525.00,"105,000.00"
2020-08-17,2020081701015580,FMDBL,6,28,"1,000",525.00,"525,000.00"
2020-08-17,2020081701015579,FMDBL,6,36,44,525.00,"23,100.00"
2020-08-17,2020081701015578,FMDBL,6,36,50,525.00,"26,250.00"
2020-08-17,2020081701015577,FMDBL,6,14,50,524.00,"26,200.00"
2020-08-17,2020081701015576,FMDBL,6,34,100,523.00,"52,300.00"
2020-08-17,2020081701015227,FOWAD,25,14,65,"1,508.00","98,020.00"
2020-08-17,2020081701015707,GBIME,58,37,15,253.00,"3,795.00"
2020-08-17,2020081701015699,GBIME,36,37,237,253.00,"59,961.00"
2020-08-17,2020081701015698,GBIME,36,32,263,253.00,"66,539.00"
2020-08-17,2020081701015558,GBIME,36,6,75,252.00,"18,900.00"
2020-08-17,2020081701015547,GBIME,51,32,100,253.00,"25,300.00"
2020-08-17,2020081701015513,GBIME,36,57,429,252.00,"108,108.00"
2020-08-17,2020081701015512,GBIME,39,57,71,252.00,"17,892.00"
2020-08-17,2020081701015428,GBIME,48,32,100,253.00,"25,300.00"
2020-08-17,2020081701015405,GBIME,39,7,29,252.00,"7,308.00"
2020-08-17,2020081701015404,GBIME,11,7,100,252.00,"25,200.00"
2020-08-17,2020081701015403,GBIME,51,7,50,252.00,"12,600.00"
2020-08-17,2020081701015304,GBIME,57,32,100,253.00,"25,300.00"
2020-08-17,2020081701015450,GBLBS,49,41,25,466.00,"11,650.00"
2020-08-17,2020081701015449,GBLBS,41,41,50,467.00,"23,350.00"
2020-08-17,2020081701015704,GLICL,36,58,30,472.00,"14,160.00"
2020-08-17,2020081701015703,GLICL,36,17,20,472.00,"9,440.00"
2020-08-17,2020081701015488,HDL,41,32,10,"1,660.00","16,600.00"
2020-08-17,2020081701015657,HGI,34,25,841,420.00,"353,220.00"
2020-08-17,2020081701015656,HGI,32,25,266,422.00,"112,252.00"
2020-08-17,2020081701015544,HGI,38,51,300,421.00,"126,300.00"
2020-08-17,2020081701015477,HGI,39,51,500,421.00,"210,500.00"
2020-08-17,2020081701015720,HIDCL,11,50,61,129.00,"7,869.00"
2020-08-17,2020081701015682,HIDCL,11,19,61,129.00,"7,869.00"
2020-08-17,2020081701015436,HPPL,5,55,10,133.00,"1,330.00"
2020-08-17,2020081701015470,ICFC,7,55,"1,400",172.00,"240,800.00"
2020-08-17,2020081701015432,ICFC,7,42,100,172.00,"17,200.00"
2020-08-17,2020081701015551,IGI,5,19,80,476.00,"38,080.00"
2020-08-17,2020081701015626,ILBS,3,25,11,730.00,"8,030.00"
2020-08-17,2020081701015448,JBBL,33,49,400,170.00,"68,000.00"
2020-08-17,2020081701015307,JOSHI,55,42,40,63.00,"2,520.00"
2020-08-17,2020081701015681,KBL,48,34,749,186.00,"139,314.00"
2020-08-17,2020081701015528,KBL,48,49,529,186.00,"98,394.00"
2020-08-17,2020081701015490,KBL,6,49,"1,000",186.00,"186,000.00"
2020-08-17,2020081701015441,KBL,21,49,250,186.00,"46,500.00"
2020-08-17,2020081701015434,KBL,52,49,771,186.00,"143,406.00"
2020-08-17,2020081701015396,KBL,52,7,104,186.00,"19,344.00"
2020-08-17,2020081701015305,KBL,14,22,10,186.00,"1,860.00"
2020-08-17,2020081701015269,KBL,28,11,200,185.00,"37,000.00"
2020-08-17,2020081701015229,KBL,14,22,10,186.00,"1,860.00"
2020-08-17,2020081701015386,KBL,52,54,145,186.00,"26,970.00"
2020-08-17,2020081701015364,KBL,52,1,112,186.00,"20,832.00"
2020-08-17,2020081701015363,KBL,52,7,700,186.00,"130,200.00"
2020-08-17,2020081701015362,KBL,52,49,"2,000",186.00,"372,000.00"
2020-08-17,2020081701015361,KBL,52,22,992,186.00,"184,512.00"
2020-08-17,2020081701015308,KBL,44,22,"1,000",186.00,"186,000.00"
2020-08-17,2020081701015661,KKHC,11,7,10,50.00,500.00
2020-08-17,2020081701015645,KMCDB,32,10,10,728.00,"7,280.00"
2020-08-17,2020081701015539,KMCDB,35,37,10,730.00,"7,300.00"
2020-08-17,2020081701015336,KMCDB,32,11,40,728.00,"29,120.00"
2020-08-17,2020081701015279,LBBL,54,14,10,182.00,"1,820.00"
2020-08-17,2020081701015571,LGIL,45,44,10,465.00,"4,650.00"
2020-08-17,2020081701015522,LGIL,48,46,150,467.00,"70,050.00"
2020-08-17,2020081701015521,LGIL,48,36,100,467.00,"46,700.00"
2020-08-17,2020081701015520,LGIL,48,48,65,466.00,"30,290.00"
2020-08-17,2020081701015519,LGIL,48,51,200,466.00,"93,200.00"
2020-08-17,2020081701015518,LGIL,48,37,163,465.00,"75,795.00"
2020-08-17,2020081701015445,LGIL,52,19,50,463.00,"23,150.00"
2020-08-17,2020081701015444,LGIL,52,51,50,463.00,"23,150.00"
2020-08-17,2020081701015588,LLBS,43,33,100,"1,085.00","108,500.00"
2020-08-17,2020081701015491,MBL,6,29,"1,000",226.00,"226,000.00"
2020-08-17,2020081701015485,MBL,25,11,200,225.00,"45,000.00"
2020-08-17,2020081701015412,MBL,25,34,200,225.00,"45,000.00"
2020-08-17,2020081701015665,MEGA,55,38,50,220.00,"11,000.00"
2020-08-17,2020081701015523,MEGA,42,11,200,218.00,"43,600.00"
2020-08-17,2020081701015420,MEGA,45,38,52,220.00,"11,440.00"
2020-08-17,2020081701015380,MEGA,45,32,48,220.00,"10,560.00"
2020-08-17,2020081701015379,MEGA,17,32,11,220.00,"2,420.00"
2020-08-17,2020081701015315,MEGA,17,42,50,220.00,"11,000.00"
2020-08-17,2020081701015653,MERO,7,41,60,634.00,"38,040.00"
2020-08-17,2020081701015584,MFIL,33,11,120,268.00,"32,160.00"
2020-08-17,2020081701015599,MLBBL,17,57,20,726.00,"14,520.00"
2020-08-17,2020081701015598,MLBBL,57,57,20,726.00,"14,520.00"
2020-08-17,2020081701015597,MLBBL,33,57,50,727.00,"36,350.00"
2020-08-17,2020081701015596,MLBBL,17,57,10,730.00,"7,300.00"
2020-08-17,2020081701015352,MLBBL,17,57,16,730.00,"11,680.00"
2020-08-17,2020081701015351,MLBBL,8,57,100,731.00,"73,100.00"
2020-08-17,2020081701015333,MLBL,14,34,583,189.00,"110,187.00"
2020-08-17,2020081701015332,MLBL,14,10,650,189.00,"122,850.00"
2020-08-17,2020081701015691,MMFDB,13,50,118,900.00,"106,200.00"
2020-08-17,2020081701015690,MMFDB,13,58,20,900.00,"18,000.00"
2020-08-17,2020081701015689,MMFDB,13,40,78,900.00,"70,200.00"
2020-08-17,2020081701015688,MMFDB,13,51,28,899.00,"25,172.00"
2020-08-17,2020081701015629,MNBBL,53,11,100,319.00,"31,900.00"
2020-08-17,2020081701015609,MNBBL,13,28,312,320.00,"99,840.00"
2020-08-17,2020081701015610,NABIL,13,29,10,823.00,"8,230.00"
2020-08-17,2020081701015505,NABIL,49,50,63,822.00,"51,786.00"
2020-08-17,2020081701015504,NABIL,28,50,22,823.00,"18,106.00"
2020-08-17,2020081701015503,NABIL,39,50,100,823.00,"82,300.00"
2020-08-17,2020081701015502,NABIL,33,50,20,823.00,"16,460.00"
2020-08-17,2020081701015501,NABIL,8,50,50,823.00,"41,150.00"
2020-08-17,2020081701015500,NABIL,33,50,45,823.00,"37,035.00"
2020-08-17,2020081701015237,NABIL,6,17,100,824.00,"82,400.00"
2020-08-17,2020081701015712,NADEP,34,19,30,591.00,"17,730.00"
2020-08-17,2020081701015674,NBB,6,11,31,197.00,"6,107.00"
2020-08-17,2020081701015358,NBB,41,55,100,198.00,"19,800.00"
2020-08-17,2020081701015711,NBL,5,11,184,283.00,"52,072.00"
2020-08-17,2020081701015710,NBL,41,11,16,283.00,"4,528.00"
2020-08-17,2020081701015468,NBL,41,29,284,283.00,"80,372.00"
2020-08-17,2020081701015467,NBL,35,29,200,283.00,"56,600.00"
2020-08-17,2020081701015466,NBL,43,29,500,283.00,"141,500.00"
2020-08-17,2020081701015465,NBL,41,29,50,283.00,"14,150.00"
2020-08-17,2020081701015385,NBL,49,41,30,284.00,"8,520.00"
2020-08-17,2020081701015235,NBL,14,41,155,284.00,"44,020.00"
2020-08-17,2020081701015234,NBL,41,41,"2,893",284.00,"821,612.00"
2020-08-17,2020081701015233,NBL,41,41,607,284.00,"172,388.00"
2020-08-17,2020081701015458,NBL,56,29,50,283.00,"14,150.00"
2020-08-17,2020081701015457,NBL,29,29,300,283.00,"84,900.00"
2020-08-17,2020081701015456,NBL,55,29,20,283.00,"5,660.00"
2020-08-17,2020081701015455,NBL,33,29,200,283.00,"56,600.00"
2020-08-17,2020081701015454,NBL,49,29,"4,000",283.00,"1,132,000.00"
2020-08-17,2020081701015453,NBL,1,29,278,283.00,"78,674.00"
2020-08-17,2020081701015464,NBL,19,29,100,283.00,"28,300.00"
2020-08-17,2020081701015463,NBL,35,29,18,283.00,"5,094.00"
2020-08-17,2020081701015462,NBL,29,29,100,283.00,"28,300.00"
2020-08-17,2020081701015461,NBL,59,29,"1,000",283.00,"283,000.00"
2020-08-17,2020081701015460,NBL,22,29,"1,000",283.00,"283,000.00"
2020-08-17,2020081701015459,NBL,37,29,400,283.00,"113,200.00"
2020-08-17,2020081701015408,NCCB,55,34,23,192.00,"4,416.00"
2020-08-17,2020081701015306,NCCB,42,47,150,192.00,"28,800.00"
2020-08-17,2020081701015668,NFS,41,53,100,158.00,"15,800.00"
2020-08-17,2020081701015667,NFS,19,53,450,158.00,"71,100.00"
2020-08-17,2020081701015330,NFS,55,20,50,160.00,"8,000.00"
2020-08-17,2020081701015446,NGPL,22,49,11,115.00,"1,265.00"
2020-08-17,2020081701015702,NHPC,41,33,200,53.00,"10,600.00"
2020-08-17,2020081701015659,NIB,37,57,50,414.00,"20,700.00"
2020-08-17,2020081701015637,NIB,16,32,285,413.00,"117,705.00"
2020-08-17,2020081701015636,NIB,48,32,115,413.00,"47,495.00"
2020-08-17,2020081701015600,NIB,53,57,50,414.00,"20,700.00"
2020-08-17,2020081701015499,NIB,58,57,30,414.00,"12,420.00"
2020-08-17,2020081701015410,NIB,48,50,85,413.00,"35,105.00"
2020-08-17,2020081701015409,NIB,25,50,44,413.00,"18,172.00"
2020-08-17,2020081701015406,NIB,25,43,98,413.00,"40,474.00"
2020-08-17,2020081701015700,NICA,14,34,100,568.00,"56,800.00"
2020-08-17,2020081701015415,NICA,7,26,200,567.00,"113,400.00"
2020-08-17,2020081701015397,NICA,55,34,100,568.00,"56,800.00"
2020-08-17,2020081701015372,NICA,55,34,100,568.00,"56,800.00"
2020-08-17,2020081701015335,NICA,7,36,25,567.00,"14,175.00"
2020-08-17,2020081701015334,NICA,45,36,475,567.00,"269,325.00"
2020-08-17,2020081701015271,NICA,28,34,100,568.00,"56,800.00"
2020-08-17,2020081701015239,NICL,29,33,100,470.00,"47,000.00"
2020-08-17,2020081701015238,NICL,29,53,48,470.00,"22,560.00"
2020-08-17,2020081701015714,NIL,13,26,11,658.00,"7,238.00"
2020-08-17,2020081701015713,NIL,13,32,39,657.00,"25,623.00"
2020-08-17,2020081701015708,NIL,32,32,61,657.00,"40,077.00"
2020-08-17,2020081701015575,NIL,41,53,55,659.00,"36,245.00"
2020-08-17,2020081701015570,NIL,25,53,300,659.00,"197,700.00"
2020-08-17,2020081701015569,NIL,25,44,"1,000",659.00,"659,000.00"
2020-08-17,2020081701015370,NIL,57,40,224,658.00,"147,392.00"
2020-08-17,2020081701015357,NIL,57,42,200,658.00,"131,600.00"
2020-08-17,2020081701015282,NIL,57,44,200,658.00,"131,600.00"
2020-08-17,2020081701015525,NIL,32,47,200,657.00,"131,400.00"
2020-08-17,2020081701015524,NIL,45,47,311,658.00,"204,638.00"
2020-08-17,2020081701015484,NIL,45,44,189,658.00,"124,362.00"
2020-08-17,2020081701015483,NIL,57,44,11,658.00,"7,238.00"
2020-08-17,2020081701015478,NIL,57,33,250,658.00,"164,500.00"
2020-08-17,2020081701015402,NIL,57,34,50,658.00,"32,900.00"
2020-08-17,2020081701015568,NIL,25,42,10,659.00,"6,590.00"
2020-08-17,2020081701015567,NIL,25,21,140,659.00,"92,260.00"
2020-08-17,2020081701015566,NIL,25,55,"1,000",658.00,"658,000.00"
2020-08-17,2020081701015565,NIL,25,49,50,658.00,"32,900.00"
2020-08-17,2020081701015527,NIL,32,47,39,657.00,"25,623.00"
2020-08-17,2020081701015526,NIL,57,47,50,657.00,"32,850.00"
2020-08-17,2020081701015543,NLBBL,38,37,64,668.00,"42,752.00"
2020-08-17,2020081701015664,NLG,51,11,60,648.00,"38,880.00"
2020-08-17,2020081701015663,NLG,16,11,40,648.00,"25,920.00"
2020-08-17,2020081701015376,NLG,16,11,100,648.00,"64,800.00"
2020-08-17,2020081701015692,NLIC,50,51,193,"1,350.00","260,550.00"
2020-08-17,2020081701015632,NLIC,50,49,22,"1,350.00","29,700.00"
2020-08-17,2020081701015623,NLIC,50,59,100,"1,350.00","135,000.00"
2020-08-17,2020081701015622,NLIC,50,56,10,"1,350.00","13,500.00"
2020-08-17,2020081701015621,NLIC,50,6,10,"1,350.00","13,500.00"
2020-08-17,2020081701015620,NLIC,50,34,200,"1,350.00","270,000.00"
2020-08-17,2020081701015292,NLIC,28,47,100,"1,344.00","134,400.00"
2020-08-17,2020081701015291,NLIC,29,47,25,"1,344.00","33,600.00"
2020-08-17,2020081701015290,NLIC,56,47,28,"1,345.00","37,660.00"
2020-08-17,2020081701015328,NLIC,50,50,200,"1,348.00","269,600.00"
2020-08-17,2020081701015327,NLIC,50,22,25,"1,348.00","33,700.00"
2020-08-17,2020081701015326,NLIC,26,7,80,"1,343.00","107,440.00"
2020-08-17,2020081701015325,NLIC,17,7,108,"1,343.00","145,044.00"
2020-08-17,2020081701015324,NLIC,28,7,18,"1,344.00","24,192.00"
2020-08-17,2020081701015293,NLIC,28,47,207,"1,344.00","278,208.00"
2020-08-17,2020081701015619,NLIC,50,42,100,"1,350.00","135,000.00"
2020-08-17,2020081701015618,NLIC,50,16,100,"1,350.00","135,000.00"
2020-08-17,2020081701015617,NLIC,50,34,20,"1,350.00","27,000.00"
2020-08-17,2020081701015616,NLIC,50,42,10,"1,350.00","13,500.00"
2020-08-17,2020081701015615,NLIC,50,34,10,"1,350.00","13,500.00"
2020-08-17,2020081701015419,NLIC,14,34,"1,000","1,349.00","1,349,000.00"
2020-08-17,2020081701015640,NLICL,10,57,100,669.00,"66,900.00"
2020-08-17,2020081701015228,NLICL,10,45,40,669.00,"26,760.00"
2020-08-17,2020081701015678,NMB,6,29,205,411.00,"84,255.00"
2020-08-17,2020081701015677,NMB,42,29,500,411.00,"205,500.00"
2020-08-17,2020081701015676,NMB,55,29,"1,500",411.00,"616,500.00"
2020-08-17,2020081701015675,NMB,51,29,30,412.00,"12,360.00"
2020-08-17,2020081701015594,NMB,40,44,100,412.00,"41,200.00"
2020-08-17,2020081701015593,NMB,40,49,50,412.00,"20,600.00"
2020-08-17,2020081701015365,NMB,35,49,674,411.00,"277,014.00"
2020-08-17,2020081701015331,NMB,7,49,26,411.00,"10,686.00"
2020-08-17,2020081701015301,NMB,26,49,300,411.00,"123,300.00"
2020-08-17,2020081701015281,NMB,48,14,100,412.00,"41,200.00"
2020-08-17,2020081701015270,NMB,26,58,10,412.00,"4,120.00"
2020-08-17,2020081701015592,NMB,40,52,325,412.00,"133,900.00"
2020-08-17,2020081701015452,NMB,28,52,175,412.00,"72,100.00"
2020-08-17,2020081701015433,NMB,53,14,175,412.00,"72,100.00"
2020-08-17,2020081701015368,NMB,35,14,725,412.00,"298,700.00"
2020-08-17,2020081701015367,NMB,35,13,500,412.00,"206,000.00"
2020-08-17,2020081701015366,NMB,35,17,101,412.00,"41,612.00"
2020-08-17,2020081701015401,NMBMF,55,41,20,714.00,"14,280.00"
2020-08-17,2020081701015289,NMBMF,55,14,30,714.00,"21,420.00"
2020-08-17,2020081701015288,NMBMF,58,14,200,715.00,"143,000.00"
2020-08-17,2020081701015287,NMBMF,32,14,100,715.00,"71,500.00"
2020-08-17,2020081701015286,NMBMF,55,14,70,715.00,"50,050.00"
2020-08-17,2020081701015285,NMBMF,49,14,94,716.00,"67,304.00"
2020-08-17,2020081701015284,NMBMF,32,14,100,717.00,"71,700.00"
2020-08-17,2020081701015283,NMBMF,49,14,100,718.00,"71,800.00"
2020-08-17,2020081701015709,NRIC,49,33,100,589.00,"58,900.00"
2020-08-17,2020081701015686,NRIC,1,52,40,588.00,"23,520.00"
2020-08-17,2020081701015680,NRIC,1,11,40,588.00,"23,520.00"
2020-08-17,2020081701015670,NRIC,1,10,10,588.00,"5,880.00"
2020-08-17,2020081701015669,NRIC,28,10,30,588.00,"17,640.00"
2020-08-17,2020081701015662,NRIC,28,49,40,588.00,"23,520.00"
2020-08-17,2020081701015243,NRIC,36,37,470,590.00,"277,300.00"
2020-08-17,2020081701015236,NRIC,52,11,40,589.00,"23,560.00"
2020-08-17,2020081701015249,NRIC,36,40,40,590.00,"23,600.00"
2020-08-17,2020081701015248,NRIC,36,49,40,590.00,"23,600.00"
2020-08-17,2020081701015247,NRIC,36,26,20,590.00,"11,800.00"
2020-08-17,2020081701015246,NRIC,36,19,40,590.00,"23,600.00"
2020-08-17,2020081701015245,NRIC,36,32,150,590.00,"88,500.00"
2020-08-17,2020081701015244,NRIC,36,19,40,590.00,"23,600.00"
2020-08-17,2020081701015255,NRIC,36,39,40,590.00,"23,600.00"
2020-08-17,2020081701015254,NRIC,36,52,50,590.00,"29,500.00"
2020-08-17,2020081701015253,NRIC,36,39,40,590.00,"23,600.00"
2020-08-17,2020081701015252,NRIC,36,39,40,590.00,"23,600.00"
2020-08-17,2020081701015251,NRIC,36,39,50,590.00,"29,500.00"
2020-08-17,2020081701015250,NRIC,36,39,40,590.00,"23,600.00"
2020-08-17,2020081701015383,NRIC,55,42,228,589.00,"134,292.00"
2020-08-17,2020081701015353,NRIC,57,47,40,588.00,"23,520.00"
2020-08-17,2020081701015299,NRIC,57,11,40,588.00,"23,520.00"
2020-08-17,2020081701015280,NRIC,58,50,500,589.00,"294,500.00"
2020-08-17,2020081701015278,NRIC,57,10,30,588.00,"17,640.00"
2020-08-17,2020081701015256,NRIC,36,35,50,590.00,"29,500.00"
2020-08-17,2020081701015535,NRIC,42,51,500,589.00,"294,500.00"
2020-08-17,2020081701015534,NRIC,57,51,20,589.00,"11,780.00"
2020-08-17,2020081701015533,NRIC,56,51,200,589.00,"117,800.00"
2020-08-17,2020081701015422,NRIC,28,41,20,588.00,"11,760.00"
2020-08-17,2020081701015411,NRIC,57,58,38,588.00,"22,344.00"
2020-08-17,2020081701015384,NRIC,57,49,40,588.00,"23,520.00"
2020-08-17,2020081701015660,NRIC,28,44,10,588.00,"5,880.00"
2020-08-17,2020081701015651,NRIC,28,51,180,589.00,"106,020.00"
2020-08-17,2020081701015607,NRIC,28,13,40,588.00,"23,520.00"
2020-08-17,2020081701015604,NRIC,28,41,40,588.00,"23,520.00"
2020-08-17,2020081701015559,NRIC,28,13,10,588.00,"5,880.00"
2020-08-17,2020081701015549,NRIC,28,13,10,588.00,"5,880.00"
2020-08-17,2020081701015695,NUBL,35,34,20,935.00,"18,700.00"
2020-08-17,2020081701015356,NUBL,59,6,85,930.00,"79,050.00"
2020-08-17,2020081701015355,NUBL,59,34,100,930.00,"93,000.00"
2020-08-17,2020081701015354,NUBL,59,34,100,930.00,"93,000.00"
2020-08-17,2020081701015323,NUBL,26,6,15,930.00,"13,950.00"
2020-08-17,2020081701015322,NUBL,26,34,35,930.00,"32,550.00"
2020-08-17,2020081701015240,NUBL,39,34,100,929.00,"92,900.00"
2020-08-17,2020081701015225,NUBL,10,34,25,930.00,"23,250.00"
2020-08-17,2020081701015321,NUBL,26,34,50,930.00,"46,500.00"
2020-08-17,2020081701015320,NUBL,26,34,50,930.00,"46,500.00"
2020-08-17,2020081701015319,NUBL,26,34,50,930.00,"46,500.00"
2020-08-17,2020081701015318,NUBL,26,34,75,930.00,"69,750.00"
2020-08-17,2020081701015317,NUBL,26,34,150,930.00,"139,500.00"
2020-08-17,2020081701015316,NUBL,26,34,75,930.00,"69,750.00"
2020-08-17,2020081701015701,PCBL,49,13,100,275.00,"27,500.00"
2020-08-17,2020081701015476,PCBL,28,38,"1,000",274.00,"274,000.00"
2020-08-17,2020081701015602,PIC,5,51,61,668.00,"40,748.00"
2020-08-17,2020081701015601,PIC,28,51,100,669.00,"66,900.00"
2020-08-17,2020081701015487,PIC,5,10,60,668.00,"40,080.00"
2020-08-17,2020081701015486,PIC,34,10,40,669.00,"26,760.00"
2020-08-17,2020081701015439,PIC,34,22,485,669.00,"324,465.00"
2020-08-17,2020081701015438,PIC,34,10,475,669.00,"317,775.00"
2020-08-17,2020081701015257,PIC,5,7,60,668.00,"40,080.00"
2020-08-17,2020081701015360,PIC,19,22,15,669.00,"10,035.00"
2020-08-17,2020081701015359,PIC,19,58,10,669.00,"6,690.00"
2020-08-17,2020081701015303,PIC,22,57,"1,000",669.00,"669,000.00"
2020-08-17,2020081701015260,PIC,5,41,79,668.00,"52,772.00"
2020-08-17,2020081701015259,PIC,5,45,10,668.00,"6,680.00"
2020-08-17,2020081701015258,PIC,5,42,30,668.00,"20,040.00"
2020-08-17,2020081701015531,PICL,45,33,200,472.00,"94,400.00"
2020-08-17,2020081701015548,PLIC,45,38,36,548.00,"19,728.00"
2020-08-17,2020081701015231,PLIC,45,50,164,548.00,"89,872.00"
2020-08-17,2020081701015242,PMHPL,45,13,10,71.00,710.00
2020-08-17,2020081701015540,PPCL,3,36,30,112.00,"3,360.00"
2020-08-17,2020081701015554,PRIN,49,34,132,517.00,"68,244.00"
2020-08-17,2020081701015395,PRIN,49,20,14,517.00,"7,238.00"
2020-08-17,2020081701015350,PRIN,47,34,617,518.00,"319,606.00"
2020-08-17,2020081701015349,PRIN,47,44,500,518.00,"259,000.00"
2020-08-17,2020081701015348,PRIN,47,49,32,518.00,"16,576.00"
2020-08-17,2020081701015347,PRIN,47,7,55,518.00,"28,490.00"
2020-08-17,2020081701015340,PRIN,47,6,50,518.00,"25,900.00"
2020-08-17,2020081701015339,PRIN,47,54,150,518.00,"77,700.00"
2020-08-17,2020081701015338,PRIN,47,58,12,518.00,"6,216.00"
2020-08-17,2020081701015346,PRIN,47,7,124,518.00,"64,232.00"
2020-08-17,2020081701015345,PRIN,47,8,500,518.00,"259,000.00"
2020-08-17,2020081701015344,PRIN,47,50,100,518.00,"51,800.00"
2020-08-17,2020081701015343,PRIN,47,55,300,518.00,"155,400.00"
2020-08-17,2020081701015342,PRIN,47,37,100,518.00,"51,800.00"
2020-08-17,2020081701015341,PRIN,47,54,50,518.00,"25,900.00"
2020-08-17,2020081701015572,PRVU,6,53,50,225.00,"11,250.00"
2020-08-17,2020081701015497,PRVU,45,16,459,226.00,"103,734.00"
2020-08-17,2020081701015496,PRVU,45,14,41,226.00,"9,266.00"
2020-08-17,2020081701015390,PRVU,34,14,500,226.00,"113,000.00"
2020-08-17,2020081701015230,PRVU,33,14,200,226.00,"45,200.00"
2020-08-17,2020081701015652,RADHI,38,36,12,170.00,"2,040.00"
2020-08-17,2020081701015268,RADHI,38,58,11,170.00,"1,870.00"
2020-08-17,2020081701015267,RADHI,38,20,11,170.00,"1,870.00"
2020-08-17,2020081701015266,RADHI,38,20,12,170.00,"2,040.00"
2020-08-17,2020081701015265,RADHI,38,20,11,170.00,"1,870.00"
2020-08-17,2020081701015261,RHPC,42,43,190,85.00,"16,150.00"
2020-08-17,2020081701015715,RHPL,38,44,20,146.00,"2,920.00"
2020-08-17,2020081701015634,RHPL,38,44,30,146.00,"4,380.00"
2020-08-17,2020081701015498,RHPL,38,44,30,146.00,"4,380.00"
2020-08-17,2020081701015421,RMDC,14,48,31,746.00,"23,126.00"
2020-08-17,2020081701015302,RMDC,14,43,200,746.00,"149,200.00"
2020-08-17,2020081701015550,RSDC,28,43,10,494.00,"4,940.00"
2020-08-17,2020081701015394,RSDC,43,36,100,495.00,"49,500.00"
2020-08-17,2020081701015479,SABSL,19,47,11,722.00,"7,942.00"
2020-08-17,2020081701015314,SABSL,46,13,11,713.00,"7,843.00"
2020-08-17,2020081701015556,SAEF,35,43,"1,000",9.76,"9,760.00"
2020-08-17,2020081701015537,SBI,48,14,25,412.00,"10,300.00"
2020-08-17,2020081701015393,SHIVM,34,38,100,580.00,"58,000.00"
2020-08-17,2020081701015392,SHIVM,25,38,50,582.00,"29,100.00"
2020-08-17,2020081701015391,SHIVM,56,38,140,582.00,"81,480.00"
2020-08-17,2020081701015529,SHL,37,8,100,157.00,"15,700.00"
2020-08-17,2020081701015724,SHPC,35,42,42,230.00,"9,660.00"
2020-08-17,2020081701015723,SHPC,35,34,600,230.00,"138,000.00"
2020-08-17,2020081701015687,SHPC,34,25,11,229.00,"2,519.00"
2020-08-17,2020081701015642,SHPC,34,5,342,229.00,"78,318.00"
2020-08-17,2020081701015641,SHPC,45,5,658,229.00,"150,682.00"
2020-08-17,2020081701015590,SIC,34,3,400,770.00,"308,000.00"
2020-08-17,2020081701015589,SIC,34,34,100,770.00,"77,000.00"
2020-08-17,2020081701015666,SICL,49,17,20,"1,240.00","24,800.00"
2020-08-17,2020081701015507,SICL,28,14,100,"1,241.00","124,100.00"
2020-08-17,2020081701015506,SICL,45,14,100,"1,241.00","124,100.00"
2020-08-17,2020081701015300,SICL,45,43,100,"1,241.00","124,100.00"
2020-08-17,2020081701015232,SICL,58,43,300,"1,241.00","372,300.00"
2020-08-17,2020081701015447,SIL,36,7,138,632.00,"87,216.00"
2020-08-17,2020081701015378,SIL,3,55,95,633.00,"60,135.00"
2020-08-17,2020081701015647,SJCL,38,44,20,132.00,"2,640.00"
2020-08-17,2020081701015536,SJCL,38,44,10,132.00,"1,320.00"
2020-08-17,2020081701015679,SKBBL,6,48,212,"1,272.00","269,664.00"
2020-08-17,2020081701015655,SKBBL,38,48,100,"1,275.00","127,500.00"
2020-08-17,2020081701015649,SKBBL,38,20,120,"1,276.00","153,120.00"
2020-08-17,2020081701015440,SKBBL,16,6,100,"1,277.00","127,700.00"
2020-08-17,2020081701015696,SLBSL,42,26,10,775.00,"7,750.00"
2020-08-17,2020081701015241,SLICL,35,7,82,455.00,"37,310.00"
2020-08-17,2020081701015705,SPARS,41,10,11,831.00,"9,141.00"
2020-08-17,2020081701015671,SRBL,14,26,100,227.00,"22,700.00"
2020-08-17,2020081701015564,SRBL,58,55,37,226.00,"8,362.00"
2020-08-17,2020081701015469,SRBL,58,34,12,226.00,"2,712.00"
2020-08-17,2020081701015377,SRBL,49,26,90,227.00,"20,430.00"
2020-08-17,2020081701015561,STC,52,50,20,"2,730.00","54,600.00"
2020-08-17,2020081701015560,STC,52,33,20,"2,725.00","54,500.00"
2020-08-17,2020081701015685,UIC,53,50,150,402.00,"60,300.00"
2020-08-17,2020081701015684,UIC,7,50,150,402.00,"60,300.00"
2020-08-17,2020081701015683,UIC,25,50,200,402.00,"80,400.00"
2020-08-17,2020081701015630,UIC,29,44,200,403.00,"80,600.00"
2020-08-17,2020081701015603,UIC,22,44,50,403.00,"20,150.00"
2020-08-17,2020081701015555,UIC,42,44,400,403.00,"161,200.00"
2020-08-17,2020081701015510,UIC,29,44,200,403.00,"80,600.00"
2020-08-17,2020081701015509,UIC,58,44,115,403.00,"46,345.00"
2020-08-17,2020081701015627,UPCL,41,1,100,69.00,"6,900.00"
2020-08-17,2020081701015389,UPCL,49,47,50,68.00,"3,400.00"
2020-08-17,2020081701015369,UPCL,49,57,350,68.00,"23,800.00"
2020-08-17,2020081701015313,UPCL,49,57,387,68.00,"26,316.00"
2020-08-17,2020081701015312,UPCL,52,57,108,68.00,"7,344.00"
2020-08-17,2020081701015311,UPCL,26,57,500,68.00,"34,000.00"
2020-08-17,2020081701015273,UPCL,48,57,100,69.00,"6,900.00"
2020-08-17,2020081701015272,UPCL,45,57,975,69.00,"67,275.00"
2020-08-17,2020081701015310,UPCL,17,57,200,68.00,"13,600.00"
2020-08-17,2020081701015309,UPCL,1,57,300,68.00,"20,400.00"
2020-08-17,2020081701015277,UPCL,57,57,500,69.00,"34,500.00"
2020-08-17,2020081701015276,UPCL,25,57,100,69.00,"6,900.00"
2020-08-17,2020081701015275,UPCL,5,57,500,69.00,"34,500.00"
2020-08-17,2020081701015274,UPCL,14,57,300,69.00,"20,700.00"
2020-08-17,2020081701015697,UPPER,6,37,400,220.00,"88,000.00"
2020-08-17,2020081701015648,UPPER,6,37,100,220.00,"22,000.00"
2020-08-17,2020081701015606,UPPER,6,37,60,220.00,"13,200.00"
2020-08-17,2020081701015557,UPPER,6,14,"1,740",220.00,"382,800.00"
2020-08-17,2020081701015532,UPPER,20,14,100,220.00,"22,000.00"
2020-08-17,2020081701015451,UPPER,29,14,50,220.00,"11,000.00"
2020-08-17,2020081701015443,UPPER,56,14,100,220.00,"22,000.00"
2020-08-17,2020081701015442,UPPER,53,14,10,220.00,"2,200.00"
2020-08-17,2020081701015418,UPPER,53,34,30,220.00,"6,600.00"
2020-08-17,2020081701015417,UPPER,58,34,20,220.00,"4,400.00"
2020-08-17,2020081701015416,UPPER,11,34,10,220.00,"2,200.00"
2020-08-17,2020081701015625,WOMI,49,52,250,860.00,"215,000.00"
2020-08-17,2020081701015624,WOMI,49,29,50,860.00,"43,000.00"
2020-08-17,2020081701015563,WOMI,49,29,70,860.00,"60,200.00"
2020-08-17,2020081701015562,WOMI,49,52,376,860.00,"323,360.00"
2020-08-17,2020081701015398,WOMI,36,52,38,860.00,"32,680.00"
2020-08-17,2020081701014992,ACLBSL,34,52,10,732.00,"7,320.00"
2020-08-17,2020081701014985,ACLBSL,34,29,15,722.00,"10,830.00"
2020-08-17,2020081701014984,ACLBSL,34,51,10,722.00,"7,220.00"
2020-08-17,2020081701014983,ACLBSL,34,48,100,722.00,"72,200.00"
2020-08-17,2020081701014982,ACLBSL,34,32,10,722.00,"7,220.00"
2020-08-17,2020081701014981,ACLBSL,34,52,30,722.00,"21,660.00"
2020-08-17,2020081701014855,ACLBSL,34,13,10,700.00,"7,000.00"
2020-08-17,2020081701014727,ACLBSL,58,10,10,697.00,"6,970.00"
2020-08-17,2020081701014861,ACLBSL,34,7,10,704.00,"7,040.00"
2020-08-17,2020081701014860,ACLBSL,34,7,10,704.00,"7,040.00"
2020-08-17,2020081701014859,ACLBSL,34,7,10,704.00,"7,040.00"
2020-08-17,2020081701014858,ACLBSL,34,13,10,700.00,"7,000.00"
2020-08-17,2020081701014857,ACLBSL,34,13,10,700.00,"7,000.00"
2020-08-17,2020081701014856,ACLBSL,34,13,10,700.00,"7,000.00"
2020-08-17,2020081701014867,ACLBSL,34,58,10,705.00,"7,050.00"
2020-08-17,2020081701014866,ACLBSL,34,58,20,705.00,"14,100.00"
2020-08-17,2020081701014865,ACLBSL,34,34,10,705.00,"7,050.00"
2020-08-17,2020081701014864,ACLBSL,34,57,10,705.00,"7,050.00"
2020-08-17,2020081701014863,ACLBSL,34,36,256,705.00,"180,480.00"
2020-08-17,2020081701014862,ACLBSL,34,7,10,704.00,"7,040.00"
2020-08-17,2020081701014911,ACLBSL,34,16,21,707.00,"14,847.00"
2020-08-17,2020081701014872,ACLBSL,34,45,15,705.00,"10,575.00"
2020-08-17,2020081701014871,ACLBSL,34,45,10,705.00,"7,050.00"
2020-08-17,2020081701014870,ACLBSL,34,45,10,705.00,"7,050.00"
2020-08-17,2020081701014869,ACLBSL,34,45,10,705.00,"7,050.00"
2020-08-17,2020081701014868,ACLBSL,34,58,10,705.00,"7,050.00"
2020-08-17,2020081701014917,ACLBSL,34,51,10,709.00,"7,090.00"
2020-08-17,2020081701014916,ACLBSL,34,47,49,708.00,"34,692.00"
2020-08-17,2020081701014915,ACLBSL,34,33,10,708.00,"7,080.00"
2020-08-17,2020081701014914,ACLBSL,34,42,10,708.00,"7,080.00"
2020-08-17,2020081701014913,ACLBSL,34,58,10,707.00,"7,070.00"
2020-08-17,2020081701014912,ACLBSL,34,43,10,707.00,"7,070.00"
2020-08-17,2020081701014923,ACLBSL,34,42,10,710.00,"7,100.00"
2020-08-17,2020081701014922,ACLBSL,34,51,40,710.00,"28,400.00"
2020-08-17,2020081701014921,ACLBSL,34,37,10,710.00,"7,100.00"
2020-08-17,2020081701014920,ACLBSL,34,41,100,710.00,"71,000.00"
2020-08-17,2020081701014919,ACLBSL,34,45,10,710.00,"7,100.00"
2020-08-17,2020081701014918,ACLBSL,34,45,20,709.00,"14,180.00"
2020-08-17,2020081701014929,ACLBSL,34,14,30,718.00,"21,540.00"
2020-08-17,2020081701014928,ACLBSL,34,29,20,718.00,"14,360.00"
2020-08-17,2020081701014927,ACLBSL,34,46,10,715.00,"7,150.00"
2020-08-17,2020081701014926,ACLBSL,34,48,10,715.00,"7,150.00"
2020-08-17,2020081701014925,ACLBSL,34,22,10,714.00,"7,140.00"
2020-08-17,2020081701014924,ACLBSL,34,17,10,714.00,"7,140.00"
2020-08-17,2020081701014974,ACLBSL,34,48,20,719.00,"14,380.00"
2020-08-17,2020081701014973,ACLBSL,34,49,10,719.00,"7,190.00"
2020-08-17,2020081701014972,ACLBSL,34,25,50,718.00,"35,900.00"
2020-08-17,2020081701014971,ACLBSL,34,56,10,718.00,"7,180.00"
2020-08-17,2020081701014970,ACLBSL,34,14,70,718.00,"50,260.00"
2020-08-17,2020081701014969,ACLBSL,34,38,107,715.00,"76,505.00"
2020-08-17,2020081701014980,ACLBSL,34,45,40,722.00,"28,880.00"
2020-08-17,2020081701014979,ACLBSL,34,52,10,721.00,"7,210.00"
2020-08-17,2020081701014978,ACLBSL,34,14,95,721.00,"68,495.00"
2020-08-17,2020081701014977,ACLBSL,34,47,20,721.00,"14,420.00"
2020-08-17,2020081701014976,ACLBSL,34,52,10,720.00,"7,200.00"
2020-08-17,2020081701014975,ACLBSL,34,42,10,719.00,"7,190.00"
2020-08-17,2020081701015216,ADBL,8,55,100,411.00,"41,100.00"
2020-08-17,2020081701015172,ADBL,42,55,100,411.00,"41,100.00"
2020-08-17,2020081701015171,ADBL,14,55,100,411.00,"41,100.00"
2020-08-17,2020081701015157,ADBL,14,6,100,411.00,"41,100.00"
2020-08-17,2020081701015115,ADBL,14,55,300,411.00,"123,300.00"
2020-08-17,2020081701014789,ADBL,33,55,50,412.00,"20,600.00"
2020-08-17,2020081701014749,ADBL,4,11,40,413.00,"16,520.00"
2020-08-17,2020081701014748,ADBL,35,11,50,413.00,"20,650.00"
2020-08-17,2020081701014790,ADBL,17,55,50,412.00,"20,600.00"
2020-08-17,2020081701014873,ADBL,17,55,86,412.00,"35,432.00"
2020-08-17,2020081701014825,ADBL,17,55,100,412.00,"41,200.00"
2020-08-17,2020081701015033,ADBL,49,55,129,411.00,"53,019.00"
2020-08-17,2020081701014988,ADBL,33,55,50,412.00,"20,600.00"
2020-08-17,2020081701015147,AIL,38,47,10,491.00,"4,910.00"
2020-08-17,2020081701015110,AIL,38,13,10,491.00,"4,910.00"
2020-08-17,2020081701015106,AIL,38,47,10,491.00,"4,910.00"
2020-08-17,2020081701015082,AIL,43,47,10,492.00,"4,920.00"
2020-08-17,2020081701015079,AIL,43,47,10,492.00,"4,920.00"
2020-08-17,2020081701015078,AIL,43,37,10,492.00,"4,920.00"
2020-08-17,2020081701014752,AIL,52,13,10,490.00,"4,900.00"
2020-08-17,2020081701014742,AIL,52,50,10,490.00,"4,900.00"
2020-08-17,2020081701015008,AIL,42,51,10,491.00,"4,910.00"
2020-08-17,2020081701015007,AIL,42,51,10,491.00,"4,910.00"
2020-08-17,2020081701014996,AIL,52,47,10,490.00,"4,900.00"
2020-08-17,2020081701014849,AIL,45,13,10,492.00,"4,920.00"
2020-08-17,2020081701014769,AIL,52,52,10,490.00,"4,900.00"
2020-08-17,2020081701014757,AIL,52,54,10,490.00,"4,900.00"
2020-08-17,2020081701015059,AIL,43,13,10,492.00,"4,920.00"
2020-08-17,2020081701015058,AIL,43,13,10,492.00,"4,920.00"
2020-08-17,2020081701015035,AIL,38,51,10,491.00,"4,910.00"
2020-08-17,2020081701015034,AIL,52,47,10,490.00,"4,900.00"
2020-08-17,2020081701015014,AIL,52,47,10,490.00,"4,900.00"
2020-08-17,2020081701015009,AIL,42,56,10,492.00,"4,920.00"
2020-08-17,2020081701015065,AIL,43,5,10,492.00,"4,920.00"
2020-08-17,2020081701015064,AIL,43,45,10,492.00,"4,920.00"
2020-08-17,2020081701015063,AIL,43,36,10,492.00,"4,920.00"
2020-08-17,2020081701015062,AIL,43,38,10,492.00,"4,920.00"
2020-08-17,2020081701015061,AIL,43,6,10,492.00,"4,920.00"
2020-08-17,2020081701015060,AIL,43,6,10,492.00,"4,920.00"
2020-08-17,2020081701015071,AIL,43,43,10,492.00,"4,920.00"
2020-08-17,2020081701015070,AIL,43,21,10,492.00,"4,920.00"
2020-08-17,2020081701015069,AIL,43,21,10,492.00,"4,920.00"
2020-08-17,2020081701015068,AIL,43,21,10,492.00,"4,920.00"
2020-08-17,2020081701015067,AIL,43,35,10,492.00,"4,920.00"
2020-08-17,2020081701015066,AIL,43,14,10,492.00,"4,920.00"
2020-08-17,2020081701015077,AIL,43,54,10,492.00,"4,920.00"
2020-08-17,2020081701015076,AIL,43,41,10,492.00,"4,920.00"
2020-08-17,2020081701015075,AIL,43,59,10,492.00,"4,920.00"
2020-08-17,2020081701015074,AIL,43,47,10,492.00,"4,920.00"
2020-08-17,2020081701015073,AIL,43,43,10,492.00,"4,920.00"
2020-08-17,2020081701015072,AIL,43,43,10,492.00,"4,920.00"
2020-08-17,2020081701015168,AKJCL,48,13,20,52.00,"1,040.00"
2020-08-17,2020081701014904,AKJCL,48,13,20,52.00,"1,040.00"
2020-08-17,2020081701014821,AKPL,8,41,13,113.00,"1,469.00"
2020-08-17,2020081701014747,AKPL,14,17,10,115.00,"1,150.00"
2020-08-17,2020081701014782,ALBSL,41,13,11,647.00,"7,117.00"
2020-08-17,2020081701015197,ALICL,37,57,30,640.00,"19,200.00"
2020-08-17,2020081701015180,ALICL,37,45,20,640.00,"12,800.00"
2020-08-17,2020081701015091,ALICL,37,59,100,640.00,"64,000.00"
2020-08-17,2020081701014986,BFC,19,45,150,102.00,"15,300.00"
2020-08-17,2020081701015092,BOKL,14,10,50,226.00,"11,300.00"
2020-08-17,2020081701015084,BOKL,48,11,50,227.00,"11,350.00"
2020-08-17,2020081701015011,BPCL,13,25,360,363.00,"130,680.00"
2020-08-17,2020081701015010,BPCL,13,14,140,362.00,"50,680.00"
2020-08-17,2020081701014967,BPCL,41,14,10,362.00,"3,620.00"
2020-08-17,2020081701014847,CBBL,10,44,50,"1,033.00","51,650.00"
2020-08-17,2020081701014798,CBBL,3,44,49,"1,032.00","50,568.00"
2020-08-17,2020081701014934,CBL,33,17,821,145.00,"119,045.00"
2020-08-17,2020081701014933,CBL,33,46,800,145.00,"116,000.00"
