Date,Transact. No.,Symbol,Buyer,Seller,Quantity,Rate,Amount
2019-06-17,2019061701005900,ADBL,58,4,42,403.00,"16,926.00"
2019-06-17,2019061701005899,ADBL,49,4,88,404.00,"35,552.00"
2019-06-17,2019061701005898,ADBL,58,4,862,404.00,"348,248.00"
2019-06-17,2019061701005783,ADBL,58,49,38,404.00,"15,352.00"
2019-06-17,2019061701005709,ADBL,58,45,100,404.00,"40,400.00"
2019-06-17,2019061701006007,AHPC,26,7,122,111.00,"13,542.00"
2019-06-17,2019061701006006,AHPC,26,3,170,110.00,"18,700.00"
2019-06-17,2019061701006005,AHPC,26,47,108,110.00,"11,880.00"
2019-06-17,2019061701005840,AKPL,28,57,13,181.00,"2,353.00"
2019-06-17,2019061701006042,ALBSL,40,5,10,404.00,"4,040.00"
2019-06-17,2019061701005760,ALICL,34,57,100,393.00,"39,300.00"
2019-06-17,2019061701006114,API,25,46,28,149.00,"4,172.00"
2019-06-17,2019061701005944,API,44,44,1,146.00,146.00
2019-06-17,2019061701005936,API,25,52,100,148.00,"14,800.00"
2019-06-17,2019061701005935,API,25,49,18,148.00,"2,664.00"
2019-06-17,2019061701005890,API,44,44,1,146.00,146.00
2019-06-17,2019061701005886,API,52,4,54,146.00,"7,884.00"
2019-06-17,2019061701005801,API,44,4,10,147.00,"1,470.00"
2019-06-17,2019061701005778,API,44,57,17,146.00,"2,482.00"
2019-06-17,2019061701005860,BNT,51,42,10,"6,605.00","66,050.00"
2019-06-17,2019061701005859,BNT,51,42,10,"6,605.00","66,050.00"
2019-06-17,2019061701006125,BOKL,46,8,100,264.00,"26,400.00"
2019-06-17,2019061701006013,BOKL,33,36,70,263.00,"18,410.00"
2019-06-17,2019061701006012,BOKL,42,36,40,263.00,"10,520.00"
2019-06-17,2019061701006011,BOKL,48,36,500,263.00,"131,500.00"
2019-06-17,2019061701006010,BOKL,40,36,390,263.00,"102,570.00"
2019-06-17,2019061701005947,BOKL,40,25,"1,000",263.00,"263,000.00"
2019-06-17,2019061701006046,BPCL,33,49,10,406.00,"4,060.00"
2019-06-17,2019061701006056,CBBL,19,48,200,928.00,"185,600.00"
2019-06-17,2019061701005819,CBBL,19,6,200,928.00,"185,600.00"
2019-06-17,2019061701006050,CBL,43,49,10,146.00,"1,460.00"
2019-06-17,2019061701006008,CBL,56,35,50,145.00,"7,250.00"
2019-06-17,2019061701005946,CBL,14,49,93,146.00,"13,578.00"
2019-06-17,2019061701005737,CBL,35,49,100,146.00,"14,600.00"
2019-06-17,2019061701006063,CCBL,25,33,75,166.00,"12,450.00"
2019-06-17,2019061701006062,CCBL,25,39,281,166.00,"46,646.00"
2019-06-17,2019061701006061,CCBL,25,45,20,166.00,"3,320.00"
2019-06-17,2019061701006060,CCBL,25,57,414,166.00,"68,724.00"
2019-06-17,2019061701006059,CCBL,25,45,210,166.00,"34,860.00"
2019-06-17,2019061701005857,CCBL,36,58,230,165.00,"37,950.00"
2019-06-17,2019061701005856,CCBL,26,58,170,165.00,"28,050.00"
2019-06-17,2019061701005816,CCBL,26,48,583,165.00,"96,195.00"
2019-06-17,2019061701005787,CCBL,35,45,100,166.00,"16,600.00"
2019-06-17,2019061701005742,CCBL,26,35,260,165.00,"42,900.00"
2019-06-17,2019061701005858,CHCL,6,26,429,511.00,"219,219.00"
2019-06-17,2019061701005825,CIT,5,22,50,"2,514.00","125,700.00"
2019-06-17,2019061701005824,CIT,25,14,10,"2,505.00","25,050.00"
2019-06-17,2019061701005823,CIT,25,14,10,"2,505.00","25,050.00"
2019-06-17,2019061701005822,CIT,42,14,10,"2,505.00","25,050.00"
2019-06-17,2019061701005821,CIT,34,14,15,"2,506.00","37,590.00"
2019-06-17,2019061701005820,CIT,18,14,50,"2,507.00","125,350.00"
2019-06-17,2019061701006047,CORBL,45,59,10,124.00,"1,240.00"
2019-06-17,2019061701005670,CORBL,43,48,200,122.00,"24,400.00"
2019-06-17,2019061701006083,DBBL,45,8,10,146.00,"1,460.00"
2019-06-17,2019061701005851,DBBL,45,48,975,145.00,"141,375.00"
2019-06-17,2019061701005848,DDBL,49,6,112,695.00,"77,840.00"
2019-06-17,2019061701005847,DDBL,47,6,38,695.00,"26,410.00"
2019-06-17,2019061701006082,EBL,14,22,50,657.00,"32,850.00"
2019-06-17,2019061701005664,EBL,49,42,480,658.00,"315,840.00"
2019-06-17,2019061701005811,EBL,56,6,49,656.00,"32,144.00"
2019-06-17,2019061701005810,EBL,14,6,220,656.00,"144,320.00"
2019-06-17,2019061701005809,EBL,35,6,20,657.00,"13,140.00"
2019-06-17,2019061701005808,EBL,43,6,200,657.00,"131,400.00"
2019-06-17,2019061701005807,EBL,58,6,10,657.00,"6,570.00"
2019-06-17,2019061701006146,FOWAD,34,55,10,"1,325.00","13,250.00"
2019-06-17,2019061701006145,FOWAD,43,55,190,"1,326.00","251,940.00"
2019-06-17,2019061701005888,FOWAD,43,34,10,"1,326.00","13,260.00"
2019-06-17,2019061701005837,FOWAD,43,7,85,"1,330.00","113,050.00"
2019-06-17,2019061701005790,FOWAD,21,21,1,"1,304.00","1,304.00"
2019-06-17,2019061701005789,FOWAD,1,7,15,"1,330.00","19,950.00"
2019-06-17,2019061701005746,FOWAD,56,7,60,"1,331.00","79,860.00"
2019-06-17,2019061701005752,FOWAD,56,7,19,"1,330.00","25,270.00"
2019-06-17,2019061701005751,FOWAD,57,7,31,"1,330.00","41,230.00"
2019-06-17,2019061701005750,FOWAD,25,7,10,"1,330.00","13,300.00"
2019-06-17,2019061701005749,FOWAD,25,7,10,"1,330.00","13,300.00"
2019-06-17,2019061701005748,FOWAD,25,7,10,"1,330.00","13,300.00"
2019-06-17,2019061701005747,FOWAD,46,7,10,"1,330.00","13,300.00"
2019-06-17,2019061701006051,GBBL,1,34,241,225.00,"54,225.00"
2019-06-17,2019061701005998,GBBL,1,47,555,225.00,"124,875.00"
2019-06-17,2019061701005929,GBBL,1,52,213,225.00,"47,925.00"
2019-06-17,2019061701005785,GBBL,1,45,80,225.00,"18,000.00"
2019-06-17,2019061701005770,GBBL,1,6,200,225.00,"45,000.00"
2019-06-17,2019061701006049,GBIME,58,11,700,296.00,"207,200.00"
2019-06-17,2019061701006024,GBIME,34,11,100,296.00,"29,600.00"
2019-06-17,2019061701006023,GBIME,49,11,100,296.00,"29,600.00"
2019-06-17,2019061701005921,GBIME,42,6,1,295.00,295.00
2019-06-17,2019061701005846,GBIME,58,22,82,295.00,"24,190.00"
2019-06-17,2019061701005901,GBLBS,19,44,50,352.00,"17,600.00"
2019-06-17,2019061701005665,GHL,55,4,20,82.00,"1,640.00"
2019-06-17,2019061701006064,GLICL,40,50,100,500.00,"50,000.00"
2019-06-17,2019061701005657,GUFL,28,1,121,123.00,"14,883.00"
2019-06-17,2019061701006132,HBL,49,52,50,558.00,"27,900.00"
2019-06-17,2019061701005667,HBL,49,52,25,558.00,"13,950.00"
2019-06-17,2019061701006111,HGI,22,34,10,366.00,"3,660.00"
2019-06-17,2019061701005915,IGI,17,49,34,387.00,"13,158.00"
2019-06-17,2019061701005917,IGI,42,49,262,385.00,"100,870.00"
2019-06-17,2019061701005916,IGI,32,49,50,386.00,"19,300.00"
2019-06-17,2019061701006052,JBNL,44,22,500,208.00,"104,000.00"
2019-06-17,2019061701005881,JBNL,28,22,100,208.00,"20,800.00"
2019-06-17,2019061701006148,JSLBB,51,5,100,893.00,"89,300.00"
2019-06-17,2019061701006147,JSLBB,51,43,30,890.00,"26,700.00"
2019-06-17,2019061701005885,KADBL,5,21,100,190.00,"19,000.00"
2019-06-17,2019061701006080,KBBL,32,34,"1,000",235.00,"235,000.00"
2019-06-17,2019061701006079,KBBL,32,33,500,235.00,"117,500.00"
2019-06-17,2019061701006078,KBBL,32,33,"1,500",235.00,"352,500.00"
2019-06-17,2019061701006077,KBBL,32,47,30,235.00,"7,050.00"
2019-06-17,2019061701006001,KBBL,1,37,105,234.00,"24,570.00"
2019-06-17,2019061701005850,KBBL,32,33,107,234.00,"25,038.00"
2019-06-17,2019061701005849,KBBL,32,34,200,234.00,"46,800.00"
2019-06-17,2019061701005774,KBBL,1,34,500,234.00,"117,000.00"
2019-06-17,2019061701005773,KBBL,22,34,300,234.00,"70,200.00"
2019-06-17,2019061701005689,KBBL,1,4,"1,000",234.00,"234,000.00"
2019-06-17,2019061701006120,KBL,42,8,35,213.00,"7,455.00"
2019-06-17,2019061701006119,KBL,42,47,15,213.00,"3,195.00"
2019-06-17,2019061701006065,KBL,25,5,"1,050",212.00,"222,600.00"
2019-06-17,2019061701005940,KBL,6,5,100,212.00,"21,200.00"
2019-06-17,2019061701005939,KBL,38,5,850,212.00,"180,200.00"
2019-06-17,2019061701005938,KBL,38,25,150,212.00,"31,800.00"
2019-06-17,2019061701005853,KBL,38,25,"1,000",212.00,"212,000.00"
2019-06-17,2019061701005852,KBL,38,25,450,212.00,"95,400.00"
2019-06-17,2019061701005842,KBL,38,38,200,212.00,"42,400.00"
2019-06-17,2019061701005925,KKHC,39,52,10,69.00,690.00
2019-06-17,2019061701005805,KPCL,17,42,15,93.00,"1,395.00"
2019-06-17,2019061701005895,KSBBL,58,47,200,152.00,"30,400.00"
2019-06-17,2019061701006131,LBBL,33,29,10,198.00,"1,980.00"
2019-06-17,2019061701005692,LBBL,58,59,197,196.00,"38,612.00"
2019-06-17,2019061701005698,LBBL,32,59,150,195.00,"29,250.00"
2019-06-17,2019061701005697,LBBL,58,59,300,195.00,"58,500.00"
2019-06-17,2019061701005696,LBBL,33,59,500,195.00,"97,500.00"
2019-06-17,2019061701005695,LBBL,17,59,100,195.00,"19,500.00"
2019-06-17,2019061701005694,LBBL,34,59,20,195.00,"3,900.00"
2019-06-17,2019061701005693,LBBL,33,59,"1,000",196.00,"196,000.00"
2019-06-17,2019061701005703,LBBL,40,59,"1,380",195.00,"269,100.00"
2019-06-17,2019061701005702,LBBL,32,59,100,195.00,"19,500.00"
2019-06-17,2019061701005701,LBBL,41,59,10,195.00,"1,950.00"
2019-06-17,2019061701005700,LBBL,5,59,350,195.00,"68,250.00"
2019-06-17,2019061701005699,LBBL,43,59,100,195.00,"19,500.00"
2019-06-17,2019061701005962,LBBL,17,33,200,195.00,"39,000.00"
2019-06-17,2019061701005961,LBBL,59,33,300,195.00,"58,500.00"
2019-06-17,2019061701005960,LBBL,40,33,620,195.00,"120,900.00"
2019-06-17,2019061701006036,LBBL,33,33,"2,206",195.00,"430,170.00"
2019-06-17,2019061701006028,LBBL,34,33,"1,000",195.00,"195,000.00"
2019-06-17,2019061701006015,LBBL,34,33,500,195.00,"97,500.00"
2019-06-17,2019061701006000,LBL,14,37,200,218.00,"43,600.00"
2019-06-17,2019061701005868,LBL,58,38,100,218.00,"21,800.00"
2019-06-17,2019061701005786,LGIL,55,49,90,450.00,"40,500.00"
2019-06-17,2019061701005686,LGIL,43,4,18,448.00,"8,064.00"
2019-06-17,2019061701005685,LGIL,19,4,32,450.00,"14,400.00"
2019-06-17,2019061701005976,LICN,25,25,10,"1,637.00","16,370.00"
2019-06-17,2019061701005813,LICN,28,28,106,"1,606.00","170,236.00"
2019-06-17,2019061701006137,MBL,48,49,703,266.00,"186,998.00"
2019-06-17,2019061701006045,MBL,48,17,88,266.00,"23,408.00"
2019-06-17,2019061701006044,MBL,34,17,200,266.00,"53,200.00"
2019-06-17,2019061701006043,MBL,14,17,212,266.00,"56,392.00"
2019-06-17,2019061701006031,MBL,44,49,300,267.00,"80,100.00"
2019-06-17,2019061701005927,MBL,35,49,"1,000",267.00,"267,000.00"
2019-06-17,2019061701005867,MBL,14,48,288,266.00,"76,608.00"
2019-06-17,2019061701005866,MBL,42,48,77,266.00,"20,482.00"
2019-06-17,2019061701006081,MDB,47,5,90,236.00,"21,240.00"
2019-06-17,2019061701005887,MDB,55,5,40,240.00,"9,600.00"
2019-06-17,2019061701005753,MDB,47,1,110,236.00,"25,960.00"
2019-06-17,2019061701006088,MEGA,13,33,200,202.00,"40,400.00"
2019-06-17,2019061701006085,MEGA,45,48,50,201.00,"10,050.00"
2019-06-17,2019061701006084,MEGA,39,48,700,201.00,"140,700.00"
2019-06-17,2019061701005951,MEGA,6,33,100,202.00,"20,200.00"
2019-06-17,2019061701005930,MEGA,39,35,300,201.00,"60,300.00"
2019-06-17,2019061701005889,MEGA,39,25,500,201.00,"100,500.00"
2019-06-17,2019061701005761,MEGA,4,38,50,201.00,"10,050.00"
2019-06-17,2019061701005754,MEGA,4,38,50,201.00,"10,050.00"
2019-06-17,2019061701005744,MEGA,4,38,50,201.00,"10,050.00"
2019-06-17,2019061701005739,MEGA,4,38,50,201.00,"10,050.00"
2019-06-17,2019061701005730,MEGA,4,38,50,201.00,"10,050.00"
2019-06-17,2019061701005726,MEGA,4,38,50,201.00,"10,050.00"
2019-06-17,2019061701005799,MEGA,4,38,50,201.00,"10,050.00"
2019-06-17,2019061701005792,MEGA,4,38,50,201.00,"10,050.00"
2019-06-17,2019061701005784,MEGA,4,38,50,201.00,"10,050.00"
2019-06-17,2019061701005781,MEGA,4,38,50,201.00,"10,050.00"
2019-06-17,2019061701005779,MEGA,4,38,50,201.00,"10,050.00"
2019-06-17,2019061701005772,MEGA,4,38,50,201.00,"10,050.00"
2019-06-17,2019061701005872,MEGA,39,55,400,201.00,"80,400.00"
2019-06-17,2019061701005871,MEGA,39,51,100,201.00,"20,100.00"
2019-06-17,2019061701005870,MEGA,39,38,460,201.00,"92,460.00"
2019-06-17,2019061701005838,MEGA,35,38,100,201.00,"20,100.00"
2019-06-17,2019061701005818,MEGA,4,38,50,201.00,"10,050.00"
2019-06-17,2019061701005806,MEGA,4,38,50,201.00,"10,050.00"
2019-06-17,2019061701005878,MEGA,39,17,100,201.00,"20,100.00"
2019-06-17,2019061701005877,MEGA,39,49,167,201.00,"33,567.00"
2019-06-17,2019061701005876,MEGA,39,32,300,201.00,"60,300.00"
2019-06-17,2019061701005875,MEGA,39,58,255,201.00,"51,255.00"
2019-06-17,2019061701005874,MEGA,39,55,40,201.00,"8,040.00"
2019-06-17,2019061701005873,MEGA,39,16,100,201.00,"20,100.00"
2019-06-17,2019061701006153,MERO,34,34,10,548.00,"5,480.00"
2019-06-17,2019061701005949,MLBL,28,53,"2,000",192.00,"384,000.00"
2019-06-17,2019061701005948,MLBL,59,53,"4,000",193.00,"772,000.00"
2019-06-17,2019061701005928,MLBL,59,38,77,193.00,"14,861.00"
2019-06-17,2019061701006070,MNBBL,49,8,50,369.00,"18,450.00"
2019-06-17,2019061701006069,MNBBL,1,8,"1,000",369.00,"369,000.00"
2019-06-17,2019061701006068,MNBBL,34,8,50,369.00,"18,450.00"
2019-06-17,2019061701006067,MNBBL,47,8,500,369.00,"184,500.00"
2019-06-17,2019061701006066,MNBBL,34,8,50,370.00,"18,500.00"
2019-06-17,2019061701005913,MNBBL,58,8,200,371.00,"74,200.00"
2019-06-17,2019061701005984,MNBBL,16,8,500,370.00,"185,000.00"
2019-06-17,2019061701005983,MNBBL,28,8,47,370.00,"17,390.00"
2019-06-17,2019061701005982,MNBBL,16,8,184,370.00,"68,080.00"
2019-06-17,2019061701005990,MNBBL,14,8,200,370.00,"74,000.00"
2019-06-17,2019061701005989,MNBBL,45,8,200,370.00,"74,000.00"
2019-06-17,2019061701005988,MNBBL,48,8,100,370.00,"37,000.00"
2019-06-17,2019061701005987,MNBBL,3,8,50,370.00,"18,500.00"
2019-06-17,2019061701005986,MNBBL,57,8,50,370.00,"18,500.00"
2019-06-17,2019061701005985,MNBBL,42,8,40,370.00,"14,800.00"
2019-06-17,2019061701005993,MNBBL,25,8,790,370.00,"292,300.00"
2019-06-17,2019061701005992,MNBBL,32,8,200,370.00,"74,000.00"
2019-06-17,2019061701005991,MNBBL,6,8,35,370.00,"12,950.00"
2019-06-17,2019061701005839,MSLB,5,1,23,850.00,"19,550.00"
2019-06-17,2019061701005690,MSLB,5,17,8,843.00,"6,744.00"
2019-06-17,2019061701005688,NABIL,3,40,10,816.00,"8,160.00"
2019-06-17,2019061701005687,NABIL,3,33,50,813.00,"40,650.00"
2019-06-17,2019061701005971,NABILP,35,6,41,798.00,"32,718.00"
2019-06-17,2019061701005970,NABILP,35,6,40,798.00,"31,920.00"
2019-06-17,2019061701005969,NABILP,35,6,50,798.00,"39,900.00"
2019-06-17,2019061701005968,NABILP,3,6,100,799.00,"79,900.00"
2019-06-17,2019061701005967,NABILP,28,6,100,799.00,"79,900.00"
2019-06-17,2019061701005833,NABILP,8,6,49,800.00,"39,200.00"
2019-06-17,2019061701005832,NABILP,28,6,50,800.00,"40,000.00"
2019-06-17,2019061701005831,NABILP,4,6,50,801.00,"40,050.00"
2019-06-17,2019061701005793,NAGRO,35,6,10,365.00,"3,650.00"
2019-06-17,2019061701006030,NBB,13,58,267,222.00,"59,274.00"
2019-06-17,2019061701005997,NBB,6,38,200,223.00,"44,600.00"
2019-06-17,2019061701005996,NBB,6,58,300,223.00,"66,900.00"
2019-06-17,2019061701005863,NBB,58,45,360,222.00,"79,920.00"
2019-06-17,2019061701005862,NBB,58,40,200,222.00,"44,400.00"
2019-06-17,2019061701005861,NBB,58,34,"1,187",222.00,"263,514.00"
2019-06-17,2019061701006151,NBL,33,16,100,324.00,"32,400.00"
2019-06-17,2019061701006143,NBL,44,43,430,323.00,"138,890.00"
2019-06-17,2019061701006142,NBL,20,43,500,323.00,"161,500.00"
2019-06-17,2019061701006141,NBL,32,43,70,323.00,"22,610.00"
2019-06-17,2019061701006108,NBL,44,16,850,324.00,"275,400.00"
2019-06-17,2019061701006106,NBL,44,41,150,324.00,"48,600.00"
2019-06-17,2019061701005775,NBL,52,54,200,324.00,"64,800.00"
2019-06-17,2019061701005757,NBL,32,6,380,323.00,"122,740.00"
2019-06-17,2019061701005756,NBL,59,6,20,323.00,"6,460.00"
2019-06-17,2019061701005755,NBL,35,6,100,323.00,"32,300.00"
2019-06-17,2019061701006105,NBL,34,41,100,324.00,"32,400.00"
2019-06-17,2019061701006104,NBL,37,41,50,324.00,"16,200.00"
2019-06-17,2019061701005942,NBL,37,45,250,324.00,"81,000.00"
2019-06-17,2019061701005941,NBL,37,54,700,324.00,"226,800.00"
2019-06-17,2019061701005854,NBL,42,54,100,324.00,"32,400.00"
2019-06-17,2019061701005788,NBL,32,49,50,323.00,"16,150.00"
2019-06-17,2019061701006118,NCCB,34,1,20,257.00,"5,140.00"
2019-06-17,2019061701006117,NCCB,6,1,500,257.00,"128,500.00"
2019-06-17,2019061701006112,NCCB,33,1,100,257.00,"25,700.00"
2019-06-17,2019061701006090,NCCB,37,6,480,255.00,"122,400.00"
2019-06-17,2019061701006087,NCCB,6,1,20,257.00,"5,140.00"
2019-06-17,2019061701006086,NCCB,6,17,480,256.00,"122,880.00"
2019-06-17,2019061701006058,NCCB,34,17,20,256.00,"5,120.00"
2019-06-17,2019061701006022,NCCB,34,1,20,257.00,"5,140.00"
2019-06-17,2019061701006020,NCCB,56,1,10,257.00,"2,570.00"
2019-06-17,2019061701005676,NCCB,37,29,250,255.00,"63,750.00"
2019-06-17,2019061701005662,NCCB,8,57,200,256.00,"51,200.00"
2019-06-17,2019061701005891,NGPL,17,1,10,121.00,"1,210.00"
2019-06-17,2019061701006152,NHPC,56,48,270,67.00,"18,090.00"
2019-06-17,2019061701006121,NHPC,52,48,"1,000",68.00,"68,000.00"
2019-06-17,2019061701006115,NHPC,38,48,100,68.00,"6,800.00"
2019-06-17,2019061701005926,NHPC,58,48,550,68.00,"37,400.00"
2019-06-17,2019061701005879,NHPC,39,48,80,68.00,"5,440.00"
2019-06-17,2019061701005711,NHPC,56,48,"1,000",68.00,"68,000.00"
2019-06-17,2019061701006035,NIB,13,38,100,527.00,"52,700.00"
2019-06-17,2019061701005864,NIB,11,38,50,527.00,"26,350.00"
2019-06-17,2019061701005803,NIB,34,48,20,528.00,"10,560.00"
2019-06-17,2019061701005708,NIB,19,28,23,526.00,"12,098.00"
2019-06-17,2019061701005707,NIB,56,28,280,526.00,"147,280.00"
2019-06-17,2019061701005706,NIB,13,28,"1,016",526.00,"534,416.00"
2019-06-17,2019061701005705,NIB,48,28,300,527.00,"158,100.00"
2019-06-17,2019061701005704,NIB,6,28,498,527.00,"262,446.00"
2019-06-17,2019061701006017,NIBPO,13,49,183,480.00,"87,840.00"
2019-06-17,2019061701006016,NIBPO,25,49,17,480.00,"8,160.00"
2019-06-17,2019061701005797,NIBPO,25,4,83,480.00,"39,840.00"
2019-06-17,2019061701005796,NIBPO,6,4,281,480.00,"134,880.00"
2019-06-17,2019061701006019,NICA,59,38,28,454.00,"12,712.00"
2019-06-17,2019061701006018,NICA,54,38,172,454.00,"78,088.00"
2019-06-17,2019061701005977,NICA,59,54,10,456.00,"4,560.00"
2019-06-17,2019061701005912,NICA,54,53,"1,828",454.00,"829,912.00"
2019-06-17,2019061701005911,NICA,25,53,100,454.00,"45,400.00"
2019-06-17,2019061701005910,NICA,25,53,100,454.00,"45,400.00"
2019-06-17,2019061701005815,NICA,52,16,150,456.00,"68,400.00"
2019-06-17,2019061701005814,NICA,8,16,30,456.00,"13,680.00"
2019-06-17,2019061701005798,NICA,8,22,170,456.00,"77,520.00"
2019-06-17,2019061701005780,NICA,59,53,10,457.00,"4,570.00"
2019-06-17,2019061701005903,NICA,52,53,500,455.00,"227,500.00"
2019-06-17,2019061701005902,NICA,52,53,52,455.00,"23,660.00"
2019-06-17,2019061701005894,NICA,52,8,201,455.00,"91,455.00"
2019-06-17,2019061701005893,NICA,11,8,50,456.00,"22,800.00"
2019-06-17,2019061701005892,NICA,49,8,49,456.00,"22,344.00"
2019-06-17,2019061701005836,NICA,49,16,10,456.00,"4,560.00"
2019-06-17,2019061701005909,NICA,29,53,"3,000",454.00,"1,362,000.00"
2019-06-17,2019061701005908,NICA,28,53,100,454.00,"45,400.00"
2019-06-17,2019061701005907,NICA,28,53,200,454.00,"90,800.00"
2019-06-17,2019061701005906,NICA,39,53,10,455.00,"4,550.00"
2019-06-17,2019061701005905,NICA,28,53,100,455.00,"45,500.00"
2019-06-17,2019061701005904,NICA,53,53,"2,000",455.00,"910,000.00"
2019-06-17,2019061701006034,NICL,42,17,490,366.00,"179,340.00"
2019-06-17,2019061701006021,NICL,43,17,10,366.00,"3,660.00"
2019-06-17,2019061701005945,NICL,40,17,100,364.00,"36,400.00"
2019-06-17,2019061701006110,NIL,39,45,10,495.00,"4,950.00"
2019-06-17,2019061701005959,NIL,40,45,200,490.00,"98,000.00"
2019-06-17,2019061701005812,NLIC,34,6,30,904.00,"27,120.00"
2019-06-17,2019061701005769,NLIC,14,6,50,904.00,"45,200.00"
2019-06-17,2019061701005768,NLIC,44,6,50,904.00,"45,200.00"
2019-06-17,2019061701005767,NLIC,44,6,50,904.00,"45,200.00"
2019-06-17,2019061701005766,NLIC,44,6,50,904.00,"45,200.00"
2019-06-17,2019061701005765,NLIC,44,6,100,904.00,"90,400.00"
2019-06-17,2019061701005731,NLIC,34,6,50,905.00,"45,250.00"
2019-06-17,2019061701005663,NLIC,55,26,16,905.00,"14,480.00"
2019-06-17,2019061701005764,NLIC,51,6,100,904.00,"90,400.00"
2019-06-17,2019061701005763,NLIC,21,6,30,904.00,"27,120.00"
2019-06-17,2019061701005762,NLIC,20,6,140,904.00,"126,560.00"
2019-06-17,2019061701005738,NLIC,20,16,17,904.00,"15,368.00"
2019-06-17,2019061701005733,NLIC,20,6,325,904.00,"293,800.00"
2019-06-17,2019061701005732,NLIC,56,6,15,904.00,"13,560.00"
2019-06-17,2019061701006033,NLICL,43,59,10,627.00,"6,270.00"
2019-06-17,2019061701005668,NMBMF,38,16,35,953.00,"33,355.00"
2019-06-17,2019061701005931,NTC,59,6,10,695.00,"6,950.00"
2019-06-17,2019061701005897,NTC,33,57,130,691.00,"89,830.00"
2019-06-17,2019061701005896,NTC,25,57,50,691.00,"34,550.00"
2019-06-17,2019061701005835,NTC,53,43,300,693.00,"207,900.00"
2019-06-17,2019061701005794,NTC,41,43,100,693.00,"69,300.00"
2019-06-17,2019061701006098,PCBL,42,40,985,290.00,"285,650.00"
2019-06-17,2019061701006097,PCBL,42,58,100,290.00,"29,000.00"
2019-06-17,2019061701006096,PCBL,42,20,165,290.00,"47,850.00"
2019-06-17,2019061701006095,PCBL,42,41,220,290.00,"63,800.00"
2019-06-17,2019061701005999,PCBL,16,20,100,290.00,"29,000.00"
2019-06-17,2019061701005830,PCBL,7,20,200,290.00,"58,000.00"
2019-06-17,2019061701006126,PIC,35,52,10,"1,014.00","10,140.00"
2019-06-17,2019061701005933,PIC,19,16,11,"1,010.00","11,110.00"
2019-06-17,2019061701005932,PIC,19,38,11,"1,010.00","11,110.00"
2019-06-17,2019061701005684,PIC,34,34,11,"1,009.00","11,099.00"
2019-06-17,2019061701006122,PICL,7,17,500,581.00,"290,500.00"
2019-06-17,2019061701006109,PICL,6,17,20,588.00,"11,760.00"
2019-06-17,2019061701005918,PLIC,45,35,50,440.00,"22,000.00"
2019-06-17,2019061701006154,PMHPL,17,41,10,113.00,"1,130.00"
2019-06-17,2019061701005804,PPCL,14,57,20,136.00,"2,720.00"
2019-06-17,2019061701005771,PPCL,14,18,10,136.00,"1,360.00"
2019-06-17,2019061701005671,PPCL,14,36,30,136.00,"4,080.00"
2019-06-17,2019061701005745,PRIN,42,49,14,378.00,"5,292.00"
2019-06-17,2019061701005714,PRIN,53,49,400,379.00,"151,600.00"
2019-06-17,2019061701005713,PRIN,29,49,50,379.00,"18,950.00"
2019-06-17,2019061701005712,PRIN,25,49,36,379.00,"13,644.00"
2019-06-17,2019061701006140,PRVU,25,45,"1,030",266.00,"273,980.00"
2019-06-17,2019061701006127,PRVU,25,45,500,266.00,"133,000.00"
2019-06-17,2019061701006089,PRVU,50,45,"1,000",266.00,"266,000.00"
2019-06-17,2019061701006057,PRVU,56,45,100,266.00,"26,600.00"
2019-06-17,2019061701006048,PRVU,37,45,400,266.00,"106,400.00"
2019-06-17,2019061701006040,PRVU,47,25,550,265.00,"145,750.00"
2019-06-17,2019061701005718,PRVU,34,33,300,266.00,"79,800.00"
2019-06-17,2019061701005717,PRVU,35,33,100,266.00,"26,600.00"
2019-06-17,2019061701005716,PRVU,35,33,50,266.00,"13,300.00"
2019-06-17,2019061701005715,PRVU,35,33,59,266.00,"15,694.00"
2019-06-17,2019061701005724,PRVU,57,33,300,266.00,"79,800.00"
2019-06-17,2019061701005723,PRVU,28,33,500,266.00,"133,000.00"
2019-06-17,2019061701005722,PRVU,39,33,508,266.00,"135,128.00"
2019-06-17,2019061701005721,PRVU,57,33,15,266.00,"3,990.00"
2019-06-17,2019061701005720,PRVU,38,33,19,266.00,"5,054.00"
2019-06-17,2019061701005719,PRVU,35,33,100,266.00,"26,600.00"
2019-06-17,2019061701005828,PRVU,38,45,500,266.00,"133,000.00"
2019-06-17,2019061701005827,PRVU,5,45,"1,000",266.00,"266,000.00"
2019-06-17,2019061701005826,PRVU,14,45,470,266.00,"125,020.00"
2019-06-17,2019061701005795,PRVU,14,49,30,266.00,"7,980.00"
2019-06-17,2019061701005734,PRVU,49,34,700,267.00,"186,900.00"
2019-06-17,2019061701005725,PRVU,57,33,49,266.00,"13,034.00"
2019-06-17,2019061701005817,RBCL,45,6,14,"9,750.00","136,500.00"
2019-06-17,2019061701005958,RBCLPO,46,33,10,"8,894.00","88,940.00"
2019-06-17,2019061701005800,RMDC,49,49,"1,100",642.00,"706,200.00"
2019-06-17,2019061701005919,RRHP,22,44,10,108.00,"1,080.00"
2019-06-17,2019061701005710,RRHP,22,38,10,110.00,"1,100.00"
2019-06-17,2019061701005691,RRHP,22,21,20,109.00,"2,180.00"
2019-06-17,2019061701005841,RSDC,51,45,20,355.00,"7,100.00"
2019-06-17,2019061701005791,RSDC,40,58,50,353.00,"17,650.00"
2019-06-17,2019061701005776,RSDC,50,50,2,345.00,690.00
2019-06-17,2019061701005743,RSDC,50,50,8,345.00,"2,760.00"
2019-06-17,2019061701005880,SAEF,26,4,"1,000",9.51,"9,510.00"
2019-06-17,2019061701006128,SANIMA,25,59,200,346.00,"69,200.00"
2019-06-17,2019061701006101,SANIMA,14,26,300,347.00,"104,100.00"
2019-06-17,2019061701005943,SANIMA,34,26,216,347.00,"74,952.00"
2019-06-17,2019061701005922,SANIMA,56,26,"1,000",347.00,"347,000.00"
2019-06-17,2019061701005869,SANIMA,56,38,200,346.00,"69,200.00"
2019-06-17,2019061701005802,SANIMA,58,49,75,345.00,"25,875.00"
2019-06-17,2019061701005966,SBI,49,8,442,463.00,"204,646.00"
2019-06-17,2019061701005965,SBI,57,8,10,463.00,"4,630.00"
2019-06-17,2019061701005964,SBI,3,8,30,463.00,"13,890.00"
2019-06-17,2019061701005963,SBI,34,8,18,463.00,"8,334.00"
2019-06-17,2019061701006076,SBL,28,39,200,320.00,"64,000.00"
2019-06-17,2019061701006029,SBL,51,39,100,320.00,"32,000.00"
2019-06-17,2019061701005957,SBL,1,39,100,320.00,"32,000.00"
2019-06-17,2019061701005956,SBL,56,39,200,320.00,"64,000.00"
2019-06-17,2019061701005955,SBL,33,39,300,320.00,"96,000.00"
2019-06-17,2019061701005954,SBL,50,39,200,321.00,"64,200.00"
2019-06-17,2019061701006107,SDESI,58,45,20,548.00,"10,960.00"
2019-06-17,2019061701006075,SDESI,58,25,23,540.00,"12,420.00"
2019-06-17,2019061701006074,SDESI,58,34,100,540.00,"54,000.00"
2019-06-17,2019061701006073,SDESI,58,48,17,539.00,"9,163.00"
2019-06-17,2019061701005937,SEF,49,36,"2,000",9.59,"19,180.00"
2019-06-17,2019061701005661,SHINE,46,1,100,250.00,"25,000.00"
2019-06-17,2019061701005660,SHINE,26,1,50,250.00,"12,500.00"
2019-06-17,2019061701005659,SHINE,38,1,194,250.00,"48,500.00"
2019-06-17,2019061701005658,SHINE,41,1,47,251.00,"11,797.00"
2019-06-17,2019061701005759,SHINE,28,1,66,250.00,"16,500.00"
2019-06-17,2019061701005953,SHINE,38,1,50,248.00,"12,400.00"
2019-06-17,2019061701005952,SHINE,28,1,391,250.00,"97,750.00"
2019-06-17,2019061701006136,SHIVM,45,41,525,656.00,"344,400.00"
2019-06-17,2019061701006135,SHIVM,3,41,80,656.00,"52,480.00"
2019-06-17,2019061701006134,SHIVM,38,41,250,657.00,"164,250.00"
2019-06-17,2019061701006133,SHIVM,36,41,160,658.00,"105,280.00"
2019-06-17,2019061701006041,SHIVM,22,28,45,657.00,"29,565.00"
2019-06-17,2019061701005666,SHIVM,48,17,50,660.00,"33,000.00"
2019-06-17,2019061701006144,SHL,42,43,100,233.00,"23,300.00"
2019-06-17,2019061701005729,SHL,57,39,630,231.00,"145,530.00"
2019-06-17,2019061701005728,SHL,43,39,500,231.00,"115,500.00"
2019-06-17,2019061701005727,SHL,46,39,100,231.00,"23,100.00"
2019-06-17,2019061701006130,SHPC,40,49,108,255.00,"27,540.00"
2019-06-17,2019061701006129,SHPC,40,49,592,256.00,"151,552.00"
2019-06-17,2019061701006123,SHPC,40,43,950,256.00,"243,200.00"
2019-06-17,2019061701006103,SHPC,40,49,458,255.00,"116,790.00"
2019-06-17,2019061701006102,SHPC,25,49,42,255.00,"10,710.00"
2019-06-17,2019061701006038,SHPC,25,49,258,255.00,"65,790.00"
2019-06-17,2019061701006037,SHPC,28,49,242,255.00,"61,710.00"
2019-06-17,2019061701006009,SHPC,35,43,50,256.00,"12,800.00"
2019-06-17,2019061701005914,SIC,17,26,10,660.00,"6,600.00"
2019-06-17,2019061701005777,SICL,14,39,100,806.00,"80,600.00"
2019-06-17,2019061701005675,SICL,33,25,150,822.00,"123,300.00"
2019-06-17,2019061701005674,SICL,33,40,50,822.00,"41,100.00"
2019-06-17,2019061701005673,SICL,33,37,59,820.00,"48,380.00"
2019-06-17,2019061701005672,SICL,33,33,22,810.00,"17,820.00"
2019-06-17,2019061701006116,SIL,33,52,10,464.00,"4,640.00"
2019-06-17,2019061701006003,SIL,25,44,10,464.00,"4,640.00"
2019-06-17,2019061701006072,SKBBL,22,21,10,945.00,"9,450.00"
2019-06-17,2019061701006071,SKBBL,22,45,10,940.00,"9,400.00"
2019-06-17,2019061701005995,SKBBL,53,36,45,933.00,"41,985.00"
2019-06-17,2019061701005994,SKBBL,58,36,58,933.00,"54,114.00"
2019-06-17,2019061701005974,SKBBL,58,37,27,933.00,"25,191.00"
2019-06-17,2019061701005975,SLBBL,16,48,100,410.00,"41,000.00"
2019-06-17,2019061701006002,SLBBL,25,57,40,408.00,"16,320.00"
2019-06-17,2019061701005834,SLBSL,18,25,10,523.00,"5,230.00"
2019-06-17,2019061701005829,SLBSL,18,7,10,523.00,"5,230.00"
2019-06-17,2019061701006032,SMB,42,38,20,415.00,"8,300.00"
2019-06-17,2019061702000002,SMFBS,57,25,10,281.00,"2,810.00"
2019-06-17,2019061702000001,SMFBS,45,32,10,276.00,"2,760.00"
2019-06-17,2019061701006124,SPARS,22,34,10,494.00,"4,940.00"
2019-06-17,2019061701006039,SPARS,22,5,10,490.00,"4,900.00"
2019-06-17,2019061701006014,SPARS,48,21,10,483.00,"4,830.00"
2019-06-17,2019061701005740,SPARS,10,16,10,486.00,"4,860.00"
2019-06-17,2019061701005845,SRBL,35,28,850,252.00,"214,200.00"
2019-06-17,2019061701005844,SRBL,35,58,115,252.00,"28,980.00"
2019-06-17,2019061701005843,SRBL,35,50,35,251.00,"8,785.00"
2019-06-17,2019061701005758,SRBL,40,50,500,251.00,"125,500.00"
2019-06-17,2019061701005883,SWBBL,49,37,25,874.00,"21,850.00"
2019-06-17,2019061701005736,SWBBL,34,29,25,875.00,"21,875.00"
2019-06-17,2019061701005735,SWBBL,56,29,100,875.00,"87,500.00"
2019-06-17,2019061701006149,TRH,36,32,20,321.00,"6,420.00"
2019-06-17,2019061701006139,TRH,32,32,20,321.00,"6,420.00"
2019-06-17,2019061701006113,TRH,38,21,80,317.00,"25,360.00"
2019-06-17,2019061701006100,TRH,43,32,10,321.00,"3,210.00"
2019-06-17,2019061701006099,TRH,43,42,20,320.00,"6,400.00"
2019-06-17,2019061701006027,TRH,46,42,980,320.00,"313,600.00"
2019-06-17,2019061701006026,TRH,46,45,30,319.00,"9,570.00"
2019-06-17,2019061701006025,TRH,46,11,490,319.00,"156,310.00"
2019-06-17,2019061701006004,TRH,43,11,10,319.00,"3,190.00"
2019-06-17,2019061701005741,TRH,38,35,70,317.00,"22,190.00"
2019-06-17,2019061701005884,UMHL,59,46,100,114.00,"11,400.00"
2019-06-17,2019061701005669,UMHL,59,26,10,114.00,"1,140.00"
2019-06-17,2019061701006150,UPPER,11,34,50,267.00,"13,350.00"
2019-06-17,2019061701006138,UPPER,35,34,10,267.00,"2,670.00"
2019-06-17,2019061701006094,UPPER,40,47,40,266.00,"10,640.00"
2019-06-17,2019061701006093,UPPER,40,52,120,266.00,"31,920.00"
2019-06-17,2019061701006092,UPPER,40,17,500,266.00,"133,000.00"
2019-06-17,2019061701006091,UPPER,40,8,400,265.00,"106,000.00"
2019-06-17,2019061701005677,UPPER,43,45,30,264.00,"7,920.00"
2019-06-17,2019061701005683,UPPER,43,25,50,265.00,"13,250.00"
2019-06-17,2019061701005682,UPPER,43,46,500,265.00,"132,500.00"
2019-06-17,2019061701005681,UPPER,43,1,50,265.00,"13,250.00"
2019-06-17,2019061701005680,UPPER,43,8,"1,000",265.00,"265,000.00"
2019-06-17,2019061701005679,UPPER,43,18,40,265.00,"10,600.00"
2019-06-17,2019061701005678,UPPER,43,44,40,264.00,"10,560.00"
2019-06-17,2019061701005882,UPPER,40,21,50,263.00,"13,150.00"
2019-06-17,2019061701005865,UPPER,1,57,35,264.00,"9,240.00"
2019-06-17,2019061701005855,UPPER,40,22,50,263.00,"13,150.00"
2019-06-17,2019061701005782,UPPER,40,16,50,263.00,"13,150.00"
2019-06-17,2019061701005934,UPPER,40,21,40,263.00,"10,520.00"
2019-06-17,2019061701005924,UPPER,45,34,20,264.00,"5,280.00"
2019-06-17,2019061701005923,UPPER,45,34,30,264.00,"7,920.00"
2019-06-17,2019061701005920,UPPER,17,34,20,264.00,"5,280.00"
2019-06-17,2019061701005979,UPPER,42,34,50,264.00,"13,200.00"
2019-06-17,2019061701005978,UPPER,42,34,30,264.00,"7,920.00"
2019-06-17,2019061701005973,UPPER,10,34,20,264.00,"5,280.00"
2019-06-17,2019061701005972,UPPER,10,34,30,264.00,"7,920.00"
2019-06-17,2019061701005950,UPPER,40,58,420,263.00,"110,460.00"
2019-06-17,2019061701006055,UPPER,47,8,100,265.00,"26,500.00"
2019-06-17,2019061701006054,UPPER,47,48,50,265.00,"13,250.00"
2019-06-17,2019061701006053,UPPER,47,48,50,265.00,"13,250.00"
2019-06-17,2019061701005981,UPPER,13,8,730,264.00,"192,720.00"
2019-06-17,2019061701005980,UPPER,42,8,270,264.00,"71,280.00"
2019-06-17,2019061701005574,ADBL,58,53,458,403.00,"184,574.00"
2019-06-17,2019061701005573,ADBL,26,53,50,403.00,"20,150.00"
2019-06-17,2019061701005572,ADBL,40,53,"1,000",403.00,"403,000.00"
2019-06-17,2019061701005571,ADBL,58,53,200,403.00,"80,600.00"
2019-06-17,2019061701005570,ADBL,52,53,200,404.00,"80,800.00"
2019-06-17,2019061701005569,ADBL,57,53,400,404.00,"161,600.00"
2019-06-17,2019061701005417,ADBL,47,32,108,404.00,"43,632.00"
2019-06-17,2019061701005352,ADBL,41,4,200,405.00,"81,000.00"
2019-06-17,2019061701005312,ADBL,5,4,50,405.00,"20,250.00"
2019-06-17,2019061701005568,ADBL,29,53,100,404.00,"40,400.00"
2019-06-17,2019061701005567,ADBL,47,53,500,404.00,"202,000.00"
2019-06-17,2019061701005566,ADBL,47,53,242,404.00,"97,768.00"
2019-06-17,2019061701005522,ADBL,47,4,500,405.00,"202,500.00"
2019-06-17,2019061701005508,ADBL,49,4,70,405.00,"28,350.00"
2019-06-17,2019061701005422,ADBL,49,4,20,405.00,"8,100.00"
2019-06-17,2019061701005606,AKJCL,48,32,20,74.00,"1,480.00"
2019-06-17,2019061701005553,AKJCL,48,32,10,74.00,740.00
2019-06-17,2019061701005514,AKJCL,48,32,10,74.00,740.00
2019-06-17,2019061701005462,AKJCL,48,32,10,74.00,740.00
2019-06-17,2019061701005434,AKJCL,48,32,10,74.00,740.00
2019-06-17,2019061701005427,AKJCL,48,50,20,74.00,"1,480.00"
2019-06-17,2019061701005391,AKJCL,48,32,10,74.00,740.00
2019-06-17,2019061701005382,AKJCL,48,43,10,74.00,740.00
2019-06-17,2019061701005344,AKJCL,48,32,10,74.00,740.00
2019-06-17,2019061701005165,AKJCL,48,32,10,74.00,740.00
2019-06-17,2019061701005535,AKPL,28,4,13,181.00,"2,353.00"
2019-06-17,2019061701005575,ALBSL,32,32,10,403.00,"4,030.00"
2019-06-17,2019061701005516,ALBSL,32,32,10,403.00,"4,030.00"
2019-06-17,2019061701005176,ALBSL,56,32,10,402.00,"4,020.00"
2019-06-17,2019061701005345,API,44,49,10,148.00,"1,480.00"
2019-06-17,2019061701005177,API,44,7,10,150.00,"1,500.00"
2019-06-17,2019061701005242,BFC,39,4,400,104.00,"41,600.00"
2019-06-17,2019061701005189,BFC,41,5,445,103.00,"45,835.00"
2019-06-17,2019061701005640,BOKL,40,52,60,263.00,"15,780.00"
2019-06-17,2019061701005366,BOKL,40,28,350,263.00,"92,050.00"
2019-06-17,2019061701005365,BOKL,25,28,150,263.00,"39,450.00"
2019-06-17,2019061701005308,BOKL,16,13,97,264.00,"25,608.00"
2019-06-17,2019061701005307,BOKL,11,13,223,264.00,"58,872.00"
2019-06-17,2019061701005270,BOKL,11,49,200,264.00,"52,800.00"
2019-06-17,2019061701005513,BPCL,34,50,55,403.00,"22,165.00"
2019-06-17,2019061701005324,BPCL,34,1,77,403.00,"31,031.00"
2019-06-17,2019061701005309,BPCL,43,4,71,404.00,"28,684.00"
2019-06-17,2019061701005217,BPCL,34,32,11,403.00,"4,433.00"
2019-06-17,2019061701005173,CBBL,19,6,15,928.00,"13,920.00"
2019-06-17,2019061701005547,CBL,56,57,305,145.00,"44,225.00"
2019-06-17,2019061701005546,CBL,40,57,185,145.00,"26,825.00"
2019-06-17,2019061701005278,CBL,5,49,200,146.00,"29,200.00"
2019-06-17,2019061701005271,CBL,40,25,"1,000",145.00,"145,000.00"
2019-06-17,2019061701005203,CBL,4,49,150,146.00,"21,900.00"
2019-06-17,2019061701005198,CBL,57,49,150,146.00,"21,900.00"
2019-06-17,2019061701005170,CBL,41,49,100,146.00,"14,600.00"
2019-06-17,2019061701005367,CCBL,26,25,"1,000",165.00,"165,000.00"
2019-06-17,2019061701005200,CCBL,26,52,100,165.00,"16,500.00"
2019-06-17,2019061701005181,CCBL,41,45,100,166.00,"16,600.00"
2019-06-17,2019061701005174,CCBL,26,1,247,165.00,"40,755.00"
2019-06-17,2019061701005234,CEFL,5,5,50,102.00,"5,100.00"
2019-06-17,2019061701005412,CHCL,28,41,109,510.00,"55,590.00"
2019-06-17,2019061701005411,CHCL,6,41,30,510.00,"15,300.00"
2019-06-17,2019061701005410,CHCL,35,41,100,510.00,"51,000.00"
2019-06-17,2019061701005409,CHCL,45,41,62,510.00,"31,620.00"
2019-06-17,2019061701005408,CHCL,56,41,69,511.00,"35,259.00"
2019-06-17,2019061701005407,CHCL,21,41,80,511.00,"40,880.00"
2019-06-17,2019061701005406,CHCL,37,41,50,511.00,"25,550.00"
2019-06-17,2019061701005387,CHCL,28,45,81,513.00,"41,553.00"
2019-06-17,2019061701005326,CHCL,28,7,35,513.00,"17,955.00"
2019-06-17,2019061701005289,CHCL,58,7,10,514.00,"5,140.00"
2019-06-17,2019061701005288,CHCL,56,7,292,514.00,"150,088.00"
2019-06-17,2019061701005598,CMF1,45,4,500,9.55,"4,775.00"
2019-06-17,2019061701005164,CMF1,45,55,100,9.55,955.00
2019-06-17,2019061701005384,CORBL,45,41,30,120.00,"3,600.00"
2019-06-17,2019061701005473,CZBIL,45,52,106,221.00,"23,426.00"
2019-06-17,2019061701005472,CZBIL,52,52,100,221.00,"22,100.00"
2019-06-17,2019061701005471,CZBIL,45,52,294,221.00,"64,974.00"
2019-06-17,2019061701005325,CZBIL,45,4,"3,000",221.00,"663,000.00"
2019-06-17,2019061701005557,DBBL,39,4,218,144.00,"31,392.00"
2019-06-17,2019061701005556,DBBL,45,4,82,144.00,"11,808.00"
2019-06-17,2019061701005336,DBBL,45,1,18,144.00,"2,592.00"
2019-06-17,2019061701005335,DBBL,25,1,30,144.00,"4,320.00"
2019-06-17,2019061701005334,DBBL,34,1,200,144.00,"28,800.00"
2019-06-17,2019061701005333,DBBL,25,1,50,144.00,"7,200.00"
2019-06-17,2019061701005332,DBBL,7,1,470,144.00,"67,680.00"
2019-06-17,2019061701005292,DDBL,47,10,32,695.00,"22,240.00"
2019-06-17,2019061701005243,DHPL,39,28,75,74.00,"5,550.00"
2019-06-17,2019061701005430,EBL,43,42,120,658.00,"78,960.00"
2019-06-17,2019061701005291,EBL,58,14,70,657.00,"45,990.00"
2019-06-17,2019061701005290,EBL,26,14,80,659.00,"52,720.00"
2019-06-17,2019061701005220,EBL,26,4,20,659.00,"13,180.00"
2019-06-17,2019061701005185,EBL,14,49,50,660.00,"33,000.00"
2019-06-17,2019061701005428,EDBL,39,10,90,294.00,"26,460.00"
2019-06-17,2019061701005414,EDBL,39,33,30,294.00,"8,820.00"
2019-06-17,2019061701005379,EIC,41,14,140,376.00,"52,640.00"
2019-06-17,2019061701005196,EIC,32,58,10,375.00,"3,750.00"
2019-06-17,2019061701005221,FMDBL,36,53,10,391.00,"3,910.00"
2019-06-17,2019061701005558,FOWAD,57,10,19,"1,330.00","25,270.00"
2019-06-17,2019061701005277,GBBL,1,16,200,225.00,"45,000.00"
2019-06-17,2019061701005586,GBIME,43,43,37,295.00,"10,915.00"
2019-06-17,2019061701005585,GBIME,43,43,217,295.00,"64,015.00"
2019-06-17,2019061701005479,GBIME,34,11,100,296.00,"29,600.00"
2019-06-17,2019061701005451,GBIME,6,11,370,295.00,"109,150.00"
2019-06-17,2019061701005450,GBIME,42,11,630,295.00,"185,850.00"
2019-06-17,2019061701005276,GBIME,42,4,370,295.00,"109,150.00"
2019-06-17,2019061701005201,GBIME,17,1,117,294.00,"34,398.00"
2019-06-17,2019061701005187,GBIME,52,1,40,294.00,"11,760.00"
2019-06-17,2019061701005186,GBIME,6,1,15,294.00,"4,410.00"
2019-06-17,2019061701005637,GBLBS,19,26,10,352.00,"3,520.00"
2019-06-17,2019061701005341,GBLBS,37,1,10,352.00,"3,520.00"
2019-06-17,2019061701005356,GDBL,58,1,153,210.00,"32,130.00"
2019-06-17,2019061701005401,GFCL,59,45,296,128.00,"37,888.00"
2019-06-17,2019061701005638,GHL,39,42,20,82.00,"1,640.00"
2019-06-17,2019061701005232,GHL,39,32,30,82.00,"2,460.00"
2019-06-17,2019061701005628,GILB,58,39,10,"1,190.00","11,900.00"
2019-06-17,2019061701005627,GILB,58,39,10,"1,190.00","11,900.00"
2019-06-17,2019061701005626,GILB,36,39,20,"1,195.00","23,900.00"
2019-06-17,2019061701005625,GILB,51,39,10,"1,200.00","12,000.00"
2019-06-17,2019061701005256,GRDBL,17,17,500,117.00,"58,500.00"
2019-06-17,2019061701005656,GUFL,28,49,"1,000",123.00,"123,000.00"
2019-06-17,2019061701005655,GUFL,28,37,500,123.00,"61,500.00"
2019-06-17,2019061701005654,GUFL,28,45,32,123.00,"3,936.00"
2019-06-17,2019061701005653,GUFL,28,32,"1,000",123.00,"123,000.00"
2019-06-17,2019061701005652,GUFL,28,50,200,123.00,"24,600.00"
2019-06-17,2019061701005651,GUFL,28,37,"1,000",123.00,"123,000.00"
2019-06-17,2019061701005644,GUFL,28,56,200,121.00,"24,200.00"
2019-06-17,2019061701005650,GUFL,28,38,510,122.00,"62,220.00"
2019-06-17,2019061701005649,GUFL,28,59,500,122.00,"61,000.00"
2019-06-17,2019061701005648,GUFL,28,10,500,122.00,"61,000.00"
2019-06-17,2019061701005647,GUFL,28,14,137,122.00,"16,714.00"
2019-06-17,2019061701005646,GUFL,28,37,200,122.00,"24,400.00"
2019-06-17,2019061701005645,GUFL,28,34,100,122.00,"12,200.00"
2019-06-17,2019061701005595,HBL,49,55,77,558.00,"42,966.00"
2019-06-17,2019061701005594,HBL,16,55,80,558.00,"44,640.00"
2019-06-17,2019061701005517,HBL,16,17,420,558.00,"234,360.00"
2019-06-17,2019061701005388,HBL,35,35,201,557.00,"111,957.00"
2019-06-17,2019061701005338,HDL,32,56,10,"1,729.00","17,290.00"
2019-06-17,2019061701005328,HDL,32,44,10,"1,713.00","17,130.00"
2019-06-17,2019061701005632,HGI,53,4,50,364.00,"18,200.00"
2019-06-17,2019061701005420,HGI,55,25,90,368.00,"33,120.00"
2019-06-17,2019061701005607,HIDCL,1,55,171,161.00,"27,531.00"
2019-06-17,2019061701005390,HIDCL,42,33,600,162.00,"97,200.00"
2019-06-17,2019061701005360,HIDCL,1,16,19,161.00,"3,059.00"
2019-06-17,2019061701005218,HIDCL,5,33,20,162.00,"3,240.00"
2019-06-17,2019061701005206,HIDCL,5,45,31,160.00,"4,960.00"
2019-06-17,2019061701005642,HPPL,17,26,10,177.00,"1,770.00"
2019-06-17,2019061701005383,HPPL,17,1,10,177.00,"1,770.00"
2019-06-17,2019061701005267,HPPL,17,54,10,177.00,"1,770.00"
2019-06-17,2019061701005604,HURJA,49,4,20,148.00,"2,960.00"
2019-06-17,2019061701005423,HURJA,49,34,100,148.00,"14,800.00"
2019-06-17,2019061701005343,HURJA,49,59,20,148.00,"2,960.00"
2019-06-17,2019061701005331,HURJA,49,59,20,148.00,"2,960.00"
2019-06-17,2019061701005329,HURJA,49,59,20,148.00,"2,960.00"
2019-06-17,2019061701005303,HURJA,49,59,20,148.00,"2,960.00"
2019-06-17,2019061701005237,HURJA,49,32,20,148.00,"2,960.00"
2019-06-17,2019061701005246,IGI,17,55,230,387.00,"89,010.00"
2019-06-17,2019061701005158,IGI,17,49,36,387.00,"13,932.00"
2019-06-17,2019061701005531,JBBL,56,44,124,156.00,"19,344.00"
2019-06-17,2019061701005530,JBBL,56,54,33,156.00,"5,148.00"
2019-06-17,2019061701005529,JBBL,56,52,93,156.00,"14,508.00"
2019-06-17,2019061701005528,JBBL,56,42,50,156.00,"7,800.00"
2019-06-17,2019061701005432,JBBL,41,50,17,154.00,"2,618.00"
2019-06-17,2019061701005392,JBBL,58,1,159,153.00,"24,327.00"
2019-06-17,2019061701005503,JBNL,38,53,83,207.00,"17,181.00"
2019-06-17,2019061701005502,JBNL,49,53,500,207.00,"103,500.00"
2019-06-17,2019061701005501,JBNL,22,53,100,207.00,"20,700.00"
2019-06-17,2019061701005500,JBNL,39,53,200,207.00,"41,400.00"
2019-06-17,2019061701005499,JBNL,10,53,"1,000",207.00,"207,000.00"
2019-06-17,2019061701005498,JBNL,14,53,100,207.00,"20,700.00"
2019-06-17,2019061701005491,JBNL,48,53,232,207.00,"48,024.00"
2019-06-17,2019061701005285,JBNL,48,45,150,207.00,"31,050.00"
2019-06-17,2019061701005191,JBNL,48,1,158,207.00,"32,706.00"
2019-06-17,2019061701005497,JBNL,26,53,100,207.00,"20,700.00"
2019-06-17,2019061701005496,JBNL,57,53,50,207.00,"10,350.00"
2019-06-17,2019061701005495,JBNL,10,53,"1,000",207.00,"207,000.00"
2019-06-17,2019061701005494,JBNL,28,53,500,207.00,"103,500.00"
2019-06-17,2019061701005493,JBNL,44,53,500,207.00,"103,500.00"
2019-06-17,2019061701005492,JBNL,29,53,"1,000",207.00,"207,000.00"
2019-06-17,2019061701005327,JFL,6,40,200,177.00,"35,400.00"
2019-06-17,2019061701005639,JOSHI,22,4,10,84.00,840.00
2019-06-17,2019061701005449,JOSHI,22,50,20,84.00,"1,680.00"
2019-06-17,2019061701005245,JOSHI,22,32,20,84.00,"1,680.00"
2019-06-17,2019061701005207,JOSHI,22,44,20,84.00,"1,680.00"
2019-06-17,2019061701005205,JOSHI,22,55,10,84.00,840.00
2019-06-17,2019061701005183,JOSHI,22,55,20,84.00,"1,680.00"
2019-06-17,2019061701005260,KADBL,5,39,56,190.00,"10,640.00"
2019-06-17,2019061701005241,KADBL,51,25,160,193.00,"30,880.00"
2019-06-17,2019061701005359,KBL,38,28,350,212.00,"74,200.00"
2019-06-17,2019061701005358,KBL,40,28,150,212.00,"31,800.00"
2019-06-17,2019061701005305,KBL,1,47,220,213.00,"46,860.00"
2019-06-17,2019061701005302,KBL,40,14,100,212.00,"21,200.00"
2019-06-17,2019061701005301,KBL,59,14,50,212.00,"10,600.00"
2019-06-17,2019061701005208,KBL,41,47,250,213.00,"53,250.00"
2019-06-17,2019061701005257,KPCL,59,43,10,92.00,920.00
2019-06-17,2019061701005249,KPCL,59,32,10,92.00,920.00
2019-06-17,2019061701005364,KPCL,59,32,10,92.00,920.00
2019-06-17,2019061701005564,KPCL,59,32,10,92.00,920.00
2019-06-17,2019061701005477,KSBBL,22,51,225,151.00,"33,975.00"
2019-06-17,2019061701005413,KSBBL,25,1,320,150.00,"48,000.00"
2019-06-17,2019061701005418,LBBL,58,1,303,196.00,"59,388.00"
2019-06-17,2019061701005315,LBBL,59,33,"1,000",196.00,"196,000.00"
2019-06-17,2019061701005159,LBBL,33,33,460,196.00,"90,160.00"
2019-06-17,2019061701005591,LBL,32,37,200,218.00,"43,600.00"
2019-06-17,2019061701005578,LBL,35,42,18,219.00,"3,942.00"
2019-06-17,2019061701005534,LBL,43,45,284,218.00,"61,912.00"
2019-06-17,2019061701005210,LBL,43,52,100,218.00,"21,800.00"
2019-06-17,2019061701005184,LBL,43,49,500,218.00,"109,000.00"
2019-06-17,2019061701005182,LBL,43,49,100,218.00,"21,800.00"
2019-06-17,2019061701005463,LICN,40,1,53,"1,605.00","85,065.00"
2019-06-17,2019061701005458,LICN,40,28,140,"1,605.00","224,700.00"
2019-06-17,2019061701005457,LICN,35,28,10,"1,605.00","16,050.00"
2019-06-17,2019061701005456,LICN,14,28,50,"1,606.00","80,300.00"
2019-06-17,2019061701005455,LICN,22,28,10,"1,607.00","16,070.00"
2019-06-17,2019061701005286,LLBS,34,48,36,663.00,"23,868.00"
2019-06-17,2019061701005248,LLBS,34,59,24,663.00,"15,912.00"
2019-06-17,2019061701005549,LVF1,49,45,"2,324",10.03,"23,309.72"
2019-06-17,2019061701005548,LVF1,25,45,"2,500",10.05,"25,125.00"
2019-06-17,2019061701005157,MBL,46,4,100,267.00,"26,700.00"
2019-06-17,2019061701005589,MDB,58,5,"1,000",236.00,"236,000.00"
2019-06-17,2019061701005577,MDB,50,5,10,239.00,"2,390.00"
2019-06-17,2019061701005602,MEGA,35,38,100,201.00,"20,100.00"
2019-06-17,2019061701005424,MEGA,55,38,100,201.00,"20,100.00"
2019-06-17,2019061701005310,MEGA,6,38,100,201.00,"20,100.00"
2019-06-17,2019061701005235,MEGA,1,38,144,201.00,"28,944.00"
2019-06-17,2019061701005509,MHNL,48,4,30,101.00,"3,030.00"
2019-06-17,2019061701005261,MHNL,40,32,30,101.00,"3,030.00"
2019-06-17,2019061701005565,MLBBL,34,57,50,410.00,"20,500.00"
2019-06-17,2019061701005396,MLBBL,41,57,10,402.00,"4,020.00"
2019-06-17,2019061701005609,MLBL,59,6,118,193.00,"22,774.00"
2019-06-17,2019061701005425,MLBL,59,1,145,193.00,"27,985.00"
2019-06-17,2019061701005395,MLBL,22,38,20,195.00,"3,900.00"
2019-06-17,2019061701005213,MLBL,59,5,160,193.00,"30,880.00"
2019-06-17,2019061701005431,MNBBL,16,1,187,370.00,"69,190.00"
2019-06-17,2019061701005357,MPFL,41,16,16,190.00,"3,040.00"
2019-06-17,2019061701005340,NABIL,3,34,20,814.00,"16,280.00"
2019-06-17,2019061701005399,NABILP,11,49,50,804.00,"40,200.00"
2019-06-17,2019061701005363,NADEP,25,41,10,415.00,"4,150.00"
2019-06-17,2019061701005342,NADEP,37,16,10,415.00,"4,150.00"
2019-06-17,2019061701005227,NADEP,37,43,20,415.00,"8,300.00"
2019-06-17,2019061701005635,NBB,28,6,101,221.00,"22,321.00"
2019-06-17,2019061701005563,NBB,53,34,466,222.00,"103,452.00"
2019-06-17,2019061701005562,NBB,53,34,534,222.00,"118,548.00"
2019-06-17,2019061701005487,NBB,28,26,270,221.00,"59,670.00"
2019-06-17,2019061701005486,NBB,43,26,500,221.00,"110,500.00"
2019-06-17,2019061701005485,NBB,42,26,131,221.00,"28,951.00"
2019-06-17,2019061701005415,NBB,42,32,100,221.00,"22,100.00"
2019-06-17,2019061701005552,NBL,45,54,300,324.00,"97,200.00"
2019-06-17,2019061701005380,NBL,33,54,200,324.00,"64,800.00"
2019-06-17,2019061701005376,NBL,41,54,200,324.00,"64,800.00"
2019-06-17,2019061701005179,NBL,54,54,300,324.00,"97,200.00"
2019-06-17,2019061701005161,NBL,29,45,100,324.00,"32,400.00"
2019-06-17,2019061701005160,NBL,56,45,145,324.00,"46,980.00"
2019-06-17,2019061701005538,NCCB,45,6,300,256.00,"76,800.00"
2019-06-17,2019061701005521,NCCB,49,6,20,256.00,"5,120.00"
2019-06-17,2019061701005394,NCCB,45,6,200,256.00,"51,200.00"
2019-06-17,2019061701005231,NCCB,40,13,310,256.00,"79,360.00"
2019-06-17,2019061701005199,NCCB,37,1,21,255.00,"5,355.00"
2019-06-17,2019061701005180,NCCB,48,13,40,256.00,"10,240.00"
2019-06-17,2019061701005439,NGPL,54,1,11,116.00,"1,276.00"
2019-06-17,2019061701005545,NHPC,56,17,524,67.00,"35,108.00"
2019-06-17,2019061701005544,NHPC,56,17,101,67.00,"6,767.00"
2019-06-17,2019061701005543,NHPC,56,17,975,67.00,"65,325.00"
2019-06-17,2019061701005542,NHPC,56,17,"2,000",67.00,"134,000.00"
2019-06-17,2019061701005510,NIB,34,3,20,529.00,"10,580.00"
2019-06-17,2019061701005419,NIB,35,42,58,528.00,"30,624.00"
2019-06-17,2019061701005405,NIB,35,42,42,528.00,"22,176.00"
2019-06-17,2019061701005404,NIB,35,48,420,528.00,"221,760.00"
2019-06-17,2019061701005403,NIB,35,19,138,528.00,"72,864.00"
2019-06-17,2019061701005194,NIB,6,49,35,527.00,"18,445.00"
2019-06-17,2019061701005193,NIB,53,49,65,527.00,"34,255.00"
2019-06-17,2019061701005178,NIB,53,4,68,527.00,"35,836.00"
2019-06-17,2019061701005378,NIB,6,28,100,527.00,"52,700.00"
2019-06-17,2019061701005304,NIB,6,40,197,527.00,"103,819.00"
2019-06-17,2019061701005275,NIB,6,41,62,527.00,"32,674.00"
2019-06-17,2019061701005230,NIB,6,4,64,527.00,"33,728.00"
2019-06-17,2019061701005214,NIB,43,19,10,528.00,"5,280.00"
2019-06-17,2019061701005202,NIB,6,1,44,527.00,"23,188.00"
2019-06-17,2019061701005596,NIBPO,6,6,508,480.00,"243,840.00"
2019-06-17,2019061701005429,NIBPO,43,43,84,481.00,"40,404.00"
2019-06-17,2019061701005397,NIBPO,43,43,335,481.00,"161,135.00"
2019-06-17,2019061701005389,NIBPO,11,4,100,483.00,"48,300.00"
2019-06-17,2019061701005295,NIBPO,6,16,"1,211",480.00,"581,280.00"
2019-06-17,2019061701005294,NIBPO,36,16,10,481.00,"4,810.00"
2019-06-17,2019061701005393,NICA,59,10,10,458.00,"4,580.00"
2019-06-17,2019061701005386,NICA,28,22,100,457.00,"45,700.00"
2019-06-17,2019061701005311,NICA,52,16,20,455.00,"9,100.00"
2019-06-17,2019061701005211,NICA,52,1,227,455.00,"103,285.00"
2019-06-17,2019061701005195,NICA,46,16,70,458.00,"32,060.00"
2019-06-17,2019061701005175,NICGF,58,55,100,9.55,955.00
2019-06-17,2019061701005480,NICL,58,45,200,365.00,"73,000.00"
2019-06-17,2019061701005190,NICL,40,17,100,364.00,"36,400.00"
2019-06-17,2019061701005163,NICL,40,39,100,364.00,"36,400.00"
2019-06-17,2019061701005263,NIL,14,54,46,486.00,"22,356.00"
2019-06-17,2019061701005255,NIL,29,54,50,486.00,"24,300.00"
2019-06-17,2019061701005254,NIL,28,54,200,486.00,"97,200.00"
2019-06-17,2019061701005253,NIL,43,54,19,486.00,"9,234.00"
2019-06-17,2019061701005484,NLG,1,26,110,760.00,"83,600.00"
2019-06-17,2019061701005448,NLG,6,26,50,755.00,"37,750.00"
2019-06-17,2019061701005447,NLG,34,26,30,756.00,"22,680.00"
2019-06-17,2019061701005593,NLIC,49,6,110,906.00,"99,660.00"
2019-06-17,2019061701005446,NLIC,55,6,44,905.00,"39,820.00"
2019-06-17,2019061701005445,NLIC,41,6,20,905.00,"18,100.00"
2019-06-17,2019061701005444,NLIC,52,6,20,905.00,"18,100.00"
2019-06-17,2019061701005443,NLIC,51,6,20,905.00,"18,100.00"
2019-06-17,2019061701005442,NLIC,45,6,50,905.00,"45,250.00"
2019-06-17,2019061701005296,NLIC,14,48,20,906.00,"18,120.00"
2019-06-17,2019061701005188,NLIC,35,4,92,906.00,"83,352.00"
2019-06-17,2019061701005169,NLIC,25,8,20,907.00,"18,140.00"
2019-06-17,2019061701005168,NLIC,32,8,20,907.00,"18,140.00"
2019-06-17,2019061701005167,NLIC,29,8,20,907.00,"18,140.00"
2019-06-17,2019061701005166,NLIC,56,8,16,907.00,"14,512.00"
2019-06-17,2019061701005441,NLIC,34,6,36,905.00,"32,580.00"
2019-06-17,2019061701005374,NLIC,34,46,14,905.00,"12,670.00"
2019-06-17,2019061701005373,NLIC,14,46,23,906.00,"20,838.00"
2019-06-17,2019061701005368,NLIC,14,16,17,906.00,"15,402.00"
2019-06-17,2019061701005317,NLIC,14,5,40,906.00,"36,240.00"
2019-06-17,2019061701005314,NLIC,34,8,100,907.00,"90,700.00"
2019-06-17,2019061701005600,NLICL,34,4,62,625.00,"38,750.00"
2019-06-17,2019061701005599,NLICL,34,52,20,624.00,"12,480.00"
2019-06-17,2019061701005643,NMBMF,38,16,35,953.00,"33,355.00"
2019-06-17,2019061701005630,NMBMF,38,16,20,953.00,"19,060.00"
2019-06-17,2019061701005629,NMBMF,38,16,15,954.00,"14,310.00"
2019-06-17,2019061701005601,NMBMF,38,16,35,954.00,"33,390.00"
2019-06-17,2019061701005592,NMBMF,38,16,35,954.00,"33,390.00"
2019-06-17,2019061701005584,NMBMF,38,16,15,954.00,"14,310.00"
2019-06-17,2019061701005583,NMBMF,43,16,20,955.00,"19,100.00"
2019-06-17,2019061701005264,NUBL,22,41,214,826.00,"176,764.00"
2019-06-17,2019061701005435,PCBL,34,20,15,290.00,"4,350.00"
2019-06-17,2019061701005400,PCBL,22,20,20,290.00,"5,800.00"
2019-06-17,2019061701005385,PCBL,21,43,500,289.00,"144,500.00"
2019-06-17,2019061701005350,PCBL,32,41,50,288.00,"14,400.00"
2019-06-17,2019061701005252,PCBL,32,6,49,288.00,"14,112.00"
2019-06-17,2019061701005251,PCBL,45,6,26,288.00,"7,488.00"
2019-06-17,2019061701005240,PCBL,45,4,24,288.00,"6,912.00"
2019-06-17,2019061701005239,PCBL,42,4,19,288.00,"5,472.00"
2019-06-17,2019061701005461,PFL,59,50,39,139.00,"5,421.00"
2019-06-17,2019061701005454,PFL,59,1,13,139.00,"1,807.00"
2019-06-17,2019061701005238,PFL,36,42,10,141.00,"1,410.00"
2019-06-17,2019061701005233,PFL,36,42,10,141.00,"1,410.00"
2019-06-17,2019061701005162,PIC,25,38,10,"1,000.00","10,000.00"
2019-06-17,2019061701005274,PICL,6,25,40,580.00,"23,200.00"
2019-06-17,2019061701005273,PICL,3,25,50,580.00,"29,000.00"
2019-06-17,2019061701005272,PICL,55,25,100,582.00,"58,200.00"
2019-06-17,2019061701005265,PICL,3,25,10,586.00,"5,860.00"
2019-06-17,2019061701005576,PMHPL,22,32,10,108.00,"1,080.00"
2019-06-17,2019061701005525,PMHPL,22,32,10,108.00,"1,080.00"
2019-06-17,2019061701005478,PMHPL,22,32,10,108.00,"1,080.00"
2019-06-17,2019061701005460,PMHPL,22,32,10,108.00,"1,080.00"
2019-06-17,2019061701005452,PMHPL,22,20,10,108.00,"1,080.00"
2019-06-17,2019061701005398,PMHPL,22,32,10,108.00,"1,080.00"
2019-06-17,2019061701005313,PMHPL,44,32,10,107.00,"1,070.00"
2019-06-17,2019061701005266,PMHPL,44,32,10,107.00,"1,070.00"
2019-06-17,2019061701005244,PMHPL,44,43,10,107.00,"1,070.00"
2019-06-17,2019061701005587,PPCL,43,43,"2,000",136.00,"272,000.00"
2019-06-17,2019061701005476,PPCL,14,50,10,136.00,"1,360.00"
2019-06-17,2019061701005362,PPCL,19,48,180,137.00,"24,660.00"
2019-06-17,2019061701005361,PPCL,19,6,20,137.00,"2,740.00"
2019-06-17,2019061701005319,PPCL,19,45,30,135.00,"4,050.00"
2019-06-17,2019061701005224,PPCL,6,39,"5,000",135.00,"675,000.00"
2019-06-17,2019061701005223,PPCL,6,39,400,135.00,"54,000.00"
2019-06-17,2019061701005222,PPCL,17,39,220,135.00,"29,700.00"
2019-06-17,2019061701005519,PRVU,35,33,41,266.00,"10,906.00"
2019-06-17,2019061701005518,PRVU,50,33,39,266.00,"10,374.00"
2019-06-17,2019061701005470,PRVU,50,45,461,266.00,"122,626.00"
2019-06-17,2019061701005469,PRVU,35,45,100,266.00,"26,600.00"
2019-06-17,2019061701005468,PRVU,35,45,100,266.00,"26,600.00"
2019-06-17,2019061701005467,PRVU,35,45,80,266.00,"21,280.00"
2019-06-17,2019061701005247,PRVU,1,34,702,267.00,"187,434.00"
2019-06-17,2019061701005466,PRVU,35,45,80,266.00,"21,280.00"
2019-06-17,2019061701005465,PRVU,39,45,100,266.00,"26,600.00"
2019-06-17,2019061701005464,PRVU,39,45,229,266.00,"60,914.00"
2019-06-17,2019061701005318,PRVU,17,34,500,267.00,"133,500.00"
2019-06-17,2019061701005281,PRVU,39,57,31,266.00,"8,246.00"
2019-06-17,2019061701005300,RADHI,42,47,211,166.00,"35,026.00"
2019-06-17,2019061701005299,RADHI,42,50,11,164.00,"1,804.00"
2019-06-17,2019061701005416,RBCL,45,45,10,"9,750.00","97,500.00"
2019-06-17,2019061701005330,RHPC,26,40,149,91.00,"13,559.00"
2019-06-17,2019061701005603,RMDC,16,18,70,643.00,"45,010.00"
2019-06-17,2019061701005339,RMDC,16,5,115,643.00,"73,945.00"
2019-06-17,2019061701005590,RRHP,38,20,10,107.00,"1,070.00"
2019-06-17,2019061701005540,RRHP,38,29,90,108.00,"9,720.00"
2019-06-17,2019061701005483,RRHP,38,50,10,107.00,"1,070.00"
2019-06-17,2019061701005482,RRHP,38,17,10,107.00,"1,070.00"
2019-06-17,2019061701005375,RRHP,38,41,10,107.00,"1,070.00"
2019-06-17,2019061701005229,RRHP,22,21,10,109.00,"1,090.00"
2019-06-17,2019061701005228,RRHP,22,44,10,108.00,"1,080.00"
2019-06-17,2019061701005219,RRHP,37,42,10,107.00,"1,070.00"
2019-06-17,2019061701005215,RRHP,37,42,10,107.00,"1,070.00"
2019-06-17,2019061701005438,RSDC,50,45,10,352.00,"3,520.00"
2019-06-17,2019061701005437,RSDC,36,45,10,352.00,"3,520.00"
2019-06-17,2019061701005459,SADBL,37,49,118,151.00,"17,818.00"
2019-06-17,2019061701005561,SANIMA,58,42,"1,000",345.00,"345,000.00"
2019-06-17,2019061701005560,SANIMA,58,42,"1,000",345.00,"345,000.00"
2019-06-17,2019061701005559,SANIMA,58,42,342,345.00,"117,990.00"
2019-06-17,2019061701005551,SANIMA,14,1,54,344.00,"18,576.00"
2019-06-17,2019061701005550,SANIMA,34,42,100,345.00,"34,500.00"
2019-06-17,2019061701005536,SANIMA,14,49,24,344.00,"8,256.00"
2019-06-17,2019061701005355,SANIMA,14,42,284,345.00,"97,980.00"
2019-06-17,2019061701005354,SANIMA,51,42,300,345.00,"103,500.00"
2019-06-17,2019061701005353,SANIMA,36,42,416,345.00,"143,520.00"
2019-06-17,2019061701005172,SANIMA,36,17,84,345.00,"28,980.00"
2019-06-17,2019061701005171,SANIMA,29,17,266,345.00,"91,770.00"
2019-06-17,2019061701005524,SANIMA,39,42,558,345.00,"192,510.00"
2019-06-17,2019061701005523,SANIMA,39,42,212,345.00,"73,140.00"
2019-06-17,2019061701005512,SANIMA,58,42,636,345.00,"219,420.00"
2019-06-17,2019061701005371,SANIMA,19,42,100,345.00,"34,500.00"
2019-06-17,2019061701005370,SANIMA,52,42,36,345.00,"12,420.00"
2019-06-17,2019061701005369,SANIMA,14,42,16,345.00,"5,520.00"
2019-06-17,2019061701005323,SBL,45,39,"2,021",320.00,"646,720.00"
2019-06-17,2019061701005259,SBL,45,39,"1,979",320.00,"633,280.00"
2019-06-17,2019061701005258,SBL,56,39,87,320.00,"27,840.00"
2019-06-17,2019061701005298,SCB,40,48,200,665.00,"133,000.00"
2019-06-17,2019061701005297,SCB,40,25,40,664.00,"26,560.00"
2019-06-17,2019061701005283,SCB,40,4,28,664.00,"18,592.00"
2019-06-17,2019061701005209,SDESI,45,21,116,530.00,"61,480.00"
2019-06-17,2019061701005287,SHINE,59,1,50,251.00,"12,550.00"
2019-06-17,2019061701005624,SHIVM,45,17,50,660.00,"33,000.00"
2019-06-17,2019061701005623,SHIVM,45,17,50,660.00,"33,000.00"
2019-06-17,2019061701005622,SHIVM,45,17,50,660.00,"33,000.00"
2019-06-17,2019061701005621,SHIVM,45,1,500,660.00,"330,000.00"
2019-06-17,2019061701005620,SHIVM,45,11,"1,000",660.00,"660,000.00"
2019-06-17,2019061701005619,SHIVM,45,8,500,660.00,"330,000.00"
2019-06-17,2019061701005347,SHIVM,48,36,300,655.00,"196,500.00"
2019-06-17,2019061701005346,SHIVM,52,36,250,655.00,"163,750.00"
2019-06-17,2019061701005316,SHIVM,14,55,50,656.00,"32,800.00"
2019-06-17,2019061701005282,SHIVM,52,54,50,655.00,"32,750.00"
2019-06-17,2019061701005226,SHIVM,33,54,20,656.00,"13,120.00"
2019-06-17,2019061701005225,SHIVM,28,54,30,656.00,"19,680.00"
2019-06-17,2019061701005426,SHIVM,43,36,150,653.00,"97,950.00"
2019-06-17,2019061701005421,SHIVM,43,1,50,653.00,"32,650.00"
2019-06-17,2019061701005402,SHIVM,36,1,100,655.00,"65,500.00"
2019-06-17,2019061701005372,SHIVM,3,36,20,654.00,"13,080.00"
2019-06-17,2019061701005349,SHIVM,36,36,200,654.00,"130,800.00"
2019-06-17,2019061701005348,SHIVM,34,36,200,654.00,"130,800.00"
2019-06-17,2019061701005612,SHIVM,45,58,38,660.00,"25,080.00"
2019-06-17,2019061701005611,SHIVM,45,32,100,659.00,"65,900.00"
2019-06-17,2019061701005610,SHIVM,45,54,500,659.00,"329,500.00"
2019-06-17,2019061701005520,SHIVM,57,50,50,655.00,"32,750.00"
2019-06-17,2019061701005481,SHIVM,57,1,255,655.00,"167,025.00"
2019-06-17,2019061701005436,SHIVM,34,1,145,655.00,"94,975.00"
2019-06-17,2019061701005618,SHIVM,45,43,200,660.00,"132,000.00"
2019-06-17,2019061701005617,SHIVM,45,48,50,660.00,"33,000.00"
2019-06-17,2019061701005616,SHIVM,45,37,50,660.00,"33,000.00"
2019-06-17,2019061701005615,SHIVM,45,26,50,660.00,"33,000.00"
2019-06-17,2019061701005614,SHIVM,45,45,500,660.00,"330,000.00"
2019-06-17,2019061701005613,SHIVM,45,13,45,660.00,"29,700.00"
2019-06-17,2019061701005250,SHL,34,11,500,233.00,"116,500.00"
2019-06-17,2019061701005515,SHPC,28,1,19,255.00,"4,845.00"
2019-06-17,2019061701005351,SHPC,39,6,50,256.00,"12,800.00"
2019-06-17,2019061701005280,SIC,46,22,39,655.00,"25,545.00"
2019-06-17,2019061701005279,SIC,56,22,11,655.00,"7,205.00"
2019-06-17,2019061701005537,SICL,39,33,10,810.00,"8,100.00"
2019-06-17,2019061701005532,SICL,41,33,16,810.00,"12,960.00"
2019-06-17,2019061701005539,SKBBL,58,22,115,933.00,"107,295.00"
2019-06-17,2019061701005608,SLBS,48,34,18,713.00,"12,834.00"
2019-06-17,2019061701005488,SLBS,34,34,8,692.00,"5,536.00"
2019-06-17,2019061701005377,SLBSL,58,39,20,524.00,"10,480.00"
2019-06-17,2019061701005555,SMB,57,17,10,410.00,"4,100.00"
2019-06-17,2019061701005554,SMB,57,6,10,410.00,"4,100.00"
2019-06-17,2019061701005533,SPARS,44,51,10,487.00,"4,870.00"
2019-06-17,2019061701005204,SPARS,44,58,10,487.00,"4,870.00"
2019-06-17,2019061701005641,SRBL,6,6,49,250.00,"12,250.00"
2019-06-17,2019061701005634,SRBL,34,50,180,251.00,"45,180.00"
2019-06-17,2019061701005633,SRBL,25,50,170,251.00,"42,670.00"
2019-06-17,2019061701005507,SRBL,25,52,330,251.00,"82,830.00"
2019-06-17,2019061701005506,SRBL,56,52,40,251.00,"10,040.00"
2019-06-17,2019061701005505,SRBL,50,52,50,251.00,"12,550.00"
2019-06-17,2019061701005504,SRBL,21,52,80,251.00,"20,080.00"
2019-06-17,2019061701005433,SRBL,21,16,50,251.00,"12,550.00"
2019-06-17,2019061701005197,SWBBL,49,35,50,874.00,"43,700.00"
2019-06-17,2019061701005588,TRH,44,37,500,318.00,"159,000.00"
2019-06-17,2019061701005475,TRH,46,58,100,318.00,"31,800.00"
2019-06-17,2019061701005216,TRH,38,1,10,317.00,"3,170.00"
2019-06-17,2019061701005541,UIC,41,32,200,910.00,"182,000.00"
2019-06-17,2019061701005526,UMHL,59,1,10,114.00,"1,140.00"
2019-06-17,2019061701005381,UPCL,37,59,850,92.00,"78,200.00"
2019-06-17,2019061701005337,UPCL,56,59,150,92.00,"13,800.00"
2019-06-17,2019061701005322,UPCL,5,44,100,93.00,"9,300.00"
2019-06-17,2019061701005321,UPCL,5,49,50,93.00,"4,650.00"
2019-06-17,2019061701005320,UPCL,5,39,50,93.00,"4,650.00"
2019-06-17,2019061701005236,UPCL,56,4,50,92.00,"4,600.00"
2019-06-17,2019061701005212,UPCL,41,55,50,91.00,"4,550.00"
2019-06-17,2019061701005192,UPCL,41,55,50,91.00,"4,550.00"
2019-06-17,2019061701005631,UPPER,40,47,50,263.00,"13,150.00"
2019-06-17,2019061701005605,UPPER,40,47,50,263.00,"13,150.00"
2019-06-17,2019061701005597,UPPER,40,50,40,263.00,"10,520.00"
2019-06-17,2019061701005582,UPPER,38,39,95,262.00,"24,890.00"
2019-06-17,2019061701005581,UPPER,45,39,"1,000",262.00,"262,000.00"
2019-06-17,2019061701005580,UPPER,40,39,500,262.00,"131,000.00"
2019-06-17,2019061701005284,UPPER,39,54,40,262.00,"10,480.00"
2019-06-17,2019061701005269,UPPER,6,45,"1,000",263.00,"263,000.00"
2019-06-17,2019061701005268,UPPER,51,45,10,263.00,"2,630.00"
2019-06-17,2019061701005262,UPPER,51,54,50,263.00,"13,150.00"
2019-06-17,2019061701005474,UPPER,39,50,40,262.00,"10,480.00"
2019-06-17,2019061701005453,UPPER,39,50,40,262.00,"10,480.00"
2019-06-17,2019061701005440,UPPER,11,13,50,263.00,"13,150.00"
2019-06-17,2019061701005306,UPPER,39,41,50,262.00,"13,100.00"
2019-06-17,2019061701005293,UPPER,39,49,30,262.00,"7,860.00"
2019-06-17,2019061701005579,UPPER,39,39,110,262.00,"28,820.00"
2019-06-17,2019061701005527,UPPER,39,50,40,262.00,"10,480.00"
2019-06-17,2019061701005511,UPPER,39,42,50,262.00,"13,100.00"
2019-06-17,2019061701005490,UPPER,39,41,50,262.00,"13,100.00"
2019-06-17,2019061701005489,UPPER,39,50,50,262.00,"13,100.00"
2019-06-17,2019061701005089,ADBL,47,4,150,404.00,"60,600.00"
2019-06-17,2019061701005088,ADBL,49,4,508,404.00,"205,232.00"
2019-06-17,2019061701005087,ADBL,58,4,"1,000",404.00,"404,000.00"
2019-06-17,2019061701005086,ADBL,43,4,"1,342",404.00,"542,168.00"
2019-06-17,2019061701004927,ADBL,43,29,12,404.00,"4,848.00"
2019-06-17,2019061701004820,ADBL,45,4,70,405.00,"28,350.00"
2019-06-17,2019061701004692,ADBL,32,4,31,405.00,"12,555.00"
2019-06-17,2019061701005107,AKJCL,48,32,20,74.00,"1,480.00"
2019-06-17,2019061701004875,AKJCL,48,50,10,74.00,740.00
2019-06-17,2019061701004874,AKJCL,38,50,10,75.00,750.00
2019-06-17,2019061701004840,AKJCL,38,59,10,75.00,750.00
2019-06-17,2019061701005041,AKPL,56,4,30,182.00,"5,460.00"
2019-06-17,2019061701004865,AKPL,56,41,46,182.00,"8,372.00"
2019-06-17,2019061701004761,AKPL,56,6,10,182.00,"1,820.00"
2019-06-17,2019061701005148,ALBSL,36,58,160,409.00,"65,440.00"
2019-06-17,2019061701005131,ALBSL,36,53,40,409.00,"16,360.00"
2019-06-17,2019061701005130,ALBSL,36,44,10,408.00,"4,080.00"
2019-06-17,2019061701005129,ALBSL,36,44,10,408.00,"4,080.00"
2019-06-17,2019061701004982,ALBSL,56,36,10,406.00,"4,060.00"
2019-06-17,2019061701004702,ALBSL,26,39,25,402.00,"10,050.00"
2019-06-17,2019061701004981,ALBSL,56,44,10,406.00,"4,060.00"
2019-06-17,2019061701004980,ALBSL,56,40,10,405.00,"4,050.00"
2019-06-17,2019061701004979,ALBSL,56,1,10,404.00,"4,040.00"
2019-06-17,2019061701004913,ALBSL,56,57,10,402.00,"4,020.00"
2019-06-17,2019061701005046,ALICL,13,48,100,391.00,"39,100.00"
2019-06-17,2019061701004686,API,44,44,1,150.00,150.00
2019-06-17,2019061701005094,BFC,41,39,255,103.00,"26,265.00"
2019-06-17,2019061701005093,BFC,47,39,847,103.00,"87,241.00"
2019-06-17,2019061701005066,BFC,6,4,500,104.00,"52,000.00"
2019-06-17,2019061701005065,BFC,29,4,100,105.00,"10,500.00"
2019-06-17,2019061701004866,BOKL,11,52,200,264.00,"52,800.00"
2019-06-17,2019061701004984,BPCL,6,50,50,405.00,"20,250.00"
2019-06-17,2019061701004669,BPCL,34,45,30,403.00,"12,090.00"
2019-06-17,2019061701004929,CBBL,19,5,83,928.00,"77,024.00"
2019-06-17,2019061701004888,CBBL,19,48,200,928.00,"185,600.00"
2019-06-17,2019061701005120,CBL,58,49,100,146.00,"14,600.00"
2019-06-17,2019061701005117,CBL,40,21,815,145.00,"118,175.00"
2019-06-17,2019061701005116,CBL,21,21,185,145.00,"26,825.00"
2019-06-17,2019061701004856,CBL,21,34,10,145.00,"1,450.00"
2019-06-17,2019061701005085,CCBL,26,13,60,165.00,"9,900.00"
2019-06-17,2019061701005048,CCBL,26,37,32,165.00,"5,280.00"
2019-06-17,2019061701005014,CCBL,26,49,50,165.00,"8,250.00"
2019-06-17,2019061701004697,CCBL,26,29,122,165.00,"20,130.00"
2019-06-17,2019061701004842,CFCL,57,44,25,118.00,"2,950.00"
2019-06-17,2019061701004872,CHCL,56,34,34,514.00,"17,476.00"
2019-06-17,2019061701004688,CHCL,56,45,20,514.00,"10,280.00"
2019-06-17,2019061701005021,CHL,45,4,20,92.00,"1,840.00"
2019-06-17,2019061701005132,CMF1,45,55,100,9.55,955.00
2019-06-17,2019061701005082,CMF1,45,55,100,9.55,955.00
2019-06-17,2019061701004952,CZBIL,21,51,20,222.00,"4,440.00"
2019-06-17,2019061701004932,CZBIL,58,51,96,222.00,"21,312.00"
2019-06-17,2019061701004931,CZBIL,49,51,18,222.00,"3,996.00"
2019-06-17,2019061701004693,CZBIL,49,45,49,222.00,"10,878.00"
2019-06-17,2019061701004689,CZBIL,49,37,20,222.00,"4,440.00"
2019-06-17,2019061701005072,DBBL,7,42,30,144.00,"4,320.00"
2019-06-17,2019061701005063,DBBL,1,42,"1,000",144.00,"144,000.00"
2019-06-17,2019061701005062,DBBL,17,42,"1,000",144.00,"144,000.00"
2019-06-17,2019061701005061,DBBL,7,42,"1,000",144.00,"144,000.00"
2019-06-17,2019061701005060,DBBL,6,42,"2,000",144.00,"288,000.00"
2019-06-17,2019061701005059,DBBL,57,42,200,144.00,"28,800.00"
2019-06-17,2019061701005052,DBBL,47,42,100,145.00,"14,500.00"
2019-06-17,2019061701005051,DBBL,45,42,100,145.00,"14,500.00"
2019-06-17,2019061701005050,DBBL,45,42,586,145.00,"84,970.00"
2019-06-17,2019061701005007,DBBL,45,49,289,145.00,"41,905.00"
2019-06-17,2019061701004776,DBBL,26,8,200,146.00,"29,200.00"
2019-06-17,2019061701004715,DBBL,45,21,15,145.00,"2,175.00"
2019-06-17,2019061701005058,DBBL,41,42,"1,000",144.00,"144,000.00"
2019-06-17,2019061701005057,DBBL,25,42,50,144.00,"7,200.00"
2019-06-17,2019061701005056,DBBL,25,42,20,144.00,"2,880.00"
2019-06-17,2019061701005055,DBBL,34,42,500,144.00,"72,000.00"
2019-06-17,2019061701005054,DBBL,49,42,100,145.00,"14,500.00"
2019-06-17,2019061701005053,DBBL,7,42,500,145.00,"72,500.00"
2019-06-17,2019061701005049,EBL,26,48,500,659.00,"329,500.00"
2019-06-17,2019061701005045,EBL,45,49,100,660.00,"66,000.00"
2019-06-17,2019061701005044,EBL,32,49,90,660.00,"59,400.00"
2019-06-17,2019061701004798,EBL,45,1,330,661.00,"218,130.00"
2019-06-17,2019061701004791,EBL,39,36,90,662.00,"59,580.00"
2019-06-17,2019061701004762,EBL,45,41,200,661.00,"132,200.00"
2019-06-17,2019061701004694,EBL,45,45,10,661.00,"6,610.00"
2019-06-17,2019061701004864,EBL,32,5,90,660.00,"59,400.00"
2019-06-17,2019061701004863,EBL,10,5,100,660.00,"66,000.00"
2019-06-17,2019061701004862,EBL,45,5,100,660.00,"66,000.00"
2019-06-17,2019061701004861,EBL,43,5,300,661.00,"198,300.00"
2019-06-17,2019061701004860,EBL,45,5,410,661.00,"271,010.00"
2019-06-17,2019061701004710,EDBL,39,45,50,294.00,"14,700.00"
2019-06-17,2019061701005036,FOWAD,28,28,1,"1,309.00","1,309.00"
2019-06-17,2019061701005020,FOWAD,28,28,3,"1,309.00","3,927.00"
2019-06-17,2019061701004787,FOWAD,6,57,126,"1,335.00","168,210.00"
2019-06-17,2019061701004767,FOWAD,6,38,24,"1,335.00","32,040.00"
2019-06-17,2019061701004731,FOWAD,6,39,50,"1,335.00","66,750.00"
2019-06-17,2019061701004976,GBBL,45,42,180,226.00,"40,680.00"
2019-06-17,2019061701004966,GBBL,45,49,100,226.00,"22,600.00"
2019-06-17,2019061701004935,GBBL,1,49,304,227.00,"69,008.00"
2019-06-17,2019061701004930,GBBL,1,55,139,227.00,"31,553.00"
2019-06-17,2019061701004920,GBBL,1,55,243,227.00,"55,161.00"
2019-06-17,2019061701004898,GBBL,1,55,96,227.00,"21,792.00"
2019-06-17,2019061701004850,GBBL,1,22,500,227.00,"113,500.00"
2019-06-17,2019061701004812,GBBL,1,17,100,227.00,"22,700.00"
2019-06-17,2019061701004717,GBBL,1,45,20,227.00,"4,540.00"
2019-06-17,2019061701005031,GBIME,49,4,20,295.00,"5,900.00"
2019-06-17,2019061701004813,GBIME,8,4,100,295.00,"29,500.00"
2019-06-17,2019061701004708,GBIME,19,11,32,294.00,"9,408.00"
2019-06-17,2019061701004900,GBLBS,42,50,10,351.00,"3,510.00"
2019-06-17,2019061701004726,GDBL,58,1,161,210.00,"33,810.00"
2019-06-17,2019061701004725,GDBL,47,1,100,210.00,"21,000.00"
2019-06-17,2019061701004724,GDBL,40,1,260,210.00,"54,600.00"
2019-06-17,2019061701004897,GDBL,1,1,"2,300",211.00,"485,300.00"
2019-06-17,2019061701005103,GHL,26,4,10,83.00,830.00
2019-06-17,2019061701004824,GILB,38,3,22,"1,208.00","26,576.00"
2019-06-17,2019061701004996,GLICL,3,34,40,499.00,"19,960.00"
2019-06-17,2019061701004750,GRDBL,21,4,50,116.00,"5,800.00"
2019-06-17,2019061701004805,GUFL,44,44,"1,000",121.00,"121,000.00"
2019-06-17,2019061701004804,GUFL,44,35,450,121.00,"54,450.00"
2019-06-17,2019061701004903,HBL,43,45,21,558.00,"11,718.00"
2019-06-17,2019061701004849,HBL,18,56,473,556.00,"262,988.00"
2019-06-17,2019061701004745,HBL,18,11,485,556.00,"269,660.00"
2019-06-17,2019061701004744,HBL,45,11,15,556.00,"8,340.00"
2019-06-17,2019061701004838,HGI,34,34,"1,010",362.00,"365,620.00"
2019-06-17,2019061701004837,HGI,48,34,100,362.00,"36,200.00"
2019-06-17,2019061701004836,HGI,41,34,30,363.00,"10,890.00"
2019-06-17,2019061701004835,HGI,43,34,50,363.00,"18,150.00"
2019-06-17,2019061701004834,HGI,13,34,50,363.00,"18,150.00"
2019-06-17,2019061701004833,HGI,42,34,100,364.00,"36,400.00"
2019-06-17,2019061701004832,HGI,57,34,10,364.00,"3,640.00"
2019-06-17,2019061701004831,HGI,41,34,150,365.00,"54,750.00"
2019-06-17,2019061701004764,HGI,41,4,50,365.00,"18,250.00"
2019-06-17,2019061701005126,HIDCL,36,39,41,159.00,"6,519.00"
2019-06-17,2019061701005125,HIDCL,26,39,86,159.00,"13,674.00"
2019-06-17,2019061701004796,HIDCL,17,49,109,161.00,"17,549.00"
2019-06-17,2019061701004786,HIDCL,17,26,13,160.00,"2,080.00"
2019-06-17,2019061701004729,HIDCL,26,4,114,159.00,"18,126.00"
2019-06-17,2019061701005135,HPPL,17,4,10,177.00,"1,770.00"
2019-06-17,2019061701005127,HURJA,49,11,20,148.00,"2,960.00"
2019-06-17,2019061701005113,HURJA,49,1,20,148.00,"2,960.00"
2019-06-17,2019061701005111,HURJA,49,32,20,148.00,"2,960.00"
2019-06-17,2019061701004773,HURJA,49,25,20,148.00,"2,960.00"
2019-06-17,2019061701004687,ICFC,39,22,50,160.00,"8,000.00"
2019-06-17,2019061701005064,JBBL,58,39,248,153.00,"37,944.00"
2019-06-17,2019061701005029,JBBL,7,39,500,154.00,"77,000.00"
2019-06-17,2019061701005028,JBBL,17,39,500,154.00,"77,000.00"
2019-06-17,2019061701005027,JBBL,42,39,880,154.00,"135,520.00"
2019-06-17,2019061701005026,JBBL,6,39,100,155.00,"15,500.00"
2019-06-17,2019061701005025,JBBL,32,39,200,155.00,"31,000.00"
2019-06-17,2019061701005024,JBBL,50,39,72,155.00,"11,160.00"
2019-06-17,2019061701004905,JBBL,50,50,17,155.00,"2,635.00"
2019-06-17,2019061701005076,JBNL,48,13,381,207.00,"78,867.00"
2019-06-17,2019061701005017,JBNL,36,22,100,208.00,"20,800.00"
2019-06-17,2019061701004993,JBNL,56,22,150,208.00,"31,200.00"
2019-06-17,2019061701004992,JBNL,26,22,500,208.00,"104,000.00"
2019-06-17,2019061701004991,JBNL,34,22,30,208.00,"6,240.00"
2019-06-17,2019061701004893,JBNL,34,34,20,208.00,"4,160.00"
2019-06-17,2019061701004795,JBNL,34,34,"2,540",208.00,"528,320.00"
2019-06-17,2019061701004784,JBNL,14,34,50,208.00,"10,400.00"
2019-06-17,2019061701004728,JBNL,14,45,50,208.00,"10,400.00"
2019-06-17,2019061701005140,JOSHI,19,4,10,85.00,850.00
2019-06-17,2019061701005139,JOSHI,19,55,20,85.00,"1,700.00"
2019-06-17,2019061701004919,JOSHI,22,50,20,84.00,"1,680.00"
2019-06-17,2019061701004746,JOSHI,22,46,20,84.00,"1,680.00"
2019-06-17,2019061701004698,KBBL,8,46,209,234.00,"48,906.00"
2019-06-17,2019061701005154,KBL,34,47,15,213.00,"3,195.00"
2019-06-17,2019061701004877,KBL,59,5,100,212.00,"21,200.00"
2019-06-17,2019061701004876,KBL,59,45,50,212.00,"10,600.00"
2019-06-17,2019061701004801,KBL,49,42,100,212.00,"21,200.00"
2019-06-17,2019061701005142,KPCL,59,4,10,92.00,920.00
2019-06-17,2019061701005112,KPCL,59,32,10,92.00,920.00
2019-06-17,2019061701004848,KRBL,13,5,40,118.00,"4,720.00"
2019-06-17,2019061701005008,KSBBL,25,39,345,150.00,"51,750.00"
2019-06-17,2019061701005000,KSBBL,42,39,500,151.00,"75,500.00"
2019-06-17,2019061701004999,KSBBL,46,39,"1,000",151.00,"151,000.00"
2019-06-17,2019061701004998,KSBBL,29,39,"1,000",152.00,"152,000.00"
2019-06-17,2019061701004997,KSBBL,5,39,116,152.00,"17,632.00"
2019-06-17,2019061701004868,LBBL,33,45,40,196.00,"7,840.00"
2019-06-17,2019061701005090,LBL,45,42,200,219.00,"43,800.00"
2019-06-17,2019061701004754,LBL,43,45,16,218.00,"3,488.00"
2019-06-17,2019061701004753,LBL,39,45,14,218.00,"3,052.00"
2019-06-17,2019061701004674,LBL,39,6,186,218.00,"40,548.00"
2019-06-17,2019061701004673,LBL,40,6,60,218.00,"13,080.00"
2019-06-17,2019061701004802,LEMF,36,41,500,7.91,"3,955.00"
2019-06-17,2019061701004817,LICN,16,28,10,"1,603.00","16,030.00"
2019-06-17,2019061701004816,LICN,16,28,20,"1,620.00","32,400.00"
2019-06-17,2019061701004815,LICN,47,28,100,"1,625.00","162,500.00"
2019-06-17,2019061701004814,LICN,40,28,100,"1,627.00","162,700.00"
2019-06-17,2019061701004809,LICN,17,28,20,"1,628.00","32,560.00"
2019-06-17,2019061701004808,LICN,14,28,110,"1,628.00","179,080.00"
2019-06-17,2019061701004807,LICN,22,28,100,"1,630.00","163,000.00"
2019-06-17,2019061701004780,LLBS,19,26,24,660.00,"15,840.00"
2019-06-17,2019061701004779,LLBS,19,26,24,660.00,"15,840.00"
2019-06-17,2019061701004778,LLBS,19,6,20,658.00,"13,160.00"
2019-06-17,2019061701005114,MEGA,41,38,16,201.00,"3,216.00"
2019-06-17,2019061701005073,MEGA,34,22,100,200.00,"20,000.00"
2019-06-17,2019061701004910,MEGA,14,38,100,201.00,"20,100.00"
2019-06-17,2019061701004909,MEGA,4,38,50,201.00,"10,050.00"
2019-06-17,2019061701004908,MEGA,4,38,50,201.00,"10,050.00"
2019-06-17,2019061701004907,MEGA,4,38,50,201.00,"10,050.00"
2019-06-17,2019061701004739,MEGA,4,59,50,201.00,"10,050.00"
2019-06-17,2019061701004738,MEGA,4,59,50,201.00,"10,050.00"
2019-06-17,2019061701004737,MEGA,4,59,50,201.00,"10,050.00"
2019-06-17,2019061701004736,MEGA,4,59,50,201.00,"10,050.00"
2019-06-17,2019061701004735,MEGA,4,59,50,201.00,"10,050.00"
2019-06-17,2019061701004906,MEGA,4,38,30,201.00,"6,030.00"
2019-06-17,2019061701004769,MEGA,4,45,20,201.00,"4,020.00"
2019-06-17,2019061701004743,MEGA,4,59,50,201.00,"10,050.00"
2019-06-17,2019061701004742,MEGA,4,59,50,201.00,"10,050.00"
2019-06-17,2019061701004741,MEGA,4,59,50,201.00,"10,050.00"
2019-06-17,2019061701004740,MEGA,4,59,50,201.00,"10,050.00"
2019-06-17,2019061701004934,MERO,49,57,16,538.00,"8,608.00"
2019-06-17,2019061701004703,MLBL,51,1,587,193.00,"113,291.00"
2019-06-17,2019061701005033,MNBBL,16,49,129,370.00,"47,730.00"
2019-06-17,2019061701005032,MNBBL,41,49,40,370.00,"14,800.00"
2019-06-17,2019061701005004,MNBBL,3,8,100,371.00,"37,100.00"
2019-06-17,2019061701005003,MNBBL,35,8,50,371.00,"18,550.00"
2019-06-17,2019061701004716,MNBBL,49,4,146,371.00,"54,166.00"
2019-06-17,2019061701004682,MNBBL,49,8,804,371.00,"298,284.00"
2019-06-17,2019061701004658,MNBBL,56,8,107,371.00,"39,697.00"
2019-06-17,2019061701005123,MSLB,5,44,15,860.00,"12,900.00"
2019-06-17,2019061701004970,MSLB,50,57,23,855.00,"19,665.00"
2019-06-17,2019061701004880,MSLB,50,44,15,843.00,"12,645.00"
2019-06-17,2019061701004870,MSLB,5,44,15,843.00,"12,645.00"
2019-06-17,2019061701005156,NABIL,35,49,20,810.00,"16,200.00"
2019-06-17,2019061701005155,NABIL,35,17,21,810.00,"17,010.00"
2019-06-17,2019061701005115,NABIL,40,46,40,807.00,"32,280.00"
2019-06-17,2019061701005030,NABIL,28,17,35,810.00,"28,350.00"
2019-06-17,2019061701005002,NABIL,40,46,25,807.00,"20,175.00"
2019-06-17,2019061701004964,NABIL,50,17,25,810.00,"20,250.00"
2019-06-17,2019061701004899,NABIL,56,16,50,810.00,"40,500.00"
2019-06-17,2019061701004963,NABIL,44,17,19,810.00,"15,390.00"
2019-06-17,2019061701004918,NABIL,44,53,81,810.00,"65,610.00"
2019-06-17,2019061701004917,NABIL,10,53,300,810.00,"243,000.00"
2019-06-17,2019061701004916,NABIL,57,53,100,810.00,"81,000.00"
2019-06-17,2019061701004915,NABIL,48,53,100,810.00,"81,000.00"
2019-06-17,2019061701004914,NABIL,56,53,50,810.00,"40,500.00"
2019-06-17,2019061701004951,NABILP,11,6,17,804.00,"13,668.00"
2019-06-17,2019061701004950,NABILP,11,45,10,804.00,"8,040.00"
2019-06-17,2019061701004827,NABILP,45,6,433,800.00,"346,400.00"
2019-06-17,2019061701004828,NABILP,45,6,30,800.00,"24,000.00"
2019-06-17,2019061701004785,NADEP,37,50,20,415.00,"8,300.00"
2019-06-17,2019061701004854,NBB,22,34,250,222.00,"55,500.00"
2019-06-17,2019061701004823,NBB,42,45,20,221.00,"4,420.00"
2019-06-17,2019061701004822,NBB,42,49,49,221.00,"10,829.00"
2019-06-17,2019061701004783,NBB,25,49,51,221.00,"11,271.00"
2019-06-17,2019061701005102,NBL,45,58,30,325.00,"9,750.00"
2019-06-17,2019061701005101,NBL,45,52,70,325.00,"22,750.00"
2019-06-17,2019061701004971,NBL,57,52,100,325.00,"32,500.00"
2019-06-17,2019061701004959,NBL,56,5,155,324.00,"50,220.00"
2019-06-17,2019061701004958,NBL,56,5,450,324.00,"145,800.00"
2019-06-17,2019061701004957,NBL,26,5,50,324.00,"16,200.00"
2019-06-17,2019061701004775,NBL,55,21,300,324.00,"97,200.00"
2019-06-17,2019061701004714,NBL,55,51,168,324.00,"54,432.00"
2019-06-17,2019061701004713,NBL,43,51,32,324.00,"10,368.00"
2019-06-17,2019061701004956,NBL,3,5,20,324.00,"6,480.00"
2019-06-17,2019061701004955,NBL,55,5,225,324.00,"72,900.00"
2019-06-17,2019061701004853,NBL,55,35,75,324.00,"24,300.00"
2019-06-17,2019061701004811,NBL,11,52,200,325.00,"65,000.00"
2019-06-17,2019061701004800,NBL,55,32,50,324.00,"16,200.00"
2019-06-17,2019061701004789,NBL,55,45,30,324.00,"9,720.00"
2019-06-17,2019061701004962,NCCB,34,34,9,255.00,"2,295.00"
2019-06-17,2019061701004928,NCCB,42,13,50,256.00,"12,800.00"
2019-06-17,2019061701004845,NCCB,32,14,95,256.00,"24,320.00"
2019-06-17,2019061701004844,NCCB,45,14,30,256.00,"7,680.00"
2019-06-17,2019061701004793,NCCB,45,45,20,256.00,"5,120.00"
2019-06-17,2019061701004690,NCCB,6,6,300,256.00,"76,800.00"
2019-06-17,2019061701005122,NGPL,57,39,309,117.00,"36,153.00"
2019-06-17,2019061701005081,NGPL,57,39,18,117.00,"2,106.00"
2019-06-17,2019061701005096,NHPC,52,17,100,68.00,"6,800.00"
2019-06-17,2019061701004953,NHPC,47,17,"1,000",68.00,"68,000.00"
2019-06-17,2019061701005128,NIB,34,34,6,527.00,"3,162.00"
2019-06-17,2019061701005047,NIB,45,19,50,528.00,"26,400.00"
2019-06-17,2019061701004803,NIB,53,45,15,527.00,"7,905.00"
2019-06-17,2019061701004790,NIB,53,41,200,527.00,"105,400.00"
2019-06-17,2019061701004782,NIB,53,1,417,527.00,"219,759.00"
2019-06-17,2019061701004781,NIB,21,1,83,528.00,"43,824.00"
2019-06-17,2019061701004691,NIB,21,39,17,528.00,"8,976.00"
2019-06-17,2019061701004902,NIBPO,6,4,"1,800",480.00,"864,000.00"
2019-06-17,2019061701004858,NIBPO,6,52,200,480.00,"96,000.00"
2019-06-17,2019061701004857,NIBPO,32,52,100,481.00,"48,100.00"
2019-06-17,2019061701004794,NIBPO,42,4,"10,000",480.00,"4,800,000.00"
2019-06-17,2019061701004665,NIBPO,48,52,"1,000",480.00,"480,000.00"
2019-06-17,2019061701004664,NIBPO,16,52,26,480.00,"12,480.00"
2019-06-17,2019061701004663,NIBPO,44,52,50,480.00,"24,000.00"
2019-06-17,2019061701004662,NIBPO,45,52,50,480.00,"24,000.00"
2019-06-17,2019061701004661,NIBPO,28,52,500,480.00,"240,000.00"
2019-06-17,2019061701004969,NICA,49,51,100,458.00,"45,800.00"
2019-06-17,2019061701004882,NICA,59,45,20,457.00,"9,140.00"
2019-06-17,2019061701004826,NICA,52,16,500,455.00,"227,500.00"
2019-06-17,2019061701004825,NICA,57,16,"1,464",455.00,"666,120.00"
2019-06-17,2019061701005138,NICGF,58,55,100,9.55,955.00
2019-06-17,2019061701005100,NICGF,58,55,100,9.55,955.00
2019-06-17,2019061701004892,NICL,40,58,100,363.00,"36,300.00"
2019-06-17,2019061701004926,NLIC,56,50,17,907.00,"15,419.00"
2019-06-17,2019061701004885,NLIC,34,6,20,908.00,"18,160.00"
2019-06-17,2019061701004867,NLIC,34,6,50,908.00,"45,400.00"
2019-06-17,2019061701004839,NLIC,56,6,17,907.00,"15,419.00"
2019-06-17,2019061701004806,NLIC,25,6,200,908.00,"181,600.00"
2019-06-17,2019061701004759,NLIC,19,6,10,908.00,"9,080.00"
2019-06-17,2019061701004695,NLIC,34,37,17,907.00,"15,419.00"
2019-06-17,2019061701004659,NLIC,6,6,30,908.00,"27,240.00"
2019-06-17,2019061701005079,NLICL,33,59,10,627.00,"6,270.00"
2019-06-17,2019061701004904,NLICL,34,25,40,623.00,"24,920.00"
2019-06-17,2019061701004986,NMBMF,38,14,125,970.00,"121,250.00"
2019-06-17,2019061701004985,NMBMF,38,50,35,960.00,"33,600.00"
2019-06-17,2019061701004756,NMBMF,38,57,20,953.00,"19,060.00"
2019-06-17,2019061701004755,NMBMF,38,57,80,954.00,"76,320.00"
2019-06-17,2019061701005022,NMFBS,34,34,3,"1,377.00","4,131.00"
2019-06-17,2019061701004859,NNLB,34,32,20,387.00,"7,740.00"
2019-06-17,2019061701005023,NSEWA,48,36,10,375.00,"3,750.00"
2019-06-17,2019061701005151,NTC,33,49,35,695.00,"24,325.00"
2019-06-17,2019061701005133,NTC,25,42,50,691.00,"34,550.00"
2019-06-17,2019061701004668,NTC,33,29,25,697.00,"17,425.00"
2019-06-17,2019061701004667,NTC,33,43,25,696.00,"17,400.00"
2019-06-17,2019061701004657,NTC,46,43,100,692.00,"69,200.00"
2019-06-17,2019061701004911,NUBL,49,16,60,825.00,"49,500.00"
2019-06-17,2019061701004797,NUBL,49,42,100,825.00,"82,500.00"
2019-06-17,2019061701004701,NUBL,49,45,11,825.00,"9,075.00"
2019-06-17,2019061701004700,NUBL,59,45,25,826.00,"20,650.00"
2019-06-17,2019061701005147,OHL,40,25,452,634.00,"286,568.00"
2019-06-17,2019061701005146,OHL,19,25,100,634.00,"63,400.00"
2019-06-17,2019061701005145,OHL,45,25,34,635.00,"21,590.00"
2019-06-17,2019061701005077,OHL,45,42,50,635.00,"31,750.00"
2019-06-17,2019061701005150,PCBL,42,35,81,288.00,"23,328.00"
2019-06-17,2019061701005149,PCBL,54,35,69,288.00,"19,872.00"
2019-06-17,2019061701004954,PCBL,54,49,91,288.00,"26,208.00"
2019-06-17,2019061701004830,PCBL,54,45,40,288.00,"11,520.00"
2019-06-17,2019061701004938,PFL,59,50,39,139.00,"5,421.00"
2019-06-17,2019061701004852,PFL,59,44,13,139.00,"1,807.00"
2019-06-17,2019061701004734,PFL,22,6,26,140.00,"3,640.00"
2019-06-17,2019061701004733,PFL,22,39,675,140.00,"94,500.00"
2019-06-17,2019061701005015,PIC,37,37,1,"1,005.00","1,005.00"
2019-06-17,2019061701005012,PIC,35,36,42,"1,000.00","42,000.00"
2019-06-17,2019061701005011,PIC,17,36,20,"1,000.00","20,000.00"
2019-06-17,2019061701005010,PIC,42,36,338,"1,000.00","338,000.00"
2019-06-17,2019061701004994,PIC,42,36,450,"1,000.00","450,000.00"
2019-06-17,2019061701004977,PIC,51,36,11,"1,002.00","11,022.00"
2019-06-17,2019061701004942,PIC,51,50,11,"1,002.00","11,022.00"
2019-06-17,2019061701004886,PIC,6,37,11,"1,018.00","11,198.00"
2019-06-17,2019061701004846,PIC,6,6,"1,000","1,001.00","1,001,000.00"
2019-06-17,2019061701004760,PIC,51,51,28,"1,002.00","28,056.00"
2019-06-17,2019061701004937,PICL,19,50,125,597.00,"74,625.00"
2019-06-17,2019061701004936,PICL,19,58,25,595.00,"14,875.00"
2019-06-17,2019061701005075,PLIC,29,35,50,440.00,"22,000.00"
2019-06-17,2019061701005074,PLIC,29,40,50,438.00,"21,900.00"
2019-06-17,2019061701004712,PLIC,55,45,62,432.00,"26,784.00"
2019-06-17,2019061701005124,PMHPL,44,44,10,107.00,"1,070.00"
2019-06-17,2019061701005118,PMHPL,44,32,10,107.00,"1,070.00"
2019-06-17,2019061701005019,PMHPL,44,36,10,107.00,"1,070.00"
2019-06-17,2019061701004983,PMHPL,44,6,10,107.00,"1,070.00"
2019-06-17,2019061701004946,PMHPL,44,50,10,107.00,"1,070.00"
2019-06-17,2019061701004883,PMHPL,44,20,10,107.00,"1,070.00"
2019-06-17,2019061701004873,PMHPL,44,20,10,107.00,"1,070.00"
2019-06-17,2019061701004841,PMHPL,44,20,10,107.00,"1,070.00"
2019-06-17,2019061701004749,PMHPL,44,45,10,107.00,"1,070.00"
2019-06-17,2019061701005134,PPCL,17,32,10,135.00,"1,350.00"
2019-06-17,2019061701005119,PPCL,17,11,20,135.00,"2,700.00"
2019-06-17,2019061701005042,PPCL,6,43,880,136.00,"119,680.00"
2019-06-17,2019061701004948,PPCL,6,50,10,136.00,"1,360.00"
2019-06-17,2019061701004895,PPCL,6,51,30,138.00,"4,140.00"
2019-06-17,2019061701004774,PPCL,38,38,29,140.00,"4,060.00"
2019-06-17,2019061701004968,PRIN,25,48,14,379.00,"5,306.00"
2019-06-17,2019061701004967,PRIN,22,48,200,380.00,"76,000.00"
2019-06-17,2019061701005144,PRVU,34,34,126,267.00,"33,642.00"
2019-06-17,2019061701005143,PRVU,34,34,374,267.00,"99,858.00"
2019-06-17,2019061701005106,PRVU,39,1,40,266.00,"10,640.00"
2019-06-17,2019061701004719,PRVU,56,45,300,266.00,"79,800.00"
2019-06-17,2019061701004699,PRVU,45,45,150,266.00,"39,900.00"
2019-06-17,2019061701004891,PRVU,35,45,50,266.00,"13,300.00"
2019-06-17,2019061701004884,PRVU,35,45,50,266.00,"13,300.00"
2019-06-17,2019061701004748,PRVU,32,45,500,266.00,"133,000.00"
2019-06-17,2019061701004940,PRVU,35,45,100,266.00,"26,600.00"
2019-06-17,2019061701004933,PRVU,35,45,150,266.00,"39,900.00"
2019-06-17,2019061701004921,PRVU,35,45,150,266.00,"39,900.00"
2019-06-17,2019061701004912,PRVU,41,45,500,266.00,"133,000.00"
2019-06-17,2019061701004901,PRVU,35,45,200,266.00,"53,200.00"
2019-06-17,2019061701005013,PRVU,10,34,150,267.00,"40,050.00"
2019-06-17,2019061701004961,PRVU,39,45,20,266.00,"5,320.00"
2019-06-17,2019061701004960,PRVU,39,45,672,266.00,"178,752.00"
2019-06-17,2019061701004949,PRVU,35,45,100,266.00,"26,600.00"
2019-06-17,2019061701004945,PRVU,35,45,100,266.00,"26,600.00"
2019-06-17,2019061701004821,RADHI,21,44,11,163.00,"1,793.00"
2019-06-17,2019061701004772,RHPC,17,40,"1,000",90.00,"90,000.00"
2019-06-17,2019061701004771,RHPC,39,40,100,90.00,"9,000.00"
2019-06-17,2019061701004770,RHPC,38,40,100,91.00,"9,100.00"
2019-06-17,2019061701004765,RHPC,17,40,14,91.00,"1,274.00"
2019-06-17,2019061701005071,RRHP,19,44,10,108.00,"1,080.00"
2019-06-17,2019061701005070,RRHP,19,44,10,108.00,"1,080.00"
2019-06-17,2019061701005069,RRHP,19,44,10,108.00,"1,080.00"
2019-06-17,2019061701005068,RRHP,19,44,10,108.00,"1,080.00"
2019-06-17,2019061701004707,RRHP,19,44,10,107.00,"1,070.00"
2019-06-17,2019061701004705,RRHP,19,44,10,107.00,"1,070.00"
2019-06-17,2019061701004681,RRHP,19,20,10,107.00,"1,070.00"
2019-06-17,2019061701004666,RRHP,19,20,10,107.00,"1,070.00"
2019-06-17,2019061701004851,RRHP,19,20,10,106.00,"1,060.00"
2019-06-17,2019061701004819,RRHP,19,44,10,107.00,"1,070.00"
2019-06-17,2019061701004818,RRHP,19,47,10,107.00,"1,070.00"
2019-06-17,2019061701004718,RRHP,22,21,10,109.00,"1,090.00"
2019-06-17,2019061701004711,RRHP,19,20,10,107.00,"1,070.00"
2019-06-17,2019061701005067,RRHP,19,44,10,108.00,"1,080.00"
2019-06-17,2019061701005038,RRHP,37,50,10,107.00,"1,070.00"
2019-06-17,2019061701005037,RRHP,37,44,10,107.00,"1,070.00"
2019-06-17,2019061701004887,RRHP,22,21,10,109.00,"1,090.00"
2019-06-17,2019061701004879,RRHP,22,44,10,107.00,"1,070.00"
2019-06-17,2019061701004878,RRHP,22,44,10,107.00,"1,070.00"
2019-06-17,2019061701004975,RSDC,40,48,60,348.00,"20,880.00"
2019-06-17,2019061701004974,RSDC,26,48,40,349.00,"13,960.00"
2019-06-17,2019061701004723,RSDC,40,57,139,348.00,"48,372.00"
2019-06-17,2019061701004722,RSDC,22,57,190,350.00,"66,500.00"
2019-06-17,2019061701004721,RSDC,41,57,50,350.00,"17,500.00"
2019-06-17,2019061701004720,RSDC,42,57,26,351.00,"9,126.00"
2019-06-17,2019061701004965,SBI,34,49,100,463.00,"46,300.00"
2019-06-17,2019061701004660,SBI,21,21,1,465.00,465.00
2019-06-17,2019061701005104,SBL,56,39,913,320.00,"292,160.00"
2019-06-17,2019061701005084,SBL,16,39,50,320.00,"16,000.00"
2019-06-17,2019061701005078,SBL,57,39,102,320.00,"32,640.00"
2019-06-17,2019061701004752,SBL,57,41,98,320.00,"31,360.00"
2019-06-17,2019061701004751,SBL,41,41,100,320.00,"32,000.00"
2019-06-17,2019061701005035,SCB,1,37,20,662.00,"13,240.00"
2019-06-17,2019061701005016,SCB,1,37,20,662.00,"13,240.00"
2019-06-17,2019061701005001,SCB,1,50,20,662.00,"13,240.00"
2019-06-17,2019061701005153,SDESI,58,21,50,530.00,"26,500.00"
2019-06-17,2019061701004777,SEF,45,17,500,9.57,"4,785.00"
2019-06-17,2019061701004768,SEF,45,38,500,9.57,"4,785.00"
2019-06-17,2019061701004727,SEF,57,45,"1,000",9.56,"9,560.00"
2019-06-17,2019061701004855,SEOS,48,42,"1,900",10.55,"20,045.00"
2019-06-17,2019061701004871,SFFIL,59,45,50,205.00,"10,250.00"
2019-06-17,2019061701005141,SHIVM,28,58,400,656.00,"262,400.00"
2019-06-17,2019061701005136,SHIVM,28,58,50,656.00,"32,800.00"
2019-06-17,2019061701005108,SHIVM,28,58,20,656.00,"13,120.00"
2019-06-17,2019061701005099,SHIVM,3,41,50,657.00,"32,850.00"
2019-06-17,2019061701005009,SHIVM,3,50,50,657.00,"32,850.00"
2019-06-17,2019061701005006,SHIVM,52,58,12,660.00,"7,920.00"
2019-06-17,2019061701004829,SHIVM,42,21,10,659.00,"6,590.00"
2019-06-17,2019061701004766,SHIVM,56,51,500,659.00,"329,500.00"
2019-06-17,2019061701004763,SHIVM,34,50,50,656.00,"32,800.00"
2019-06-17,2019061701004706,SHIVM,34,3,167,658.00,"109,886.00"
2019-06-17,2019061701004696,SHIVM,52,1,50,655.00,"32,750.00"
2019-06-17,2019061701005005,SHIVM,52,39,160,659.00,"105,440.00"
2019-06-17,2019061701004995,SHIVM,34,39,250,659.00,"164,750.00"
2019-06-17,2019061701004947,SHIVM,34,17,100,658.00,"65,800.00"
2019-06-17,2019061701004896,SHIVM,42,39,40,659.00,"26,360.00"
2019-06-17,2019061701004881,SHIVM,42,16,50,659.00,"32,950.00"
2019-06-17,2019061701004843,SHIVM,42,25,50,659.00,"32,950.00"
2019-06-17,2019061701005098,SHPC,28,39,39,255.00,"9,945.00"
2019-06-17,2019061701005095,SHPC,40,6,926,257.00,"237,982.00"
2019-06-17,2019061701005034,SHPC,45,49,"2,000",256.00,"512,000.00"
2019-06-17,2019061701004941,SIC,22,35,60,659.00,"39,540.00"
2019-06-17,2019061701004925,SIC,38,35,10,660.00,"6,600.00"
2019-06-17,2019061701004924,SIC,38,35,10,660.00,"6,600.00"
2019-06-17,2019061701004923,SIC,38,35,40,660.00,"26,400.00"
2019-06-17,2019061701004810,SIC,6,57,60,665.00,"39,900.00"
2019-06-17,2019061701005083,SIFC,42,45,30,153.00,"4,590.00"
2019-06-17,2019061701004894,SIL,25,1,500,455.00,"227,500.00"
2019-06-17,2019061701004988,SINDU,39,29,"1,500",139.00,"208,500.00"
2019-06-17,2019061701004987,SINDU,39,29,"1,000",139.00,"139,000.00"
2019-06-17,2019061701004972,SINDU,34,29,500,140.00,"70,000.00"
2019-06-17,2019061701004788,SINDU,26,46,150,142.00,"21,300.00"
2019-06-17,2019061701005039,SLBBL,58,48,70,410.00,"28,700.00"
2019-06-17,2019061701004889,SLBBL,58,45,10,410.00,"4,100.00"
2019-06-17,2019061701005018,SLBSL,18,26,10,523.00,"5,230.00"
2019-06-17,2019061701004973,SLBSL,18,50,10,523.00,"5,230.00"
2019-06-17,2019061701004943,SLBSL,17,57,10,525.00,"5,250.00"
2019-06-17,2019061701004990,SLICL,1,48,41,449.00,"18,409.00"
2019-06-17,2019061701004989,SLICL,33,48,50,450.00,"22,500.00"
2019-06-17,2019061701004869,SMB,14,26,10,404.00,"4,040.00"
2019-06-17,2019061701004684,SMB,46,45,40,408.00,"16,320.00"
2019-06-17,2019061701004683,SMB,42,45,10,409.00,"4,090.00"
2019-06-17,2019061701004685,SMB,14,45,35,404.00,"14,140.00"
2019-06-17,2019061701005080,SPARS,56,45,100,490.00,"49,000.00"
2019-06-17,2019061701004939,SPARS,44,28,10,487.00,"4,870.00"
2019-06-17,2019061701004922,SPARS,44,57,10,487.00,"4,870.00"
2019-06-17,2019061701005109,SPDL,38,39,20,95.00,"1,900.00"
2019-06-17,2019061701004890,SPDL,38,42,10,96.00,960.00
2019-06-17,2019061701004799,TRH,38,1,10,317.00,"3,170.00"
2019-06-17,2019061701004704,TRH,44,4,"1,760",318.00,"559,680.00"
2019-06-17,2019061701004944,UMHL,59,20,45,114.00,"5,130.00"
2019-06-17,2019061701004732,UMHL,8,46,100,115.00,"11,500.00"
2019-06-17,2019061701005152,UPCL,58,55,100,92.00,"9,200.00"
2019-06-17,2019061701005121,UPCL,54,55,100,92.00,"9,200.00"
2019-06-17,2019061701004680,UPCL,56,59,100,92.00,"9,200.00"
2019-06-17,2019061701004679,UPCL,17,59,50,92.00,"4,600.00"
2019-06-17,2019061701004678,UPCL,47,59,500,92.00,"46,000.00"
2019-06-17,2019061701004677,UPCL,42,59,500,92.00,"46,000.00"
2019-06-17,2019061701004676,UPCL,42,59,100,92.00,"9,200.00"
2019-06-17,2019061701004675,UPCL,42,59,300,92.00,"27,600.00"
2019-06-17,2019061701005105,UPPER,51,41,40,263.00,"10,520.00"
2019-06-17,2019061701005097,UPPER,44,59,50,264.00,"13,200.00"
2019-06-17,2019061701005092,UPPER,44,1,30,264.00,"7,920.00"
2019-06-17,2019061701005091,UPPER,16,1,10,264.00,"2,640.00"
2019-06-17,2019061701004671,UPPER,26,50,362,264.00,"95,568.00"
2019-06-17,2019061701004670,UPPER,26,48,26,264.00,"6,864.00"
2019-06-17,2019061701004758,UPPER,6,25,25,264.00,"6,600.00"
2019-06-17,2019061701004757,UPPER,47,25,15,264.00,"3,960.00"
2019-06-17,2019061701004747,UPPER,47,37,50,264.00,"13,200.00"
2019-06-17,2019061701004730,UPPER,47,38,50,264.00,"13,200.00"
2019-06-17,2019061701004709,UPPER,47,1,50,264.00,"13,200.00"
2019-06-17,2019061701004672,UPPER,26,48,50,264.00,"13,200.00"
2019-06-17,2019061701005043,UPPER,16,37,40,264.00,"10,560.00"
2019-06-17,2019061701004978,UPPER,6,59,150,264.00,"39,600.00"
2019-06-17,2019061701004847,UPPER,6,1,40,264.00,"10,560.00"
2019-06-17,2019061701004792,UPPER,6,57,50,264.00,"13,200.00"
2019-06-17,2019061701004618,ADBL,43,19,20,404.00,"8,080.00"
2019-06-17,2019061701004428,ADBL,43,14,126,404.00,"50,904.00"
2019-06-17,2019061701004427,ADBL,45,14,24,404.00,"9,696.00"
2019-06-17,2019061701004279,ADBL,45,45,76,404.00,"30,704.00"
2019-06-17,2019061701004278,ADBL,7,45,200,404.00,"80,800.00"
2019-06-17,2019061701004277,ADBL,50,45,320,404.00,"129,280.00"
2019-06-17,2019061701004211,ADBL,14,4,100,405.00,"40,500.00"
2019-06-17,2019061701004186,ADBL,49,4,50,405.00,"20,250.00"
2019-06-17,2019061701004158,ADBL,58,4,50,405.00,"20,250.00"
2019-06-17,2019061701004157,ADBL,3,4,50,405.00,"20,250.00"
2019-06-17,2019061701004398,AKJCL,48,50,20,74.00,"1,480.00"
2019-06-17,2019061701004331,AKJCL,38,59,20,74.00,"1,480.00"
2019-06-17,2019061701004322,AKJCL,38,59,20,74.00,"1,480.00"
2019-06-17,2019061701004303,AKJCL,38,59,10,74.00,740.00
2019-06-17,2019061701004302,AKJCL,37,59,10,74.00,740.00
2019-06-17,2019061701004299,AKJCL,37,59,20,74.00,"1,480.00"
2019-06-17,2019061701004294,AKJCL,37,59,20,74.00,"1,480.00"
2019-06-17,2019061701004242,AKJCL,6,59,10,75.00,750.00
2019-06-17,2019061701004241,AKJCL,6,54,20,75.00,"1,500.00"
2019-06-17,2019061701004601,AKPL,56,49,20,182.00,"3,640.00"
2019-06-17,2019061701004513,AKPL,56,45,10,180.00,"1,800.00"
2019-06-17,2019061701004219,AKPL,56,46,10,180.00,"1,800.00"
2019-06-17,2019061701004528,ALBSL,39,39,10,404.00,"4,040.00"
2019-06-17,2019061701004392,ALBSL,36,39,10,401.00,"4,010.00"
2019-06-17,2019061701004391,ALBSL,36,40,10,401.00,"4,010.00"
2019-06-17,2019061701004378,ALBSL,36,3,10,401.00,"4,010.00"
2019-06-17,2019061701004343,ALBSL,39,39,10,405.00,"4,050.00"
2019-06-17,2019061701004342,ALBSL,39,39,10,405.00,"4,050.00"
2019-06-17,2019061701004341,ALBSL,39,39,10,405.00,"4,050.00"
2019-06-17,2019061701004340,ALBSL,39,39,10,405.00,"4,050.00"
2019-06-17,2019061701004324,ALBSL,36,17,10,401.00,"4,010.00"
2019-06-17,2019061701004307,ALBSL,36,17,10,401.00,"4,010.00"
2019-06-17,2019061701004349,ALBSL,39,39,10,405.00,"4,050.00"
2019-06-17,2019061701004348,ALBSL,39,39,10,405.00,"4,050.00"
2019-06-17,2019061701004347,ALBSL,39,39,10,405.00,"4,050.00"
2019-06-17,2019061701004346,ALBSL,39,39,10,405.00,"4,050.00"
2019-06-17,2019061701004345,ALBSL,39,39,10,405.00,"4,050.00"
2019-06-17,2019061701004344,ALBSL,39,39,10,405.00,"4,050.00"
2019-06-17,2019061701004590,ALICL,16,32,500,391.00,"195,500.00"
2019-06-17,2019061701004647,BOKL,25,45,30,263.00,"7,890.00"
2019-06-17,2019061701004164,BOKL,25,5,20,263.00,"5,260.00"
2019-06-17,2019061701004163,BOKL,53,5,284,264.00,"74,976.00"
2019-06-17,2019061701004544,BPCL,34,21,109,403.00,"43,927.00"
2019-06-17,2019061701004543,BPCL,34,21,100,403.00,"40,300.00"
2019-06-17,2019061701004542,BPCL,43,21,39,403.00,"15,717.00"
2019-06-17,2019061701004541,BPCL,37,21,500,404.00,"202,000.00"
2019-06-17,2019061701004540,BPCL,37,21,391,404.00,"157,964.00"
2019-06-17,2019061701004488,BPCL,37,50,55,404.00,"22,220.00"
2019-06-17,2019061701004300,BPCL,37,45,22,404.00,"8,888.00"
2019-06-17,2019061701004652,CBBL,38,48,100,928.00,"92,800.00"
2019-06-17,2019061701004419,CBBL,38,53,30,927.00,"27,810.00"
2019-06-17,2019061701004646,CBL,6,49,100,146.00,"14,600.00"
2019-06-17,2019061701004306,CBL,21,45,23,145.00,"3,335.00"
2019-06-17,2019061701004229,CBL,21,53,282,145.00,"40,890.00"
2019-06-17,2019061701004228,CBL,14,53,30,145.00,"4,350.00"
2019-06-17,2019061701004227,CBL,45,53,100,145.00,"14,500.00"
2019-06-17,2019061701004226,CBL,22,53,500,145.00,"72,500.00"
2019-06-17,2019061701004225,CBL,49,53,10,145.00,"1,450.00"
2019-06-17,2019061701004224,CBL,6,53,50,145.00,"7,250.00"
2019-06-17,2019061701004223,CBL,22,53,28,145.00,"4,060.00"
2019-06-17,2019061701004457,CCBL,26,33,"1,200",165.00,"198,000.00"
2019-06-17,2019061701004205,CCBL,26,26,45,165.00,"7,425.00"
2019-06-17,2019061701004481,CFCL,44,11,293,120.00,"35,160.00"
2019-06-17,2019061701004480,CFCL,44,48,"2,078",120.00,"249,360.00"
2019-06-17,2019061701004514,CHCL,52,55,12,515.00,"6,180.00"
2019-06-17,2019061701004323,CHCL,56,45,49,514.00,"25,186.00"
2019-06-17,2019061701004631,CORBL,44,20,290,120.00,"34,800.00"
2019-06-17,2019061701004630,CORBL,44,40,840,120.00,"100,800.00"
2019-06-17,2019061701004399,CZBIL,49,8,383,222.00,"85,026.00"
2019-06-17,2019061701004254,CZBIL,49,45,10,222.00,"2,220.00"
2019-06-17,2019061701004644,DBBL,14,51,50,145.00,"7,250.00"
2019-06-17,2019061701004643,DBBL,32,51,200,145.00,"29,000.00"
2019-06-17,2019061701004642,DBBL,7,51,500,145.00,"72,500.00"
2019-06-17,2019061701004641,DBBL,45,51,250,145.00,"36,250.00"
2019-06-17,2019061701004553,DBBL,45,44,500,145.00,"72,500.00"
2019-06-17,2019061701004620,EBL,45,33,50,661.00,"33,050.00"
2019-06-17,2019061701004589,EBL,14,36,500,662.00,"331,000.00"
2019-06-17,2019061701004588,EBL,46,36,30,662.00,"19,860.00"
2019-06-17,2019061701004587,EBL,34,36,50,663.00,"33,150.00"
2019-06-17,2019061701004586,EBL,45,36,30,664.00,"19,920.00"
2019-06-17,2019061701004585,EBL,56,36,300,664.00,"199,200.00"
2019-06-17,2019061701004557,EBL,56,26,200,664.00,"132,800.00"
2019-06-17,2019061701004181,EBL,45,57,300,663.00,"198,900.00"
2019-06-17,2019061701004160,EBL,45,28,200,663.00,"132,600.00"
2019-06-17,2019061701004600,FOWAD,1,38,15,"1,339.00","20,085.00"
2019-06-17,2019061701004471,FOWAD,7,55,25,"1,330.00","33,250.00"
2019-06-17,2019061701004395,FOWAD,6,39,50,"1,331.00","66,550.00"
2019-06-17,2019061701004249,FOWAD,19,39,50,"1,334.00","66,700.00"
2019-06-17,2019061701004489,GBBL,1,13,225,227.00,"51,075.00"
2019-06-17,2019061701004460,GBBL,1,13,225,227.00,"51,075.00"
2019-06-17,2019061701004628,GBIME,32,11,500,294.00,"147,000.00"
2019-06-17,2019061701004616,GBIME,19,11,50,294.00,"14,700.00"
2019-06-17,2019061701004615,GBIME,58,11,100,294.00,"29,400.00"
2019-06-17,2019061701004614,GBIME,17,11,"1,000",294.00,"294,000.00"
2019-06-17,2019061701004613,GBIME,42,11,267,294.00,"78,498.00"
2019-06-17,2019061701004612,GBIME,42,11,25,294.00,"7,350.00"
2019-06-17,2019061701004233,GBIME,42,4,50,295.00,"14,750.00"
2019-06-17,2019061701004232,GBIME,56,4,200,295.00,"59,000.00"
2019-06-17,2019061701004231,GBIME,13,4,10,295.00,"2,950.00"
2019-06-17,2019061701004210,GBIME,13,45,27,295.00,"7,965.00"
2019-06-17,2019061701004209,GBIME,13,57,39,295.00,"11,505.00"
2019-06-17,2019061701004493,GBIME,36,54,284,294.00,"83,496.00"
2019-06-17,2019061701004492,GBIME,18,54,20,294.00,"5,880.00"
2019-06-17,2019061701004491,GBIME,19,54,500,294.00,"147,000.00"
2019-06-17,2019061701004490,GBIME,5,4,100,295.00,"29,500.00"
2019-06-17,2019061701004380,GBIME,54,4,200,295.00,"59,000.00"
2019-06-17,2019061701004234,GBIME,39,4,150,295.00,"44,250.00"
2019-06-17,2019061701004611,GBIME,22,11,300,294.00,"88,200.00"
2019-06-17,2019061701004610,GBIME,51,11,50,294.00,"14,700.00"
2019-06-17,2019061701004609,GBIME,39,11,100,294.00,"29,400.00"
2019-06-17,2019061701004608,GBIME,42,11,350,294.00,"102,900.00"
2019-06-17,2019061701004607,GBIME,34,11,10,294.00,"2,940.00"
2019-06-17,2019061701004606,GBIME,36,11,216,294.00,"63,504.00"
2019-06-17,2019061701004464,GBLBS,14,48,10,352.00,"3,520.00"
2019-06-17,2019061701004266,GBLBS,14,26,10,352.00,"3,520.00"
2019-06-17,2019061701004165,GBLBS,14,45,10,352.00,"3,520.00"
2019-06-17,2019061701004555,GDBL,44,1,83,211.00,"17,513.00"
2019-06-17,2019061701004319,GILB,16,16,1,"1,186.00","1,186.00"
2019-06-17,2019061701004500,GRDBL,5,58,200,118.00,"23,600.00"
2019-06-17,2019061701004425,GUFL,44,32,"1,000",121.00,"121,000.00"
2019-06-17,2019061701004424,GUFL,44,37,"1,000",121.00,"121,000.00"
2019-06-17,2019061701004423,GUFL,44,58,100,121.00,"12,100.00"
2019-06-17,2019061701004422,GUFL,44,58,100,121.00,"12,100.00"
2019-06-17,2019061701004421,GUFL,44,51,500,121.00,"60,500.00"
2019-06-17,2019061701004420,GUFL,44,38,20,120.00,"2,400.00"
2019-06-17,2019061701004409,GUFL,44,38,360,120.00,"43,200.00"
2019-06-17,2019061701004408,GUFL,44,1,300,120.00,"36,000.00"
2019-06-17,2019061701004407,GUFL,44,57,"1,200",119.00,"142,800.00"
2019-06-17,2019061701004478,HBL,45,21,15,556.00,"8,340.00"
2019-06-17,2019061701004185,HGI,36,34,50,365.00,"18,250.00"
2019-06-17,2019061701004263,HIDCL,51,8,259,159.00,"41,181.00"
2019-06-17,2019061701004262,HIDCL,1,8,500,159.00,"79,500.00"
