Date,Transact. No.,Symbol,Buyer,Seller,Quantity,Rate,Amount
2019-05-08,2019050801006365,ADBL,58,48,145,388.00,"56,260.00"
2019-05-08,2019050801006364,ADBL,58,13,300,387.00,"116,100.00"
2019-05-08,2019050801006363,ADBL,58,59,255,386.00,"98,430.00"
2019-05-08,2019050801006360,ADBL,50,59,85,386.00,"32,810.00"
2019-05-08,2019050801006413,AHPC,48,52,20,106.00,"2,120.00"
2019-05-08,2019050801006391,AKPL,45,26,13,179.00,"2,327.00"
2019-05-08,2019050801006278,AKPL,45,26,13,179.00,"2,327.00"
2019-05-08,2019050801006268,AKPL,45,21,13,179.00,"2,327.00"
2019-05-08,2019050801006716,ALBSL,45,59,10,470.00,"4,700.00"
2019-05-08,2019050801006715,ALBSL,45,43,10,465.00,"4,650.00"
2019-05-08,2019050801006610,ALBSL,11,16,110,461.00,"50,710.00"
2019-05-08,2019050801006743,API,25,55,50,138.00,"6,900.00"
2019-05-08,2019050801006722,API,25,26,900,136.00,"122,400.00"
2019-05-08,2019050801006676,API,41,26,100,135.00,"13,500.00"
2019-05-08,2019050801006490,API,25,26,100,136.00,"13,600.00"
2019-05-08,2019050801006405,API,32,26,200,136.00,"27,200.00"
2019-05-08,2019050801006345,API,25,55,50,138.00,"6,900.00"
2019-05-08,2019050801006439,API,29,26,100,135.00,"13,500.00"
2019-05-08,2019050801006438,API,49,26,50,135.00,"6,750.00"
2019-05-08,2019050801006437,API,21,26,"1,000",135.00,"135,000.00"
2019-05-08,2019050801006436,API,41,26,"1,000",135.00,"135,000.00"
2019-05-08,2019050801006435,API,43,26,12,135.00,"1,620.00"
2019-05-08,2019050801006406,API,19,26,40,136.00,"5,440.00"
2019-05-08,2019050801006731,BBC,58,26,10,"1,672.00","16,720.00"
2019-05-08,2019050801006717,BOKL,1,4,"1,000",280.00,"280,000.00"
2019-05-08,2019050801006576,BOKL,16,19,15,279.00,"4,185.00"
2019-05-08,2019050801006523,BOKL,57,4,500,280.00,"140,000.00"
2019-05-08,2019050801006385,BOKL,16,50,15,279.00,"4,185.00"
2019-05-08,2019050801006301,BOKL,16,34,"1,000",279.00,"279,000.00"
2019-05-08,2019050801006285,BOKL,16,49,129,279.00,"35,991.00"
2019-05-08,2019050801006373,BPCL,58,56,10,373.00,"3,730.00"
2019-05-08,2019050801006353,BPCL,5,21,22,368.00,"8,096.00"
2019-05-08,2019050801006352,BPCL,41,1,18,369.00,"6,642.00"
2019-05-08,2019050801006280,BPCL,47,21,22,370.00,"8,140.00"
2019-05-08,2019050801006279,BPCL,47,51,22,369.00,"8,118.00"
2019-05-08,2019050801006653,CBBL,13,33,200,961.00,"192,200.00"
2019-05-08,2019050801006558,CBBL,13,42,150,961.00,"144,150.00"
2019-05-08,2019050801006557,CBBL,6,42,50,961.00,"48,050.00"
2019-05-08,2019050801006412,CBBL,13,51,500,963.00,"481,500.00"
2019-05-08,2019050801006411,CBBL,13,59,150,962.00,"144,300.00"
2019-05-08,2019050801006324,CBBL,49,59,50,962.00,"48,100.00"
2019-05-08,2019050801006765,CBL,33,4,10,152.00,"1,520.00"
2019-05-08,2019050801006734,CBL,33,4,100,152.00,"15,200.00"
2019-05-08,2019050801006691,CBL,41,4,120,152.00,"18,240.00"
2019-05-08,2019050801006684,CBL,6,4,"2,500",152.00,"380,000.00"
2019-05-08,2019050801006624,CBL,47,4,"1,000",152.00,"152,000.00"
2019-05-08,2019050801006464,CBL,1,4,100,152.00,"15,200.00"
2019-05-08,2019050801006463,CBL,1,13,"1,400",152.00,"212,800.00"
2019-05-08,2019050801006409,CBL,40,13,400,151.00,"60,400.00"
2019-05-08,2019050801006408,CBL,45,13,200,151.00,"30,200.00"
2019-05-08,2019050801006407,CBL,59,13,900,151.00,"135,900.00"
2019-05-08,2019050801006331,CBL,59,51,100,151.00,"15,100.00"
2019-05-08,2019050801006330,CBL,38,51,100,151.00,"15,100.00"
2019-05-08,2019050801006749,CCBL,59,32,135,177.00,"23,895.00"
2019-05-08,2019050801006748,CCBL,59,32,300,177.00,"53,100.00"
2019-05-08,2019050801006747,CCBL,32,32,65,177.00,"11,505.00"
2019-05-08,2019050801006590,CCBL,32,19,41,177.00,"7,257.00"
2019-05-08,2019050801006535,CCBL,32,38,394,177.00,"69,738.00"
2019-05-08,2019050801006534,CCBL,14,38,106,177.00,"18,762.00"
2019-05-08,2019050801006650,CHCL,56,40,100,529.00,"52,900.00"
2019-05-08,2019050801006598,CHCL,56,32,100,529.00,"52,900.00"
2019-05-08,2019050801006567,CHCL,56,32,100,529.00,"52,900.00"
2019-05-08,2019050801006432,CHCL,56,41,170,529.00,"89,930.00"
2019-05-08,2019050801006431,CHCL,41,41,30,529.00,"15,870.00"
2019-05-08,2019050801006524,CHLBS,43,38,10,477.00,"4,770.00"
2019-05-08,2019050801006616,CIT,41,41,48,"2,713.00","130,224.00"
2019-05-08,2019050801006460,CIT,58,49,100,"2,700.00","270,000.00"
2019-05-08,2019050801006448,CIT,45,33,91,"2,705.00","246,155.00"
2019-05-08,2019050801006447,CIT,45,41,28,"2,704.00","75,712.00"
2019-05-08,2019050801006446,CIT,45,43,100,"2,703.00","270,300.00"
2019-05-08,2019050801006445,CIT,45,28,41,"2,702.00","110,782.00"
2019-05-08,2019050801006444,CIT,45,19,240,"2,701.00","648,240.00"
2019-05-08,2019050801006441,CIT,41,19,10,"2,701.00","27,010.00"
2019-05-08,2019050801006399,CIT,22,19,50,"2,701.00","135,050.00"
2019-05-08,2019050801006397,CIT,16,29,30,"2,691.00","80,730.00"
2019-05-08,2019050801006325,CORBL,34,28,60,91.00,"5,460.00"
2019-05-08,2019050801006674,CZBIL,41,19,14,225.00,"3,150.00"
2019-05-08,2019050801006303,CZBIL,8,56,100,228.00,"22,800.00"
2019-05-08,2019050801006302,CZBIL,8,25,60,227.00,"13,620.00"
2019-05-08,2019050801006752,DBBL,29,4,37,132.00,"4,884.00"
2019-05-08,2019050801006751,DBBL,59,4,100,133.00,"13,300.00"
2019-05-08,2019050801006750,DBBL,57,4,363,133.00,"48,279.00"
2019-05-08,2019050801006510,DBBL,57,33,37,133.00,"4,921.00"
2019-05-08,2019050801006755,DDBL,42,49,78,742.00,"57,876.00"
2019-05-08,2019050801006726,DDBL,42,25,50,742.00,"37,100.00"
2019-05-08,2019050801006701,DDBL,42,7,275,743.00,"204,325.00"
2019-05-08,2019050801006694,DDBL,42,42,40,742.00,"29,680.00"
2019-05-08,2019050801006622,DDBL,42,17,82,742.00,"60,844.00"
2019-05-08,2019050801006621,DDBL,42,47,50,741.00,"37,050.00"
2019-05-08,2019050801006620,DDBL,42,45,"1,000",740.00,"740,000.00"
2019-05-08,2019050801006619,DDBL,42,49,100,737.00,"73,700.00"
2019-05-08,2019050801006618,DDBL,42,6,100,736.00,"73,600.00"
2019-05-08,2019050801006315,DDBL,11,6,24,731.00,"17,544.00"
2019-05-08,2019050801006527,EBL,26,48,30,666.00,"19,980.00"
2019-05-08,2019050801006525,EBL,25,48,20,666.00,"13,320.00"
2019-05-08,2019050801006327,EBL,58,1,100,668.00,"66,800.00"
2019-05-08,2019050801006326,EBL,58,58,100,668.00,"66,800.00"
2019-05-08,2019050801006679,EIC,58,41,30,441.00,"13,230.00"
2019-05-08,2019050801006290,EIC,43,22,10,440.00,"4,400.00"
2019-05-08,2019050801006289,EIC,43,22,20,440.00,"8,800.00"
2019-05-08,2019050801006744,FMDBL,33,34,122,411.00,"50,142.00"
2019-05-08,2019050801006713,FMDBL,48,34,50,412.00,"20,600.00"
2019-05-08,2019050801006712,FMDBL,56,34,"1,928",413.00,"796,264.00"
2019-05-08,2019050801006711,FMDBL,38,34,40,414.00,"16,560.00"
2019-05-08,2019050801006710,FMDBL,56,34,10,421.00,"4,210.00"
2019-05-08,2019050801006609,FMDBL,56,58,72,413.00,"29,736.00"
2019-05-08,2019050801006602,FMDBL,41,58,50,415.00,"20,750.00"
2019-05-08,2019050801006601,FMDBL,42,58,88,415.00,"36,520.00"
2019-05-08,2019050801006600,FMDBL,6,58,50,416.00,"20,800.00"
2019-05-08,2019050801006599,FMDBL,14,58,450,416.00,"187,200.00"
2019-05-08,2019050801006575,FMDBL,14,37,50,416.00,"20,800.00"
2019-05-08,2019050801006608,FMDBL,56,58,200,414.00,"82,800.00"
2019-05-08,2019050801006607,FMDBL,56,58,290,414.00,"120,060.00"
2019-05-08,2019050801006606,FMDBL,34,58,300,414.00,"124,200.00"
2019-05-08,2019050801006605,FMDBL,56,58,200,414.00,"82,800.00"
2019-05-08,2019050801006604,FMDBL,56,58,200,414.00,"82,800.00"
2019-05-08,2019050801006603,FMDBL,46,58,100,415.00,"41,500.00"
2019-05-08,2019050801006698,GBIME,38,49,36,314.00,"11,304.00"
2019-05-08,2019050801006555,GBIME,44,19,35,312.00,"10,920.00"
2019-05-08,2019050801006422,GBIME,44,45,500,313.00,"156,500.00"
2019-05-08,2019050801006663,GBLBS,13,14,10,368.00,"3,680.00"
2019-05-08,2019050801006452,GBLBS,25,21,10,361.00,"3,610.00"
2019-05-08,2019050801006430,GBLBS,7,55,130,367.00,"47,710.00"
2019-05-08,2019050801006429,GBLBS,7,28,100,367.00,"36,700.00"
2019-05-08,2019050801006428,GBLBS,7,56,100,366.00,"36,600.00"
2019-05-08,2019050801006427,GBLBS,7,16,59,365.00,"21,535.00"
2019-05-08,2019050801006426,GBLBS,7,36,100,364.00,"36,400.00"
2019-05-08,2019050801006425,GBLBS,7,5,10,363.00,"3,630.00"
2019-05-08,2019050801006410,GBLBS,25,26,10,361.00,"3,610.00"
2019-05-08,2019050801006334,GDBL,28,25,"1,000",212.00,"212,000.00"
2019-05-08,2019050801006577,HBL,34,52,18,585.00,"10,530.00"
2019-05-08,2019050801006398,HBL,46,39,13,587.00,"7,631.00"
2019-05-08,2019050801006333,HBL,34,5,15,580.00,"8,700.00"
2019-05-08,2019050801006314,HBL,34,58,719,580.00,"417,020.00"
2019-05-08,2019050801006313,HBL,45,58,223,580.00,"129,340.00"
2019-05-08,2019050801006312,HBL,21,58,20,580.00,"11,600.00"
2019-05-08,2019050801006311,HBL,58,58,320,581.00,"185,920.00"
2019-05-08,2019050801006296,HBL,58,40,80,581.00,"46,480.00"
2019-05-08,2019050801006295,HBL,56,40,50,582.00,"29,100.00"
2019-05-08,2019050801006640,HGI,22,39,70,391.00,"27,370.00"
2019-05-08,2019050801006639,HGI,39,39,50,391.00,"19,550.00"
2019-05-08,2019050801006638,HGI,45,39,50,392.00,"19,600.00"
2019-05-08,2019050801006637,HGI,13,39,20,395.00,"7,900.00"
2019-05-08,2019050801006636,HGI,36,39,365,395.00,"144,175.00"
2019-05-08,2019050801006754,HIDCL,5,6,30,141.00,"4,230.00"
2019-05-08,2019050801006404,HIDCL,41,46,103,142.00,"14,626.00"
2019-05-08,2019050801006630,HPPL,53,52,100,179.00,"17,900.00"
2019-05-08,2019050801006472,HPPL,53,21,10,179.00,"1,790.00"
2019-05-08,2019050801006596,ICFC,34,35,159,159.00,"25,281.00"
2019-05-08,2019050801006595,ICFC,34,58,100,159.00,"15,900.00"
2019-05-08,2019050801006594,ICFC,34,58,131,158.00,"20,698.00"
2019-05-08,2019050801006593,ICFC,34,22,500,157.00,"78,500.00"
2019-05-08,2019050801006697,IGI,32,42,150,415.00,"62,250.00"
2019-05-08,2019050801006742,JBNL,22,22,"1,000",205.00,"205,000.00"
2019-05-08,2019050801006690,JBNL,52,22,200,205.00,"41,000.00"
2019-05-08,2019050801006689,JBNL,52,26,200,205.00,"41,000.00"
2019-05-08,2019050801006443,JBNL,57,33,512,204.00,"104,448.00"
2019-05-08,2019050801006586,JSLBB,38,21,28,"2,090.00","58,520.00"
2019-05-08,2019050801006462,JSLBB,38,38,168,"2,056.00","345,408.00"
2019-05-08,2019050801006269,KBL,51,39,117,225.00,"26,325.00"
2019-05-08,2019050801006705,KNBL,42,33,40,138.00,"5,520.00"
2019-05-08,2019050801006735,KSBBL,1,20,77,148.00,"11,396.00"
2019-05-08,2019050801006372,KSBBL,1,26,85,148.00,"12,580.00"
2019-05-08,2019050801006291,KSBBL,1,22,200,148.00,"29,600.00"
2019-05-08,2019050801006540,LBBL,33,47,24,195.00,"4,680.00"
2019-05-08,2019050801006522,LBBL,43,52,100,194.00,"19,400.00"
2019-05-08,2019050801006509,LBBL,10,47,300,195.00,"58,500.00"
2019-05-08,2019050801006508,LBBL,10,4,700,195.00,"136,500.00"
2019-05-08,2019050801006374,LBBL,44,4,300,195.00,"58,500.00"
2019-05-08,2019050801006625,LGIL,14,14,172,520.00,"89,440.00"
2019-05-08,2019050801006504,LGIL,14,10,128,520.00,"66,560.00"
2019-05-08,2019050801006757,LICN,52,6,200,"1,935.00","387,000.00"
2019-05-08,2019050801006740,LICN,28,35,10,"1,907.00","19,070.00"
2019-05-08,2019050801006702,LICN,34,6,100,"1,935.00","193,500.00"
2019-05-08,2019050801006419,LICN,11,6,200,"1,935.00","387,000.00"
2019-05-08,2019050801006356,LICN,11,35,40,"1,934.00","77,360.00"
2019-05-08,2019050801006355,LICN,11,33,200,"1,933.00","386,600.00"
2019-05-08,2019050801006288,LICN,50,14,100,"1,930.00","193,000.00"
2019-05-08,2019050801006287,LICN,50,34,70,"1,930.00","135,100.00"
2019-05-08,2019050801006267,LICN,50,18,30,"1,929.00","57,870.00"
2019-05-08,2019050801006401,MBL,51,34,334,268.00,"89,512.00"
2019-05-08,2019050801006400,MBL,38,34,66,268.00,"17,688.00"
2019-05-08,2019050801006727,MEGA,14,39,10,195.00,"1,950.00"
2019-05-08,2019050801006683,MEGA,41,34,300,194.00,"58,200.00"
2019-05-08,2019050801006654,MEGA,41,49,100,194.00,"19,400.00"
2019-05-08,2019050801006623,MEGA,13,39,49,195.00,"9,555.00"
2019-05-08,2019050801006589,MEGA,41,38,"1,000",194.00,"194,000.00"
2019-05-08,2019050801006568,MEGA,41,6,21,194.00,"4,074.00"
2019-05-08,2019050801006378,MEGA,38,42,100,194.00,"19,400.00"
2019-05-08,2019050801006377,MEGA,17,42,272,194.00,"52,768.00"
2019-05-08,2019050801006340,MEGA,6,39,100,195.00,"19,500.00"
2019-05-08,2019050801006323,MEGA,17,29,100,194.00,"19,400.00"
2019-05-08,2019050801006320,MEGA,38,39,500,195.00,"97,500.00"
2019-05-08,2019050801006272,MEGA,17,1,223,194.00,"43,262.00"
2019-05-08,2019050801006440,MEGA,41,5,100,194.00,"19,400.00"
2019-05-08,2019050801006393,MEGA,41,16,150,194.00,"29,100.00"
2019-05-08,2019050801006384,MEGA,34,39,50,195.00,"9,750.00"
2019-05-08,2019050801006381,MEGA,41,42,28,194.00,"5,432.00"
2019-05-08,2019050801006380,MEGA,17,42,100,194.00,"19,400.00"
2019-05-08,2019050801006379,MEGA,38,42,500,194.00,"97,000.00"
2019-05-08,2019050801006559,MEGA,41,50,100,194.00,"19,400.00"
2019-05-08,2019050801006556,MEGA,38,39,100,195.00,"19,500.00"
2019-05-08,2019050801006496,MEGA,41,39,875,194.00,"169,750.00"
2019-05-08,2019050801006491,MEGA,41,45,"1,419",194.00,"275,286.00"
2019-05-08,2019050801006488,MEGA,41,45,"1,000",194.00,"194,000.00"
2019-05-08,2019050801006481,MEGA,25,39,300,195.00,"58,500.00"
2019-05-08,2019050801006704,MERO,34,47,11,635.00,"6,985.00"
2019-05-08,2019050801006703,MERO,11,47,10,637.00,"6,370.00"
2019-05-08,2019050801006396,MLBBL,52,14,20,510.00,"10,200.00"
2019-05-08,2019050801006395,MLBBL,17,14,10,514.00,"5,140.00"
2019-05-08,2019050801006394,MLBBL,45,14,20,515.00,"10,300.00"
2019-05-08,2019050801006346,MLBL,21,16,100,188.00,"18,800.00"
2019-05-08,2019050801006319,MLBL,17,16,100,188.00,"18,800.00"
2019-05-08,2019050801006581,MMFDB,48,57,80,930.00,"74,400.00"
2019-05-08,2019050801006500,MMFDB,48,6,20,930.00,"18,600.00"
2019-05-08,2019050801006753,MNBBL,49,58,10,382.00,"3,820.00"
2019-05-08,2019050801006725,MNBBL,57,58,100,382.00,"38,200.00"
2019-05-08,2019050801006692,MNBBL,43,52,16,381.00,"6,096.00"
2019-05-08,2019050801006675,MNBBL,49,58,10,382.00,"3,820.00"
2019-05-08,2019050801006266,MPFL,38,58,100,161.00,"16,100.00"
2019-05-08,2019050801006714,MSLB,38,58,25,"1,200.00","30,000.00"
2019-05-08,2019050801006434,MSMBS,1,22,11,516.00,"5,676.00"
2019-05-08,2019050801006349,NABIL,34,4,20,846.00,"16,920.00"
2019-05-08,2019050801006293,NABIL,48,51,30,841.00,"25,230.00"
2019-05-08,2019050801006283,NABIL,22,4,25,846.00,"21,150.00"
2019-05-08,2019050801006484,NABILP,19,6,100,824.00,"82,400.00"
2019-05-08,2019050801006483,NABILP,11,6,200,825.00,"165,000.00"
2019-05-08,2019050801006482,NABILP,45,6,32,825.00,"26,400.00"
2019-05-08,2019050801006486,NADEP,32,21,10,508.00,"5,080.00"
2019-05-08,2019050801006485,NADEP,51,21,10,509.00,"5,090.00"
2019-05-08,2019050801006528,NBB,51,5,300,231.00,"69,300.00"
2019-05-08,2019050801006494,NBB,51,38,"1,000",231.00,"231,000.00"
2019-05-08,2019050801006389,NBB,51,21,400,231.00,"92,400.00"
2019-05-08,2019050801006388,NBB,51,21,200,231.00,"46,200.00"
2019-05-08,2019050801006387,NBB,46,21,400,231.00,"92,400.00"
2019-05-08,2019050801006299,NBB,58,14,50,232.00,"11,600.00"
2019-05-08,2019050801006298,NBB,5,14,36,232.00,"8,352.00"
2019-05-08,2019050801006282,NBB,5,43,464,232.00,"107,648.00"
2019-05-08,2019050801006281,NBB,5,43,36,232.00,"8,352.00"
2019-05-08,2019050801006764,NBL,33,49,100,313.00,"31,300.00"
2019-05-08,2019050801006563,NBL,44,21,"1,000",312.00,"312,000.00"
2019-05-08,2019050801006562,NBL,44,46,"1,000",312.00,"312,000.00"
2019-05-08,2019050801006561,NBL,44,16,730,312.00,"227,760.00"
2019-05-08,2019050801006533,NBL,28,46,90,311.00,"27,990.00"
2019-05-08,2019050801006532,NBL,47,46,800,311.00,"248,800.00"
2019-05-08,2019050801006531,NBL,38,46,100,311.00,"31,100.00"
2019-05-08,2019050801006530,NBL,14,46,10,311.00,"3,110.00"
2019-05-08,2019050801006318,NBL,28,16,70,312.00,"21,840.00"
2019-05-08,2019050801006300,NBL,28,32,900,312.00,"280,800.00"
2019-05-08,2019050801006723,NCCB,58,29,10,247.00,"2,470.00"
2019-05-08,2019050801006708,NCCB,37,52,250,246.00,"61,500.00"
2019-05-08,2019050801006707,NCCB,37,33,267,246.00,"65,682.00"
2019-05-08,2019050801006660,NCCB,34,33,"2,233",246.00,"549,318.00"
2019-05-08,2019050801006538,NCCB,16,16,541,246.00,"133,086.00"
2019-05-08,2019050801006537,NCCB,16,33,591,246.00,"145,386.00"
2019-05-08,2019050801006449,NCCB,32,32,"1,859",246.00,"457,314.00"
2019-05-08,2019050801006421,NCCB,32,33,75,246.00,"18,450.00"
2019-05-08,2019050801006383,NCCB,32,10,"3,000",246.00,"738,000.00"
2019-05-08,2019050801006479,NCCB,16,33,"1,500",246.00,"369,000.00"
2019-05-08,2019050801006478,NCCB,58,33,50,246.00,"12,300.00"
2019-05-08,2019050801006477,NCCB,28,33,"1,500",246.00,"369,000.00"
2019-05-08,2019050801006476,NCCB,28,33,359,246.00,"88,314.00"
2019-05-08,2019050801006475,NCCB,28,32,"1,000",246.00,"246,000.00"
2019-05-08,2019050801006450,NCCB,28,32,141,246.00,"34,686.00"
2019-05-08,2019050801006614,NIB,28,58,100,562.00,"56,200.00"
2019-05-08,2019050801006564,NIB,34,44,20,564.00,"11,280.00"
2019-05-08,2019050801006493,NIB,28,21,44,562.00,"24,728.00"
2019-05-08,2019050801006489,NIB,28,54,50,562.00,"28,100.00"
2019-05-08,2019050801006473,NIBPO,34,25,20,538.00,"10,760.00"
2019-05-08,2019050801006468,NIBPO,8,28,100,532.00,"53,200.00"
2019-05-08,2019050801006467,NIBPO,29,28,100,532.00,"53,200.00"
2019-05-08,2019050801006466,NIBPO,47,28,200,532.00,"106,400.00"
2019-05-08,2019050801006696,NICA,38,54,100,493.00,"49,300.00"
2019-05-08,2019050801006678,NICA,38,6,629,493.00,"310,097.00"
2019-05-08,2019050801006677,NICA,13,6,171,493.00,"84,303.00"
2019-05-08,2019050801006643,NICA,13,6,229,493.00,"112,897.00"
2019-05-08,2019050801006642,NICA,45,6,500,493.00,"246,500.00"
2019-05-08,2019050801006641,NICA,22,6,71,493.00,"35,003.00"
2019-05-08,2019050801006342,NICA,59,57,23,493.00,"11,339.00"
2019-05-08,2019050801006341,NICA,59,57,77,493.00,"37,961.00"
2019-05-08,2019050801006329,NICA,59,33,200,493.00,"98,600.00"
2019-05-08,2019050801006634,NICA,7,45,45,495.00,"22,275.00"
2019-05-08,2019050801006633,NICA,7,44,55,495.00,"27,225.00"
2019-05-08,2019050801006628,NICA,22,6,429,493.00,"211,497.00"
2019-05-08,2019050801006627,NICA,59,6,200,493.00,"98,600.00"
2019-05-08,2019050801006626,NICA,59,6,271,493.00,"133,603.00"
2019-05-08,2019050801006553,NICA,59,6,206,493.00,"101,558.00"
2019-05-08,2019050801006664,NICL,38,53,98,401.00,"39,298.00"
2019-05-08,2019050801006551,NIL,54,29,300,521.00,"156,300.00"
2019-05-08,2019050801006544,NIL,5,50,100,522.00,"52,200.00"
2019-05-08,2019050801006386,NIL,43,50,50,522.00,"26,100.00"
2019-05-08,2019050801006382,NIL,54,22,12,521.00,"6,252.00"
2019-05-08,2019050801006344,NIL,54,21,181,521.00,"94,301.00"
2019-05-08,2019050801006343,NIL,41,21,19,521.00,"9,899.00"
2019-05-08,2019050801006321,NIL,41,48,300,521.00,"156,300.00"
2019-05-08,2019050801006277,NIL,43,36,50,522.00,"26,100.00"
2019-05-08,2019050801006276,NIL,44,36,50,522.00,"26,100.00"
2019-05-08,2019050801006275,NIL,43,36,50,522.00,"26,100.00"
2019-05-08,2019050801006274,NIL,41,36,200,522.00,"104,400.00"
2019-05-08,2019050801006273,NIL,43,36,50,522.00,"26,100.00"
2019-05-08,2019050801006706,NLBBL,19,22,100,541.00,"54,100.00"
2019-05-08,2019050801006662,NLBBL,10,43,24,535.00,"12,840.00"
2019-05-08,2019050801006495,NLBBL,22,41,100,541.00,"54,100.00"
2019-05-08,2019050801006746,NLIC,38,42,49,981.00,"48,069.00"
2019-05-08,2019050801006745,NLIC,38,42,51,981.00,"50,031.00"
2019-05-08,2019050801006648,NLIC,1,42,49,981.00,"48,069.00"
2019-05-08,2019050801006536,NLIC,57,7,100,978.00,"97,800.00"
2019-05-08,2019050801006465,NLIC,40,51,131,980.00,"128,380.00"
2019-05-08,2019050801006310,NLICL,11,14,200,672.00,"134,400.00"
2019-05-08,2019050801006511,NMB,29,43,163,383.00,"62,429.00"
2019-05-08,2019050801006487,NMB,55,26,100,384.00,"38,400.00"
2019-05-08,2019050801006416,NMB,29,43,500,383.00,"191,500.00"
2019-05-08,2019050801006351,NMB,29,4,337,383.00,"129,071.00"
2019-05-08,2019050801006350,NMB,16,4,163,383.00,"62,429.00"
2019-05-08,2019050801006335,NMBMF,17,38,100,970.00,"97,000.00"
2019-05-08,2019050801006317,NMBMF,17,14,59,970.00,"57,230.00"
2019-05-08,2019050801006316,NMBMF,40,14,20,972.00,"19,440.00"
2019-05-08,2019050801006336,NMFBS,45,29,10,"1,725.00","17,250.00"
2019-05-08,2019050801006693,NTC,14,14,10,704.00,"7,040.00"
2019-05-08,2019050801006469,NTC,33,35,10,701.00,"7,010.00"
2019-05-08,2019050801006271,NTC,14,14,10,704.00,"7,040.00"
2019-05-08,2019050801006270,NTC,14,45,100,703.00,"70,300.00"
2019-05-08,2019050801006371,NTC,51,14,10,704.00,"7,040.00"
2019-05-08,2019050801006585,NUBL,22,28,120,862.00,"103,440.00"
2019-05-08,2019050801006584,NUBL,46,28,50,864.00,"43,200.00"
2019-05-08,2019050801006583,NUBL,45,28,100,865.00,"86,500.00"
2019-05-08,2019050801006582,NUBL,51,28,30,865.00,"25,950.00"
2019-05-08,2019050801006762,OHL,49,59,10,580.00,"5,800.00"
2019-05-08,2019050801006339,OHL,40,16,100,575.00,"57,500.00"
2019-05-08,2019050801006721,PCBL,43,57,675,354.00,"238,950.00"
2019-05-08,2019050801006720,PCBL,1,57,100,354.00,"35,400.00"
2019-05-08,2019050801006719,PCBL,43,57,500,354.00,"177,000.00"
2019-05-08,2019050801006718,PCBL,57,57,555,354.00,"196,470.00"
2019-05-08,2019050801006661,PCBL,57,19,17,354.00,"6,018.00"
2019-05-08,2019050801006418,PCBL,50,57,59,355.00,"20,945.00"
2019-05-08,2019050801006322,PCBL,57,28,524,354.00,"185,496.00"
2019-05-08,2019050801006513,PFL,38,21,39,135.00,"5,265.00"
2019-05-08,2019050801006730,PIC,47,42,66,"1,115.00","73,590.00"
2019-05-08,2019050801006672,PIC,6,42,34,"1,123.00","38,182.00"
2019-05-08,2019050801006671,PIC,6,6,100,"1,123.00","112,300.00"
2019-05-08,2019050801006670,PIC,6,25,93,"1,122.00","104,346.00"
2019-05-08,2019050801006669,PIC,6,14,20,"1,120.00","22,400.00"
2019-05-08,2019050801006668,PIC,6,35,11,"1,120.00","12,320.00"
2019-05-08,2019050801006367,PIC,6,54,18,"1,106.00","19,908.00"
2019-05-08,2019050801006366,PIC,40,54,139,"1,107.00","153,873.00"
2019-05-08,2019050801006297,PIC,45,26,11,"1,108.00","12,188.00"
2019-05-08,2019050801006470,PIC,47,42,50,"1,110.00","55,500.00"
2019-05-08,2019050801006415,PIC,7,51,10,"1,104.00","11,040.00"
2019-05-08,2019050801006414,PIC,5,51,90,"1,104.00","99,360.00"
2019-05-08,2019050801006370,PIC,32,54,193,"1,105.00","213,265.00"
2019-05-08,2019050801006369,PIC,7,54,100,"1,106.00","110,600.00"
2019-05-08,2019050801006368,PIC,37,54,50,"1,106.00","55,300.00"
2019-05-08,2019050801006546,PIC,47,33,100,"1,113.00","111,300.00"
2019-05-08,2019050801006545,PIC,47,45,11,"1,112.00","12,232.00"
2019-05-08,2019050801006539,PIC,47,33,100,"1,111.00","111,100.00"
2019-05-08,2019050801006529,PIC,47,21,11,"1,105.00","12,155.00"
2019-05-08,2019050801006507,PIC,47,42,50,"1,110.00","55,500.00"
2019-05-08,2019050801006471,PIC,47,42,50,"1,110.00","55,500.00"
2019-05-08,2019050801006572,PIC,11,21,11,"1,117.00","12,287.00"
2019-05-08,2019050801006571,PIC,11,1,10,"1,116.00","11,160.00"
2019-05-08,2019050801006550,PIC,47,6,11,"1,115.00","12,265.00"
2019-05-08,2019050801006549,PIC,47,13,44,"1,115.00","49,060.00"
2019-05-08,2019050801006548,PIC,47,45,11,"1,115.00","12,265.00"
2019-05-08,2019050801006547,PIC,47,33,100,"1,114.00","111,400.00"
2019-05-08,2019050801006667,PIC,6,35,11,"1,120.00","12,320.00"
2019-05-08,2019050801006666,PIC,6,5,20,"1,120.00","22,400.00"
2019-05-08,2019050801006665,PIC,6,7,11,"1,120.00","12,320.00"
2019-05-08,2019050801006629,PIC,11,45,100,"1,118.00","111,800.00"
2019-05-08,2019050801006574,PIC,11,28,115,"1,117.00","128,455.00"
2019-05-08,2019050801006573,PIC,11,57,11,"1,117.00","12,287.00"
2019-05-08,2019050801006580,PICL,21,22,20,720.00,"14,400.00"
2019-05-08,2019050801006756,PLIC,48,6,50,482.00,"24,100.00"
2019-05-08,2019050801006737,PLIC,48,7,17,485.00,"8,245.00"
2019-05-08,2019050801006644,PLIC,48,54,100,482.00,"48,200.00"
2019-05-08,2019050801006569,PLIC,17,20,50,483.00,"24,150.00"
2019-05-08,2019050801006682,PMHPL,56,13,10,114.00,"1,140.00"
2019-05-08,2019050801006763,PRIN,51,51,180,415.00,"74,700.00"
2019-05-08,2019050801006724,PRIN,16,16,100,416.00,"41,600.00"
2019-05-08,2019050801006647,PRIN,59,41,200,417.00,"83,400.00"
2019-05-08,2019050801006617,PRIN,55,41,200,417.00,"83,400.00"
2019-05-08,2019050801006592,PRIN,51,22,20,415.00,"8,300.00"
2019-05-08,2019050801006579,PRIN,19,16,500,416.00,"208,000.00"
2019-05-08,2019050801006515,PRIN,51,50,100,415.00,"41,500.00"
2019-05-08,2019050801006514,PRIN,17,50,100,415.00,"41,500.00"
2019-05-08,2019050801006307,PRIN,35,58,705,415.00,"292,575.00"
2019-05-08,2019050801006286,PRIN,45,58,100,415.00,"41,500.00"
2019-05-08,2019050801006521,PRIN,25,50,68,414.00,"28,152.00"
2019-05-08,2019050801006520,PRIN,7,50,100,414.00,"41,400.00"
2019-05-08,2019050801006519,PRIN,48,50,100,414.00,"41,400.00"
2019-05-08,2019050801006518,PRIN,28,50,156,414.00,"64,584.00"
2019-05-08,2019050801006517,PRIN,48,50,100,414.00,"41,400.00"
2019-05-08,2019050801006516,PRIN,33,50,40,414.00,"16,560.00"
2019-05-08,2019050801006736,PRVU,10,43,150,283.00,"42,450.00"
2019-05-08,2019050801006635,PRVU,45,19,11,282.00,"3,102.00"
2019-05-08,2019050801006597,PRVU,29,43,"1,000",283.00,"283,000.00"
2019-05-08,2019050801006578,PRVU,45,58,100,282.00,"28,200.00"
2019-05-08,2019050801006560,PRVU,59,43,"1,000",283.00,"283,000.00"
2019-05-08,2019050801006709,RHPC,33,52,350,94.00,"32,900.00"
2019-05-08,2019050801006612,RMDC,49,19,12,642.00,"7,704.00"
2019-05-08,2019050801006591,RMDC,49,28,103,642.00,"66,126.00"
2019-05-08,2019050801006526,SADBL,52,6,100,151.00,"15,100.00"
2019-05-08,2019050801006358,SADBL,57,33,10,150.00,"1,500.00"
2019-05-08,2019050801006357,SADBL,55,33,582,150.00,"87,300.00"
2019-05-08,2019050801006338,SADBL,55,26,128,150.00,"19,200.00"
2019-05-08,2019050801006294,SAEF,52,45,200,9.89,"1,978.00"
2019-05-08,2019050801006659,SANIMA,38,34,435,356.00,"154,860.00"
2019-05-08,2019050801006658,SANIMA,43,34,495,357.00,"176,715.00"
2019-05-08,2019050801006657,SANIMA,49,34,500,358.00,"179,000.00"
2019-05-08,2019050801006656,SANIMA,50,34,324,359.00,"116,316.00"
2019-05-08,2019050801006655,SANIMA,10,34,450,359.00,"161,550.00"
2019-05-08,2019050801006552,SANIMA,56,53,617,360.00,"222,120.00"
2019-05-08,2019050801006512,SANIMA,56,45,400,360.00,"144,000.00"
2019-05-08,2019050801006403,SANIMA,56,36,300,360.00,"108,000.00"
2019-05-08,2019050801006402,SANIMA,56,37,183,360.00,"65,880.00"
2019-05-08,2019050801006284,SANIMA,19,37,117,360.00,"42,120.00"
2019-05-08,2019050801006451,SBBLJ,50,33,10,197.00,"1,970.00"
2019-05-08,2019050801006680,SCB,35,22,30,704.00,"21,120.00"
2019-05-08,2019050801006423,SCB,34,26,20,704.00,"14,080.00"
2019-05-08,2019050801006328,SCB,40,26,20,701.00,"14,020.00"
2019-05-08,2019050801006741,SDESI,56,52,11,633.00,"6,963.00"
2019-05-08,2019050801006417,SDESI,56,37,294,633.00,"186,102.00"
2019-05-08,2019050801006376,SDESI,56,37,13,633.00,"8,229.00"
2019-05-08,2019050801006375,SDESI,35,37,77,634.00,"48,818.00"
2019-05-08,2019050801006739,SHIVM,1,58,50,390.00,"19,500.00"
2019-05-08,2019050801006738,SHIVM,1,39,295,390.00,"115,050.00"
2019-05-08,2019050801006732,SHIVM,58,39,100,390.00,"39,000.00"
2019-05-08,2019050801006699,SHIVM,58,37,100,387.00,"38,700.00"
2019-05-08,2019050801006695,SHIVM,35,39,100,390.00,"39,000.00"
2019-05-08,2019050801006685,SHIVM,44,49,100,388.00,"38,800.00"
2019-05-08,2019050801006390,SHIVM,58,43,50,391.00,"19,550.00"
2019-05-08,2019050801006362,SHIVM,58,41,50,391.00,"19,550.00"
2019-05-08,2019050801006337,SHIVM,58,6,50,391.00,"19,550.00"
2019-05-08,2019050801006309,SHIVM,57,49,300,392.00,"117,600.00"
2019-05-08,2019050801006306,SHIVM,58,49,20,391.00,"7,820.00"
2019-05-08,2019050801006305,SHIVM,22,49,30,391.00,"11,730.00"
2019-05-08,2019050801006454,SHIVM,46,49,550,390.00,"214,500.00"
2019-05-08,2019050801006453,SHIVM,58,49,780,391.00,"304,980.00"
2019-05-08,2019050801006433,SHIVM,58,43,50,391.00,"19,550.00"
2019-05-08,2019050801006424,SHIVM,58,34,100,391.00,"39,100.00"
2019-05-08,2019050801006420,SHIVM,58,21,400,391.00,"156,400.00"
2019-05-08,2019050801006392,SHIVM,58,42,500,391.00,"195,500.00"
2019-05-08,2019050801006461,SHIVM,58,43,50,391.00,"19,550.00"
2019-05-08,2019050801006459,SHIVM,58,49,"2,000",390.00,"780,000.00"
2019-05-08,2019050801006458,SHIVM,45,49,500,390.00,"195,000.00"
2019-05-08,2019050801006457,SHIVM,41,49,"1,000",390.00,"390,000.00"
2019-05-08,2019050801006456,SHIVM,41,49,"1,000",390.00,"390,000.00"
2019-05-08,2019050801006455,SHIVM,49,49,"1,000",390.00,"390,000.00"
2019-05-08,2019050801006681,SHIVM,58,37,100,387.00,"38,700.00"
2019-05-08,2019050801006646,SHIVM,36,49,200,388.00,"77,600.00"
2019-05-08,2019050801006645,SHIVM,6,49,700,388.00,"271,600.00"
2019-05-08,2019050801006506,SHIVM,6,49,300,388.00,"116,400.00"
2019-05-08,2019050801006505,SHIVM,7,49,200,389.00,"77,800.00"
2019-05-08,2019050801006474,SHIVM,58,49,250,391.00,"97,750.00"
2019-05-08,2019050801006480,SHL,32,43,255,236.00,"60,180.00"
2019-05-08,2019050801006361,SHL,40,52,270,234.00,"63,180.00"
2019-05-08,2019050801006347,SHL,17,52,730,235.00,"171,550.00"
2019-05-08,2019050801006587,SHPC,34,54,337,258.00,"86,946.00"
2019-05-08,2019050801006566,SHPC,4,54,353,259.00,"91,427.00"
2019-05-08,2019050801006565,SHPC,4,54,410,260.00,"106,600.00"
2019-05-08,2019050801006543,SHPC,4,39,80,260.00,"20,800.00"
2019-05-08,2019050801006542,SHPC,4,39,71,260.00,"18,460.00"
2019-05-08,2019050801006541,SHPC,4,10,439,260.00,"114,140.00"
2019-05-08,2019050801006492,SHPC,4,57,647,259.00,"167,573.00"
2019-05-08,2019050801006729,SIC,40,43,25,"1,410.00","35,250.00"
2019-05-08,2019050801006728,SIC,40,45,75,"1,410.00","105,750.00"
2019-05-08,2019050801006649,SIC,40,53,100,"1,410.00","141,000.00"
2019-05-08,2019050801006615,SIC,40,53,100,"1,410.00","141,000.00"
2019-05-08,2019050801006588,SIC,40,53,100,"1,410.00","141,000.00"
2019-05-08,2019050801006499,SIC,11,35,100,"1,410.00","141,000.00"
2019-05-08,2019050801006498,SIC,11,49,100,"1,409.00","140,900.00"
2019-05-08,2019050801006497,SIC,11,16,50,"1,409.00","70,450.00"
2019-05-08,2019050801006502,SICL,40,22,20,891.00,"17,820.00"
2019-05-08,2019050801006359,SINDU,32,51,18,130.00,"2,340.00"
2019-05-08,2019050801006304,SINDU,34,1,100,132.00,"13,200.00"
2019-05-08,2019050801006292,SINDU,25,1,95,133.00,"12,635.00"
2019-05-08,2019050801006652,SLBSL,17,14,10,606.00,"6,060.00"
2019-05-08,2019050801006651,SLBSL,17,39,10,606.00,"6,060.00"
2019-05-08,2019050801006308,SLBSL,17,40,10,606.00,"6,060.00"
2019-05-08,2019050801006700,SLICL,53,39,28,567.00,"15,876.00"
2019-05-08,2019050801006688,SLICL,11,39,286,568.00,"162,448.00"
2019-05-08,2019050801006687,SLICL,22,39,200,569.00,"113,800.00"
2019-05-08,2019050801006686,SLICL,17,39,386,569.00,"219,634.00"
2019-05-08,2019050801006613,SLICL,17,44,14,569.00,"7,966.00"
2019-05-08,2019050801006554,SLICL,11,44,14,568.00,"7,952.00"
2019-05-08,2019050801006332,SMATA,41,58,10,"1,259.00","12,590.00"
2019-05-08,2019050801006632,UFL,20,28,200,192.00,"38,400.00"
2019-05-08,2019050801006631,UFL,39,28,20,193.00,"3,860.00"
2019-05-08,2019050801006673,UIC,5,29,50,975.00,"48,750.00"
2019-05-08,2019050801006761,UMHL,59,46,200,118.00,"23,600.00"
2019-05-08,2019050801006760,UMHL,59,37,100,118.00,"11,800.00"
2019-05-08,2019050801006759,UMHL,59,17,11,118.00,"1,298.00"
2019-05-08,2019050801006758,UMHL,59,58,14,117.00,"1,638.00"
2019-05-08,2019050801006733,UMHL,59,22,24,116.00,"2,784.00"
2019-05-08,2019050801006611,UNL,3,54,10,"20,500.00","205,000.00"
2019-05-08,2019050801006570,UPPER,1,28,50,234.00,"11,700.00"
2019-05-08,2019050801006503,UPPER,1,53,181,234.00,"42,354.00"
2019-05-08,2019050801006501,UPPER,37,53,819,234.00,"191,646.00"
2019-05-08,2019050801006442,UPPER,37,26,40,234.00,"9,360.00"
2019-05-08,2019050801006354,UPPER,37,40,40,234.00,"9,360.00"
2019-05-08,2019050801006348,UPPER,37,26,50,234.00,"11,700.00"
2019-05-08,2019050801006192,ADBL,49,4,53,384.00,"20,352.00"
2019-05-08,2019050801006186,ADBL,49,14,50,384.00,"19,200.00"
2019-05-08,2019050801006170,ADBL,49,42,30,384.00,"11,520.00"
2019-05-08,2019050801006125,ADBL,49,51,101,384.00,"38,784.00"
2019-05-08,2019050801005842,ADBL,45,59,15,386.00,"5,790.00"
2019-05-08,2019050801005776,ADBL,22,59,100,387.00,"38,700.00"
2019-05-08,2019050801006262,AKPL,45,40,20,179.00,"3,580.00"
2019-05-08,2019050801006235,AKPL,45,26,13,179.00,"2,327.00"
2019-05-08,2019050801006201,AKPL,45,26,13,179.00,"2,327.00"
2019-05-08,2019050801006166,AKPL,19,58,200,182.00,"36,400.00"
2019-05-08,2019050801006135,AKPL,45,26,13,179.00,"2,327.00"
2019-05-08,2019050801006079,AKPL,45,26,13,179.00,"2,327.00"
2019-05-08,2019050801005794,AKPL,59,29,13,178.00,"2,314.00"
2019-05-08,2019050801006046,AKPL,45,21,13,179.00,"2,327.00"
2019-05-08,2019050801006034,AKPL,45,26,13,179.00,"2,327.00"
2019-05-08,2019050801005991,AKPL,41,57,13,180.00,"2,340.00"
2019-05-08,2019050801005931,AKPL,45,26,196,179.00,"35,084.00"
2019-05-08,2019050801005870,AKPL,45,21,13,179.00,"2,327.00"
2019-05-08,2019050801005843,AKPL,40,26,196,179.00,"35,084.00"
2019-05-08,2019050801005888,ALICL,42,16,50,440.00,"22,000.00"
2019-05-08,2019050801005885,ALICL,19,16,100,440.00,"44,000.00"
2019-05-08,2019050801006237,API,32,25,500,136.00,"68,000.00"
2019-05-08,2019050801006193,API,32,39,"1,000",136.00,"136,000.00"
2019-05-08,2019050801006156,API,32,51,300,136.00,"40,800.00"
2019-05-08,2019050801006239,BOKL,25,5,100,278.00,"27,800.00"
2019-05-08,2019050801006091,BOKL,25,43,138,278.00,"38,364.00"
2019-05-08,2019050801006090,BOKL,33,43,"1,000",279.00,"279,000.00"
2019-05-08,2019050801006089,BOKL,51,43,62,279.00,"17,298.00"
2019-05-08,2019050801005948,BOKL,41,13,44,280.00,"12,320.00"
2019-05-08,2019050801005935,BPCL,58,56,12,373.00,"4,476.00"
2019-05-08,2019050801005921,BPCL,41,14,22,369.00,"8,118.00"
2019-05-08,2019050801005900,BPCL,41,56,200,370.00,"74,000.00"
2019-05-08,2019050801005899,BPCL,35,56,25,370.00,"9,250.00"
2019-05-08,2019050801005898,BPCL,35,56,43,370.00,"15,910.00"
2019-05-08,2019050801005897,BPCL,10,56,200,371.00,"74,200.00"
2019-05-08,2019050801005850,BPCL,52,21,22,371.00,"8,162.00"
2019-05-08,2019050801005942,CBBL,26,48,100,962.00,"96,200.00"
2019-05-08,2019050801006179,CBL,8,13,500,152.00,"76,000.00"
2019-05-08,2019050801006133,CBL,13,13,500,151.00,"75,500.00"
2019-05-08,2019050801006132,CBL,11,13,"1,000",151.00,"151,000.00"
2019-05-08,2019050801006129,CBL,47,13,100,152.00,"15,200.00"
2019-05-08,2019050801005990,CBL,10,10,"3,104",150.00,"465,600.00"
2019-05-08,2019050801005989,CBL,25,10,500,150.00,"75,000.00"
2019-05-08,2019050801005958,CBL,42,10,"3,000",151.00,"453,000.00"
2019-05-08,2019050801005964,CBL,39,10,"2,000",151.00,"302,000.00"
2019-05-08,2019050801005963,CBL,7,10,"3,000",151.00,"453,000.00"
2019-05-08,2019050801005962,CBL,11,10,200,151.00,"30,200.00"
2019-05-08,2019050801005961,CBL,59,10,"1,000",151.00,"151,000.00"
2019-05-08,2019050801005960,CBL,34,10,300,151.00,"45,300.00"
2019-05-08,2019050801005959,CBL,48,10,"1,000",151.00,"151,000.00"
2019-05-08,2019050801005970,CBL,59,10,500,150.00,"75,000.00"
2019-05-08,2019050801005969,CBL,22,10,"2,000",150.00,"300,000.00"
2019-05-08,2019050801005968,CBL,51,10,500,151.00,"75,500.00"
2019-05-08,2019050801005967,CBL,48,10,"1,000",151.00,"151,000.00"
2019-05-08,2019050801005966,CBL,49,10,"1,050",151.00,"158,550.00"
2019-05-08,2019050801005965,CBL,38,10,"1,000",151.00,"151,000.00"
2019-05-08,2019050801005976,CBL,29,10,"2,000",150.00,"300,000.00"
2019-05-08,2019050801005975,CBL,7,10,500,150.00,"75,000.00"
2019-05-08,2019050801005974,CBL,33,10,"1,000",150.00,"150,000.00"
2019-05-08,2019050801005973,CBL,7,10,500,150.00,"75,000.00"
2019-05-08,2019050801005972,CBL,58,10,"5,000",150.00,"750,000.00"
2019-05-08,2019050801005971,CBL,44,10,"1,000",150.00,"150,000.00"
2019-05-08,2019050801005982,CBL,59,10,500,150.00,"75,000.00"
2019-05-08,2019050801005981,CBL,5,10,"1,000",150.00,"150,000.00"
2019-05-08,2019050801005980,CBL,29,10,"2,000",150.00,"300,000.00"
2019-05-08,2019050801005979,CBL,4,10,"1,000",150.00,"150,000.00"
2019-05-08,2019050801005978,CBL,48,10,"1,500",150.00,"225,000.00"
2019-05-08,2019050801005977,CBL,7,10,400,150.00,"60,000.00"
2019-05-08,2019050801005988,CBL,26,10,"1,000",150.00,"150,000.00"
2019-05-08,2019050801005987,CBL,25,10,"1,000",150.00,"150,000.00"
2019-05-08,2019050801005986,CBL,34,10,500,150.00,"75,000.00"
2019-05-08,2019050801005985,CBL,5,10,"1,000",150.00,"150,000.00"
2019-05-08,2019050801005984,CBL,48,10,500,150.00,"75,000.00"
2019-05-08,2019050801005983,CBL,36,10,"1,000",150.00,"150,000.00"
2019-05-08,2019050801006225,CCBL,14,51,438,177.00,"77,526.00"
2019-05-08,2019050801006218,CCBL,26,47,388,178.00,"69,064.00"
2019-05-08,2019050801006217,CCBL,26,29,944,178.00,"168,032.00"
2019-05-08,2019050801006216,CCBL,26,55,290,178.00,"51,620.00"
2019-05-08,2019050801006215,CCBL,26,32,145,178.00,"25,810.00"
2019-05-08,2019050801006082,CCBL,14,39,220,177.00,"38,940.00"
2019-05-08,2019050801006059,CCBL,38,32,55,178.00,"9,790.00"
2019-05-08,2019050801006058,CCBL,38,20,23,178.00,"4,094.00"
2019-05-08,2019050801006057,CCBL,38,14,400,178.00,"71,200.00"
2019-05-08,2019050801005825,CCBL,22,14,100,178.00,"17,800.00"
2019-05-08,2019050801006019,CHCL,56,7,200,530.00,"106,000.00"
2019-05-08,2019050801006018,CHCL,56,51,49,530.00,"25,970.00"
2019-05-08,2019050801006017,CHCL,56,37,50,530.00,"26,500.00"
2019-05-08,2019050801005954,CHCL,56,32,500,529.00,"264,500.00"
2019-05-08,2019050801005953,CHCL,56,39,34,529.00,"17,986.00"
2019-05-08,2019050801006221,CHLBS,42,32,10,477.00,"4,770.00"
2019-05-08,2019050801005932,CHLBS,42,14,10,477.00,"4,770.00"
2019-05-08,2019050801006250,CIT,42,46,30,"2,701.00","81,030.00"
2019-05-08,2019050801006249,CIT,42,52,115,"2,700.00","310,500.00"
2019-05-08,2019050801006248,CIT,42,43,100,"2,700.00","270,000.00"
2019-05-08,2019050801006247,CIT,42,49,120,"2,700.00","324,000.00"
2019-05-08,2019050801006246,CIT,42,51,40,"2,699.00","107,960.00"
2019-05-08,2019050801006245,CIT,42,41,75,"2,699.00","202,425.00"
2019-05-08,2019050801006223,CIT,40,49,100,"2,700.00","270,000.00"
2019-05-08,2019050801005955,CIT,11,49,20,"2,700.00","54,000.00"
2019-05-08,2019050801006260,CZBIL,41,51,10,225.00,"2,250.00"
2019-05-08,2019050801006214,CZBIL,48,25,160,226.00,"36,160.00"
2019-05-08,2019050801006109,CZBIL,48,43,340,226.00,"76,840.00"
2019-05-08,2019050801006108,CZBIL,43,43,160,226.00,"36,160.00"
2019-05-08,2019050801006106,CZBIL,43,39,87,226.00,"19,662.00"
2019-05-08,2019050801005773,CZBIL,43,17,10,226.00,"2,260.00"
2019-05-08,2019050801006191,DBBL,57,45,100,133.00,"13,300.00"
2019-05-08,2019050801005793,DBBL,10,19,235,135.00,"31,725.00"
2019-05-08,2019050801005792,DBBL,10,22,500,135.00,"67,500.00"
2019-05-08,2019050801005791,DBBL,10,4,"2,000",135.00,"270,000.00"
2019-05-08,2019050801005790,DBBL,10,4,221,135.00,"29,835.00"
2019-05-08,2019050801005789,DBBL,10,32,659,135.00,"88,965.00"
2019-05-08,2019050801005788,DBBL,10,8,100,135.00,"13,500.00"
2019-05-08,2019050801005787,DBBL,10,48,"1,500",134.00,"201,000.00"
2019-05-08,2019050801005786,DBBL,10,4,"2,000",134.00,"268,000.00"
2019-05-08,2019050801005785,DDBL,11,7,100,731.00,"73,100.00"
2019-05-08,2019050801005784,DDBL,34,7,100,732.00,"73,200.00"
2019-05-08,2019050801006236,EBL,58,6,95,666.00,"63,270.00"
2019-05-08,2019050801006128,EBL,1,6,200,666.00,"133,200.00"
2019-05-08,2019050801006127,EBL,6,6,20,666.00,"13,320.00"
2019-05-08,2019050801006126,EBL,45,6,127,666.00,"84,582.00"
2019-05-08,2019050801006020,EBL,45,57,"1,853",666.00,"1,234,098.00"
2019-05-08,2019050801005874,EIC,42,22,100,440.00,"44,000.00"
2019-05-08,2019050801006211,FMDBL,56,58,368,418.00,"153,824.00"
2019-05-08,2019050801006149,FMDBL,26,58,40,418.00,"16,720.00"
2019-05-08,2019050801005822,FMDBL,58,58,200,418.00,"83,600.00"
2019-05-08,2019050801006208,FOWAD,16,50,90,"1,545.00","139,050.00"
2019-05-08,2019050801006207,FOWAD,10,50,30,"1,545.00","46,350.00"
2019-05-08,2019050801005779,GBBL,22,49,300,223.00,"66,900.00"
2019-05-08,2019050801005778,GBBL,32,49,200,223.00,"44,600.00"
2019-05-08,2019050801006131,GBIME,44,44,"3,917",313.00,"1,226,021.00"
2019-05-08,2019050801006117,GBIME,44,44,50,313.00,"15,650.00"
2019-05-08,2019050801006116,GBIME,26,44,33,313.00,"10,329.00"
2019-05-08,2019050801006103,GBIME,26,20,17,313.00,"5,321.00"
2019-05-08,2019050801006006,GBIME,26,58,450,313.00,"140,850.00"
2019-05-08,2019050801005916,GBIME,44,11,187,312.00,"58,344.00"
2019-05-08,2019050801005815,GBIME,43,58,50,313.00,"15,650.00"
2019-05-08,2019050801006167,GBLBS,25,13,200,361.00,"72,200.00"
2019-05-08,2019050801006013,GDBL,47,33,337,212.00,"71,444.00"
2019-05-08,2019050801006025,GLICL,58,10,270,565.00,"152,550.00"
2019-05-08,2019050801006212,HGI,36,55,50,395.00,"19,750.00"
2019-05-08,2019050801006173,HGI,22,39,125,397.00,"49,625.00"
2019-05-08,2019050801006172,HGI,55,39,200,397.00,"79,400.00"
2019-05-08,2019050801006171,HGI,58,39,120,397.00,"47,640.00"
2019-05-08,2019050801005906,HGI,26,22,25,398.00,"9,950.00"
2019-05-08,2019050801005887,HGI,26,35,100,398.00,"39,800.00"
2019-05-08,2019050801006012,HPPL,1,14,10,181.00,"1,810.00"
2019-05-08,2019050801005866,HPPL,53,21,10,179.00,"1,790.00"
2019-05-08,2019050801005848,HPPL,53,26,10,179.00,"1,790.00"
2019-05-08,2019050801005772,HPPL,53,29,10,179.00,"1,790.00"
2019-05-08,2019050801006175,IGI,53,42,130,420.00,"54,600.00"
2019-05-08,2019050801006174,IGI,53,29,40,420.00,"16,800.00"
2019-05-08,2019050801005952,JBBL,25,37,133,142.00,"18,886.00"
2019-05-08,2019050801005853,JBBL,26,37,200,142.00,"28,400.00"
2019-05-08,2019050801005852,JBBL,17,37,100,142.00,"14,200.00"
2019-05-08,2019050801005851,JBBL,52,37,67,142.00,"9,514.00"
2019-05-08,2019050801005829,JBNL,57,10,200,204.00,"40,800.00"
2019-05-08,2019050801006044,KBBL,19,17,10,231.00,"2,310.00"
2019-05-08,2019050801005781,KBL,51,38,300,225.00,"67,500.00"
2019-05-08,2019050801005769,KBL,51,38,188,225.00,"42,300.00"
2019-05-08,2019050801005768,KBL,5,38,400,225.00,"90,000.00"
2019-05-08,2019050801006081,KKHC,55,21,10,70.00,700.00
2019-05-08,2019050801006158,KMFL,29,7,10,785.00,"7,850.00"
2019-05-08,2019050801005915,KMFL,38,7,100,796.00,"79,600.00"
2019-05-08,2019050801005907,KNBL,42,40,93,136.00,"12,648.00"
2019-05-08,2019050801006228,KPCL,59,32,10,94.00,940.00
2019-05-08,2019050801006224,KSBBL,1,26,85,148.00,"12,580.00"
2019-05-08,2019050801006177,KSBBL,1,26,85,148.00,"12,580.00"
2019-05-08,2019050801005847,KSBBL,32,4,509,149.00,"75,841.00"
2019-05-08,2019050801006005,LBBL,32,4,233,195.00,"45,435.00"
2019-05-08,2019050801006004,LBBL,32,47,97,195.00,"18,915.00"
2019-05-08,2019050801006003,LBBL,32,34,270,195.00,"52,650.00"
2019-05-08,2019050801006024,LBBL,32,57,78,195.00,"15,210.00"
2019-05-08,2019050801006023,LBBL,32,1,10,195.00,"1,950.00"
2019-05-08,2019050801006022,LBBL,32,4,767,195.00,"149,565.00"
2019-05-08,2019050801006011,LBBL,43,13,405,194.00,"78,570.00"
2019-05-08,2019050801006010,LBBL,35,13,111,194.00,"21,534.00"
2019-05-08,2019050801006009,LBBL,32,13,884,194.00,"171,496.00"
2019-05-08,2019050801005997,LBL,45,25,85,227.00,"19,295.00"
2019-05-08,2019050801006244,LGIL,11,1,10,517.00,"5,170.00"
2019-05-08,2019050801006243,LGIL,39,1,90,517.00,"46,530.00"
2019-05-08,2019050801006050,LGIL,39,21,10,517.00,"5,170.00"
2019-05-08,2019050801006197,LICN,40,34,30,"1,930.00","57,900.00"
2019-05-08,2019050801006074,LICN,59,35,10,"1,934.00","19,340.00"
2019-05-08,2019050801005896,LICN,28,1,50,"1,922.00","96,100.00"
2019-05-08,2019050801005895,LICN,28,59,20,"1,922.00","38,440.00"
2019-05-08,2019050801005879,LICN,54,43,20,"1,920.00","38,400.00"
2019-05-08,2019050801005878,LICN,54,8,10,"1,920.00","19,200.00"
2019-05-08,2019050801005877,LICN,54,53,300,"1,919.00","575,700.00"
2019-05-08,2019050801005876,LICN,54,35,50,"1,918.00","95,900.00"
2019-05-08,2019050801005875,LICN,54,58,50,"1,915.00","95,750.00"
2019-05-08,2019050801005824,LICN,34,34,500,"1,900.00","950,000.00"
2019-05-08,2019050801006232,MBL,38,39,200,268.00,"53,600.00"
2019-05-08,2019050801006155,MBL,34,38,"1,000",269.00,"269,000.00"
2019-05-08,2019050801006154,MBL,34,38,"1,000",269.00,"269,000.00"
2019-05-08,2019050801006153,MBL,40,38,218,269.00,"58,642.00"
2019-05-08,2019050801006105,MDB,45,40,140,252.00,"35,280.00"
2019-05-08,2019050801005865,MDB,52,11,50,253.00,"12,650.00"
2019-05-08,2019050801006107,MEGA,17,19,284,194.00,"55,096.00"
2019-05-08,2019050801006040,MEGA,17,39,121,194.00,"23,474.00"
2019-05-08,2019050801006039,MEGA,35,39,68,194.00,"13,192.00"
2019-05-08,2019050801006001,MEGA,1,39,301,195.00,"58,695.00"
2019-05-08,2019050801006000,MEGA,1,36,167,195.00,"32,565.00"
2019-05-08,2019050801005999,MEGA,1,42,800,195.00,"156,000.00"
2019-05-08,2019050801005833,MEGA,13,45,20,193.00,"3,860.00"
2019-05-08,2019050801005832,MEGA,43,45,100,193.00,"19,300.00"
2019-05-08,2019050801005831,MEGA,5,45,100,193.00,"19,300.00"
2019-05-08,2019050801005830,MEGA,19,45,100,193.00,"19,300.00"
2019-05-08,2019050801005839,MEGA,41,45,400,193.00,"77,200.00"
2019-05-08,2019050801005838,MEGA,38,45,500,193.00,"96,500.00"
2019-05-08,2019050801005837,MEGA,37,45,"1,000",193.00,"193,000.00"
2019-05-08,2019050801005836,MEGA,37,45,"2,000",193.00,"386,000.00"
2019-05-08,2019050801005835,MEGA,41,45,500,193.00,"96,500.00"
2019-05-08,2019050801005834,MEGA,33,45,"1,000",193.00,"193,000.00"
2019-05-08,2019050801005884,MEGA,52,21,50,194.00,"9,700.00"
2019-05-08,2019050801005846,MEGA,33,56,333,194.00,"64,602.00"
2019-05-08,2019050801005845,MEGA,33,17,"1,000",194.00,"194,000.00"
2019-05-08,2019050801005844,MEGA,33,57,803,194.00,"155,782.00"
2019-05-08,2019050801005841,MEGA,46,45,170,193.00,"32,810.00"
2019-05-08,2019050801005840,MEGA,57,45,"1,000",193.00,"193,000.00"
2019-05-08,2019050801005998,MEGA,1,42,232,195.00,"45,240.00"
2019-05-08,2019050801005934,MEGA,57,42,968,195.00,"188,760.00"
2019-05-08,2019050801005933,MEGA,57,58,32,195.00,"6,240.00"
2019-05-08,2019050801005926,MEGA,35,40,232,194.00,"45,008.00"
2019-05-08,2019050801005913,MEGA,35,47,200,194.00,"38,800.00"
2019-05-08,2019050801005911,MEGA,52,47,100,194.00,"19,400.00"
2019-05-08,2019050801006115,MEGAPO,45,33,"19,558",110.00,"2,151,380.00"
2019-05-08,2019050801006021,MEGAPO,45,33,"23,000",110.00,"2,530,000.00"
2019-05-08,2019050801006231,MERO,11,47,40,637.00,"25,480.00"
2019-05-08,2019050801006230,MERO,25,47,10,637.00,"6,370.00"
2019-05-08,2019050801006169,MNBBL,37,33,162,380.00,"61,560.00"
2019-05-08,2019050801006168,MNBBL,6,33,538,380.00,"204,440.00"
2019-05-08,2019050801006101,MNBBL,33,6,31,381.00,"11,811.00"
2019-05-08,2019050801006100,MNBBL,43,6,50,381.00,"19,050.00"
2019-05-08,2019050801006099,MNBBL,43,6,50,381.00,"19,050.00"
2019-05-08,2019050801006098,MNBBL,43,6,50,381.00,"19,050.00"
2019-05-08,2019050801006227,MSMBS,1,21,11,516.00,"5,676.00"
2019-05-08,2019050801006219,MSMBS,1,21,11,516.00,"5,676.00"
2019-05-08,2019050801006204,MSMBS,1,21,11,516.00,"5,676.00"
2019-05-08,2019050801006194,MSMBS,1,21,11,516.00,"5,676.00"
2019-05-08,2019050801005918,MSMBS,1,33,27,516.00,"13,932.00"
2019-05-08,2019050801005904,MSMBS,48,33,13,517.00,"6,721.00"
2019-05-08,2019050801006178,NABIL,48,50,40,841.00,"33,640.00"
2019-05-08,2019050801006138,NABIL,34,4,10,846.00,"8,460.00"
2019-05-08,2019050801006080,NABIL,58,42,160,842.00,"134,720.00"
2019-05-08,2019050801005919,NABIL,6,3,40,845.00,"33,800.00"
2019-05-08,2019050801006205,NADEP,51,10,140,509.00,"71,260.00"
2019-05-08,2019050801006054,NADEP,51,48,20,509.00,"10,180.00"
2019-05-08,2019050801006027,NADEP,51,21,10,509.00,"5,090.00"
2019-05-08,2019050801005882,NADEP,51,21,20,509.00,"10,180.00"
2019-05-08,2019050801005856,NADEP,56,48,10,510.00,"5,100.00"
2019-05-08,2019050801005799,NADEP,56,48,10,510.00,"5,100.00"
2019-05-08,2019050801006176,NBB,5,50,300,232.00,"69,600.00"
2019-05-08,2019050801006142,NBB,5,58,164,232.00,"38,048.00"
2019-05-08,2019050801006141,NBB,25,58,336,232.00,"77,952.00"
2019-05-08,2019050801005939,NBB,28,4,300,233.00,"69,900.00"
2019-05-08,2019050801005938,NBB,28,6,200,233.00,"46,600.00"
2019-05-08,2019050801006202,NBL,28,25,210,312.00,"65,520.00"
2019-05-08,2019050801006198,NBL,28,25,500,312.00,"156,000.00"
2019-05-08,2019050801006181,NBL,28,43,320,312.00,"99,840.00"
2019-05-08,2019050801006180,NBL,28,43,380,312.00,"118,560.00"
2019-05-08,2019050801006124,NBL,28,46,120,312.00,"37,440.00"
2019-05-08,2019050801006123,NBL,52,46,500,312.00,"156,000.00"
2019-05-08,2019050801005801,NBL,17,49,90,313.00,"28,170.00"
2019-05-08,2019050801005800,NBL,17,46,10,313.00,"3,130.00"
2019-05-08,2019050801006122,NBL,43,46,81,312.00,"25,272.00"
2019-05-08,2019050801006102,NBL,43,16,200,312.00,"62,400.00"
2019-05-08,2019050801006095,NBL,53,49,100,313.00,"31,300.00"
2019-05-08,2019050801006087,NBL,43,16,219,312.00,"68,328.00"
2019-05-08,2019050801006086,NBL,38,16,50,312.00,"15,600.00"
2019-05-08,2019050801006085,NBL,49,16,150,312.00,"46,800.00"
2019-05-08,2019050801006188,NCCB,38,29,49,247.00,"12,103.00"
2019-05-08,2019050801006052,NCCB,38,32,"1,000",247.00,"247,000.00"
2019-05-08,2019050801006016,NCCB,58,46,10,248.00,"2,480.00"
2019-05-08,2019050801005923,NCCB,38,37,951,247.00,"234,897.00"
2019-05-08,2019050801005922,NCCB,40,37,49,247.00,"12,103.00"
2019-05-08,2019050801005812,NCCB,40,49,"1,001",247.00,"247,247.00"
2019-05-08,2019050801005811,NCCB,40,50,500,247.00,"123,500.00"
2019-05-08,2019050801005810,NCCB,40,50,500,247.00,"123,500.00"
2019-05-08,2019050801005809,NCCB,40,47,450,247.00,"111,150.00"
2019-05-08,2019050801005821,NCDB,57,26,300,140.00,"42,000.00"
2019-05-08,2019050801005820,NCDB,45,26,887,140.00,"124,180.00"
2019-05-08,2019050801006121,NGPL,1,57,11,120.00,"1,320.00"
2019-05-08,2019050801006120,NGPL,1,29,11,120.00,"1,320.00"
2019-05-08,2019050801006033,NGPL,44,41,11,119.00,"1,309.00"
2019-05-08,2019050801006032,NGPL,44,8,11,119.00,"1,309.00"
2019-05-08,2019050801006031,NGPL,44,42,13,119.00,"1,547.00"
2019-05-08,2019050801006030,NGPL,44,41,11,119.00,"1,309.00"
2019-05-08,2019050801006029,NGPL,44,29,10,119.00,"1,190.00"
2019-05-08,2019050801006028,NGPL,44,38,13,119.00,"1,547.00"
2019-05-08,2019050801005803,NGPL,1,29,11,118.00,"1,298.00"
2019-05-08,2019050801006165,NIB,34,44,10,564.00,"5,640.00"
2019-05-08,2019050801006148,NIB,47,44,12,561.00,"6,732.00"
2019-05-08,2019050801006147,NIB,45,44,100,561.00,"56,100.00"
2019-05-08,2019050801006146,NIB,14,44,100,562.00,"56,200.00"
2019-05-08,2019050801006145,NIB,47,44,112,562.00,"62,944.00"
2019-05-08,2019050801006144,NIB,45,44,76,563.00,"42,788.00"
2019-05-08,2019050801006093,NIB,45,21,24,563.00,"13,512.00"
2019-05-08,2019050801006092,NIB,47,21,20,563.00,"11,260.00"
2019-05-08,2019050801005894,NIB,47,21,44,563.00,"24,772.00"
2019-05-08,2019050801005855,NIB,47,13,16,563.00,"9,008.00"
2019-05-08,2019050801005854,NIB,47,47,20,563.00,"11,260.00"
2019-05-08,2019050801006203,NIBSF1,48,42,"2,000",9.58,"19,160.00"
2019-05-08,2019050801005819,NIBSF1,47,33,"25,789",9.50,"244,995.50"
2019-05-08,2019050801005818,NIBSF1,54,33,"1,000",9.50,"9,500.00"
2019-05-08,2019050801006049,NICA,59,33,223,493.00,"109,939.00"
2019-05-08,2019050801006048,NICA,36,33,201,494.00,"99,294.00"
2019-05-08,2019050801006047,NICA,22,33,176,494.00,"86,944.00"
2019-05-08,2019050801005951,NICA,22,25,100,494.00,"49,400.00"
2019-05-08,2019050801005950,NICA,22,55,224,494.00,"110,656.00"
2019-05-08,2019050801006226,NICL,41,21,10,400.00,"4,000.00"
2019-05-08,2019050801006051,NICL,5,33,50,399.00,"19,950.00"
2019-05-08,2019050801005936,NICL,35,33,50,399.00,"19,950.00"
2019-05-08,2019050801005869,NICL,38,48,120,400.00,"48,000.00"
2019-05-08,2019050801005775,NICL,35,43,250,399.00,"99,750.00"
2019-05-08,2019050801005774,NICL,39,43,150,399.00,"59,850.00"
2019-05-08,2019050801006220,NLBBL,19,29,365,540.00,"197,100.00"
2019-05-08,2019050801006196,NLBBL,19,29,500,540.00,"270,000.00"
2019-05-08,2019050801006164,NLBBL,19,17,100,540.00,"54,000.00"
2019-05-08,2019050801006143,NLBBL,19,48,35,540.00,"18,900.00"
2019-05-08,2019050801006162,NLIC,26,51,100,980.00,"98,000.00"
2019-05-08,2019050801006161,NLIC,41,51,100,980.00,"98,000.00"
2019-05-08,2019050801006160,NLIC,13,51,100,980.00,"98,000.00"
2019-05-08,2019050801006159,NLIC,41,51,20,980.00,"19,600.00"
2019-05-08,2019050801006119,NLIC,29,21,11,980.00,"10,780.00"
2019-05-08,2019050801006114,NLIC,29,51,89,980.00,"87,220.00"
2019-05-08,2019050801005766,NLIC,17,17,350,986.00,"345,100.00"
2019-05-08,2019050801005993,NLIC,34,51,100,981.00,"98,100.00"
2019-05-08,2019050801005992,NLIC,40,51,183,981.00,"179,523.00"
2019-05-08,2019050801005917,NLIC,19,51,50,982.00,"49,100.00"
2019-05-08,2019050801005914,NLIC,40,21,17,981.00,"16,677.00"
2019-05-08,2019050801005902,NLIC,56,51,133,982.00,"130,606.00"
2019-05-08,2019050801005901,NLIC,28,51,73,985.00,"71,905.00"
2019-05-08,2019050801006113,NLIC,34,51,200,980.00,"196,000.00"
2019-05-08,2019050801006112,NLIC,42,51,100,980.00,"98,000.00"
2019-05-08,2019050801006111,NLIC,57,51,100,980.00,"98,000.00"
2019-05-08,2019050801006110,NLIC,48,51,11,980.00,"10,780.00"
2019-05-08,2019050801006097,NLIC,17,51,49,981.00,"48,069.00"
2019-05-08,2019050801006041,NLIC,17,51,26,981.00,"25,506.00"
2019-05-08,2019050801006222,NMB,16,10,41,383.00,"15,703.00"
2019-05-08,2019050801006152,NMB,16,50,500,383.00,"191,500.00"
2019-05-08,2019050801006151,NMB,16,39,296,383.00,"113,368.00"
2019-05-08,2019050801006150,NMB,1,39,704,383.00,"269,632.00"
2019-05-08,2019050801006077,NMB,1,50,50,383.00,"19,150.00"
2019-05-08,2019050801006073,NMB,1,35,246,383.00,"94,218.00"
2019-05-08,2019050801005767,NMB,57,26,220,384.00,"84,480.00"
2019-05-08,2019050801006072,NMB,21,35,50,383.00,"19,150.00"
2019-05-08,2019050801006071,NMB,34,35,104,383.00,"39,832.00"
2019-05-08,2019050801006015,NMB,34,33,396,383.00,"151,668.00"
2019-05-08,2019050801006014,NMB,57,33,104,383.00,"39,832.00"
2019-05-08,2019050801005893,NMB,57,58,55,383.00,"21,065.00"
2019-05-08,2019050801005849,NMB,57,10,100,383.00,"38,300.00"
2019-05-08,2019050801005880,NMBMF,17,14,20,970.00,"19,400.00"
2019-05-08,2019050801006070,NMFBS,45,14,100,"1,705.00","170,500.00"
2019-05-08,2019050801005924,NSEWA,19,21,10,455.00,"4,550.00"
2019-05-08,2019050801006187,NTC,34,45,20,703.00,"14,060.00"
2019-05-08,2019050801006076,NTC,29,35,10,700.00,"7,000.00"
2019-05-08,2019050801005828,NUBL,59,28,200,870.00,"174,000.00"
2019-05-08,2019050801005827,NUBL,41,28,100,871.00,"87,100.00"
2019-05-08,2019050801005770,NUBL,41,16,100,871.00,"87,100.00"
2019-05-08,2019050801006261,PCBL,57,29,163,354.00,"57,702.00"
2019-05-08,2019050801005910,PCBL,57,32,741,354.00,"262,314.00"
2019-05-08,2019050801005909,PCBL,43,32,259,354.00,"91,686.00"
2019-05-08,2019050801005868,PCBL,43,41,200,354.00,"70,800.00"
2019-05-08,2019050801006134,PFL,38,21,34,135.00,"4,590.00"
2019-05-08,2019050801005937,PFL,38,21,39,135.00,"5,265.00"
2019-05-08,2019050801006241,PIC,45,26,11,"1,108.00","12,188.00"
2019-05-08,2019050801005946,PIC,45,26,11,"1,108.00","12,188.00"
2019-05-08,2019050801005891,PIC,45,52,15,"1,108.00","16,620.00"
2019-05-08,2019050801005890,PIC,18,52,28,"1,108.00","31,024.00"
2019-05-08,2019050801005889,PIC,18,48,11,"1,108.00","12,188.00"
2019-05-08,2019050801006238,PMHPL,56,32,10,114.00,"1,140.00"
2019-05-08,2019050801006060,PMHPL,56,43,10,114.00,"1,140.00"
2019-05-08,2019050801006045,PMHPL,56,43,10,114.00,"1,140.00"
2019-05-08,2019050801006007,PMHPL,56,38,10,114.00,"1,140.00"
2019-05-08,2019050801006002,PMHPL,56,43,10,114.00,"1,140.00"
2019-05-08,2019050801005995,PMHPL,56,38,10,114.00,"1,140.00"
2019-05-08,2019050801005949,PMHPL,56,38,10,114.00,"1,140.00"
2019-05-08,2019050801005908,PMHPL,56,43,10,114.00,"1,140.00"
2019-05-08,2019050801006259,PRIN,50,58,200,415.00,"83,000.00"
2019-05-08,2019050801006258,PRIN,11,58,100,415.00,"41,500.00"
2019-05-08,2019050801006257,PRIN,43,58,100,415.00,"41,500.00"
2019-05-08,2019050801006256,PRIN,48,58,150,415.00,"62,250.00"
2019-05-08,2019050801006255,PRIN,1,58,100,415.00,"41,500.00"
2019-05-08,2019050801006254,PRIN,34,58,76,415.00,"31,540.00"
2019-05-08,2019050801006253,PRIN,13,58,100,416.00,"41,600.00"
2019-05-08,2019050801006252,PRIN,11,58,10,416.00,"4,160.00"
2019-05-08,2019050801006251,PRIN,13,58,100,416.00,"41,600.00"
2019-05-08,2019050801006043,PRIN,34,16,24,415.00,"9,960.00"
2019-05-08,2019050801006042,PRIN,36,16,50,416.00,"20,800.00"
2019-05-08,2019050801005947,PRIN,40,57,45,416.00,"18,720.00"
2019-05-08,2019050801006185,PRVU,45,17,438,282.00,"123,516.00"
2019-05-08,2019050801006184,PRVU,38,17,200,282.00,"56,400.00"
2019-05-08,2019050801006183,PRVU,37,17,50,282.00,"14,100.00"
2019-05-08,2019050801006182,PRVU,42,17,85,282.00,"23,970.00"
2019-05-08,2019050801006157,PRVU,48,43,350,283.00,"99,050.00"
2019-05-08,2019050801005927,PRVU,40,49,400,283.00,"113,200.00"
2019-05-08,2019050801005925,PRVU,55,49,50,284.00,"14,200.00"
2019-05-08,2019050801005798,PRVU,40,58,100,283.00,"28,300.00"
2019-05-08,2019050801005797,PRVU,35,58,100,283.00,"28,300.00"
2019-05-08,2019050801005796,PRVU,42,58,100,283.00,"28,300.00"
2019-05-08,2019050801005795,PRVU,45,58,500,283.00,"141,500.00"
2019-05-08,2019050801005945,PRVU,48,49,150,283.00,"42,450.00"
2019-05-08,2019050801005944,PRVU,58,49,100,283.00,"28,300.00"
2019-05-08,2019050801005943,PRVU,49,49,750,283.00,"212,250.00"
2019-05-08,2019050801005930,PRVU,49,49,250,283.00,"70,750.00"
2019-05-08,2019050801005929,PRVU,35,49,200,283.00,"56,600.00"
2019-05-08,2019050801005928,PRVU,22,49,500,283.00,"141,500.00"
2019-05-08,2019050801006008,RBCLPO,25,58,10,"8,949.00","89,490.00"
2019-05-08,2019050801005905,RBCLPO,25,33,10,"8,945.00","89,450.00"
2019-05-08,2019050801005823,RBCLPO,33,43,20,"8,800.00","176,000.00"
2019-05-08,2019050801006084,RLFL,28,58,699,118.00,"82,482.00"
2019-05-08,2019050801006083,RLFL,28,58,164,118.00,"19,352.00"
2019-05-08,2019050801005903,RMDC,5,42,70,643.00,"45,010.00"
2019-05-08,2019050801006234,SANIMA,19,29,483,360.00,"173,880.00"
2019-05-08,2019050801006210,SANIMA,19,50,200,360.00,"72,000.00"
2019-05-08,2019050801006190,SANIMA,19,28,100,360.00,"36,000.00"
2019-05-08,2019050801006189,SANIMA,19,58,100,360.00,"36,000.00"
2019-05-08,2019050801006136,SANIMA,10,25,150,359.00,"53,850.00"
2019-05-08,2019050801005814,SBI,11,22,100,492.00,"49,200.00"
2019-05-08,2019050801005813,SBI,11,38,100,491.00,"49,100.00"
2019-05-08,2019050801005782,SBI,11,38,200,491.00,"98,200.00"
2019-05-08,2019050801006233,SBL,40,10,33,345.00,"11,385.00"
2019-05-08,2019050801006075,SBL,13,42,176,346.00,"60,896.00"
2019-05-08,2019050801006026,SBL,40,37,300,345.00,"103,500.00"
2019-05-08,2019050801006088,SCB,40,26,20,701.00,"14,020.00"
2019-05-08,2019050801006053,SCB,40,26,20,701.00,"14,020.00"
2019-05-08,2019050801005957,SCB,40,21,10,701.00,"7,010.00"
2019-05-08,2019050801005956,SCB,56,21,10,702.00,"7,020.00"
2019-05-08,2019050801005912,SCB,56,49,20,702.00,"14,040.00"
2019-05-08,2019050801005867,SCB,56,26,20,702.00,"14,040.00"
2019-05-08,2019050801005780,SDESI,56,52,10,633.00,"6,330.00"
2019-05-08,2019050801006137,SHINE,1,45,23,250.00,"5,750.00"
2019-05-08,2019050801005941,SHINE,4,45,500,250.00,"125,000.00"
2019-05-08,2019050801005940,SHINE,34,45,477,250.00,"119,250.00"
2019-05-08,2019050801006242,SHIVM,36,14,420,392.00,"164,640.00"
2019-05-08,2019050801006229,SHIVM,22,43,50,391.00,"19,550.00"
2019-05-08,2019050801006213,SHIVM,22,43,50,391.00,"19,550.00"
2019-05-08,2019050801006200,SHIVM,22,7,870,391.00,"340,170.00"
2019-05-08,2019050801006199,SHIVM,46,7,130,391.00,"50,830.00"
2019-05-08,2019050801006195,SHIVM,46,43,50,391.00,"19,550.00"
2019-05-08,2019050801005864,SHIVM,58,10,100,391.00,"39,100.00"
2019-05-08,2019050801005859,SHIVM,57,14,50,392.00,"19,600.00"
2019-05-08,2019050801005858,SHIVM,58,50,60,391.00,"23,460.00"
2019-05-08,2019050801005783,SHIVM,58,39,260,391.00,"101,660.00"
2019-05-08,2019050801005994,SHIVM,45,26,70,392.00,"27,440.00"
2019-05-08,2019050801005920,SHIVM,45,14,50,392.00,"19,600.00"
2019-05-08,2019050801005881,SHIVM,50,14,350,392.00,"137,200.00"
2019-05-08,2019050801005873,SHIVM,46,45,250,391.00,"97,750.00"
2019-05-08,2019050801005872,SHIVM,50,45,500,391.00,"195,500.00"
2019-05-08,2019050801005871,SHIVM,58,45,250,391.00,"97,750.00"
2019-05-08,2019050801006130,SHIVM,46,32,150,391.00,"58,650.00"
2019-05-08,2019050801006118,SHIVM,7,14,150,392.00,"58,800.00"
2019-05-08,2019050801006096,SHIVM,26,14,500,392.00,"196,000.00"
2019-05-08,2019050801006094,SHIVM,45,14,100,392.00,"39,200.00"
2019-05-08,2019050801006069,SHIVM,46,39,420,391.00,"164,220.00"
2019-05-08,2019050801006068,SHIVM,45,39,280,392.00,"109,760.00"
2019-05-08,2019050801006206,SHL,50,43,500,236.00,"118,000.00"
2019-05-08,2019050801006056,SHL,49,59,150,236.00,"35,400.00"
2019-05-08,2019050801005892,SHPC,4,10,61,260.00,"15,860.00"
2019-05-08,2019050801005857,SHPC,4,28,"1,922",260.00,"499,720.00"
2019-05-08,2019050801005817,SIC,20,34,110,"1,405.00","154,550.00"
2019-05-08,2019050801005816,SIC,20,42,65,"1,405.00","91,325.00"
2019-05-08,2019050801005808,SIC,20,42,35,"1,405.00","49,175.00"
2019-05-08,2019050801005807,SIC,20,48,48,"1,405.00","67,440.00"
2019-05-08,2019050801005806,SIC,20,39,17,"1,404.00","23,868.00"
2019-05-08,2019050801005771,SIC,20,48,80,"1,405.00","112,400.00"
2019-05-08,2019050801005886,SINDU,25,55,105,133.00,"13,965.00"
2019-05-08,2019050801005826,SLBSL,52,48,10,605.00,"6,050.00"
2019-05-08,2019050801005777,SMFDB,5,48,15,627.00,"9,405.00"
2019-05-08,2019050801006078,SRBL,40,6,109,256.00,"27,904.00"
2019-05-08,2019050801006067,SRBL,39,6,500,256.00,"128,000.00"
2019-05-08,2019050801006066,SRBL,22,6,500,256.00,"128,000.00"
2019-05-08,2019050801006065,SRBL,40,6,200,257.00,"51,400.00"
2019-05-08,2019050801006064,SRBL,32,6,289,257.00,"74,273.00"
2019-05-08,2019050801006063,SRBL,45,6,200,257.00,"51,400.00"
2019-05-08,2019050801006062,SRBL,11,6,20,258.00,"5,160.00"
2019-05-08,2019050801006061,SRBL,38,6,182,258.00,"46,956.00"
2019-05-08,2019050801006140,SWBBL,21,28,12,907.00,"10,884.00"
2019-05-08,2019050801006139,SWBBL,44,28,200,908.00,"181,600.00"
2019-05-08,2019050801006038,UIC,17,8,40,977.00,"39,080.00"
2019-05-08,2019050801006037,UIC,17,41,30,975.00,"29,250.00"
2019-05-08,2019050801006036,UIC,17,45,20,975.00,"19,500.00"
2019-05-08,2019050801006035,UIC,17,51,10,970.00,"9,700.00"
2019-05-08,2019050801005863,UMHL,37,56,14,114.00,"1,596.00"
2019-05-08,2019050801005862,UMHL,37,56,14,114.00,"1,596.00"
2019-05-08,2019050801005861,UMHL,37,56,14,114.00,"1,596.00"
2019-05-08,2019050801005860,UMHL,37,56,14,114.00,"1,596.00"
2019-05-08,2019050801006265,UPPER,37,32,40,234.00,"9,360.00"
2019-05-08,2019050801006264,UPPER,37,26,11,234.00,"2,574.00"
2019-05-08,2019050801006263,UPPER,14,26,39,234.00,"9,126.00"
2019-05-08,2019050801006240,UPPER,14,38,50,234.00,"11,700.00"
2019-05-08,2019050801006209,UPPER,14,26,50,234.00,"11,700.00"
2019-05-08,2019050801005883,UPPER,14,26,40,234.00,"9,360.00"
2019-05-08,2019050801005805,UPPER,14,39,31,234.00,"7,254.00"
2019-05-08,2019050801005804,UPPER,57,39,19,234.00,"4,446.00"
2019-05-08,2019050801005802,UPPER,57,26,40,234.00,"9,360.00"
2019-05-08,2019050801006163,UPPER,14,26,50,234.00,"11,700.00"
2019-05-08,2019050801006104,UPPER,14,26,50,234.00,"11,700.00"
2019-05-08,2019050801006055,UPPER,14,26,40,234.00,"9,360.00"
2019-05-08,2019050801005996,UPPER,14,26,50,234.00,"11,700.00"
2019-05-08,2019050801005738,ADBL,45,52,285,386.00,"110,010.00"
2019-05-08,2019050801005737,ADBL,6,52,100,386.00,"38,600.00"
2019-05-08,2019050801005736,ADBL,38,52,115,386.00,"44,390.00"
2019-05-08,2019050801005491,ADBL,38,38,20,386.00,"7,720.00"
2019-05-08,2019050801005418,ADBL,35,59,30,387.00,"11,610.00"
2019-05-08,2019050801005716,AHPC,37,48,"2,000",104.00,"208,000.00"
2019-05-08,2019050801005715,AHPC,37,48,"4,000",104.00,"416,000.00"
2019-05-08,2019050801005714,AHPC,53,48,"2,000",104.00,"208,000.00"
2019-05-08,2019050801005713,AHPC,37,48,"2,000",104.00,"208,000.00"
2019-05-08,2019050801005712,AHPC,46,48,100,105.00,"10,500.00"
2019-05-08,2019050801005711,AHPC,50,48,500,105.00,"52,500.00"
2019-05-08,2019050801005710,AHPC,26,48,650,105.00,"68,250.00"
2019-05-08,2019050801005667,AHPC,26,38,"2,350",105.00,"246,750.00"
2019-05-08,2019050801005666,AHPC,45,38,650,105.00,"68,250.00"
2019-05-08,2019050801005566,AHPC,45,57,300,105.00,"31,500.00"
2019-05-08,2019050801005759,AKPL,59,29,13,178.00,"2,314.00"
2019-05-08,2019050801005701,AKPL,59,26,196,178.00,"34,888.00"
2019-05-08,2019050801005649,AKPL,59,26,196,178.00,"34,888.00"
2019-05-08,2019050801005625,AKPL,59,21,13,178.00,"2,314.00"
2019-05-08,2019050801005574,AKPL,59,26,36,178.00,"6,408.00"
2019-05-08,2019050801005573,AKPL,40,26,160,179.00,"28,640.00"
2019-05-08,2019050801005569,AKPL,40,56,13,179.00,"2,327.00"
2019-05-08,2019050801005405,AKPL,40,26,196,179.00,"35,084.00"
2019-05-08,2019050801005640,ALBSL,11,40,10,461.00,"4,610.00"
2019-05-08,2019050801005611,ALBSL,11,16,10,461.00,"4,610.00"
2019-05-08,2019050801005648,AMFI,26,21,10,574.00,"5,740.00"
2019-05-08,2019050801005593,AMFI,45,28,10,578.00,"5,780.00"
2019-05-08,2019050801005664,API,25,55,50,138.00,"6,900.00"
2019-05-08,2019050801005663,API,25,5,150,137.00,"20,550.00"
2019-05-08,2019050801005492,BOKL,21,13,20,280.00,"5,600.00"
2019-05-08,2019050801005665,BPCL,52,21,22,371.00,"8,162.00"
2019-05-08,2019050801005462,BPCL,52,46,44,371.00,"16,324.00"
2019-05-08,2019050801005743,CBBL,6,40,250,961.00,"240,250.00"
2019-05-08,2019050801005742,CBBL,46,40,200,961.00,"192,200.00"
2019-05-08,2019050801005741,CBBL,48,40,50,961.00,"48,050.00"
2019-05-08,2019050801005428,CBBL,14,45,50,962.00,"48,100.00"
2019-05-08,2019050801005427,CBBL,11,45,100,962.00,"96,200.00"
2019-05-08,2019050801005729,CBL,40,13,"1,000",152.00,"152,000.00"
2019-05-08,2019050801005543,CBL,59,13,"1,000",151.00,"151,000.00"
2019-05-08,2019050801005542,CBL,34,13,500,151.00,"75,500.00"
2019-05-08,2019050801005541,CBL,4,13,500,151.00,"75,500.00"
2019-05-08,2019050801005503,CBL,4,51,500,151.00,"75,500.00"
2019-05-08,2019050801005495,CBL,34,51,500,151.00,"75,500.00"
2019-05-08,2019050801005271,CBL,1,10,"1,000",150.00,"150,000.00"
2019-05-08,2019050801005270,CBL,22,10,"1,000",150.00,"150,000.00"
2019-05-08,2019050801005269,CBL,54,10,200,150.00,"30,000.00"
2019-05-08,2019050801005268,CBL,42,10,200,150.00,"30,000.00"
2019-05-08,2019050801005267,CBL,33,10,"1,000",150.00,"150,000.00"
2019-05-08,2019050801005266,CBL,19,10,700,150.00,"105,000.00"
2019-05-08,2019050801005277,CBL,17,10,"3,000",150.00,"450,000.00"
2019-05-08,2019050801005276,CBL,17,10,"3,000",150.00,"450,000.00"
2019-05-08,2019050801005275,CBL,17,10,"3,000",150.00,"450,000.00"
2019-05-08,2019050801005274,CBL,25,10,540,150.00,"81,000.00"
2019-05-08,2019050801005273,CBL,19,10,60,150.00,"9,000.00"
2019-05-08,2019050801005272,CBL,50,10,"1,000",150.00,"150,000.00"
2019-05-08,2019050801005283,CBL,16,10,"5,000",150.00,"750,000.00"
2019-05-08,2019050801005282,CBL,34,10,"2,000",150.00,"300,000.00"
2019-05-08,2019050801005281,CBL,39,10,500,150.00,"75,000.00"
2019-05-08,2019050801005280,CBL,51,10,"1,000",150.00,"150,000.00"
2019-05-08,2019050801005279,CBL,8,10,200,150.00,"30,000.00"
2019-05-08,2019050801005278,CBL,17,10,"1,000",150.00,"150,000.00"
2019-05-08,2019050801005289,CBL,25,10,500,150.00,"75,000.00"
2019-05-08,2019050801005288,CBL,42,10,200,150.00,"30,000.00"
2019-05-08,2019050801005287,CBL,51,10,200,150.00,"30,000.00"
2019-05-08,2019050801005286,CBL,11,10,150,150.00,"22,500.00"
2019-05-08,2019050801005285,CBL,45,10,500,150.00,"75,000.00"
2019-05-08,2019050801005284,CBL,35,10,350,150.00,"52,500.00"
2019-05-08,2019050801005295,CBL,45,10,25,150.00,"3,750.00"
2019-05-08,2019050801005294,CBL,51,10,180,150.00,"27,000.00"
2019-05-08,2019050801005293,CBL,51,10,400,150.00,"60,000.00"
2019-05-08,2019050801005292,CBL,10,10,"1,000",150.00,"150,000.00"
2019-05-08,2019050801005291,CBL,22,10,"1,000",150.00,"150,000.00"
2019-05-08,2019050801005290,CBL,5,10,500,150.00,"75,000.00"
2019-05-08,2019050801005353,CBL,55,10,"1,000",150.00,"150,000.00"
2019-05-08,2019050801005352,CBL,33,10,"1,000",150.00,"150,000.00"
2019-05-08,2019050801005351,CBL,42,10,60,150.00,"9,000.00"
2019-05-08,2019050801005350,CBL,37,10,500,150.00,"75,000.00"
2019-05-08,2019050801005349,CBL,25,10,"1,000",150.00,"150,000.00"
2019-05-08,2019050801005348,CBL,45,10,"1,975",150.00,"296,250.00"
2019-05-08,2019050801005380,CBL,33,51,250,151.00,"37,750.00"
2019-05-08,2019050801005358,CBL,10,10,"42,305",150.00,"6,345,750.00"
2019-05-08,2019050801005357,CBL,52,10,500,150.00,"75,000.00"
2019-05-08,2019050801005356,CBL,52,10,"1,000",150.00,"150,000.00"
2019-05-08,2019050801005355,CBL,14,10,500,150.00,"75,000.00"
2019-05-08,2019050801005354,CBL,52,10,160,150.00,"24,000.00"
2019-05-08,2019050801005494,CBL,21,51,50,151.00,"7,550.00"
2019-05-08,2019050801005493,CBL,7,51,950,151.00,"143,450.00"
2019-05-08,2019050801005455,CBL,7,52,50,151.00,"7,550.00"
2019-05-08,2019050801005454,CBL,59,52,100,151.00,"15,100.00"
2019-05-08,2019050801005453,CBL,34,52,100,151.00,"15,100.00"
2019-05-08,2019050801005452,CBL,33,52,750,151.00,"113,250.00"
2019-05-08,2019050801005516,CCBL,34,14,100,178.00,"17,800.00"
2019-05-08,2019050801005515,CCBL,52,14,255,178.00,"45,390.00"
2019-05-08,2019050801005693,CHCL,56,35,200,527.00,"105,400.00"
2019-05-08,2019050801005476,CHCL,56,20,99,528.00,"52,272.00"
2019-05-08,2019050801005401,CHLBS,42,29,10,477.00,"4,770.00"
2019-05-08,2019050801005749,CIT,22,49,100,"2,700.00","270,000.00"
2019-05-08,2019050801005615,CIT,19,49,100,"2,700.00","270,000.00"
2019-05-08,2019050801005610,CIT,38,49,100,"2,690.00","269,000.00"
2019-05-08,2019050801005609,CIT,45,49,60,"2,691.00","161,460.00"
2019-05-08,2019050801005607,CIT,45,49,50,"2,691.00","134,550.00"
2019-05-08,2019050801005587,CIT,45,11,50,"2,691.00","134,550.00"
2019-05-08,2019050801005555,CIT,45,43,150,"2,700.00","405,000.00"
2019-05-08,2019050801005554,CIT,45,55,100,"2,700.00","270,000.00"
2019-05-08,2019050801005553,CIT,45,5,30,"2,700.00","81,000.00"
2019-05-08,2019050801005552,CIT,45,53,60,"2,700.00","162,000.00"
2019-05-08,2019050801005305,CIT,22,26,50,"2,685.00","134,250.00"
2019-05-08,2019050801005763,CZBIL,43,17,28,226.00,"6,328.00"
2019-05-08,2019050801005297,CZBIL,17,29,"1,119",227.00,"254,013.00"
2019-05-08,2019050801005750,DBBL,10,4,"3,000",133.00,"399,000.00"
2019-05-08,2019050801005653,DBBL,10,20,"1,097",133.00,"145,901.00"
2019-05-08,2019050801005636,DBBL,59,20,100,133.00,"13,300.00"
2019-05-08,2019050801005496,DBBL,10,4,720,133.00,"95,760.00"
2019-05-08,2019050801005707,EBL,45,58,20,666.00,"13,320.00"
2019-05-08,2019050801005706,EBL,50,58,200,666.00,"133,200.00"
2019-05-08,2019050801005705,EBL,44,58,100,667.00,"66,700.00"
2019-05-08,2019050801005704,EBL,35,58,180,667.00,"120,060.00"
2019-05-08,2019050801005449,EBL,35,52,20,667.00,"13,340.00"
2019-05-08,2019050801005680,EIC,42,22,80,440.00,"35,200.00"
2019-05-08,2019050801005679,EIC,42,11,20,440.00,"8,800.00"
2019-05-08,2019050801005613,EIC,32,48,244,438.00,"106,872.00"
2019-05-08,2019050801005310,EIC,33,11,200,440.00,"88,000.00"
2019-05-08,2019050801005658,FMDBL,42,19,412,415.00,"170,980.00"
2019-05-08,2019050801005657,FMDBL,26,19,100,415.00,"41,500.00"
2019-05-08,2019050801005656,FMDBL,46,19,24,415.00,"9,960.00"
2019-05-08,2019050801005655,FMDBL,38,19,10,416.00,"4,160.00"
2019-05-08,2019050801005592,GBBL,22,48,153,224.00,"34,272.00"
2019-05-08,2019050801005591,GBBL,22,59,206,224.00,"46,144.00"
2019-05-08,2019050801005590,GBBL,22,59,197,224.00,"44,128.00"
2019-05-08,2019050801005589,GBBL,22,58,603,224.00,"135,072.00"
2019-05-08,2019050801005423,GBBL,1,58,397,224.00,"88,928.00"
2019-05-08,2019050801005309,GBBL,1,56,200,224.00,"44,800.00"
2019-05-08,2019050801005486,GBIME,44,56,564,313.00,"176,532.00"
2019-05-08,2019050801005485,GBIME,44,52,665,313.00,"208,145.00"
2019-05-08,2019050801005437,GBIME,43,52,50,313.00,"15,650.00"
2019-05-08,2019050801005397,GBIME,44,28,213,312.00,"66,456.00"
2019-05-08,2019050801005337,GBIME,44,56,100,312.00,"31,200.00"
2019-05-08,2019050801005308,GBIME,43,52,50,313.00,"15,650.00"
2019-05-08,2019050801005720,GBLBS,25,26,10,361.00,"3,610.00"
2019-05-08,2019050801005677,GBLBS,25,21,10,361.00,"3,610.00"
2019-05-08,2019050801005421,GBLBS,37,26,10,360.00,"3,600.00"
2019-05-08,2019050801005388,GBLBS,37,7,295,360.00,"106,200.00"
2019-05-08,2019050801005387,GBLBS,14,7,500,361.00,"180,500.00"
2019-05-08,2019050801005386,GBLBS,32,7,205,361.00,"74,005.00"
2019-05-08,2019050801005645,GDBL,53,33,164,212.00,"34,768.00"
2019-05-08,2019050801005448,GDBL,53,45,16,212.00,"3,392.00"
2019-05-08,2019050801005447,GDBL,43,45,164,212.00,"34,768.00"
2019-05-08,2019050801005717,GLICL,45,40,120,560.00,"67,200.00"
2019-05-08,2019050801005524,GLICL,45,22,10,560.00,"5,600.00"
2019-05-08,2019050801005520,GLICL,45,33,350,560.00,"196,000.00"
2019-05-08,2019050801005519,GLICL,52,33,200,560.00,"112,000.00"
2019-05-08,2019050801005594,HIDCL,42,46,100,142.00,"14,200.00"
2019-05-08,2019050801005730,HPPL,53,26,10,179.00,"1,790.00"
2019-05-08,2019050801005686,HPPL,53,21,10,179.00,"1,790.00"
2019-05-08,2019050801005426,HPPL,22,26,10,178.00,"1,780.00"
2019-05-08,2019050801005687,IGI,7,29,50,420.00,"21,000.00"
2019-05-08,2019050801005725,JBBL,55,55,1,140.00,140.00
2019-05-08,2019050801005472,JBBL,55,55,1,140.00,140.00
2019-05-08,2019050801005425,JBBL,55,55,1,140.00,140.00
2019-05-08,2019050801005417,JBBL,55,55,1,140.00,140.00
2019-05-08,2019050801005399,JBBL,55,55,1,140.00,140.00
2019-05-08,2019050801005384,JBBL,55,55,1,140.00,140.00
2019-05-08,2019050801005335,JBBL,55,55,1,140.00,140.00
2019-05-08,2019050801005474,JBNL,57,22,192,204.00,"39,168.00"
2019-05-08,2019050801005383,JBNL,57,34,250,204.00,"51,000.00"
2019-05-08,2019050801005382,JBNL,44,34,450,205.00,"92,250.00"
2019-05-08,2019050801005334,JBNL,44,52,50,205.00,"10,250.00"
2019-05-08,2019050801005333,JBNL,48,52,450,205.00,"92,250.00"
2019-05-08,2019050801005396,KADBL,45,46,20,176.00,"3,520.00"
2019-05-08,2019050801005691,KKHC,55,21,10,70.00,700.00
2019-05-08,2019050801005302,KMCDB,48,34,30,730.00,"21,900.00"
2019-05-08,2019050801005684,KNBL,33,26,68,138.00,"9,384.00"
2019-05-08,2019050801005683,KNBL,33,36,"1,000",138.00,"138,000.00"
2019-05-08,2019050801005621,KPCL,59,16,10,94.00,940.00
2019-05-08,2019050801005685,KSBBL,1,26,85,148.00,"12,580.00"
2019-05-08,2019050801005582,KSBBL,29,4,91,149.00,"13,559.00"
2019-05-08,2019050801005575,LBBL,32,32,40,194.00,"7,760.00"
2019-05-08,2019050801005727,LBL,45,46,391,227.00,"88,757.00"
2019-05-08,2019050801005726,LBL,58,46,47,227.00,"10,669.00"
2019-05-08,2019050801005538,LBL,45,55,10,228.00,"2,280.00"
2019-05-08,2019050801005537,LBL,59,55,100,228.00,"22,800.00"
2019-05-08,2019050801005536,LBL,42,55,60,228.00,"13,680.00"
2019-05-08,2019050801005580,LGIL,34,14,200,518.00,"103,600.00"
2019-05-08,2019050801005579,LGIL,22,14,200,518.00,"103,600.00"
2019-05-08,2019050801005578,LGIL,19,14,200,518.00,"103,600.00"
2019-05-08,2019050801005577,LGIL,59,14,100,518.00,"51,800.00"
2019-05-08,2019050801005576,LGIL,43,14,100,519.00,"51,900.00"
2019-05-08,2019050801005733,LICN,28,11,12,"1,910.00","22,920.00"
2019-05-08,2019050801005732,LICN,28,53,200,"1,910.00","382,000.00"
2019-05-08,2019050801005722,LICN,28,53,100,"1,910.00","191,000.00"
2019-05-08,2019050801005721,LICN,28,35,50,"1,909.00","95,450.00"
2019-05-08,2019050801005624,LICN,39,44,100,"1,908.00","190,800.00"
2019-05-08,2019050801005623,LICN,39,35,100,"1,907.00","190,700.00"
2019-05-08,2019050801005363,LICN,58,43,100,"1,892.00","189,200.00"
2019-05-08,2019050801005362,LICN,58,26,52,"1,890.00","98,280.00"
2019-05-08,2019050801005431,LICN,58,25,20,"1,898.00","37,960.00"
2019-05-08,2019050801005430,LICN,58,10,100,"1,895.00","189,500.00"
2019-05-08,2019050801005402,LICN,26,59,100,"1,895.00","189,500.00"
2019-05-08,2019050801005366,LICN,58,59,100,"1,895.00","189,500.00"
2019-05-08,2019050801005365,LICN,58,36,100,"1,894.00","189,400.00"
2019-05-08,2019050801005364,LICN,58,43,100,"1,894.00","189,400.00"
2019-05-08,2019050801005529,LICN,39,10,100,"1,900.00","190,000.00"
2019-05-08,2019050801005475,LICN,58,10,10,"1,900.00","19,000.00"
2019-05-08,2019050801005435,LICN,58,33,300,"1,900.00","570,000.00"
2019-05-08,2019050801005434,LICN,58,54,100,"1,900.00","190,000.00"
2019-05-08,2019050801005433,LICN,58,19,20,"1,899.00","37,980.00"
2019-05-08,2019050801005432,LICN,58,51,450,"1,898.00","854,100.00"
2019-05-08,2019050801005368,LLBS,7,49,26,800.00,"20,800.00"
2019-05-08,2019050801005626,LVF1,57,22,"1,900",10.03,"19,057.00"
2019-05-08,2019050801005336,LVF1,26,22,"3,100",10.03,"31,093.00"
2019-05-08,2019050801005323,LVF1,26,22,"2,000",10.03,"20,060.00"
2019-05-08,2019050801005322,LVF1,51,22,"3,000",10.05,"30,150.00"
2019-05-08,2019050801005311,LVF1,57,22,"5,000",10.10,"50,500.00"
2019-05-08,2019050801005424,MBL,40,34,300,269.00,"80,700.00"
2019-05-08,2019050801005393,MBL,40,22,309,269.00,"83,121.00"
2019-05-08,2019050801005392,MBL,40,49,73,269.00,"19,637.00"
2019-05-08,2019050801005391,MBL,40,22,100,269.00,"26,900.00"
2019-05-08,2019050801005758,MEGA,42,57,197,194.00,"38,218.00"
2019-05-08,2019050801005757,MEGA,42,43,200,194.00,"38,800.00"
2019-05-08,2019050801005756,MEGA,42,32,103,194.00,"19,982.00"
2019-05-08,2019050801005731,MEGA,13,32,30,194.00,"5,820.00"
2019-05-08,2019050801005682,MEGA,59,32,67,194.00,"12,998.00"
2019-05-08,2019050801005681,MEGA,59,52,133,194.00,"25,802.00"
2019-05-08,2019050801005545,MEGA,58,57,100,194.00,"19,400.00"
2019-05-08,2019050801005544,MEGA,51,57,87,194.00,"16,878.00"
2019-05-08,2019050801005439,MEGA,51,17,290,194.00,"56,260.00"
2019-05-08,2019050801005404,MEGA,51,45,123,194.00,"23,862.00"
2019-05-08,2019050801005395,MEGA,34,58,700,195.00,"136,500.00"
2019-05-08,2019050801005628,MEGA,57,52,367,194.00,"71,198.00"
2019-05-08,2019050801005622,MEGA,57,17,100,194.00,"19,400.00"
2019-05-08,2019050801005559,MEGA,57,48,333,194.00,"64,602.00"
2019-05-08,2019050801005558,MEGA,48,48,30,194.00,"5,820.00"
2019-05-08,2019050801005557,MEGA,16,48,687,194.00,"133,278.00"
2019-05-08,2019050801005546,MEGA,16,57,313,194.00,"60,722.00"
2019-05-08,2019050801005565,MHNL,53,55,30,91.00,"2,730.00"
2019-05-08,2019050801005702,MLBL,1,25,43,187.00,"8,041.00"
2019-05-08,2019050801005652,MMFDB,25,11,100,930.00,"93,000.00"
2019-05-08,2019050801005600,MNBBL,6,45,"1,962",380.00,"745,560.00"
2019-05-08,2019050801005599,MNBBL,32,45,100,380.00,"38,000.00"
2019-05-08,2019050801005598,MNBBL,32,45,100,380.00,"38,000.00"
2019-05-08,2019050801005597,MNBBL,13,45,56,380.00,"21,280.00"
2019-05-08,2019050801005511,MNBBL,13,17,144,380.00,"54,720.00"
2019-05-08,2019050801005510,MNBBL,58,17,20,380.00,"7,600.00"
2019-05-08,2019050801005459,MNBBL,43,45,100,381.00,"38,100.00"
2019-05-08,2019050801005398,MNBBL,52,58,113,382.00,"43,166.00"
2019-05-08,2019050801005327,MSLB,52,21,10,"1,194.00","11,940.00"
2019-05-08,2019050801005319,MSLB,17,21,19,"1,195.00","22,705.00"
2019-05-08,2019050801005550,NABIL,25,3,100,842.00,"84,200.00"
2019-05-08,2019050801005549,NABIL,13,3,100,842.00,"84,200.00"
2019-05-08,2019050801005548,NABIL,56,3,55,842.00,"46,310.00"
2019-05-08,2019050801005513,NABIL,56,38,15,842.00,"12,630.00"
2019-05-08,2019050801005457,NABIL,56,40,30,842.00,"25,260.00"
2019-05-08,2019050801005456,NABIL,57,40,100,843.00,"84,300.00"
2019-05-08,2019050801005751,NADEP,56,48,10,510.00,"5,100.00"
2019-05-08,2019050801005650,NADEP,56,40,20,510.00,"10,200.00"
2019-05-08,2019050801005416,NBB,25,25,164,232.00,"38,048.00"
2019-05-08,2019050801005415,NBB,6,25,13,232.00,"3,016.00"
2019-05-08,2019050801005414,NBB,34,25,100,233.00,"23,300.00"
2019-05-08,2019050801005703,NBL,21,46,50,313.00,"15,650.00"
2019-05-08,2019050801005678,NBL,57,46,300,313.00,"93,900.00"
2019-05-08,2019050801005403,NBL,28,46,250,313.00,"78,250.00"
2019-05-08,2019050801005340,NBL,49,50,500,312.00,"156,000.00"
2019-05-08,2019050801005339,NBL,49,58,350,312.00,"109,200.00"
2019-05-08,2019050801005618,NCCB,58,46,10,248.00,"2,480.00"
2019-05-08,2019050801005617,NCCB,58,34,312,247.00,"77,064.00"
2019-05-08,2019050801005604,NCCB,32,34,66,246.00,"16,236.00"
2019-05-08,2019050801005563,NCCB,7,34,25,246.00,"6,150.00"
2019-05-08,2019050801005528,NCCB,58,34,909,246.00,"223,614.00"
2019-05-08,2019050801005502,NCCB,32,34,"1,288",247.00,"318,136.00"
2019-05-08,2019050801005440,NCCB,57,52,64,246.00,"15,744.00"
2019-05-08,2019050801005377,NCCB,57,25,"1,000",246.00,"246,000.00"
2019-05-08,2019050801005321,NCCB,57,55,410,246.00,"100,860.00"
2019-05-08,2019050801005460,NCCB,53,14,109,246.00,"26,814.00"
2019-05-08,2019050801005446,NCCB,53,33,91,246.00,"22,386.00"
2019-05-08,2019050801005445,NCCB,58,33,"2,000",246.00,"492,000.00"
2019-05-08,2019050801005444,NCCB,16,33,"1,164",246.00,"286,344.00"
2019-05-08,2019050801005442,NCCB,16,52,336,246.00,"82,656.00"
2019-05-08,2019050801005441,NCCB,58,52,100,246.00,"24,600.00"
2019-05-08,2019050801005501,NCCB,32,6,"2,000",247.00,"494,000.00"
2019-05-08,2019050801005500,NCCB,32,39,50,247.00,"12,350.00"
2019-05-08,2019050801005499,NCCB,32,16,"1,000",247.00,"247,000.00"
2019-05-08,2019050801005498,NCCB,32,25,500,247.00,"123,500.00"
2019-05-08,2019050801005497,NCCB,32,50,162,247.00,"40,014.00"
2019-05-08,2019050801005461,NCCB,58,14,91,246.00,"22,386.00"
2019-05-08,2019050801005646,NEF,50,17,247,8.67,"2,141.49"
2019-05-08,2019050801005616,NEF,50,13,"2,253",8.66,"19,510.98"
2019-05-08,2019050801005755,NIB,11,47,110,563.00,"61,930.00"
2019-05-08,2019050801005700,NIB,47,21,44,562.00,"24,728.00"
2019-05-08,2019050801005688,NIB,11,47,200,563.00,"112,600.00"
2019-05-08,2019050801005614,NIB,20,47,50,563.00,"28,150.00"
2019-05-08,2019050801005595,NIB,47,56,44,562.00,"24,728.00"
2019-05-08,2019050801005571,NIB,42,47,100,563.00,"56,300.00"
2019-05-08,2019050801005525,NIB,45,38,24,561.00,"13,464.00"
2019-05-08,2019050801005745,NIBSF1,52,33,"2,000",9.56,"19,120.00"
2019-05-08,2019050801005728,NIBSF1,57,33,"5,000",9.56,"47,800.00"
2019-05-08,2019050801005603,NICA,49,55,232,494.00,"114,608.00"
2019-05-08,2019050801005372,NICA,49,52,34,494.00,"16,796.00"
2019-05-08,2019050801005344,NICA,49,26,100,494.00,"49,400.00"
2019-05-08,2019050801005422,NICGF,43,28,500,9.71,"4,855.00"
2019-05-08,2019050801005690,NICL,38,48,50,400.00,"20,000.00"
2019-05-08,2019050801005676,NICL,41,48,20,400.00,"8,000.00"
2019-05-08,2019050801005635,NICL,41,48,100,400.00,"40,000.00"
2019-05-08,2019050801005630,NICL,41,10,80,400.00,"32,000.00"
2019-05-08,2019050801005629,NICL,29,10,420,400.00,"168,000.00"
2019-05-08,2019050801005612,NICL,38,48,210,401.00,"84,210.00"
2019-05-08,2019050801005644,NLBBL,55,48,10,540.00,"5,400.00"
2019-05-08,2019050801005643,NLBBL,55,22,190,540.00,"102,600.00"
2019-05-08,2019050801005584,NLBBL,55,22,10,540.00,"5,400.00"
2019-05-08,2019050801005583,NLBBL,55,26,90,540.00,"48,600.00"
2019-05-08,2019050801005634,NLG,49,56,12,860.00,"10,320.00"
2019-05-08,2019050801005633,NLG,42,56,100,860.00,"86,000.00"
2019-05-08,2019050801005632,NLG,42,56,200,861.00,"172,200.00"
2019-05-08,2019050801005631,NLG,35,56,20,861.00,"17,220.00"
2019-05-08,2019050801005581,NLG,37,10,10,862.00,"8,620.00"
2019-05-08,2019050801005765,NLIC,17,22,15,986.00,"14,790.00"
2019-05-08,2019050801005764,NLIC,17,44,130,986.00,"128,180.00"
2019-05-08,2019050801005709,NLIC,28,21,17,985.00,"16,745.00"
2019-05-08,2019050801005638,NLIC,28,48,10,985.00,"9,850.00"
2019-05-08,2019050801005637,NLIC,51,48,90,985.00,"88,650.00"
2019-05-08,2019050801005602,NLIC,51,56,10,985.00,"9,850.00"
2019-05-08,2019050801005585,NLIC,26,44,370,986.00,"364,820.00"
2019-05-08,2019050801005556,NLIC,21,21,7,980.00,"6,860.00"
2019-05-08,2019050801005483,NLIC,26,59,130,986.00,"128,180.00"
2019-05-08,2019050801005482,NLIC,22,59,50,986.00,"49,300.00"
2019-05-08,2019050801005312,NLIC,17,35,66,987.00,"65,142.00"
2019-05-08,2019050801005298,NLIC,17,49,10,987.00,"9,870.00"
2019-05-08,2019050801005708,NLICL,11,14,100,672.00,"67,200.00"
2019-05-08,2019050801005514,NLICL,45,14,40,670.00,"26,800.00"
2019-05-08,2019050801005463,NLICL,35,29,30,673.00,"20,190.00"
2019-05-08,2019050801005692,NMB,57,52,30,384.00,"11,520.00"
2019-05-08,2019050801005532,NMB,57,8,241,383.00,"92,303.00"
2019-05-08,2019050801005531,NMB,45,8,100,383.00,"38,300.00"
2019-05-08,2019050801005530,NMB,49,8,59,383.00,"22,597.00"
2019-05-08,2019050801005419,NMB,59,6,384,384.00,"147,456.00"
2019-05-08,2019050801005412,NMB,59,6,116,384.00,"44,544.00"
2019-05-08,2019050801005411,NMB,59,6,500,384.00,"192,000.00"
2019-05-08,2019050801005410,NMB,14,6,84,384.00,"32,256.00"
2019-05-08,2019050801005400,NMB,14,6,700,384.00,"268,800.00"
2019-05-08,2019050801005367,NMB,14,29,253,384.00,"97,152.00"
2019-05-08,2019050801005318,NMB,14,26,10,384.00,"3,840.00"
2019-05-08,2019050801005385,NMBMF,16,14,41,979.00,"40,139.00"
2019-05-08,2019050801005659,NMFBS,45,56,15,"1,700.00","25,500.00"
2019-05-08,2019050801005608,NSEWA,46,46,10,457.00,"4,570.00"
2019-05-08,2019050801005371,OHL,58,56,500,574.00,"287,000.00"
2019-05-08,2019050801005370,OHL,58,56,500,575.00,"287,500.00"
2019-05-08,2019050801005369,OHL,36,56,237,576.00,"136,512.00"
2019-05-08,2019050801005325,OHL,36,17,213,576.00,"122,688.00"
2019-05-08,2019050801005301,OHL,36,6,50,576.00,"28,800.00"
2019-05-08,2019050801005596,PCBL,43,48,100,354.00,"35,400.00"
2019-05-08,2019050801005735,PFL,38,21,24,135.00,"3,240.00"
2019-05-08,2019050801005734,PFL,46,21,15,135.00,"2,025.00"
2019-05-08,2019050801005572,PFL,21,21,2,135.00,270.00
2019-05-08,2019050801005752,PIC,18,21,11,"1,108.00","12,188.00"
2019-05-08,2019050801005539,PIC,40,38,11,"1,107.00","12,177.00"
2019-05-08,2019050801005526,PIC,16,16,1,"1,090.00","1,090.00"
2019-05-08,2019050801005490,PIC,18,14,11,"1,112.00","12,232.00"
2019-05-08,2019050801005489,PIC,18,14,11,"1,112.00","12,232.00"
2019-05-08,2019050801005488,PIC,18,14,11,"1,112.00","12,232.00"
2019-05-08,2019050801005487,PIC,18,56,10,"1,111.00","11,110.00"
2019-05-08,2019050801005443,PIC,6,26,11,"1,106.00","12,166.00"
2019-05-08,2019050801005719,PLIC,37,7,300,485.00,"145,500.00"
2019-05-08,2019050801005718,PLIC,42,7,83,485.00,"40,255.00"
2019-05-08,2019050801005675,PLIC,42,38,17,485.00,"8,245.00"
2019-05-08,2019050801005674,PLIC,34,38,23,485.00,"11,155.00"
2019-05-08,2019050801005639,PMHPL,56,16,10,114.00,"1,140.00"
2019-05-08,2019050801005551,PMHPL,56,43,10,114.00,"1,140.00"
2019-05-08,2019050801005533,PMHPL,56,43,10,114.00,"1,140.00"
2019-05-08,2019050801005518,PMHPL,56,16,10,114.00,"1,140.00"
2019-05-08,2019050801005517,PMHPL,56,43,10,114.00,"1,140.00"
2019-05-08,2019050801005509,PMHPL,56,43,10,114.00,"1,140.00"
2019-05-08,2019050801005361,PMHPL,56,43,10,114.00,"1,140.00"
2019-05-08,2019050801005343,PMHPL,56,29,10,114.00,"1,140.00"
2019-05-08,2019050801005341,PMHPL,56,43,10,114.00,"1,140.00"
2019-05-08,2019050801005326,PMHPL,56,43,10,114.00,"1,140.00"
2019-05-08,2019050801005303,PMHPL,56,43,10,114.00,"1,140.00"
2019-05-08,2019050801005477,PMHPL,56,43,10,114.00,"1,140.00"
2019-05-08,2019050801005467,PMHPL,56,43,10,114.00,"1,140.00"
2019-05-08,2019050801005451,PMHPL,56,43,10,114.00,"1,140.00"
2019-05-08,2019050801005429,PMHPL,56,43,10,114.00,"1,140.00"
2019-05-08,2019050801005420,PMHPL,56,29,10,114.00,"1,140.00"
2019-05-08,2019050801005379,PMHPL,56,43,10,114.00,"1,140.00"
2019-05-08,2019050801005627,PRIN,51,58,50,418.00,"20,900.00"
2019-05-08,2019050801005723,PRVU,40,49,100,284.00,"28,400.00"
2019-05-08,2019050801005568,PRVU,25,50,495,284.00,"140,580.00"
2019-05-08,2019050801005567,PRVU,51,50,165,284.00,"46,860.00"
2019-05-08,2019050801005324,PRVU,51,49,10,284.00,"2,840.00"
2019-05-08,2019050801005484,RBCLPO,59,38,25,"8,900.00","222,500.00"
2019-05-08,2019050801005466,RMDC,5,26,230,643.00,"147,890.00"
2019-05-08,2019050801005465,RMDC,42,26,20,643.00,"12,860.00"
2019-05-08,2019050801005540,RRHP,56,16,10,93.00,930.00
2019-05-08,2019050801005406,RRHP,56,29,10,93.00,930.00
2019-05-08,2019050801005547,RSDC,52,33,90,394.00,"35,460.00"
2019-05-08,2019050801005620,SADBL,38,7,10,152.00,"1,520.00"
2019-05-08,2019050801005619,SADBL,49,7,100,152.00,"15,200.00"
2019-05-08,2019050801005296,SAEF,50,16,"10,000",9.85,"98,500.00"
2019-05-08,2019050801005481,SANIMA,56,44,"1,996",360.00,"718,560.00"
2019-05-08,2019050801005480,SANIMA,56,42,500,360.00,"180,000.00"
2019-05-08,2019050801005479,SANIMA,56,10,514,360.00,"185,040.00"
2019-05-08,2019050801005478,SANIMA,56,44,490,359.00,"175,910.00"
2019-05-08,2019050801005360,SANIMA,7,44,10,359.00,"3,590.00"
2019-05-08,2019050801005307,SBBLJ,50,6,52,199.00,"10,348.00"
2019-05-08,2019050801005306,SBBLJ,50,49,"1,000",199.00,"199,000.00"
2019-05-08,2019050801005748,SCB,56,26,50,702.00,"35,100.00"
2019-05-08,2019050801005471,SCB,4,26,50,705.00,"35,250.00"
2019-05-08,2019050801005470,SCB,7,26,20,706.00,"14,120.00"
2019-05-08,2019050801005469,SCB,29,26,10,707.00,"7,070.00"
2019-05-08,2019050801005468,SCB,4,26,13,707.00,"9,191.00"
2019-05-08,2019050801005413,SCB,4,34,120,707.00,"84,840.00"
2019-05-08,2019050801005747,SCB,56,26,40,702.00,"28,080.00"
2019-05-08,2019050801005662,SCB,56,26,60,702.00,"42,120.00"
2019-05-08,2019050801005661,SCB,6,26,20,705.00,"14,100.00"
2019-05-08,2019050801005660,SCB,4,26,10,705.00,"7,050.00"
2019-05-08,2019050801005601,SCB,4,26,90,705.00,"63,450.00"
2019-05-08,2019050801005746,SDESI,43,43,1,625.00,625.00
2019-05-08,2019050801005697,SDESI,56,40,63,633.00,"39,879.00"
2019-05-08,2019050801005696,SDESI,1,40,27,633.00,"17,091.00"
2019-05-08,2019050801005695,SDESI,6,40,50,634.00,"31,700.00"
2019-05-08,2019050801005694,SDESI,49,40,10,635.00,"6,350.00"
2019-05-08,2019050801005673,SHINE,34,52,23,250.00,"5,750.00"
2019-05-08,2019050801005672,SHINE,50,52,100,251.00,"25,100.00"
2019-05-08,2019050801005671,SHINE,58,52,50,251.00,"12,550.00"
2019-05-08,2019050801005670,SHINE,57,52,30,251.00,"7,530.00"
2019-05-08,2019050801005669,SHINE,7,52,10,252.00,"2,520.00"
2019-05-08,2019050801005760,SHIVM,58,14,400,392.00,"156,800.00"
2019-05-08,2019050801005724,SHIVM,44,14,100,392.00,"39,200.00"
2019-05-08,2019050801005588,SHIVM,58,47,50,391.00,"19,550.00"
2019-05-08,2019050801005561,SHIVM,5,14,"1,000",392.00,"392,000.00"
2019-05-08,2019050801005560,SHIVM,25,14,100,392.00,"39,200.00"
2019-05-08,2019050801005535,SHIVM,36,51,49,392.00,"19,208.00"
2019-05-08,2019050801005328,SHIVM,3,38,50,393.00,"19,650.00"
2019-05-08,2019050801005320,SHIVM,3,38,190,393.00,"74,670.00"
2019-05-08,2019050801005317,SHIVM,3,57,50,393.00,"19,650.00"
2019-05-08,2019050801005316,SHIVM,6,57,150,393.00,"58,950.00"
2019-05-08,2019050801005313,SHIVM,6,38,45,393.00,"17,685.00"
2019-05-08,2019050801005304,SHIVM,6,38,210,393.00,"82,530.00"
2019-05-08,2019050801005342,SHIVM,19,38,20,393.00,"7,860.00"
2019-05-08,2019050801005338,SHIVM,19,38,130,393.00,"51,090.00"
2019-05-08,2019050801005332,SHIVM,19,22,40,393.00,"15,720.00"
2019-05-08,2019050801005331,SHIVM,19,21,90,393.00,"35,370.00"
2019-05-08,2019050801005330,SHIVM,58,21,400,393.00,"157,200.00"
2019-05-08,2019050801005329,SHIVM,3,21,10,393.00,"3,930.00"
2019-05-08,2019050801005381,SHIVM,22,38,35,393.00,"13,755.00"
2019-05-08,2019050801005378,SHIVM,22,42,50,393.00,"19,650.00"
2019-05-08,2019050801005374,SHIVM,22,38,15,393.00,"5,895.00"
2019-05-08,2019050801005373,SHIVM,19,38,60,393.00,"23,580.00"
2019-05-08,2019050801005359,SHIVM,19,38,110,393.00,"43,230.00"
2019-05-08,2019050801005347,SHIVM,19,45,50,393.00,"19,650.00"
2019-05-08,2019050801005436,SHIVM,47,38,20,393.00,"7,860.00"
2019-05-08,2019050801005409,SHIVM,19,38,48,393.00,"18,864.00"
2019-05-08,2019050801005408,SHIVM,19,38,100,393.00,"39,300.00"
2019-05-08,2019050801005407,SHIVM,19,43,52,393.00,"20,436.00"
2019-05-08,2019050801005394,SHIVM,22,43,160,393.00,"62,880.00"
2019-05-08,2019050801005389,SHIVM,22,38,40,393.00,"15,720.00"
2019-05-08,2019050801005527,SHIVM,36,11,100,392.00,"39,200.00"
2019-05-08,2019050801005523,SHIVM,36,34,351,392.00,"137,592.00"
2019-05-08,2019050801005522,SHIVM,34,34,100,392.00,"39,200.00"
2019-05-08,2019050801005521,SHIVM,58,34,549,392.00,"215,208.00"
2019-05-08,2019050801005458,SHIVM,58,48,50,392.00,"19,600.00"
2019-05-08,2019050801005390,SHL,43,17,100,236.00,"23,600.00"
2019-05-08,2019050801005699,SHPC,4,50,17,260.00,"4,420.00"
2019-05-08,2019050801005698,SHPC,1,50,83,260.00,"21,580.00"
2019-05-08,2019050801005740,SIC,20,48,45,"1,405.00","63,225.00"
2019-05-08,2019050801005739,SIC,20,50,10,"1,400.00","14,000.00"
2019-05-08,2019050801005647,SIC,20,25,312,"1,399.00","436,488.00"
2019-05-08,2019050801005606,SIC,20,34,25,"1,385.00","34,625.00"
2019-05-08,2019050801005605,SIC,20,55,20,"1,380.00","27,600.00"
2019-05-08,2019050801005315,SICL,41,36,129,890.00,"114,810.00"
2019-05-08,2019050801005314,SICL,35,36,171,890.00,"152,190.00"
2019-05-08,2019050801005438,SIL,22,37,35,617.00,"21,595.00"
2019-05-08,2019050801005346,SLBBL,14,58,100,495.00,"49,500.00"
2019-05-08,2019050801005345,SLBBL,14,44,100,495.00,"49,500.00"
2019-05-08,2019050801005473,SLBSL,52,33,10,605.00,"6,050.00"
2019-05-08,2019050801005744,SLICL,35,58,100,566.00,"56,600.00"
2019-05-08,2019050801005668,SLICL,37,45,150,573.00,"85,950.00"
2019-05-08,2019050801005508,SLICL,37,43,50,573.00,"28,650.00"
2019-05-08,2019050801005507,SLICL,34,43,100,573.00,"57,300.00"
2019-05-08,2019050801005506,SLICL,52,43,100,573.00,"57,300.00"
2019-05-08,2019050801005505,SLICL,13,43,50,575.00,"28,750.00"
2019-05-08,2019050801005504,SLICL,5,43,200,575.00,"115,000.00"
2019-05-08,2019050801005651,SMB,56,56,10,480.00,"4,800.00"
2019-05-08,2019050801005762,SMFDB,5,55,10,626.00,"6,260.00"
2019-05-08,2019050801005761,SMFDB,5,55,23,626.00,"14,398.00"
2019-05-08,2019050801005754,SMFDB,5,55,29,626.00,"18,154.00"
2019-05-08,2019050801005753,SMFDB,5,19,11,626.00,"6,886.00"
2019-05-08,2019050801005464,TRH,45,38,500,237.00,"118,500.00"
2019-05-08,2019050801005300,TRH,45,26,10,237.00,"2,370.00"
2019-05-08,2019050801005299,TRH,25,26,100,237.00,"23,700.00"
2019-05-08,2019050801005642,UIC,17,45,20,965.00,"19,300.00"
2019-05-08,2019050801005641,UIC,6,45,110,966.00,"106,260.00"
2019-05-08,2019050801005376,UIC,6,35,90,966.00,"86,940.00"
2019-05-08,2019050801005375,UIC,55,35,10,966.00,"9,660.00"
2019-05-08,2019050801005689,UPPER,57,33,"2,630",234.00,"615,420.00"
2019-05-08,2019050801005654,UPPER,57,16,50,234.00,"11,700.00"
2019-05-08,2019050801005586,UPPER,57,28,476,234.00,"111,384.00"
2019-05-08,2019050801005570,UPPER,57,16,50,234.00,"11,700.00"
2019-05-08,2019050801005564,UPPER,57,41,50,234.00,"11,700.00"
2019-05-08,2019050801005562,UPPER,57,51,53,234.00,"12,402.00"
2019-05-08,2019050801005512,UPPER,57,26,50,234.00,"11,700.00"
2019-05-08,2019050801005450,UPPER,57,33,40,234.00,"9,360.00"
2019-05-08,2019050801005534,VLBS,41,34,20,610.00,"12,200.00"
2019-05-08,2019050801004926,ADBL,7,59,15,387.00,"5,805.00"
2019-05-08,2019050801004852,ADBL,38,29,500,386.00,"193,000.00"
2019-05-08,2019050801004834,ADBL,38,45,80,386.00,"30,880.00"
2019-05-08,2019050801004769,AHPC,46,51,400,106.00,"42,400.00"
2019-05-08,2019050801005078,ALBSL,49,26,10,461.00,"4,610.00"
2019-05-08,2019050801004860,ALBSL,25,34,10,462.00,"4,620.00"
2019-05-08,2019050801004963,ALICL,56,16,100,440.00,"44,000.00"
2019-05-08,2019050801004962,ALICL,25,16,25,440.00,"11,000.00"
2019-05-08,2019050801004949,ALICL,25,48,475,440.00,"209,000.00"
2019-05-08,2019050801004948,ALICL,57,48,25,441.00,"11,025.00"
2019-05-08,2019050801004855,ALICL,57,45,50,441.00,"22,050.00"
2019-05-08,2019050801004822,AMFI,8,45,500,582.00,"291,000.00"
2019-05-08,2019050801005046,API,25,5,50,137.00,"6,850.00"
2019-05-08,2019050801005000,BARUN,1,33,11,92.00,"1,012.00"
2019-05-08,2019050801004999,BARUN,34,33,10,92.00,920.00
2019-05-08,2019050801005187,BOKL,51,58,176,279.00,"49,104.00"
2019-05-08,2019050801005186,BOKL,42,58,100,279.00,"27,900.00"
2019-05-08,2019050801005185,BOKL,18,58,"1,000",279.00,"279,000.00"
2019-05-08,2019050801005184,BOKL,28,58,100,279.00,"27,900.00"
2019-05-08,2019050801005183,BOKL,6,58,500,279.00,"139,500.00"
2019-05-08,2019050801005182,BOKL,42,58,401,279.00,"111,879.00"
2019-05-08,2019050801005181,BOKL,20,58,268,280.00,"75,040.00"
2019-05-08,2019050801005180,BOKL,51,58,100,280.00,"28,000.00"
2019-05-08,2019050801005179,BOKL,7,58,15,280.00,"4,200.00"
2019-05-08,2019050801004972,CBBL,11,16,100,962.00,"96,200.00"
2019-05-08,2019050801004971,CBBL,26,16,100,962.00,"96,200.00"
2019-05-08,2019050801005265,CBL,37,10,500,150.00,"75,000.00"
2019-05-08,2019050801005264,CBL,38,10,500,150.00,"75,000.00"
2019-05-08,2019050801005263,CBL,1,10,100,150.00,"15,000.00"
2019-05-08,2019050801005262,CBL,59,10,100,150.00,"15,000.00"
2019-05-08,2019050801005261,CBL,17,10,400,150.00,"60,000.00"
2019-05-08,2019050801005260,CBL,38,10,500,150.00,"75,000.00"
2019-05-08,2019050801005087,CBL,28,28,100,152.00,"15,200.00"
2019-05-08,2019050801005086,CBL,28,10,"1,796",152.00,"272,992.00"
2019-05-08,2019050801005057,CBL,48,10,60,152.00,"9,120.00"
2019-05-08,2019050801005010,CBL,35,10,70,152.00,"10,640.00"
2019-05-08,2019050801004777,CBL,41,51,303,151.00,"45,753.00"
2019-05-08,2019050801004776,CBL,21,51,402,151.00,"60,702.00"
2019-05-08,2019050801005131,CBL,39,10,"2,000",151.00,"302,000.00"
2019-05-08,2019050801005130,CBL,39,10,500,151.00,"75,500.00"
2019-05-08,2019050801005129,CBL,14,10,"1,000",151.00,"151,000.00"
2019-05-08,2019050801005128,CBL,32,10,100,151.00,"15,100.00"
2019-05-08,2019050801005127,CBL,41,10,97,151.00,"14,647.00"
2019-05-08,2019050801005088,CBL,28,10,104,152.00,"15,808.00"
2019-05-08,2019050801005235,CBL,45,10,"1,000",151.00,"151,000.00"
2019-05-08,2019050801005234,CBL,43,10,"2,000",151.00,"302,000.00"
2019-05-08,2019050801005233,CBL,43,10,"2,000",151.00,"302,000.00"
2019-05-08,2019050801005232,CBL,50,10,301,151.00,"45,451.00"
2019-05-08,2019050801005133,CBL,50,10,699,151.00,"105,549.00"
2019-05-08,2019050801005132,CBL,43,10,500,151.00,"75,500.00"
2019-05-08,2019050801005241,CBL,56,10,200,151.00,"30,200.00"
2019-05-08,2019050801005240,CBL,34,10,100,151.00,"15,100.00"
2019-05-08,2019050801005239,CBL,14,10,200,151.00,"30,200.00"
2019-05-08,2019050801005238,CBL,52,10,"1,000",151.00,"151,000.00"
2019-05-08,2019050801005237,CBL,39,10,"2,000",151.00,"302,000.00"
2019-05-08,2019050801005236,CBL,59,10,"1,000",151.00,"151,000.00"
2019-05-08,2019050801005247,CBL,34,10,"2,000",150.00,"300,000.00"
2019-05-08,2019050801005246,CBL,34,10,500,150.00,"75,000.00"
2019-05-08,2019050801005245,CBL,21,10,100,150.00,"15,000.00"
2019-05-08,2019050801005244,CBL,6,10,294,150.00,"44,100.00"
2019-05-08,2019050801005243,CBL,57,10,200,151.00,"30,200.00"
2019-05-08,2019050801005242,CBL,26,10,50,151.00,"7,550.00"
2019-05-08,2019050801005253,CBL,1,10,500,150.00,"75,000.00"
2019-05-08,2019050801005252,CBL,34,10,300,150.00,"45,000.00"
2019-05-08,2019050801005251,CBL,40,10,500,150.00,"75,000.00"
2019-05-08,2019050801005250,CBL,34,10,400,150.00,"60,000.00"
2019-05-08,2019050801005249,CBL,35,10,50,150.00,"7,500.00"
2019-05-08,2019050801005248,CBL,21,10,500,150.00,"75,000.00"
2019-05-08,2019050801005259,CBL,17,10,500,150.00,"75,000.00"
2019-05-08,2019050801005258,CBL,59,10,300,150.00,"45,000.00"
2019-05-08,2019050801005257,CBL,37,10,"1,000",150.00,"150,000.00"
2019-05-08,2019050801005256,CBL,16,10,500,150.00,"75,000.00"
2019-05-08,2019050801005255,CBL,1,10,500,150.00,"75,000.00"
2019-05-08,2019050801005254,CBL,51,10,500,150.00,"75,000.00"
2019-05-08,2019050801005123,CCBL,52,19,"1,134",178.00,"201,852.00"
2019-05-08,2019050801005034,CCBL,52,58,78,178.00,"13,884.00"
2019-05-08,2019050801004981,CCBL,52,49,14,178.00,"2,492.00"
2019-05-08,2019050801004980,CCBL,52,37,300,178.00,"53,400.00"
2019-05-08,2019050801004979,CCBL,52,56,100,178.00,"17,800.00"
2019-05-08,2019050801004978,CCBL,52,49,100,178.00,"17,800.00"
2019-05-08,2019050801004977,CCBL,52,42,19,178.00,"3,382.00"
2019-05-08,2019050801004881,CCBL,14,43,171,177.00,"30,267.00"
2019-05-08,2019050801005149,CFCL,7,55,16,111.00,"1,776.00"
2019-05-08,2019050801005148,CFCL,7,55,25,111.00,"2,775.00"
2019-05-08,2019050801004983,CFCL,38,54,10,112.00,"1,120.00"
2019-05-08,2019050801005107,CHCL,56,11,98,527.00,"51,646.00"
2019-05-08,2019050801005056,CHLBS,32,1,10,480.00,"4,800.00"
2019-05-08,2019050801005055,CHLBS,32,54,10,480.00,"4,800.00"
2019-05-08,2019050801005054,CHLBS,32,39,10,480.00,"4,800.00"
2019-05-08,2019050801004880,CHLBS,42,34,10,477.00,"4,770.00"
2019-05-08,2019050801004931,CIT,58,16,51,"2,687.00","137,037.00"
2019-05-08,2019050801005158,CZBIL,7,29,10,227.00,"2,270.00"
2019-05-08,2019050801005157,CZBIL,16,29,150,227.00,"34,050.00"
2019-05-08,2019050801005043,CZBIL,51,29,71,227.00,"16,117.00"
2019-05-08,2019050801005042,CZBIL,51,37,200,227.00,"45,400.00"
2019-05-08,2019050801005041,CZBIL,51,52,29,227.00,"6,583.00"
2019-05-08,2019050801004982,CZBIL,43,58,10,226.00,"2,260.00"
2019-05-08,2019050801005222,DBBL,26,4,270,133.00,"35,910.00"
2019-05-08,2019050801005221,DBBL,38,4,10,133.00,"1,330.00"
2019-05-08,2019050801005161,EBL,26,13,37,669.00,"24,753.00"
2019-05-08,2019050801004844,EBL,42,13,50,669.00,"33,450.00"
2019-05-08,2019050801004996,EDBL,34,42,100,300.00,"30,000.00"
2019-05-08,2019050801004908,EDBL,34,49,319,300.00,"95,700.00"
2019-05-08,2019050801004848,EIC,42,48,100,441.00,"44,100.00"
2019-05-08,2019050801005013,FMDBL,46,42,76,415.00,"31,540.00"
2019-05-08,2019050801005012,FMDBL,56,42,12,416.00,"4,992.00"
2019-05-08,2019050801004947,FMDBL,56,49,38,416.00,"15,808.00"
2019-05-08,2019050801004836,FMDBL,46,52,100,415.00,"41,500.00"
2019-05-08,2019050801004816,FMDBL,35,58,52,418.00,"21,736.00"
2019-05-08,2019050801004793,FMDBL,37,19,350,419.00,"146,650.00"
