Date,Transact. No.,Symbol,Buyer,Seller,Quantity,Rate,Amount
2020-08-06,2020080601020468,ACLBSL,45,47,10,719.00,"7,190.00"
2020-08-06,2020080601020557,ADBL,59,4,100,406.00,"40,600.00"
2020-08-06,2020080601020547,ADBL,29,4,200,406.00,"81,200.00"
2020-08-06,2020080601020546,ADBL,39,4,30,406.00,"12,180.00"
2020-08-06,2020080601020376,ADBL,21,4,500,406.00,"203,000.00"
2020-08-06,2020080601020213,ADBL,58,38,10,407.00,"4,070.00"
2020-08-06,2020080601020166,ADBL,25,3,112,406.00,"45,472.00"
2020-08-06,2020080601020602,AHPC,32,48,200,94.00,"18,800.00"
2020-08-06,2020080601020464,AIL,57,58,10,425.00,"4,250.00"
2020-08-06,2020080601020258,AKPL,39,42,100,113.00,"11,300.00"
2020-08-06,2020080601020132,AKPL,25,40,"2,000",113.00,"226,000.00"
2020-08-06,2020080601020585,BARUN,49,59,231,85.00,"19,635.00"
2020-08-06,2020080601020584,BARUN,22,59,169,85.00,"14,365.00"
2020-08-06,2020080601020430,BFC,37,8,10,99.00,990.00
2020-08-06,2020080601020275,BFC,8,42,100,100.00,"10,000.00"
2020-08-06,2020080601020145,BFC,37,8,15,99.00,"1,485.00"
2020-08-06,2020080601020121,BFC,8,8,10,100.00,"1,000.00"
2020-08-06,2020080601020518,BOKL,50,46,100,222.00,"22,200.00"
2020-08-06,2020080601020475,BOKL,5,19,100,223.00,"22,300.00"
2020-08-06,2020080601020443,BOKL,50,5,100,222.00,"22,200.00"
2020-08-06,2020080601020158,BOKL,38,19,300,223.00,"66,900.00"
2020-08-06,2020080601020583,BPCL,47,32,100,350.00,"35,000.00"
2020-08-06,2020080601020555,BPCL,48,32,10,350.00,"3,500.00"
2020-08-06,2020080601020523,BPCL,50,58,12,349.00,"4,188.00"
2020-08-06,2020080601020500,BPCL,29,32,31,350.00,"10,850.00"
2020-08-06,2020080601020281,BPCL,50,50,100,349.00,"34,900.00"
2020-08-06,2020080601020570,CBBL,35,42,50,"1,035.00","51,750.00"
2020-08-06,2020080601020371,CBBL,54,42,684,"1,035.00","707,940.00"
2020-08-06,2020080601020370,CBBL,54,14,100,"1,034.00","103,400.00"
2020-08-06,2020080601020369,CBBL,54,48,216,"1,034.00","223,344.00"
2020-08-06,2020080601020193,CFCL,25,29,362,118.00,"42,716.00"
2020-08-06,2020080601020192,CFCL,43,29,50,118.00,"5,900.00"
2020-08-06,2020080601020191,CFCL,13,29,88,118.00,"10,384.00"
2020-08-06,2020080601020297,CHCL,5,55,150,385.00,"57,750.00"
2020-08-06,2020080601020296,CHCL,28,55,10,386.00,"3,860.00"
2020-08-06,2020080601020159,CHCL,5,36,100,385.00,"38,500.00"
2020-08-06,2020080601020473,CIT,35,35,10,"2,490.00","24,900.00"
2020-08-06,2020080601020317,CIT,16,38,20,"2,490.00","49,800.00"
2020-08-06,2020080601020316,CIT,44,38,10,"2,490.00","24,900.00"
2020-08-06,2020080601020216,CIT,44,41,25,"2,490.00","62,250.00"
2020-08-06,2020080601020143,CMF1,42,52,"5,000",9.98,"49,900.00"
2020-08-06,2020080601020431,CZBIL,4,32,615,196.00,"120,540.00"
2020-08-06,2020080601020339,CZBIL,52,34,30,197.00,"5,910.00"
2020-08-06,2020080601020385,DDBL,39,41,27,830.00,"22,410.00"
2020-08-06,2020080601020384,DDBL,39,8,30,830.00,"24,900.00"
2020-08-06,2020080601020383,DDBL,39,48,40,830.00,"33,200.00"
2020-08-06,2020080601020382,DDBL,39,45,16,829.00,"13,264.00"
2020-08-06,2020080601020381,DDBL,39,39,30,829.00,"24,870.00"
2020-08-06,2020080601020596,EBL,58,56,29,717.00,"20,793.00"
2020-08-06,2020080601020595,EBL,58,22,21,716.00,"15,036.00"
2020-08-06,2020080601020452,EBL,34,54,100,715.00,"71,500.00"
2020-08-06,2020080601020293,EBL,58,56,18,717.00,"12,906.00"
2020-08-06,2020080601020292,EBL,58,57,202,716.00,"144,632.00"
2020-08-06,2020080601020291,EBL,58,6,40,716.00,"28,640.00"
2020-08-06,2020080601020507,EIC,32,6,30,390.00,"11,700.00"
2020-08-06,2020080601020506,EIC,41,6,10,390.00,"3,900.00"
2020-08-06,2020080601020505,EIC,57,6,240,391.00,"93,840.00"
2020-08-06,2020080601020504,EIC,49,6,20,391.00,"7,820.00"
2020-08-06,2020080601020447,EIC,33,53,10,397.00,"3,970.00"
2020-08-06,2020080601020474,FMDBL,26,32,100,513.00,"51,300.00"
2020-08-06,2020080601020221,FMDBL,26,55,206,511.00,"105,266.00"
2020-08-06,2020080601020220,FMDBL,26,32,182,510.00,"92,820.00"
2020-08-06,2020080601020446,FOWAD,19,51,51,"1,517.00","77,367.00"
2020-08-06,2020080601020410,FOWAD,19,35,30,"1,515.00","45,450.00"
2020-08-06,2020080601020409,FOWAD,19,55,10,"1,510.00","15,100.00"
2020-08-06,2020080601020408,FOWAD,19,55,19,"1,510.00","28,690.00"
2020-08-06,2020080601020305,FOWAD,32,48,49,"1,510.00","73,990.00"
2020-08-06,2020080601020526,GBBL,1,43,500,227.00,"113,500.00"
2020-08-06,2020080601020375,GBIME,29,22,500,247.00,"123,500.00"
2020-08-06,2020080601020374,GBIME,29,42,401,247.00,"99,047.00"
2020-08-06,2020080601020197,GBIME,58,42,200,247.00,"49,400.00"
2020-08-06,2020080601020131,GBIME,22,42,50,247.00,"12,350.00"
2020-08-06,2020080601020597,GBLBS,22,58,15,462.00,"6,930.00"
2020-08-06,2020080601020558,GBLBS,13,45,10,465.00,"4,650.00"
2020-08-06,2020080601020256,GGBSL,38,48,10,809.00,"8,090.00"
2020-08-06,2020080601020255,GGBSL,38,58,10,794.00,"7,940.00"
2020-08-06,2020080601020254,GGBSL,38,58,10,794.00,"7,940.00"
2020-08-06,2020080601020306,GILB,34,1,150,"1,190.00","178,500.00"
2020-08-06,2020080601020303,GILB,34,34,91,"1,190.00","108,290.00"
2020-08-06,2020080601020302,GILB,51,34,50,"1,191.00","59,550.00"
2020-08-06,2020080601020301,GILB,16,34,10,"1,192.00","11,920.00"
2020-08-06,2020080601020300,GILB,22,34,55,"1,193.00","65,615.00"
2020-08-06,2020080601020594,GLICL,55,5,44,439.00,"19,316.00"
2020-08-06,2020080601020568,GLICL,38,5,180,439.00,"79,020.00"
2020-08-06,2020080601020567,GLICL,38,45,20,439.00,"8,780.00"
2020-08-06,2020080601020274,GLICL,21,42,50,438.00,"21,900.00"
2020-08-06,2020080601020273,GLICL,42,42,50,438.00,"21,900.00"
2020-08-06,2020080601020357,GRDBL,34,58,70,116.00,"8,120.00"
2020-08-06,2020080601020356,GRDBL,34,34,30,116.00,"3,480.00"
2020-08-06,2020080601020327,HBL,58,44,20,541.00,"10,820.00"
2020-08-06,2020080601020148,HBL,38,45,100,540.00,"54,000.00"
2020-08-06,2020080601020372,HDHPC,39,26,10,90.00,900.00
2020-08-06,2020080601020599,HDL,56,14,50,"1,644.00","82,200.00"
2020-08-06,2020080601020598,HDL,56,14,100,"1,643.00","164,300.00"
2020-08-06,2020080601020338,HDL,56,50,325,"1,645.00","534,625.00"
2020-08-06,2020080601020283,HDL,56,7,131,"1,644.00","215,364.00"
2020-08-06,2020080601020282,HDL,56,11,10,"1,640.00","16,400.00"
2020-08-06,2020080601020171,HGI,58,6,11,403.00,"4,433.00"
2020-08-06,2020080601020152,HIDCL,5,35,50,128.00,"6,400.00"
2020-08-06,2020080601020426,HPPL,45,32,10,141.00,"1,410.00"
2020-08-06,2020080601020425,HPPL,45,4,50,139.00,"6,950.00"
2020-08-06,2020080601020424,HPPL,45,1,50,139.00,"6,950.00"
2020-08-06,2020080601020423,HPPL,45,45,134,138.00,"18,492.00"
2020-08-06,2020080601020222,HPPL,25,17,10,135.00,"1,350.00"
2020-08-06,2020080601020380,IGI,25,41,100,420.00,"42,000.00"
2020-08-06,2020080601020207,IGI,58,1,30,417.00,"12,510.00"
2020-08-06,2020080601020196,ILBS,49,28,11,712.00,"7,832.00"
2020-08-06,2020080601020235,JBBL,52,21,200,171.00,"34,200.00"
2020-08-06,2020080601020234,JBBL,53,21,200,171.00,"34,200.00"
2020-08-06,2020080601020233,JBBL,58,21,75,171.00,"12,825.00"
2020-08-06,2020080601020167,JBBL,33,47,123,172.00,"21,156.00"
2020-08-06,2020080601020481,JSLBB,14,14,60,"1,367.00","82,020.00"
2020-08-06,2020080601020480,JSLBB,14,14,20,"1,368.00","27,360.00"
2020-08-06,2020080601020479,JSLBB,6,14,100,"1,368.00","136,800.00"
2020-08-06,2020080601020478,JSLBB,11,14,20,"1,370.00","27,400.00"
2020-08-06,2020080601020320,KBL,33,45,96,192.00,"18,432.00"
2020-08-06,2020080601020319,KBL,33,37,30,192.00,"5,760.00"
2020-08-06,2020080601020488,KMCDB,33,34,10,768.00,"7,680.00"
2020-08-06,2020080601020403,KMCDB,16,34,10,768.00,"7,680.00"
2020-08-06,2020080601020313,KMCDB,4,52,290,759.00,"220,110.00"
2020-08-06,2020080601020312,KMCDB,16,52,10,762.00,"7,620.00"
2020-08-06,2020080601020368,KPCL,25,55,10,106.00,"1,060.00"
2020-08-06,2020080601020346,KPCL,28,59,20,104.00,"2,080.00"
2020-08-06,2020080601020149,KPCL,22,36,10,104.00,"1,040.00"
2020-08-06,2020080601020345,KPCL,22,59,270,104.00,"28,080.00"
2020-08-06,2020080601020344,KPCL,56,59,170,104.00,"17,680.00"
2020-08-06,2020080601020343,KPCL,57,59,200,104.00,"20,800.00"
2020-08-06,2020080601020342,KPCL,7,59,80,104.00,"8,320.00"
2020-08-06,2020080601020183,KSBBL,39,47,260,153.00,"39,780.00"
2020-08-06,2020080601020387,LBBL,51,38,10,185.00,"1,850.00"
2020-08-06,2020080601020355,LBBL,41,59,200,184.00,"36,800.00"
2020-08-06,2020080601020600,LBL,58,48,50,226.00,"11,300.00"
2020-08-06,2020080601020551,LBL,4,49,50,227.00,"11,350.00"
2020-08-06,2020080601020601,LGIL,21,53,33,439.00,"14,487.00"
2020-08-06,2020080601020269,LGIL,55,53,50,439.00,"21,950.00"
2020-08-06,2020080601020549,LICN,3,14,142,"1,397.00","198,374.00"
2020-08-06,2020080601020548,LICN,3,14,13,"1,390.00","18,070.00"
2020-08-06,2020080601020499,LICN,44,14,400,"1,390.00","556,000.00"
2020-08-06,2020080601020336,LICN,44,44,100,"1,390.00","139,000.00"
2020-08-06,2020080601020335,LICN,33,44,100,"1,391.00","139,100.00"
2020-08-06,2020080601020318,LICN,33,50,300,"1,395.00","418,500.00"
2020-08-06,2020080601020218,LICN,33,50,200,"1,391.00","278,200.00"
2020-08-06,2020080601020135,LICN,58,34,531,"1,393.00","739,683.00"
2020-08-06,2020080601020117,LICN,58,38,480,"1,392.00","668,160.00"
2020-08-06,2020080601020288,MBL,34,57,100,228.00,"22,800.00"
2020-08-06,2020080601020142,MBL,25,57,457,228.00,"104,196.00"
2020-08-06,2020080601020141,MBL,25,45,300,228.00,"68,400.00"
2020-08-06,2020080601020140,MBL,25,33,243,228.00,"55,404.00"
2020-08-06,2020080601020554,MDB,4,4,400,318.00,"127,200.00"
2020-08-06,2020080601020392,MEGA,58,19,"1,000",217.00,"217,000.00"
2020-08-06,2020080601020391,MEGA,58,57,"1,426",217.00,"309,442.00"
2020-08-06,2020080601020326,MEGA,45,57,460,217.00,"99,820.00"
2020-08-06,2020080601020298,MEGA,14,57,150,217.00,"32,550.00"
2020-08-06,2020080601020270,MEGA,21,57,250,217.00,"54,250.00"
2020-08-06,2020080601020253,MEGA,58,57,50,217.00,"10,850.00"
2020-08-06,2020080601020150,MEGA,34,57,100,217.00,"21,700.00"
2020-08-06,2020080601020122,MEGA,37,57,500,217.00,"108,500.00"
2020-08-06,2020080601020118,MEGA,45,57,500,217.00,"108,500.00"
2020-08-06,2020080601020217,MEGA,17,57,500,217.00,"108,500.00"
2020-08-06,2020080601020195,MEGA,57,57,40,217.00,"8,680.00"
2020-08-06,2020080601020184,MEGA,5,57,"1,000",217.00,"217,000.00"
2020-08-06,2020080601020354,MFIL,55,16,10,272.00,"2,720.00"
2020-08-06,2020080601020219,MFIL,43,16,88,272.00,"23,936.00"
2020-08-06,2020080601020198,MFIL,55,49,78,270.00,"21,060.00"
2020-08-06,2020080601020436,MLBL,59,17,500,192.00,"96,000.00"
2020-08-06,2020080601020379,MLBL,47,17,275,192.00,"52,800.00"
2020-08-06,2020080601020161,MLBL,47,17,100,192.00,"19,200.00"
2020-08-06,2020080601020513,MNBBL,39,43,200,317.00,"63,400.00"
2020-08-06,2020080601020444,MNBBL,33,43,49,317.00,"15,533.00"
2020-08-06,2020080601020160,MNBBL,38,22,56,316.00,"17,696.00"
2020-08-06,2020080601020130,MNBBL,54,22,500,316.00,"158,000.00"
2020-08-06,2020080601020462,MSMBS,34,8,20,667.00,"13,340.00"
2020-08-06,2020080601020378,MSMBS,43,29,50,670.00,"33,500.00"
2020-08-06,2020080601020246,MSMBS,17,29,50,670.00,"33,500.00"
2020-08-06,2020080601020245,MSMBS,35,29,50,670.00,"33,500.00"
2020-08-06,2020080601020244,MSMBS,22,29,50,673.00,"33,650.00"
2020-08-06,2020080601020243,MSMBS,46,29,50,673.00,"33,650.00"
2020-08-06,2020080601020242,MSMBS,38,29,30,673.00,"20,190.00"
2020-08-06,2020080601020241,MSMBS,50,29,189,673.00,"127,197.00"
2020-08-06,2020080601020240,MSMBS,22,29,10,674.00,"6,740.00"
2020-08-06,2020080601020239,MSMBS,52,29,19,674.00,"12,806.00"
2020-08-06,2020080601020238,MSMBS,38,29,15,675.00,"10,125.00"
2020-08-06,2020080601020427,NABIL,44,57,10,814.00,"8,140.00"
2020-08-06,2020080601020310,NABIL,58,10,500,811.00,"405,500.00"
2020-08-06,2020080601020309,NABIL,58,44,309,811.00,"250,599.00"
2020-08-06,2020080601020280,NABIL,45,11,125,810.00,"101,250.00"
2020-08-06,2020080601020211,NABIL,38,44,400,811.00,"324,400.00"
2020-08-06,2020080601020200,NABIL,45,25,20,810.00,"16,200.00"
2020-08-06,2020080601020328,NADEP,42,59,83,613.00,"50,879.00"
2020-08-06,2020080601020530,NBB,25,40,932,196.00,"182,672.00"
2020-08-06,2020080601020404,NBB,34,40,50,197.00,"9,850.00"
2020-08-06,2020080601020399,NBB,39,40,200,197.00,"39,400.00"
2020-08-06,2020080601020377,NBB,52,40,58,197.00,"11,426.00"
2020-08-06,2020080601020589,NBL,33,53,50,247.00,"12,350.00"
2020-08-06,2020080601020579,NBL,38,53,114,247.00,"28,158.00"
2020-08-06,2020080601020578,NBL,38,22,101,247.00,"24,947.00"
2020-08-06,2020080601020577,NBL,38,4,185,247.00,"45,695.00"
2020-08-06,2020080601020435,NBL,58,4,75,247.00,"18,525.00"
2020-08-06,2020080601020358,NBL,57,4,40,247.00,"9,880.00"
2020-08-06,2020080601020287,NBL,22,4,500,247.00,"123,500.00"
2020-08-06,2020080601020286,NBL,47,4,200,247.00,"49,400.00"
2020-08-06,2020080601020285,NBL,58,4,"1,000",247.00,"247,000.00"
2020-08-06,2020080601020129,NBL,42,45,31,248.00,"7,688.00"
2020-08-06,2020080601020128,NBL,42,40,469,248.00,"116,312.00"
2020-08-06,2020080601020445,NCCB,44,57,50,190.00,"9,500.00"
2020-08-06,2020080601020422,NCCB,44,58,"1,300",189.00,"245,700.00"
2020-08-06,2020080601020421,NCCB,38,58,200,189.00,"37,800.00"
2020-08-06,2020080601020366,NCCB,33,57,13,190.00,"2,470.00"
2020-08-06,2020080601020365,NCCB,33,42,37,190.00,"7,030.00"
2020-08-06,2020080601020144,NCCB,38,50,100,189.00,"18,900.00"
2020-08-06,2020080601020469,NFS,41,49,100,195.00,"19,500.00"
2020-08-06,2020080601020163,NFS,13,49,300,195.00,"58,500.00"
2020-08-06,2020080601020351,NGPL,42,42,100,115.00,"11,500.00"
2020-08-06,2020080601020350,NGPL,28,42,50,115.00,"5,750.00"
2020-08-06,2020080601020349,NGPL,53,42,224,115.00,"25,760.00"
2020-08-06,2020080601020232,NGPL,53,42,500,115.00,"57,500.00"
2020-08-06,2020080601020459,NHDL,22,52,10,130.00,"1,300.00"
2020-08-06,2020080601020266,NHDL,22,17,10,130.00,"1,300.00"
2020-08-06,2020080601020515,NIB,26,26,54,441.00,"23,814.00"
2020-08-06,2020080601020514,NIB,26,28,450,441.00,"198,450.00"
2020-08-06,2020080601020501,NIB,34,28,50,441.00,"22,050.00"
2020-08-06,2020080601020465,NIB,34,33,49,440.00,"21,560.00"
2020-08-06,2020080601020450,NIB,34,41,205,440.00,"90,200.00"
2020-08-06,2020080601020407,NIB,34,19,89,440.00,"39,160.00"
2020-08-06,2020080601020127,NIB,11,25,50,440.00,"22,000.00"
2020-08-06,2020080601020406,NIB,38,19,50,440.00,"22,000.00"
2020-08-06,2020080601020405,NIB,16,19,11,440.00,"4,840.00"
2020-08-06,2020080601020398,NIB,16,50,15,440.00,"6,600.00"
2020-08-06,2020080601020341,NIB,51,50,85,440.00,"37,400.00"
2020-08-06,2020080601020340,NIB,51,25,915,440.00,"402,600.00"
2020-08-06,2020080601020592,NICA,48,49,10,548.00,"5,480.00"
2020-08-06,2020080601020591,NICA,46,49,11,548.00,"6,028.00"
2020-08-06,2020080601020590,NICA,46,58,11,548.00,"6,028.00"
2020-08-06,2020080601020574,NICA,14,46,500,545.00,"272,500.00"
2020-08-06,2020080601020569,NICA,14,52,233,545.00,"126,985.00"
2020-08-06,2020080601020498,NICA,48,58,39,548.00,"21,372.00"
2020-08-06,2020080601020236,NICA,49,49,100,546.00,"54,600.00"
2020-08-06,2020080601020227,NICA,54,49,500,546.00,"273,000.00"
2020-08-06,2020080601020226,NICA,54,32,"1,500",546.00,"819,000.00"
2020-08-06,2020080601020225,NICA,42,32,50,546.00,"27,300.00"
2020-08-06,2020080601020186,NICA,51,32,100,546.00,"54,600.00"
2020-08-06,2020080601020433,NICA,14,42,100,545.00,"54,500.00"
2020-08-06,2020080601020390,NICA,38,49,102,546.00,"55,692.00"
2020-08-06,2020080601020331,NICA,14,58,170,545.00,"92,650.00"
2020-08-06,2020080601020330,NICA,49,58,200,545.00,"109,000.00"
2020-08-06,2020080601020329,NICA,45,58,30,545.00,"16,350.00"
2020-08-06,2020080601020267,NICA,41,49,20,546.00,"10,920.00"
2020-08-06,2020080601020497,NICA,48,44,211,548.00,"115,628.00"
2020-08-06,2020080601020496,NICA,48,57,100,547.00,"54,700.00"
2020-08-06,2020080601020495,NICA,48,41,50,547.00,"27,350.00"
2020-08-06,2020080601020494,NICA,48,14,150,547.00,"82,050.00"
2020-08-06,2020080601020487,NICA,38,14,100,547.00,"54,700.00"
2020-08-06,2020080601020463,NICA,14,45,100,545.00,"54,500.00"
2020-08-06,2020080601020323,NICL,36,57,770,430.00,"331,100.00"
2020-08-06,2020080601020322,NICL,25,57,100,431.00,"43,100.00"
2020-08-06,2020080601020321,NICL,29,57,20,431.00,"8,620.00"
2020-08-06,2020080601020257,NICL,43,57,10,435.00,"4,350.00"
2020-08-06,2020080601020582,NICLBSL,26,53,10,763.00,"7,630.00"
2020-08-06,2020080601020581,NICLBSL,46,35,10,762.00,"7,620.00"
2020-08-06,2020080601020580,NICLBSL,32,35,10,762.00,"7,620.00"
2020-08-06,2020080601020483,NICLBSL,32,34,10,762.00,"7,620.00"
2020-08-06,2020080601020467,NICLBSL,17,34,20,764.00,"15,280.00"
2020-08-06,2020080601020458,NICLBSL,16,46,20,763.00,"15,260.00"
2020-08-06,2020080601020203,NICLBSL,42,35,10,763.00,"7,630.00"
2020-08-06,2020080601020202,NICLBSL,42,56,90,763.00,"68,670.00"
2020-08-06,2020080601020182,NICLBSL,4,20,10,762.00,"7,620.00"
2020-08-06,2020080601020173,NICLBSL,4,41,10,762.00,"7,620.00"
2020-08-06,2020080601020137,NICLBSL,4,20,10,762.00,"7,620.00"
2020-08-06,2020080601020314,NICLBSL,25,35,10,763.00,"7,630.00"
2020-08-06,2020080601020311,NICLBSL,44,35,10,763.00,"7,630.00"
2020-08-06,2020080601020299,NICLBSL,32,41,10,762.00,"7,620.00"
2020-08-06,2020080601020278,NICLBSL,32,36,70,762.00,"53,340.00"
2020-08-06,2020080601020277,NICLBSL,4,36,280,762.00,"213,360.00"
2020-08-06,2020080601020229,NICLBSL,4,41,10,762.00,"7,620.00"
2020-08-06,2020080601020454,NICLBSL,25,46,30,763.00,"22,890.00"
2020-08-06,2020080601020429,NICLBSL,25,28,10,763.00,"7,630.00"
2020-08-06,2020080601020420,NICLBSL,25,4,10,763.00,"7,630.00"
2020-08-06,2020080601020419,NICLBSL,25,47,10,763.00,"7,630.00"
2020-08-06,2020080601020413,NICLBSL,25,39,10,763.00,"7,630.00"
2020-08-06,2020080601020315,NICLBSL,25,58,20,763.00,"15,260.00"
2020-08-06,2020080601020347,NIL,58,48,106,618.00,"65,508.00"
2020-08-06,2020080601020116,NIL,1,55,804,614.00,"493,656.00"
2020-08-06,2020080601020115,NIL,47,55,20,614.00,"12,280.00"
2020-08-06,2020080601020114,NIL,34,55,200,614.00,"122,800.00"
2020-08-06,2020080601020113,NIL,7,55,100,615.00,"61,500.00"
2020-08-06,2020080601020112,NIL,47,55,76,615.00,"46,740.00"
2020-08-06,2020080601020111,NIL,47,55,30,615.00,"18,450.00"
2020-08-06,2020080601020110,NIL,47,55,30,615.00,"18,450.00"
2020-08-06,2020080601020109,NIL,47,55,20,615.00,"12,300.00"
2020-08-06,2020080601020108,NIL,47,55,20,615.00,"12,300.00"
2020-08-06,2020080601020107,NIL,47,55,20,615.00,"12,300.00"
2020-08-06,2020080601020106,NIL,47,55,30,615.00,"18,450.00"
2020-08-06,2020080601020388,NLBBL,39,39,30,715.00,"21,450.00"
2020-08-06,2020080601020224,NLBBL,39,10,20,715.00,"14,300.00"
2020-08-06,2020080601020223,NLBBL,39,17,15,715.00,"10,725.00"
2020-08-06,2020080601020603,NLG,38,14,50,608.00,"30,400.00"
2020-08-06,2020080601020550,NLG,25,19,100,620.00,"62,000.00"
2020-08-06,2020080601020165,NLG,29,10,150,608.00,"91,200.00"
2020-08-06,2020080601020164,NLG,11,10,204,608.00,"124,032.00"
2020-08-06,2020080601020545,NLIC,32,5,178,"1,320.00","234,960.00"
2020-08-06,2020080601020544,NLIC,32,41,50,"1,320.00","66,000.00"
2020-08-06,2020080601020543,NLIC,32,57,100,"1,320.00","132,000.00"
2020-08-06,2020080601020542,NLIC,32,45,32,"1,320.00","42,240.00"
2020-08-06,2020080601020541,NLIC,32,43,125,"1,320.00","165,000.00"
2020-08-06,2020080601020540,NLIC,32,6,100,"1,320.00","132,000.00"
2020-08-06,2020080601020251,NLIC,10,55,100,"1,315.00","131,500.00"
2020-08-06,2020080601020250,NLIC,35,55,242,"1,315.00","318,230.00"
2020-08-06,2020080601020208,NLIC,35,56,25,"1,315.00","32,875.00"
2020-08-06,2020080601020263,NLIC,32,36,302,"1,319.00","398,338.00"
2020-08-06,2020080601020262,NLIC,32,39,150,"1,318.00","197,700.00"
2020-08-06,2020080601020261,NLIC,32,39,500,"1,318.00","659,000.00"
2020-08-06,2020080601020260,NLIC,32,38,22,"1,317.00","28,974.00"
2020-08-06,2020080601020259,NLIC,32,35,26,"1,317.00","34,242.00"
2020-08-06,2020080601020252,NLIC,34,55,204,"1,314.00","268,056.00"
2020-08-06,2020080601020533,NLIC,32,54,25,"1,319.00","32,975.00"
2020-08-06,2020080601020532,NLIC,32,36,648,"1,319.00","854,712.00"
2020-08-06,2020080601020531,NLIC,32,36,300,"1,315.00","394,500.00"
2020-08-06,2020080601020524,NLIC,56,36,100,"1,315.00","131,500.00"
2020-08-06,2020080601020482,NLIC,52,36,100,"1,315.00","131,500.00"
2020-08-06,2020080601020373,NLIC,34,55,22,"1,314.00","28,908.00"
2020-08-06,2020080601020539,NLIC,32,35,10,"1,320.00","13,200.00"
2020-08-06,2020080601020538,NLIC,32,42,200,"1,320.00","264,000.00"
2020-08-06,2020080601020537,NLIC,32,33,22,"1,320.00","29,040.00"
2020-08-06,2020080601020536,NLIC,32,34,10,"1,320.00","13,200.00"
2020-08-06,2020080601020535,NLIC,32,14,100,"1,319.00","131,900.00"
2020-08-06,2020080601020534,NLIC,32,37,100,"1,319.00","131,900.00"
2020-08-06,2020080601020519,NLICL,55,5,94,657.00,"61,758.00"
2020-08-06,2020080601020126,NLICL,57,34,100,656.00,"65,600.00"
2020-08-06,2020080601020120,NLICL,57,44,200,656.00,"131,200.00"
2020-08-06,2020080601020119,NLICL,57,43,100,656.00,"65,600.00"
2020-08-06,2020080601020472,NMB,29,29,10,409.00,"4,090.00"
2020-08-06,2020080601020461,NMB,58,1,61,411.00,"25,071.00"
2020-08-06,2020080601020460,NMB,58,18,139,410.00,"56,990.00"
2020-08-06,2020080601020397,NMB,49,18,10,410.00,"4,100.00"
2020-08-06,2020080601020396,NMB,54,18,30,410.00,"12,300.00"
2020-08-06,2020080601020395,NMB,54,29,10,410.00,"4,100.00"
2020-08-06,2020080601020176,NMB,22,43,10,410.00,"4,100.00"
2020-08-06,2020080601020162,NMB,29,58,"1,000",409.00,"409,000.00"
2020-08-06,2020080601020394,NMB,54,43,160,410.00,"65,600.00"
2020-08-06,2020080601020337,NMB,34,43,20,410.00,"8,200.00"
2020-08-06,2020080601020231,NMB,58,43,20,410.00,"8,200.00"
2020-08-06,2020080601020230,NMB,57,43,250,410.00,"102,500.00"
2020-08-06,2020080601020201,NMB,29,4,10,409.00,"4,090.00"
2020-08-06,2020080601020199,NMB,55,43,10,410.00,"4,100.00"
2020-08-06,2020080601020134,NMBHF1,49,29,"2,603",9.73,"25,327.19"
2020-08-06,2020080601020133,NMBHF1,17,29,"1,500",9.74,"14,610.00"
2020-08-06,2020080601020493,NMBMF,55,28,174,710.00,"123,540.00"
2020-08-06,2020080601020565,NRIC,32,56,40,575.00,"23,000.00"
2020-08-06,2020080601020564,NRIC,32,53,40,575.00,"23,000.00"
2020-08-06,2020080601020563,NRIC,32,45,10,575.00,"5,750.00"
2020-08-06,2020080601020562,NRIC,32,53,40,575.00,"23,000.00"
2020-08-06,2020080601020561,NRIC,32,42,40,575.00,"23,000.00"
2020-08-06,2020080601020560,NRIC,32,55,10,575.00,"5,750.00"
2020-08-06,2020080601020157,NRIC,49,56,20,574.00,"11,480.00"
2020-08-06,2020080601020156,NRIC,32,20,44,574.00,"25,256.00"
2020-08-06,2020080601020155,NRIC,32,36,70,574.00,"40,180.00"
2020-08-06,2020080601020154,NRIC,32,40,460,574.00,"264,040.00"
2020-08-06,2020080601020153,NRIC,49,39,40,574.00,"22,960.00"
2020-08-06,2020080601020289,NRIC,57,22,490,575.00,"281,750.00"
2020-08-06,2020080601020268,NRIC,48,4,40,574.00,"22,960.00"
2020-08-06,2020080601020265,NRIC,28,22,250,575.00,"143,750.00"
2020-08-06,2020080601020264,NRIC,28,55,250,574.00,"143,500.00"
2020-08-06,2020080601020237,NRIC,49,50,100,574.00,"57,400.00"
2020-08-06,2020080601020212,NRIC,49,20,40,574.00,"22,960.00"
2020-08-06,2020080601020417,NRIC,32,48,10,574.00,"5,740.00"
2020-08-06,2020080601020386,NRIC,48,36,250,575.00,"143,750.00"
2020-08-06,2020080601020333,NRIC,32,6,200,574.00,"114,800.00"
2020-08-06,2020080601020325,NRIC,32,25,40,574.00,"22,960.00"
2020-08-06,2020080601020324,NRIC,48,25,60,574.00,"34,440.00"
2020-08-06,2020080601020290,NRIC,57,36,510,575.00,"293,250.00"
2020-08-06,2020080601020559,NRIC,32,36,240,575.00,"138,000.00"
2020-08-06,2020080601020556,NRIC,48,17,30,574.00,"17,220.00"
2020-08-06,2020080601020476,NRIC,48,45,100,574.00,"57,400.00"
2020-08-06,2020080601020432,NRIC,48,41,40,574.00,"22,960.00"
2020-08-06,2020080601020428,NRIC,48,34,40,574.00,"22,960.00"
2020-08-06,2020080601020418,NRIC,48,48,20,574.00,"11,480.00"
2020-08-06,2020080601020566,NSEWA,43,6,10,719.00,"7,190.00"
2020-08-06,2020080601020471,NSEWA,19,28,100,709.00,"70,900.00"
2020-08-06,2020080601020470,NSEWA,19,55,10,709.00,"7,090.00"
2020-08-06,2020080601020442,NSEWA,19,45,10,705.00,"7,050.00"
2020-08-06,2020080601020441,NSEWA,19,41,50,705.00,"35,250.00"
2020-08-06,2020080601020440,NSEWA,19,45,10,703.00,"7,030.00"
2020-08-06,2020080601020439,NSEWA,19,56,10,701.00,"7,010.00"
2020-08-06,2020080601020438,NSEWA,19,26,10,700.00,"7,000.00"
2020-08-06,2020080601020437,NSEWA,19,36,18,693.00,"12,474.00"
2020-08-06,2020080601020389,NSEWA,22,36,50,693.00,"34,650.00"
2020-08-06,2020080601020172,NSEWA,43,10,10,698.00,"6,980.00"
2020-08-06,2020080601020593,NTC,7,49,10,651.00,"6,510.00"
2020-08-06,2020080601020348,NUBL,44,40,200,964.00,"192,800.00"
2020-08-06,2020080601020175,NUBL,43,52,100,963.00,"96,300.00"
2020-08-06,2020080601020276,OHL,21,6,200,341.00,"68,200.00"
2020-08-06,2020080601020512,PCBL,35,32,69,260.00,"17,940.00"
2020-08-06,2020080601020511,PCBL,1,32,150,260.00,"39,000.00"
2020-08-06,2020080601020510,PCBL,21,32,250,260.00,"65,000.00"
2020-08-06,2020080601020509,PCBL,6,32,257,260.00,"66,820.00"
2020-08-06,2020080601020508,PCBL,6,32,97,261.00,"25,317.00"
2020-08-06,2020080601020457,PCBL,6,22,103,261.00,"26,883.00"
2020-08-06,2020080601020434,PCBL,22,22,10,261.00,"2,610.00"
2020-08-06,2020080601020367,PCBL,45,22,100,261.00,"26,100.00"
2020-08-06,2020080601020206,PCBL,42,13,100,261.00,"26,100.00"
2020-08-06,2020080601020205,PCBL,35,13,46,261.00,"12,006.00"
2020-08-06,2020080601020204,PCBL,6,13,133,261.00,"34,713.00"
2020-08-06,2020080601020364,PFL,21,13,20,147.00,"2,940.00"
2020-08-06,2020080601020363,PFL,1,13,120,147.00,"17,640.00"
2020-08-06,2020080601020362,PFL,1,13,18,147.00,"2,646.00"
2020-08-06,2020080601020572,PIC,58,6,20,615.00,"12,300.00"
2020-08-06,2020080601020571,PIC,58,13,50,612.00,"30,600.00"
2020-08-06,2020080601020451,PIC,53,36,20,606.00,"12,120.00"
2020-08-06,2020080601020139,PIC,53,48,150,610.00,"91,500.00"
2020-08-06,2020080601020138,PIC,53,54,20,610.00,"12,200.00"
2020-08-06,2020080601020209,PMHPL,22,36,10,76.00,760.00
2020-08-06,2020080601020304,PRIN,44,38,100,475.00,"47,500.00"
2020-08-06,2020080601020249,PRIN,36,36,245,470.00,"115,150.00"
2020-08-06,2020080601020248,PRIN,45,36,100,471.00,"47,100.00"
2020-08-06,2020080601020247,PRIN,50,36,55,472.00,"25,960.00"
2020-08-06,2020080601020215,PRIN,48,25,100,474.00,"47,400.00"
2020-08-06,2020080601020576,PRVU,58,14,35,232.00,"8,120.00"
2020-08-06,2020080601020486,PRVU,36,22,500,231.00,"115,500.00"
2020-08-06,2020080601020334,RBCLPO,32,34,10,"7,796.00","77,960.00"
2020-08-06,2020080601020295,RMDC,43,44,80,715.00,"57,200.00"
2020-08-06,2020080601020294,RMDC,18,44,20,715.00,"14,300.00"
2020-08-06,2020080601020181,RMDC,43,36,400,724.00,"289,600.00"
2020-08-06,2020080601020180,RMDC,43,33,100,724.00,"72,400.00"
2020-08-06,2020080601020179,RMDC,43,39,"1,000",724.00,"724,000.00"
2020-08-06,2020080601020178,RMDC,43,36,200,724.00,"144,800.00"
2020-08-06,2020080601020177,RMDC,43,6,68,724.00,"49,232.00"
2020-08-06,2020080601020125,RSDC,34,34,2,461.00,922.00
2020-08-06,2020080601020449,SABSL,49,57,20,713.00,"14,260.00"
2020-08-06,2020080601020448,SABSL,35,57,30,713.00,"21,390.00"
2020-08-06,2020080601020485,SAEF,41,52,"3,000",9.40,"28,200.00"
2020-08-06,2020080601020484,SAEF,16,52,"1,000",9.41,"9,410.00"
2020-08-06,2020080601020332,SAEF,41,29,"1,000",9.52,"9,520.00"
2020-08-06,2020080601020517,SANIMA,28,25,22,343.00,"7,546.00"
2020-08-06,2020080601020516,SANIMA,28,6,178,343.00,"61,054.00"
2020-08-06,2020080601020284,SANIMA,22,6,10,343.00,"3,430.00"
2020-08-06,2020080601020525,SBI,14,57,19,425.00,"8,075.00"
2020-08-06,2020080601020453,SBI,39,57,33,425.00,"14,025.00"
2020-08-06,2020080601020477,SBL,39,36,169,293.00,"49,517.00"
2020-08-06,2020080601020272,SBL,43,36,750,293.00,"219,750.00"
2020-08-06,2020080601020190,SBL,58,36,50,293.00,"14,650.00"
2020-08-06,2020080601020189,SBL,52,36,150,293.00,"43,950.00"
2020-08-06,2020080601020188,SBL,52,36,150,293.00,"43,950.00"
2020-08-06,2020080601020187,SBL,35,36,678,293.00,"198,654.00"
2020-08-06,2020080601020553,SCB,7,45,682,643.00,"438,526.00"
2020-08-06,2020080601020492,SCB,7,45,335,643.00,"215,405.00"
2020-08-06,2020080601020491,SCB,7,41,70,642.00,"44,940.00"
2020-08-06,2020080601020490,SCB,7,26,209,642.00,"134,178.00"
2020-08-06,2020080601020489,SCB,7,19,386,641.00,"247,426.00"
2020-08-06,2020080601020353,SCB,46,19,12,641.00,"7,692.00"
2020-08-06,2020080601020352,SCB,46,25,10,640.00,"6,400.00"
2020-08-06,2020080601020147,SCB,41,54,41,637.00,"26,117.00"
2020-08-06,2020080601020146,SCB,14,54,459,637.00,"292,383.00"
2020-08-06,2020080602000002,SDLBSL,35,17,10,397.00,"3,970.00"
2020-08-06,2020080602000001,SDLBSL,34,29,10,390.00,"3,900.00"
2020-08-06,2020080601020412,SHINE,21,34,900,231.00,"207,900.00"
2020-08-06,2020080601020411,SHINE,4,34,"1,100",231.00,"254,100.00"
2020-08-06,2020080601020307,SHIVM,10,29,100,570.00,"57,000.00"
2020-08-06,2020080601020151,SHIVM,45,29,198,570.00,"112,860.00"
2020-08-06,2020080601020393,SHL,51,44,100,159.00,"15,900.00"
2020-08-06,2020080601020228,SHL,35,50,434,159.00,"69,006.00"
2020-08-06,2020080601020361,SIC,38,55,205,710.00,"145,550.00"
2020-08-06,2020080601020360,SIC,45,55,245,710.00,"173,950.00"
2020-08-06,2020080601020359,SIC,16,55,50,711.00,"35,550.00"
2020-08-06,2020080601020522,SICL,55,55,350,"1,180.00","413,000.00"
2020-08-06,2020080601020521,SICL,36,55,100,"1,180.00","118,000.00"
2020-08-06,2020080601020520,SICL,56,55,50,"1,183.00","59,150.00"
2020-08-06,2020080601020194,SIL,16,32,50,581.00,"29,050.00"
2020-08-06,2020080601020170,SJCL,53,52,290,135.00,"39,150.00"
2020-08-06,2020080601020169,SJCL,53,41,10,134.00,"1,340.00"
2020-08-06,2020080601020168,SJCL,53,52,60,134.00,"8,040.00"
2020-08-06,2020080601020586,SKBBL,3,43,15,"1,215.00","18,225.00"
2020-08-06,2020080601020210,SKBBL,34,34,3,"1,191.00","3,573.00"
2020-08-06,2020080601020402,SLBBL,34,51,15,800.00,"12,000.00"
2020-08-06,2020080601020401,SLBBL,34,57,30,800.00,"24,000.00"
2020-08-06,2020080601020174,SLBBL,34,49,100,788.00,"78,800.00"
2020-08-06,2020080601020124,SLBBL,45,17,23,781.00,"17,963.00"
2020-08-06,2020080601020123,SLBBL,22,17,40,781.00,"31,240.00"
2020-08-06,2020080601020214,SLBBL,34,29,10,797.00,"7,970.00"
2020-08-06,2020080601020552,SLICL,25,6,50,428.00,"21,400.00"
2020-08-06,2020080601020529,SLICL,13,44,22,426.00,"9,372.00"
2020-08-06,2020080601020528,SLICL,34,44,478,426.00,"203,628.00"
2020-08-06,2020080601020136,SLICL,13,34,100,428.00,"42,800.00"
2020-08-06,2020080601020466,SPARS,39,49,10,850.00,"8,500.00"
2020-08-06,2020080601020575,SPDL,47,39,15,98.00,"1,470.00"
2020-08-06,2020080601020416,SRBL,38,22,31,233.00,"7,223.00"
2020-08-06,2020080601020415,SRBL,58,22,50,233.00,"11,650.00"
2020-08-06,2020080601020414,SRBL,38,22,211,233.00,"49,163.00"
2020-08-06,2020080601020400,SWBBL,58,22,10,"1,177.00","11,770.00"
2020-08-06,2020080601020588,TMDBL,6,18,15,164.00,"2,460.00"
2020-08-06,2020080601020587,TMDBL,6,51,15,162.00,"2,430.00"
2020-08-06,2020080601020456,TRH,13,16,50,212.00,"10,600.00"
2020-08-06,2020080601020573,UIC,29,39,390,360.00,"140,400.00"
2020-08-06,2020080601020527,UIC,7,34,100,357.00,"35,700.00"
2020-08-06,2020080601020502,UIC,39,39,100,360.00,"36,000.00"
2020-08-06,2020080601020308,UIC,45,39,10,360.00,"3,600.00"
2020-08-06,2020080601020455,UMHL,46,38,519,103.00,"53,457.00"
2020-08-06,2020080601020271,UPCL,32,36,50,70.00,"3,500.00"
2020-08-06,2020080601020503,UPPER,52,57,100,224.00,"22,400.00"
2020-08-06,2020080601020185,UPPER,52,57,100,224.00,"22,400.00"
2020-08-06,2020080601020279,VLBS,22,51,11,890.00,"9,790.00"
2020-08-06,2020080601020076,ACLBSL,32,32,52,719.00,"37,388.00"
2020-08-06,2020080601020068,ACLBSL,46,40,10,722.00,"7,220.00"
2020-08-06,2020080601020067,ACLBSL,46,50,10,722.00,"7,220.00"
2020-08-06,2020080601020057,ACLBSL,51,32,10,720.00,"7,200.00"
2020-08-06,2020080601019923,ACLBSL,50,22,10,720.00,"7,200.00"
2020-08-06,2020080601019922,ACLBSL,50,42,10,719.00,"7,190.00"
2020-08-06,2020080601019770,ACLBSL,54,13,257,719.00,"184,783.00"
2020-08-06,2020080601019690,ACLBSL,54,56,10,719.00,"7,190.00"
2020-08-06,2020080601019675,ACLBSL,54,21,124,719.00,"89,156.00"
2020-08-06,2020080601019817,ACLBSL,6,44,11,719.00,"7,909.00"
2020-08-06,2020080601019816,ACLBSL,17,44,20,719.00,"14,380.00"
2020-08-06,2020080601019815,ACLBSL,5,44,76,719.00,"54,644.00"
2020-08-06,2020080601019793,ACLBSL,5,39,10,719.00,"7,190.00"
2020-08-06,2020080601019772,ACLBSL,5,13,14,719.00,"10,066.00"
2020-08-06,2020080601019771,ACLBSL,48,13,50,719.00,"35,950.00"
2020-08-06,2020080601019773,ADBL,58,38,20,407.00,"8,140.00"
2020-08-06,2020080601019912,AHPC,51,45,10,95.00,950.00
2020-08-06,2020080601019911,AHPC,51,16,10,94.00,940.00
2020-08-06,2020080601020022,AIL,57,44,10,425.00,"4,250.00"
2020-08-06,2020080601019993,AIL,57,19,10,425.00,"4,250.00"
2020-08-06,2020080601019957,AIL,57,16,10,425.00,"4,250.00"
2020-08-06,2020080601019900,AIL,57,16,10,425.00,"4,250.00"
2020-08-06,2020080601019865,AIL,57,42,10,425.00,"4,250.00"
2020-08-06,2020080601019858,AIL,57,16,10,425.00,"4,250.00"
2020-08-06,2020080601019697,AIL,57,16,10,425.00,"4,250.00"
2020-08-06,2020080601019643,AIL,57,16,10,425.00,"4,250.00"
2020-08-06,2020080601019640,AIL,57,16,10,425.00,"4,250.00"
2020-08-06,2020080601019607,AIL,57,44,10,425.00,"4,250.00"
2020-08-06,2020080601019835,AIL,57,44,10,425.00,"4,250.00"
2020-08-06,2020080601019819,AIL,57,16,10,425.00,"4,250.00"
2020-08-06,2020080601019775,AIL,57,44,10,425.00,"4,250.00"
2020-08-06,2020080601019754,AIL,57,16,10,425.00,"4,250.00"
2020-08-06,2020080601019701,AIL,57,44,10,425.00,"4,250.00"
2020-08-06,2020080601019698,AIL,57,18,10,425.00,"4,250.00"
2020-08-06,2020080601020008,AKJCL,37,36,10,53.00,530.00
2020-08-06,2020080601019846,AKPL,16,40,500,112.00,"56,000.00"
2020-08-06,2020080601019845,AKPL,37,40,300,112.00,"33,600.00"
2020-08-06,2020080601019844,AKPL,21,40,500,112.00,"56,000.00"
2020-08-06,2020080601019658,ALBSL,57,58,11,685.00,"7,535.00"
2020-08-06,2020080601019670,ALICL,14,55,10,613.00,"6,130.00"
2020-08-06,2020080601019749,API,25,39,11,108.00,"1,188.00"
2020-08-06,2020080601019926,BFC,7,47,10,102.00,"1,020.00"
2020-08-06,2020080601019848,BFC,8,50,790,100.00,"79,000.00"
2020-08-06,2020080601019806,BFC,7,50,10,100.00,"1,000.00"
2020-08-06,2020080601019890,BOKL,34,19,40,223.00,"8,920.00"
2020-08-06,2020080601019889,BOKL,34,43,10,223.00,"2,230.00"
2020-08-06,2020080601020073,BPCL,50,34,182,349.00,"63,518.00"
2020-08-06,2020080601020070,BPCL,41,32,20,350.00,"7,000.00"
2020-08-06,2020080601020098,CBBL,50,48,134,"1,034.00","138,556.00"
2020-08-06,2020080601020097,CBBL,50,25,156,"1,034.00","161,304.00"
2020-08-06,2020080601019676,CBBL,38,45,18,"1,030.00","18,540.00"
2020-08-06,2020080601019672,CBBL,17,45,50,"1,030.00","51,500.00"
2020-08-06,2020080601019681,CBBL,38,25,94,"1,034.00","97,196.00"
2020-08-06,2020080601019680,CBBL,38,55,50,"1,034.00","51,700.00"
2020-08-06,2020080601019679,CBBL,38,1,15,"1,033.00","15,495.00"
2020-08-06,2020080601019678,CBBL,38,33,10,"1,033.00","10,330.00"
2020-08-06,2020080601019677,CBBL,38,4,13,"1,032.00","13,416.00"
2020-08-06,2020080601020052,CBL,51,40,20,144.00,"2,880.00"
2020-08-06,2020080601019805,CCBL,4,21,"1,500",174.00,"261,000.00"
2020-08-06,2020080601019753,CCBL,4,55,300,174.00,"52,200.00"
2020-08-06,2020080601019626,CCBL,4,8,"1,000",175.00,"175,000.00"
2020-08-06,2020080601019625,CCBL,4,51,84,175.00,"14,700.00"
2020-08-06,2020080601019624,CCBL,4,50,100,175.00,"17,500.00"
2020-08-06,2020080601019623,CCBL,4,53,200,175.00,"35,000.00"
2020-08-06,2020080601019610,CCBL,4,43,336,174.00,"58,464.00"
2020-08-06,2020080601019609,CCBL,4,1,500,174.00,"87,000.00"
2020-08-06,2020080601019608,CCBL,4,35,100,174.00,"17,400.00"
2020-08-06,2020080601019616,CCBL,4,6,500,175.00,"87,500.00"
2020-08-06,2020080601019615,CCBL,4,11,44,175.00,"7,700.00"
2020-08-06,2020080601019614,CCBL,4,25,"1,197",175.00,"209,475.00"
2020-08-06,2020080601019613,CCBL,4,26,"1,000",175.00,"175,000.00"
2020-08-06,2020080601019612,CCBL,4,20,335,175.00,"58,625.00"
2020-08-06,2020080601019611,CCBL,4,32,50,174.00,"8,700.00"
2020-08-06,2020080601019622,CCBL,4,59,98,175.00,"17,150.00"
2020-08-06,2020080601019621,CCBL,4,51,13,175.00,"2,275.00"
2020-08-06,2020080601019620,CCBL,4,1,530,175.00,"92,750.00"
2020-08-06,2020080601019619,CCBL,4,48,"1,000",175.00,"175,000.00"
2020-08-06,2020080601019618,CCBL,4,45,"1,918",175.00,"335,650.00"
2020-08-06,2020080601019617,CCBL,4,22,95,175.00,"16,625.00"
2020-08-06,2020080601019884,CHCL,28,11,20,387.00,"7,740.00"
2020-08-06,2020080601019840,CHL,11,14,380,86.00,"32,680.00"
2020-08-06,2020080601019839,CHL,11,14,20,86.00,"1,720.00"
2020-08-06,2020080601019869,CIT,44,52,50,"2,490.00","124,500.00"
2020-08-06,2020080601019868,CIT,44,16,15,"2,490.00","37,350.00"
2020-08-06,2020080601019827,CIT,45,16,20,"2,490.00","49,800.00"
2020-08-06,2020080601019849,CMF1,42,52,"5,000",9.89,"49,450.00"
2020-08-06,2020080601020018,CZBIL,13,25,500,198.00,"99,000.00"
2020-08-06,2020080601020051,DDBL,35,45,30,829.00,"24,870.00"
2020-08-06,2020080601020050,DDBL,35,34,18,829.00,"14,922.00"
2020-08-06,2020080601019976,DDBL,58,41,50,825.00,"41,250.00"
2020-08-06,2020080601019777,DDBL,39,49,30,827.00,"24,810.00"
2020-08-06,2020080601020077,EBL,34,6,30,716.00,"21,480.00"
2020-08-06,2020080601019952,EBL,34,6,30,716.00,"21,480.00"
2020-08-06,2020080601019692,EIC,41,5,"1,000",390.00,"390,000.00"
2020-08-06,2020080601019691,EIC,33,5,50,393.00,"19,650.00"
2020-08-06,2020080601020060,FMDBL,22,16,10,509.00,"5,090.00"
2020-08-06,2020080601020033,FMDBL,45,16,15,509.00,"7,635.00"
2020-08-06,2020080601019995,FMDBL,57,32,118,510.00,"60,180.00"
2020-08-06,2020080601019994,FMDBL,57,19,282,510.00,"143,820.00"
2020-08-06,2020080601019910,FMDBL,45,38,60,509.00,"30,540.00"
2020-08-06,2020080601019909,FMDBL,45,35,125,509.00,"63,625.00"
2020-08-06,2020080601019631,FMDBL,34,35,80,509.00,"40,720.00"
2020-08-06,2020080601019649,GBBL,42,54,18,228.00,"4,104.00"
2020-08-06,2020080601019648,GBBL,42,29,10,227.00,"2,270.00"
2020-08-06,2020080601019647,GBBL,42,13,22,227.00,"4,994.00"
2020-08-06,2020080601020040,GBIME,46,42,349,247.00,"86,203.00"
2020-08-06,2020080601020039,GBIME,46,8,254,247.00,"62,738.00"
2020-08-06,2020080601020038,GBIME,46,42,25,247.00,"6,175.00"
2020-08-06,2020080601020037,GBIME,46,59,50,247.00,"12,350.00"
2020-08-06,2020080601020036,GBIME,46,28,255,247.00,"62,985.00"
2020-08-06,2020080601020035,GBIME,46,25,67,246.00,"16,482.00"
2020-08-06,2020080601019985,GBIME,22,25,10,246.00,"2,460.00"
2020-08-06,2020080601019984,GBIME,34,25,25,246.00,"6,150.00"
2020-08-06,2020080601019983,GBIME,38,25,50,246.00,"12,300.00"
2020-08-06,2020080601019982,GBIME,53,25,166,246.00,"40,836.00"
2020-08-06,2020080601019841,GBIME,51,28,20,247.00,"4,940.00"
2020-08-06,2020080601019738,GBIME,58,28,20,247.00,"4,940.00"
2020-08-06,2020080601019991,GBIME,52,25,200,246.00,"49,200.00"
2020-08-06,2020080601019990,GBIME,29,25,200,246.00,"49,200.00"
2020-08-06,2020080601019989,GBIME,41,25,210,246.00,"51,660.00"
2020-08-06,2020080601019988,GBIME,56,25,50,246.00,"12,300.00"
2020-08-06,2020080601019987,GBIME,16,25,250,246.00,"61,500.00"
2020-08-06,2020080601019986,GBIME,42,25,80,246.00,"19,680.00"
2020-08-06,2020080601019944,GBLBS,57,19,15,460.00,"6,900.00"
2020-08-06,2020080601019666,GBLBS,57,33,15,460.00,"6,900.00"
2020-08-06,2020080601020096,GHL,1,36,20,56.00,"1,120.00"
2020-08-06,2020080601020080,GLBSL,43,43,10,924.00,"9,240.00"
2020-08-06,2020080601020079,GLBSL,43,43,10,919.00,"9,190.00"
2020-08-06,2020080601020028,GLBSL,43,43,10,919.00,"9,190.00"
2020-08-06,2020080601019808,GLBSL,43,16,50,829.00,"41,450.00"
2020-08-06,2020080601019792,GLBSL,43,34,10,828.00,"8,280.00"
2020-08-06,2020080601019791,GLBSL,43,56,10,827.00,"8,270.00"
2020-08-06,2020080601019703,GLBSL,48,33,10,812.00,"8,120.00"
2020-08-06,2020080601019837,GLBSL,43,47,10,849.00,"8,490.00"
2020-08-06,2020080601019836,GLBSL,43,42,10,845.00,"8,450.00"
2020-08-06,2020080601019812,GLBSL,43,51,10,840.00,"8,400.00"
2020-08-06,2020080601019811,GLBSL,43,51,10,840.00,"8,400.00"
2020-08-06,2020080601019810,GLBSL,43,37,60,836.00,"50,160.00"
2020-08-06,2020080601019809,GLBSL,43,16,100,829.00,"82,900.00"
2020-08-06,2020080601019979,GLBSL,43,43,10,901.00,"9,010.00"
2020-08-06,2020080601019942,GLBSL,43,43,10,901.00,"9,010.00"
2020-08-06,2020080601019914,GLBSL,43,43,10,884.00,"8,840.00"
2020-08-06,2020080601019891,GLBSL,43,43,40,867.00,"34,680.00"
2020-08-06,2020080601019870,GLBSL,43,43,10,867.00,"8,670.00"
2020-08-06,2020080601019838,GLBSL,43,57,10,850.00,"8,500.00"
2020-08-06,2020080601019871,GRDBL,39,34,50,114.00,"5,700.00"
2020-08-06,2020080601019742,GRDBL,39,42,100,112.00,"11,200.00"
2020-08-06,2020080601019654,GRDBL,14,50,370,110.00,"40,700.00"
2020-08-06,2020080601019776,HBL,58,44,10,541.00,"5,410.00"
2020-08-06,2020080601019768,HBL,45,44,50,541.00,"27,050.00"
2020-08-06,2020080601019750,HBL,38,26,200,540.00,"108,000.00"
2020-08-06,2020080601019663,HBL,38,11,"1,000",540.00,"540,000.00"
2020-08-06,2020080601019671,HDHPC,48,36,300,87.00,"26,100.00"
2020-08-06,2020080601019924,HDL,42,52,10,"1,639.00","16,390.00"
2020-08-06,2020080601019895,HDL,58,7,19,"1,644.00","31,236.00"
2020-08-06,2020080601019894,HDL,58,3,100,"1,644.00","164,400.00"
2020-08-06,2020080601019893,HDL,58,45,31,"1,644.00","50,964.00"
2020-08-06,2020080601019892,HDL,58,48,100,"1,641.00","164,100.00"
2020-08-06,2020080601019859,HDL,13,58,100,"1,640.00","164,000.00"
2020-08-06,2020080601019978,HGI,59,45,20,400.00,"8,000.00"
2020-08-06,2020080601019977,HGI,59,34,428,400.00,"171,200.00"
2020-08-06,2020080601020003,HPPL,5,4,100,137.00,"13,700.00"
2020-08-06,2020080601020099,IGI,47,1,50,417.00,"20,850.00"
2020-08-06,2020080601019696,IGI,33,1,100,417.00,"41,700.00"
2020-08-06,2020080601020055,ILBS,49,55,20,712.00,"14,240.00"
2020-08-06,2020080601019883,ILBS,49,42,11,708.00,"7,788.00"
2020-08-06,2020080601019867,ILBS,51,49,11,710.00,"7,810.00"
2020-08-06,2020080601019961,JBBL,58,42,25,171.00,"4,275.00"
2020-08-06,2020080601019960,JBBL,6,42,13,171.00,"2,223.00"
2020-08-06,2020080601019632,JFL,42,55,44,164.00,"7,216.00"
2020-08-06,2020080601020047,KBL,4,50,"2,413",191.00,"460,883.00"
2020-08-06,2020080601020046,KBL,4,41,55,191.00,"10,505.00"
2020-08-06,2020080601020045,KBL,4,8,"1,000",191.00,"191,000.00"
2020-08-06,2020080601020044,KBL,4,58,"1,000",191.00,"191,000.00"
2020-08-06,2020080601020043,KBL,4,34,"1,773",190.00,"336,870.00"
2020-08-06,2020080601020042,KBL,4,14,22,190.00,"4,180.00"
2020-08-06,2020080601020041,KBL,4,59,65,190.00,"12,350.00"
2020-08-06,2020080601020011,KBL,46,42,46,189.00,"8,694.00"
2020-08-06,2020080601019963,KBL,34,59,200,190.00,"38,000.00"
2020-08-06,2020080601019861,KPCL,39,59,150,105.00,"15,750.00"
2020-08-06,2020080601019860,KPCL,42,59,110,105.00,"11,550.00"
2020-08-06,2020080601019774,KPCL,42,58,10,105.00,"1,050.00"
2020-08-06,2020080601019787,LBBL,53,38,50,185.00,"9,250.00"
2020-08-06,2020080601019629,LBBL,42,38,488,185.00,"90,280.00"
2020-08-06,2020080601019628,LBBL,42,14,12,185.00,"2,220.00"
2020-08-06,2020080601020089,MBL,1,33,34,228.00,"7,752.00"
2020-08-06,2020080601020088,MBL,1,50,116,228.00,"26,448.00"
2020-08-06,2020080601019964,MBL,25,6,200,227.00,"45,400.00"
2020-08-06,2020080601019687,MDB,4,6,430,318.00,"136,740.00"
2020-08-06,2020080601019686,MDB,56,6,70,318.00,"22,260.00"
2020-08-06,2020080601019660,MDB,16,38,50,323.00,"16,150.00"
2020-08-06,2020080601020029,MEGA,35,57,100,217.00,"21,700.00"
2020-08-06,2020080601020013,MEGA,51,57,15,217.00,"3,255.00"
2020-08-06,2020080601020002,MEGA,45,57,100,217.00,"21,700.00"
2020-08-06,2020080601019940,MEGA,41,6,400,216.00,"86,400.00"
2020-08-06,2020080601019902,MEGA,21,57,"2,000",217.00,"434,000.00"
2020-08-06,2020080601019769,MEGA,41,35,109,216.00,"23,544.00"
2020-08-06,2020080601019704,MEGA,41,34,104,216.00,"22,464.00"
2020-08-06,2020080601019683,MEGA,58,57,15,217.00,"3,255.00"
2020-08-06,2020080601019655,MEGA,21,57,250,217.00,"54,250.00"
2020-08-06,2020080601019981,MERO,37,40,50,615.00,"30,750.00"
2020-08-06,2020080601019980,MERO,37,39,43,615.00,"26,445.00"
2020-08-06,2020080601019939,MERO,37,16,60,614.00,"36,840.00"
2020-08-06,2020080601019708,MERO,44,19,18,612.00,"11,016.00"
2020-08-06,2020080601019707,MERO,44,19,19,612.00,"11,628.00"
2020-08-06,2020080601020000,MFIL,42,49,"1,000",270.00,"270,000.00"
2020-08-06,2020080601019999,MFIL,29,49,100,270.00,"27,000.00"
2020-08-06,2020080601019998,MFIL,6,49,20,270.00,"5,400.00"
2020-08-06,2020080601019997,MFIL,16,49,200,271.00,"54,200.00"
2020-08-06,2020080601019996,MFIL,29,49,100,271.00,"27,100.00"
2020-08-06,2020080601019951,MMFDB,57,11,10,908.00,"9,080.00"
2020-08-06,2020080601019950,MMFDB,21,11,10,908.00,"9,080.00"
2020-08-06,2020080601019949,MMFDB,11,11,10,908.00,"9,080.00"
2020-08-06,2020080601019948,MMFDB,21,11,20,909.00,"18,180.00"
2020-08-06,2020080601019947,MMFDB,50,11,30,910.00,"27,300.00"
2020-08-06,2020080601019946,MMFDB,32,11,15,912.00,"13,680.00"
2020-08-06,2020080601019755,MNBBL,51,22,10,316.00,"3,160.00"
2020-08-06,2020080601019941,MSMBS,54,8,29,679.00,"19,691.00"
2020-08-06,2020080601020005,NABIL,58,44,20,811.00,"16,220.00"
2020-08-06,2020080601020004,NABIL,58,45,80,810.00,"64,800.00"
2020-08-06,2020080601019930,NABIL,45,55,90,809.00,"72,810.00"
2020-08-06,2020080601019929,NABIL,42,55,10,809.00,"8,090.00"
2020-08-06,2020080601019875,NABIL,42,45,20,810.00,"16,200.00"
2020-08-06,2020080601019712,NABIL,58,44,20,811.00,"16,220.00"
2020-08-06,2020080601019636,NABIL,53,51,10,810.00,"8,100.00"
2020-08-06,2020080601019635,NABIL,34,51,490,810.00,"396,900.00"
2020-08-06,2020080601019852,NADEP,59,39,13,610.00,"7,930.00"
2020-08-06,2020080601019804,NADEP,33,47,23,613.00,"14,099.00"
2020-08-06,2020080601019659,NADEP,50,28,23,612.00,"14,076.00"
2020-08-06,2020080601019767,NBL,42,40,31,248.00,"7,688.00"
2020-08-06,2020080601019766,NBL,42,47,74,248.00,"18,352.00"
2020-08-06,2020080601019765,NBL,42,47,145,248.00,"35,960.00"
2020-08-06,2020080601019764,NBL,42,47,101,248.00,"25,048.00"
2020-08-06,2020080601019763,NBL,42,26,52,248.00,"12,896.00"
2020-08-06,2020080601019762,NBL,42,22,75,248.00,"18,600.00"
2020-08-06,2020080601019761,NBL,42,34,95,248.00,"23,560.00"
2020-08-06,2020080601019760,NBL,42,58,47,248.00,"11,656.00"
2020-08-06,2020080601019759,NBL,42,4,"2,380",247.00,"587,860.00"
2020-08-06,2020080601019756,NBL,56,4,200,247.00,"49,400.00"
2020-08-06,2020080601020094,NCCB,44,1,300,189.00,"56,700.00"
2020-08-06,2020080601020093,NCCB,44,42,461,189.00,"87,129.00"
2020-08-06,2020080601020092,NCCB,44,57,"1,000",189.00,"189,000.00"
2020-08-06,2020080601020091,NCCB,44,57,17,189.00,"3,213.00"
2020-08-06,2020080601020090,NCCB,44,28,516,189.00,"97,524.00"
2020-08-06,2020080601019876,NCCB,58,18,500,188.00,"94,000.00"
2020-08-06,2020080601019669,NEF,49,29,"2,485",8.82,"21,917.70"
2020-08-06,2020080601019682,NFS,33,49,50,195.00,"9,750.00"
2020-08-06,2020080601020059,NHDL,22,7,370,130.00,"48,100.00"
2020-08-06,2020080601019915,NHDL,41,7,30,131.00,"3,930.00"
2020-08-06,2020080601019873,NHPC,42,41,300,52.00,"15,600.00"
2020-08-06,2020080601020048,NIB,52,25,25,440.00,"11,000.00"
2020-08-06,2020080601019973,NIB,34,36,135,439.00,"59,265.00"
2020-08-06,2020080601019972,NIB,34,36,500,439.00,"219,500.00"
2020-08-06,2020080601019971,NIB,1,36,500,439.00,"219,500.00"
2020-08-06,2020080601019970,NIB,7,36,20,439.00,"8,780.00"
2020-08-06,2020080601019969,NIB,40,36,500,439.00,"219,500.00"
2020-08-06,2020080601019818,NIB,37,25,200,440.00,"88,000.00"
2020-08-06,2020080601019744,NIB,42,25,30,440.00,"13,200.00"
2020-08-06,2020080601019968,NIB,21,36,100,439.00,"43,900.00"
2020-08-06,2020080601019967,NIB,49,36,50,439.00,"21,950.00"
2020-08-06,2020080601019966,NIB,1,36,69,439.00,"30,291.00"
2020-08-06,2020080601019965,NIB,14,36,109,439.00,"47,851.00"
2020-08-06,2020080601019953,NIB,17,25,50,440.00,"22,000.00"
2020-08-06,2020080601019784,NIBLPF,49,29,"2,970",8.16,"24,235.20"
2020-08-06,2020080601019783,NIBLPF,10,29,"2,080",8.17,"16,993.60"
2020-08-06,2020080601019857,NICA,36,6,95,545.00,"51,775.00"
2020-08-06,2020080601019856,NICA,54,6,95,545.00,"51,775.00"
2020-08-06,2020080601019847,NICA,21,32,300,546.00,"163,800.00"
2020-08-06,2020080601019788,NICA,45,32,50,546.00,"27,300.00"
2020-08-06,2020080601019684,NICA,55,32,500,546.00,"273,000.00"
2020-08-06,2020080601019645,NICA,54,33,405,545.00,"220,725.00"
2020-08-06,2020080601019644,NICA,7,33,265,545.00,"144,425.00"
2020-08-06,2020080601020019,NICAD8283,50,45,100,"1,055.00","105,500.00"
2020-08-06,2020080601019718,NICAD8283,58,45,375,"1,055.00","395,625.00"
2020-08-06,2020080601019955,NICL,44,25,97,434.00,"42,098.00"
2020-08-06,2020080601019916,NICL,44,25,31,434.00,"13,454.00"
2020-08-06,2020080601019887,NICL,44,16,97,433.00,"42,001.00"
2020-08-06,2020080601019874,NICL,44,55,200,433.00,"86,600.00"
2020-08-06,2020080601019786,NICL,10,55,100,433.00,"43,300.00"
2020-08-06,2020080601020095,NICLBSL,57,56,10,763.00,"7,630.00"
2020-08-06,2020080601020072,NICLBSL,57,49,30,763.00,"22,890.00"
2020-08-06,2020080601020071,NICLBSL,57,35,10,763.00,"7,630.00"
2020-08-06,2020080601020069,NICLBSL,4,41,10,762.00,"7,620.00"
2020-08-06,2020080601020058,NICLBSL,4,39,20,762.00,"15,240.00"
2020-08-06,2020080601020034,NICLBSL,4,42,10,762.00,"7,620.00"
2020-08-06,2020080601019646,NICLBSL,1,51,10,763.00,"7,630.00"
2020-08-06,2020080601019633,NICLBSL,1,41,10,763.00,"7,630.00"
2020-08-06,2020080601019711,NICLBSL,4,29,10,762.00,"7,620.00"
2020-08-06,2020080601019665,NICLBSL,38,56,20,763.00,"15,260.00"
2020-08-06,2020080601019653,NICLBSL,48,45,50,763.00,"38,150.00"
2020-08-06,2020080601019652,NICLBSL,14,45,30,763.00,"22,890.00"
2020-08-06,2020080601019651,NICLBSL,45,45,30,763.00,"22,890.00"
2020-08-06,2020080601019650,NICLBSL,1,45,10,763.00,"7,630.00"
2020-08-06,2020080601019781,NICLBSL,4,20,10,762.00,"7,620.00"
2020-08-06,2020080601019778,NICLBSL,4,17,10,762.00,"7,620.00"
2020-08-06,2020080601019752,NICLBSL,26,41,10,763.00,"7,630.00"
2020-08-06,2020080601019751,NICLBSL,26,51,10,763.00,"7,630.00"
2020-08-06,2020080601019746,NICLBSL,4,20,10,762.00,"7,620.00"
2020-08-06,2020080601019745,NICLBSL,4,56,10,762.00,"7,620.00"
2020-08-06,2020080601019917,NICLBSL,45,13,20,763.00,"15,260.00"
2020-08-06,2020080601019913,NICLBSL,45,42,10,763.00,"7,630.00"
2020-08-06,2020080601019896,NICLBSL,45,35,10,763.00,"7,630.00"
2020-08-06,2020080601019872,NICLBSL,45,41,10,763.00,"7,630.00"
2020-08-06,2020080601019855,NICLBSL,47,28,10,763.00,"7,630.00"
2020-08-06,2020080601019820,NICLBSL,47,51,10,763.00,"7,630.00"
2020-08-06,2020080601020030,NICLBSL,39,56,10,763.00,"7,630.00"
2020-08-06,2020080601020026,NICLBSL,4,16,40,762.00,"30,480.00"
2020-08-06,2020080601020014,NICLBSL,4,20,10,762.00,"7,620.00"
2020-08-06,2020080601019974,NICLBSL,22,56,10,763.00,"7,630.00"
2020-08-06,2020080601019958,NICLBSL,22,35,10,763.00,"7,630.00"
2020-08-06,2020080601019956,NICLBSL,39,20,10,763.00,"7,630.00"
2020-08-06,2020080601020105,NIL,47,55,30,615.00,"18,450.00"
2020-08-06,2020080601020104,NIL,47,55,20,615.00,"12,300.00"
2020-08-06,2020080601020103,NIL,41,55,100,616.00,"61,600.00"
2020-08-06,2020080601019798,NIL,36,34,100,620.00,"62,000.00"
2020-08-06,2020080601019797,NIL,36,4,"1,800",620.00,"1,116,000.00"
2020-08-06,2020080601019796,NIL,36,43,100,619.00,"61,900.00"
2020-08-06,2020080601020017,NLBBL,38,14,100,710.00,"71,000.00"
2020-08-06,2020080601019899,NLBBL,38,17,10,715.00,"7,150.00"
2020-08-06,2020080601019927,NLG,11,59,75,608.00,"45,600.00"
2020-08-06,2020080601019802,NLG,11,57,600,608.00,"364,800.00"
2020-08-06,2020080601020081,NLIC,35,41,33,"1,315.00","43,395.00"
2020-08-06,2020080601020075,NLIC,35,56,50,"1,315.00","65,750.00"
2020-08-06,2020080601020025,NLIC,52,35,24,"1,317.00","31,608.00"
2020-08-06,2020080601020020,NLIC,35,33,150,"1,315.00","197,250.00"
2020-08-06,2020080601019627,NLIC,32,36,50,"1,319.00","65,950.00"
2020-08-06,2020080601020006,NLICL,16,45,100,655.00,"65,500.00"
2020-08-06,2020080601019888,NLICL,47,14,50,653.00,"32,650.00"
2020-08-06,2020080601020086,NMB,29,13,281,409.00,"114,929.00"
2020-08-06,2020080601020085,NMB,28,13,50,409.00,"20,450.00"
2020-08-06,2020080601020084,NMB,44,13,"1,000",409.00,"409,000.00"
2020-08-06,2020080601020083,NMB,57,13,"1,293",409.00,"528,837.00"
2020-08-06,2020080601020012,NMB,57,50,100,409.00,"40,900.00"
2020-08-06,2020080601019905,NMB,57,43,100,410.00,"41,000.00"
2020-08-06,2020080601019662,NMB,26,49,200,410.00,"82,000.00"
2020-08-06,2020080601019748,NMB,21,38,80,410.00,"32,800.00"
2020-08-06,2020080601019743,NMB,21,48,180,410.00,"73,800.00"
2020-08-06,2020080601019710,NMB,57,48,20,410.00,"8,200.00"
2020-08-06,2020080601019709,NMB,57,49,80,410.00,"32,800.00"
2020-08-06,2020080601019695,NMB,56,49,100,410.00,"41,000.00"
2020-08-06,2020080601019664,NMB,17,49,20,410.00,"8,200.00"
2020-08-06,2020080601019904,NMB,35,43,100,410.00,"41,000.00"
2020-08-06,2020080601019903,NMB,45,43,30,410.00,"12,300.00"
2020-08-06,2020080601019851,NMB,58,1,30,411.00,"12,330.00"
2020-08-06,2020080601019850,NMB,45,43,20,410.00,"8,200.00"
2020-08-06,2020080601019822,NMB,21,13,20,410.00,"8,200.00"
2020-08-06,2020080601019795,NMB,51,1,50,411.00,"20,550.00"
2020-08-06,2020080601020065,NRIC,33,40,30,574.00,"17,220.00"
2020-08-06,2020080601020064,NRIC,33,20,30,574.00,"17,220.00"
2020-08-06,2020080601020049,NRIC,3,20,10,574.00,"5,740.00"
2020-08-06,2020080601020024,NRIC,3,40,440,574.00,"252,560.00"
2020-08-06,2020080601020023,NRIC,3,41,50,574.00,"28,700.00"
2020-08-06,2020080601020010,NRIC,33,40,60,574.00,"34,440.00"
2020-08-06,2020080601019661,NRIC,49,11,30,574.00,"17,220.00"
2020-08-06,2020080601019642,NRIC,41,35,10,575.00,"5,750.00"
2020-08-06,2020080601019641,NRIC,55,35,20,575.00,"11,500.00"
2020-08-06,2020080601019639,NRIC,55,38,30,575.00,"17,250.00"
2020-08-06,2020080601019722,NRIC,42,39,10,573.00,"5,730.00"
2020-08-06,2020080601019721,NRIC,56,39,100,574.00,"57,400.00"
2020-08-06,2020080601019720,NRIC,49,39,430,574.00,"246,820.00"
2020-08-06,2020080601019705,NRIC,49,20,40,574.00,"22,960.00"
2020-08-06,2020080601019700,NRIC,11,28,10,575.00,"5,750.00"
2020-08-06,2020080601019699,NRIC,11,35,10,575.00,"5,750.00"
2020-08-06,2020080601019728,NRIC,38,39,20,571.00,"11,420.00"
2020-08-06,2020080601019727,NRIC,38,39,500,571.00,"285,500.00"
2020-08-06,2020080601019726,NRIC,48,39,20,571.00,"11,420.00"
2020-08-06,2020080601019725,NRIC,45,39,50,572.00,"28,600.00"
2020-08-06,2020080601019724,NRIC,38,39,100,572.00,"57,200.00"
2020-08-06,2020080601019723,NRIC,45,39,50,573.00,"28,650.00"
2020-08-06,2020080601019734,NRIC,25,39,500,570.00,"285,000.00"
2020-08-06,2020080601019733,NRIC,34,39,500,570.00,"285,000.00"
2020-08-06,2020080601019732,NRIC,25,39,110,570.00,"62,700.00"
2020-08-06,2020080601019731,NRIC,52,39,300,571.00,"171,300.00"
2020-08-06,2020080601019730,NRIC,1,39,100,571.00,"57,100.00"
2020-08-06,2020080601019729,NRIC,33,39,25,571.00,"14,275.00"
2020-08-06,2020080601019794,NRIC,52,41,40,572.00,"22,880.00"
2020-08-06,2020080601019757,NRIC,52,56,40,572.00,"22,880.00"
2020-08-06,2020080601019747,NRIC,52,33,20,572.00,"11,440.00"
2020-08-06,2020080601019737,NRIC,49,39,166,570.00,"94,620.00"
2020-08-06,2020080601019736,NRIC,53,39,95,570.00,"54,150.00"
2020-08-06,2020080601019735,NRIC,45,39,"1,000",570.00,"570,000.00"
2020-08-06,2020080601019831,NRIC,5,56,100,575.00,"57,500.00"
2020-08-06,2020080601019830,NRIC,5,17,40,575.00,"23,000.00"
2020-08-06,2020080601019829,NRIC,5,19,20,574.00,"11,480.00"
2020-08-06,2020080601019828,NRIC,5,47,40,573.00,"22,920.00"
2020-08-06,2020080601019807,NRIC,52,20,40,572.00,"22,880.00"
2020-08-06,2020080601019799,NRIC,52,13,50,572.00,"28,600.00"
2020-08-06,2020080601019885,NRIC,45,20,10,574.00,"5,740.00"
2020-08-06,2020080601019864,NRIC,57,18,50,575.00,"28,750.00"
2020-08-06,2020080601019854,NRIC,45,33,10,574.00,"5,740.00"
2020-08-06,2020080601019842,NRIC,52,41,50,572.00,"28,600.00"
2020-08-06,2020080601019833,NRIC,5,18,350,575.00,"201,250.00"
2020-08-06,2020080601019832,NRIC,5,35,50,575.00,"28,750.00"
2020-08-06,2020080601019959,NRIC,52,28,40,572.00,"22,880.00"
2020-08-06,2020080601019933,NRIC,52,42,40,572.00,"22,880.00"
2020-08-06,2020080601019907,NRIC,52,16,40,572.00,"22,880.00"
2020-08-06,2020080601019898,NRIC,51,22,260,575.00,"149,500.00"
2020-08-06,2020080601019897,NRIC,51,35,40,575.00,"23,000.00"
2020-08-06,2020080601019886,NRIC,52,20,40,572.00,"22,880.00"
2020-08-06,2020080601019801,NUBL,45,40,100,960.00,"96,000.00"
2020-08-06,2020080601019800,NUBL,16,40,60,960.00,"57,600.00"
2020-08-06,2020080601019919,OHL,11,29,100,340.00,"34,000.00"
2020-08-06,2020080601019918,OHL,11,41,258,338.00,"87,204.00"
2020-08-06,2020080601019719,OHL,48,41,120,338.00,"40,560.00"
2020-08-06,2020080601020078,PCBL,6,34,46,261.00,"12,006.00"
2020-08-06,2020080601020009,PCBL,6,58,593,260.00,"154,180.00"
2020-08-06,2020080601019925,PCBL,6,42,150,260.00,"39,000.00"
2020-08-06,2020080601019921,PCBL,52,34,133,261.00,"34,713.00"
2020-08-06,2020080601019741,PCBL,11,21,500,260.00,"130,000.00"
2020-08-06,2020080601019657,PCBL,58,13,66,262.00,"17,292.00"
2020-08-06,2020080601019656,PCBL,58,34,434,260.00,"112,840.00"
2020-08-06,2020080601019606,PCBL,22,34,100,260.00,"26,000.00"
2020-08-06,2020080601019882,PLIC,39,44,322,535.00,"172,270.00"
2020-08-06,2020080601019881,PLIC,39,36,178,535.00,"95,230.00"
2020-08-06,2020080601019880,PLIC,39,5,500,534.00,"267,000.00"
2020-08-06,2020080601019879,PLIC,37,38,190,533.00,"101,270.00"
2020-08-06,2020080601020056,PPCL,49,56,20,113.00,"2,260.00"
2020-08-06,2020080601019694,PRIN,44,49,200,474.00,"94,800.00"
2020-08-06,2020080601019693,PRIN,44,59,100,474.00,"47,400.00"
2020-08-06,2020080601020032,PRVU,22,14,129,232.00,"29,928.00"
2020-08-06,2020080601020031,PRVU,22,4,23,231.00,"5,313.00"
2020-08-06,2020080601019877,RADHI,38,35,10,171.00,"1,710.00"
2020-08-06,2020080601020102,RHPC,22,11,302,83.00,"25,066.00"
2020-08-06,2020080601020101,RHPC,48,11,10,83.00,830.00
2020-08-06,2020080601020100,RHPC,10,11,500,84.00,"42,000.00"
2020-08-06,2020080601020027,RHPL,49,1,290,144.00,"41,760.00"
2020-08-06,2020080601019992,RHPL,49,41,10,144.00,"1,440.00"
2020-08-06,2020080601019945,RHPL,49,3,40,144.00,"5,760.00"
2020-08-06,2020080601019906,RHPL,49,46,40,144.00,"5,760.00"
2020-08-06,2020080601019782,RHPL,49,42,40,144.00,"5,760.00"
2020-08-06,2020080601019685,RHPL,49,53,40,144.00,"5,760.00"
2020-08-06,2020080601019954,RSDC,19,42,200,470.00,"94,000.00"
2020-08-06,2020080601019975,SABSL,47,42,11,712.00,"7,832.00"
2020-08-06,2020080601019863,SANIMA,34,6,80,343.00,"27,440.00"
2020-08-06,2020080601019862,SANIMA,34,11,20,342.00,"6,840.00"
2020-08-06,2020080601019667,SANIMA,19,6,100,343.00,"34,300.00"
2020-08-06,2020080601019634,SANIMA,59,6,10,343.00,"3,430.00"
2020-08-06,2020080601020074,SBI,50,55,20,424.00,"8,480.00"
2020-08-06,2020080601019878,SBI,50,55,30,423.00,"12,690.00"
2020-08-06,2020080601019866,SBI,11,55,20,423.00,"8,460.00"
2020-08-06,2020080601019785,SBI,33,50,48,423.00,"20,304.00"
2020-08-06,2020080601020021,SBL,35,34,131,293.00,"38,383.00"
2020-08-06,2020080601019803,SBL,11,36,20,294.00,"5,880.00"
2020-08-06,2020080601019843,SCB,56,34,20,638.00,"12,760.00"
2020-08-06,2020080601020066,SHINE,4,6,900,231.00,"207,900.00"
2020-08-06,2020080601020007,SHINE,35,52,50,232.00,"11,600.00"
2020-08-06,2020080601019943,SHIVM,51,25,200,571.00,"114,200.00"
2020-08-06,2020080601019853,SHIVM,45,32,50,570.00,"28,500.00"
2020-08-06,2020080601019814,SHIVM,45,46,20,570.00,"11,400.00"
2020-08-06,2020080601019813,SHPC,28,10,20,217.00,"4,340.00"
2020-08-06,2020080601019928,SIC,45,41,110,715.00,"78,650.00"
2020-08-06,2020080601019938,SICL,58,34,59,"1,190.00","70,210.00"
2020-08-06,2020080601019937,SICL,58,45,10,"1,188.00","11,880.00"
2020-08-06,2020080601019936,SICL,58,26,75,"1,187.00","89,025.00"
2020-08-06,2020080601019935,SICL,58,19,36,"1,186.00","42,696.00"
2020-08-06,2020080601019934,SICL,58,28,20,"1,184.00","23,680.00"
2020-08-06,2020080601019630,SICL,45,28,50,"1,184.00","59,200.00"
2020-08-06,2020080601019668,SIL,6,51,85,580.00,"49,300.00"
2020-08-06,2020080601019962,SINDU,51,45,20,127.00,"2,540.00"
2020-08-06,2020080601019790,SJCL,37,53,20,133.00,"2,660.00"
2020-08-06,2020080601019706,SJCL,37,58,10,133.00,"1,330.00"
2020-08-06,2020080601019637,SJCL,37,38,20,133.00,"2,660.00"
2020-08-06,2020080601019826,SKBBL,38,43,25,"1,215.00","30,375.00"
2020-08-06,2020080601019825,SKBBL,38,45,50,"1,215.00","60,750.00"
2020-08-06,2020080601019824,SKBBL,38,36,47,"1,215.00","57,105.00"
2020-08-06,2020080601019823,SKBBL,38,50,25,"1,214.00","30,350.00"
2020-08-06,2020080601020016,SLBS,26,42,6,930.00,"5,580.00"
2020-08-06,2020080601020015,SLBS,22,42,12,931.00,"11,172.00"
2020-08-06,2020080601019920,SLBSL,41,44,10,810.00,"8,100.00"
2020-08-06,2020080601019780,SLBSL,1,17,30,801.00,"24,030.00"
2020-08-06,2020080601019779,SLBSL,26,17,20,801.00,"16,020.00"
2020-08-06,2020080601019638,SLBSL,8,17,50,802.00,"40,100.00"
2020-08-06,2020080601019758,SLICL,42,36,30,429.00,"12,870.00"
2020-08-06,2020080601019717,SLICL,34,28,22,426.00,"9,372.00"
2020-08-06,2020080601019716,SLICL,14,28,100,426.00,"42,600.00"
2020-08-06,2020080601019715,SLICL,44,28,360,427.00,"153,720.00"
2020-08-06,2020080601019714,SLICL,42,28,30,428.00,"12,840.00"
2020-08-06,2020080601019713,SLICL,42,28,30,428.00,"12,840.00"
2020-08-06,2020080601020082,SMB,34,49,10,825.00,"8,250.00"
2020-08-06,2020080601020054,SMB,34,22,60,811.00,"48,660.00"
2020-08-06,2020080601020053,SMB,34,44,40,810.00,"32,400.00"
2020-08-06,2020080601020001,SMB,34,28,10,798.00,"7,980.00"
2020-08-06,2020080601019834,SMB,54,33,10,786.00,"7,860.00"
2020-08-06,2020080601019740,SMB,48,28,90,798.00,"71,820.00"
2020-08-06,2020080601019739,SMB,48,54,10,795.00,"7,950.00"
2020-08-06,2020080601020087,SPDL,8,7,80,99.00,"7,920.00"
2020-08-06,2020080601019821,SRBL,38,45,40,233.00,"9,320.00"
2020-08-06,2020080601019689,SWBBL,5,50,200,"1,181.00","236,200.00"
2020-08-06,2020080601019901,TRH,1,29,95,210.00,"19,950.00"
2020-08-06,2020080601019932,UIC,7,52,306,357.00,"109,242.00"
2020-08-06,2020080601019931,UIC,51,52,270,358.00,"96,660.00"
2020-08-06,2020080601019908,UIC,51,17,30,358.00,"10,740.00"
2020-08-06,2020080601019702,UPCL,13,49,50,71.00,"3,550.00"
2020-08-06,2020080601019688,UPCL,13,57,350,71.00,"24,850.00"
2020-08-06,2020080601020063,UPPER,16,57,150,224.00,"33,600.00"
2020-08-06,2020080601020062,UPPER,45,57,100,224.00,"22,400.00"
2020-08-06,2020080601020061,UPPER,38,57,70,224.00,"15,680.00"
2020-08-06,2020080601019789,UPPER,25,57,20,226.00,"4,520.00"
2020-08-06,2020080601019674,UPPER,38,21,30,224.00,"6,720.00"
2020-08-06,2020080601019673,UPPER,52,21,70,224.00,"15,680.00"
2020-08-06,2020080601019497,ACLBSL,54,55,32,719.00,"23,008.00"
2020-08-06,2020080601019468,ACLBSL,54,59,21,719.00,"15,099.00"
2020-08-06,2020080601019465,ACLBSL,54,58,10,719.00,"7,190.00"
2020-08-06,2020080601019394,ACLBSL,17,22,10,720.00,"7,200.00"
2020-08-06,2020080601019286,ACLBSL,17,51,10,720.00,"7,200.00"
2020-08-06,2020080601019535,ADBL,58,34,20,407.00,"8,140.00"
2020-08-06,2020080601019496,ADBL,25,58,88,406.00,"35,728.00"
2020-08-06,2020080601019495,ADBL,32,58,200,406.00,"81,200.00"
2020-08-06,2020080601019587,AIL,57,16,10,425.00,"4,250.00"
2020-08-06,2020080601019573,AIL,57,16,10,425.00,"4,250.00"
2020-08-06,2020080601019564,AIL,57,16,10,425.00,"4,250.00"
2020-08-06,2020080601019541,AIL,57,16,10,425.00,"4,250.00"
2020-08-06,2020080601019530,AIL,57,16,10,425.00,"4,250.00"
2020-08-06,2020080601019500,AIL,57,16,10,425.00,"4,250.00"
2020-08-06,2020080601019283,AIL,57,38,10,425.00,"4,250.00"
2020-08-06,2020080601019271,AIL,57,16,10,425.00,"4,250.00"
2020-08-06,2020080601019255,AIL,57,26,10,425.00,"4,250.00"
2020-08-06,2020080601019213,AIL,48,38,10,425.00,"4,250.00"
2020-08-06,2020080601019136,AIL,48,38,10,425.00,"4,250.00"
2020-08-06,2020080601019117,AIL,48,38,10,425.00,"4,250.00"
2020-08-06,2020080601019491,AIL,57,16,10,425.00,"4,250.00"
2020-08-06,2020080601019478,AIL,57,45,10,425.00,"4,250.00"
2020-08-06,2020080601019453,AIL,57,16,10,425.00,"4,250.00"
2020-08-06,2020080601019399,AIL,57,21,10,425.00,"4,250.00"
2020-08-06,2020080601019387,AIL,57,16,10,425.00,"4,250.00"
2020-08-06,2020080601019302,AIL,57,21,10,425.00,"4,250.00"
2020-08-06,2020080601019326,AKPL,43,40,100,112.00,"11,200.00"
2020-08-06,2020080601019325,AKPL,38,40,"1,000",112.00,"112,000.00"
2020-08-06,2020080601019318,AKPL,33,40,500,112.00,"56,000.00"
2020-08-06,2020080601019317,AKPL,13,40,190,112.00,"21,280.00"
2020-08-06,2020080601019316,AKPL,29,40,"1,000",112.00,"112,000.00"
2020-08-06,2020080601019315,AKPL,43,40,100,113.00,"11,300.00"
2020-08-06,2020080601019314,AKPL,7,40,100,113.00,"11,300.00"
2020-08-06,2020080601019324,AKPL,14,40,100,112.00,"11,200.00"
2020-08-06,2020080601019323,AKPL,45,40,800,112.00,"89,600.00"
2020-08-06,2020080601019322,AKPL,29,40,200,112.00,"22,400.00"
2020-08-06,2020080601019321,AKPL,43,40,200,112.00,"22,400.00"
2020-08-06,2020080601019320,AKPL,45,40,"1,000",112.00,"112,000.00"
2020-08-06,2020080601019319,AKPL,26,40,250,112.00,"28,000.00"
2020-08-06,2020080601019542,ALBSL,57,19,28,685.00,"19,180.00"
2020-08-06,2020080601019402,ALBSL,57,19,22,685.00,"15,070.00"
2020-08-06,2020080601019336,ALBSL,45,1,10,687.00,"6,870.00"
2020-08-06,2020080601019335,ALBSL,44,1,16,687.00,"10,992.00"
2020-08-06,2020080601019346,ALICL,38,50,500,614.00,"307,000.00"
2020-08-06,2020080601019356,BFC,37,19,550,99.00,"54,450.00"
2020-08-06,2020080601019367,BOKL,50,41,148,222.00,"32,856.00"
2020-08-06,2020080601019177,BOKL,34,56,478,222.00,"106,116.00"
2020-08-06,2020080601019176,BOKL,34,4,250,222.00,"55,500.00"
2020-08-06,2020080601019175,BOKL,34,16,180,222.00,"39,960.00"
2020-08-06,2020080601019464,BPCL,50,59,24,349.00,"8,376.00"
2020-08-06,2020080601019332,BPCL,50,26,12,349.00,"4,188.00"
2020-08-06,2020080601019143,BPCL,50,34,12,349.00,"4,188.00"
2020-08-06,2020080601019489,CBBL,49,26,10,"1,030.00","10,300.00"
2020-08-06,2020080601019345,CBBL,49,4,13,"1,030.00","13,390.00"
2020-08-06,2020080601019344,CBBL,49,54,35,"1,030.00","36,050.00"
2020-08-06,2020080601019334,CBBL,41,54,10,"1,030.00","10,300.00"
2020-08-06,2020080601019205,CBL,10,28,"1,000",143.00,"143,000.00"
2020-08-06,2020080601019343,CCBL,19,19,200,173.00,"34,600.00"
2020-08-06,2020080601019342,CCBL,19,19,111,173.00,"19,203.00"
2020-08-06,2020080601019341,CCBL,19,14,230,173.00,"39,790.00"
2020-08-06,2020080601019264,CCBL,4,22,18,172.00,"3,096.00"
2020-08-06,2020080601019263,CCBL,41,22,10,172.00,"1,720.00"
2020-08-06,2020080601019256,CCBL,46,22,142,172.00,"24,424.00"
2020-08-06,2020080601019262,CCBL,34,22,20,172.00,"3,440.00"
2020-08-06,2020080601019261,CCBL,45,22,250,172.00,"43,000.00"
2020-08-06,2020080601019260,CCBL,59,22,10,172.00,"1,720.00"
2020-08-06,2020080601019259,CCBL,14,22,200,172.00,"34,400.00"
2020-08-06,2020080601019258,CCBL,10,22,50,172.00,"8,600.00"
2020-08-06,2020080601019257,CCBL,41,22,100,172.00,"17,200.00"
2020-08-06,2020080601019254,CIT,26,16,15,"2,490.00","37,350.00"
2020-08-06,2020080601019476,CZBIL,33,47,100,198.00,"19,800.00"
2020-08-06,2020080601019447,CZBIL,4,36,319,197.00,"62,843.00"
2020-08-06,2020080601019446,CZBIL,4,43,50,197.00,"9,850.00"
2020-08-06,2020080601019445,CZBIL,4,51,450,197.00,"88,650.00"
2020-08-06,2020080601019444,CZBIL,4,39,"2,000",197.00,"394,000.00"
2020-08-06,2020080601019443,CZBIL,4,52,100,197.00,"19,700.00"
2020-08-06,2020080601019279,CZBIL,19,57,41,196.00,"8,036.00"
2020-08-06,2020080601019278,CZBIL,19,46,200,196.00,"39,200.00"
2020-08-06,2020080601019277,CZBIL,19,18,27,196.00,"5,292.00"
2020-08-06,2020080601019276,CZBIL,19,45,132,196.00,"25,872.00"
2020-08-06,2020080601019204,CZBIL,48,45,100,196.00,"19,600.00"
2020-08-06,2020080601019442,CZBIL,4,19,550,197.00,"108,350.00"
2020-08-06,2020080601019441,CZBIL,4,38,398,197.00,"78,406.00"
2020-08-06,2020080601019440,CZBIL,4,34,247,197.00,"48,659.00"
2020-08-06,2020080601019439,CZBIL,4,25,618,197.00,"121,746.00"
2020-08-06,2020080601019438,CZBIL,4,36,"1,554",196.00,"304,584.00"
2020-08-06,2020080601019437,CZBIL,4,57,959,196.00,"187,964.00"
2020-08-06,2020080601019414,DDBL,34,34,1,808.00,808.00
2020-08-06,2020080601019368,EBL,58,56,100,717.00,"71,700.00"
2020-08-06,2020080601019349,EBL,21,47,130,714.00,"92,820.00"
2020-08-06,2020080601019348,EBL,34,47,100,714.00,"71,400.00"
2020-08-06,2020080601019347,EBL,11,47,20,715.00,"14,300.00"
2020-08-06,2020080601019170,EIC,41,6,50,393.00,"19,650.00"
2020-08-06,2020080601019575,FMDBL,53,54,50,508.00,"25,400.00"
2020-08-06,2020080601019574,FMDBL,50,54,50,508.00,"25,400.00"
2020-08-06,2020080601019203,FOWAD,19,28,49,"1,506.00","73,794.00"
2020-08-06,2020080601019202,FOWAD,18,28,50,"1,506.00","75,300.00"
2020-08-06,2020080601019406,GBBL,5,43,700,226.00,"158,200.00"
2020-08-06,2020080601019588,GBIME,58,28,50,247.00,"12,350.00"
2020-08-06,2020080601019571,GBIME,53,35,78,246.00,"19,188.00"
2020-08-06,2020080601019413,GBIME,53,21,756,246.00,"185,976.00"
2020-08-06,2020080601019412,GBIME,47,21,50,246.00,"12,300.00"
2020-08-06,2020080601019411,GBIME,36,21,50,246.00,"12,300.00"
2020-08-06,2020080601019410,GBIME,47,21,15,246.00,"3,690.00"
2020-08-06,2020080601019191,GBIME,14,28,10,247.00,"2,470.00"
2020-08-06,2020080601019285,GBLBS,49,1,200,462.00,"92,400.00"
2020-08-06,2020080601019333,GHL,1,38,30,56.00,"1,680.00"
2020-08-06,2020080601019329,GHL,1,59,30,56.00,"1,680.00"
2020-08-06,2020080601019305,GHL,1,54,20,56.00,"1,120.00"
2020-08-06,2020080601019567,GLBSL,26,19,10,815.00,"8,150.00"
2020-08-06,2020080601019201,GLICL,36,1,80,436.00,"34,880.00"
2020-08-06,2020080601019200,GLICL,53,1,20,437.00,"8,740.00"
2020-08-06,2020080601019308,GRDBL,56,43,100,110.00,"11,000.00"
2020-08-06,2020080601019307,GRDBL,56,33,300,110.00,"33,000.00"
2020-08-06,2020080601019490,GUFL,32,28,10,118.00,"1,180.00"
2020-08-06,2020080601019508,HBL,58,44,10,541.00,"5,410.00"
2020-08-06,2020080601019253,HDHPC,48,59,30,87.00,"2,610.00"
2020-08-06,2020080601019531,HDL,41,47,100,"1,640.00","164,000.00"
2020-08-06,2020080601019436,HDL,8,39,150,"1,640.00","246,000.00"
2020-08-06,2020080601019435,HDL,21,39,50,"1,640.00","82,000.00"
2020-08-06,2020080601019434,HDL,45,39,100,"1,640.00","164,000.00"
2020-08-06,2020080601019433,HDL,39,39,100,"1,641.00","164,100.00"
2020-08-06,2020080601019432,HDL,57,39,100,"1,641.00","164,100.00"
2020-08-06,2020080601019475,HIDCL,34,14,31,126.00,"3,906.00"
2020-08-06,2020080601019312,HIDCL,21,32,63,127.00,"8,001.00"
2020-08-06,2020080601019208,HIDCL,21,49,61,127.00,"7,747.00"
2020-08-06,2020080601019207,HIDCL,21,49,31,127.00,"3,937.00"
2020-08-06,2020080601019206,HIDCL,21,18,31,127.00,"3,937.00"
2020-08-06,2020080601019364,HPPL,42,38,20,135.00,"2,700.00"
2020-08-06,2020080601019359,HURJA,42,32,280,94.00,"26,320.00"
2020-08-06,2020080601019400,ICFC,52,38,10,187.00,"1,870.00"
2020-08-06,2020080601019290,JBBL,42,47,504,172.00,"86,688.00"
2020-08-06,2020080601019289,JBBL,42,51,"2,496",172.00,"429,312.00"
2020-08-06,2020080601019269,JBBL,6,36,38,171.00,"6,498.00"
2020-08-06,2020080601019107,JBBL,32,29,31,170.00,"5,270.00"
2020-08-06,2020080601019106,JBBL,13,29,396,170.00,"67,320.00"
2020-08-06,2020080601019391,JOSHI,25,59,20,56.00,"1,120.00"
2020-08-06,2020080601019389,JOSHI,55,38,20,55.00,"1,100.00"
2020-08-06,2020080601019492,JSLBB,49,14,210,"1,370.00","287,700.00"
2020-08-06,2020080601019506,KBL,46,11,278,189.00,"52,542.00"
2020-08-06,2020080601019505,KBL,14,11,100,189.00,"18,900.00"
2020-08-06,2020080601019504,KBL,35,11,200,189.00,"37,800.00"
2020-08-06,2020080601019503,KBL,40,11,100,189.00,"18,900.00"
2020-08-06,2020080601019502,KBL,6,11,322,189.00,"60,858.00"
2020-08-06,2020080601019452,KBL,16,59,100,190.00,"19,000.00"
2020-08-06,2020080601019118,KMCDB,52,19,10,762.00,"7,620.00"
2020-08-06,2020080601019179,KPCL,17,55,10,106.00,"1,060.00"
2020-08-06,2020080601019139,KPCL,42,17,10,105.00,"1,050.00"
2020-08-06,2020080601019124,KPCL,42,34,10,105.00,"1,050.00"
2020-08-06,2020080601019351,KSBBL,39,49,740,151.00,"111,740.00"
2020-08-06,2020080601019301,LEMF,34,29,"10,000",8.36,"83,600.00"
2020-08-06,2020080601019466,LGIL,59,53,117,439.00,"51,363.00"
2020-08-06,2020080601019129,LGIL,59,40,180,439.00,"79,020.00"
2020-08-06,2020080601019128,LGIL,59,4,133,438.00,"58,254.00"
2020-08-06,2020080601019116,LICN,59,45,30,"1,390.00","41,700.00"
2020-08-06,2020080601019537,LLBS,57,33,50,"1,116.00","55,800.00"
2020-08-06,2020080601019395,LLBS,57,33,150,"1,116.00","167,400.00"
2020-08-06,2020080601019270,MBL,13,50,212,228.00,"48,336.00"
2020-08-06,2020080601019579,MEGA,21,57,"1,000",217.00,"217,000.00"
2020-08-06,2020080601019578,MEGA,38,57,"1,000",217.00,"217,000.00"
2020-08-06,2020080601019577,MEGA,34,57,10,217.00,"2,170.00"
2020-08-06,2020080601019469,MEGA,32,49,144,217.00,"31,248.00"
2020-08-06,2020080601019377,MEGA,32,22,350,217.00,"75,950.00"
2020-08-06,2020080601019376,MEGA,11,22,150,217.00,"32,550.00"
2020-08-06,2020080601019352,MEGA,11,1,100,217.00,"21,700.00"
2020-08-06,2020080601019417,MLBL,25,4,100,192.00,"19,200.00"
2020-08-06,2020080601019483,NABIL,35,29,328,807.00,"264,696.00"
2020-08-06,2020080601019482,NABIL,6,29,110,808.00,"88,880.00"
2020-08-06,2020080601019481,NABIL,6,29,10,808.00,"8,080.00"
2020-08-06,2020080601019480,NABIL,48,29,20,808.00,"16,160.00"
2020-08-06,2020080601019479,NABIL,58,29,22,809.00,"17,798.00"
2020-08-06,2020080601019381,NABIL,58,28,328,809.00,"265,352.00"
2020-08-06,2020080601019380,NABIL,36,28,50,810.00,"40,500.00"
2020-08-06,2020080601019328,NABIL,38,44,251,811.00,"203,561.00"
2020-08-06,2020080601019327,NABIL,38,16,49,810.00,"39,690.00"
2020-08-06,2020080601019178,NABIL,11,16,10,810.00,"8,100.00"
2020-08-06,2020080601019566,NADEP,42,18,20,611.00,"12,220.00"
2020-08-06,2020080601019488,NADEP,59,40,23,610.00,"14,030.00"
2020-08-06,2020080601019159,NBB,57,40,400,196.00,"78,400.00"
2020-08-06,2020080601019158,NBB,10,40,50,196.00,"9,800.00"
2020-08-06,2020080601019157,NBB,36,40,600,196.00,"117,600.00"
2020-08-06,2020080601019156,NBB,57,40,200,196.00,"39,200.00"
2020-08-06,2020080601019155,NBB,58,40,49,196.00,"9,604.00"
2020-08-06,2020080601019154,NBB,52,40,500,196.00,"98,000.00"
2020-08-06,2020080601019147,NBB,44,40,"1,121",196.00,"219,716.00"
2020-08-06,2020080601019146,NBB,28,40,425,197.00,"83,725.00"
2020-08-06,2020080601019153,NBB,38,40,25,196.00,"4,900.00"
2020-08-06,2020080601019152,NBB,47,40,20,196.00,"3,920.00"
2020-08-06,2020080601019151,NBB,34,40,20,196.00,"3,920.00"
2020-08-06,2020080601019150,NBB,45,40,100,196.00,"19,600.00"
2020-08-06,2020080601019149,NBB,11,40,500,196.00,"98,000.00"
2020-08-06,2020080601019148,NBB,6,40,50,196.00,"9,800.00"
2020-08-06,2020080601019520,NBL,5,4,20,247.00,"4,940.00"
2020-08-06,2020080601019499,NBL,29,4,30,247.00,"7,410.00"
2020-08-06,2020080601019401,NBL,20,4,20,247.00,"4,940.00"
2020-08-06,2020080601019378,NBL,13,4,100,247.00,"24,700.00"
2020-08-06,2020080601019372,NBL,39,4,250,247.00,"61,750.00"
2020-08-06,2020080601019274,NBL,22,45,20,247.00,"4,940.00"
2020-08-06,2020080601019273,NBL,8,45,20,247.00,"4,940.00"
2020-08-06,2020080601019126,NBL,38,25,40,247.00,"9,880.00"
2020-08-06,2020080601019125,NBL,21,25,60,247.00,"14,820.00"
2020-08-06,2020080601019119,NBL,21,22,40,247.00,"9,880.00"
2020-08-06,2020080601019449,NCCB,58,36,"2,591",188.00,"487,108.00"
2020-08-06,2020080601019448,NCCB,41,36,"1,909",188.00,"358,892.00"
2020-08-06,2020080601019350,NCCB,41,41,91,188.00,"17,108.00"
2020-08-06,2020080601019196,NCCB,42,28,71,189.00,"13,419.00"
2020-08-06,2020080601019509,NEF,29,29,734,8.82,"6,473.88"
2020-08-06,2020080601019390,NFS,49,49,200,195.00,"39,000.00"
2020-08-06,2020080601019373,NFS,55,49,100,195.00,"19,500.00"
2020-08-06,2020080601019275,NGPL,22,34,176,116.00,"20,416.00"
2020-08-06,2020080601019498,NIB,58,36,10,441.00,"4,410.00"
2020-08-06,2020080601019409,NIB,14,4,2,440.00,880.00
2020-08-06,2020080601019408,NIB,14,49,23,440.00,"10,120.00"
2020-08-06,2020080601019407,NIB,34,49,126,440.00,"55,440.00"
2020-08-06,2020080601019358,NIB,34,32,174,440.00,"76,560.00"
2020-08-06,2020080601019355,NIB,16,32,74,440.00,"32,560.00"
2020-08-06,2020080601019354,NIB,16,56,58,440.00,"25,520.00"
2020-08-06,2020080601019251,NIB,6,56,100,440.00,"44,000.00"
2020-08-06,2020080601019169,NIB,25,56,500,440.00,"220,000.00"
2020-08-06,2020080601019485,NICA,7,43,235,545.00,"128,075.00"
2020-08-06,2020080601019484,NICA,51,43,80,545.00,"43,600.00"
2020-08-06,2020080601019416,NICA,58,55,50,547.00,"27,350.00"
2020-08-06,2020080601019415,NICA,58,49,100,546.00,"54,600.00"
2020-08-06,2020080601019398,NICA,51,35,15,545.00,"8,175.00"
2020-08-06,2020080601019397,NICA,53,35,50,545.00,"27,250.00"
2020-08-06,2020080601019396,NICA,49,35,40,545.00,"21,800.00"
2020-08-06,2020080601019190,NICA,34,26,50,546.00,"27,300.00"
2020-08-06,2020080601019189,NICA,33,26,41,546.00,"22,386.00"
2020-08-06,2020080601019576,NICLBSL,1,29,10,763.00,"7,630.00"
2020-08-06,2020080601019563,NICLBSL,1,8,10,763.00,"7,630.00"
2020-08-06,2020080601019562,NICLBSL,1,28,20,763.00,"15,260.00"
2020-08-06,2020080601019552,NICLBSL,41,51,10,763.00,"7,630.00"
2020-08-06,2020080601019529,NICLBSL,41,58,20,763.00,"15,260.00"
2020-08-06,2020080601019521,NICLBSL,41,41,10,763.00,"7,630.00"
2020-08-06,2020080601019137,NICLBSL,14,28,10,764.00,"7,640.00"
2020-08-06,2020080601019199,NICLBSL,41,45,10,763.00,"7,630.00"
2020-08-06,2020080601019197,NICLBSL,41,40,10,763.00,"7,630.00"
2020-08-06,2020080601019195,NICLBSL,41,45,10,763.00,"7,630.00"
2020-08-06,2020080601019194,NICLBSL,1,45,20,763.00,"15,260.00"
2020-08-06,2020080601019145,NICLBSL,1,7,10,763.00,"7,630.00"
2020-08-06,2020080601019138,NICLBSL,14,28,10,764.00,"7,640.00"
2020-08-06,2020080601019311,NICLBSL,41,8,10,763.00,"7,630.00"
2020-08-06,2020080601019291,NICLBSL,17,58,10,764.00,"7,640.00"
2020-08-06,2020080601019288,NICLBSL,41,21,10,763.00,"7,630.00"
2020-08-06,2020080601019284,NICLBSL,41,49,10,763.00,"7,630.00"
2020-08-06,2020080601019272,NICLBSL,41,45,10,763.00,"7,630.00"
2020-08-06,2020080601019267,NICLBSL,41,21,10,763.00,"7,630.00"
2020-08-06,2020080601019403,NICLBSL,41,8,10,763.00,"7,630.00"
2020-08-06,2020080601019388,NICLBSL,41,21,10,763.00,"7,630.00"
2020-08-06,2020080601019366,NICLBSL,39,17,10,764.00,"7,640.00"
2020-08-06,2020080601019365,NICLBSL,39,58,10,764.00,"7,640.00"
2020-08-06,2020080601019357,NICLBSL,41,21,10,763.00,"7,630.00"
2020-08-06,2020080601019313,NICLBSL,41,41,10,763.00,"7,630.00"
2020-08-06,2020080601019421,NICLBSL,37,47,20,765.00,"15,300.00"
2020-08-06,2020080601019420,NICLBSL,37,11,10,765.00,"7,650.00"
2020-08-06,2020080601019419,NICLBSL,37,47,10,765.00,"7,650.00"
2020-08-06,2020080601019418,NICLBSL,37,47,10,765.00,"7,650.00"
2020-08-06,2020080601019405,NICLBSL,41,38,10,763.00,"7,630.00"
2020-08-06,2020080601019404,NICLBSL,41,29,10,763.00,"7,630.00"
2020-08-06,2020080601019427,NICLBSL,37,47,10,765.00,"7,650.00"
2020-08-06,2020080601019426,NICLBSL,37,47,10,765.00,"7,650.00"
2020-08-06,2020080601019425,NICLBSL,37,47,10,765.00,"7,650.00"
2020-08-06,2020080601019424,NICLBSL,37,47,10,765.00,"7,650.00"
2020-08-06,2020080601019423,NICLBSL,37,47,10,765.00,"7,650.00"
2020-08-06,2020080601019422,NICLBSL,37,47,10,765.00,"7,650.00"
2020-08-06,2020080601019510,NICLBSL,41,29,10,763.00,"7,630.00"
2020-08-06,2020080601019507,NICLBSL,41,17,10,763.00,"7,630.00"
2020-08-06,2020080601019431,NICLBSL,37,17,10,765.00,"7,650.00"
2020-08-06,2020080601019430,NICLBSL,37,47,10,765.00,"7,650.00"
2020-08-06,2020080601019429,NICLBSL,37,47,10,765.00,"7,650.00"
2020-08-06,2020080601019428,NICLBSL,37,47,10,765.00,"7,650.00"
2020-08-06,2020080601019212,NLBBL,39,45,50,701.00,"35,050.00"
2020-08-06,2020080601019188,NLBBL,39,50,200,700.00,"140,000.00"
2020-08-06,2020080601019187,NLBBL,39,33,130,688.00,"89,440.00"
2020-08-06,2020080601019186,NLBBL,39,1,65,688.00,"44,720.00"
2020-08-06,2020080601019185,NLBBL,39,25,390,687.00,"267,930.00"
2020-08-06,2020080601019460,NLG,11,5,121,608.00,"73,568.00"
2020-08-06,2020080601019459,NLG,55,5,50,608.00,"30,400.00"
2020-08-06,2020080601019458,NLG,53,5,300,610.00,"183,000.00"
2020-08-06,2020080601019457,NLG,11,5,200,610.00,"122,000.00"
2020-08-06,2020080601019456,NLG,50,5,400,610.00,"244,000.00"
2020-08-06,2020080601019455,NLG,47,5,10,610.00,"6,100.00"
2020-08-06,2020080601019561,NLIC,32,4,900,"1,319.00","1,187,100.00"
2020-08-06,2020080601019560,NLIC,32,25,220,"1,319.00","290,180.00"
2020-08-06,2020080601019559,NLIC,32,50,300,"1,317.00","395,100.00"
2020-08-06,2020080601019558,NLIC,32,37,200,"1,317.00","263,400.00"
2020-08-06,2020080601019557,NLIC,32,28,75,"1,316.00","98,700.00"
2020-08-06,2020080601019556,NLIC,32,36,"1,000","1,316.00","1,316,000.00"
2020-08-06,2020080601019463,NLIC,45,38,11,"1,312.00","14,432.00"
2020-08-06,2020080601019462,NLIC,25,38,10,"1,312.00","13,120.00"
2020-08-06,2020080601019555,NLIC,32,19,25,"1,316.00","32,900.00"
2020-08-06,2020080601019554,NLIC,32,37,200,"1,315.00","263,000.00"
2020-08-06,2020080601019553,NLIC,32,35,30,"1,315.00","39,450.00"
2020-08-06,2020080601019544,NLIC,55,34,150,"1,315.00","197,250.00"
2020-08-06,2020080601019543,NLIC,55,45,50,"1,314.00","65,700.00"
2020-08-06,2020080601019513,NLIC,44,25,75,"1,313.00","98,475.00"
2020-08-06,2020080601019581,NMB,44,49,100,410.00,"41,000.00"
2020-08-06,2020080601019549,NMB,29,49,200,410.00,"82,000.00"
2020-08-06,2020080601019526,NMB,49,49,100,410.00,"41,000.00"
2020-08-06,2020080601019512,NMB,21,13,500,410.00,"205,000.00"
2020-08-06,2020080601019511,NMB,32,13,91,410.00,"37,310.00"
2020-08-06,2020080601019383,NMB,32,41,15,410.00,"6,150.00"
2020-08-06,2020080601019339,NMB,32,57,15,410.00,"6,150.00"
2020-08-06,2020080601019338,NMB,32,13,79,410.00,"32,390.00"
2020-08-06,2020080601019300,NMB,32,13,321,410.00,"131,610.00"
2020-08-06,2020080601019293,NMB,32,20,79,410.00,"32,390.00"
2020-08-06,2020080601019192,NMB,32,32,100,410.00,"41,000.00"
2020-08-06,2020080601019589,NRIC,48,17,40,575.00,"23,000.00"
2020-08-06,2020080601019583,NRIC,48,41,10,575.00,"5,750.00"
2020-08-06,2020080601019582,NRIC,47,41,30,575.00,"17,250.00"
2020-08-06,2020080601019494,NRIC,49,38,50,575.00,"28,750.00"
2020-08-06,2020080601019493,NRIC,49,41,50,575.00,"28,750.00"
2020-08-06,2020080601019470,NRIC,49,49,140,575.00,"80,500.00"
2020-08-06,2020080601019123,NRIC,28,6,100,574.00,"57,400.00"
2020-08-06,2020080601019173,NRIC,42,22,10,576.00,"5,760.00"
2020-08-06,2020080601019172,NRIC,42,17,50,575.00,"28,750.00"
2020-08-06,2020080601019171,NRIC,42,42,10,575.00,"5,750.00"
2020-08-06,2020080601019142,NRIC,54,42,40,575.00,"23,000.00"
2020-08-06,2020080601019141,NRIC,54,32,30,575.00,"17,250.00"
2020-08-06,2020080601019140,NRIC,54,35,30,575.00,"17,250.00"
2020-08-06,2020080601019216,NRIC,49,42,250,574.00,"143,500.00"
2020-08-06,2020080601019215,NRIC,28,42,340,574.00,"195,160.00"
2020-08-06,2020080601019214,NRIC,54,42,60,575.00,"34,500.00"
2020-08-06,2020080601019198,NRIC,59,40,10,576.00,"5,760.00"
2020-08-06,2020080601019193,NRIC,28,49,30,574.00,"17,220.00"
2020-08-06,2020080601019174,NRIC,42,40,230,576.00,"132,480.00"
2020-08-06,2020080601019222,NRIC,52,42,50,573.00,"28,650.00"
2020-08-06,2020080601019221,NRIC,45,42,500,573.00,"286,500.00"
2020-08-06,2020080601019220,NRIC,6,42,30,573.00,"17,190.00"
2020-08-06,2020080601019219,NRIC,57,42,30,573.00,"17,190.00"
2020-08-06,2020080601019218,NRIC,36,42,100,574.00,"57,400.00"
2020-08-06,2020080601019217,NRIC,45,42,50,574.00,"28,700.00"
2020-08-06,2020080601019228,NRIC,58,42,70,573.00,"40,110.00"
2020-08-06,2020080601019227,NRIC,39,42,100,573.00,"57,300.00"
2020-08-06,2020080601019226,NRIC,48,42,50,573.00,"28,650.00"
2020-08-06,2020080601019225,NRIC,56,42,40,573.00,"22,920.00"
2020-08-06,2020080601019224,NRIC,1,42,200,573.00,"114,600.00"
2020-08-06,2020080601019223,NRIC,3,42,100,573.00,"57,300.00"
2020-08-06,2020080601019234,NRIC,36,42,60,573.00,"34,380.00"
2020-08-06,2020080601019233,NRIC,22,42,400,573.00,"229,200.00"
2020-08-06,2020080601019232,NRIC,17,42,500,573.00,"286,500.00"
2020-08-06,2020080601019231,NRIC,45,42,100,573.00,"57,300.00"
2020-08-06,2020080601019230,NRIC,41,42,200,573.00,"114,600.00"
2020-08-06,2020080601019229,NRIC,57,42,"1,000",573.00,"573,000.00"
2020-08-06,2020080601019240,NRIC,45,42,500,572.00,"286,000.00"
2020-08-06,2020080601019239,NRIC,1,42,20,572.00,"11,440.00"
2020-08-06,2020080601019238,NRIC,45,42,50,572.00,"28,600.00"
2020-08-06,2020080601019237,NRIC,13,42,10,572.00,"5,720.00"
2020-08-06,2020080601019236,NRIC,22,42,"1,000",572.00,"572,000.00"
2020-08-06,2020080601019235,NRIC,34,42,"1,550",572.00,"886,600.00"
2020-08-06,2020080601019246,NRIC,49,42,"1,000",571.00,"571,000.00"
2020-08-06,2020080601019245,NRIC,35,42,100,571.00,"57,100.00"
2020-08-06,2020080601019244,NRIC,26,42,50,572.00,"28,600.00"
2020-08-06,2020080601019243,NRIC,54,42,"1,000",572.00,"572,000.00"
2020-08-06,2020080601019242,NRIC,39,42,30,572.00,"17,160.00"
2020-08-06,2020080601019241,NRIC,49,42,100,572.00,"57,200.00"
2020-08-06,2020080601019287,NRIC,49,41,10,575.00,"5,750.00"
2020-08-06,2020080601019280,NRIC,49,40,40,574.00,"22,960.00"
2020-08-06,2020080601019250,NRIC,26,42,50,571.00,"28,550.00"
2020-08-06,2020080601019249,NRIC,6,42,100,571.00,"57,100.00"
2020-08-06,2020080601019248,NRIC,57,42,200,571.00,"114,200.00"
2020-08-06,2020080601019247,NRIC,25,42,10,571.00,"5,710.00"
2020-08-06,2020080601019461,NRIC,49,48,50,575.00,"28,750.00"
2020-08-06,2020080601019382,NRIC,49,29,40,575.00,"23,000.00"
2020-08-06,2020080601019379,NRIC,49,21,40,575.00,"23,000.00"
2020-08-06,2020080601019353,NRIC,14,40,200,576.00,"115,200.00"
2020-08-06,2020080601019337,NRIC,49,26,40,575.00,"23,000.00"
2020-08-06,2020080601019330,NRIC,49,17,40,575.00,"23,000.00"
2020-08-06,2020080601019166,NSEWA,22,28,100,693.00,"69,300.00"
2020-08-06,2020080601019570,NUBL,6,40,"1,000",960.00,"960,000.00"
2020-08-06,2020080601019569,NUBL,20,40,100,961.00,"96,100.00"
2020-08-06,2020080601019568,NUBL,20,40,100,961.00,"96,100.00"
2020-08-06,2020080601019299,OHL,44,41,550,338.00,"185,900.00"
2020-08-06,2020080601019298,OHL,21,41,20,338.00,"6,760.00"
2020-08-06,2020080601019294,OHL,21,51,50,338.00,"16,900.00"
2020-08-06,2020080601019605,PCBL,33,34,200,260.00,"52,000.00"
2020-08-06,2020080601019604,PCBL,45,34,80,260.00,"20,800.00"
2020-08-06,2020080601019603,PCBL,17,34,100,260.00,"26,000.00"
2020-08-06,2020080601019602,PCBL,1,34,250,260.00,"65,000.00"
2020-08-06,2020080601019601,PCBL,6,34,30,260.00,"7,800.00"
2020-08-06,2020080601019600,PCBL,45,34,500,260.00,"130,000.00"
2020-08-06,2020080601019528,PCBL,43,49,100,261.00,"26,100.00"
2020-08-06,2020080601019454,PCBL,38,13,500,262.00,"131,000.00"
2020-08-06,2020080601019296,PCBL,43,44,450,261.00,"117,450.00"
2020-08-06,2020080601019295,PCBL,48,44,200,261.00,"52,200.00"
2020-08-06,2020080601019593,PCBL,39,34,"1,916",260.00,"498,160.00"
2020-08-06,2020080601019592,PCBL,45,34,100,261.00,"26,100.00"
2020-08-06,2020080601019591,PCBL,44,34,540,261.00,"140,940.00"
2020-08-06,2020080601019590,PCBL,21,34,200,261.00,"52,200.00"
2020-08-06,2020080601019551,PCBL,21,16,50,261.00,"13,050.00"
2020-08-06,2020080601019550,PCBL,43,16,450,261.00,"117,450.00"
2020-08-06,2020080601019599,PCBL,38,34,100,260.00,"26,000.00"
2020-08-06,2020080601019598,PCBL,6,34,"1,000",260.00,"260,000.00"
2020-08-06,2020080601019597,PCBL,36,34,100,260.00,"26,000.00"
2020-08-06,2020080601019596,PCBL,46,34,50,260.00,"13,000.00"
2020-08-06,2020080601019595,PCBL,32,34,200,260.00,"52,000.00"
2020-08-06,2020080601019594,PCBL,34,34,100,260.00,"26,000.00"
2020-08-06,2020080601019527,PFL,1,38,14,147.00,"2,058.00"
2020-08-06,2020080601019572,PLIC,29,34,16,532.00,"8,512.00"
2020-08-06,2020080601019536,PLIC,29,25,91,532.00,"48,412.00"
2020-08-06,2020080601019467,PLIC,34,38,10,533.00,"5,330.00"
2020-08-06,2020080601019165,PLIC,53,56,70,527.00,"36,890.00"
2020-08-06,2020080601019164,PLIC,45,56,500,528.00,"264,000.00"
2020-08-06,2020080601019163,PLIC,35,56,200,528.00,"105,600.00"
2020-08-06,2020080601019162,PLIC,26,56,100,528.00,"52,800.00"
2020-08-06,2020080601019161,PLIC,14,56,30,530.00,"15,900.00"
2020-08-06,2020080601019547,PPCL,49,38,30,113.00,"3,390.00"
2020-08-06,2020080601019362,PRIN,36,25,70,470.00,"32,900.00"
2020-08-06,2020080601019361,PRIN,39,25,150,470.00,"70,500.00"
2020-08-06,2020080601019360,PRIN,50,25,400,471.00,"188,400.00"
2020-08-06,2020080601019545,PRVU,34,34,2,227.00,454.00
2020-08-06,2020080601019534,PRVU,43,4,156,230.00,"35,880.00"
2020-08-06,2020080601019533,PRVU,13,4,50,230.00,"11,500.00"
2020-08-06,2020080601019532,PRVU,48,4,44,230.00,"10,120.00"
2020-08-06,2020080601019487,PRVU,40,4,100,231.00,"23,100.00"
2020-08-06,2020080601019371,PRVU,48,41,156,230.00,"35,880.00"
2020-08-06,2020080601019370,PRVU,46,41,124,230.00,"28,520.00"
2020-08-06,2020080601019369,PRVU,41,41,100,231.00,"23,100.00"
2020-08-06,2020080601019474,RADHI,53,4,300,170.00,"51,000.00"
2020-08-06,2020080601019473,RADHI,53,6,12,170.00,"2,040.00"
2020-08-06,2020080601019472,RADHI,53,47,11,170.00,"1,870.00"
2020-08-06,2020080601019471,RADHI,53,26,20,169.00,"3,380.00"
2020-08-06,2020080601019580,RHPL,49,38,40,144.00,"5,760.00"
2020-08-06,2020080601019292,RHPL,49,26,40,144.00,"5,760.00"
2020-08-06,2020080601019519,RMDC,39,6,77,724.00,"55,748.00"
2020-08-06,2020080601019518,RMDC,39,41,500,721.00,"360,500.00"
2020-08-06,2020080601019517,RMDC,39,58,23,721.00,"16,583.00"
2020-08-06,2020080601019516,RMDC,39,34,100,720.00,"72,000.00"
2020-08-06,2020080601019515,RMDC,39,22,200,720.00,"144,000.00"
2020-08-06,2020080601019514,RMDC,39,37,100,720.00,"72,000.00"
2020-08-06,2020080601019540,RSDC,48,29,50,465.00,"23,250.00"
2020-08-06,2020080601019539,RSDC,16,29,10,465.00,"4,650.00"
2020-08-06,2020080601019538,RSDC,21,29,183,465.00,"85,095.00"
2020-08-06,2020080601019108,SABSL,47,44,11,712.00,"7,832.00"
2020-08-06,2020080601019548,SANIMA,58,6,20,343.00,"6,860.00"
2020-08-06,2020080601019525,SANIMA,4,20,500,342.00,"171,000.00"
2020-08-06,2020080601019524,SANIMA,4,14,150,342.00,"51,300.00"
2020-08-06,2020080601019523,SANIMA,4,41,600,342.00,"205,200.00"
2020-08-06,2020080601019522,SANIMA,4,43,500,341.00,"170,500.00"
2020-08-06,2020080601019501,SANIMA,59,35,100,341.00,"34,100.00"
2020-08-06,2020080601019374,SANIMA,59,16,892,341.00,"304,172.00"
2020-08-06,2020080601019127,SANIMA,43,4,300,340.00,"102,000.00"
2020-08-06,2020080601019211,SBI,58,50,15,424.00,"6,360.00"
2020-08-06,2020080601019210,SBI,58,29,50,422.00,"21,100.00"
2020-08-06,2020080601019209,SBI,58,33,35,422.00,"14,770.00"
2020-08-06,2020080601019135,SBI,39,50,"1,000",416.00,"416,000.00"
2020-08-06,2020080601019184,SBL,35,14,100,293.00,"29,300.00"
2020-08-06,2020080601019183,SBL,35,1,400,293.00,"117,200.00"
2020-08-06,2020080601019182,SBL,35,16,300,293.00,"87,900.00"
2020-08-06,2020080601019181,SBL,35,26,330,293.00,"96,690.00"
2020-08-06,2020080601019180,SBL,35,33,61,293.00,"17,873.00"
2020-08-06,2020080601019115,SBL,1,41,98,292.00,"28,616.00"
2020-08-06,2020080601019114,SBL,34,41,100,292.00,"29,200.00"
2020-08-06,2020080601019113,SBL,6,41,300,292.00,"87,600.00"
2020-08-06,2020080601019112,SBL,43,41,50,292.00,"14,600.00"
2020-08-06,2020080601019111,SBL,58,41,200,292.00,"58,400.00"
2020-08-06,2020080601019110,SBL,53,41,10,292.00,"2,920.00"
2020-08-06,2020080601019109,SBL,53,41,179,292.00,"52,268.00"
2020-08-06,2020080601019386,SCB,58,25,15,640.00,"9,600.00"
2020-08-06,2020080601019385,SCB,58,14,25,640.00,"16,000.00"
2020-08-06,2020080601019384,SCB,58,49,10,639.00,"6,390.00"
2020-08-06,2020080601019363,SCB,14,29,196,637.00,"124,852.00"
2020-08-06,2020080601019297,SCB,11,49,10,639.00,"6,390.00"
2020-08-06,2020080601019252,SDESI,34,34,3,784.00,"2,352.00"
2020-08-06,2020080601019144,SDESI,14,17,28,800.00,"22,400.00"
2020-08-06,2020080601019160,SFCL,28,46,100,104.00,"10,400.00"
2020-08-06,2020080601019168,SHINE,47,52,62,232.00,"14,384.00"
2020-08-06,2020080601019167,SHINE,47,1,238,232.00,"55,216.00"
2020-08-06,2020080601019310,SHIVM,45,38,232,570.00,"132,240.00"
2020-08-06,2020080601019281,SHIVM,55,38,223,570.00,"127,110.00"
2020-08-06,2020080601019130,SHIVM,45,38,100,570.00,"57,000.00"
2020-08-06,2020080601019565,SHL,46,5,300,158.00,"47,400.00"
2020-08-06,2020080601019340,SHPC,28,38,11,216.00,"2,376.00"
2020-08-06,2020080601019451,SIL,21,51,62,580.00,"35,960.00"
2020-08-06,2020080601019450,SIL,21,5,125,580.00,"72,500.00"
2020-08-06,2020080601019586,SJCL,48,52,50,134.00,"6,700.00"
2020-08-06,2020080601019585,SJCL,49,52,60,134.00,"8,040.00"
2020-08-06,2020080601019584,SJCL,37,52,430,134.00,"57,620.00"
2020-08-06,2020080601019331,SJCL,37,49,20,134.00,"2,680.00"
2020-08-06,2020080601019306,SJCL,37,26,20,134.00,"2,680.00"
2020-08-06,2020080601019122,SKBBL,52,36,10,"1,215.00","12,150.00"
2020-08-06,2020080601019121,SKBBL,52,1,23,"1,214.00","27,922.00"
2020-08-06,2020080601019120,SKBBL,52,45,67,"1,212.00","81,204.00"
2020-08-06,2020080601019486,SLBS,22,49,38,931.00,"35,378.00"
2020-08-06,2020080601019546,SLICL,55,14,100,429.00,"42,900.00"
2020-08-06,2020080601019375,SLICL,14,4,150,428.00,"64,200.00"
2020-08-06,2020080601019304,SLICL,44,57,340,427.00,"145,180.00"
2020-08-06,2020080601019303,SLICL,35,57,160,427.00,"68,320.00"
2020-08-06,2020080601019266,SLICL,35,1,40,427.00,"17,080.00"
2020-08-06,2020080601019265,SLICL,17,1,60,427.00,"25,620.00"
2020-08-06,2020080601019477,SPARS,17,16,10,850.00,"8,500.00"
2020-08-06,2020080601019268,TMDBL,13,35,45,162.00,"7,290.00"
2020-08-06,2020080601019393,UIC,7,41,450,357.00,"160,650.00"
2020-08-06,2020080601019392,UIC,58,41,50,357.00,"17,850.00"
2020-08-06,2020080601019309,UPPER,52,45,50,224.00,"11,200.00"
2020-08-06,2020080601019282,UPPER,52,26,40,224.00,"8,960.00"
2020-08-06,2020080601019134,UPPER,52,22,90,224.00,"20,160.00"
2020-08-06,2020080601019133,UPPER,22,22,100,224.00,"22,400.00"
2020-08-06,2020080601019132,UPPER,34,22,10,224.00,"2,240.00"
2020-08-06,2020080601019131,UPPER,47,22,50,225.00,"11,250.00"
2020-08-06,2020080601018954,ACLBSL,54,39,10,719.00,"7,190.00"
2020-08-06,2020080601018938,ACLBSL,5,34,10,720.00,"7,200.00"
2020-08-06,2020080601018868,ACLBSL,33,39,10,722.00,"7,220.00"
2020-08-06,2020080601018825,ACLBSL,33,17,10,722.00,"7,220.00"
2020-08-06,2020080601018819,ACLBSL,33,22,10,722.00,"7,220.00"
2020-08-06,2020080601018803,ACLBSL,58,38,10,723.00,"7,230.00"
2020-08-06,2020080601018727,ACLBSL,34,45,10,723.00,"7,230.00"
2020-08-06,2020080601018664,ACLBSL,34,4,10,723.00,"7,230.00"
2020-08-06,2020080601018661,ACLBSL,49,45,10,723.00,"7,230.00"
2020-08-06,2020080601019016,ADBL,39,52,71,406.00,"28,826.00"
2020-08-06,2020080601018836,ADBL,22,58,10,407.00,"4,070.00"
2020-08-06,2020080601018812,ADBL,5,58,20,407.00,"8,140.00"
2020-08-06,2020080601019100,AIL,48,38,10,425.00,"4,250.00"
2020-08-06,2020080601019075,AIL,48,38,10,425.00,"4,250.00"
2020-08-06,2020080601019065,AIL,48,38,10,425.00,"4,250.00"
2020-08-06,2020080601019046,AIL,48,21,10,425.00,"4,250.00"
2020-08-06,2020080601019044,AIL,48,38,10,425.00,"4,250.00"
2020-08-06,2020080601019030,AIL,48,38,10,425.00,"4,250.00"
2020-08-06,2020080601018641,AIL,55,38,10,425.00,"4,250.00"
2020-08-06,2020080601018624,AIL,34,38,10,425.00,"4,250.00"
2020-08-06,2020080601018745,AIL,55,38,10,425.00,"4,250.00"
2020-08-06,2020080601018721,AIL,55,38,10,425.00,"4,250.00"
2020-08-06,2020080601018697,AIL,55,38,10,425.00,"4,250.00"
2020-08-06,2020080601018673,AIL,55,38,10,425.00,"4,250.00"
2020-08-06,2020080601018658,AIL,55,38,10,425.00,"4,250.00"
2020-08-06,2020080601018642,AIL,55,21,10,425.00,"4,250.00"
2020-08-06,2020080601018802,AIL,47,16,10,425.00,"4,250.00"
2020-08-06,2020080601018791,AIL,47,38,10,425.00,"4,250.00"
2020-08-06,2020080601018767,AIL,54,16,10,425.00,"4,250.00"
2020-08-06,2020080601018765,AIL,55,45,10,425.00,"4,250.00"
2020-08-06,2020080601018759,AIL,55,38,10,425.00,"4,250.00"
2020-08-06,2020080601018746,AIL,55,16,10,425.00,"4,250.00"
2020-08-06,2020080601018831,AIL,47,16,10,425.00,"4,250.00"
2020-08-06,2020080601018829,AIL,47,38,10,425.00,"4,250.00"
2020-08-06,2020080601018818,AIL,47,18,10,425.00,"4,250.00"
2020-08-06,2020080601018815,AIL,47,16,10,425.00,"4,250.00"
2020-08-06,2020080601018811,AIL,47,38,10,425.00,"4,250.00"
2020-08-06,2020080601018806,AIL,47,21,10,425.00,"4,250.00"
2020-08-06,2020080601018894,AIL,47,16,10,425.00,"4,250.00"
2020-08-06,2020080601018893,AIL,47,21,10,425.00,"4,250.00"
2020-08-06,2020080601018886,AIL,47,38,10,425.00,"4,250.00"
2020-08-06,2020080601018870,AIL,47,21,10,425.00,"4,250.00"
2020-08-06,2020080601018854,AIL,47,16,10,425.00,"4,250.00"
2020-08-06,2020080601018851,AIL,47,38,10,425.00,"4,250.00"
2020-08-06,2020080601018974,AIL,47,16,10,425.00,"4,250.00"
2020-08-06,2020080601018963,AIL,47,38,10,425.00,"4,250.00"
2020-08-06,2020080601018952,AIL,47,16,10,425.00,"4,250.00"
2020-08-06,2020080601018939,AIL,47,38,10,425.00,"4,250.00"
2020-08-06,2020080601018897,AIL,47,39,10,425.00,"4,250.00"
2020-08-06,2020080601018896,AIL,47,18,10,425.00,"4,250.00"
2020-08-06,2020080601019029,AIL,48,21,10,425.00,"4,250.00"
2020-08-06,2020080601019015,AIL,48,38,10,425.00,"4,250.00"
2020-08-06,2020080601019011,AIL,48,16,10,425.00,"4,250.00"
2020-08-06,2020080601018997,AIL,48,39,10,425.00,"4,250.00"
2020-08-06,2020080601018996,AIL,48,16,10,425.00,"4,250.00"
2020-08-06,2020080601018993,AIL,48,38,10,425.00,"4,250.00"
2020-08-06,2020080601018948,AKJCL,37,17,10,53.00,530.00
2020-08-06,2020080601018882,AKJCL,17,56,10,54.00,540.00
2020-08-06,2020080601019077,ALBSL,44,19,11,687.00,"7,557.00"
2020-08-06,2020080601018990,ALBSL,44,38,11,687.00,"7,557.00"
2020-08-06,2020080601019002,ALICL,14,17,516,613.00,"316,308.00"
2020-08-06,2020080601018962,ALICL,46,17,10,613.00,"6,130.00"
2020-08-06,2020080601019026,API,44,57,180,106.00,"19,080.00"
2020-08-06,2020080601019025,API,57,57,500,106.00,"53,000.00"
2020-08-06,2020080601019024,API,53,57,300,106.00,"31,800.00"
2020-08-06,2020080601019007,API,41,49,70,107.00,"7,490.00"
2020-08-06,2020080601019006,API,58,49,100,107.00,"10,700.00"
2020-08-06,2020080601019005,API,49,49,121,107.00,"12,947.00"
2020-08-06,2020080601018626,API,50,50,2,106.00,212.00
2020-08-06,2020080601018879,BPCL,7,32,16,350.00,"5,600.00"
2020-08-06,2020080601018878,BPCL,7,49,24,350.00,"8,400.00"
2020-08-06,2020080601019042,CBBL,45,54,10,"1,030.00","10,300.00"
2020-08-06,2020080601019037,CBBL,39,54,30,"1,030.00","30,900.00"
2020-08-06,2020080601018786,CBBL,48,54,65,"1,030.00","66,950.00"
2020-08-06,2020080601018785,CBBL,48,1,35,"1,030.00","36,050.00"
2020-08-06,2020080601018728,CCBL,46,4,300,172.00,"51,600.00"
2020-08-06,2020080601018650,CCBL,50,22,100,173.00,"17,300.00"
2020-08-06,2020080601018872,CHCL,51,11,10,387.00,"3,870.00"
2020-08-06,2020080601018919,CIT,3,47,15,"2,491.00","37,365.00"
2020-08-06,2020080601019073,CZBIL,16,45,38,196.00,"7,448.00"
2020-08-06,2020080601019072,CZBIL,16,14,62,196.00,"12,152.00"
2020-08-06,2020080601018629,DDBL,21,10,30,824.00,"24,720.00"
2020-08-06,2020080601018628,DDBL,19,10,150,827.00,"124,050.00"
2020-08-06,2020080601019066,DHPL,41,55,10,53.00,530.00
2020-08-06,2020080601018994,DHPL,41,35,10,52.00,520.00
2020-08-06,2020080601018887,DHPL,41,49,10,51.00,510.00
2020-08-06,2020080601018625,DHPL,29,18,10,50.00,500.00
2020-08-06,2020080601018953,EBL,11,45,24,716.00,"17,184.00"
2020-08-06,2020080601018852,EIC,33,6,50,401.00,"20,050.00"
2020-08-06,2020080601018698,FMDBL,45,35,195,509.00,"99,255.00"
2020-08-06,2020080601018712,GBBL,34,13,200,227.00,"45,400.00"
2020-08-06,2020080601018711,GBBL,32,13,500,227.00,"113,500.00"
2020-08-06,2020080601018710,GBBL,13,13,400,227.00,"90,800.00"
2020-08-06,2020080601018709,GBBL,49,13,"1,000",227.00,"227,000.00"
2020-08-06,2020080601018708,GBBL,42,13,612,227.00,"138,924.00"
2020-08-06,2020080601018707,GBBL,34,13,38,228.00,"8,664.00"
2020-08-06,2020080601018674,GBBL,34,17,22,228.00,"5,016.00"
2020-08-06,2020080601018794,GBIME,5,28,320,247.00,"79,040.00"
2020-08-06,2020080601018646,GBIME,38,28,200,247.00,"49,400.00"
2020-08-06,2020080601019089,GBLBS,57,41,55,460.00,"25,300.00"
2020-08-06,2020080601019088,GBLBS,16,41,20,460.00,"9,200.00"
2020-08-06,2020080601019087,GBLBS,37,41,240,460.00,"110,400.00"
2020-08-06,2020080601019086,GBLBS,53,41,50,461.00,"23,050.00"
2020-08-06,2020080601019085,GBLBS,26,41,20,461.00,"9,220.00"
2020-08-06,2020080601019084,GBLBS,57,41,20,461.00,"9,220.00"
2020-08-06,2020080601019083,GBLBS,32,41,70,461.00,"32,270.00"
2020-08-06,2020080601019082,GBLBS,22,41,100,462.00,"46,200.00"
2020-08-06,2020080601018804,GGBSL,11,45,15,794.00,"11,910.00"
2020-08-06,2020080601018692,GHL,26,1,30,55.00,"1,650.00"
2020-08-06,2020080601018955,GLICL,50,36,90,438.00,"39,420.00"
2020-08-06,2020080601018943,GLICL,53,38,80,437.00,"34,960.00"
2020-08-06,2020080601018941,HBL,42,8,100,540.00,"54,000.00"
2020-08-06,2020080601018940,HBL,38,8,700,540.00,"378,000.00"
2020-08-06,2020080601018764,HDHPC,48,58,10,87.00,870.00
2020-08-06,2020080601019099,HDL,58,39,40,"1,646.00","65,840.00"
2020-08-06,2020080601019098,HDL,58,42,50,"1,645.00","82,250.00"
2020-08-06,2020080601019097,HDL,58,14,20,"1,645.00","32,900.00"
2020-08-06,2020080601019096,HDL,58,54,25,"1,645.00","41,125.00"
2020-08-06,2020080601019095,HDL,58,48,15,"1,642.00","24,630.00"
2020-08-06,2020080601019023,HDL,52,48,40,"1,642.00","65,680.00"
