Date,Transact. No.,Symbol,Buyer,Seller,Quantity,Rate,Amount
2020-12-22,2020122204001810,BBC,13,5,20,"2,750.00","55,000.00"
2020-12-22,2020122204001809,BBC,10,5,50,"2,750.00","137,500.00"
2020-12-22,2020122204001808,BBC,29,5,100,"2,753.00","275,300.00"
2020-12-22,2020122204001807,BBC,35,5,10,"2,755.00","27,550.00"
2020-12-22,2020122204001769,BBC,45,5,200,"2,780.00","556,000.00"
2020-12-22,2020122204001768,BBC,35,5,10,"2,790.00","27,900.00"
2020-12-22,2020122204001640,BBC,41,34,10,"2,849.00","28,490.00"
2020-12-22,2020122204001638,BBC,41,33,20,"2,849.00","56,980.00"
2020-12-22,2020122204001633,BBC,21,5,35,"2,840.00","99,400.00"
2020-12-22,2020122204001563,BBC,38,5,20,"2,840.00","56,800.00"
2020-12-22,2020122204001387,BBC,36,21,18,"2,820.00","50,760.00"
2020-12-22,2020122204001767,BBC,58,5,10,"2,790.00","27,900.00"
2020-12-22,2020122204001692,BBC,48,5,60,"2,800.00","168,000.00"
2020-12-22,2020122204001689,BBC,45,5,100,"2,805.00","280,500.00"
2020-12-22,2020122204001687,BBC,38,5,20,"2,835.00","56,700.00"
2020-12-22,2020122204001650,BBC,29,5,38,"2,845.00","108,110.00"
2020-12-22,2020122204001647,BBC,41,5,20,"2,849.00","56,980.00"
2020-12-22,2020122204001715,CMF1,6,39,100,10.06,"1,006.00"
2020-12-22,2020122204001688,CMF1,43,13,100,10.26,"1,026.00"
2020-12-22,2020122204001560,CMF1,43,21,500,10.18,"5,090.00"
2020-12-22,2020122204001499,CMF1,6,51,"3,000",10.06,"30,180.00"
2020-12-22,2020122204001498,CMF1,6,58,200,10.06,"2,012.00"
2020-12-22,2020122204001497,CMF1,6,33,"1,000",10.00,"10,000.00"
2020-12-22,2020122204001496,CMF1,6,38,"5,000",10.00,"50,000.00"
2020-12-22,2020122204001413,CMF1,6,44,"1,000",9.87,"9,870.00"
2020-12-22,2020122204001803,GIC,45,40,10,558.00,"5,580.00"
2020-12-22,2020122204001801,GIC,45,34,10,558.00,"5,580.00"
2020-12-22,2020122204001800,GIC,45,17,100,558.00,"55,800.00"
2020-12-22,2020122204001799,GIC,45,45,10,558.00,"5,580.00"
2020-12-22,2020122204001798,GIC,45,40,10,558.00,"5,580.00"
2020-12-22,2020122204001792,GIC,45,37,10,558.00,"5,580.00"
2020-12-22,2020122204001318,GIC,52,38,10,558.00,"5,580.00"
2020-12-22,2020122204001316,GIC,52,38,10,558.00,"5,580.00"
2020-12-22,2020122204001358,GIC,14,45,10,560.00,"5,600.00"
2020-12-22,2020122204001345,GIC,52,44,10,558.00,"5,580.00"
2020-12-22,2020122204001339,GIC,52,45,10,558.00,"5,580.00"
2020-12-22,2020122204001335,GIC,52,39,10,558.00,"5,580.00"
2020-12-22,2020122204001334,GIC,52,39,10,558.00,"5,580.00"
2020-12-22,2020122204001320,GIC,52,10,10,558.00,"5,580.00"
2020-12-22,2020122204001375,GIC,14,29,10,560.00,"5,600.00"
2020-12-22,2020122204001363,GIC,14,38,10,560.00,"5,600.00"
2020-12-22,2020122204001362,GIC,14,29,10,560.00,"5,600.00"
2020-12-22,2020122204001361,GIC,14,57,10,560.00,"5,600.00"
2020-12-22,2020122204001360,GIC,14,58,10,560.00,"5,600.00"
2020-12-22,2020122204001359,GIC,14,45,10,560.00,"5,600.00"
2020-12-22,2020122204001389,GIC,14,29,180,560.00,"100,800.00"
2020-12-22,2020122204001384,GIC,14,38,10,560.00,"5,600.00"
2020-12-22,2020122204001379,GIC,14,18,10,560.00,"5,600.00"
2020-12-22,2020122204001378,GIC,14,36,10,560.00,"5,600.00"
2020-12-22,2020122204001377,GIC,14,58,10,560.00,"5,600.00"
2020-12-22,2020122204001376,GIC,14,38,10,560.00,"5,600.00"
2020-12-22,2020122204001395,GIC,22,29,85,557.00,"47,345.00"
2020-12-22,2020122204001394,GIC,42,29,150,557.00,"83,550.00"
2020-12-22,2020122204001393,GIC,58,29,50,557.00,"27,850.00"
2020-12-22,2020122204001392,GIC,43,29,100,558.00,"55,800.00"
2020-12-22,2020122204001391,GIC,45,29,100,558.00,"55,800.00"
2020-12-22,2020122204001390,GIC,52,29,230,558.00,"128,340.00"
2020-12-22,2020122204001401,GIC,19,29,50,555.00,"27,750.00"
2020-12-22,2020122204001400,GIC,54,29,10,555.00,"5,550.00"
2020-12-22,2020122204001399,GIC,52,29,100,555.00,"55,500.00"
2020-12-22,2020122204001398,GIC,29,29,200,555.00,"111,000.00"
2020-12-22,2020122204001397,GIC,1,29,50,556.00,"27,800.00"
2020-12-22,2020122204001396,GIC,22,29,90,556.00,"50,040.00"
2020-12-22,2020122204001407,GIC,6,29,110,555.00,"61,050.00"
2020-12-22,2020122204001406,GIC,48,29,100,555.00,"55,500.00"
2020-12-22,2020122204001405,GIC,6,29,200,555.00,"111,000.00"
2020-12-22,2020122204001404,GIC,58,29,100,555.00,"55,500.00"
2020-12-22,2020122204001403,GIC,17,29,500,555.00,"277,500.00"
2020-12-22,2020122204001402,GIC,22,29,400,555.00,"222,000.00"
2020-12-22,2020122204001433,GIC,45,38,10,555.00,"5,550.00"
2020-12-22,2020122204001431,GIC,45,36,10,555.00,"5,550.00"
2020-12-22,2020122204001420,GIC,45,14,10,555.00,"5,550.00"
2020-12-22,2020122204001410,GIC,21,29,125,554.00,"69,250.00"
2020-12-22,2020122204001409,GIC,55,29,10,554.00,"5,540.00"
2020-12-22,2020122204001408,GIC,43,29,100,554.00,"55,400.00"
2020-12-22,2020122204001448,GIC,49,21,10,560.00,"5,600.00"
2020-12-22,2020122204001447,GIC,49,34,10,560.00,"5,600.00"
2020-12-22,2020122204001445,GIC,45,21,10,555.00,"5,550.00"
2020-12-22,2020122204001439,GIC,45,21,10,555.00,"5,550.00"
2020-12-22,2020122204001438,GIC,45,38,10,555.00,"5,550.00"
2020-12-22,2020122204001436,GIC,45,40,10,555.00,"5,550.00"
2020-12-22,2020122204001461,GIC,45,38,10,555.00,"5,550.00"
2020-12-22,2020122204001460,GIC,45,56,10,555.00,"5,550.00"
2020-12-22,2020122204001458,GIC,45,45,10,555.00,"5,550.00"
2020-12-22,2020122204001453,GIC,49,17,10,560.00,"5,600.00"
2020-12-22,2020122204001452,GIC,49,3,20,560.00,"11,200.00"
2020-12-22,2020122204001449,GIC,49,14,50,560.00,"28,000.00"
2020-12-22,2020122204001483,GIC,45,34,10,555.00,"5,550.00"
2020-12-22,2020122204001479,GIC,45,47,10,555.00,"5,550.00"
2020-12-22,2020122204001469,GIC,45,45,10,555.00,"5,550.00"
2020-12-22,2020122204001466,GIC,45,54,10,555.00,"5,550.00"
2020-12-22,2020122204001465,GIC,45,13,10,555.00,"5,550.00"
2020-12-22,2020122204001462,GIC,45,59,10,555.00,"5,550.00"
2020-12-22,2020122204001504,GIC,14,39,10,555.00,"5,550.00"
2020-12-22,2020122204001501,GIC,14,55,10,555.00,"5,550.00"
2020-12-22,2020122204001500,GIC,45,39,10,555.00,"5,550.00"
2020-12-22,2020122204001495,GIC,45,34,10,555.00,"5,550.00"
2020-12-22,2020122204001491,GIC,45,47,10,555.00,"5,550.00"
2020-12-22,2020122204001490,GIC,45,16,10,555.00,"5,550.00"
2020-12-22,2020122204001527,GIC,35,40,10,556.00,"5,560.00"
2020-12-22,2020122204001524,GIC,35,50,10,556.00,"5,560.00"
2020-12-22,2020122204001523,GIC,35,7,10,556.00,"5,560.00"
2020-12-22,2020122204001520,GIC,35,36,10,556.00,"5,560.00"
2020-12-22,2020122204001518,GIC,35,54,10,556.00,"5,560.00"
2020-12-22,2020122204001506,GIC,22,41,10,560.00,"5,600.00"
2020-12-22,2020122204001539,GIC,35,38,10,556.00,"5,560.00"
2020-12-22,2020122204001538,GIC,35,17,10,556.00,"5,560.00"
2020-12-22,2020122204001536,GIC,14,57,10,560.00,"5,600.00"
2020-12-22,2020122204001535,GIC,35,38,10,556.00,"5,560.00"
2020-12-22,2020122204001529,GIC,35,7,10,556.00,"5,560.00"
2020-12-22,2020122204001528,GIC,35,42,10,556.00,"5,560.00"
2020-12-22,2020122204001558,GIC,34,38,10,557.00,"5,570.00"
2020-12-22,2020122204001545,GIC,14,50,10,560.00,"5,600.00"
2020-12-22,2020122204001544,GIC,34,46,10,557.00,"5,570.00"
2020-12-22,2020122204001543,GIC,34,44,10,557.00,"5,570.00"
2020-12-22,2020122204001541,GIC,34,49,10,557.00,"5,570.00"
2020-12-22,2020122204001540,GIC,55,13,10,560.00,"5,600.00"
2020-12-22,2020122204001588,GIC,34,33,10,557.00,"5,570.00"
2020-12-22,2020122204001587,GIC,34,44,10,557.00,"5,570.00"
2020-12-22,2020122204001585,GIC,34,42,10,557.00,"5,570.00"
2020-12-22,2020122204001583,GIC,59,50,280,560.00,"156,800.00"
2020-12-22,2020122204001582,GIC,59,58,10,559.00,"5,590.00"
2020-12-22,2020122204001581,GIC,59,40,10,559.00,"5,590.00"
2020-12-22,2020122204001603,GIC,34,42,10,557.00,"5,570.00"
2020-12-22,2020122204001599,GIC,34,33,10,557.00,"5,570.00"
2020-12-22,2020122204001598,GIC,34,42,10,557.00,"5,570.00"
2020-12-22,2020122204001597,GIC,34,28,10,557.00,"5,570.00"
2020-12-22,2020122204001591,GIC,34,42,10,557.00,"5,570.00"
2020-12-22,2020122204001590,GIC,34,21,10,557.00,"5,570.00"
2020-12-22,2020122204001620,GIC,48,38,10,557.00,"5,570.00"
2020-12-22,2020122204001619,GIC,48,39,50,557.00,"27,850.00"
2020-12-22,2020122204001618,GIC,47,39,100,557.00,"55,700.00"
2020-12-22,2020122204001617,GIC,34,39,50,557.00,"27,850.00"
2020-12-22,2020122204001613,GIC,34,44,10,557.00,"5,570.00"
2020-12-22,2020122204001604,GIC,34,48,10,557.00,"5,570.00"
2020-12-22,2020122204001632,GIC,48,45,10,557.00,"5,570.00"
2020-12-22,2020122204001628,GIC,48,45,10,557.00,"5,570.00"
2020-12-22,2020122204001626,GIC,48,38,10,557.00,"5,570.00"
2020-12-22,2020122204001625,GIC,48,43,10,557.00,"5,570.00"
2020-12-22,2020122204001623,GIC,48,33,10,557.00,"5,570.00"
2020-12-22,2020122204001621,GIC,48,21,10,557.00,"5,570.00"
2020-12-22,2020122204001651,GIC,48,53,10,557.00,"5,570.00"
2020-12-22,2020122204001648,GIC,48,10,10,557.00,"5,570.00"
2020-12-22,2020122204001641,GIC,48,21,10,557.00,"5,570.00"
2020-12-22,2020122204001637,GIC,48,45,10,557.00,"5,570.00"
2020-12-22,2020122204001636,GIC,48,57,10,557.00,"5,570.00"
2020-12-22,2020122204001634,GIC,48,38,10,557.00,"5,570.00"
2020-12-22,2020122204001673,GIC,48,59,10,557.00,"5,570.00"
2020-12-22,2020122204001671,GIC,48,37,10,557.00,"5,570.00"
2020-12-22,2020122204001669,GIC,48,21,10,557.00,"5,570.00"
2020-12-22,2020122204001667,GIC,48,38,10,557.00,"5,570.00"
2020-12-22,2020122204001654,GIC,48,38,10,557.00,"5,570.00"
2020-12-22,2020122204001652,GIC,48,21,10,557.00,"5,570.00"
2020-12-22,2020122204001703,GIC,48,48,10,557.00,"5,570.00"
2020-12-22,2020122204001702,GIC,48,32,10,557.00,"5,570.00"
2020-12-22,2020122204001701,GIC,48,58,10,557.00,"5,570.00"
2020-12-22,2020122204001693,GIC,48,29,10,557.00,"5,570.00"
2020-12-22,2020122204001685,GIC,48,58,10,557.00,"5,570.00"
2020-12-22,2020122204001679,GIC,48,38,10,557.00,"5,570.00"
2020-12-22,2020122204001720,GIC,34,36,10,557.00,"5,570.00"
2020-12-22,2020122204001718,GIC,48,17,10,557.00,"5,570.00"
2020-12-22,2020122204001717,GIC,48,14,10,557.00,"5,570.00"
2020-12-22,2020122204001716,GIC,48,21,10,557.00,"5,570.00"
2020-12-22,2020122204001709,GIC,48,13,10,557.00,"5,570.00"
2020-12-22,2020122204001705,GIC,48,36,10,557.00,"5,570.00"
2020-12-22,2020122204001738,GIC,34,38,10,557.00,"5,570.00"
2020-12-22,2020122204001737,GIC,34,10,10,557.00,"5,570.00"
2020-12-22,2020122204001729,GIC,34,10,10,557.00,"5,570.00"
2020-12-22,2020122204001727,GIC,34,38,10,557.00,"5,570.00"
2020-12-22,2020122204001726,GIC,34,36,10,557.00,"5,570.00"
2020-12-22,2020122204001725,GIC,34,28,10,557.00,"5,570.00"
2020-12-22,2020122204001744,GIC,13,52,10,559.00,"5,590.00"
2020-12-22,2020122204001743,GIC,13,21,10,559.00,"5,590.00"
2020-12-22,2020122204001742,GIC,13,4,10,558.00,"5,580.00"
2020-12-22,2020122204001741,GIC,13,49,10,558.00,"5,580.00"
2020-12-22,2020122204001740,GIC,13,34,10,558.00,"5,580.00"
2020-12-22,2020122204001739,GIC,13,6,337,557.00,"187,709.00"
2020-12-22,2020122204001762,GIC,43,36,10,558.00,"5,580.00"
2020-12-22,2020122204001754,GIC,34,21,10,557.00,"5,570.00"
2020-12-22,2020122204001753,GIC,34,53,10,557.00,"5,570.00"
2020-12-22,2020122204001747,GIC,34,56,10,557.00,"5,570.00"
2020-12-22,2020122204001746,GIC,13,50,103,559.00,"57,577.00"
2020-12-22,2020122204001745,GIC,13,59,10,559.00,"5,590.00"
2020-12-22,2020122204001791,GIC,45,40,10,558.00,"5,580.00"
2020-12-22,2020122204001790,GIC,17,36,10,558.00,"5,580.00"
2020-12-22,2020122204001789,GIC,43,56,10,559.00,"5,590.00"
2020-12-22,2020122204001788,GIC,43,37,10,559.00,"5,590.00"
2020-12-22,2020122204001778,GIC,43,21,20,558.00,"11,160.00"
2020-12-22,2020122204001773,GIC,6,50,197,559.00,"110,123.00"
2020-12-22,2020122204001666,GIMES1,26,10,"10,000",11.20,"112,000.00"
2020-12-22,2020122204001659,GIMES1,26,10,"10,000",11.19,"111,900.00"
2020-12-22,2020122204001658,GIMES1,26,10,"10,000",11.18,"111,800.00"
2020-12-22,2020122204001656,GIMES1,26,10,"10,000",11.17,"111,700.00"
2020-12-22,2020122204001655,GIMES1,26,10,"10,000",11.16,"111,600.00"
2020-12-22,2020122204001610,LUK,25,16,210,9.10,"1,911.00"
2020-12-22,2020122204001609,LUK,42,16,290,9.14,"2,650.60"
2020-12-22,2020122204001511,LUK,42,16,150,9.14,"1,371.00"
2020-12-22,2020122204001510,LUK,1,16,350,9.14,"3,199.00"
2020-12-22,2020122204001509,LUK,1,42,100,9.14,914.00
2020-12-22,2020122204001446,LUK,38,22,"1,000",9.14,"9,140.00"
2020-12-22,2020122204001421,LUK,1,56,100,9.14,914.00
2020-12-22,2020122204001646,NBF2,26,58,"1,000",9.70,"9,700.00"
2020-12-22,2020122204001562,NBF2,42,58,300,9.70,"2,910.00"
2020-12-22,2020122204001559,NBF2,41,29,100,9.61,961.00
2020-12-22,2020122204001355,NBF2,20,41,"1,300",9.60,"12,480.00"
2020-12-22,2020122204001714,NEF,21,4,966,9.92,"9,582.72"
2020-12-22,2020122204001691,NEF,21,4,483,9.92,"4,791.36"
2020-12-22,2020122204001678,NEF,21,4,483,9.92,"4,791.36"
2020-12-22,2020122204001677,NEF,21,4,483,9.92,"4,791.36"
2020-12-22,2020122204001676,NEF,21,42,483,9.92,"4,791.36"
2020-12-22,2020122204001606,NEF,6,4,483,9.92,"4,791.36"
2020-12-22,2020122204001605,NEF,6,40,"2,262",9.92,"22,439.04"
2020-12-22,2020122204001569,NEF,6,6,145,9.86,"1,429.70"
2020-12-22,2020122204001564,NEF,26,14,"2,400",9.90,"23,760.00"
2020-12-22,2020122204001561,NEF,6,34,483,9.86,"4,762.38"
2020-12-22,2020122204001550,NEF,6,22,"1,239",9.86,"12,216.54"
2020-12-22,2020122204001414,NEF,21,56,"1,127",9.84,"11,089.68"
2020-12-22,2020122204001802,NIBLPF,6,57,655,9.95,"6,517.25"
2020-12-22,2020122204001549,NIBLPF,6,18,"2,525",9.93,"25,073.25"
2020-12-22,2020122204001430,NIBLPF,6,22,505,9.93,"5,014.65"
2020-12-22,2020122204001804,NIBPO,58,34,10,460.00,"4,600.00"
2020-12-22,2020122204001797,NIBPO,58,49,662,458.00,"303,196.00"
2020-12-22,2020122204001777,NIBPO,25,4,500,458.00,"229,000.00"
2020-12-22,2020122204001752,NIBPO,49,34,500,460.00,"230,000.00"
2020-12-22,2020122204001751,NIBPO,49,34,500,460.00,"230,000.00"
2020-12-22,2020122204001750,NIBPO,58,34,191,460.00,"87,860.00"
2020-12-22,2020122204001313,NIBPO,58,52,300,458.00,"137,400.00"
2020-12-22,2020122204001357,NIBPO,57,53,"1,000",460.00,"460,000.00"
2020-12-22,2020122204001353,NIBPO,21,53,789,460.00,"362,940.00"
2020-12-22,2020122204001352,NIBPO,21,22,500,459.00,"229,500.00"
2020-12-22,2020122204001351,NIBPO,21,11,711,459.00,"326,349.00"
2020-12-22,2020122204001315,NIBPO,34,52,828,453.00,"375,084.00"
2020-12-22,2020122204001314,NIBPO,49,52,500,454.00,"227,000.00"
2020-12-22,2020122204001432,NIBPO,21,37,250,465.00,"116,250.00"
2020-12-22,2020122204001424,NIBPO,25,14,270,464.00,"125,280.00"
2020-12-22,2020122204001423,NIBPO,25,28,500,464.00,"232,000.00"
2020-12-22,2020122204001419,NIBPO,21,28,500,464.00,"232,000.00"
2020-12-22,2020122204001412,NIBPO,58,32,630,460.00,"289,800.00"
2020-12-22,2020122204001411,NIBPO,58,53,648,460.00,"298,080.00"
2020-12-22,2020122204001594,NIBPO,57,53,296,464.00,"137,344.00"
2020-12-22,2020122204001593,NIBPO,57,17,150,463.00,"69,450.00"
2020-12-22,2020122204001592,NIBPO,57,42,554,462.00,"255,948.00"
2020-12-22,2020122204001503,NIBPO,58,6,131,460.00,"60,260.00"
2020-12-22,2020122204001457,NIBPO,58,58,400,460.00,"184,000.00"
2020-12-22,2020122204001434,NIBPO,25,53,"2,230",464.00,"1,034,720.00"
2020-12-22,2020122204001749,NIBPO,58,11,60,463.00,"27,780.00"
2020-12-22,2020122204001748,NIBPO,58,36,40,462.00,"18,480.00"
2020-12-22,2020122204001686,NIBPO,19,36,460,462.00,"212,520.00"
2020-12-22,2020122204001675,NIBPO,34,53,10,464.00,"4,640.00"
2020-12-22,2020122204001674,NIBPO,50,1,"1,000",461.00,"461,000.00"
2020-12-22,2020122204001608,NIBPO,58,28,"1,000",460.00,"460,000.00"
2020-12-22,2020122204001734,NIBSF1,17,26,100,11.18,"1,118.00"
2020-12-22,2020122204001786,NICBF,13,20,500,10.15,"5,075.00"
2020-12-22,2020122204001489,NICBF,6,50,"2,000",10.31,"20,620.00"
2020-12-22,2020122204001488,NICBF,6,28,"4,000",10.30,"41,200.00"
2020-12-22,2020122204001487,NICBF,6,57,100,10.30,"1,030.00"
2020-12-22,2020122204001486,NICBF,6,41,"1,000",10.27,"10,270.00"
2020-12-22,2020122204001485,NICBF,6,58,300,10.27,"3,081.00"
2020-12-22,2020122204001380,NICBF,14,22,500,10.26,"5,130.00"
2020-12-22,2020122204001698,NICGF,13,39,100,10.27,"1,027.00"
2020-12-22,2020122204001657,NICGF,13,21,500,10.27,"5,135.00"
2020-12-22,2020122204001416,NICGF,17,44,"1,500",10.30,"15,450.00"
2020-12-22,2020122204001601,NMBHF1,58,6,250,9.93,"2,482.50"
2020-12-22,2020122204001779,RBCLPO,42,58,60,"14,591.00","875,460.00"
2020-12-22,2020122204001724,RBCLPO,42,4,10,"14,591.00","145,910.00"
2020-12-22,2020122204001723,RBCLPO,42,55,40,"14,590.00","583,600.00"
2020-12-22,2020122204001722,RBCLPO,42,34,30,"14,589.00","437,670.00"
2020-12-22,2020122204001721,RBCLPO,42,22,10,"14,588.00","145,880.00"
2020-12-22,2020122204001493,RBCLPO,50,43,10,"14,591.00","145,910.00"
2020-12-22,2020122204001337,RBCLPO,34,42,10,"14,490.00","144,900.00"
2020-12-22,2020122204001371,RBCLPO,42,48,80,"14,590.00","1,167,200.00"
2020-12-22,2020122204001370,RBCLPO,42,44,20,"14,590.00","291,800.00"
2020-12-22,2020122204001369,RBCLPO,42,45,10,"14,500.00","145,000.00"
2020-12-22,2020122204001368,RBCLPO,42,6,10,"14,489.00","144,890.00"
2020-12-22,2020122204001367,RBCLPO,42,33,50,"14,449.00","722,450.00"
2020-12-22,2020122204001354,RBCLPO,40,28,10,"14,449.00","144,490.00"
2020-12-22,2020122204001388,RBCLPO,42,22,10,"14,591.00","145,910.00"
2020-12-22,2020122204001386,RBCLPO,42,33,20,"14,591.00","291,820.00"
2020-12-22,2020122204001385,RBCLPO,42,42,75,"14,591.00","1,094,325.00"
2020-12-22,2020122204001374,RBCLPO,42,33,10,"14,591.00","145,910.00"
2020-12-22,2020122204001373,RBCLPO,42,6,10,"14,591.00","145,910.00"
2020-12-22,2020122204001372,RBCLPO,42,44,20,"14,591.00","291,820.00"
2020-12-22,2020122204001775,SAEF,6,48,100,10.86,"1,086.00"
2020-12-22,2020122204001774,SAEF,43,48,900,10.86,"9,774.00"
2020-12-22,2020122204001761,SAEF,26,32,"2,000",10.96,"21,920.00"
2020-12-22,2020122204001670,SAEF,43,21,"1,000",10.86,"10,860.00"
2020-12-22,2020122204001418,SAEF,43,44,100,10.86,"1,086.00"
2020-12-22,2020122204001417,SAEF,6,44,"2,900",10.87,"31,523.00"
2020-12-22,2020122204001344,SAEF,6,51,100,10.87,"1,087.00"
2020-12-22,2020122204001770,SEF,6,59,"1,500",10.31,"15,465.00"
2020-12-22,2020122204001699,SEF,6,39,500,10.25,"5,125.00"
2020-12-22,2020122204001580,SEF,6,8,"1,000",10.40,"10,400.00"
2020-12-22,2020122204001579,SEF,6,35,"15,000",10.40,"156,000.00"
2020-12-22,2020122204001578,SEF,6,25,500,10.40,"5,200.00"
2020-12-22,2020122204001577,SEF,6,4,"2,000",10.40,"20,800.00"
2020-12-22,2020122204001552,SEF,6,33,"5,000",10.33,"51,650.00"
2020-12-22,2020122204001551,SEF,6,39,600,10.30,"6,180.00"
2020-12-22,2020122204001570,SEF,6,18,"2,000",10.35,"20,700.00"
2020-12-22,2020122204001557,SEF,6,14,"100,000",10.35,"1,035,000.00"
2020-12-22,2020122204001556,SEF,6,42,"5,000",10.35,"51,750.00"
2020-12-22,2020122204001555,SEF,6,45,"1,000",10.34,"10,340.00"
2020-12-22,2020122204001554,SEF,6,5,"5,000",10.34,"51,700.00"
2020-12-22,2020122204001553,SEF,6,47,500,10.34,"5,170.00"
2020-12-22,2020122204001576,SEF,6,20,500,10.40,"5,200.00"
2020-12-22,2020122204001575,SEF,6,1,"5,000",10.39,"51,950.00"
2020-12-22,2020122204001574,SEF,6,36,"10,000",10.39,"103,900.00"
2020-12-22,2020122204001573,SEF,6,52,"1,000",10.38,"10,380.00"
2020-12-22,2020122204001572,SEF,6,52,"5,000",10.38,"51,900.00"
2020-12-22,2020122204001571,SEF,6,45,200,10.37,"2,074.00"
2020-12-22,2020122204001796,SFMF,17,10,500,10.05,"5,025.00"
2020-12-22,2020122204001795,SFMF,17,21,500,10.05,"5,025.00"
2020-12-22,2020122204001365,SFMF,29,10,400,10.19,"4,076.00"
2020-12-22,2020122204001312,SFMF,29,6,100,10.19,"1,019.00"
2020-12-22,2020122204001811,SGI,3,38,10,583.00,"5,830.00"
2020-12-22,2020122204001806,SGI,3,29,90,583.00,"52,470.00"
2020-12-22,2020122204001805,SGI,25,29,90,583.00,"52,470.00"
2020-12-22,2020122204001794,SGI,25,38,10,583.00,"5,830.00"
2020-12-22,2020122204001793,SGI,25,48,10,583.00,"5,830.00"
2020-12-22,2020122204001787,SGI,8,53,10,584.00,"5,840.00"
2020-12-22,2020122204001319,SGI,42,52,10,583.00,"5,830.00"
2020-12-22,2020122204001317,SGI,42,52,10,583.00,"5,830.00"
2020-12-22,2020122204001326,SGI,42,32,10,583.00,"5,830.00"
2020-12-22,2020122204001325,SGI,42,52,10,583.00,"5,830.00"
2020-12-22,2020122204001324,SGI,42,36,10,583.00,"5,830.00"
2020-12-22,2020122204001323,SGI,42,38,10,583.00,"5,830.00"
2020-12-22,2020122204001322,SGI,42,10,10,583.00,"5,830.00"
2020-12-22,2020122204001321,SGI,42,52,10,583.00,"5,830.00"
2020-12-22,2020122204001332,SGI,42,10,10,583.00,"5,830.00"
2020-12-22,2020122204001331,SGI,42,38,10,583.00,"5,830.00"
2020-12-22,2020122204001330,SGI,42,52,10,583.00,"5,830.00"
2020-12-22,2020122204001329,SGI,42,38,10,583.00,"5,830.00"
2020-12-22,2020122204001328,SGI,35,6,190,585.00,"111,150.00"
2020-12-22,2020122204001327,SGI,42,52,10,583.00,"5,830.00"
2020-12-22,2020122204001343,SGI,16,38,10,582.00,"5,820.00"
2020-12-22,2020122204001342,SGI,42,39,10,583.00,"5,830.00"
2020-12-22,2020122204001341,SGI,50,33,80,584.00,"46,720.00"
2020-12-22,2020122204001340,SGI,50,38,10,584.00,"5,840.00"
2020-12-22,2020122204001336,SGI,50,38,10,584.00,"5,840.00"
2020-12-22,2020122204001333,SGI,42,33,10,583.00,"5,830.00"
2020-12-22,2020122204001356,SGI,47,46,10,583.00,"5,830.00"
2020-12-22,2020122204001350,SGI,47,55,10,583.00,"5,830.00"
2020-12-22,2020122204001349,SGI,47,26,10,583.00,"5,830.00"
2020-12-22,2020122204001348,SGI,47,39,10,583.00,"5,830.00"
2020-12-22,2020122204001347,SGI,16,38,10,582.00,"5,820.00"
2020-12-22,2020122204001346,SGI,16,14,50,582.00,"29,100.00"
2020-12-22,2020122204001415,SGI,47,58,10,583.00,"5,830.00"
2020-12-22,2020122204001383,SGI,47,56,10,583.00,"5,830.00"
2020-12-22,2020122204001382,SGI,47,18,10,583.00,"5,830.00"
2020-12-22,2020122204001381,SGI,52,33,50,584.00,"29,200.00"
2020-12-22,2020122204001366,SGI,4,33,50,584.00,"29,200.00"
2020-12-22,2020122204001364,SGI,26,33,55,584.00,"32,120.00"
2020-12-22,2020122204001429,SGI,47,37,10,583.00,"5,830.00"
2020-12-22,2020122204001428,SGI,47,18,10,583.00,"5,830.00"
2020-12-22,2020122204001427,SGI,47,45,10,583.00,"5,830.00"
2020-12-22,2020122204001426,SGI,47,43,10,583.00,"5,830.00"
2020-12-22,2020122204001425,SGI,47,43,10,583.00,"5,830.00"
2020-12-22,2020122204001422,SGI,47,28,10,583.00,"5,830.00"
2020-12-22,2020122204001443,SGI,47,36,10,583.00,"5,830.00"
2020-12-22,2020122204001442,SGI,47,38,10,583.00,"5,830.00"
2020-12-22,2020122204001441,SGI,47,11,10,583.00,"5,830.00"
2020-12-22,2020122204001440,SGI,47,16,10,583.00,"5,830.00"
2020-12-22,2020122204001437,SGI,47,16,10,583.00,"5,830.00"
2020-12-22,2020122204001435,SGI,47,33,25,584.00,"14,600.00"
2020-12-22,2020122204001456,SGI,55,33,190,584.00,"110,960.00"
2020-12-22,2020122204001455,SGI,47,17,10,583.00,"5,830.00"
2020-12-22,2020122204001454,SGI,47,18,10,583.00,"5,830.00"
2020-12-22,2020122204001451,SGI,47,19,10,583.00,"5,830.00"
2020-12-22,2020122204001450,SGI,47,40,10,583.00,"5,830.00"
2020-12-22,2020122204001444,SGI,47,16,10,583.00,"5,830.00"
2020-12-22,2020122204001474,SGI,47,55,10,583.00,"5,830.00"
2020-12-22,2020122204001471,SGI,57,33,10,584.00,"5,840.00"
2020-12-22,2020122204001470,SGI,47,54,10,583.00,"5,830.00"
2020-12-22,2020122204001468,SGI,47,40,10,583.00,"5,830.00"
2020-12-22,2020122204001467,SGI,44,34,100,583.00,"58,300.00"
2020-12-22,2020122204001459,SGI,47,38,10,583.00,"5,830.00"
2020-12-22,2020122204001482,SGI,47,7,10,583.00,"5,830.00"
2020-12-22,2020122204001481,SGI,47,42,10,583.00,"5,830.00"
2020-12-22,2020122204001480,SGI,47,7,10,583.00,"5,830.00"
2020-12-22,2020122204001478,SGI,47,40,10,583.00,"5,830.00"
2020-12-22,2020122204001477,SGI,47,42,10,583.00,"5,830.00"
2020-12-22,2020122204001476,SGI,47,52,10,583.00,"5,830.00"
2020-12-22,2020122204001507,SGI,47,34,10,583.00,"5,830.00"
2020-12-22,2020122204001505,SGI,47,7,10,583.00,"5,830.00"
2020-12-22,2020122204001502,SGI,47,48,10,583.00,"5,830.00"
2020-12-22,2020122204001494,SGI,47,39,10,583.00,"5,830.00"
2020-12-22,2020122204001492,SGI,47,34,10,583.00,"5,830.00"
2020-12-22,2020122204001484,SGI,47,47,10,583.00,"5,830.00"
2020-12-22,2020122204001516,SGI,47,11,10,583.00,"5,830.00"
2020-12-22,2020122204001515,SGI,47,11,10,583.00,"5,830.00"
2020-12-22,2020122204001514,SGI,45,29,10,584.00,"5,840.00"
2020-12-22,2020122204001513,SGI,45,8,10,584.00,"5,840.00"
2020-12-22,2020122204001512,SGI,45,33,40,584.00,"23,360.00"
2020-12-22,2020122204001508,SGI,47,11,10,583.00,"5,830.00"
2020-12-22,2020122204001526,SGI,47,11,10,583.00,"5,830.00"
2020-12-22,2020122204001525,SGI,47,38,10,583.00,"5,830.00"
2020-12-22,2020122204001522,SGI,47,36,10,583.00,"5,830.00"
2020-12-22,2020122204001521,SGI,47,11,10,583.00,"5,830.00"
2020-12-22,2020122204001519,SGI,47,38,10,583.00,"5,830.00"
2020-12-22,2020122204001517,SGI,47,34,10,583.00,"5,830.00"
2020-12-22,2020122204001542,SGI,16,38,10,582.00,"5,820.00"
2020-12-22,2020122204001537,SGI,16,38,10,582.00,"5,820.00"
2020-12-22,2020122204001534,SGI,42,16,10,583.00,"5,830.00"
2020-12-22,2020122204001533,SGI,42,38,10,583.00,"5,830.00"
2020-12-22,2020122204001531,SGI,47,11,10,583.00,"5,830.00"
2020-12-22,2020122204001530,SGI,47,56,10,583.00,"5,830.00"
2020-12-22,2020122204001586,SGI,16,33,10,582.00,"5,820.00"
2020-12-22,2020122204001584,SGI,16,38,10,582.00,"5,820.00"
2020-12-22,2020122204001568,SGI,16,38,10,582.00,"5,820.00"
2020-12-22,2020122204001548,SGI,16,38,10,582.00,"5,820.00"
2020-12-22,2020122204001547,SGI,56,41,10,583.00,"5,830.00"
2020-12-22,2020122204001546,SGI,56,58,10,583.00,"5,830.00"
2020-12-22,2020122204001607,SGI,7,21,10,583.00,"5,830.00"
2020-12-22,2020122204001602,SGI,7,38,10,583.00,"5,830.00"
2020-12-22,2020122204001600,SGI,7,33,10,583.00,"5,830.00"
2020-12-22,2020122204001596,SGI,56,21,10,583.00,"5,830.00"
2020-12-22,2020122204001595,SGI,56,21,10,583.00,"5,830.00"
2020-12-22,2020122204001589,SGI,16,44,10,582.00,"5,820.00"
2020-12-22,2020122204001622,SGI,7,53,10,583.00,"5,830.00"
2020-12-22,2020122204001616,SGI,39,39,10,584.00,"5,840.00"
2020-12-22,2020122204001615,SGI,39,49,10,584.00,"5,840.00"
2020-12-22,2020122204001614,SGI,7,33,10,583.00,"5,830.00"
2020-12-22,2020122204001612,SGI,7,52,10,583.00,"5,830.00"
2020-12-22,2020122204001611,SGI,7,42,10,583.00,"5,830.00"
2020-12-22,2020122204001639,SGI,45,4,10,583.00,"5,830.00"
2020-12-22,2020122204001635,SGI,16,57,10,582.00,"5,820.00"
2020-12-22,2020122204001631,SGI,16,21,10,582.00,"5,820.00"
2020-12-22,2020122204001630,SGI,7,59,10,583.00,"5,830.00"
2020-12-22,2020122204001629,SGI,7,38,10,583.00,"5,830.00"
2020-12-22,2020122204001627,SGI,7,58,10,583.00,"5,830.00"
2020-12-22,2020122204001663,SGI,25,58,10,584.00,"5,840.00"
2020-12-22,2020122204001662,SGI,25,34,30,584.00,"17,520.00"
2020-12-22,2020122204001661,SGI,25,10,10,583.00,"5,830.00"
2020-12-22,2020122204001660,SGI,25,54,10,583.00,"5,830.00"
2020-12-22,2020122204001653,SGI,16,45,10,582.00,"5,820.00"
2020-12-22,2020122204001645,SGI,16,21,10,582.00,"5,820.00"
2020-12-22,2020122204001682,SGI,25,21,10,583.00,"5,830.00"
2020-12-22,2020122204001681,SGI,25,37,10,583.00,"5,830.00"
2020-12-22,2020122204001672,SGI,25,38,10,583.00,"5,830.00"
2020-12-22,2020122204001668,SGI,25,37,10,583.00,"5,830.00"
2020-12-22,2020122204001665,SGI,25,6,530,585.00,"310,050.00"
2020-12-22,2020122204001664,SGI,25,34,10,584.00,"5,840.00"
2020-12-22,2020122204001696,SGI,25,51,10,583.00,"5,830.00"
2020-12-22,2020122204001695,SGI,25,25,10,583.00,"5,830.00"
2020-12-22,2020122204001694,SGI,25,7,10,583.00,"5,830.00"
2020-12-22,2020122204001690,SGI,25,59,10,583.00,"5,830.00"
2020-12-22,2020122204001684,SGI,25,53,10,583.00,"5,830.00"
2020-12-22,2020122204001683,SGI,25,21,10,583.00,"5,830.00"
2020-12-22,2020122204001708,SGI,25,38,10,583.00,"5,830.00"
2020-12-22,2020122204001707,SGI,25,25,10,583.00,"5,830.00"
2020-12-22,2020122204001706,SGI,25,33,10,583.00,"5,830.00"
2020-12-22,2020122204001704,SGI,25,32,10,583.00,"5,830.00"
2020-12-22,2020122204001700,SGI,25,45,10,583.00,"5,830.00"
2020-12-22,2020122204001697,SGI,25,21,10,583.00,"5,830.00"
2020-12-22,2020122204001730,SGI,25,56,10,583.00,"5,830.00"
2020-12-22,2020122204001728,SGI,25,21,10,583.00,"5,830.00"
2020-12-22,2020122204001719,SGI,25,21,10,583.00,"5,830.00"
2020-12-22,2020122204001713,SGI,25,10,10,583.00,"5,830.00"
2020-12-22,2020122204001712,SGI,45,52,10,584.00,"5,840.00"
2020-12-22,2020122204001711,SGI,45,45,10,584.00,"5,840.00"
2020-12-22,2020122204001755,SGI,46,43,500,584.00,"292,000.00"
2020-12-22,2020122204001736,SGI,55,34,10,584.00,"5,840.00"
2020-12-22,2020122204001735,SGI,55,4,10,584.00,"5,840.00"
2020-12-22,2020122204001733,SGI,25,36,10,583.00,"5,830.00"
2020-12-22,2020122204001732,SGI,25,17,10,583.00,"5,830.00"
2020-12-22,2020122204001731,SGI,25,10,10,583.00,"5,830.00"
2020-12-22,2020122204001763,SGI,25,21,10,583.00,"5,830.00"
2020-12-22,2020122204001760,SGI,25,32,10,583.00,"5,830.00"
2020-12-22,2020122204001759,SGI,55,13,10,584.00,"5,840.00"
2020-12-22,2020122204001758,SGI,25,36,10,583.00,"5,830.00"
2020-12-22,2020122204001757,SGI,25,21,10,583.00,"5,830.00"
2020-12-22,2020122204001756,SGI,25,49,100,583.00,"58,300.00"
2020-12-22,2020122204001776,SGI,25,45,10,583.00,"5,830.00"
2020-12-22,2020122204001772,SGI,50,41,20,585.00,"11,700.00"
2020-12-22,2020122204001771,SGI,25,36,10,583.00,"5,830.00"
2020-12-22,2020122204001766,SGI,17,20,10,585.00,"5,850.00"
2020-12-22,2020122204001765,SGI,17,37,10,585.00,"5,850.00"
2020-12-22,2020122204001764,SGI,17,21,10,585.00,"5,850.00"
2020-12-22,2020122204001785,SGI,49,42,10,585.00,"5,850.00"
2020-12-22,2020122204001784,SGI,49,42,10,585.00,"5,850.00"
2020-12-22,2020122204001783,SGI,49,49,10,585.00,"5,850.00"
2020-12-22,2020122204001782,SGI,49,49,10,585.00,"5,850.00"
2020-12-22,2020122204001781,SGI,49,41,80,585.00,"46,800.00"
2020-12-22,2020122204001780,SGI,8,47,10,584.00,"5,840.00"
2020-12-22,2020122204001710,STC,58,10,20,"5,270.00","105,400.00"
2020-12-22,2020122204001680,STC,39,10,20,"5,200.00","104,000.00"
2020-12-22,2020122204001649,STC,7,10,25,"5,200.00","130,000.00"
2020-12-22,2020122204001644,STC,38,10,50,"5,200.00","260,000.00"
2020-12-22,2020122204001643,STC,57,10,90,"5,200.00","468,000.00"
2020-12-22,2020122204001642,STC,52,10,30,"5,200.00","156,000.00"
2020-12-22,2020122204001473,STC,39,57,290,"5,250.00","1,522,500.00"
2020-12-22,2020122204001472,STC,39,22,10,"5,249.00","52,490.00"
2020-12-22,2020122204001464,STC,39,10,100,"5,245.00","524,500.00"
2020-12-22,2020122204001463,STC,39,10,100,"5,245.00","524,500.00"
2020-12-22,2020122204001338,STC,49,58,50,"5,240.00","262,000.00"
2020-12-22,2020122204001624,STC,43,10,20,"5,270.00","105,400.00"
2020-12-22,2020122204001567,STC,52,55,20,"5,200.00","104,000.00"
2020-12-22,2020122204001566,STC,39,55,20,"5,200.00","104,000.00"
2020-12-22,2020122204001565,STC,58,10,100,"5,270.00","527,000.00"
2020-12-22,2020122204001532,STC,39,34,100,"5,260.00","526,000.00"
2020-12-22,2020122204001475,STC,39,57,75,"5,250.00","393,750.00"
2020-12-22,2020122204001204,BBC,42,58,20,"2,850.00","57,000.00"
2020-12-22,2020122204001125,BBC,42,58,10,"2,850.00","28,500.00"
2020-12-22,2020122204001022,BBC,41,58,50,"2,850.00","142,500.00"
2020-12-22,2020122204001009,BBC,49,5,10,"2,850.00","28,500.00"
2020-12-22,2020122204001008,BBC,49,36,40,"2,850.00","114,000.00"
2020-12-22,2020122204000953,BBC,35,36,10,"2,850.00","28,500.00"
2020-12-22,2020122204000952,BBC,35,58,10,"2,845.00","28,450.00"
2020-12-22,2020122204000951,BBC,35,49,10,"2,845.00","28,450.00"
2020-12-22,2020122204000852,BBC,58,58,10,"2,803.00","28,030.00"
2020-12-22,2020122204001274,CMF1,6,50,"1,000",10.00,"10,000.00"
2020-12-22,2020122204000847,CMF1,6,35,"1,300",9.99,"12,987.00"
2020-12-22,2020122204000846,CMF1,6,52,500,9.99,"4,995.00"
2020-12-22,2020122204000845,CMF1,6,58,500,9.99,"4,995.00"
2020-12-22,2020122204000844,CMF1,6,49,"10,000",9.95,"99,500.00"
2020-12-22,2020122204001296,GIC,52,38,10,558.00,"5,580.00"
2020-12-22,2020122204001282,GIC,52,57,10,558.00,"5,580.00"
2020-12-22,2020122204001280,GIC,52,39,10,558.00,"5,580.00"
2020-12-22,2020122204001278,GIC,52,52,10,558.00,"5,580.00"
2020-12-22,2020122204001275,GIC,52,52,10,558.00,"5,580.00"
2020-12-22,2020122204001273,GIC,52,5,10,558.00,"5,580.00"
2020-12-22,2020122204000829,GIC,10,26,10,557.00,"5,570.00"
2020-12-22,2020122204000826,GIC,10,45,10,557.00,"5,570.00"
2020-12-22,2020122204000850,GIC,10,50,10,557.00,"5,570.00"
2020-12-22,2020122204000849,GIC,10,50,10,557.00,"5,570.00"
2020-12-22,2020122204000840,GIC,10,42,10,557.00,"5,570.00"
2020-12-22,2020122204000839,GIC,14,14,65,558.00,"36,270.00"
2020-12-22,2020122204000837,GIC,10,45,10,557.00,"5,570.00"
2020-12-22,2020122204000835,GIC,10,43,10,557.00,"5,570.00"
2020-12-22,2020122204000861,GIC,34,7,10,557.00,"5,570.00"
2020-12-22,2020122204000859,GIC,34,43,10,557.00,"5,570.00"
2020-12-22,2020122204000858,GIC,34,16,10,557.00,"5,570.00"
2020-12-22,2020122204000855,GIC,34,43,10,557.00,"5,570.00"
2020-12-22,2020122204000853,GIC,34,35,10,557.00,"5,570.00"
2020-12-22,2020122204000851,GIC,34,16,10,557.00,"5,570.00"
2020-12-22,2020122204000875,GIC,14,57,10,558.00,"5,580.00"
2020-12-22,2020122204000874,GIC,14,33,10,558.00,"5,580.00"
2020-12-22,2020122204000873,GIC,14,14,35,558.00,"19,530.00"
2020-12-22,2020122204000871,GIC,34,49,10,557.00,"5,570.00"
2020-12-22,2020122204000870,GIC,34,43,10,557.00,"5,570.00"
2020-12-22,2020122204000864,GIC,34,43,10,557.00,"5,570.00"
2020-12-22,2020122204000889,GIC,52,56,10,560.00,"5,600.00"
2020-12-22,2020122204000888,GIC,52,48,10,560.00,"5,600.00"
2020-12-22,2020122204000887,GIC,52,21,10,560.00,"5,600.00"
2020-12-22,2020122204000886,GIC,34,57,10,557.00,"5,570.00"
2020-12-22,2020122204000877,GIC,14,26,10,558.00,"5,580.00"
2020-12-22,2020122204000876,GIC,14,29,100,558.00,"55,800.00"
2020-12-22,2020122204000895,GIC,52,38,10,560.00,"5,600.00"
2020-12-22,2020122204000894,GIC,52,58,10,560.00,"5,600.00"
2020-12-22,2020122204000893,GIC,52,17,10,560.00,"5,600.00"
2020-12-22,2020122204000892,GIC,52,33,10,560.00,"5,600.00"
2020-12-22,2020122204000891,GIC,52,36,10,560.00,"5,600.00"
2020-12-22,2020122204000890,GIC,52,58,10,560.00,"5,600.00"
2020-12-22,2020122204000912,GIC,55,17,10,558.00,"5,580.00"
2020-12-22,2020122204000905,GIC,55,57,10,558.00,"5,580.00"
2020-12-22,2020122204000900,GIC,34,43,10,557.00,"5,570.00"
2020-12-22,2020122204000899,GIC,34,40,10,557.00,"5,570.00"
2020-12-22,2020122204000897,GIC,34,49,10,557.00,"5,570.00"
2020-12-22,2020122204000896,GIC,34,17,10,557.00,"5,570.00"
2020-12-22,2020122204000948,GIC,55,43,10,558.00,"5,580.00"
2020-12-22,2020122204000941,GIC,55,38,10,558.00,"5,580.00"
2020-12-22,2020122204000936,GIC,55,28,10,558.00,"5,580.00"
2020-12-22,2020122204000932,GIC,55,59,10,558.00,"5,580.00"
2020-12-22,2020122204000918,GIC,55,57,10,558.00,"5,580.00"
2020-12-22,2020122204000915,GIC,55,39,10,558.00,"5,580.00"
2020-12-22,2020122204000982,GIC,55,35,10,558.00,"5,580.00"
2020-12-22,2020122204000978,GIC,55,14,10,558.00,"5,580.00"
2020-12-22,2020122204000972,GIC,55,55,10,558.00,"5,580.00"
2020-12-22,2020122204000971,GIC,55,38,10,558.00,"5,580.00"
2020-12-22,2020122204000960,GIC,55,7,10,558.00,"5,580.00"
2020-12-22,2020122204000955,GIC,55,47,10,558.00,"5,580.00"
2020-12-22,2020122204000996,GIC,55,7,10,558.00,"5,580.00"
2020-12-22,2020122204000995,GIC,55,16,10,558.00,"5,580.00"
2020-12-22,2020122204000994,GIC,55,57,10,558.00,"5,580.00"
2020-12-22,2020122204000991,GIC,55,10,10,558.00,"5,580.00"
2020-12-22,2020122204000988,GIC,55,58,10,558.00,"5,580.00"
2020-12-22,2020122204000986,GIC,55,49,10,558.00,"5,580.00"
2020-12-22,2020122204001016,GIC,49,1,250,559.00,"139,750.00"
2020-12-22,2020122204001015,GIC,58,3,10,558.00,"5,580.00"
2020-12-22,2020122204001014,GIC,29,1,90,559.00,"50,310.00"
2020-12-22,2020122204001013,GIC,29,45,10,559.00,"5,590.00"
2020-12-22,2020122204001012,GIC,58,55,10,558.00,"5,580.00"
2020-12-22,2020122204001007,GIC,58,59,10,558.00,"5,580.00"
2020-12-22,2020122204001033,GIC,49,39,10,559.00,"5,590.00"
2020-12-22,2020122204001032,GIC,49,45,10,559.00,"5,590.00"
2020-12-22,2020122204001030,GIC,49,45,10,559.00,"5,590.00"
2020-12-22,2020122204001027,GIC,49,16,10,559.00,"5,590.00"
2020-12-22,2020122204001025,GIC,49,53,10,559.00,"5,590.00"
2020-12-22,2020122204001019,GIC,49,36,10,559.00,"5,590.00"
2020-12-22,2020122204001049,GIC,25,21,10,560.00,"5,600.00"
2020-12-22,2020122204001048,GIC,25,19,10,560.00,"5,600.00"
2020-12-22,2020122204001047,GIC,49,54,100,559.00,"55,900.00"
2020-12-22,2020122204001046,GIC,38,19,10,560.00,"5,600.00"
2020-12-22,2020122204001040,GIC,49,21,10,559.00,"5,590.00"
2020-12-22,2020122204001036,GIC,43,29,10,560.00,"5,600.00"
2020-12-22,2020122204001069,GIC,49,38,10,559.00,"5,590.00"
2020-12-22,2020122204001068,GIC,49,58,10,559.00,"5,590.00"
2020-12-22,2020122204001061,GIC,49,14,10,559.00,"5,590.00"
2020-12-22,2020122204001057,GIC,49,38,10,559.00,"5,590.00"
2020-12-22,2020122204001055,GIC,49,58,10,559.00,"5,590.00"
2020-12-22,2020122204001050,GIC,49,38,10,559.00,"5,590.00"
2020-12-22,2020122204001084,GIC,58,44,10,558.00,"5,580.00"
2020-12-22,2020122204001083,GIC,58,36,10,558.00,"5,580.00"
2020-12-22,2020122204001082,GIC,58,36,10,558.00,"5,580.00"
2020-12-22,2020122204001081,GIC,58,45,10,558.00,"5,580.00"
2020-12-22,2020122204001076,GIC,49,57,10,559.00,"5,590.00"
2020-12-22,2020122204001075,GIC,49,45,10,559.00,"5,590.00"
2020-12-22,2020122204001103,GIC,34,43,10,557.00,"5,570.00"
2020-12-22,2020122204001100,GIC,34,38,10,557.00,"5,570.00"
2020-12-22,2020122204001097,GIC,58,58,10,558.00,"5,580.00"
2020-12-22,2020122204001095,GIC,58,45,10,558.00,"5,580.00"
2020-12-22,2020122204001094,GIC,38,42,10,559.00,"5,590.00"
2020-12-22,2020122204001093,GIC,58,49,10,558.00,"5,580.00"
2020-12-22,2020122204001118,GIC,39,7,10,557.00,"5,570.00"
2020-12-22,2020122204001117,GIC,25,16,10,558.00,"5,580.00"
2020-12-22,2020122204001112,GIC,34,50,10,557.00,"5,570.00"
2020-12-22,2020122204001111,GIC,34,38,10,557.00,"5,570.00"
2020-12-22,2020122204001107,GIC,34,49,10,557.00,"5,570.00"
2020-12-22,2020122204001104,GIC,34,48,10,557.00,"5,570.00"
2020-12-22,2020122204001141,GIC,39,25,10,557.00,"5,570.00"
2020-12-22,2020122204001136,GIC,39,17,10,557.00,"5,570.00"
2020-12-22,2020122204001130,GIC,39,38,10,557.00,"5,570.00"
2020-12-22,2020122204001127,GIC,39,43,10,557.00,"5,570.00"
2020-12-22,2020122204001126,GIC,39,14,10,557.00,"5,570.00"
2020-12-22,2020122204001124,GIC,39,7,10,557.00,"5,570.00"
2020-12-22,2020122204001163,GIC,58,45,10,557.00,"5,570.00"
2020-12-22,2020122204001161,GIC,58,38,10,557.00,"5,570.00"
2020-12-22,2020122204001156,GIC,57,49,10,558.00,"5,580.00"
2020-12-22,2020122204001152,GIC,39,18,10,557.00,"5,570.00"
2020-12-22,2020122204001147,GIC,39,7,10,557.00,"5,570.00"
2020-12-22,2020122204001142,GIC,39,56,10,557.00,"5,570.00"
2020-12-22,2020122204001170,GIC,37,50,10,560.00,"5,600.00"
2020-12-22,2020122204001169,GIC,37,34,10,560.00,"5,600.00"
2020-12-22,2020122204001168,GIC,37,53,10,559.00,"5,590.00"
2020-12-22,2020122204001167,GIC,58,7,10,557.00,"5,570.00"
2020-12-22,2020122204001165,GIC,58,38,10,557.00,"5,570.00"
2020-12-22,2020122204001164,GIC,58,38,10,557.00,"5,570.00"
2020-12-22,2020122204001176,GIC,37,52,10,560.00,"5,600.00"
2020-12-22,2020122204001175,GIC,37,14,10,560.00,"5,600.00"
2020-12-22,2020122204001174,GIC,37,55,10,560.00,"5,600.00"
2020-12-22,2020122204001173,GIC,37,42,10,560.00,"5,600.00"
2020-12-22,2020122204001172,GIC,37,48,10,560.00,"5,600.00"
2020-12-22,2020122204001171,GIC,37,50,10,560.00,"5,600.00"
2020-12-22,2020122204001190,GIC,37,38,10,560.00,"5,600.00"
2020-12-22,2020122204001185,GIC,37,52,10,560.00,"5,600.00"
2020-12-22,2020122204001182,GIC,37,52,10,560.00,"5,600.00"
2020-12-22,2020122204001181,GIC,37,17,10,560.00,"5,600.00"
2020-12-22,2020122204001179,GIC,37,1,10,560.00,"5,600.00"
2020-12-22,2020122204001177,GIC,37,50,10,560.00,"5,600.00"
2020-12-22,2020122204001210,GIC,37,52,10,560.00,"5,600.00"
2020-12-22,2020122204001209,GIC,37,21,10,560.00,"5,600.00"
2020-12-22,2020122204001208,GIC,37,52,10,560.00,"5,600.00"
2020-12-22,2020122204001206,GIC,37,46,10,560.00,"5,600.00"
2020-12-22,2020122204001193,GIC,37,45,10,560.00,"5,600.00"
2020-12-22,2020122204001191,GIC,37,10,10,560.00,"5,600.00"
2020-12-22,2020122204001222,GIC,37,52,10,560.00,"5,600.00"
2020-12-22,2020122204001221,GIC,37,10,10,560.00,"5,600.00"
2020-12-22,2020122204001220,GIC,37,40,10,560.00,"5,600.00"
2020-12-22,2020122204001219,GIC,37,52,10,560.00,"5,600.00"
2020-12-22,2020122204001217,GIC,37,52,10,560.00,"5,600.00"
2020-12-22,2020122204001212,GIC,37,10,10,560.00,"5,600.00"
2020-12-22,2020122204001248,GIC,18,52,10,560.00,"5,600.00"
2020-12-22,2020122204001247,GIC,18,10,10,560.00,"5,600.00"
2020-12-22,2020122204001245,GIC,18,52,10,560.00,"5,600.00"
2020-12-22,2020122204001242,GIC,37,38,10,560.00,"5,600.00"
2020-12-22,2020122204001238,GIC,37,59,10,560.00,"5,600.00"
2020-12-22,2020122204001237,GIC,37,52,10,560.00,"5,600.00"
2020-12-22,2020122204001272,GIC,52,16,10,558.00,"5,580.00"
2020-12-22,2020122204001267,GIC,52,52,10,558.00,"5,580.00"
2020-12-22,2020122204001261,GIC,52,34,10,558.00,"5,580.00"
2020-12-22,2020122204001254,GIC,52,39,10,558.00,"5,580.00"
2020-12-22,2020122204001253,GIC,18,6,10,560.00,"5,600.00"
2020-12-22,2020122204001252,GIC,18,34,10,560.00,"5,600.00"
2020-12-22,2020122204000964,LEMF,13,42,"5,000",9.80,"49,000.00"
2020-12-22,2020122204001119,LUK,25,58,200,9.10,"1,820.00"
2020-12-22,2020122204001105,LUK,25,58,200,9.10,"1,820.00"
2020-12-22,2020122204001098,LUK,58,3,300,9.10,"2,730.00"
2020-12-22,2020122204001017,LUK,58,32,300,9.10,"2,730.00"
2020-12-22,2020122204000987,LUK,58,16,200,9.10,"1,820.00"
2020-12-22,2020122204001246,NBF2,10,41,200,9.79,"1,958.00"
2020-12-22,2020122204001230,NBF2,10,39,500,9.60,"4,800.00"
2020-12-22,2020122204001229,NBF2,10,40,500,9.60,"4,800.00"
2020-12-22,2020122204001228,NBF2,10,38,300,9.57,"2,871.00"
2020-12-22,2020122204001215,NBF2,58,6,200,9.56,"1,912.00"
2020-12-22,2020122204000957,NBF2,17,43,200,9.60,"1,920.00"
2020-12-22,2020122204000909,NCCBPO,38,25,"127,000",114.00,"14,478,000.00"
2020-12-22,2020122204001292,NEF,50,40,"2,738",9.92,"27,160.96"
2020-12-22,2020122204001291,NEF,50,34,"2,414",9.90,"23,898.60"
2020-12-22,2020122204001290,NEF,50,50,"2,414",9.90,"23,898.60"
2020-12-22,2020122204001289,NEF,50,51,"1,127",9.89,"11,146.03"
2020-12-22,2020122204001288,NEF,50,52,"1,207",9.84,"11,876.88"
2020-12-22,2020122204001287,NEF,50,51,100,9.84,984.00
2020-12-22,2020122204000966,NEF,6,42,757,9.81,"7,426.17"
2020-12-22,2020122204000913,NEF,6,46,966,9.81,"9,476.46"
2020-12-22,2020122204000906,NEF,6,49,"1,207",9.81,"11,840.67"
2020-12-22,2020122204000882,NEF,6,42,"2,414",9.81,"23,681.34"
2020-12-22,2020122204001277,NEF,21,57,"2,414",9.83,"23,729.62"
2020-12-22,2020122204001276,NEF,21,57,"10,061",9.83,"98,899.63"
2020-12-22,2020122204001250,NEF,59,57,"2,009",9.83,"19,748.47"
2020-12-22,2020122204001240,NEF,14,57,"2,414",9.82,"23,705.48"
2020-12-22,2020122204001122,NEF,59,42,241,9.81,"2,364.21"
2020-12-22,2020122204000967,NEF,59,42,370,9.81,"3,629.70"
2020-12-22,2020122204001235,NIBLPF,6,57,"2,525",9.93,"25,073.25"
2020-12-22,2020122204001214,NIBLPF,6,57,"2,525",9.93,"25,073.25"
2020-12-22,2020122204001201,NIBLPF,6,57,"5,000",9.95,"49,750.00"
2020-12-22,2020122204001200,NIBLPF,6,57,"5,000",9.95,"49,750.00"
2020-12-22,2020122204001199,NIBLPF,6,57,"1,970",9.95,"19,601.50"
2020-12-22,2020122204000910,NIBLPF,6,46,505,9.92,"5,009.60"
2020-12-22,2020122204001195,NIBPO,49,53,500,460.00,"230,000.00"
2020-12-22,2020122204001194,NIBPO,21,53,63,460.00,"28,980.00"
2020-12-22,2020122204001189,NIBPO,21,46,437,460.00,"201,020.00"
2020-12-22,2020122204001188,NIBPO,16,46,"1,000",461.00,"461,000.00"
2020-12-22,2020122204001187,NIBPO,34,46,650,461.00,"299,650.00"
2020-12-22,2020122204001186,NIBPO,16,46,"1,000",462.00,"462,000.00"
2020-12-22,2020122204000821,NIBPO,50,58,10,450.00,"4,500.00"
2020-12-22,2020122204000820,NIBPO,7,4,"1,000",453.00,"453,000.00"
2020-12-22,2020122204000901,NIBPO,50,34,10,450.00,"4,500.00"
2020-12-22,2020122204000856,NIBPO,58,42,"25,000",442.00,"11,050,000.00"
2020-12-22,2020122204000830,NIBPO,58,42,"10,000",442.00,"4,420,000.00"
2020-12-22,2020122204000828,NIBPO,58,42,"15,000",442.00,"6,630,000.00"
2020-12-22,2020122204000825,NIBPO,50,58,10,450.00,"4,500.00"
2020-12-22,2020122204000823,NIBPO,7,4,"2,000",453.00,"906,000.00"
2020-12-22,2020122204000935,NIBPO,3,42,"1,000",457.00,"457,000.00"
2020-12-22,2020122204000934,NIBPO,4,42,500,456.00,"228,000.00"
2020-12-22,2020122204000931,NIBPO,58,42,500,456.00,"228,000.00"
2020-12-22,2020122204000917,NIBPO,49,42,500,455.00,"227,500.00"
2020-12-22,2020122204000908,NIBPO,25,42,500,454.00,"227,000.00"
2020-12-22,2020122204000903,NIBPO,34,4,"2,000",453.00,"906,000.00"
2020-12-22,2020122204000947,NIBPO,56,33,300,459.00,"137,700.00"
2020-12-22,2020122204000942,NIBPO,21,33,500,459.00,"229,500.00"
2020-12-22,2020122204000940,NIBPO,56,33,190,459.00,"87,210.00"
2020-12-22,2020122204000939,NIBPO,56,6,10,459.00,"4,590.00"
2020-12-22,2020122204000938,NIBPO,58,6,990,459.00,"454,410.00"
2020-12-22,2020122204000937,NIBPO,58,51,10,459.00,"4,590.00"
2020-12-22,2020122204000973,NIBPO,5,4,"1,000",462.00,"462,000.00"
2020-12-22,2020122204000970,NIBPO,5,4,"1,000",462.00,"462,000.00"
2020-12-22,2020122204000965,NIBPO,58,4,500,462.00,"231,000.00"
2020-12-22,2020122204000959,NIBPO,58,4,500,462.00,"231,000.00"
2020-12-22,2020122204000950,NIBPO,43,4,800,459.00,"367,200.00"
2020-12-22,2020122204000949,NIBPO,43,33,110,459.00,"50,490.00"
2020-12-22,2020122204001002,NIBPO,54,14,800,470.00,"376,000.00"
2020-12-22,2020122204001001,NIBPO,25,56,100,468.00,"46,800.00"
2020-12-22,2020122204001000,NIBPO,25,14,100,468.00,"46,800.00"
2020-12-22,2020122204000993,NIBPO,25,58,100,464.00,"46,400.00"
2020-12-22,2020122204000980,NIBPO,43,4,200,462.00,"92,400.00"
2020-12-22,2020122204000975,NIBPO,5,4,"1,000",462.00,"462,000.00"
2020-12-22,2020122204001180,NIBPO,34,14,250,461.00,"115,250.00"
2020-12-22,2020122204001123,NIBPO,34,39,100,461.00,"46,100.00"
2020-12-22,2020122204001102,NIBPO,14,37,240,465.00,"111,600.00"
2020-12-22,2020122204001074,NIBPO,43,41,655,465.00,"304,575.00"
2020-12-22,2020122204001018,NIBPO,54,33,289,470.00,"135,830.00"
2020-12-22,2020122204001003,NIBPO,54,19,911,470.00,"428,170.00"
2020-12-22,2020122204000836,NIBSF1,45,13,"1,000",11.39,"11,390.00"
2020-12-22,2020122204000919,NICAD8283,47,21,25,"1,160.00","29,000.00"
2020-12-22,2020122204001309,NICBF,6,58,"1,150",10.25,"11,787.50"
2020-12-22,2020122204001308,NICBF,6,51,500,10.25,"5,125.00"
2020-12-22,2020122204001307,NICBF,6,28,"9,000",10.25,"92,250.00"
2020-12-22,2020122204001306,NICBF,6,35,200,10.25,"2,050.00"
2020-12-22,2020122204001305,NICBF,6,34,750,10.22,"7,665.00"
2020-12-22,2020122204001304,NICBF,6,7,"1,000",10.20,"10,200.00"
2020-12-22,2020122204001138,NICBF,17,49,"1,000",10.17,"10,170.00"
2020-12-22,2020122204001137,NICBF,17,17,"2,500",10.16,"25,400.00"
2020-12-22,2020122204001115,NICBF,13,42,100,10.09,"1,009.00"
2020-12-22,2020122204000962,NICBF,6,1,100,10.07,"1,007.00"
2020-12-22,2020122204001303,NICBF,6,7,500,10.20,"5,100.00"
2020-12-22,2020122204001302,NICBF,6,7,300,10.20,"3,060.00"
2020-12-22,2020122204001301,NICBF,6,7,500,10.20,"5,100.00"
2020-12-22,2020122204001300,NICBF,6,47,500,10.20,"5,100.00"
2020-12-22,2020122204001299,NICBF,6,58,"1,000",10.18,"10,180.00"
2020-12-22,2020122204001298,NICBF,6,56,"1,050",10.17,"10,678.50"
2020-12-22,2020122204001116,NICGF,13,51,"1,000",10.27,"10,270.00"
2020-12-22,2020122204001060,NICGF,13,20,400,10.27,"4,108.00"
2020-12-22,2020122204001056,NICGF,13,50,200,10.27,"2,054.00"
2020-12-22,2020122204001041,NICGF,13,41,"1,000",10.27,"10,270.00"
2020-12-22,2020122204000946,NICGF,49,57,"1,750",10.26,"17,955.00"
2020-12-22,2020122204000945,NICGF,6,57,"2,750",10.26,"28,215.00"
2020-12-22,2020122204000944,NICGF,6,57,"5,000",10.27,"51,350.00"
2020-12-22,2020122204000943,NICGF,52,57,500,10.28,"5,140.00"
2020-12-22,2020122204001162,NMB50,3,46,300,9.96,"2,988.00"
2020-12-22,2020122204001132,NMB50,3,34,500,9.96,"4,980.00"
2020-12-22,2020122204000961,NMB50,3,43,200,9.96,"1,992.00"
2020-12-22,2020122204001264,NMBHF1,22,57,"4,161",9.95,"41,401.95"
2020-12-22,2020122204001263,NMBHF1,22,57,"4,161",9.95,"41,401.95"
2020-12-22,2020122204001262,NMBHF1,22,57,"16,644",9.95,"165,607.80"
2020-12-22,2020122204001153,NMBHF1,16,42,416,9.92,"4,126.72"
2020-12-22,2020122204001135,NMBHF1,58,52,"5,000",9.93,"49,650.00"
2020-12-22,2020122204001038,NMBHF1,16,42,"1,577",9.92,"15,643.84"
2020-12-22,2020122204001037,NMBHF1,16,46,"2,496",9.92,"24,760.32"
2020-12-22,2020122204001079,NMBPO,28,57,"73,444",250.00,"18,361,000.00"
2020-12-22,2020122204001065,NMBPO,28,57,"36,723",250.00,"9,180,750.00"
2020-12-22,2020122204001059,NMBPO,28,57,"36,723",250.00,"9,180,750.00"
2020-12-22,2020122204001294,RBCLPO,33,26,10,"14,590.00","145,900.00"
2020-12-22,2020122204001293,RBCLPO,33,43,10,"14,589.00","145,890.00"
2020-12-22,2020122204001260,RBCLPO,40,6,10,"14,357.00","143,570.00"
2020-12-22,2020122204001259,RBCLPO,40,26,10,"14,356.00","143,560.00"
2020-12-22,2020122204001258,RBCLPO,40,33,10,"14,350.00","143,500.00"
2020-12-22,2020122204001151,RBCLPO,42,44,20,"14,076.00","281,520.00"
2020-12-22,2020122204000843,RBCLPO,17,28,20,"13,794.00","275,880.00"
2020-12-22,2020122204001150,RBCLPO,42,44,20,"14,075.00","281,500.00"
2020-12-22,2020122204001149,RBCLPO,42,55,30,"14,070.00","422,100.00"
2020-12-22,2020122204001148,RBCLPO,42,53,20,"14,000.00","280,000.00"
2020-12-22,2020122204001139,RBCLPO,26,6,10,"13,872.00","138,720.00"
2020-12-22,2020122204001129,RBCLPO,33,45,10,"13,650.00","136,500.00"
2020-12-22,2020122204000902,RBCLPO,17,46,10,"13,600.00","136,000.00"
2020-12-22,2020122204001265,SAEF,43,41,850,10.92,"9,282.00"
2020-12-22,2020122204001255,SAEF,6,41,500,10.85,"5,425.00"
2020-12-22,2020122204001166,SAEF,6,51,"1,000",10.85,"10,850.00"
2020-12-22,2020122204001140,SAEF,7,41,150,10.92,"1,638.00"
2020-12-22,2020122204001134,SAEF,7,22,500,10.85,"5,425.00"
2020-12-22,2020122204001133,SAEF,7,58,100,10.84,"1,084.00"
2020-12-22,2020122204001063,SAEF,7,44,"1,000",10.78,"10,780.00"
2020-12-22,2020122204001159,SAND2085,22,21,25,"1,060.00","26,500.00"
2020-12-22,2020122204001158,SAND2085,22,21,25,"1,060.00","26,500.00"
2020-12-22,2020122204001157,SAND2085,22,58,20,"1,050.00","21,000.00"
2020-12-22,2020122204000997,SAND2085,49,58,10,"1,050.00","10,500.00"
2020-12-22,2020122204001114,SEF,52,39,600,10.22,"6,132.00"
2020-12-22,2020122204001101,SEF,14,38,500,10.23,"5,115.00"
2020-12-22,2020122204001078,SEF,14,45,"4,500",10.23,"46,035.00"
2020-12-22,2020122204001077,SEF,14,45,500,10.23,"5,115.00"
2020-12-22,2020122204001058,SEF,14,20,"10,000",10.23,"102,300.00"
2020-12-22,2020122204001045,SEF,14,41,500,10.23,"5,115.00"
2020-12-22,2020122204000925,SEF,41,35,"1,500",10.32,"15,480.00"
2020-12-22,2020122204000924,SEF,41,17,"5,000",10.32,"51,600.00"
2020-12-22,2020122204000923,SEF,41,26,300,10.25,"3,075.00"
2020-12-22,2020122204000841,SEF,14,1,"2,500",10.23,"25,575.00"
2020-12-22,2020122204000977,SEF,14,38,500,10.23,"5,115.00"
2020-12-22,2020122204000930,SEF,41,45,100,10.37,"1,037.00"
2020-12-22,2020122204000929,SEF,41,45,700,10.37,"7,259.00"
2020-12-22,2020122204000928,SEF,41,47,500,10.37,"5,185.00"
2020-12-22,2020122204000927,SEF,41,33,"5,000",10.33,"51,650.00"
2020-12-22,2020122204000926,SEF,41,1,"5,000",10.33,"51,650.00"
2020-12-22,2020122204001251,SFMF,29,10,100,10.39,"1,039.00"
2020-12-22,2020122204001311,SGI,42,38,10,583.00,"5,830.00"
2020-12-22,2020122204001310,SGI,35,45,10,584.00,"5,840.00"
2020-12-22,2020122204001297,SGI,42,38,10,583.00,"5,830.00"
2020-12-22,2020122204001295,SGI,42,38,10,583.00,"5,830.00"
2020-12-22,2020122204001286,SGI,42,36,10,583.00,"5,830.00"
2020-12-22,2020122204001285,SGI,42,42,10,583.00,"5,830.00"
2020-12-22,2020122204000815,SGI,49,56,10,585.00,"5,850.00"
2020-12-22,2020122204000814,SGI,49,25,10,585.00,"5,850.00"
2020-12-22,2020122204000813,SGI,49,3,10,585.00,"5,850.00"
2020-12-22,2020122204000812,SGI,49,56,10,584.00,"5,840.00"
2020-12-22,2020122204000824,SGI,49,54,10,589.00,"5,890.00"
2020-12-22,2020122204000822,SGI,49,48,10,588.00,"5,880.00"
2020-12-22,2020122204000819,SGI,49,33,10,588.00,"5,880.00"
2020-12-22,2020122204000818,SGI,49,40,10,587.00,"5,870.00"
2020-12-22,2020122204000817,SGI,49,57,10,585.00,"5,850.00"
2020-12-22,2020122204000816,SGI,49,21,10,585.00,"5,850.00"
2020-12-22,2020122204000838,SGI,45,36,10,581.00,"5,810.00"
2020-12-22,2020122204000834,SGI,45,28,10,581.00,"5,810.00"
2020-12-22,2020122204000833,SGI,45,34,10,581.00,"5,810.00"
2020-12-22,2020122204000832,SGI,49,42,10,590.00,"5,900.00"
2020-12-22,2020122204000831,SGI,45,26,10,581.00,"5,810.00"
2020-12-22,2020122204000827,SGI,45,26,10,581.00,"5,810.00"
2020-12-22,2020122204000863,SGI,45,38,10,581.00,"5,810.00"
2020-12-22,2020122204000862,SGI,45,13,10,581.00,"5,810.00"
2020-12-22,2020122204000857,SGI,45,44,10,581.00,"5,810.00"
2020-12-22,2020122204000854,SGI,45,13,10,581.00,"5,810.00"
2020-12-22,2020122204000848,SGI,45,50,10,581.00,"5,810.00"
2020-12-22,2020122204000842,SGI,45,58,10,581.00,"5,810.00"
2020-12-22,2020122204000872,SGI,45,13,10,581.00,"5,810.00"
2020-12-22,2020122204000869,SGI,45,42,10,581.00,"5,810.00"
2020-12-22,2020122204000868,SGI,45,13,10,581.00,"5,810.00"
2020-12-22,2020122204000867,SGI,45,49,10,581.00,"5,810.00"
2020-12-22,2020122204000866,SGI,45,16,10,581.00,"5,810.00"
2020-12-22,2020122204000865,SGI,45,13,10,581.00,"5,810.00"
2020-12-22,2020122204000884,SGI,45,13,10,581.00,"5,810.00"
2020-12-22,2020122204000883,SGI,45,16,10,581.00,"5,810.00"
2020-12-22,2020122204000881,SGI,45,13,10,581.00,"5,810.00"
2020-12-22,2020122204000880,SGI,45,57,10,581.00,"5,810.00"
2020-12-22,2020122204000879,SGI,45,43,10,581.00,"5,810.00"
2020-12-22,2020122204000878,SGI,45,43,10,581.00,"5,810.00"
2020-12-22,2020122204000914,SGI,28,35,10,582.00,"5,820.00"
2020-12-22,2020122204000911,SGI,28,39,10,582.00,"5,820.00"
2020-12-22,2020122204000907,SGI,28,17,10,582.00,"5,820.00"
2020-12-22,2020122204000904,SGI,28,58,10,582.00,"5,820.00"
2020-12-22,2020122204000898,SGI,28,58,10,582.00,"5,820.00"
2020-12-22,2020122204000885,SGI,45,13,10,581.00,"5,810.00"
2020-12-22,2020122204000954,SGI,7,57,10,582.00,"5,820.00"
2020-12-22,2020122204000933,SGI,28,35,10,582.00,"5,820.00"
2020-12-22,2020122204000922,SGI,28,17,10,582.00,"5,820.00"
2020-12-22,2020122204000921,SGI,28,58,10,582.00,"5,820.00"
2020-12-22,2020122204000920,SGI,28,29,10,582.00,"5,820.00"
2020-12-22,2020122204000916,SGI,28,40,10,582.00,"5,820.00"
2020-12-22,2020122204000974,SGI,7,38,10,582.00,"5,820.00"
2020-12-22,2020122204000969,SGI,7,14,10,582.00,"5,820.00"
2020-12-22,2020122204000968,SGI,7,58,10,582.00,"5,820.00"
2020-12-22,2020122204000963,SGI,7,49,10,582.00,"5,820.00"
2020-12-22,2020122204000958,SGI,7,56,10,582.00,"5,820.00"
2020-12-22,2020122204000956,SGI,7,47,10,582.00,"5,820.00"
2020-12-22,2020122204000985,SGI,7,38,10,582.00,"5,820.00"
2020-12-22,2020122204000984,SGI,38,29,10,583.00,"5,830.00"
2020-12-22,2020122204000983,SGI,7,58,10,582.00,"5,820.00"
2020-12-22,2020122204000981,SGI,13,1,200,583.00,"116,600.00"
2020-12-22,2020122204000979,SGI,28,38,10,583.00,"5,830.00"
2020-12-22,2020122204000976,SGI,7,38,10,582.00,"5,820.00"
2020-12-22,2020122204001004,SGI,7,21,10,582.00,"5,820.00"
2020-12-22,2020122204000999,SGI,7,57,10,582.00,"5,820.00"
2020-12-22,2020122204000998,SGI,7,10,10,582.00,"5,820.00"
2020-12-22,2020122204000992,SGI,7,49,10,582.00,"5,820.00"
2020-12-22,2020122204000990,SGI,7,38,10,582.00,"5,820.00"
2020-12-22,2020122204000989,SGI,7,47,10,582.00,"5,820.00"
2020-12-22,2020122204001021,SGI,7,16,10,582.00,"5,820.00"
2020-12-22,2020122204001020,SGI,7,35,10,582.00,"5,820.00"
2020-12-22,2020122204001011,SGI,7,7,10,582.00,"5,820.00"
2020-12-22,2020122204001010,SGI,7,41,10,582.00,"5,820.00"
2020-12-22,2020122204001006,SGI,7,40,10,582.00,"5,820.00"
2020-12-22,2020122204001005,SGI,7,45,10,582.00,"5,820.00"
2020-12-22,2020122204001031,SGI,7,58,10,582.00,"5,820.00"
2020-12-22,2020122204001029,SGI,7,45,10,582.00,"5,820.00"
2020-12-22,2020122204001028,SGI,7,59,10,582.00,"5,820.00"
2020-12-22,2020122204001026,SGI,7,21,10,582.00,"5,820.00"
2020-12-22,2020122204001024,SGI,7,34,10,582.00,"5,820.00"
2020-12-22,2020122204001023,SGI,7,16,10,582.00,"5,820.00"
2020-12-22,2020122204001044,SGI,16,38,10,582.00,"5,820.00"
2020-12-22,2020122204001043,SGI,7,21,10,585.00,"5,850.00"
2020-12-22,2020122204001042,SGI,7,21,10,585.00,"5,850.00"
2020-12-22,2020122204001039,SGI,7,45,10,582.00,"5,820.00"
2020-12-22,2020122204001035,SGI,38,18,10,585.00,"5,850.00"
2020-12-22,2020122204001034,SGI,7,49,10,582.00,"5,820.00"
2020-12-22,2020122204001066,SGI,45,47,10,585.00,"5,850.00"
2020-12-22,2020122204001062,SGI,45,39,10,585.00,"5,850.00"
2020-12-22,2020122204001054,SGI,45,42,10,585.00,"5,850.00"
2020-12-22,2020122204001053,SGI,16,36,10,582.00,"5,820.00"
2020-12-22,2020122204001052,SGI,16,58,10,582.00,"5,820.00"
2020-12-22,2020122204001051,SGI,16,4,10,582.00,"5,820.00"
2020-12-22,2020122204001080,SGI,41,14,10,586.00,"5,860.00"
2020-12-22,2020122204001073,SGI,48,44,10,583.00,"5,830.00"
2020-12-22,2020122204001072,SGI,38,53,10,586.00,"5,860.00"
2020-12-22,2020122204001071,SGI,48,18,10,583.00,"5,830.00"
2020-12-22,2020122204001070,SGI,8,38,10,583.00,"5,830.00"
2020-12-22,2020122204001067,SGI,8,26,10,583.00,"5,830.00"
2020-12-22,2020122204001091,SGI,55,34,30,587.00,"17,610.00"
2020-12-22,2020122204001090,SGI,55,25,10,587.00,"5,870.00"
2020-12-22,2020122204001089,SGI,55,57,10,586.00,"5,860.00"
2020-12-22,2020122204001088,SGI,48,18,10,583.00,"5,830.00"
2020-12-22,2020122204001087,SGI,48,38,10,583.00,"5,830.00"
2020-12-22,2020122204001085,SGI,48,45,10,583.00,"5,830.00"
2020-12-22,2020122204001110,SGI,49,36,10,584.00,"5,840.00"
2020-12-22,2020122204001109,SGI,25,48,10,586.00,"5,860.00"
2020-12-22,2020122204001108,SGI,49,56,10,584.00,"5,840.00"
2020-12-22,2020122204001099,SGI,33,50,10,583.00,"5,830.00"
2020-12-22,2020122204001096,SGI,33,45,10,583.00,"5,830.00"
2020-12-22,2020122204001092,SGI,16,38,10,582.00,"5,820.00"
2020-12-22,2020122204001143,SGI,39,55,10,583.00,"5,830.00"
2020-12-22,2020122204001131,SGI,39,17,10,583.00,"5,830.00"
2020-12-22,2020122204001128,SGI,39,38,10,583.00,"5,830.00"
2020-12-22,2020122204001121,SGI,39,38,10,583.00,"5,830.00"
2020-12-22,2020122204001120,SGI,39,14,10,583.00,"5,830.00"
2020-12-22,2020122204001113,SGI,38,49,10,586.00,"5,860.00"
2020-12-22,2020122204001160,SGI,45,14,10,584.00,"5,840.00"
2020-12-22,2020122204001155,SGI,45,38,10,584.00,"5,840.00"
2020-12-22,2020122204001154,SGI,45,7,10,584.00,"5,840.00"
2020-12-22,2020122204001146,SGI,45,41,10,584.00,"5,840.00"
2020-12-22,2020122204001145,SGI,45,54,10,584.00,"5,840.00"
2020-12-22,2020122204001144,SGI,8,18,10,583.00,"5,830.00"
2020-12-22,2020122204001197,SGI,52,38,10,583.00,"5,830.00"
2020-12-22,2020122204001196,SGI,52,10,10,583.00,"5,830.00"
2020-12-22,2020122204001192,SGI,52,38,10,583.00,"5,830.00"
2020-12-22,2020122204001184,SGI,34,52,10,583.00,"5,830.00"
2020-12-22,2020122204001183,SGI,34,45,10,583.00,"5,830.00"
2020-12-22,2020122204001178,SGI,16,52,10,582.00,"5,820.00"
2020-12-22,2020122204001213,SGI,52,52,10,583.00,"5,830.00"
2020-12-22,2020122204001207,SGI,52,38,10,583.00,"5,830.00"
2020-12-22,2020122204001205,SGI,52,6,10,583.00,"5,830.00"
2020-12-22,2020122204001203,SGI,52,10,10,583.00,"5,830.00"
2020-12-22,2020122204001202,SGI,52,45,10,583.00,"5,830.00"
2020-12-22,2020122204001198,SGI,52,8,10,583.00,"5,830.00"
2020-12-22,2020122204001226,SGI,52,41,10,583.00,"5,830.00"
2020-12-22,2020122204001225,SGI,52,55,10,583.00,"5,830.00"
2020-12-22,2020122204001224,SGI,52,38,10,583.00,"5,830.00"
2020-12-22,2020122204001223,SGI,52,40,10,583.00,"5,830.00"
2020-12-22,2020122204001218,SGI,52,58,10,583.00,"5,830.00"
2020-12-22,2020122204001216,SGI,52,29,60,583.00,"34,980.00"
2020-12-22,2020122204001236,SGI,52,38,10,583.00,"5,830.00"
2020-12-22,2020122204001234,SGI,52,44,10,583.00,"5,830.00"
2020-12-22,2020122204001233,SGI,58,57,10,584.00,"5,840.00"
2020-12-22,2020122204001232,SGI,58,53,10,584.00,"5,840.00"
2020-12-22,2020122204001231,SGI,52,10,10,583.00,"5,830.00"
2020-12-22,2020122204001227,SGI,52,58,10,583.00,"5,830.00"
2020-12-22,2020122204001256,SGI,52,17,10,583.00,"5,830.00"
2020-12-22,2020122204001249,SGI,52,10,10,583.00,"5,830.00"
2020-12-22,2020122204001244,SGI,50,50,10,584.00,"5,840.00"
2020-12-22,2020122204001243,SGI,50,14,10,584.00,"5,840.00"
2020-12-22,2020122204001241,SGI,52,52,10,583.00,"5,830.00"
2020-12-22,2020122204001239,SGI,52,55,10,583.00,"5,830.00"
2020-12-22,2020122204001284,SGI,42,5,10,583.00,"5,830.00"
2020-12-22,2020122204001283,SGI,42,29,10,583.00,"5,830.00"
2020-12-22,2020122204001281,SGI,16,39,10,582.00,"5,820.00"
2020-12-22,2020122204001279,SGI,16,52,10,582.00,"5,820.00"
2020-12-22,2020122204001266,SGI,52,52,10,583.00,"5,830.00"
2020-12-22,2020122204001257,SGI,52,59,10,583.00,"5,830.00"
2020-12-22,2020122204001271,STC,58,10,100,"5,200.00","520,000.00"
2020-12-22,2020122204001270,STC,52,10,10,"5,200.00","52,000.00"
2020-12-22,2020122204001269,STC,10,10,20,"5,206.00","104,120.00"
2020-12-22,2020122204001268,STC,58,10,10,"5,220.00","52,200.00"
2020-12-22,2020122204001211,STC,36,22,10,"5,249.00","52,490.00"
2020-12-22,2020122204001106,STC,58,26,50,"5,205.00","260,250.00"
2020-12-22,2020122204001086,STC,57,44,10,"5,249.00","52,490.00"
2020-12-22,2020122204001064,STC,58,59,40,"5,245.00","209,800.00"
2020-12-22,2020122204000860,STC,49,48,10,"5,250.00","52,500.00"
2020-12-22,2020122204000481,BBC,28,7,10,"2,803.00","28,030.00"
2020-12-22,2020122204000437,BBC,28,6,10,"2,803.00","28,030.00"
2020-12-22,2020122204000325,BBC,34,28,10,"2,860.00","28,600.00"
2020-12-22,2020122204000718,CMF1,19,1,500,9.80,"4,900.00"
2020-12-22,2020122204000717,CMF1,25,1,"1,000",9.81,"9,810.00"
2020-12-22,2020122204000808,GIC,10,42,10,557.00,"5,570.00"
2020-12-22,2020122204000807,GIC,10,26,10,557.00,"5,570.00"
2020-12-22,2020122204000806,GIC,10,21,10,557.00,"5,570.00"
2020-12-22,2020122204000783,GIC,22,8,10,556.00,"5,560.00"
2020-12-22,2020122204000773,GIC,22,56,10,556.00,"5,560.00"
2020-12-22,2020122204000759,GIC,22,51,10,556.00,"5,560.00"
2020-12-22,2020122204000312,GIC,7,21,10,562.00,"5,620.00"
2020-12-22,2020122204000330,GIC,7,52,10,562.00,"5,620.00"
2020-12-22,2020122204000328,GIC,7,10,10,562.00,"5,620.00"
2020-12-22,2020122204000323,GIC,7,29,100,562.00,"56,200.00"
2020-12-22,2020122204000318,GIC,7,38,10,562.00,"5,620.00"
2020-12-22,2020122204000317,GIC,7,45,10,562.00,"5,620.00"
2020-12-22,2020122204000314,GIC,7,45,10,562.00,"5,620.00"
2020-12-22,2020122204000346,GIC,1,49,10,563.00,"5,630.00"
2020-12-22,2020122204000343,GIC,7,40,10,562.00,"5,620.00"
2020-12-22,2020122204000341,GIC,7,36,10,562.00,"5,620.00"
2020-12-22,2020122204000340,GIC,7,36,10,562.00,"5,620.00"
2020-12-22,2020122204000335,GIC,7,45,10,562.00,"5,620.00"
2020-12-22,2020122204000334,GIC,7,25,10,562.00,"5,620.00"
2020-12-22,2020122204000355,GIC,52,38,90,562.00,"50,580.00"
2020-12-22,2020122204000354,GIC,49,38,200,562.00,"112,400.00"
2020-12-22,2020122204000353,GIC,7,38,250,562.00,"140,500.00"
2020-12-22,2020122204000350,GIC,7,17,10,562.00,"5,620.00"
2020-12-22,2020122204000349,GIC,7,11,10,562.00,"5,620.00"
2020-12-22,2020122204000347,GIC,1,35,20,563.00,"11,260.00"
2020-12-22,2020122204000367,GIC,49,14,10,561.00,"5,610.00"
2020-12-22,2020122204000366,GIC,49,57,10,561.00,"5,610.00"
2020-12-22,2020122204000361,GIC,49,45,10,561.00,"5,610.00"
2020-12-22,2020122204000359,GIC,49,10,10,561.00,"5,610.00"
2020-12-22,2020122204000358,GIC,49,38,10,561.00,"5,610.00"
2020-12-22,2020122204000356,GIC,13,38,150,562.00,"84,300.00"
2020-12-22,2020122204000389,GIC,49,51,10,561.00,"5,610.00"
2020-12-22,2020122204000386,GIC,49,10,10,561.00,"5,610.00"
2020-12-22,2020122204000382,GIC,49,39,10,561.00,"5,610.00"
2020-12-22,2020122204000378,GIC,49,58,10,561.00,"5,610.00"
2020-12-22,2020122204000372,GIC,49,34,10,561.00,"5,610.00"
2020-12-22,2020122204000370,GIC,49,36,10,561.00,"5,610.00"
2020-12-22,2020122204000400,GIC,51,35,20,563.00,"11,260.00"
2020-12-22,2020122204000397,GIC,49,25,10,561.00,"5,610.00"
2020-12-22,2020122204000394,GIC,58,58,10,562.00,"5,620.00"
2020-12-22,2020122204000393,GIC,58,38,20,562.00,"11,240.00"
2020-12-22,2020122204000392,GIC,49,25,10,561.00,"5,610.00"
2020-12-22,2020122204000390,GIC,49,39,10,561.00,"5,610.00"
2020-12-22,2020122204000412,GIC,49,50,10,561.00,"5,610.00"
2020-12-22,2020122204000407,GIC,49,10,10,561.00,"5,610.00"
2020-12-22,2020122204000406,GIC,49,58,10,561.00,"5,610.00"
2020-12-22,2020122204000405,GIC,49,28,10,561.00,"5,610.00"
2020-12-22,2020122204000404,GIC,49,22,10,561.00,"5,610.00"
2020-12-22,2020122204000401,GIC,49,45,10,561.00,"5,610.00"
2020-12-22,2020122204000426,GIC,49,1,10,561.00,"5,610.00"
2020-12-22,2020122204000420,GIC,49,10,10,561.00,"5,610.00"
2020-12-22,2020122204000419,GIC,49,39,10,561.00,"5,610.00"
2020-12-22,2020122204000416,GIC,49,59,10,561.00,"5,610.00"
2020-12-22,2020122204000415,GIC,49,42,10,561.00,"5,610.00"
2020-12-22,2020122204000414,GIC,49,57,10,561.00,"5,610.00"
2020-12-22,2020122204000443,GIC,49,25,10,561.00,"5,610.00"
2020-12-22,2020122204000438,GIC,49,58,10,561.00,"5,610.00"
2020-12-22,2020122204000433,GIC,49,48,10,561.00,"5,610.00"
2020-12-22,2020122204000430,GIC,49,10,10,561.00,"5,610.00"
2020-12-22,2020122204000429,GIC,49,25,10,561.00,"5,610.00"
2020-12-22,2020122204000427,GIC,49,25,10,561.00,"5,610.00"
2020-12-22,2020122204000464,GIC,49,39,10,561.00,"5,610.00"
2020-12-22,2020122204000461,GIC,49,10,10,561.00,"5,610.00"
2020-12-22,2020122204000449,GIC,49,10,10,561.00,"5,610.00"
2020-12-22,2020122204000447,GIC,49,26,10,561.00,"5,610.00"
2020-12-22,2020122204000446,GIC,49,36,10,561.00,"5,610.00"
2020-12-22,2020122204000444,GIC,49,10,10,561.00,"5,610.00"
2020-12-22,2020122204000477,GIC,49,26,10,561.00,"5,610.00"
2020-12-22,2020122204000476,GIC,51,26,10,562.00,"5,620.00"
2020-12-22,2020122204000471,GIC,51,44,10,562.00,"5,620.00"
2020-12-22,2020122204000470,GIC,51,36,10,562.00,"5,620.00"
2020-12-22,2020122204000467,GIC,49,10,10,561.00,"5,610.00"
2020-12-22,2020122204000466,GIC,49,37,10,561.00,"5,610.00"
2020-12-22,2020122204000492,GIC,49,40,10,561.00,"5,610.00"
2020-12-22,2020122204000490,GIC,49,38,10,561.00,"5,610.00"
2020-12-22,2020122204000487,GIC,49,10,10,561.00,"5,610.00"
2020-12-22,2020122204000486,GIC,49,38,10,561.00,"5,610.00"
2020-12-22,2020122204000485,GIC,49,10,10,561.00,"5,610.00"
2020-12-22,2020122204000479,GIC,49,10,10,561.00,"5,610.00"
2020-12-22,2020122204000506,GIC,49,16,10,561.00,"5,610.00"
2020-12-22,2020122204000503,GIC,49,47,10,561.00,"5,610.00"
2020-12-22,2020122204000500,GIC,49,38,10,561.00,"5,610.00"
2020-12-22,2020122204000499,GIC,49,40,10,561.00,"5,610.00"
2020-12-22,2020122204000498,GIC,49,39,10,561.00,"5,610.00"
2020-12-22,2020122204000494,GIC,49,10,10,561.00,"5,610.00"
2020-12-22,2020122204000516,GIC,49,11,10,561.00,"5,610.00"
2020-12-22,2020122204000515,GIC,49,41,10,561.00,"5,610.00"
2020-12-22,2020122204000514,GIC,49,44,10,561.00,"5,610.00"
2020-12-22,2020122204000512,GIC,49,56,10,561.00,"5,610.00"
2020-12-22,2020122204000508,GIC,49,36,10,561.00,"5,610.00"
2020-12-22,2020122204000507,GIC,49,47,10,561.00,"5,610.00"
2020-12-22,2020122204000531,GIC,45,10,10,560.00,"5,600.00"
2020-12-22,2020122204000530,GIC,45,10,10,560.00,"5,600.00"
2020-12-22,2020122204000525,GIC,45,41,10,560.00,"5,600.00"
2020-12-22,2020122204000520,GIC,38,57,50,561.00,"28,050.00"
2020-12-22,2020122204000519,GIC,57,57,100,561.00,"56,100.00"
2020-12-22,2020122204000518,GIC,49,57,90,561.00,"50,490.00"
2020-12-22,2020122204000545,GIC,45,43,10,560.00,"5,600.00"
2020-12-22,2020122204000544,GIC,45,20,10,560.00,"5,600.00"
2020-12-22,2020122204000539,GIC,45,45,10,560.00,"5,600.00"
2020-12-22,2020122204000538,GIC,45,55,10,560.00,"5,600.00"
2020-12-22,2020122204000536,GIC,45,10,10,560.00,"5,600.00"
2020-12-22,2020122204000532,GIC,45,38,10,560.00,"5,600.00"
2020-12-22,2020122204000558,GIC,45,6,15,560.00,"8,400.00"
2020-12-22,2020122204000555,GIC,45,54,10,560.00,"5,600.00"
2020-12-22,2020122204000553,GIC,45,55,10,560.00,"5,600.00"
2020-12-22,2020122204000551,GIC,45,39,10,560.00,"5,600.00"
2020-12-22,2020122204000549,GIC,45,38,10,560.00,"5,600.00"
2020-12-22,2020122204000546,GIC,45,13,10,560.00,"5,600.00"
2020-12-22,2020122204000565,GIC,38,50,10,560.00,"5,600.00"
2020-12-22,2020122204000563,GIC,38,58,10,560.00,"5,600.00"
2020-12-22,2020122204000562,GIC,38,10,10,560.00,"5,600.00"
2020-12-22,2020122204000561,GIC,38,58,10,560.00,"5,600.00"
2020-12-22,2020122204000560,GIC,38,6,135,560.00,"75,600.00"
2020-12-22,2020122204000559,GIC,54,6,100,560.00,"56,000.00"
2020-12-22,2020122204000579,GIC,57,38,10,555.00,"5,550.00"
2020-12-22,2020122204000576,GIC,45,36,10,558.00,"5,580.00"
2020-12-22,2020122204000574,GIC,45,36,10,558.00,"5,580.00"
2020-12-22,2020122204000569,GIC,38,33,10,560.00,"5,600.00"
2020-12-22,2020122204000568,GIC,38,45,10,560.00,"5,600.00"
2020-12-22,2020122204000566,GIC,42,57,35,561.00,"19,635.00"
2020-12-22,2020122204000586,GIC,52,40,10,555.00,"5,550.00"
2020-12-22,2020122204000584,GIC,38,35,5,560.00,"2,800.00"
2020-12-22,2020122204000583,GIC,57,25,10,555.00,"5,550.00"
2020-12-22,2020122204000582,GIC,57,36,10,555.00,"5,550.00"
2020-12-22,2020122204000581,GIC,57,29,10,555.00,"5,550.00"
2020-12-22,2020122204000580,GIC,57,58,10,555.00,"5,550.00"
2020-12-22,2020122204000600,GIC,38,57,10,559.00,"5,590.00"
2020-12-22,2020122204000597,GIC,38,41,10,559.00,"5,590.00"
2020-12-22,2020122204000594,GIC,52,10,10,555.00,"5,550.00"
2020-12-22,2020122204000593,GIC,52,14,10,555.00,"5,550.00"
2020-12-22,2020122204000591,GIC,52,36,10,555.00,"5,550.00"
2020-12-22,2020122204000589,GIC,52,10,10,555.00,"5,550.00"
2020-12-22,2020122204000618,GIC,38,6,10,559.00,"5,590.00"
2020-12-22,2020122204000608,GIC,38,58,10,559.00,"5,590.00"
2020-12-22,2020122204000607,GIC,58,38,10,560.00,"5,600.00"
2020-12-22,2020122204000606,GIC,58,49,10,560.00,"5,600.00"
2020-12-22,2020122204000605,GIC,58,41,10,560.00,"5,600.00"
2020-12-22,2020122204000604,GIC,58,26,10,560.00,"5,600.00"
2020-12-22,2020122204000632,GIC,38,51,10,559.00,"5,590.00"
2020-12-22,2020122204000631,GIC,38,28,10,559.00,"5,590.00"
2020-12-22,2020122204000627,GIC,38,28,10,559.00,"5,590.00"
2020-12-22,2020122204000626,GIC,38,57,10,559.00,"5,590.00"
2020-12-22,2020122204000621,GIC,38,57,10,559.00,"5,590.00"
2020-12-22,2020122204000619,GIC,38,58,10,559.00,"5,590.00"
2020-12-22,2020122204000657,GIC,38,38,10,559.00,"5,590.00"
2020-12-22,2020122204000656,GIC,38,22,10,559.00,"5,590.00"
2020-12-22,2020122204000655,GIC,38,28,10,559.00,"5,590.00"
2020-12-22,2020122204000653,GIC,38,49,10,559.00,"5,590.00"
2020-12-22,2020122204000651,GIC,38,8,10,559.00,"5,590.00"
2020-12-22,2020122204000649,GIC,38,58,10,559.00,"5,590.00"
2020-12-22,2020122204000672,GIC,55,6,10,558.00,"5,580.00"
2020-12-22,2020122204000666,GIC,35,55,10,559.00,"5,590.00"
2020-12-22,2020122204000663,GIC,38,56,10,559.00,"5,590.00"
2020-12-22,2020122204000662,GIC,38,38,10,559.00,"5,590.00"
2020-12-22,2020122204000660,GIC,38,58,10,559.00,"5,590.00"
2020-12-22,2020122204000658,GIC,38,46,10,559.00,"5,590.00"
2020-12-22,2020122204000687,GIC,45,14,80,558.00,"44,640.00"
2020-12-22,2020122204000685,GIC,55,45,10,557.00,"5,570.00"
2020-12-22,2020122204000683,GIC,55,46,10,557.00,"5,570.00"
2020-12-22,2020122204000682,GIC,55,14,70,558.00,"39,060.00"
2020-12-22,2020122204000681,GIC,55,13,10,558.00,"5,580.00"
2020-12-22,2020122204000676,GIC,55,34,10,558.00,"5,580.00"
2020-12-22,2020122204000703,GIC,55,51,10,557.00,"5,570.00"
2020-12-22,2020122204000702,GIC,55,43,10,557.00,"5,570.00"
2020-12-22,2020122204000697,GIC,55,25,10,557.00,"5,570.00"
2020-12-22,2020122204000696,GIC,55,58,10,557.00,"5,570.00"
2020-12-22,2020122204000695,GIC,55,25,10,557.00,"5,570.00"
2020-12-22,2020122204000691,GIC,55,13,10,557.00,"5,570.00"
2020-12-22,2020122204000721,GIC,22,32,10,556.00,"5,560.00"
2020-12-22,2020122204000719,GIC,22,50,10,556.00,"5,560.00"
2020-12-22,2020122204000713,GIC,22,49,10,556.00,"5,560.00"
2020-12-22,2020122204000711,GIC,22,59,10,556.00,"5,560.00"
2020-12-22,2020122204000709,GIC,55,45,10,557.00,"5,570.00"
2020-12-22,2020122204000704,GIC,55,13,10,557.00,"5,570.00"
2020-12-22,2020122204000758,GIC,22,16,10,556.00,"5,560.00"
2020-12-22,2020122204000756,GIC,22,40,10,556.00,"5,560.00"
2020-12-22,2020122204000739,GIC,22,35,10,556.00,"5,560.00"
2020-12-22,2020122204000738,GIC,21,56,10,557.00,"5,570.00"
2020-12-22,2020122204000737,GIC,21,56,10,557.00,"5,570.00"
2020-12-22,2020122204000727,GIC,22,42,10,556.00,"5,560.00"
2020-12-22,2020122204000710,GIMES1,26,10,"10,000",11.01,"110,100.00"
2020-12-22,2020122204000729,LEMF,17,25,"18,800",9.80,"184,240.00"
2020-12-22,2020122204000513,LEMF,34,17,"2,500",9.89,"24,725.00"
2020-12-22,2020122204000432,LEMF,17,33,"31,200",9.80,"305,760.00"
2020-12-22,2020122204000809,LUK,53,58,200,9.15,"1,830.00"
2020-12-22,2020122204000764,LUK,34,51,100,9.20,920.00
2020-12-22,2020122204000705,LUK,34,34,100,9.20,920.00
2020-12-22,2020122204000684,LUK,34,6,400,9.20,"3,680.00"
2020-12-22,2020122204000599,LUK,29,13,300,9.15,"2,745.00"
2020-12-22,2020122204000524,LUK,29,57,"1,000",9.15,"9,150.00"
2020-12-22,2020122204000452,LUK,29,6,100,9.15,915.00
2020-12-22,2020122204000399,LUK,58,45,200,9.10,"1,820.00"
2020-12-22,2020122204000395,LUK,55,11,100,9.20,920.00
2020-12-22,2020122204000761,NBF2,14,47,200,9.75,"1,950.00"
2020-12-22,2020122204000760,NBF2,14,35,100,9.74,974.00
2020-12-22,2020122204000726,NBF2,58,35,"1,400",9.74,"13,636.00"
2020-12-22,2020122204000725,NBF2,58,35,100,9.71,971.00
2020-12-22,2020122204000724,NBF2,58,47,100,9.60,960.00
2020-12-22,2020122204000342,NBF2,42,6,100,9.42,942.00
2020-12-22,2020122204000542,NBF2,45,58,700,9.55,"6,685.00"
2020-12-22,2020122204000475,NBF2,35,58,"9,300",9.55,"88,815.00"
2020-12-22,2020122204000474,NBF2,35,40,500,9.54,"4,770.00"
2020-12-22,2020122204000473,NBF2,35,19,200,9.54,"1,908.00"
2020-12-22,2020122204000772,NEF,21,52,"1,746",9.80,"17,110.80"
2020-12-22,2020122204000771,NEF,21,3,"1,690",9.80,"16,562.00"
2020-12-22,2020122204000770,NEF,21,49,"3,380",9.80,"33,124.00"
2020-12-22,2020122204000769,NEF,21,11,"3,046",9.80,"29,850.80"
2020-12-22,2020122204000734,NEF,42,42,"11,896",9.76,"116,104.96"
2020-12-22,2020122204000723,NEF,6,22,"2,414",9.75,"23,536.50"
2020-12-22,2020122204000557,NEF,59,54,"2,380",9.73,"23,157.40"
2020-12-22,2020122204000556,NEF,21,54,"1,000",9.73,"9,730.00"
2020-12-22,2020122204000522,NEF,52,42,483,9.74,"4,704.42"
2020-12-22,2020122204000398,NEF,10,52,"1,931",9.72,"18,769.32"
2020-12-22,2020122204000348,NEF,10,39,"2,414",9.72,"23,464.08"
2020-12-22,2020122204000700,NEF,6,44,"2,242",9.75,"21,859.50"
2020-12-22,2020122204000699,NEF,6,44,172,9.75,"1,677.00"
2020-12-22,2020122204000689,NEF,35,11,"2,586",9.80,"25,342.80"
2020-12-22,2020122204000688,NEF,35,26,"2,414",9.80,"23,657.20"
2020-12-22,2020122204000668,NEF,6,44,"2,414",9.75,"23,536.50"
2020-12-22,2020122204000633,NEF,6,44,"2,414",9.75,"23,536.50"
2020-12-22,2020122204000781,NIBLPF,52,22,"1,010",9.95,"10,049.50"
2020-12-22,2020122204000765,NIBLPF,42,42,"10,041",9.92,"99,606.72"
2020-12-22,2020122204000638,NIBLPF,6,44,"2,525",9.90,"24,997.50"
2020-12-22,2020122204000804,NIBPO,36,20,"1,500",452.00,"678,000.00"
2020-12-22,2020122204000803,NIBPO,36,42,183,452.00,"82,716.00"
2020-12-22,2020122204000802,NIBPO,36,4,"5,000",451.00,"2,255,000.00"
2020-12-22,2020122204000801,NIBPO,50,58,500,450.00,"225,000.00"
2020-12-22,2020122204000800,NIBPO,50,57,768,450.00,"345,600.00"
2020-12-22,2020122204000799,NIBPO,50,17,"1,000",450.00,"450,000.00"
2020-12-22,2020122204000602,NIBPO,17,49,500,443.00,"221,500.00"
2020-12-22,2020122204000743,NIBPO,1,35,246,442.00,"108,732.00"
2020-12-22,2020122204000742,NIBPO,58,35,50,443.00,"22,150.00"
2020-12-22,2020122204000741,NIBPO,8,35,500,443.00,"221,500.00"
2020-12-22,2020122204000740,NIBPO,36,35,"1,607",443.00,"711,901.00"
2020-12-22,2020122204000698,NIBPO,36,36,393,443.00,"174,099.00"
2020-12-22,2020122204000603,NIBPO,1,49,254,442.00,"112,268.00"
2020-12-22,2020122204000749,NIBPO,58,35,"10,000",442.00,"4,420,000.00"
2020-12-22,2020122204000748,NIBPO,58,35,"10,000",442.00,"4,420,000.00"
2020-12-22,2020122204000747,NIBPO,58,35,"5,000",442.00,"2,210,000.00"
2020-12-22,2020122204000746,NIBPO,58,35,"10,000",442.00,"4,420,000.00"
2020-12-22,2020122204000745,NIBPO,8,35,500,442.00,"221,000.00"
2020-12-22,2020122204000744,NIBPO,1,35,500,442.00,"221,000.00"
2020-12-22,2020122204000755,NIBPO,58,35,"18,097",442.00,"7,998,874.00"
2020-12-22,2020122204000754,NIBPO,58,35,"5,000",442.00,"2,210,000.00"
2020-12-22,2020122204000753,NIBPO,58,35,"10,000",442.00,"4,420,000.00"
2020-12-22,2020122204000752,NIBPO,58,35,"1,000",442.00,"442,000.00"
2020-12-22,2020122204000751,NIBPO,58,35,"2,500",442.00,"1,105,000.00"
2020-12-22,2020122204000750,NIBPO,58,35,"25,000",442.00,"11,050,000.00"
2020-12-22,2020122204000784,NIBPO,58,42,"50,000",442.00,"22,100,000.00"
2020-12-22,2020122204000779,NIBPO,58,35,"28,597",442.00,"12,639,874.00"
2020-12-22,2020122204000778,NIBPO,58,35,"2,500",442.00,"1,105,000.00"
2020-12-22,2020122204000777,NIBPO,58,35,"10,000",442.00,"4,420,000.00"
2020-12-22,2020122204000776,NIBPO,58,35,"6,903",442.00,"3,051,126.00"
2020-12-22,2020122204000775,NIBPO,8,35,"2,000",443.00,"886,000.00"
2020-12-22,2020122204000790,NIBPO,58,35,100,442.00,"44,200.00"
2020-12-22,2020122204000789,NIBPO,58,35,"6,403",442.00,"2,830,126.00"
2020-12-22,2020122204000788,NIBPO,8,35,"1,000",443.00,"443,000.00"
2020-12-22,2020122204000787,NIBPO,8,35,"1,000",443.00,"443,000.00"
2020-12-22,2020122204000786,NIBPO,3,35,500,443.00,"221,500.00"
2020-12-22,2020122204000785,NIBPO,58,35,"2,000",444.00,"888,000.00"
2020-12-22,2020122204000798,NIBPO,50,38,41,449.00,"18,409.00"
2020-12-22,2020122204000797,NIBPO,50,43,100,448.00,"44,800.00"
2020-12-22,2020122204000795,NIBPO,58,35,"8,897",442.00,"3,932,474.00"
2020-12-22,2020122204000793,NIBPO,58,35,"5,000",442.00,"2,210,000.00"
2020-12-22,2020122204000792,NIBPO,35,35,"25,000",442.00,"11,050,000.00"
2020-12-22,2020122204000791,NIBPO,56,35,100,442.00,"44,200.00"
2020-12-22,2020122204000491,NIBSF1,26,49,"3,478",11.28,"39,231.84"
2020-12-22,2020122204000489,NIBSF1,26,17,"3,000",11.27,"33,810.00"
2020-12-22,2020122204000431,NIBSF1,45,17,"1,000",11.27,"11,270.00"
2020-12-22,2020122204000424,NIBSF1,45,17,"1,000",11.27,"11,270.00"
2020-12-22,2020122204000774,NICBF,42,42,"10,000",10.11,"101,100.00"
2020-12-22,2020122204000766,NICBF,14,56,"4,700",10.23,"48,081.00"
2020-12-22,2020122204000762,NICBF,17,51,150,10.10,"1,515.00"
2020-12-22,2020122204000675,NICBF,14,56,"10,000",10.20,"102,000.00"
2020-12-22,2020122204000674,NICBF,14,47,100,10.20,"1,020.00"
2020-12-22,2020122204000673,NICBF,14,13,"2,000",10.18,"20,360.00"
2020-12-22,2020122204000612,NICBF,17,50,200,10.05,"2,010.00"
2020-12-22,2020122204000596,NICBF,17,13,500,10.05,"5,025.00"
2020-12-22,2020122204000570,NICBF,17,40,100,10.05,"1,005.00"
2020-12-22,2020122204000636,NICGF,6,1,"2,000",10.26,"20,520.00"
2020-12-22,2020122204000610,NICGF,6,58,250,10.26,"2,565.00"
2020-12-22,2020122204000609,NICGF,35,58,250,10.26,"2,565.00"
2020-12-22,2020122204000511,NICGF,35,40,"1,000",10.26,"10,260.00"
2020-12-22,2020122204000441,NICGF,35,33,400,10.26,"4,104.00"
2020-12-22,2020122204000440,NICGF,45,33,"5,000",10.26,"51,300.00"
2020-12-22,2020122204000439,NICGF,45,33,"5,000",10.26,"51,300.00"
2020-12-22,2020122204000373,NICGF,35,49,"1,000",10.26,"10,260.00"
2020-12-22,2020122204000364,NICGF,35,52,500,10.26,"5,130.00"
2020-12-22,2020122204000363,NICGF,35,43,"1,000",10.26,"10,260.00"
2020-12-22,2020122204000362,NICGF,17,8,"1,000",10.25,"10,250.00"
2020-12-22,2020122204000757,NMB50,3,51,100,9.96,996.00
2020-12-22,2020122204000639,NMB50,3,13,500,9.96,"4,980.00"
2020-12-22,2020122204000529,NMB50,17,32,"1,000",9.95,"9,950.00"
2020-12-22,2020122204000526,NMB50,47,32,500,9.98,"4,990.00"
2020-12-22,2020122204000715,NMBHF1,17,52,"1,570",9.90,"15,543.00"
2020-12-22,2020122204000714,NMBHF1,59,52,"2,591",9.91,"25,676.81"
2020-12-22,2020122204000690,RBCLPO,28,45,10,"13,500.00","135,000.00"
2020-12-22,2020122204000617,RBCLPO,28,59,30,"13,524.00","405,720.00"
2020-12-22,2020122204000616,RBCLPO,28,59,10,"13,524.00","135,240.00"
2020-12-22,2020122204000615,RBCLPO,17,59,10,"13,524.00","135,240.00"
2020-12-22,2020122204000614,RBCLPO,28,59,20,"13,526.00","270,520.00"
2020-12-22,2020122204000613,RBCLPO,28,59,30,"13,526.00","405,780.00"
2020-12-22,2020122204000510,RBCLPO,42,6,10,"13,800.00","138,000.00"
2020-12-22,2020122204000410,RBCLPO,6,33,10,"13,530.00","135,300.00"
2020-12-22,2020122204000736,SAEF,6,1,500,10.71,"5,355.00"
2020-12-22,2020122204000735,SAEF,47,1,500,10.71,"5,355.00"
2020-12-22,2020122204000720,SAEF,17,32,"1,500",10.81,"16,215.00"
2020-12-22,2020122204000460,SAEF,58,33,"33,305",10.60,"353,033.00"
2020-12-22,2020122204000459,SAEF,56,33,"10,000",10.60,"106,000.00"
2020-12-22,2020122204000458,SAEF,58,33,"4,500",10.60,"47,700.00"
2020-12-22,2020122204000339,SAEF,29,52,500,10.80,"5,400.00"
2020-12-22,2020122204000457,SAEF,17,33,"50,000",10.75,"537,500.00"
2020-12-22,2020122204000456,SAEF,7,33,"6,000",10.76,"64,560.00"
2020-12-22,2020122204000455,SAEF,47,33,500,10.77,"5,385.00"
2020-12-22,2020122204000454,SAEF,29,33,"2,500",10.80,"27,000.00"
2020-12-22,2020122204000381,SAEF,29,52,"1,000",10.80,"10,800.00"
2020-12-22,2020122204000379,SAEF,29,56,"1,000",10.80,"10,800.00"
2020-12-22,2020122204000810,SEF,42,32,"2,000",10.31,"20,620.00"
2020-12-22,2020122204000733,SEF,14,49,"1,000",10.23,"10,230.00"
2020-12-22,2020122204000670,SEF,52,41,200,10.22,"2,044.00"
2020-12-22,2020122204000402,SEF,14,52,"1,000",10.20,"10,200.00"
2020-12-22,2020122204000360,SEF,29,56,"2,000",10.22,"20,440.00"
2020-12-22,2020122204000352,SEF,49,6,"5,000",10.17,"50,850.00"
2020-12-22,2020122204000811,SGI,49,44,10,583.00,"5,830.00"
2020-12-22,2020122204000805,SGI,45,42,10,581.00,"5,810.00"
2020-12-22,2020122204000796,SGI,41,49,10,582.00,"5,820.00"
2020-12-22,2020122204000794,SGI,41,21,10,582.00,"5,820.00"
2020-12-22,2020122204000780,SGI,41,21,10,582.00,"5,820.00"
2020-12-22,2020122204000768,SGI,41,36,10,582.00,"5,820.00"
2020-12-22,2020122204000320,SGI,1,49,10,589.00,"5,890.00"
2020-12-22,2020122204000319,SGI,43,45,10,585.00,"5,850.00"
2020-12-22,2020122204000316,SGI,42,10,10,586.00,"5,860.00"
2020-12-22,2020122204000315,SGI,1,14,10,587.00,"5,870.00"
2020-12-22,2020122204000313,SGI,42,10,10,586.00,"5,860.00"
2020-12-22,2020122204000329,SGI,43,48,10,585.00,"5,850.00"
2020-12-22,2020122204000327,SGI,43,38,10,585.00,"5,850.00"
2020-12-22,2020122204000326,SGI,43,10,10,585.00,"5,850.00"
2020-12-22,2020122204000324,SGI,43,45,10,585.00,"5,850.00"
2020-12-22,2020122204000322,SGI,43,10,10,585.00,"5,850.00"
2020-12-22,2020122204000321,SGI,1,36,10,589.00,"5,890.00"
2020-12-22,2020122204000338,SGI,43,26,10,585.00,"5,850.00"
2020-12-22,2020122204000337,SGI,43,26,10,585.00,"5,850.00"
2020-12-22,2020122204000336,SGI,43,45,10,585.00,"5,850.00"
2020-12-22,2020122204000333,SGI,43,44,10,585.00,"5,850.00"
2020-12-22,2020122204000332,SGI,43,25,10,585.00,"5,850.00"
2020-12-22,2020122204000331,SGI,43,45,10,585.00,"5,850.00"
2020-12-22,2020122204000368,SGI,58,10,10,586.00,"5,860.00"
2020-12-22,2020122204000365,SGI,58,41,10,586.00,"5,860.00"
2020-12-22,2020122204000357,SGI,35,16,10,585.00,"5,850.00"
2020-12-22,2020122204000351,SGI,17,48,10,585.00,"5,850.00"
2020-12-22,2020122204000345,SGI,43,52,10,585.00,"5,850.00"
2020-12-22,2020122204000344,SGI,43,54,10,585.00,"5,850.00"
2020-12-22,2020122204000377,SGI,35,57,10,585.00,"5,850.00"
2020-12-22,2020122204000376,SGI,35,21,10,585.00,"5,850.00"
2020-12-22,2020122204000375,SGI,35,25,10,585.00,"5,850.00"
2020-12-22,2020122204000374,SGI,35,10,10,585.00,"5,850.00"
2020-12-22,2020122204000371,SGI,1,50,10,587.00,"5,870.00"
2020-12-22,2020122204000369,SGI,58,57,10,586.00,"5,860.00"
2020-12-22,2020122204000388,SGI,52,25,10,585.00,"5,850.00"
2020-12-22,2020122204000387,SGI,35,49,10,585.00,"5,850.00"
2020-12-22,2020122204000385,SGI,35,58,10,585.00,"5,850.00"
2020-12-22,2020122204000384,SGI,35,57,10,585.00,"5,850.00"
2020-12-22,2020122204000383,SGI,35,10,10,585.00,"5,850.00"
2020-12-22,2020122204000380,SGI,35,10,10,585.00,"5,850.00"
2020-12-22,2020122204000411,SGI,1,58,10,585.00,"5,850.00"
2020-12-22,2020122204000409,SGI,1,25,10,585.00,"5,850.00"
2020-12-22,2020122204000408,SGI,1,10,10,585.00,"5,850.00"
2020-12-22,2020122204000403,SGI,1,45,10,585.00,"5,850.00"
2020-12-22,2020122204000396,SGI,1,38,10,585.00,"5,850.00"
2020-12-22,2020122204000391,SGI,52,10,10,585.00,"5,850.00"
2020-12-22,2020122204000423,SGI,1,39,10,585.00,"5,850.00"
2020-12-22,2020122204000422,SGI,1,42,10,585.00,"5,850.00"
2020-12-22,2020122204000421,SGI,1,42,10,585.00,"5,850.00"
2020-12-22,2020122204000418,SGI,56,5,10,586.00,"5,860.00"
2020-12-22,2020122204000417,SGI,56,42,10,586.00,"5,860.00"
2020-12-22,2020122204000413,SGI,1,58,10,585.00,"5,850.00"
2020-12-22,2020122204000442,SGI,1,10,10,585.00,"5,850.00"
2020-12-22,2020122204000436,SGI,1,25,10,585.00,"5,850.00"
2020-12-22,2020122204000435,SGI,1,43,10,585.00,"5,850.00"
2020-12-22,2020122204000434,SGI,1,1,10,585.00,"5,850.00"
2020-12-22,2020122204000428,SGI,1,10,10,585.00,"5,850.00"
2020-12-22,2020122204000425,SGI,1,43,10,585.00,"5,850.00"
2020-12-22,2020122204000462,SGI,38,10,10,582.00,"5,820.00"
2020-12-22,2020122204000453,SGI,38,45,10,582.00,"5,820.00"
2020-12-22,2020122204000451,SGI,1,41,10,585.00,"5,850.00"
2020-12-22,2020122204000450,SGI,1,26,10,585.00,"5,850.00"
2020-12-22,2020122204000448,SGI,1,36,10,585.00,"5,850.00"
2020-12-22,2020122204000445,SGI,1,25,10,585.00,"5,850.00"
2020-12-22,2020122204000478,SGI,38,10,10,582.00,"5,820.00"
2020-12-22,2020122204000472,SGI,39,6,10,582.00,"5,820.00"
2020-12-22,2020122204000469,SGI,39,17,10,582.00,"5,820.00"
2020-12-22,2020122204000468,SGI,38,58,10,582.00,"5,820.00"
2020-12-22,2020122204000465,SGI,38,10,10,582.00,"5,820.00"
2020-12-22,2020122204000463,SGI,38,54,10,582.00,"5,820.00"
2020-12-22,2020122204000493,SGI,6,10,10,582.00,"5,820.00"
2020-12-22,2020122204000488,SGI,6,58,10,582.00,"5,820.00"
2020-12-22,2020122204000484,SGI,6,36,10,582.00,"5,820.00"
2020-12-22,2020122204000483,SGI,6,13,10,582.00,"5,820.00"
2020-12-22,2020122204000482,SGI,6,39,10,582.00,"5,820.00"
2020-12-22,2020122204000480,SGI,38,45,10,582.00,"5,820.00"
2020-12-22,2020122204000504,SGI,43,36,10,582.00,"5,820.00"
2020-12-22,2020122204000502,SGI,6,10,10,582.00,"5,820.00"
2020-12-22,2020122204000501,SGI,6,40,10,582.00,"5,820.00"
2020-12-22,2020122204000497,SGI,6,43,10,582.00,"5,820.00"
2020-12-22,2020122204000496,SGI,6,45,10,582.00,"5,820.00"
2020-12-22,2020122204000495,SGI,6,10,10,582.00,"5,820.00"
2020-12-22,2020122204000527,SGI,43,41,10,582.00,"5,820.00"
2020-12-22,2020122204000523,SGI,43,10,10,582.00,"5,820.00"
2020-12-22,2020122204000521,SGI,43,41,10,582.00,"5,820.00"
2020-12-22,2020122204000517,SGI,43,41,10,582.00,"5,820.00"
2020-12-22,2020122204000509,SGI,43,10,10,582.00,"5,820.00"
2020-12-22,2020122204000505,SGI,43,26,10,582.00,"5,820.00"
2020-12-22,2020122204000540,SGI,43,13,10,582.00,"5,820.00"
2020-12-22,2020122204000537,SGI,43,36,10,582.00,"5,820.00"
2020-12-22,2020122204000535,SGI,43,21,10,582.00,"5,820.00"
2020-12-22,2020122204000534,SGI,43,45,10,582.00,"5,820.00"
2020-12-22,2020122204000533,SGI,43,55,10,582.00,"5,820.00"
2020-12-22,2020122204000528,SGI,43,10,10,582.00,"5,820.00"
2020-12-22,2020122204000552,SGI,43,55,10,582.00,"5,820.00"
2020-12-22,2020122204000550,SGI,43,43,10,582.00,"5,820.00"
2020-12-22,2020122204000548,SGI,43,39,10,582.00,"5,820.00"
2020-12-22,2020122204000547,SGI,43,40,10,582.00,"5,820.00"
2020-12-22,2020122204000543,SGI,43,36,10,582.00,"5,820.00"
2020-12-22,2020122204000541,SGI,43,35,10,582.00,"5,820.00"
2020-12-22,2020122204000573,SGI,38,10,10,581.00,"5,810.00"
2020-12-22,2020122204000572,SGI,1,25,10,583.00,"5,830.00"
2020-12-22,2020122204000571,SGI,1,48,10,582.00,"5,820.00"
2020-12-22,2020122204000567,SGI,1,45,10,582.00,"5,820.00"
2020-12-22,2020122204000564,SGI,11,13,10,582.00,"5,820.00"
2020-12-22,2020122204000554,SGI,43,10,10,582.00,"5,820.00"
2020-12-22,2020122204000588,SGI,1,38,10,584.00,"5,840.00"
2020-12-22,2020122204000587,SGI,42,58,10,581.00,"5,810.00"
2020-12-22,2020122204000585,SGI,42,59,10,581.00,"5,810.00"
2020-12-22,2020122204000578,SGI,1,38,10,583.00,"5,830.00"
2020-12-22,2020122204000577,SGI,42,41,10,581.00,"5,810.00"
2020-12-22,2020122204000575,SGI,42,56,10,581.00,"5,810.00"
2020-12-22,2020122204000611,SGI,58,57,10,580.00,"5,800.00"
2020-12-22,2020122204000601,SGI,41,58,10,580.00,"5,800.00"
2020-12-22,2020122204000598,SGI,22,10,10,580.00,"5,800.00"
2020-12-22,2020122204000595,SGI,22,36,10,580.00,"5,800.00"
2020-12-22,2020122204000592,SGI,11,13,10,582.00,"5,820.00"
2020-12-22,2020122204000590,SGI,42,29,10,581.00,"5,810.00"
2020-12-22,2020122204000634,SGI,58,28,10,580.00,"5,800.00"
2020-12-22,2020122204000630,SGI,58,26,10,581.00,"5,810.00"
2020-12-22,2020122204000629,SGI,58,28,10,581.00,"5,810.00"
2020-12-22,2020122204000628,SGI,58,57,10,581.00,"5,810.00"
2020-12-22,2020122204000622,SGI,58,28,10,581.00,"5,810.00"
2020-12-22,2020122204000620,SGI,58,38,10,581.00,"5,810.00"
2020-12-22,2020122204000643,SGI,52,50,10,585.00,"5,850.00"
2020-12-22,2020122204000642,SGI,52,58,10,585.00,"5,850.00"
2020-12-22,2020122204000641,SGI,52,11,10,585.00,"5,850.00"
2020-12-22,2020122204000640,SGI,52,58,10,585.00,"5,850.00"
2020-12-22,2020122204000637,SGI,58,22,10,580.00,"5,800.00"
2020-12-22,2020122204000635,SGI,58,34,10,580.00,"5,800.00"
2020-12-22,2020122204000650,SGI,58,58,10,580.00,"5,800.00"
2020-12-22,2020122204000648,SGI,58,46,10,580.00,"5,800.00"
2020-12-22,2020122204000647,SGI,52,52,10,585.00,"5,850.00"
2020-12-22,2020122204000646,SGI,52,58,10,585.00,"5,850.00"
2020-12-22,2020122204000645,SGI,52,39,10,585.00,"5,850.00"
2020-12-22,2020122204000644,SGI,52,7,10,585.00,"5,850.00"
2020-12-22,2020122204000665,SGI,52,45,10,580.00,"5,800.00"
2020-12-22,2020122204000664,SGI,52,8,10,580.00,"5,800.00"
2020-12-22,2020122204000661,SGI,58,36,10,580.00,"5,800.00"
2020-12-22,2020122204000659,SGI,58,38,10,580.00,"5,800.00"
2020-12-22,2020122204000654,SGI,58,58,10,580.00,"5,800.00"
2020-12-22,2020122204000652,SGI,58,35,10,580.00,"5,800.00"
2020-12-22,2020122204000679,SGI,58,58,10,589.00,"5,890.00"
2020-12-22,2020122204000678,SGI,58,52,10,589.00,"5,890.00"
2020-12-22,2020122204000677,SGI,58,34,10,589.00,"5,890.00"
2020-12-22,2020122204000671,SGI,41,58,10,580.00,"5,800.00"
2020-12-22,2020122204000669,SGI,41,58,10,580.00,"5,800.00"
2020-12-22,2020122204000667,SGI,52,28,10,580.00,"5,800.00"
2020-12-22,2020122204000701,SGI,41,11,10,580.00,"5,800.00"
2020-12-22,2020122204000694,SGI,41,13,10,580.00,"5,800.00"
2020-12-22,2020122204000693,SGI,41,41,10,580.00,"5,800.00"
2020-12-22,2020122204000692,SGI,41,58,10,580.00,"5,800.00"
2020-12-22,2020122204000686,SGI,41,58,10,580.00,"5,800.00"
2020-12-22,2020122204000680,SGI,41,55,10,580.00,"5,800.00"
2020-12-22,2020122204000722,SGI,41,59,10,580.00,"5,800.00"
2020-12-22,2020122204000716,SGI,41,59,10,580.00,"5,800.00"
2020-12-22,2020122204000712,SGI,41,21,10,580.00,"5,800.00"
2020-12-22,2020122204000708,SGI,41,47,10,580.00,"5,800.00"
2020-12-22,2020122204000707,SGI,41,6,10,580.00,"5,800.00"
2020-12-22,2020122204000706,SGI,7,58,10,581.00,"5,810.00"
2020-12-22,2020122204000767,SGI,41,36,10,582.00,"5,820.00"
2020-12-22,2020122204000763,SGI,41,51,10,582.00,"5,820.00"
2020-12-22,2020122204000732,SGI,41,43,10,580.00,"5,800.00"
2020-12-22,2020122204000731,SGI,56,50,10,585.00,"5,850.00"
2020-12-22,2020122204000730,SGI,41,51,10,580.00,"5,800.00"
2020-12-22,2020122204000728,SGI,41,13,10,580.00,"5,800.00"
2020-12-22,2020122204000782,STC,48,48,10,"5,250.00","52,500.00"
2020-12-22,2020122204000625,STC,21,10,20,"5,214.00","104,280.00"
2020-12-22,2020122204000624,STC,29,10,50,"5,214.00","260,700.00"
2020-12-22,2020122204000623,STC,49,10,10,"5,214.00","52,140.00"
2020-12-22,2020122203018892,ALBSL,34,49,10,"1,009.00","10,090.00"
2020-12-22,2020122203018746,ALBSL,54,45,11,990.00,"10,890.00"
2020-12-22,2020122203018805,ALICL,33,50,488,906.00,"442,128.00"
2020-12-22,2020122204000286,BBC,13,28,10,"2,860.00","28,600.00"
2020-12-22,2020122204000245,BBC,55,49,20,"2,809.00","56,180.00"
2020-12-22,2020122204000244,BBC,55,17,10,"2,809.00","28,090.00"
2020-12-22,2020122204000221,BBC,13,51,50,"2,754.00","137,700.00"
2020-12-22,2020122204000220,BBC,19,28,20,"2,750.00","55,000.00"
2020-12-22,2020122204000087,BBC,35,36,48,"2,700.00","129,600.00"
2020-12-22,2020122203018738,CBBL,35,17,90,"1,435.00","129,150.00"
2020-12-22,2020122203018737,CBBL,35,16,100,"1,435.00","143,500.00"
2020-12-22,2020122203018736,CBBL,35,26,179,"1,435.00","256,865.00"
2020-12-22,2020122203018735,CBBL,35,42,593,"1,435.00","850,955.00"
2020-12-22,2020122203018734,CBBL,35,55,29,"1,434.00","41,586.00"
2020-12-22,2020122203018824,CFCL,29,6,"1,307",160.00,"209,120.00"
2020-12-22,2020122203018823,CFCL,42,6,24,161.00,"3,864.00"
2020-12-22,2020122203018822,CFCL,57,6,100,161.00,"16,100.00"
2020-12-22,2020122203018821,CFCL,4,6,600,161.00,"96,600.00"
2020-12-22,2020122203018820,CFCL,6,6,829,161.00,"133,469.00"
2020-12-22,2020122203018806,CFCL,6,49,100,161.00,"16,100.00"
2020-12-22,2020122203018852,CIT,18,34,120,"5,271.00","632,520.00"
2020-12-22,2020122203018851,CIT,18,57,20,"5,270.00","105,400.00"
2020-12-22,2020122203018804,CIT,53,47,19,"5,271.00","100,149.00"
2020-12-22,2020122203018747,CIT,18,26,100,"5,270.00","527,000.00"
2020-12-22,2020122203018889,CLBSL,17,33,100,816.00,"81,600.00"
2020-12-22,2020122204000144,CMF1,19,19,500,9.80,"4,900.00"
2020-12-22,2020122203018874,DDBL,34,8,30,"1,442.00","43,260.00"
2020-12-22,2020122203018848,DDBL,28,8,150,"1,442.00","216,300.00"
2020-12-22,2020122203018847,DDBL,21,8,100,"1,444.00","144,400.00"
2020-12-22,2020122203018846,DDBL,38,8,100,"1,444.00","144,400.00"
2020-12-22,2020122203018845,DDBL,42,8,500,"1,444.00","722,000.00"
2020-12-22,2020122203018844,DDBL,20,8,50,"1,444.00","72,200.00"
2020-12-22,2020122203018787,DDBL,25,34,20,"1,448.00","28,960.00"
2020-12-22,2020122203018786,DDBL,25,45,100,"1,448.00","144,800.00"
2020-12-22,2020122203018785,DDBL,25,10,30,"1,448.00","43,440.00"
2020-12-22,2020122203018739,DDBL,51,10,20,"1,448.00","28,960.00"
2020-12-22,2020122203018843,DDBL,45,8,38,"1,444.00","54,872.00"
2020-12-22,2020122203018842,DDBL,57,8,340,"1,445.00","491,300.00"
2020-12-22,2020122203018841,DDBL,49,8,40,"1,445.00","57,800.00"
2020-12-22,2020122203018840,DDBL,45,8,10,"1,445.00","14,450.00"
2020-12-22,2020122203018839,DDBL,26,8,100,"1,446.00","144,600.00"
2020-12-22,2020122203018838,DDBL,11,8,16,"1,447.00","23,152.00"
2020-12-22,2020122203018867,FOWAD,50,44,5,"2,215.00","11,075.00"
2020-12-22,2020122203018866,FOWAD,50,37,15,"2,215.00","33,225.00"
2020-12-22,2020122203018817,FOWAD,46,6,20,"2,214.00","44,280.00"
2020-12-22,2020122203018799,FOWAD,37,37,35,"2,215.00","77,525.00"
2020-12-22,2020122203018772,FOWAD,58,44,10,"2,215.00","22,150.00"
2020-12-22,2020122203018837,GBBL,8,45,200,305.00,"61,000.00"
2020-12-22,2020122204000225,GBD80/81,29,52,30,"1,050.00","31,500.00"
2020-12-22,2020122203018765,GBLBS,45,57,54,596.00,"32,184.00"
2020-12-22,2020122203018741,GBLBS,55,57,20,596.00,"11,920.00"
2020-12-22,2020122203018740,GBLBS,49,57,26,596.00,"15,496.00"
2020-12-22,2020122204000311,GIC,7,14,10,562.00,"5,620.00"
2020-12-22,2020122204000309,GIC,7,48,10,562.00,"5,620.00"
2020-12-22,2020122204000308,GIC,22,49,10,562.00,"5,620.00"
2020-12-22,2020122204000306,GIC,22,14,10,562.00,"5,620.00"
2020-12-22,2020122204000301,GIC,22,45,10,562.00,"5,620.00"
2020-12-22,2020122204000300,GIC,22,45,10,562.00,"5,620.00"
2020-12-22,2020122204000005,GIC,22,44,10,555.00,"5,550.00"
2020-12-22,2020122204000002,GIC,22,49,10,555.00,"5,550.00"
2020-12-22,2020122204000024,GIC,45,55,10,560.00,"5,600.00"
2020-12-22,2020122204000023,GIC,41,6,10,560.00,"5,600.00"
2020-12-22,2020122204000022,GIC,41,51,10,560.00,"5,600.00"
2020-12-22,2020122204000018,GIC,54,40,10,560.00,"5,600.00"
2020-12-22,2020122204000007,GIC,22,46,10,560.00,"5,600.00"
2020-12-22,2020122204000006,GIC,19,7,10,552.00,"5,520.00"
2020-12-22,2020122204000043,GIC,45,29,10,560.00,"5,600.00"
2020-12-22,2020122204000040,GIC,45,32,165,560.00,"92,400.00"
2020-12-22,2020122204000038,GIC,22,36,10,565.00,"5,650.00"
2020-12-22,2020122204000037,GIC,22,55,10,563.00,"5,630.00"
2020-12-22,2020122204000036,GIC,45,38,10,560.00,"5,600.00"
2020-12-22,2020122204000033,GIC,45,38,10,560.00,"5,600.00"
2020-12-22,2020122204000054,GIC,45,8,10,560.00,"5,600.00"
2020-12-22,2020122204000050,GIC,45,1,10,560.00,"5,600.00"
2020-12-22,2020122204000049,GIC,45,17,10,560.00,"5,600.00"
2020-12-22,2020122204000048,GIC,22,28,10,565.00,"5,650.00"
2020-12-22,2020122204000046,GIC,45,40,10,560.00,"5,600.00"
2020-12-22,2020122204000044,GIC,45,44,10,560.00,"5,600.00"
2020-12-22,2020122204000060,GIC,38,36,50,570.00,"28,500.00"
2020-12-22,2020122204000059,GIC,38,25,10,570.00,"5,700.00"
2020-12-22,2020122204000058,GIC,38,38,10,570.00,"5,700.00"
2020-12-22,2020122204000057,GIC,38,55,10,570.00,"5,700.00"
2020-12-22,2020122204000056,GIC,38,29,10,570.00,"5,700.00"
2020-12-22,2020122204000055,GIC,38,32,10,566.00,"5,660.00"
2020-12-22,2020122204000071,GIC,56,29,10,565.00,"5,650.00"
2020-12-22,2020122204000069,GIC,54,29,30,565.00,"16,950.00"
2020-12-22,2020122204000067,GIC,54,1,10,565.00,"5,650.00"
2020-12-22,2020122204000066,GIC,54,17,10,565.00,"5,650.00"
2020-12-22,2020122204000065,GIC,45,1,10,560.00,"5,600.00"
2020-12-22,2020122204000061,GIC,38,57,100,571.00,"57,100.00"
2020-12-22,2020122204000083,GIC,56,8,10,566.00,"5,660.00"
2020-12-22,2020122204000080,GIC,56,42,10,566.00,"5,660.00"
2020-12-22,2020122204000079,GIC,42,43,40,569.00,"22,760.00"
2020-12-22,2020122204000078,GIC,56,1,10,566.00,"5,660.00"
2020-12-22,2020122204000076,GIC,56,44,10,566.00,"5,660.00"
2020-12-22,2020122204000072,GIC,56,43,40,565.00,"22,600.00"
2020-12-22,2020122204000099,GIC,45,22,10,560.00,"5,600.00"
2020-12-22,2020122204000096,GIC,45,14,10,560.00,"5,600.00"
2020-12-22,2020122204000095,GIC,42,8,10,561.00,"5,610.00"
2020-12-22,2020122204000092,GIC,45,36,10,560.00,"5,600.00"
2020-12-22,2020122204000086,GIC,57,38,50,566.00,"28,300.00"
2020-12-22,2020122204000085,GIC,56,38,10,566.00,"5,660.00"
2020-12-22,2020122204000111,GIC,21,52,10,561.00,"5,610.00"
2020-12-22,2020122204000110,GIC,21,41,10,561.00,"5,610.00"
2020-12-22,2020122204000104,GIC,45,44,10,560.00,"5,600.00"
2020-12-22,2020122204000103,GIC,45,1,10,560.00,"5,600.00"
2020-12-22,2020122204000101,GIC,45,49,10,560.00,"5,600.00"
2020-12-22,2020122204000100,GIC,45,4,10,560.00,"5,600.00"
2020-12-22,2020122204000131,GIC,54,19,10,561.00,"5,610.00"
2020-12-22,2020122204000124,GIC,54,8,10,561.00,"5,610.00"
2020-12-22,2020122204000118,GIC,54,35,10,561.00,"5,610.00"
2020-12-22,2020122204000116,GIC,54,21,10,561.00,"5,610.00"
2020-12-22,2020122204000115,GIC,54,32,10,561.00,"5,610.00"
2020-12-22,2020122204000114,GIC,45,4,10,560.00,"5,600.00"
2020-12-22,2020122204000153,GIC,48,26,10,561.00,"5,610.00"
2020-12-22,2020122204000151,GIC,48,36,10,561.00,"5,610.00"
2020-12-22,2020122204000149,GIC,39,36,10,565.00,"5,650.00"
2020-12-22,2020122204000146,GIC,48,25,10,561.00,"5,610.00"
2020-12-22,2020122204000137,GIC,48,43,10,561.00,"5,610.00"
2020-12-22,2020122204000136,GIC,48,21,10,561.00,"5,610.00"
2020-12-22,2020122204000167,GIC,49,57,10,561.00,"5,610.00"
2020-12-22,2020122204000164,GIC,49,55,10,561.00,"5,610.00"
2020-12-22,2020122204000163,GIC,21,39,10,561.00,"5,610.00"
2020-12-22,2020122204000161,GIC,21,26,10,561.00,"5,610.00"
2020-12-22,2020122204000156,GIC,21,36,10,561.00,"5,610.00"
2020-12-22,2020122204000154,GIC,39,42,40,569.00,"22,760.00"
2020-12-22,2020122204000188,GIC,22,57,10,562.00,"5,620.00"
2020-12-22,2020122204000184,GIC,22,34,10,562.00,"5,620.00"
2020-12-22,2020122204000182,GIC,22,57,10,562.00,"5,620.00"
2020-12-22,2020122204000177,GIC,22,54,10,562.00,"5,620.00"
2020-12-22,2020122204000176,GIC,22,34,10,562.00,"5,620.00"
2020-12-22,2020122204000173,GIC,22,57,10,562.00,"5,620.00"
2020-12-22,2020122204000200,GIC,38,40,10,564.00,"5,640.00"
2020-12-22,2020122204000198,GIC,38,57,10,564.00,"5,640.00"
2020-12-22,2020122204000197,GIC,38,45,10,564.00,"5,640.00"
2020-12-22,2020122204000195,GIC,38,48,10,564.00,"5,640.00"
2020-12-22,2020122204000194,GIC,22,45,10,562.00,"5,620.00"
2020-12-22,2020122204000192,GIC,22,57,10,562.00,"5,620.00"
2020-12-22,2020122204000223,GIC,48,45,10,565.00,"5,650.00"
2020-12-22,2020122204000213,GIC,48,45,10,565.00,"5,650.00"
2020-12-22,2020122204000211,GIC,48,25,10,565.00,"5,650.00"
2020-12-22,2020122204000208,GIC,48,45,10,565.00,"5,650.00"
2020-12-22,2020122204000205,GIC,48,49,10,565.00,"5,650.00"
2020-12-22,2020122204000201,GIC,38,38,10,564.00,"5,640.00"
2020-12-22,2020122204000239,GIC,48,43,10,565.00,"5,650.00"
2020-12-22,2020122204000238,GIC,48,49,10,565.00,"5,650.00"
2020-12-22,2020122204000231,GIC,48,42,10,565.00,"5,650.00"
2020-12-22,2020122204000227,GIC,48,58,10,565.00,"5,650.00"
2020-12-22,2020122204000226,GIC,48,51,10,565.00,"5,650.00"
2020-12-22,2020122204000224,GIC,48,25,10,565.00,"5,650.00"
