Date,Transact. No.,Symbol,Buyer,Seller,Quantity,Rate,Amount
2020-11-24,2020112404003950,BBC,38,44,20,"3,591.00","71,820.00"
2020-11-24,2020112404003949,BBC,38,36,20,"3,590.00","71,800.00"
2020-11-24,2020112404003948,BBC,38,48,11,"3,589.00","39,479.00"
2020-11-24,2020112404003947,BBC,38,32,41,"3,588.00","147,108.00"
2020-11-24,2020112404003840,BBC,57,48,89,"3,589.00","319,421.00"
2020-11-24,2020112404003839,BBC,57,1,10,"3,589.00","35,890.00"
2020-11-24,2020112404003508,BBC,41,34,10,"3,509.00","35,090.00"
2020-11-24,2020112404003470,BBC,57,42,100,"3,500.00","350,000.00"
2020-11-24,2020112404003681,BBC,34,39,22,"3,550.00","78,100.00"
2020-11-24,2020112404003680,BBC,34,32,140,"3,550.00","497,000.00"
2020-11-24,2020112404003679,BBC,34,34,10,"3,519.00","35,190.00"
2020-11-24,2020112404003678,BBC,34,45,10,"3,510.00","35,100.00"
2020-11-24,2020112404003677,BBC,34,17,50,"3,510.00","175,500.00"
2020-11-24,2020112404003547,BBC,21,17,50,"3,510.00","175,500.00"
2020-11-24,2020112404003707,BBC,34,1,20,"3,550.00","71,000.00"
2020-11-24,2020112404003706,BBC,57,52,58,"3,570.00","207,060.00"
2020-11-24,2020112404003705,BBC,57,21,25,"3,564.00","89,100.00"
2020-11-24,2020112404003688,BBC,57,51,117,"3,559.00","416,403.00"
2020-11-24,2020112404003683,BBC,34,54,20,"3,550.00","71,000.00"
2020-11-24,2020112404003682,BBC,34,48,100,"3,550.00","355,000.00"
2020-11-24,2020112404003838,BBC,57,19,71,"3,589.00","254,819.00"
2020-11-24,2020112404003837,BBC,57,45,20,"3,585.00","71,700.00"
2020-11-24,2020112404003836,BBC,57,45,10,"3,585.00","35,850.00"
2020-11-24,2020112404003830,BBC,22,52,42,"3,570.00","149,940.00"
2020-11-24,2020112404003793,BBC,34,49,20,"3,550.00","71,000.00"
2020-11-24,2020112404003776,BBC,38,52,50,"3,570.00","178,500.00"
2020-11-24,2020112404003962,CMF1,58,34,500,10.10,"5,050.00"
2020-11-24,2020112404003961,CMF1,58,34,"1,000",10.10,"10,100.00"
2020-11-24,2020112404003960,CMF1,58,34,"1,000",10.10,"10,100.00"
2020-11-24,2020112404003959,CMF1,11,34,"4,500",10.10,"45,450.00"
2020-11-24,2020112404003555,CMF1,11,56,500,10.10,"5,050.00"
2020-11-24,2020112404003963,GIC,42,57,50,580.00,"29,000.00"
2020-11-24,2020112404003958,GIC,42,11,10,581.00,"5,810.00"
2020-11-24,2020112404003957,GIC,42,1,200,581.00,"116,200.00"
2020-11-24,2020112404003956,GIC,42,19,10,580.00,"5,800.00"
2020-11-24,2020112404003955,GIC,42,54,10,580.00,"5,800.00"
2020-11-24,2020112404003946,GIC,42,4,10,580.00,"5,800.00"
2020-11-24,2020112404003486,GIC,14,34,10,578.00,"5,780.00"
2020-11-24,2020112404003485,GIC,14,35,10,578.00,"5,780.00"
2020-11-24,2020112404003480,GIC,14,59,10,578.00,"5,780.00"
2020-11-24,2020112404003473,GIC,42,42,10,578.00,"5,780.00"
2020-11-24,2020112404003497,GIC,4,13,100,579.00,"57,900.00"
2020-11-24,2020112404003496,GIC,4,36,10,579.00,"5,790.00"
2020-11-24,2020112404003495,GIC,14,36,10,578.00,"5,780.00"
2020-11-24,2020112404003489,GIC,14,36,10,578.00,"5,780.00"
2020-11-24,2020112404003488,GIC,14,14,10,578.00,"5,780.00"
2020-11-24,2020112404003487,GIC,14,57,10,578.00,"5,780.00"
2020-11-24,2020112404003514,GIC,43,21,10,579.00,"5,790.00"
2020-11-24,2020112404003513,GIC,43,14,20,579.00,"11,580.00"
2020-11-24,2020112404003512,GIC,43,19,10,579.00,"5,790.00"
2020-11-24,2020112404003511,GIC,43,6,10,579.00,"5,790.00"
2020-11-24,2020112404003509,GIC,14,32,10,578.00,"5,780.00"
2020-11-24,2020112404003498,GIC,4,6,90,579.00,"52,110.00"
2020-11-24,2020112404003524,GIC,14,58,10,578.00,"5,780.00"
2020-11-24,2020112404003519,GIC,14,26,10,578.00,"5,780.00"
2020-11-24,2020112404003518,GIC,43,22,750,580.00,"435,000.00"
2020-11-24,2020112404003517,GIC,43,6,10,579.00,"5,790.00"
2020-11-24,2020112404003516,GIC,43,36,40,579.00,"23,160.00"
2020-11-24,2020112404003515,GIC,43,57,150,579.00,"86,850.00"
2020-11-24,2020112404003544,GIC,33,52,60,579.00,"34,740.00"
2020-11-24,2020112404003543,GIC,33,34,10,579.00,"5,790.00"
2020-11-24,2020112404003542,GIC,33,53,10,579.00,"5,790.00"
2020-11-24,2020112404003529,GIC,14,42,10,578.00,"5,780.00"
2020-11-24,2020112404003527,GIC,14,10,10,578.00,"5,780.00"
2020-11-24,2020112404003526,GIC,14,41,10,578.00,"5,780.00"
2020-11-24,2020112404003557,GIC,33,55,30,579.00,"17,370.00"
2020-11-24,2020112404003556,GIC,33,16,10,579.00,"5,790.00"
2020-11-24,2020112404003553,GIC,33,52,50,579.00,"28,950.00"
2020-11-24,2020112404003549,GIC,33,42,10,579.00,"5,790.00"
2020-11-24,2020112404003546,GIC,33,29,10,579.00,"5,790.00"
2020-11-24,2020112404003545,GIC,33,42,10,579.00,"5,790.00"
2020-11-24,2020112404003577,GIC,14,42,10,578.00,"5,780.00"
2020-11-24,2020112404003568,GIC,14,36,10,578.00,"5,780.00"
2020-11-24,2020112404003566,GIC,22,29,100,579.00,"57,900.00"
2020-11-24,2020112404003565,GIC,43,29,70,579.00,"40,530.00"
2020-11-24,2020112404003559,GIC,43,17,10,579.00,"5,790.00"
2020-11-24,2020112404003558,GIC,43,55,10,579.00,"5,790.00"
2020-11-24,2020112404003584,GIC,4,57,10,577.00,"5,770.00"
2020-11-24,2020112404003583,GIC,38,44,10,578.00,"5,780.00"
2020-11-24,2020112404003582,GIC,6,44,20,578.00,"11,560.00"
2020-11-24,2020112404003581,GIC,22,44,100,578.00,"57,800.00"
2020-11-24,2020112404003580,GIC,14,44,240,578.00,"138,720.00"
2020-11-24,2020112404003579,GIC,14,56,10,578.00,"5,780.00"
2020-11-24,2020112404003597,GIC,56,57,10,576.00,"5,760.00"
2020-11-24,2020112404003592,GIC,56,38,10,576.00,"5,760.00"
2020-11-24,2020112404003591,GIC,13,29,90,579.00,"52,110.00"
2020-11-24,2020112404003590,GIC,13,6,10,578.00,"5,780.00"
2020-11-24,2020112404003589,GIC,13,53,10,578.00,"5,780.00"
2020-11-24,2020112404003586,GIC,4,57,10,577.00,"5,770.00"
2020-11-24,2020112404003603,GIC,34,28,100,580.00,"58,000.00"
2020-11-24,2020112404003602,GIC,34,22,140,580.00,"81,200.00"
2020-11-24,2020112404003601,GIC,34,49,41,579.00,"23,739.00"
2020-11-24,2020112404003600,GIC,34,41,10,579.00,"5,790.00"
2020-11-24,2020112404003599,GIC,34,29,10,579.00,"5,790.00"
2020-11-24,2020112404003598,GIC,34,58,10,578.00,"5,780.00"
2020-11-24,2020112404003611,GIC,56,34,10,576.00,"5,760.00"
2020-11-24,2020112404003608,GIC,34,49,459,580.00,"266,220.00"
2020-11-24,2020112404003607,GIC,34,58,10,580.00,"5,800.00"
2020-11-24,2020112404003606,GIC,34,58,10,580.00,"5,800.00"
2020-11-24,2020112404003605,GIC,34,38,200,580.00,"116,000.00"
2020-11-24,2020112404003604,GIC,34,42,10,580.00,"5,800.00"
2020-11-24,2020112404003625,GIC,6,42,10,576.00,"5,760.00"
2020-11-24,2020112404003621,GIC,6,34,10,576.00,"5,760.00"
2020-11-24,2020112404003618,GIC,6,38,10,576.00,"5,760.00"
2020-11-24,2020112404003616,GIC,6,34,10,576.00,"5,760.00"
2020-11-24,2020112404003615,GIC,6,28,340,576.00,"195,840.00"
2020-11-24,2020112404003614,GIC,56,28,80,576.00,"46,080.00"
2020-11-24,2020112404003635,GIC,49,40,10,578.00,"5,780.00"
2020-11-24,2020112404003634,GIC,49,58,10,578.00,"5,780.00"
2020-11-24,2020112404003633,GIC,25,38,10,576.00,"5,760.00"
2020-11-24,2020112404003632,GIC,6,34,10,576.00,"5,760.00"
2020-11-24,2020112404003627,GIC,6,50,100,576.00,"57,600.00"
2020-11-24,2020112404003626,GIC,6,34,10,576.00,"5,760.00"
2020-11-24,2020112404003667,GIC,45,58,10,577.00,"5,770.00"
2020-11-24,2020112404003666,GIC,45,3,10,577.00,"5,770.00"
2020-11-24,2020112404003645,GIC,45,57,10,577.00,"5,770.00"
2020-11-24,2020112404003644,GIC,45,34,10,577.00,"5,770.00"
2020-11-24,2020112404003641,GIC,45,41,10,577.00,"5,770.00"
2020-11-24,2020112404003640,GIC,45,34,10,577.00,"5,770.00"
2020-11-24,2020112404003684,GIC,29,49,100,579.00,"57,900.00"
2020-11-24,2020112404003674,GIC,19,38,10,578.00,"5,780.00"
2020-11-24,2020112404003673,GIC,19,56,10,578.00,"5,780.00"
2020-11-24,2020112404003672,GIC,19,43,10,578.00,"5,780.00"
2020-11-24,2020112404003671,GIC,19,13,10,578.00,"5,780.00"
2020-11-24,2020112404003668,GIC,3,56,10,578.00,"5,780.00"
2020-11-24,2020112404003699,GIC,19,28,100,578.00,"57,800.00"
2020-11-24,2020112404003698,GIC,36,49,190,580.00,"110,200.00"
2020-11-24,2020112404003697,GIC,36,16,10,579.00,"5,790.00"
2020-11-24,2020112404003689,GIC,29,58,10,579.00,"5,790.00"
2020-11-24,2020112404003686,GIC,29,42,10,579.00,"5,790.00"
2020-11-24,2020112404003685,GIC,29,29,130,579.00,"75,270.00"
2020-11-24,2020112404003712,GIC,19,38,10,578.00,"5,780.00"
2020-11-24,2020112404003711,GIC,19,29,10,578.00,"5,780.00"
2020-11-24,2020112404003710,GIC,19,58,10,578.00,"5,780.00"
2020-11-24,2020112404003709,GIC,19,58,10,578.00,"5,780.00"
2020-11-24,2020112404003702,GIC,19,43,10,578.00,"5,780.00"
2020-11-24,2020112404003700,GIC,19,57,10,578.00,"5,780.00"
2020-11-24,2020112404003727,GIC,43,35,50,579.00,"28,950.00"
2020-11-24,2020112404003726,GIC,43,21,10,579.00,"5,790.00"
2020-11-24,2020112404003725,GIC,34,36,10,578.00,"5,780.00"
2020-11-24,2020112404003724,GIC,34,32,10,578.00,"5,780.00"
2020-11-24,2020112404003720,GIC,34,32,10,578.00,"5,780.00"
2020-11-24,2020112404003719,GIC,34,34,10,578.00,"5,780.00"
2020-11-24,2020112404003733,GIC,43,42,10,580.00,"5,800.00"
2020-11-24,2020112404003732,GIC,43,22,10,580.00,"5,800.00"
2020-11-24,2020112404003731,GIC,43,25,10,580.00,"5,800.00"
2020-11-24,2020112404003730,GIC,43,49,51,580.00,"29,580.00"
2020-11-24,2020112404003729,GIC,43,8,10,579.00,"5,790.00"
2020-11-24,2020112404003728,GIC,43,42,10,579.00,"5,790.00"
2020-11-24,2020112404003751,GIC,34,29,10,578.00,"5,780.00"
2020-11-24,2020112404003749,GIC,34,38,10,578.00,"5,780.00"
2020-11-24,2020112404003737,GIC,34,57,10,578.00,"5,780.00"
2020-11-24,2020112404003736,GIC,43,17,10,580.00,"5,800.00"
2020-11-24,2020112404003735,GIC,43,58,10,580.00,"5,800.00"
2020-11-24,2020112404003734,GIC,43,58,10,580.00,"5,800.00"
2020-11-24,2020112404003762,GIC,55,43,100,580.00,"58,000.00"
2020-11-24,2020112404003761,GIC,38,35,500,578.00,"289,000.00"
2020-11-24,2020112404003760,GIC,21,35,300,578.00,"173,400.00"
2020-11-24,2020112404003759,GIC,34,35,60,578.00,"34,680.00"
2020-11-24,2020112404003755,GIC,34,58,10,578.00,"5,780.00"
2020-11-24,2020112404003752,GIC,34,57,10,578.00,"5,780.00"
2020-11-24,2020112404003789,GIC,50,35,10,579.00,"5,790.00"
2020-11-24,2020112404003785,GIC,53,6,10,578.00,"5,780.00"
2020-11-24,2020112404003783,GIC,53,13,10,578.00,"5,780.00"
2020-11-24,2020112404003780,GIC,53,42,10,578.00,"5,780.00"
2020-11-24,2020112404003778,GIC,45,13,10,577.00,"5,770.00"
2020-11-24,2020112404003772,GIC,45,13,10,577.00,"5,770.00"
2020-11-24,2020112404003804,GIC,45,47,10,577.00,"5,770.00"
2020-11-24,2020112404003803,GIC,50,35,20,579.00,"11,580.00"
2020-11-24,2020112404003802,GIC,50,13,10,578.00,"5,780.00"
2020-11-24,2020112404003798,GIC,42,56,10,578.00,"5,780.00"
2020-11-24,2020112404003797,GIC,42,13,10,578.00,"5,780.00"
2020-11-24,2020112404003790,GIC,50,35,10,579.00,"5,790.00"
2020-11-24,2020112404003813,GIC,52,35,150,579.00,"86,850.00"
2020-11-24,2020112404003812,GIC,28,13,10,578.00,"5,780.00"
2020-11-24,2020112404003811,GIC,28,58,10,578.00,"5,780.00"
2020-11-24,2020112404003807,GIC,28,34,10,578.00,"5,780.00"
2020-11-24,2020112404003806,GIC,28,50,10,578.00,"5,780.00"
2020-11-24,2020112404003805,GIC,28,13,10,578.00,"5,780.00"
2020-11-24,2020112404003823,GIC,16,35,21,579.00,"12,159.00"
2020-11-24,2020112404003822,GIC,45,38,10,577.00,"5,770.00"
2020-11-24,2020112404003821,GIC,42,35,10,579.00,"5,790.00"
2020-11-24,2020112404003819,GIC,58,35,30,579.00,"17,370.00"
2020-11-24,2020112404003817,GIC,43,35,59,579.00,"34,161.00"
2020-11-24,2020112404003814,GIC,28,44,950,578.00,"549,100.00"
2020-11-24,2020112404003832,GIC,53,35,321,579.00,"185,859.00"
2020-11-24,2020112404003831,GIC,53,44,70,578.00,"40,460.00"
2020-11-24,2020112404003828,GIC,42,29,10,577.00,"5,770.00"
2020-11-24,2020112404003826,GIC,42,38,10,577.00,"5,770.00"
2020-11-24,2020112404003825,GIC,16,35,179,579.00,"103,641.00"
2020-11-24,2020112404003824,GIC,16,40,300,579.00,"173,700.00"
2020-11-24,2020112404003856,GIC,42,38,10,577.00,"5,770.00"
2020-11-24,2020112404003855,GIC,58,38,10,578.00,"5,780.00"
2020-11-24,2020112404003850,GIC,58,29,10,578.00,"5,780.00"
2020-11-24,2020112404003849,GIC,58,47,10,578.00,"5,780.00"
2020-11-24,2020112404003846,GIC,58,29,10,578.00,"5,780.00"
2020-11-24,2020112404003845,GIC,58,33,10,578.00,"5,780.00"
2020-11-24,2020112404003869,GIC,42,38,10,577.00,"5,770.00"
2020-11-24,2020112404003868,GIC,42,47,10,577.00,"5,770.00"
2020-11-24,2020112404003865,GIC,42,49,10,577.00,"5,770.00"
2020-11-24,2020112404003864,GIC,42,29,10,577.00,"5,770.00"
2020-11-24,2020112404003860,GIC,42,47,10,577.00,"5,770.00"
2020-11-24,2020112404003859,GIC,42,58,10,577.00,"5,770.00"
2020-11-24,2020112404003885,GIC,43,8,30,579.00,"17,370.00"
2020-11-24,2020112404003884,GIC,43,3,10,579.00,"5,790.00"
2020-11-24,2020112404003883,GIC,43,26,60,579.00,"34,740.00"
2020-11-24,2020112404003881,GIC,58,47,10,578.00,"5,780.00"
2020-11-24,2020112404003875,GIC,56,26,90,579.00,"52,110.00"
2020-11-24,2020112404003874,GIC,56,6,10,579.00,"5,790.00"
2020-11-24,2020112404003896,GIC,55,6,30,579.00,"17,370.00"
2020-11-24,2020112404003891,GIC,32,19,10,578.00,"5,780.00"
2020-11-24,2020112404003890,GIC,32,47,10,578.00,"5,780.00"
2020-11-24,2020112404003888,GIC,32,1,75,578.00,"43,350.00"
2020-11-24,2020112404003887,GIC,58,1,25,578.00,"14,450.00"
2020-11-24,2020112404003886,GIC,43,6,70,579.00,"40,530.00"
2020-11-24,2020112404003909,GIC,43,42,40,579.00,"23,160.00"
2020-11-24,2020112404003908,GIC,43,58,10,579.00,"5,790.00"
2020-11-24,2020112404003907,GIC,43,59,50,579.00,"28,950.00"
2020-11-24,2020112404003905,GIC,32,3,10,578.00,"5,780.00"
2020-11-24,2020112404003899,GIC,32,57,10,578.00,"5,780.00"
2020-11-24,2020112404003897,GIC,55,59,20,579.00,"11,580.00"
2020-11-24,2020112404003915,GIC,32,34,10,578.00,"5,780.00"
2020-11-24,2020112404003914,GIC,16,38,30,579.00,"17,370.00"
2020-11-24,2020112404003913,GIC,16,5,370,579.00,"214,230.00"
2020-11-24,2020112404003912,GIC,16,5,130,579.00,"75,270.00"
2020-11-24,2020112404003911,GIC,16,42,60,579.00,"34,740.00"
2020-11-24,2020112404003910,GIC,16,47,210,579.00,"121,590.00"
2020-11-24,2020112404003926,GIC,42,35,210,580.00,"121,800.00"
2020-11-24,2020112404003925,GIC,42,43,400,580.00,"232,000.00"
2020-11-24,2020112404003924,GIC,16,49,10,579.00,"5,790.00"
2020-11-24,2020112404003923,GIC,16,26,50,579.00,"28,950.00"
2020-11-24,2020112404003921,GIC,16,38,170,579.00,"98,430.00"
2020-11-24,2020112404003920,GIC,32,54,10,578.00,"5,780.00"
2020-11-24,2020112404003932,GIC,42,21,10,580.00,"5,800.00"
2020-11-24,2020112404003931,GIC,42,4,10,580.00,"5,800.00"
2020-11-24,2020112404003930,GIC,42,4,10,580.00,"5,800.00"
2020-11-24,2020112404003929,GIC,42,52,30,580.00,"17,400.00"
2020-11-24,2020112404003928,GIC,42,4,100,580.00,"58,000.00"
2020-11-24,2020112404003927,GIC,42,25,10,580.00,"5,800.00"
2020-11-24,2020112404003938,GIC,42,41,10,580.00,"5,800.00"
2020-11-24,2020112404003937,GIC,42,36,10,580.00,"5,800.00"
2020-11-24,2020112404003936,GIC,42,4,10,580.00,"5,800.00"
2020-11-24,2020112404003935,GIC,42,42,10,580.00,"5,800.00"
2020-11-24,2020112404003934,GIC,42,42,150,580.00,"87,000.00"
2020-11-24,2020112404003933,GIC,42,36,490,580.00,"284,200.00"
2020-11-24,2020112404003945,GIC,42,42,10,580.00,"5,800.00"
2020-11-24,2020112404003943,GIC,42,21,56,580.00,"32,480.00"
2020-11-24,2020112404003942,GIC,42,58,10,580.00,"5,800.00"
2020-11-24,2020112404003941,GIC,42,51,10,580.00,"5,800.00"
2020-11-24,2020112404003940,GIC,42,14,100,580.00,"58,000.00"
2020-11-24,2020112404003939,GIC,42,4,10,580.00,"5,800.00"
2020-11-24,2020112404003809,GIMES1,26,49,"10,000",10.95,"109,500.00"
2020-11-24,2020112404003647,GIMES1,26,49,"10,000",10.95,"109,500.00"
2020-11-24,2020112404003646,GIMES1,6,49,"10,000",10.95,"109,500.00"
2020-11-24,2020112404003552,GIMES1,41,49,"29,160",10.99,"320,468.40"
2020-11-24,2020112404003551,GIMES1,41,21,"4,747",10.98,"52,122.06"
2020-11-24,2020112404003550,GIMES1,41,42,"6,093",10.97,"66,840.21"
2020-11-24,2020112404003880,LUK,11,26,100,9.64,964.00
2020-11-24,2020112404003537,LUK,11,6,"1,000",9.64,"9,640.00"
2020-11-24,2020112404003493,LUK,11,8,"1,000",9.64,"9,640.00"
2020-11-24,2020112404003788,MMFDBP,37,34,"1,500",517.00,"775,500.00"
2020-11-24,2020112404003820,NBF2,36,42,"22,000",9.85,"216,700.00"
2020-11-24,2020112404003763,NBF2,36,19,"8,000",9.85,"78,800.00"
2020-11-24,2020112404003525,NBF2,58,19,"2,500",9.79,"24,475.00"
2020-11-24,2020112404003522,NBF2,58,1,200,9.79,"1,958.00"
2020-11-24,2020112404003476,NBF2,42,19,"2,500",9.79,"24,475.00"
2020-11-24,2020112404003469,NBF2,58,57,"1,000",9.79,"9,790.00"
2020-11-24,2020112404003917,NEF,44,45,"3,500",9.90,"34,650.00"
2020-11-24,2020112404003916,NEF,38,45,"5,500",9.91,"54,505.00"
2020-11-24,2020112404003787,NEF,44,22,483,9.90,"4,781.70"
2020-11-24,2020112404003675,NEF,44,22,483,9.90,"4,781.70"
2020-11-24,2020112404003596,NEF,44,1,724,9.90,"7,167.60"
2020-11-24,2020112404003863,NIBLPF,22,22,"1,010",9.99,"10,089.90"
2020-11-24,2020112404003687,NIBLPF,22,22,"1,010",9.99,"10,089.90"
2020-11-24,2020112404003528,NIBLPF,22,1,101,9.99,"1,008.99"
2020-11-24,2020112404003768,NIBPO,56,39,"1,000",371.00,"371,000.00"
2020-11-24,2020112404003722,NIBPO,34,39,"1,000",370.00,"370,000.00"
2020-11-24,2020112404003721,NIBPO,34,25,"1,146",370.00,"424,020.00"
2020-11-24,2020112404003468,NIBPO,51,25,200,370.00,"74,000.00"
2020-11-24,2020112404003467,NIBPO,51,25,100,370.00,"37,000.00"
2020-11-24,2020112404003466,NIBPO,54,25,554,370.00,"204,980.00"
2020-11-24,2020112404003665,NIBSF1,17,29,"1,000",10.80,"10,800.00"
2020-11-24,2020112404003541,NIBSF1,17,41,"20,150",10.80,"217,620.00"
2020-11-24,2020112404003540,NIBSF1,7,41,"10,000",10.81,"108,100.00"
2020-11-24,2020112404003539,NIBSF1,17,41,"5,000",10.82,"54,100.00"
2020-11-24,2020112404003538,NIBSF1,7,41,"4,850",10.83,"52,525.50"
2020-11-24,2020112404003481,NICGF,43,41,500,10.40,"5,200.00"
2020-11-24,2020112404003474,NICGF,17,28,"1,000",10.36,"10,360.00"
2020-11-24,2020112404003878,RBCLPO,32,1,10,"14,900.00","149,000.00"
2020-11-24,2020112404003872,RBCLPO,33,59,100,"15,000.00","1,500,000.00"
2020-11-24,2020112404003848,RBCLPO,50,40,141,"15,099.00","2,128,959.00"
2020-11-24,2020112404003847,RBCLPO,50,58,114,"15,000.00","1,710,000.00"
2020-11-24,2020112404003800,RBCLPO,32,58,80,"15,000.00","1,200,000.00"
2020-11-24,2020112404003799,RBCLPO,26,58,50,"15,001.00","750,050.00"
2020-11-24,2020112404003718,RBCLPO,32,1,10,"15,000.00","150,000.00"
2020-11-24,2020112404003717,RBCLPO,32,1,10,"15,000.00","150,000.00"
2020-11-24,2020112404003835,SAEF,6,34,"1,520",11.00,"16,720.00"
2020-11-24,2020112404003738,SAEF,26,34,"10,000",11.00,"110,000.00"
2020-11-24,2020112404003708,SAEF,25,34,"1,200",11.00,"13,200.00"
2020-11-24,2020112404003651,SAEF,41,34,"4,000",11.00,"44,000.00"
2020-11-24,2020112404003650,SAEF,47,34,500,11.00,"5,500.00"
2020-11-24,2020112404003649,SAEF,53,34,"7,000",11.00,"77,000.00"
2020-11-24,2020112404003648,SAEF,26,34,"5,000",11.01,"55,050.00"
2020-11-24,2020112404003465,SAEF,59,34,"2,500",11.00,"27,500.00"
2020-11-24,2020112404003464,SAEF,59,34,"2,500",11.00,"27,500.00"
2020-11-24,2020112404003952,SEF,5,34,"20,000",10.20,"204,000.00"
2020-11-24,2020112404003877,SEF,29,34,"28,400",10.20,"289,680.00"
2020-11-24,2020112404003781,SEF,8,57,"4,000",10.25,"41,000.00"
2020-11-24,2020112404003767,SEF,29,17,648,10.20,"6,609.60"
2020-11-24,2020112404003766,SEF,13,17,"9,352",10.20,"95,390.40"
2020-11-24,2020112404003764,SEF,13,34,"19,048",10.20,"194,289.60"
2020-11-24,2020112404003704,SEF,19,34,"10,000",10.20,"102,000.00"
2020-11-24,2020112404003816,SFMF,51,50,"1,000",10.38,"10,380.00"
2020-11-24,2020112404003954,SGI,33,38,10,616.00,"6,160.00"
2020-11-24,2020112404003953,SGI,33,8,10,616.00,"6,160.00"
2020-11-24,2020112404003951,SGI,33,38,10,616.00,"6,160.00"
2020-11-24,2020112404003944,SGI,33,22,30,616.00,"18,480.00"
2020-11-24,2020112404003922,SGI,33,38,10,616.00,"6,160.00"
2020-11-24,2020112404003919,SGI,33,19,10,616.00,"6,160.00"
2020-11-24,2020112404003475,SGI,38,36,10,617.00,"6,170.00"
2020-11-24,2020112404003472,SGI,38,14,10,617.00,"6,170.00"
2020-11-24,2020112404003471,SGI,38,59,10,617.00,"6,170.00"
2020-11-24,2020112404003491,SGI,38,45,10,617.00,"6,170.00"
2020-11-24,2020112404003484,SGI,38,6,10,617.00,"6,170.00"
2020-11-24,2020112404003483,SGI,38,59,10,617.00,"6,170.00"
2020-11-24,2020112404003482,SGI,38,46,10,617.00,"6,170.00"
2020-11-24,2020112404003479,SGI,38,42,10,617.00,"6,170.00"
2020-11-24,2020112404003478,SGI,38,14,10,617.00,"6,170.00"
2020-11-24,2020112404003503,SGI,37,55,10,618.00,"6,180.00"
2020-11-24,2020112404003502,SGI,37,19,100,618.00,"61,800.00"
2020-11-24,2020112404003501,SGI,37,49,10,618.00,"6,180.00"
2020-11-24,2020112404003500,SGI,38,45,10,617.00,"6,170.00"
2020-11-24,2020112404003494,SGI,38,36,10,617.00,"6,170.00"
2020-11-24,2020112404003492,SGI,38,45,10,617.00,"6,170.00"
2020-11-24,2020112404003520,SGI,38,53,10,617.00,"6,170.00"
2020-11-24,2020112404003510,SGI,38,38,10,617.00,"6,170.00"
2020-11-24,2020112404003507,SGI,38,58,10,617.00,"6,170.00"
2020-11-24,2020112404003506,SGI,38,42,10,617.00,"6,170.00"
2020-11-24,2020112404003505,SGI,37,58,164,619.00,"101,516.00"
2020-11-24,2020112404003504,SGI,37,49,10,618.00,"6,180.00"
2020-11-24,2020112404003534,SGI,45,14,100,615.00,"61,500.00"
2020-11-24,2020112404003533,SGI,6,14,10,615.00,"6,150.00"
2020-11-24,2020112404003532,SGI,7,14,150,615.00,"92,250.00"
2020-11-24,2020112404003530,SGI,7,49,10,615.00,"6,150.00"
2020-11-24,2020112404003523,SGI,7,38,10,615.00,"6,150.00"
2020-11-24,2020112404003521,SGI,38,53,100,617.00,"61,700.00"
2020-11-24,2020112404003562,SGI,7,36,10,613.00,"6,130.00"
2020-11-24,2020112404003561,SGI,7,4,10,613.00,"6,130.00"
2020-11-24,2020112404003560,SGI,7,38,10,613.00,"6,130.00"
2020-11-24,2020112404003554,SGI,7,38,10,613.00,"6,130.00"
2020-11-24,2020112404003548,SGI,7,38,10,613.00,"6,130.00"
2020-11-24,2020112404003535,SGI,7,14,640,613.00,"392,320.00"
2020-11-24,2020112404003571,SGI,7,38,10,613.00,"6,130.00"
2020-11-24,2020112404003570,SGI,7,42,10,613.00,"6,130.00"
2020-11-24,2020112404003569,SGI,7,38,10,613.00,"6,130.00"
2020-11-24,2020112404003567,SGI,7,4,10,613.00,"6,130.00"
2020-11-24,2020112404003564,SGI,7,55,28,613.00,"17,164.00"
2020-11-24,2020112404003563,SGI,7,19,10,613.00,"6,130.00"
2020-11-24,2020112404003578,SGI,21,4,10,613.00,"6,130.00"
2020-11-24,2020112404003576,SGI,58,38,10,613.00,"6,130.00"
2020-11-24,2020112404003575,SGI,58,42,10,613.00,"6,130.00"
2020-11-24,2020112404003574,SGI,58,4,10,613.00,"6,130.00"
2020-11-24,2020112404003573,SGI,7,42,10,613.00,"6,130.00"
2020-11-24,2020112404003572,SGI,7,35,10,613.00,"6,130.00"
2020-11-24,2020112404003595,SGI,21,4,10,613.00,"6,130.00"
2020-11-24,2020112404003594,SGI,21,38,10,613.00,"6,130.00"
2020-11-24,2020112404003593,SGI,21,32,10,613.00,"6,130.00"
2020-11-24,2020112404003588,SGI,46,17,10,615.00,"6,150.00"
2020-11-24,2020112404003587,SGI,46,22,10,615.00,"6,150.00"
2020-11-24,2020112404003585,SGI,21,4,10,613.00,"6,130.00"
2020-11-24,2020112404003619,SGI,34,40,10,611.00,"6,110.00"
2020-11-24,2020112404003617,SGI,21,58,10,613.00,"6,130.00"
2020-11-24,2020112404003613,SGI,21,49,10,613.00,"6,130.00"
2020-11-24,2020112404003612,SGI,21,57,10,613.00,"6,130.00"
2020-11-24,2020112404003610,SGI,21,48,10,613.00,"6,130.00"
2020-11-24,2020112404003609,SGI,21,4,10,613.00,"6,130.00"
2020-11-24,2020112404003629,SGI,53,14,60,613.00,"36,780.00"
2020-11-24,2020112404003628,SGI,16,14,130,613.00,"79,690.00"
2020-11-24,2020112404003624,SGI,16,22,10,613.00,"6,130.00"
2020-11-24,2020112404003623,SGI,16,28,10,613.00,"6,130.00"
2020-11-24,2020112404003622,SGI,16,4,10,613.00,"6,130.00"
2020-11-24,2020112404003620,SGI,34,38,10,611.00,"6,110.00"
2020-11-24,2020112404003639,SGI,19,49,10,614.00,"6,140.00"
2020-11-24,2020112404003638,SGI,19,55,10,613.00,"6,130.00"
2020-11-24,2020112404003637,SGI,19,38,10,613.00,"6,130.00"
2020-11-24,2020112404003636,SGI,19,14,10,613.00,"6,130.00"
2020-11-24,2020112404003631,SGI,34,25,10,611.00,"6,110.00"
2020-11-24,2020112404003630,SGI,34,29,10,611.00,"6,110.00"
2020-11-24,2020112404003655,SGI,42,19,10,615.00,"6,150.00"
2020-11-24,2020112404003654,SGI,42,17,10,615.00,"6,150.00"
2020-11-24,2020112404003653,SGI,42,17,10,615.00,"6,150.00"
2020-11-24,2020112404003652,SGI,19,26,10,614.00,"6,140.00"
2020-11-24,2020112404003643,SGI,19,36,10,614.00,"6,140.00"
2020-11-24,2020112404003642,SGI,19,17,10,614.00,"6,140.00"
2020-11-24,2020112404003661,SGI,42,36,10,616.00,"6,160.00"
2020-11-24,2020112404003660,SGI,42,4,10,615.00,"6,150.00"
2020-11-24,2020112404003659,SGI,42,4,10,615.00,"6,150.00"
2020-11-24,2020112404003658,SGI,42,4,10,615.00,"6,150.00"
2020-11-24,2020112404003657,SGI,42,4,10,615.00,"6,150.00"
2020-11-24,2020112404003656,SGI,42,4,10,615.00,"6,150.00"
2020-11-24,2020112404003676,SGI,19,57,10,614.00,"6,140.00"
2020-11-24,2020112404003670,SGI,19,10,10,614.00,"6,140.00"
2020-11-24,2020112404003669,SGI,19,38,10,614.00,"6,140.00"
2020-11-24,2020112404003664,SGI,42,53,80,617.00,"49,360.00"
2020-11-24,2020112404003663,SGI,42,44,20,616.00,"12,320.00"
2020-11-24,2020112404003662,SGI,42,4,10,616.00,"6,160.00"
2020-11-24,2020112404003695,SGI,25,4,10,615.00,"6,150.00"
2020-11-24,2020112404003694,SGI,25,4,10,615.00,"6,150.00"
2020-11-24,2020112404003693,SGI,25,4,10,615.00,"6,150.00"
2020-11-24,2020112404003692,SGI,25,4,10,615.00,"6,150.00"
2020-11-24,2020112404003691,SGI,25,4,10,615.00,"6,150.00"
2020-11-24,2020112404003690,SGI,25,4,10,615.00,"6,150.00"
2020-11-24,2020112404003715,SGI,33,14,30,615.00,"18,450.00"
2020-11-24,2020112404003714,SGI,19,43,10,614.00,"6,140.00"
2020-11-24,2020112404003713,SGI,19,21,10,614.00,"6,140.00"
2020-11-24,2020112404003703,SGI,25,14,420,615.00,"258,300.00"
2020-11-24,2020112404003701,SGI,25,16,10,615.00,"6,150.00"
2020-11-24,2020112404003696,SGI,25,34,10,615.00,"6,150.00"
2020-11-24,2020112404003742,SGI,53,55,10,617.00,"6,170.00"
2020-11-24,2020112404003741,SGI,53,42,10,617.00,"6,170.00"
2020-11-24,2020112404003740,SGI,53,53,60,617.00,"37,020.00"
2020-11-24,2020112404003739,SGI,53,56,10,616.00,"6,160.00"
2020-11-24,2020112404003723,SGI,33,14,146,615.00,"89,790.00"
2020-11-24,2020112404003716,SGI,33,42,10,615.00,"6,150.00"
2020-11-24,2020112404003748,SGI,53,22,60,619.00,"37,140.00"
2020-11-24,2020112404003747,SGI,53,52,10,619.00,"6,190.00"
2020-11-24,2020112404003746,SGI,53,1,10,619.00,"6,190.00"
2020-11-24,2020112404003745,SGI,53,4,10,618.00,"6,180.00"
2020-11-24,2020112404003744,SGI,53,42,10,618.00,"6,180.00"
2020-11-24,2020112404003743,SGI,53,39,10,617.00,"6,170.00"
2020-11-24,2020112404003765,SGI,42,57,10,616.00,"6,160.00"
2020-11-24,2020112404003758,SGI,55,57,20,615.00,"12,300.00"
2020-11-24,2020112404003757,SGI,19,57,10,614.00,"6,140.00"
2020-11-24,2020112404003756,SGI,19,13,10,614.00,"6,140.00"
2020-11-24,2020112404003754,SGI,42,57,10,616.00,"6,160.00"
2020-11-24,2020112404003750,SGI,33,59,10,615.00,"6,150.00"
2020-11-24,2020112404003775,SGI,55,50,20,619.00,"12,380.00"
2020-11-24,2020112404003774,SGI,55,42,10,619.00,"6,190.00"
2020-11-24,2020112404003773,SGI,55,22,40,619.00,"24,760.00"
2020-11-24,2020112404003771,SGI,29,45,10,616.00,"6,160.00"
2020-11-24,2020112404003770,SGI,29,57,190,616.00,"117,040.00"
2020-11-24,2020112404003769,SGI,55,49,10,615.00,"6,150.00"
2020-11-24,2020112404003792,SGI,21,38,10,615.00,"6,150.00"
2020-11-24,2020112404003791,SGI,21,35,10,615.00,"6,150.00"
2020-11-24,2020112404003786,SGI,21,16,10,615.00,"6,150.00"
2020-11-24,2020112404003784,SGI,21,47,10,615.00,"6,150.00"
2020-11-24,2020112404003782,SGI,21,29,10,615.00,"6,150.00"
2020-11-24,2020112404003779,SGI,21,34,10,615.00,"6,150.00"
2020-11-24,2020112404003810,SGI,7,48,10,616.00,"6,160.00"
2020-11-24,2020112404003808,SGI,7,1,10,616.00,"6,160.00"
2020-11-24,2020112404003801,SGI,7,1,10,616.00,"6,160.00"
2020-11-24,2020112404003796,SGI,7,28,10,616.00,"6,160.00"
2020-11-24,2020112404003795,SGI,7,35,130,616.00,"80,080.00"
2020-11-24,2020112404003794,SGI,7,34,10,616.00,"6,160.00"
2020-11-24,2020112404003841,SGI,34,38,10,616.00,"6,160.00"
2020-11-24,2020112404003834,SGI,34,38,10,616.00,"6,160.00"
2020-11-24,2020112404003833,SGI,34,21,10,616.00,"6,160.00"
2020-11-24,2020112404003829,SGI,34,50,10,616.00,"6,160.00"
2020-11-24,2020112404003827,SGI,7,38,10,616.00,"6,160.00"
2020-11-24,2020112404003818,SGI,7,38,10,616.00,"6,160.00"
2020-11-24,2020112404003854,SGI,42,47,10,616.00,"6,160.00"
2020-11-24,2020112404003853,SGI,41,17,60,617.00,"37,020.00"
2020-11-24,2020112404003852,SGI,41,6,10,617.00,"6,170.00"
2020-11-24,2020112404003851,SGI,41,58,10,617.00,"6,170.00"
2020-11-24,2020112404003844,SGI,34,22,10,616.00,"6,160.00"
2020-11-24,2020112404003843,SGI,34,36,10,616.00,"6,160.00"
2020-11-24,2020112404003867,SGI,49,55,25,616.00,"15,400.00"
2020-11-24,2020112404003866,SGI,29,55,30,616.00,"18,480.00"
2020-11-24,2020112404003862,SGI,29,42,10,616.00,"6,160.00"
2020-11-24,2020112404003861,SGI,29,6,10,616.00,"6,160.00"
2020-11-24,2020112404003858,SGI,29,26,10,616.00,"6,160.00"
2020-11-24,2020112404003857,SGI,42,47,10,616.00,"6,160.00"
2020-11-24,2020112404003882,SGI,32,55,30,616.00,"18,480.00"
2020-11-24,2020112404003879,SGI,45,47,10,615.00,"6,150.00"
2020-11-24,2020112404003876,SGI,21,49,10,615.00,"6,150.00"
2020-11-24,2020112404003873,SGI,21,47,10,615.00,"6,150.00"
2020-11-24,2020112404003871,SGI,21,56,10,615.00,"6,150.00"
2020-11-24,2020112404003870,SGI,21,38,10,615.00,"6,150.00"
2020-11-24,2020112404003898,SGI,41,57,10,615.00,"6,150.00"
2020-11-24,2020112404003895,SGI,41,50,500,615.00,"307,500.00"
2020-11-24,2020112404003894,SGI,41,58,20,615.00,"12,300.00"
2020-11-24,2020112404003893,SGI,56,58,70,615.00,"43,050.00"
2020-11-24,2020112404003892,SGI,45,58,10,615.00,"6,150.00"
2020-11-24,2020112404003889,SGI,45,38,10,615.00,"6,150.00"
2020-11-24,2020112404003918,SGI,33,55,20,616.00,"12,320.00"
2020-11-24,2020112404003906,SGI,41,32,10,615.00,"6,150.00"
2020-11-24,2020112404003904,SGI,41,14,10,615.00,"6,150.00"
2020-11-24,2020112404003902,SGI,41,38,10,615.00,"6,150.00"
2020-11-24,2020112404003901,SGI,41,47,10,615.00,"6,150.00"
2020-11-24,2020112404003900,SGI,32,55,30,616.00,"18,480.00"
2020-11-24,2020112404003903,STC,5,58,20,"7,450.00","149,000.00"
2020-11-24,2020112404003842,STC,3,58,50,"7,450.00","372,500.00"
2020-11-24,2020112404003815,STC,33,48,20,"7,444.00","148,880.00"
2020-11-24,2020112404003777,STC,8,32,30,"7,444.00","223,320.00"
2020-11-24,2020112404003753,STC,8,42,10,"7,444.00","74,440.00"
2020-11-24,2020112404003536,STC,45,38,10,"7,444.00","74,440.00"
2020-11-24,2020112404003531,STC,45,28,10,"7,444.00","74,440.00"
2020-11-24,2020112404003499,STC,45,32,10,"7,440.00","74,400.00"
2020-11-24,2020112404003490,STC,49,53,20,"7,364.00","147,280.00"
2020-11-24,2020112404003477,STC,21,32,40,"7,440.00","297,600.00"
2020-11-24,2020112404003444,BBC,41,58,10,"3,500.00","35,000.00"
2020-11-24,2020112404003082,BBC,40,58,10,"3,500.00","35,000.00"
2020-11-24,2020112404003456,GIC,42,47,10,578.00,"5,780.00"
2020-11-24,2020112404003455,GIC,4,42,10,577.00,"5,770.00"
2020-11-24,2020112404003454,GIC,4,6,10,577.00,"5,770.00"
2020-11-24,2020112404003451,GIC,4,57,57,577.00,"32,889.00"
2020-11-24,2020112404003448,GIC,43,57,60,577.00,"34,620.00"
2020-11-24,2020112404003447,GIC,57,57,33,577.00,"19,041.00"
2020-11-24,2020112404002969,GIC,52,51,10,567.00,"5,670.00"
2020-11-24,2020112404002967,GIC,52,5,10,567.00,"5,670.00"
2020-11-24,2020112404002966,GIC,32,5,200,567.00,"113,400.00"
2020-11-24,2020112404002965,GIC,14,5,50,568.00,"28,400.00"
2020-11-24,2020112404002964,GIC,14,55,10,568.00,"5,680.00"
2020-11-24,2020112404002979,GIC,33,45,10,569.00,"5,690.00"
2020-11-24,2020112404002978,GIC,33,42,10,569.00,"5,690.00"
2020-11-24,2020112404002977,GIC,33,58,20,569.00,"11,380.00"
2020-11-24,2020112404002976,GIC,33,16,50,569.00,"28,450.00"
2020-11-24,2020112404002975,GIC,33,52,100,569.00,"56,900.00"
2020-11-24,2020112404002974,GIC,33,1,10,568.00,"5,680.00"
2020-11-24,2020112404002987,GIC,33,49,50,570.00,"28,500.00"
2020-11-24,2020112404002986,GIC,33,56,10,570.00,"5,700.00"
2020-11-24,2020112404002984,GIC,33,38,10,569.00,"5,690.00"
2020-11-24,2020112404002982,GIC,33,51,100,569.00,"56,900.00"
2020-11-24,2020112404002981,GIC,33,34,10,569.00,"5,690.00"
2020-11-24,2020112404002980,GIC,33,57,10,569.00,"5,690.00"
2020-11-24,2020112404003010,GIC,52,40,10,568.00,"5,680.00"
2020-11-24,2020112404002994,GIC,52,59,10,567.00,"5,670.00"
2020-11-24,2020112404002991,GIC,33,14,90,570.00,"51,300.00"
2020-11-24,2020112404002990,GIC,33,42,10,570.00,"5,700.00"
2020-11-24,2020112404002989,GIC,33,49,500,570.00,"285,000.00"
2020-11-24,2020112404002988,GIC,33,58,10,570.00,"5,700.00"
2020-11-24,2020112404003022,GIC,33,14,10,570.00,"5,700.00"
2020-11-24,2020112404003021,GIC,33,47,10,569.00,"5,690.00"
2020-11-24,2020112404003018,GIC,54,47,190,569.00,"108,110.00"
2020-11-24,2020112404003017,GIC,54,56,10,568.00,"5,680.00"
2020-11-24,2020112404003016,GIC,52,51,10,567.00,"5,670.00"
2020-11-24,2020112404003013,GIC,52,52,10,568.00,"5,680.00"
2020-11-24,2020112404003028,GIC,33,21,120,570.00,"68,400.00"
2020-11-24,2020112404003027,GIC,33,17,10,570.00,"5,700.00"
2020-11-24,2020112404003026,GIC,33,45,300,570.00,"171,000.00"
2020-11-24,2020112404003025,GIC,33,41,20,570.00,"11,400.00"
2020-11-24,2020112404003024,GIC,33,42,50,570.00,"28,500.00"
2020-11-24,2020112404003023,GIC,33,57,20,570.00,"11,400.00"
2020-11-24,2020112404003034,GIC,33,32,10,570.00,"5,700.00"
2020-11-24,2020112404003033,GIC,33,38,10,570.00,"5,700.00"
2020-11-24,2020112404003032,GIC,33,58,10,570.00,"5,700.00"
2020-11-24,2020112404003031,GIC,33,19,10,570.00,"5,700.00"
2020-11-24,2020112404003030,GIC,33,56,10,570.00,"5,700.00"
2020-11-24,2020112404003029,GIC,33,50,120,570.00,"68,400.00"
2020-11-24,2020112404003040,GIC,33,44,10,570.00,"5,700.00"
2020-11-24,2020112404003039,GIC,33,58,10,570.00,"5,700.00"
2020-11-24,2020112404003038,GIC,33,38,200,570.00,"114,000.00"
2020-11-24,2020112404003037,GIC,33,45,10,570.00,"5,700.00"
2020-11-24,2020112404003036,GIC,33,8,10,570.00,"5,700.00"
2020-11-24,2020112404003035,GIC,33,16,10,570.00,"5,700.00"
2020-11-24,2020112404003051,GIC,16,22,10,568.00,"5,680.00"
2020-11-24,2020112404003050,GIC,16,19,10,568.00,"5,680.00"
2020-11-24,2020112404003048,GIC,7,50,50,570.00,"28,500.00"
2020-11-24,2020112404003046,GIC,43,35,10,567.00,"5,670.00"
2020-11-24,2020112404003045,GIC,43,56,10,567.00,"5,670.00"
2020-11-24,2020112404003041,GIC,33,50,40,570.00,"22,800.00"
2020-11-24,2020112404003083,GIC,10,38,10,569.00,"5,690.00"
2020-11-24,2020112404003062,GIC,59,50,90,570.00,"51,300.00"
2020-11-24,2020112404003061,GIC,59,56,10,569.00,"5,690.00"
2020-11-24,2020112404003060,GIC,16,47,10,568.00,"5,680.00"
2020-11-24,2020112404003053,GIC,16,35,10,568.00,"5,680.00"
2020-11-24,2020112404003052,GIC,16,6,10,568.00,"5,680.00"
2020-11-24,2020112404003098,GIC,58,34,20,568.00,"11,360.00"
2020-11-24,2020112404003097,GIC,44,34,50,568.00,"28,400.00"
2020-11-24,2020112404003096,GIC,16,34,30,568.00,"17,040.00"
2020-11-24,2020112404003095,GIC,16,38,10,568.00,"5,680.00"
2020-11-24,2020112404003085,GIC,55,47,50,569.00,"28,450.00"
2020-11-24,2020112404003084,GIC,10,50,190,570.00,"108,300.00"
2020-11-24,2020112404003115,GIC,43,40,10,567.00,"5,670.00"
2020-11-24,2020112404003112,GIC,26,26,10,568.00,"5,680.00"
2020-11-24,2020112404003106,GIC,26,18,10,568.00,"5,680.00"
2020-11-24,2020112404003105,GIC,26,39,100,568.00,"56,800.00"
2020-11-24,2020112404003100,GIC,26,57,10,568.00,"5,680.00"
2020-11-24,2020112404003099,GIC,26,34,70,568.00,"39,760.00"
2020-11-24,2020112404003126,GIC,26,48,140,569.00,"79,660.00"
2020-11-24,2020112404003125,GIC,26,39,100,569.00,"56,900.00"
2020-11-24,2020112404003124,GIC,26,45,10,569.00,"5,690.00"
2020-11-24,2020112404003123,GIC,26,55,50,569.00,"28,450.00"
2020-11-24,2020112404003119,GIC,53,40,10,568.00,"5,680.00"
2020-11-24,2020112404003118,GIC,43,45,10,567.00,"5,670.00"
2020-11-24,2020112404003140,GIC,53,49,10,568.00,"5,680.00"
2020-11-24,2020112404003134,GIC,53,55,10,568.00,"5,680.00"
2020-11-24,2020112404003130,GIC,53,45,10,568.00,"5,680.00"
2020-11-24,2020112404003129,GIC,53,52,10,568.00,"5,680.00"
2020-11-24,2020112404003128,GIC,53,51,10,568.00,"5,680.00"
2020-11-24,2020112404003127,GIC,53,35,102,568.00,"57,936.00"
2020-11-24,2020112404003146,GIC,58,45,30,570.00,"17,100.00"
2020-11-24,2020112404003145,GIC,58,19,50,570.00,"28,500.00"
2020-11-24,2020112404003144,GIC,58,13,250,570.00,"142,500.00"
2020-11-24,2020112404003143,GIC,58,50,80,570.00,"45,600.00"
2020-11-24,2020112404003142,GIC,58,45,10,569.00,"5,690.00"
2020-11-24,2020112404003141,GIC,58,48,60,569.00,"34,140.00"
2020-11-24,2020112404003152,GIC,58,42,10,570.00,"5,700.00"
2020-11-24,2020112404003151,GIC,58,13,10,570.00,"5,700.00"
2020-11-24,2020112404003150,GIC,58,6,10,570.00,"5,700.00"
2020-11-24,2020112404003149,GIC,58,35,500,570.00,"285,000.00"
2020-11-24,2020112404003148,GIC,58,34,250,570.00,"142,500.00"
2020-11-24,2020112404003147,GIC,58,59,100,570.00,"57,000.00"
2020-11-24,2020112404003158,GIC,58,58,10,571.00,"5,710.00"
2020-11-24,2020112404003157,GIC,58,41,10,571.00,"5,710.00"
2020-11-24,2020112404003156,GIC,58,57,60,570.00,"34,200.00"
2020-11-24,2020112404003155,GIC,58,3,10,570.00,"5,700.00"
2020-11-24,2020112404003154,GIC,58,16,100,570.00,"57,000.00"
2020-11-24,2020112404003153,GIC,58,33,200,570.00,"114,000.00"
2020-11-24,2020112404003164,GIC,58,26,10,571.00,"5,710.00"
2020-11-24,2020112404003163,GIC,58,48,10,571.00,"5,710.00"
2020-11-24,2020112404003162,GIC,58,41,10,571.00,"5,710.00"
2020-11-24,2020112404003161,GIC,58,11,50,571.00,"28,550.00"
2020-11-24,2020112404003160,GIC,58,49,10,571.00,"5,710.00"
2020-11-24,2020112404003159,GIC,58,48,100,571.00,"57,100.00"
2020-11-24,2020112404003170,GIC,58,21,10,573.00,"5,730.00"
2020-11-24,2020112404003169,GIC,58,25,200,572.00,"114,400.00"
2020-11-24,2020112404003168,GIC,58,49,"1,510",572.00,"863,720.00"
2020-11-24,2020112404003167,GIC,58,43,10,571.00,"5,710.00"
2020-11-24,2020112404003166,GIC,58,33,890,571.00,"508,190.00"
2020-11-24,2020112404003165,GIC,58,14,100,571.00,"57,100.00"
2020-11-24,2020112404003176,GIC,58,42,10,573.00,"5,730.00"
2020-11-24,2020112404003175,GIC,58,4,10,573.00,"5,730.00"
2020-11-24,2020112404003174,GIC,58,58,10,573.00,"5,730.00"
2020-11-24,2020112404003173,GIC,58,38,10,573.00,"5,730.00"
2020-11-24,2020112404003172,GIC,58,42,18,573.00,"10,314.00"
2020-11-24,2020112404003171,GIC,58,50,200,573.00,"114,600.00"
2020-11-24,2020112404003182,GIC,58,52,200,575.00,"115,000.00"
2020-11-24,2020112404003181,GIC,58,57,50,575.00,"28,750.00"
2020-11-24,2020112404003180,GIC,58,58,50,575.00,"28,750.00"
2020-11-24,2020112404003179,GIC,58,59,500,575.00,"287,500.00"
2020-11-24,2020112404003178,GIC,58,44,700,574.00,"401,800.00"
2020-11-24,2020112404003177,GIC,58,48,10,574.00,"5,740.00"
2020-11-24,2020112404003188,GIC,58,42,100,575.00,"57,500.00"
2020-11-24,2020112404003187,GIC,58,34,50,575.00,"28,750.00"
2020-11-24,2020112404003186,GIC,58,37,10,575.00,"5,750.00"
2020-11-24,2020112404003185,GIC,58,25,300,575.00,"172,500.00"
2020-11-24,2020112404003184,GIC,58,3,150,575.00,"86,250.00"
2020-11-24,2020112404003183,GIC,58,1,200,575.00,"115,000.00"
2020-11-24,2020112404003196,GIC,58,42,10,575.00,"5,750.00"
2020-11-24,2020112404003195,GIC,58,45,10,575.00,"5,750.00"
2020-11-24,2020112404003194,GIC,58,26,10,575.00,"5,750.00"
2020-11-24,2020112404003191,GIC,58,19,30,575.00,"17,250.00"
2020-11-24,2020112404003190,GIC,58,50,10,575.00,"5,750.00"
2020-11-24,2020112404003189,GIC,58,50,50,575.00,"28,750.00"
2020-11-24,2020112404003208,GIC,58,49,10,575.00,"5,750.00"
2020-11-24,2020112404003206,GIC,58,49,10,575.00,"5,750.00"
2020-11-24,2020112404003205,GIC,58,57,50,575.00,"28,750.00"
2020-11-24,2020112404003204,GIC,58,28,10,575.00,"5,750.00"
2020-11-24,2020112404003200,GIC,58,57,10,575.00,"5,750.00"
2020-11-24,2020112404003198,GIC,58,52,20,575.00,"11,500.00"
2020-11-24,2020112404003217,GIC,56,49,10,576.00,"5,760.00"
2020-11-24,2020112404003213,GIC,56,44,10,576.00,"5,760.00"
2020-11-24,2020112404003212,GIC,56,19,10,576.00,"5,760.00"
2020-11-24,2020112404003211,GIC,58,28,50,575.00,"28,750.00"
2020-11-24,2020112404003210,GIC,58,43,100,575.00,"57,500.00"
2020-11-24,2020112404003209,GIC,58,16,10,575.00,"5,750.00"
2020-11-24,2020112404003240,GIC,56,49,10,576.00,"5,760.00"
2020-11-24,2020112404003238,GIC,56,49,10,576.00,"5,760.00"
2020-11-24,2020112404003237,GIC,56,8,10,576.00,"5,760.00"
2020-11-24,2020112404003236,GIC,56,49,10,576.00,"5,760.00"
2020-11-24,2020112404003222,GIC,56,51,10,576.00,"5,760.00"
2020-11-24,2020112404003221,GIC,56,49,10,576.00,"5,760.00"
2020-11-24,2020112404003246,GIC,26,11,10,578.00,"5,780.00"
2020-11-24,2020112404003245,GIC,26,33,100,578.00,"57,800.00"
2020-11-24,2020112404003244,GIC,26,36,10,578.00,"5,780.00"
2020-11-24,2020112404003243,GIC,26,58,10,577.00,"5,770.00"
2020-11-24,2020112404003242,GIC,26,26,40,577.00,"23,080.00"
2020-11-24,2020112404003241,GIC,26,21,10,577.00,"5,770.00"
2020-11-24,2020112404003258,GIC,32,58,100,578.00,"57,800.00"
2020-11-24,2020112404003257,GIC,32,1,10,578.00,"5,780.00"
2020-11-24,2020112404003256,GIC,32,20,10,578.00,"5,780.00"
2020-11-24,2020112404003255,GIC,32,51,30,578.00,"17,340.00"
2020-11-24,2020112404003254,GIC,32,21,10,577.00,"5,770.00"
2020-11-24,2020112404003247,GIC,26,51,20,578.00,"11,560.00"
2020-11-24,2020112404003264,GIC,32,16,10,578.00,"5,780.00"
2020-11-24,2020112404003263,GIC,32,41,10,578.00,"5,780.00"
2020-11-24,2020112404003262,GIC,32,14,10,578.00,"5,780.00"
2020-11-24,2020112404003261,GIC,32,42,150,578.00,"86,700.00"
2020-11-24,2020112404003260,GIC,32,42,10,578.00,"5,780.00"
2020-11-24,2020112404003259,GIC,32,35,10,578.00,"5,780.00"
2020-11-24,2020112404003282,GIC,42,14,10,580.00,"5,800.00"
2020-11-24,2020112404003281,GIC,42,19,10,579.00,"5,790.00"
2020-11-24,2020112404003280,GIC,42,47,60,578.00,"34,680.00"
2020-11-24,2020112404003278,GIC,56,38,10,576.00,"5,760.00"
2020-11-24,2020112404003271,GIC,56,38,10,576.00,"5,760.00"
2020-11-24,2020112404003265,GIC,32,47,140,578.00,"80,920.00"
2020-11-24,2020112404003340,GIC,41,16,10,578.00,"5,780.00"
2020-11-24,2020112404003288,GIC,41,52,50,578.00,"28,900.00"
2020-11-24,2020112404003287,GIC,41,16,10,578.00,"5,780.00"
2020-11-24,2020112404003286,GIC,41,41,10,578.00,"5,780.00"
2020-11-24,2020112404003284,GIC,42,22,110,580.00,"63,800.00"
2020-11-24,2020112404003283,GIC,42,58,10,580.00,"5,800.00"
2020-11-24,2020112404003351,GIC,56,33,10,576.00,"5,760.00"
2020-11-24,2020112404003350,GIC,56,42,10,576.00,"5,760.00"
2020-11-24,2020112404003349,GIC,56,16,10,576.00,"5,760.00"
2020-11-24,2020112404003345,GIC,56,28,200,576.00,"115,200.00"
2020-11-24,2020112404003342,GIC,41,46,10,578.00,"5,780.00"
2020-11-24,2020112404003341,GIC,41,42,10,578.00,"5,780.00"
2020-11-24,2020112404003362,GIC,57,17,90,577.00,"51,930.00"
2020-11-24,2020112404003360,GIC,56,16,10,576.00,"5,760.00"
2020-11-24,2020112404003359,GIC,56,16,10,576.00,"5,760.00"
2020-11-24,2020112404003358,GIC,56,45,10,576.00,"5,760.00"
2020-11-24,2020112404003357,GIC,56,16,10,576.00,"5,760.00"
2020-11-24,2020112404003352,GIC,56,16,10,576.00,"5,760.00"
2020-11-24,2020112404003378,GIC,57,52,50,577.00,"28,850.00"
2020-11-24,2020112404003377,GIC,57,45,10,577.00,"5,770.00"
2020-11-24,2020112404003374,GIC,57,42,10,577.00,"5,770.00"
2020-11-24,2020112404003367,GIC,57,41,10,577.00,"5,770.00"
2020-11-24,2020112404003366,GIC,57,16,10,577.00,"5,770.00"
2020-11-24,2020112404003365,GIC,57,17,10,577.00,"5,770.00"
2020-11-24,2020112404003396,GIC,57,16,10,577.00,"5,770.00"
2020-11-24,2020112404003391,GIC,57,16,10,577.00,"5,770.00"
2020-11-24,2020112404003386,GIC,57,32,10,577.00,"5,770.00"
2020-11-24,2020112404003385,GIC,57,16,10,577.00,"5,770.00"
2020-11-24,2020112404003382,GIC,57,38,10,577.00,"5,770.00"
2020-11-24,2020112404003380,GIC,57,16,10,577.00,"5,770.00"
2020-11-24,2020112404003419,GIC,49,43,20,578.00,"11,560.00"
2020-11-24,2020112404003416,GIC,57,28,50,577.00,"28,850.00"
2020-11-24,2020112404003413,GIC,57,41,10,577.00,"5,770.00"
2020-11-24,2020112404003407,GIC,57,57,10,577.00,"5,770.00"
2020-11-24,2020112404003399,GIC,57,33,10,577.00,"5,770.00"
2020-11-24,2020112404003398,GIC,57,55,27,577.00,"15,579.00"
2020-11-24,2020112404003425,GIC,57,57,10,577.00,"5,770.00"
2020-11-24,2020112404003424,GIC,49,52,10,578.00,"5,780.00"
2020-11-24,2020112404003423,GIC,49,4,10,578.00,"5,780.00"
2020-11-24,2020112404003422,GIC,49,42,10,578.00,"5,780.00"
2020-11-24,2020112404003421,GIC,49,49,10,578.00,"5,780.00"
2020-11-24,2020112404003420,GIC,49,49,70,578.00,"40,460.00"
2020-11-24,2020112404003443,GIC,57,26,10,577.00,"5,770.00"
2020-11-24,2020112404003439,GIC,57,13,10,577.00,"5,770.00"
2020-11-24,2020112404003438,GIC,57,21,10,577.00,"5,770.00"
2020-11-24,2020112404003436,GIC,57,57,10,577.00,"5,770.00"
2020-11-24,2020112404003433,GIC,57,43,50,577.00,"28,850.00"
2020-11-24,2020112404003426,GIC,57,21,10,577.00,"5,770.00"
2020-11-24,2020112404003015,NBF2,13,19,"6,000",9.79,"58,740.00"
2020-11-24,2020112404003369,NEF,44,56,"5,954",9.95,"59,242.30"
2020-11-24,2020112404003364,NEF,44,6,"10,000",9.94,"99,400.00"
2020-11-24,2020112404003136,NEF,33,32,"4,828",9.87,"47,652.36"
2020-11-24,2020112404003253,NIBLPF,22,32,"1,203",9.99,"12,017.97"
2020-11-24,2020112404003252,NIBLPF,47,32,"5,000",9.99,"49,950.00"
2020-11-24,2020112404003251,NIBLPF,6,32,"1,372",10.00,"13,720.00"
2020-11-24,2020112404003047,NIBLPF,6,38,"2,525",10.00,"25,250.00"
2020-11-24,2020112404003008,NIBLPF,6,34,800,10.00,"8,000.00"
2020-11-24,2020112404003001,NIBLPF,6,11,303,10.00,"3,030.00"
2020-11-24,2020112404003000,NIBLPF,6,11,"2,222",10.00,"22,220.00"
2020-11-24,2020112404003405,NIBPO,54,54,"1,946",370.00,"720,020.00"
2020-11-24,2020112404003404,NIBPO,11,54,54,370.00,"19,980.00"
2020-11-24,2020112404003383,NIBPO,11,35,176,370.00,"65,120.00"
2020-11-24,2020112404002992,NIBPO,54,54,"2,000",373.00,"746,000.00"
2020-11-24,2020112404003207,NIBSF1,7,32,"8,500",10.81,"91,885.00"
2020-11-24,2020112404003071,NICBF,5,25,200,9.80,"1,960.00"
2020-11-24,2020112404003445,NMB50,50,49,200,10.30,"2,060.00"
2020-11-24,2020112404003373,NMB50,41,16,500,10.20,"5,100.00"
2020-11-24,2020112404003372,NMB50,41,22,500,10.20,"5,100.00"
2020-11-24,2020112404003371,NMB50,41,21,200,10.20,"2,040.00"
2020-11-24,2020112404003343,NMB50,41,25,200,10.09,"2,018.00"
2020-11-24,2020112404003434,NMBHF1,17,49,"4,161",10.11,"42,067.71"
2020-11-24,2020112404003417,NMBHF1,17,49,499,10.11,"5,044.89"
2020-11-24,2020112404003388,NMBHF1,17,49,"1,248",10.11,"12,617.28"
2020-11-24,2020112404003215,NMBHF1,17,32,"5,400",10.11,"54,594.00"
2020-11-24,2020112404003214,NMBHF1,17,32,"1,256",10.15,"12,748.40"
2020-11-24,2020112404003073,NMBHF1,17,38,"2,576",10.16,"26,172.16"
2020-11-24,2020112404003019,NMBHF1,51,38,"1,585",10.16,"16,103.60"
2020-11-24,2020112404002996,NMBHF1,17,49,"4,161",10.20,"42,442.20"
2020-11-24,2020112404002995,NMBHF1,17,49,"4,161",10.20,"42,442.20"
2020-11-24,2020112404003418,RBCLPO,54,35,530,"15,100.00","8,003,000.00"
2020-11-24,2020112404003409,RBCLPO,54,16,10,"15,100.00","151,000.00"
2020-11-24,2020112404003348,RBCLPO,50,11,10,"15,100.00","151,000.00"
2020-11-24,2020112404003347,RBCLPO,50,6,10,"15,100.00","151,000.00"
2020-11-24,2020112404003346,RBCLPO,50,45,10,"15,100.00","151,000.00"
2020-11-24,2020112404003113,RBCLPO,33,57,34,"15,000.00","510,000.00"
2020-11-24,2020112404003103,RBCLPO,33,6,10,"15,000.00","150,000.00"
2020-11-24,2020112404003059,RBCLPO,33,58,50,"15,000.00","750,000.00"
2020-11-24,2020112404002972,RBCLPO,33,59,50,"15,150.00","757,500.00"
2020-11-24,2020112404003463,SAEF,59,34,"2,500",11.00,"27,500.00"
2020-11-24,2020112404003462,SAEF,59,34,"2,500",11.00,"27,500.00"
2020-11-24,2020112404003461,SAEF,59,34,"2,500",11.00,"27,500.00"
2020-11-24,2020112404003460,SAEF,34,34,"5,000",11.01,"55,050.00"
2020-11-24,2020112404003459,SAEF,34,34,"5,000",11.02,"55,100.00"
2020-11-24,2020112404003458,SAEF,53,34,"7,000",11.03,"77,210.00"
2020-11-24,2020112404003457,SAEF,41,34,"3,750",11.05,"41,437.50"
2020-11-24,2020112404003412,SAEF,41,28,"1,250",11.05,"13,812.50"
2020-11-24,2020112404003411,SAEF,59,28,750,11.06,"8,295.00"
2020-11-24,2020112404003135,SAEF,50,32,100,11.16,"1,116.00"
2020-11-24,2020112404003403,SFMF,50,34,100,10.39,"1,039.00"
2020-11-24,2020112404003453,SGI,38,57,10,617.00,"6,170.00"
2020-11-24,2020112404003452,SGI,38,42,10,617.00,"6,170.00"
2020-11-24,2020112404003450,SGI,38,21,10,617.00,"6,170.00"
2020-11-24,2020112404003449,SGI,38,41,10,617.00,"6,170.00"
2020-11-24,2020112404003446,SGI,38,26,10,617.00,"6,170.00"
2020-11-24,2020112404003442,SGI,38,35,10,617.00,"6,170.00"
2020-11-24,2020112404002983,SGI,45,53,10,611.00,"6,110.00"
2020-11-24,2020112404002973,SGI,45,55,10,611.00,"6,110.00"
2020-11-24,2020112404002971,SGI,45,52,10,611.00,"6,110.00"
2020-11-24,2020112404002970,SGI,45,45,10,611.00,"6,110.00"
2020-11-24,2020112404002968,SGI,45,53,10,611.00,"6,110.00"
2020-11-24,2020112404003002,SGI,34,38,10,611.00,"6,110.00"
2020-11-24,2020112404002999,SGI,58,4,5,612.00,"3,060.00"
2020-11-24,2020112404002998,SGI,45,38,10,611.00,"6,110.00"
2020-11-24,2020112404002997,SGI,45,52,10,611.00,"6,110.00"
2020-11-24,2020112404002993,SGI,45,52,10,611.00,"6,110.00"
2020-11-24,2020112404002985,SGI,45,52,10,611.00,"6,110.00"
2020-11-24,2020112404003009,SGI,34,19,10,611.00,"6,110.00"
2020-11-24,2020112404003007,SGI,34,51,10,611.00,"6,110.00"
2020-11-24,2020112404003006,SGI,34,36,10,611.00,"6,110.00"
2020-11-24,2020112404003005,SGI,34,47,10,611.00,"6,110.00"
2020-11-24,2020112404003004,SGI,34,53,10,611.00,"6,110.00"
2020-11-24,2020112404003003,SGI,34,52,10,611.00,"6,110.00"
2020-11-24,2020112404003043,SGI,34,22,10,611.00,"6,110.00"
2020-11-24,2020112404003042,SGI,34,51,10,611.00,"6,110.00"
2020-11-24,2020112404003020,SGI,34,52,10,611.00,"6,110.00"
2020-11-24,2020112404003014,SGI,34,40,10,611.00,"6,110.00"
2020-11-24,2020112404003012,SGI,34,53,10,611.00,"6,110.00"
2020-11-24,2020112404003011,SGI,34,55,10,611.00,"6,110.00"
2020-11-24,2020112404003058,SGI,34,52,10,611.00,"6,110.00"
2020-11-24,2020112404003057,SGI,49,6,10,612.00,"6,120.00"
2020-11-24,2020112404003056,SGI,49,52,10,612.00,"6,120.00"
2020-11-24,2020112404003055,SGI,34,49,10,611.00,"6,110.00"
2020-11-24,2020112404003054,SGI,34,56,10,611.00,"6,110.00"
2020-11-24,2020112404003049,SGI,34,55,10,611.00,"6,110.00"
2020-11-24,2020112404003068,SGI,43,55,10,613.00,"6,130.00"
2020-11-24,2020112404003067,SGI,43,17,10,613.00,"6,130.00"
2020-11-24,2020112404003066,SGI,43,43,50,613.00,"30,650.00"
2020-11-24,2020112404003065,SGI,43,58,10,613.00,"6,130.00"
2020-11-24,2020112404003064,SGI,43,34,10,613.00,"6,130.00"
2020-11-24,2020112404003063,SGI,43,1,10,613.00,"6,130.00"
2020-11-24,2020112404003076,SGI,43,47,10,613.00,"6,130.00"
2020-11-24,2020112404003075,SGI,43,52,10,613.00,"6,130.00"
2020-11-24,2020112404003074,SGI,43,22,10,613.00,"6,130.00"
2020-11-24,2020112404003072,SGI,43,58,10,613.00,"6,130.00"
2020-11-24,2020112404003070,SGI,43,49,10,613.00,"6,130.00"
2020-11-24,2020112404003069,SGI,43,19,10,613.00,"6,130.00"
2020-11-24,2020112404003086,SGI,43,49,10,613.00,"6,130.00"
2020-11-24,2020112404003081,SGI,43,49,10,613.00,"6,130.00"
2020-11-24,2020112404003080,SGI,58,38,10,614.00,"6,140.00"
2020-11-24,2020112404003079,SGI,58,45,10,614.00,"6,140.00"
2020-11-24,2020112404003078,SGI,43,29,10,613.00,"6,130.00"
2020-11-24,2020112404003077,SGI,43,34,10,613.00,"6,130.00"
2020-11-24,2020112404003093,SGI,58,6,10,615.00,"6,150.00"
2020-11-24,2020112404003092,SGI,58,25,10,615.00,"6,150.00"
2020-11-24,2020112404003091,SGI,58,45,10,615.00,"6,150.00"
2020-11-24,2020112404003090,SGI,58,58,10,614.00,"6,140.00"
2020-11-24,2020112404003089,SGI,7,32,200,613.00,"122,600.00"
2020-11-24,2020112404003088,SGI,7,49,10,613.00,"6,130.00"
2020-11-24,2020112404003108,SGI,7,44,20,616.00,"12,320.00"
2020-11-24,2020112404003107,SGI,7,50,10,616.00,"6,160.00"
2020-11-24,2020112404003104,SGI,58,45,10,615.00,"6,150.00"
2020-11-24,2020112404003102,SGI,58,57,10,615.00,"6,150.00"
2020-11-24,2020112404003101,SGI,58,55,10,615.00,"6,150.00"
2020-11-24,2020112404003094,SGI,58,22,10,615.00,"6,150.00"
2020-11-24,2020112404003117,SGI,7,40,10,616.00,"6,160.00"
2020-11-24,2020112404003116,SGI,7,29,10,616.00,"6,160.00"
2020-11-24,2020112404003114,SGI,7,42,10,616.00,"6,160.00"
2020-11-24,2020112404003111,SGI,7,36,10,616.00,"6,160.00"
2020-11-24,2020112404003110,SGI,7,38,10,616.00,"6,160.00"
2020-11-24,2020112404003109,SGI,7,40,10,616.00,"6,160.00"
2020-11-24,2020112404003133,SGI,7,51,10,615.00,"6,150.00"
2020-11-24,2020112404003132,SGI,7,53,10,615.00,"6,150.00"
2020-11-24,2020112404003131,SGI,7,38,10,615.00,"6,150.00"
2020-11-24,2020112404003122,SGI,58,55,10,615.00,"6,150.00"
2020-11-24,2020112404003121,SGI,58,51,10,615.00,"6,150.00"
2020-11-24,2020112404003120,SGI,7,38,10,616.00,"6,160.00"
2020-11-24,2020112404003197,SGI,41,58,10,617.00,"6,170.00"
2020-11-24,2020112404003193,SGI,41,42,10,617.00,"6,170.00"
2020-11-24,2020112404003192,SGI,41,38,10,617.00,"6,170.00"
2020-11-24,2020112404003139,SGI,41,53,10,617.00,"6,170.00"
2020-11-24,2020112404003138,SGI,41,18,10,617.00,"6,170.00"
2020-11-24,2020112404003137,SGI,41,36,10,616.00,"6,160.00"
2020-11-24,2020112404003218,SGI,59,58,10,617.00,"6,170.00"
2020-11-24,2020112404003216,SGI,41,16,10,617.00,"6,170.00"
2020-11-24,2020112404003203,SGI,41,19,10,617.00,"6,170.00"
2020-11-24,2020112404003202,SGI,41,25,10,617.00,"6,170.00"
2020-11-24,2020112404003201,SGI,41,42,10,617.00,"6,170.00"
2020-11-24,2020112404003199,SGI,41,49,10,617.00,"6,170.00"
2020-11-24,2020112404003226,SGI,45,42,10,618.00,"6,180.00"
2020-11-24,2020112404003225,SGI,45,29,100,618.00,"61,800.00"
2020-11-24,2020112404003224,SGI,59,16,10,617.00,"6,170.00"
2020-11-24,2020112404003223,SGI,59,57,10,617.00,"6,170.00"
2020-11-24,2020112404003220,SGI,59,44,10,617.00,"6,170.00"
2020-11-24,2020112404003219,SGI,32,29,500,618.00,"309,000.00"
2020-11-24,2020112404003232,SGI,45,59,10,619.00,"6,190.00"
2020-11-24,2020112404003231,SGI,45,45,10,618.00,"6,180.00"
2020-11-24,2020112404003230,SGI,45,47,10,618.00,"6,180.00"
2020-11-24,2020112404003229,SGI,45,14,80,618.00,"49,440.00"
2020-11-24,2020112404003228,SGI,45,50,100,618.00,"61,800.00"
2020-11-24,2020112404003227,SGI,45,38,10,618.00,"6,180.00"
2020-11-24,2020112404003249,SGI,59,26,10,617.00,"6,170.00"
2020-11-24,2020112404003248,SGI,59,21,10,617.00,"6,170.00"
2020-11-24,2020112404003239,SGI,59,16,10,617.00,"6,170.00"
2020-11-24,2020112404003235,SGI,45,11,375,619.00,"232,125.00"
2020-11-24,2020112404003234,SGI,45,14,195,619.00,"120,705.00"
2020-11-24,2020112404003233,SGI,45,16,100,619.00,"61,900.00"
2020-11-24,2020112404003272,SGI,7,56,55,619.00,"34,045.00"
2020-11-24,2020112404003269,SGI,41,56,125,619.00,"77,375.00"
2020-11-24,2020112404003268,SGI,41,48,10,619.00,"6,190.00"
2020-11-24,2020112404003267,SGI,41,11,55,619.00,"34,045.00"
2020-11-24,2020112404003266,SGI,41,16,10,618.00,"6,180.00"
2020-11-24,2020112404003250,SGI,59,41,10,617.00,"6,170.00"
2020-11-24,2020112404003279,SGI,7,38,10,619.00,"6,190.00"
2020-11-24,2020112404003277,SGI,7,42,10,619.00,"6,190.00"
2020-11-24,2020112404003276,SGI,7,41,10,619.00,"6,190.00"
2020-11-24,2020112404003275,SGI,7,53,10,619.00,"6,190.00"
2020-11-24,2020112404003274,SGI,7,44,10,619.00,"6,190.00"
2020-11-24,2020112404003273,SGI,7,36,10,619.00,"6,190.00"
2020-11-24,2020112404003293,SGI,26,49,10,620.00,"6,200.00"
2020-11-24,2020112404003292,SGI,26,36,10,620.00,"6,200.00"
2020-11-24,2020112404003291,SGI,26,1,10,620.00,"6,200.00"
2020-11-24,2020112404003290,SGI,26,58,10,620.00,"6,200.00"
2020-11-24,2020112404003289,SGI,26,19,10,620.00,"6,200.00"
2020-11-24,2020112404003285,SGI,7,21,10,619.00,"6,190.00"
2020-11-24,2020112404003299,SGI,26,42,10,620.00,"6,200.00"
2020-11-24,2020112404003298,SGI,26,38,10,620.00,"6,200.00"
2020-11-24,2020112404003297,SGI,26,49,10,620.00,"6,200.00"
2020-11-24,2020112404003296,SGI,26,49,10,620.00,"6,200.00"
2020-11-24,2020112404003295,SGI,26,14,10,620.00,"6,200.00"
2020-11-24,2020112404003294,SGI,26,41,10,620.00,"6,200.00"
2020-11-24,2020112404003305,SGI,26,16,10,620.00,"6,200.00"
2020-11-24,2020112404003304,SGI,26,51,10,620.00,"6,200.00"
2020-11-24,2020112404003303,SGI,26,49,10,620.00,"6,200.00"
2020-11-24,2020112404003302,SGI,26,49,10,620.00,"6,200.00"
2020-11-24,2020112404003301,SGI,26,29,10,620.00,"6,200.00"
2020-11-24,2020112404003300,SGI,26,57,10,620.00,"6,200.00"
2020-11-24,2020112404003311,SGI,26,58,10,620.00,"6,200.00"
2020-11-24,2020112404003310,SGI,26,41,10,620.00,"6,200.00"
2020-11-24,2020112404003309,SGI,26,16,10,620.00,"6,200.00"
2020-11-24,2020112404003308,SGI,26,49,10,620.00,"6,200.00"
2020-11-24,2020112404003307,SGI,26,45,60,620.00,"37,200.00"
2020-11-24,2020112404003306,SGI,26,32,10,620.00,"6,200.00"
2020-11-24,2020112404003317,SGI,26,16,10,620.00,"6,200.00"
2020-11-24,2020112404003316,SGI,26,49,10,620.00,"6,200.00"
2020-11-24,2020112404003315,SGI,26,38,10,620.00,"6,200.00"
2020-11-24,2020112404003314,SGI,26,49,10,620.00,"6,200.00"
2020-11-24,2020112404003313,SGI,26,49,10,620.00,"6,200.00"
2020-11-24,2020112404003312,SGI,26,57,10,620.00,"6,200.00"
2020-11-24,2020112404003323,SGI,26,34,10,620.00,"6,200.00"
2020-11-24,2020112404003322,SGI,26,41,10,620.00,"6,200.00"
2020-11-24,2020112404003321,SGI,26,8,10,620.00,"6,200.00"
2020-11-24,2020112404003320,SGI,26,34,10,620.00,"6,200.00"
2020-11-24,2020112404003319,SGI,26,49,10,620.00,"6,200.00"
2020-11-24,2020112404003318,SGI,26,48,10,620.00,"6,200.00"
2020-11-24,2020112404003329,SGI,26,36,10,620.00,"6,200.00"
2020-11-24,2020112404003328,SGI,26,58,10,620.00,"6,200.00"
2020-11-24,2020112404003327,SGI,26,57,10,620.00,"6,200.00"
2020-11-24,2020112404003326,SGI,26,58,10,620.00,"6,200.00"
2020-11-24,2020112404003325,SGI,26,56,60,620.00,"37,200.00"
2020-11-24,2020112404003324,SGI,26,34,10,620.00,"6,200.00"
2020-11-24,2020112404003353,SGI,26,47,10,620.00,"6,200.00"
2020-11-24,2020112404003344,SGI,26,42,10,620.00,"6,200.00"
2020-11-24,2020112404003333,SGI,26,34,100,620.00,"62,000.00"
2020-11-24,2020112404003332,SGI,26,41,10,620.00,"6,200.00"
2020-11-24,2020112404003331,SGI,26,32,10,620.00,"6,200.00"
2020-11-24,2020112404003330,SGI,26,5,10,620.00,"6,200.00"
2020-11-24,2020112404003368,SGI,7,42,10,619.00,"6,190.00"
2020-11-24,2020112404003363,SGI,7,33,10,619.00,"6,190.00"
2020-11-24,2020112404003361,SGI,7,21,10,619.00,"6,190.00"
2020-11-24,2020112404003356,SGI,47,57,10,620.00,"6,200.00"
2020-11-24,2020112404003355,SGI,47,52,10,620.00,"6,200.00"
2020-11-24,2020112404003354,SGI,47,33,10,620.00,"6,200.00"
2020-11-24,2020112404003387,SGI,7,45,10,617.00,"6,170.00"
2020-11-24,2020112404003381,SGI,7,16,10,617.00,"6,170.00"
2020-11-24,2020112404003379,SGI,7,49,10,617.00,"6,170.00"
2020-11-24,2020112404003376,SGI,58,28,40,619.00,"24,760.00"
2020-11-24,2020112404003375,SGI,7,28,35,619.00,"21,665.00"
2020-11-24,2020112404003370,SGI,7,45,10,619.00,"6,190.00"
2020-11-24,2020112404003395,SGI,41,55,50,619.00,"30,950.00"
2020-11-24,2020112404003394,SGI,41,57,40,619.00,"24,760.00"
2020-11-24,2020112404003393,SGI,41,41,10,619.00,"6,190.00"
2020-11-24,2020112404003392,SGI,20,39,60,617.00,"37,020.00"
2020-11-24,2020112404003390,SGI,20,19,30,617.00,"18,510.00"
2020-11-24,2020112404003389,SGI,7,19,170,617.00,"104,890.00"
2020-11-24,2020112404003408,SGI,35,58,10,618.00,"6,180.00"
2020-11-24,2020112404003406,SGI,35,35,10,618.00,"6,180.00"
2020-11-24,2020112404003402,SGI,38,42,10,617.00,"6,170.00"
2020-11-24,2020112404003401,SGI,38,16,10,617.00,"6,170.00"
2020-11-24,2020112404003400,SGI,38,36,10,617.00,"6,170.00"
2020-11-24,2020112404003397,SGI,20,33,10,617.00,"6,170.00"
2020-11-24,2020112404003429,SGI,29,58,10,618.00,"6,180.00"
2020-11-24,2020112404003428,SGI,29,55,210,618.00,"129,780.00"
2020-11-24,2020112404003427,SGI,38,35,10,617.00,"6,170.00"
2020-11-24,2020112404003415,SGI,36,55,50,618.00,"30,900.00"
2020-11-24,2020112404003414,SGI,35,55,190,618.00,"117,420.00"
2020-11-24,2020112404003410,SGI,35,57,10,618.00,"6,180.00"
2020-11-24,2020112404003440,SGI,38,46,10,617.00,"6,170.00"
2020-11-24,2020112404003437,SGI,38,46,10,617.00,"6,170.00"
2020-11-24,2020112404003435,SGI,38,1,10,617.00,"6,170.00"
2020-11-24,2020112404003432,SGI,38,38,10,617.00,"6,170.00"
2020-11-24,2020112404003431,SGI,29,41,10,618.00,"6,180.00"
2020-11-24,2020112404003430,SGI,29,57,10,618.00,"6,180.00"
2020-11-24,2020112404003441,STC,34,32,10,"7,440.00","74,400.00"
2020-11-24,2020112404003384,STC,55,49,10,"7,444.00","74,440.00"
2020-11-24,2020112404003339,STC,28,6,20,"7,400.00","148,000.00"
2020-11-24,2020112404003338,STC,28,32,100,"7,400.00","740,000.00"
2020-11-24,2020112404003337,STC,28,56,40,"7,400.00","296,000.00"
2020-11-24,2020112404003336,STC,28,10,105,"7,399.00","776,895.00"
2020-11-24,2020112404003335,STC,28,14,78,"7,398.00","577,044.00"
2020-11-24,2020112404003334,STC,28,49,10,"7,395.00","73,950.00"
2020-11-24,2020112404003270,STC,46,49,10,"7,395.00","73,950.00"
2020-11-24,2020112404003087,STC,10,14,15,"7,350.00","110,250.00"
2020-11-24,2020112404003044,STC,34,14,16,"7,350.00","117,600.00"
2020-11-24,2020112404002731,BBC,34,34,23,"3,450.00","79,350.00"
2020-11-24,2020112404002655,BBC,34,34,400,"3,421.00","1,368,400.00"
2020-11-24,2020112404002622,BBC,46,34,40,"3,422.00","136,880.00"
2020-11-24,2020112404002587,BBC,21,34,50,"3,450.00","172,500.00"
2020-11-24,2020112404002576,BBC,34,34,80,"3,479.00","278,320.00"
2020-11-24,2020112404002565,BBC,34,34,420,"3,479.00","1,461,180.00"
2020-11-24,2020112404002564,BBC,34,34,80,"3,486.00","278,880.00"
2020-11-24,2020112404002554,BBC,34,34,20,"3,486.00","69,720.00"
2020-11-24,2020112404002553,BBC,22,34,80,"3,500.00","280,000.00"
2020-11-24,2020112404002963,GIC,14,48,100,568.00,"56,800.00"
2020-11-24,2020112404002962,GIC,14,52,30,568.00,"17,040.00"
2020-11-24,2020112404002961,GIC,14,59,410,568.00,"232,880.00"
2020-11-24,2020112404002959,GIC,20,59,10,568.00,"5,680.00"
2020-11-24,2020112404002957,GIC,52,59,10,567.00,"5,670.00"
2020-11-24,2020112404002950,GIC,52,18,10,567.00,"5,670.00"
2020-11-24,2020112404002464,GIC,35,38,10,561.00,"5,610.00"
2020-11-24,2020112404002517,GIC,47,19,10,560.00,"5,600.00"
2020-11-24,2020112404002509,GIC,47,29,10,560.00,"5,600.00"
2020-11-24,2020112404002493,GIC,47,53,10,560.00,"5,600.00"
2020-11-24,2020112404002490,GIC,47,11,10,560.00,"5,600.00"
2020-11-24,2020112404002489,GIC,47,4,10,560.00,"5,600.00"
2020-11-24,2020112404002468,GIC,58,19,10,560.00,"5,600.00"
2020-11-24,2020112404002541,GIC,26,4,10,561.00,"5,610.00"
2020-11-24,2020112404002540,GIC,26,29,10,561.00,"5,610.00"
2020-11-24,2020112404002538,GIC,26,4,10,561.00,"5,610.00"
2020-11-24,2020112404002534,GIC,47,19,10,560.00,"5,600.00"
2020-11-24,2020112404002532,GIC,41,13,10,561.00,"5,610.00"
2020-11-24,2020112404002531,GIC,41,41,10,561.00,"5,610.00"
2020-11-24,2020112404002559,GIC,35,52,10,562.00,"5,620.00"
2020-11-24,2020112404002558,GIC,35,46,10,562.00,"5,620.00"
2020-11-24,2020112404002557,GIC,35,44,90,562.00,"50,580.00"
2020-11-24,2020112404002556,GIC,35,52,20,562.00,"11,240.00"
2020-11-24,2020112404002555,GIC,26,19,10,561.00,"5,610.00"
2020-11-24,2020112404002550,GIC,50,45,50,562.00,"28,100.00"
2020-11-24,2020112404002575,GIC,35,14,10,562.00,"5,620.00"
2020-11-24,2020112404002571,GIC,35,14,10,562.00,"5,620.00"
2020-11-24,2020112404002568,GIC,35,41,10,562.00,"5,620.00"
2020-11-24,2020112404002567,GIC,35,14,10,562.00,"5,620.00"
2020-11-24,2020112404002561,GIC,35,51,50,562.00,"28,100.00"
2020-11-24,2020112404002560,GIC,35,52,10,562.00,"5,620.00"
2020-11-24,2020112404002591,GIC,47,4,10,562.00,"5,620.00"
2020-11-24,2020112404002590,GIC,26,16,10,561.00,"5,610.00"
2020-11-24,2020112404002589,GIC,26,14,10,561.00,"5,610.00"
2020-11-24,2020112404002585,GIC,26,14,10,561.00,"5,610.00"
2020-11-24,2020112404002582,GIC,26,14,10,561.00,"5,610.00"
2020-11-24,2020112404002578,GIC,35,14,10,562.00,"5,620.00"
2020-11-24,2020112404002601,GIC,47,29,10,562.00,"5,620.00"
2020-11-24,2020112404002600,GIC,47,48,10,562.00,"5,620.00"
2020-11-24,2020112404002599,GIC,47,14,10,562.00,"5,620.00"
2020-11-24,2020112404002594,GIC,47,46,10,562.00,"5,620.00"
2020-11-24,2020112404002593,GIC,47,14,10,562.00,"5,620.00"
2020-11-24,2020112404002592,GIC,47,58,10,562.00,"5,620.00"
2020-11-24,2020112404002609,GIC,39,59,100,563.00,"56,300.00"
2020-11-24,2020112404002608,GIC,26,14,10,561.00,"5,610.00"
2020-11-24,2020112404002606,GIC,41,54,10,562.00,"5,620.00"
2020-11-24,2020112404002605,GIC,41,14,10,562.00,"5,620.00"
2020-11-24,2020112404002603,GIC,41,38,180,562.00,"101,160.00"
2020-11-24,2020112404002602,GIC,47,38,30,562.00,"16,860.00"
2020-11-24,2020112404002630,GIC,11,59,350,563.00,"197,050.00"
2020-11-24,2020112404002629,GIC,39,1,10,562.00,"5,620.00"
2020-11-24,2020112404002628,GIC,39,41,10,562.00,"5,620.00"
2020-11-24,2020112404002625,GIC,36,59,50,563.00,"28,150.00"
2020-11-24,2020112404002624,GIC,39,35,10,562.00,"5,620.00"
2020-11-24,2020112404002616,GIC,39,1,10,562.00,"5,620.00"
2020-11-24,2020112404002639,GIC,34,43,10,563.00,"5,630.00"
2020-11-24,2020112404002638,GIC,34,50,60,563.00,"33,780.00"
2020-11-24,2020112404002634,GIC,39,38,10,562.00,"5,620.00"
2020-11-24,2020112404002633,GIC,39,38,10,562.00,"5,620.00"
2020-11-24,2020112404002632,GIC,11,50,40,563.00,"22,520.00"
2020-11-24,2020112404002631,GIC,11,33,10,563.00,"5,630.00"
2020-11-24,2020112404002645,GIC,34,4,10,563.00,"5,630.00"
2020-11-24,2020112404002644,GIC,34,4,10,563.00,"5,630.00"
2020-11-24,2020112404002643,GIC,34,58,10,563.00,"5,630.00"
2020-11-24,2020112404002642,GIC,34,52,40,563.00,"22,520.00"
2020-11-24,2020112404002641,GIC,34,16,10,563.00,"5,630.00"
2020-11-24,2020112404002640,GIC,34,44,10,563.00,"5,630.00"
2020-11-24,2020112404002653,GIC,32,43,100,562.00,"56,200.00"
2020-11-24,2020112404002652,GIC,47,43,320,562.00,"179,840.00"
2020-11-24,2020112404002650,GIC,47,34,120,562.00,"67,440.00"
2020-11-24,2020112404002649,GIC,52,34,40,562.00,"22,480.00"
2020-11-24,2020112404002648,GIC,39,34,40,562.00,"22,480.00"
2020-11-24,2020112404002646,GIC,34,57,340,563.00,"191,420.00"
2020-11-24,2020112404002678,GIC,59,29,10,562.00,"5,620.00"
2020-11-24,2020112404002677,GIC,59,21,10,562.00,"5,620.00"
2020-11-24,2020112404002672,GIC,59,38,10,562.00,"5,620.00"
2020-11-24,2020112404002662,GIC,59,35,10,562.00,"5,620.00"
2020-11-24,2020112404002658,GIC,59,43,10,562.00,"5,620.00"
2020-11-24,2020112404002654,GIC,41,43,100,562.00,"56,200.00"
2020-11-24,2020112404002701,GIC,26,33,10,561.00,"5,610.00"
2020-11-24,2020112404002698,GIC,26,55,10,561.00,"5,610.00"
2020-11-24,2020112404002692,GIC,26,59,10,561.00,"5,610.00"
2020-11-24,2020112404002691,GIC,26,14,10,561.00,"5,610.00"
2020-11-24,2020112404002689,GIC,26,58,10,561.00,"5,610.00"
2020-11-24,2020112404002683,GIC,26,44,10,561.00,"5,610.00"
2020-11-24,2020112404002712,GIC,26,55,10,562.00,"5,620.00"
2020-11-24,2020112404002711,GIC,26,44,10,562.00,"5,620.00"
2020-11-24,2020112404002709,GIC,26,55,10,562.00,"5,620.00"
2020-11-24,2020112404002706,GIC,41,1,50,562.00,"28,100.00"
2020-11-24,2020112404002705,GIC,41,41,10,562.00,"5,620.00"
2020-11-24,2020112404002703,GIC,26,55,10,561.00,"5,610.00"
2020-11-24,2020112404002733,GIC,26,43,40,561.00,"22,440.00"
2020-11-24,2020112404002732,GIC,44,43,35,562.00,"19,670.00"
2020-11-24,2020112404002730,GIC,44,14,10,562.00,"5,620.00"
2020-11-24,2020112404002716,GIC,26,55,10,562.00,"5,620.00"
2020-11-24,2020112404002714,GIC,26,44,10,562.00,"5,620.00"
2020-11-24,2020112404002713,GIC,26,59,10,562.00,"5,620.00"
2020-11-24,2020112404002739,GIC,6,52,10,563.00,"5,630.00"
2020-11-24,2020112404002738,GIC,6,52,10,563.00,"5,630.00"
2020-11-24,2020112404002737,GIC,6,13,10,563.00,"5,630.00"
2020-11-24,2020112404002736,GIC,6,57,170,563.00,"95,710.00"
2020-11-24,2020112404002735,GIC,36,43,325,561.00,"182,325.00"
2020-11-24,2020112404002734,GIC,52,43,100,561.00,"56,100.00"
2020-11-24,2020112404002746,GIC,59,55,10,564.00,"5,640.00"
2020-11-24,2020112404002744,GIC,6,59,500,563.00,"281,500.00"
2020-11-24,2020112404002743,GIC,6,35,79,563.00,"44,477.00"
2020-11-24,2020112404002742,GIC,6,58,30,563.00,"16,890.00"
2020-11-24,2020112404002741,GIC,6,52,10,563.00,"5,630.00"
2020-11-24,2020112404002740,GIC,6,4,10,563.00,"5,630.00"
2020-11-24,2020112404002766,GIC,54,5,500,564.00,"282,000.00"
2020-11-24,2020112404002761,GIC,6,34,10,563.00,"5,630.00"
2020-11-24,2020112404002756,GIC,6,40,10,563.00,"5,630.00"
2020-11-24,2020112404002755,GIC,6,38,10,563.00,"5,630.00"
2020-11-24,2020112404002748,GIC,6,40,10,563.00,"5,630.00"
2020-11-24,2020112404002747,GIC,59,42,10,564.00,"5,640.00"
2020-11-24,2020112404002772,GIC,54,34,10,565.00,"5,650.00"
2020-11-24,2020112404002771,GIC,54,4,10,565.00,"5,650.00"
2020-11-24,2020112404002770,GIC,54,25,10,565.00,"5,650.00"
2020-11-24,2020112404002769,GIC,54,38,10,564.00,"5,640.00"
2020-11-24,2020112404002768,GIC,54,16,10,564.00,"5,640.00"
2020-11-24,2020112404002767,GIC,54,28,10,564.00,"5,640.00"
2020-11-24,2020112404002778,GIC,54,45,20,565.00,"11,300.00"
2020-11-24,2020112404002777,GIC,54,42,10,565.00,"5,650.00"
2020-11-24,2020112404002776,GIC,54,34,10,565.00,"5,650.00"
2020-11-24,2020112404002775,GIC,54,4,10,565.00,"5,650.00"
2020-11-24,2020112404002774,GIC,54,34,10,565.00,"5,650.00"
2020-11-24,2020112404002773,GIC,54,57,30,565.00,"16,950.00"
2020-11-24,2020112404002784,GIC,54,41,10,565.00,"5,650.00"
2020-11-24,2020112404002783,GIC,54,56,10,565.00,"5,650.00"
2020-11-24,2020112404002782,GIC,54,1,10,565.00,"5,650.00"
2020-11-24,2020112404002781,GIC,54,4,10,565.00,"5,650.00"
2020-11-24,2020112404002780,GIC,54,41,100,565.00,"56,500.00"
2020-11-24,2020112404002779,GIC,54,57,10,565.00,"5,650.00"
2020-11-24,2020112404002790,GIC,54,48,10,565.00,"5,650.00"
2020-11-24,2020112404002789,GIC,54,45,100,565.00,"56,500.00"
2020-11-24,2020112404002788,GIC,54,56,10,565.00,"5,650.00"
2020-11-24,2020112404002787,GIC,54,57,10,565.00,"5,650.00"
2020-11-24,2020112404002786,GIC,54,38,10,565.00,"5,650.00"
2020-11-24,2020112404002785,GIC,54,52,10,565.00,"5,650.00"
2020-11-24,2020112404002796,GIC,54,25,10,565.00,"5,650.00"
2020-11-24,2020112404002795,GIC,54,4,110,565.00,"62,150.00"
2020-11-24,2020112404002794,GIC,54,56,10,565.00,"5,650.00"
2020-11-24,2020112404002793,GIC,54,45,150,565.00,"84,750.00"
2020-11-24,2020112404002792,GIC,54,13,10,565.00,"5,650.00"
2020-11-24,2020112404002791,GIC,54,21,10,565.00,"5,650.00"
2020-11-24,2020112404002802,GIC,54,40,10,565.00,"5,650.00"
2020-11-24,2020112404002801,GIC,54,43,10,565.00,"5,650.00"
2020-11-24,2020112404002800,GIC,54,36,100,565.00,"56,500.00"
2020-11-24,2020112404002799,GIC,54,22,10,565.00,"5,650.00"
2020-11-24,2020112404002798,GIC,54,25,100,565.00,"56,500.00"
2020-11-24,2020112404002797,GIC,54,51,10,565.00,"5,650.00"
2020-11-24,2020112404002816,GIC,29,38,10,565.00,"5,650.00"
2020-11-24,2020112404002813,GIC,34,38,10,564.00,"5,640.00"
2020-11-24,2020112404002812,GIC,34,49,10,564.00,"5,640.00"
2020-11-24,2020112404002811,GIC,34,6,10,564.00,"5,640.00"
2020-11-24,2020112404002808,GIC,34,40,10,564.00,"5,640.00"
2020-11-24,2020112404002804,GIC,54,49,10,565.00,"5,650.00"
2020-11-24,2020112404002824,GIC,36,55,100,566.00,"56,600.00"
2020-11-24,2020112404002823,GIC,34,49,10,564.00,"5,640.00"
2020-11-24,2020112404002820,GIC,29,55,20,566.00,"11,320.00"
2020-11-24,2020112404002819,GIC,29,42,50,566.00,"28,300.00"
2020-11-24,2020112404002818,GIC,29,21,10,566.00,"5,660.00"
2020-11-24,2020112404002817,GIC,29,35,10,566.00,"5,660.00"
2020-11-24,2020112404002838,GIC,16,42,20,566.00,"11,320.00"
2020-11-24,2020112404002837,GIC,16,55,80,566.00,"45,280.00"
2020-11-24,2020112404002834,GIC,34,38,10,564.00,"5,640.00"
2020-11-24,2020112404002831,GIC,34,38,10,564.00,"5,640.00"
2020-11-24,2020112404002828,GIC,34,38,10,564.00,"5,640.00"
2020-11-24,2020112404002826,GIC,34,28,100,564.00,"56,400.00"
2020-11-24,2020112404002868,GIC,58,21,10,566.00,"5,660.00"
2020-11-24,2020112404002867,GIC,58,42,80,566.00,"45,280.00"
2020-11-24,2020112404002861,GIC,34,47,10,564.00,"5,640.00"
2020-11-24,2020112404002856,GIC,34,21,10,564.00,"5,640.00"
2020-11-24,2020112404002843,GIC,34,1,10,564.00,"5,640.00"
2020-11-24,2020112404002842,GIC,34,38,10,564.00,"5,640.00"
2020-11-24,2020112404002885,GIC,51,40,10,566.00,"5,660.00"
2020-11-24,2020112404002884,GIC,51,1,10,566.00,"5,660.00"
2020-11-24,2020112404002879,GIC,51,29,10,566.00,"5,660.00"
2020-11-24,2020112404002873,GIC,51,38,10,566.00,"5,660.00"
2020-11-24,2020112404002870,GIC,58,36,10,566.00,"5,660.00"
2020-11-24,2020112404002869,GIC,58,14,300,566.00,"169,800.00"
2020-11-24,2020112404002900,GIC,51,56,10,566.00,"5,660.00"
2020-11-24,2020112404002893,GIC,7,42,71,567.00,"40,257.00"
2020-11-24,2020112404002892,GIC,7,45,10,567.00,"5,670.00"
2020-11-24,2020112404002891,GIC,7,6,20,567.00,"11,340.00"
2020-11-24,2020112404002890,GIC,7,53,10,567.00,"5,670.00"
2020-11-24,2020112404002886,GIC,51,5,10,566.00,"5,660.00"
2020-11-24,2020112404002908,GIC,6,21,20,567.00,"11,340.00"
2020-11-24,2020112404002907,GIC,6,11,10,567.00,"5,670.00"
2020-11-24,2020112404002906,GIC,6,14,10,567.00,"5,670.00"
2020-11-24,2020112404002905,GIC,6,58,20,567.00,"11,340.00"
2020-11-24,2020112404002904,GIC,6,42,29,567.00,"16,443.00"
2020-11-24,2020112404002901,GIC,51,38,10,566.00,"5,660.00"
2020-11-24,2020112404002921,GIC,56,59,80,568.00,"45,440.00"
2020-11-24,2020112404002920,GIC,56,14,400,568.00,"227,200.00"
2020-11-24,2020112404002919,GIC,56,13,10,567.00,"5,670.00"
2020-11-24,2020112404002918,GIC,56,51,10,567.00,"5,670.00"
2020-11-24,2020112404002911,GIC,43,11,200,567.00,"113,400.00"
2020-11-24,2020112404002910,GIC,6,43,42,567.00,"23,814.00"
2020-11-24,2020112404002938,GIC,35,34,60,567.00,"34,020.00"
2020-11-24,2020112404002936,GIC,35,4,10,567.00,"5,670.00"
2020-11-24,2020112404002935,GIC,35,34,10,567.00,"5,670.00"
2020-11-24,2020112404002934,GIC,35,43,10,567.00,"5,670.00"
2020-11-24,2020112404002933,GIC,35,17,10,567.00,"5,670.00"
2020-11-24,2020112404002924,GIC,22,13,100,567.00,"56,700.00"
2020-11-24,2020112404002948,GIC,52,56,10,567.00,"5,670.00"
2020-11-24,2020112404002947,GIC,52,34,10,567.00,"5,670.00"
2020-11-24,2020112404002942,GIC,52,53,10,567.00,"5,670.00"
2020-11-24,2020112404002941,GIC,52,39,10,567.00,"5,670.00"
2020-11-24,2020112404002940,GIC,52,40,10,567.00,"5,670.00"
2020-11-24,2020112404002939,GIC,52,34,90,567.00,"51,030.00"
2020-11-24,2020112404002943,GIMES1,26,1,"4,747",10.94,"51,932.18"
2020-11-24,2020112404002896,GIMES1,6,49,"5,000",10.95,"54,750.00"
2020-11-24,2020112404002895,GIMES1,6,49,"5,000",10.95,"54,750.00"
2020-11-24,2020112404002496,GIMES1,6,49,"5,000",10.95,"54,750.00"
2020-11-24,2020112404002495,GIMES1,6,49,"5,000",10.95,"54,750.00"
2020-11-24,2020112404002482,GIMES1,41,42,"10,000",11.00,"110,000.00"
2020-11-24,2020112404002481,GIMES1,41,50,"8,361",10.99,"91,887.39"
2020-11-24,2020112404002759,LEMF,58,46,"1,000",10.33,"10,330.00"
2020-11-24,2020112404002758,LEMF,58,32,"1,000",10.20,"10,200.00"
2020-11-24,2020112404002757,LEMF,58,17,"2,000",10.20,"20,400.00"
2020-11-24,2020112404002508,LEMF,58,58,"10,000",10.13,"101,300.00"
2020-11-24,2020112404002507,LEMF,58,29,"1,000",10.13,"10,130.00"
2020-11-24,2020112404002506,LEMF,58,22,"2,000",10.06,"20,120.00"
2020-11-24,2020112404002499,LEMF,58,58,"1,000",10.00,"10,000.00"
2020-11-24,2020112404002498,LEMF,58,44,"1,000",10.00,"10,000.00"
2020-11-24,2020112404002505,LEMF,58,26,"10,000",10.06,"100,600.00"
2020-11-24,2020112404002504,LEMF,58,43,"5,000",10.06,"50,300.00"
2020-11-24,2020112404002503,LEMF,58,58,"1,000",10.06,"10,060.00"
2020-11-24,2020112404002502,LEMF,58,45,500,10.06,"5,030.00"
2020-11-24,2020112404002501,LEMF,58,58,"1,000",10.00,"10,000.00"
2020-11-24,2020112404002500,LEMF,58,35,"10,000",10.00,"100,000.00"
2020-11-24,2020112404002833,LUK,11,21,500,9.64,"4,820.00"
2020-11-24,2020112404002617,LUK,11,52,100,9.64,964.00
2020-11-24,2020112404002491,LUK,11,56,300,9.64,"2,892.00"
2020-11-24,2020112404002898,NIBPO,34,39,200,374.00,"74,800.00"
2020-11-24,2020112404002859,NIBPO,34,39,50,374.00,"18,700.00"
2020-11-24,2020112404002858,NIBPO,34,56,500,373.00,"186,500.00"
2020-11-24,2020112404002693,NIBPO,56,39,"1,700",373.00,"634,100.00"
2020-11-24,2020112404002665,NIBPO,57,39,300,373.00,"111,900.00"
2020-11-24,2020112404002664,NIBPO,57,56,500,373.00,"186,500.00"
2020-11-24,2020112404002663,NIBPO,57,39,200,372.00,"74,400.00"
2020-11-24,2020112404002661,NIBPO,34,39,650,372.00,"241,800.00"
2020-11-24,2020112404002637,NIBPO,56,39,150,372.00,"55,800.00"
2020-11-24,2020112404002595,NIBPO,6,38,229,372.00,"85,188.00"
2020-11-24,2020112404002469,NIBSF1,17,41,"18,000",10.80,"194,400.00"
2020-11-24,2020112404002614,NICAD8283,6,44,25,"1,140.00","28,500.00"
2020-11-24,2020112404002865,NICGF,17,38,100,10.36,"1,036.00"
2020-11-24,2020112404002685,NICGF,40,52,"5,000",10.40,"52,000.00"
2020-11-24,2020112404002627,NICGF,41,52,"5,000",10.40,"52,000.00"
2020-11-24,2020112404002570,NICGF,17,40,"2,500",10.36,"25,900.00"
2020-11-24,2020112404002700,NMBHF1,17,17,"1,664",10.15,"16,889.60"
2020-11-24,2020112404002699,NMBHF1,17,41,"2,080",10.14,"21,091.20"
2020-11-24,2020112404002841,RBCLPO,50,56,15,"15,195.00","227,925.00"
2020-11-24,2020112404002511,RBCLPO,32,17,50,"15,200.00","760,000.00"
2020-11-24,2020112404002917,SAEF,52,34,"35,000",11.07,"387,450.00"
2020-11-24,2020112404002916,SAEF,34,32,"5,000",11.16,"55,800.00"
2020-11-24,2020112404002913,SAEF,34,32,"5,000",11.16,"55,800.00"
2020-11-24,2020112404002492,SAEF,22,50,"1,000",11.19,"11,190.00"
2020-11-24,2020112404002486,SAEF,13,34,"25,300",11.00,"278,300.00"
2020-11-24,2020112404002479,SAEF,59,34,"2,000",11.00,"22,000.00"
2020-11-24,2020112404002472,SAEF,13,32,"4,500",11.15,"50,175.00"
2020-11-24,2020112404002478,SAEF,34,34,"5,000",11.01,"55,050.00"
2020-11-24,2020112404002477,SAEF,34,34,"5,000",11.02,"55,100.00"
2020-11-24,2020112404002476,SAEF,53,34,"5,000",11.04,"55,200.00"
2020-11-24,2020112404002475,SAEF,47,34,"1,000",11.10,"11,100.00"
2020-11-24,2020112404002474,SAEF,39,34,"4,700",11.10,"52,170.00"
2020-11-24,2020112404002473,SAEF,47,34,"2,000",11.11,"22,220.00"
2020-11-24,2020112404002876,SEF,17,34,"26,000",10.20,"265,200.00"
2020-11-24,2020112404002875,SEF,5,34,"10,000",10.23,"102,300.00"
2020-11-24,2020112404002874,SEF,25,34,"2,700",10.23,"27,621.00"
2020-11-24,2020112404002681,SEF,57,19,700,10.37,"7,259.00"
2020-11-24,2020112404002680,SEF,57,58,"2,000",10.37,"20,740.00"
2020-11-24,2020112404002960,SGI,45,53,10,611.00,"6,110.00"
2020-11-24,2020112404002958,SGI,14,39,10,612.00,"6,120.00"
2020-11-24,2020112404002956,SGI,14,5,10,612.00,"6,120.00"
2020-11-24,2020112404002955,SGI,14,53,10,612.00,"6,120.00"
2020-11-24,2020112404002954,SGI,14,49,10,612.00,"6,120.00"
2020-11-24,2020112404002953,SGI,14,34,10,612.00,"6,120.00"
2020-11-24,2020112404002467,SGI,35,45,10,616.00,"6,160.00"
2020-11-24,2020112404002466,SGI,35,21,10,616.00,"6,160.00"
2020-11-24,2020112404002465,SGI,29,14,10,615.00,"6,150.00"
2020-11-24,2020112404002485,SGI,35,45,10,616.00,"6,160.00"
2020-11-24,2020112404002484,SGI,35,29,10,616.00,"6,160.00"
2020-11-24,2020112404002483,SGI,35,29,10,616.00,"6,160.00"
2020-11-24,2020112404002480,SGI,35,45,10,616.00,"6,160.00"
2020-11-24,2020112404002471,SGI,35,14,10,616.00,"6,160.00"
2020-11-24,2020112404002470,SGI,35,47,10,616.00,"6,160.00"
2020-11-24,2020112404002513,SGI,29,36,10,615.00,"6,150.00"
2020-11-24,2020112404002512,SGI,36,17,190,617.00,"117,230.00"
2020-11-24,2020112404002510,SGI,36,29,10,616.00,"6,160.00"
2020-11-24,2020112404002497,SGI,29,45,10,615.00,"6,150.00"
2020-11-24,2020112404002488,SGI,33,43,200,616.00,"123,200.00"
2020-11-24,2020112404002487,SGI,35,43,20,616.00,"12,320.00"
2020-11-24,2020112404002520,SGI,54,19,10,615.00,"6,150.00"
2020-11-24,2020112404002519,SGI,54,28,10,615.00,"6,150.00"
2020-11-24,2020112404002518,SGI,54,32,10,615.00,"6,150.00"
2020-11-24,2020112404002516,SGI,54,17,150,615.00,"92,250.00"
2020-11-24,2020112404002515,SGI,29,17,160,615.00,"98,400.00"
2020-11-24,2020112404002514,SGI,29,41,10,615.00,"6,150.00"
2020-11-24,2020112404002526,SGI,21,28,20,615.00,"12,300.00"
2020-11-24,2020112404002525,SGI,13,28,50,615.00,"30,750.00"
2020-11-24,2020112404002524,SGI,50,28,20,615.00,"12,300.00"
2020-11-24,2020112404002523,SGI,54,28,100,615.00,"61,500.00"
2020-11-24,2020112404002522,SGI,54,26,10,615.00,"6,150.00"
2020-11-24,2020112404002521,SGI,54,41,10,615.00,"6,150.00"
2020-11-24,2020112404002535,SGI,59,28,10,613.00,"6,130.00"
2020-11-24,2020112404002533,SGI,59,28,10,613.00,"6,130.00"
2020-11-24,2020112404002530,SGI,59,26,10,613.00,"6,130.00"
2020-11-24,2020112404002529,SGI,17,55,280,615.00,"172,200.00"
2020-11-24,2020112404002528,SGI,17,29,10,615.00,"6,150.00"
2020-11-24,2020112404002527,SGI,17,28,10,615.00,"6,150.00"
2020-11-24,2020112404002546,SGI,36,28,10,613.00,"6,130.00"
2020-11-24,2020112404002545,SGI,36,19,10,613.00,"6,130.00"
2020-11-24,2020112404002544,SGI,36,56,10,613.00,"6,130.00"
2020-11-24,2020112404002542,SGI,59,28,10,613.00,"6,130.00"
2020-11-24,2020112404002539,SGI,34,55,100,615.00,"61,500.00"
2020-11-24,2020112404002537,SGI,59,28,10,613.00,"6,130.00"
2020-11-24,2020112404002562,SGI,36,40,10,613.00,"6,130.00"
2020-11-24,2020112404002552,SGI,36,19,10,613.00,"6,130.00"
2020-11-24,2020112404002551,SGI,36,28,10,613.00,"6,130.00"
2020-11-24,2020112404002549,SGI,36,48,10,613.00,"6,130.00"
2020-11-24,2020112404002548,SGI,36,56,10,613.00,"6,130.00"
2020-11-24,2020112404002547,SGI,36,56,10,613.00,"6,130.00"
2020-11-24,2020112404002574,SGI,3,28,10,612.00,"6,120.00"
2020-11-24,2020112404002573,SGI,3,56,10,612.00,"6,120.00"
2020-11-24,2020112404002572,SGI,3,28,10,612.00,"6,120.00"
2020-11-24,2020112404002569,SGI,3,48,10,612.00,"6,120.00"
2020-11-24,2020112404002566,SGI,3,28,10,612.00,"6,120.00"
2020-11-24,2020112404002563,SGI,36,48,10,613.00,"6,130.00"
2020-11-24,2020112404002584,SGI,37,55,20,615.00,"12,300.00"
2020-11-24,2020112404002583,SGI,3,28,10,612.00,"6,120.00"
2020-11-24,2020112404002581,SGI,3,16,10,612.00,"6,120.00"
2020-11-24,2020112404002580,SGI,3,41,10,612.00,"6,120.00"
2020-11-24,2020112404002579,SGI,3,28,10,612.00,"6,120.00"
2020-11-24,2020112404002577,SGI,3,48,10,612.00,"6,120.00"
2020-11-24,2020112404002604,SGI,3,28,10,612.00,"6,120.00"
2020-11-24,2020112404002598,SGI,3,28,10,612.00,"6,120.00"
2020-11-24,2020112404002597,SGI,3,1,10,612.00,"6,120.00"
2020-11-24,2020112404002596,SGI,3,28,10,612.00,"6,120.00"
2020-11-24,2020112404002588,SGI,52,48,10,613.00,"6,130.00"
2020-11-24,2020112404002586,SGI,3,16,10,612.00,"6,120.00"
2020-11-24,2020112404002615,SGI,3,28,10,612.00,"6,120.00"
2020-11-24,2020112404002613,SGI,3,29,10,612.00,"6,120.00"
2020-11-24,2020112404002612,SGI,3,14,10,612.00,"6,120.00"
2020-11-24,2020112404002611,SGI,3,7,10,612.00,"6,120.00"
2020-11-24,2020112404002610,SGI,3,1,10,612.00,"6,120.00"
2020-11-24,2020112404002607,SGI,3,16,10,612.00,"6,120.00"
2020-11-24,2020112404002626,SGI,3,28,10,612.00,"6,120.00"
2020-11-24,2020112404002623,SGI,3,26,10,612.00,"6,120.00"
2020-11-24,2020112404002621,SGI,3,38,10,612.00,"6,120.00"
2020-11-24,2020112404002620,SGI,3,41,10,612.00,"6,120.00"
2020-11-24,2020112404002619,SGI,3,8,10,612.00,"6,120.00"
2020-11-24,2020112404002618,SGI,3,48,10,612.00,"6,120.00"
2020-11-24,2020112404002657,SGI,3,28,10,612.00,"6,120.00"
2020-11-24,2020112404002656,SGI,3,38,10,612.00,"6,120.00"
2020-11-24,2020112404002651,SGI,3,58,10,612.00,"6,120.00"
2020-11-24,2020112404002647,SGI,3,28,10,612.00,"6,120.00"
2020-11-24,2020112404002636,SGI,3,38,10,612.00,"6,120.00"
2020-11-24,2020112404002635,SGI,3,35,10,612.00,"6,120.00"
2020-11-24,2020112404002673,SGI,34,28,10,613.00,"6,130.00"
2020-11-24,2020112404002668,SGI,34,48,10,613.00,"6,130.00"
2020-11-24,2020112404002667,SGI,34,48,10,613.00,"6,130.00"
2020-11-24,2020112404002666,SGI,34,48,10,613.00,"6,130.00"
2020-11-24,2020112404002660,SGI,3,21,10,612.00,"6,120.00"
2020-11-24,2020112404002659,SGI,3,28,10,612.00,"6,120.00"
2020-11-24,2020112404002684,SGI,48,28,10,614.00,"6,140.00"
2020-11-24,2020112404002682,SGI,19,38,10,614.00,"6,140.00"
2020-11-24,2020112404002679,SGI,34,28,10,613.00,"6,130.00"
2020-11-24,2020112404002676,SGI,34,36,10,613.00,"6,130.00"
2020-11-24,2020112404002675,SGI,34,38,10,613.00,"6,130.00"
2020-11-24,2020112404002674,SGI,34,14,10,613.00,"6,130.00"
2020-11-24,2020112404002695,SGI,48,28,10,614.00,"6,140.00"
2020-11-24,2020112404002694,SGI,21,55,100,615.00,"61,500.00"
2020-11-24,2020112404002690,SGI,48,28,10,614.00,"6,140.00"
2020-11-24,2020112404002688,SGI,48,34,10,614.00,"6,140.00"
2020-11-24,2020112404002687,SGI,48,14,10,614.00,"6,140.00"
2020-11-24,2020112404002686,SGI,48,44,10,614.00,"6,140.00"
2020-11-24,2020112404002710,SGI,48,28,10,614.00,"6,140.00"
2020-11-24,2020112404002708,SGI,48,29,10,614.00,"6,140.00"
2020-11-24,2020112404002704,SGI,48,59,10,614.00,"6,140.00"
2020-11-24,2020112404002702,SGI,48,28,10,614.00,"6,140.00"
2020-11-24,2020112404002697,SGI,48,51,10,614.00,"6,140.00"
2020-11-24,2020112404002696,SGI,48,17,10,614.00,"6,140.00"
2020-11-24,2020112404002721,SGI,56,55,10,615.00,"6,150.00"
2020-11-24,2020112404002720,SGI,56,13,10,615.00,"6,150.00"
2020-11-24,2020112404002719,SGI,56,13,10,615.00,"6,150.00"
2020-11-24,2020112404002718,SGI,56,46,10,615.00,"6,150.00"
2020-11-24,2020112404002717,SGI,48,28,10,614.00,"6,140.00"
2020-11-24,2020112404002715,SGI,48,59,10,614.00,"6,140.00"
2020-11-24,2020112404002727,SGI,56,59,70,615.00,"43,050.00"
2020-11-24,2020112404002726,SGI,56,58,10,615.00,"6,150.00"
2020-11-24,2020112404002725,SGI,56,35,10,615.00,"6,150.00"
2020-11-24,2020112404002724,SGI,56,21,10,615.00,"6,150.00"
2020-11-24,2020112404002723,SGI,56,22,10,615.00,"6,150.00"
2020-11-24,2020112404002722,SGI,56,46,10,615.00,"6,150.00"
2020-11-24,2020112404002751,SGI,34,11,82,616.00,"50,512.00"
2020-11-24,2020112404002750,SGI,59,11,20,616.00,"12,320.00"
2020-11-24,2020112404002749,SGI,56,41,10,616.00,"6,160.00"
2020-11-24,2020112404002745,SGI,56,55,10,616.00,"6,160.00"
2020-11-24,2020112404002729,SGI,56,51,10,616.00,"6,160.00"
2020-11-24,2020112404002728,SGI,56,19,10,616.00,"6,160.00"
2020-11-24,2020112404002763,SGI,34,29,10,616.00,"6,160.00"
2020-11-24,2020112404002762,SGI,34,52,10,616.00,"6,160.00"
2020-11-24,2020112404002760,SGI,34,55,10,616.00,"6,160.00"
2020-11-24,2020112404002754,SGI,34,14,10,616.00,"6,160.00"
2020-11-24,2020112404002753,SGI,35,36,10,617.00,"6,170.00"
2020-11-24,2020112404002752,SGI,34,55,10,616.00,"6,160.00"
2020-11-24,2020112404002809,SGI,48,28,10,614.00,"6,140.00"
2020-11-24,2020112404002806,SGI,48,38,10,614.00,"6,140.00"
2020-11-24,2020112404002805,SGI,48,28,10,614.00,"6,140.00"
2020-11-24,2020112404002803,SGI,34,28,10,616.00,"6,160.00"
2020-11-24,2020112404002765,SGI,34,55,10,616.00,"6,160.00"
2020-11-24,2020112404002764,SGI,34,53,10,616.00,"6,160.00"
2020-11-24,2020112404002829,SGI,48,28,10,614.00,"6,140.00"
2020-11-24,2020112404002827,SGI,48,52,10,614.00,"6,140.00"
2020-11-24,2020112404002825,SGI,48,48,10,614.00,"6,140.00"
2020-11-24,2020112404002822,SGI,48,19,10,614.00,"6,140.00"
2020-11-24,2020112404002821,SGI,48,40,10,614.00,"6,140.00"
2020-11-24,2020112404002815,SGI,48,38,10,614.00,"6,140.00"
2020-11-24,2020112404002840,SGI,48,48,10,614.00,"6,140.00"
2020-11-24,2020112404002839,SGI,48,38,10,614.00,"6,140.00"
2020-11-24,2020112404002836,SGI,48,28,10,614.00,"6,140.00"
2020-11-24,2020112404002835,SGI,48,58,10,614.00,"6,140.00"
2020-11-24,2020112404002832,SGI,48,40,10,614.00,"6,140.00"
2020-11-24,2020112404002830,SGI,48,1,10,614.00,"6,140.00"
2020-11-24,2020112404002849,SGI,32,56,10,618.00,"6,180.00"
2020-11-24,2020112404002848,SGI,32,45,10,618.00,"6,180.00"
2020-11-24,2020112404002847,SGI,32,53,10,618.00,"6,180.00"
2020-11-24,2020112404002846,SGI,32,21,10,617.00,"6,170.00"
2020-11-24,2020112404002845,SGI,32,38,10,615.00,"6,150.00"
2020-11-24,2020112404002844,SGI,32,57,10,615.00,"6,150.00"
2020-11-24,2020112404002855,SGI,48,40,10,614.00,"6,140.00"
2020-11-24,2020112404002854,SGI,32,29,400,618.00,"247,200.00"
2020-11-24,2020112404002853,SGI,32,43,10,618.00,"6,180.00"
2020-11-24,2020112404002852,SGI,32,43,10,618.00,"6,180.00"
2020-11-24,2020112404002851,SGI,32,43,10,618.00,"6,180.00"
2020-11-24,2020112404002850,SGI,32,58,10,618.00,"6,180.00"
2020-11-24,2020112404002866,SGI,45,39,10,615.00,"6,150.00"
2020-11-24,2020112404002864,SGI,45,40,10,615.00,"6,150.00"
2020-11-24,2020112404002863,SGI,48,50,10,614.00,"6,140.00"
2020-11-24,2020112404002862,SGI,48,48,10,614.00,"6,140.00"
2020-11-24,2020112404002860,SGI,48,28,10,614.00,"6,140.00"
2020-11-24,2020112404002857,SGI,48,29,10,614.00,"6,140.00"
2020-11-24,2020112404002881,SGI,38,14,100,614.00,"61,400.00"
2020-11-24,2020112404002880,SGI,48,14,30,614.00,"18,420.00"
2020-11-24,2020112404002878,SGI,48,38,10,614.00,"6,140.00"
2020-11-24,2020112404002877,SGI,48,48,10,614.00,"6,140.00"
2020-11-24,2020112404002872,SGI,48,47,10,614.00,"6,140.00"
2020-11-24,2020112404002871,SGI,45,14,80,615.00,"49,200.00"
2020-11-24,2020112404002894,SGI,46,39,10,614.00,"6,140.00"
2020-11-24,2020112404002889,SGI,46,28,10,614.00,"6,140.00"
2020-11-24,2020112404002888,SGI,46,32,10,614.00,"6,140.00"
2020-11-24,2020112404002887,SGI,46,48,10,614.00,"6,140.00"
2020-11-24,2020112404002883,SGI,46,28,10,614.00,"6,140.00"
2020-11-24,2020112404002882,SGI,46,14,30,614.00,"18,420.00"
2020-11-24,2020112404002914,SGI,46,28,10,614.00,"6,140.00"
2020-11-24,2020112404002912,SGI,46,14,10,614.00,"6,140.00"
2020-11-24,2020112404002903,SGI,46,28,10,614.00,"6,140.00"
2020-11-24,2020112404002902,SGI,58,26,10,615.00,"6,150.00"
2020-11-24,2020112404002899,SGI,46,28,10,614.00,"6,140.00"
2020-11-24,2020112404002897,SGI,46,48,10,614.00,"6,140.00"
2020-11-24,2020112404002927,SGI,4,51,10,614.00,"6,140.00"
2020-11-24,2020112404002926,SGI,4,38,10,614.00,"6,140.00"
2020-11-24,2020112404002925,SGI,59,28,10,613.00,"6,130.00"
2020-11-24,2020112404002923,SGI,46,40,10,614.00,"6,140.00"
2020-11-24,2020112404002922,SGI,46,28,10,614.00,"6,140.00"
2020-11-24,2020112404002915,SGI,46,39,10,614.00,"6,140.00"
2020-11-24,2020112404002937,SGI,3,28,10,612.00,"6,120.00"
2020-11-24,2020112404002932,SGI,3,28,10,612.00,"6,120.00"
2020-11-24,2020112404002931,SGI,3,40,10,612.00,"6,120.00"
2020-11-24,2020112404002930,SGI,3,39,10,612.00,"6,120.00"
2020-11-24,2020112404002929,SGI,59,17,10,613.00,"6,130.00"
2020-11-24,2020112404002928,SGI,4,28,10,614.00,"6,140.00"
2020-11-24,2020112404002952,SGI,41,48,10,612.00,"6,120.00"
2020-11-24,2020112404002951,SGI,41,49,10,612.00,"6,120.00"
2020-11-24,2020112404002949,SGI,41,17,10,612.00,"6,120.00"
2020-11-24,2020112404002946,SGI,41,40,10,612.00,"6,120.00"
2020-11-24,2020112404002945,SGI,41,56,10,612.00,"6,120.00"
2020-11-24,2020112404002944,SGI,3,28,10,612.00,"6,120.00"
2020-11-24,2020112404002909,STC,8,14,50,"7,350.00","367,500.00"
2020-11-24,2020112404002814,STC,8,14,50,"7,350.00","367,500.00"
2020-11-24,2020112404002810,STC,17,14,20,"7,350.00","147,000.00"
2020-11-24,2020112404002807,STC,36,14,80,"7,350.00","588,000.00"
2020-11-24,2020112404002707,STC,20,14,10,"7,350.00","73,500.00"
2020-11-24,2020112404002671,STC,50,14,10,"7,350.00","73,500.00"
2020-11-24,2020112404002670,STC,33,14,10,"7,355.00","73,550.00"
2020-11-24,2020112404002669,STC,19,14,10,"7,356.00","73,560.00"
2020-11-24,2020112404002543,STC,55,45,10,"7,350.00","73,500.00"
2020-11-24,2020112404002536,STC,10,45,14,"7,350.00","102,900.00"
2020-11-24,2020112404002494,STC,50,45,10,"7,350.00","73,500.00"
2020-11-24,2020112404002433,BBC,34,48,47,"3,502.00","164,594.00"
2020-11-24,2020112404002432,BBC,50,48,10,"3,505.00","35,050.00"
2020-11-24,2020112404002431,BBC,47,48,10,"3,510.00","35,100.00"
2020-11-24,2020112404002430,BBC,14,48,98,"3,510.00","343,980.00"
2020-11-24,2020112404002429,BBC,51,48,25,"3,512.00","87,800.00"
2020-11-24,2020112404002355,BBC,56,32,10,"3,550.00","35,500.00"
2020-11-24,2020112404001984,BBC,34,36,40,"3,490.00","139,600.00"
2020-11-24,2020112404001983,BBC,42,36,10,"3,491.00","34,910.00"
2020-11-24,2020112404002086,BBC,34,28,200,"3,540.00","708,000.00"
2020-11-24,2020112404002085,BBC,34,48,50,"3,500.00","175,000.00"
2020-11-24,2020112404002084,BBC,34,17,20,"3,500.00","70,000.00"
2020-11-24,2020112404002083,BBC,34,1,92,"3,499.00","321,908.00"
2020-11-24,2020112404002082,BBC,34,25,20,"3,498.00","69,960.00"
2020-11-24,2020112404001998,BBC,34,36,245,"3,490.00","855,050.00"
2020-11-24,2020112404002092,BBC,34,32,45,"3,550.00","159,750.00"
2020-11-24,2020112404002091,BBC,34,25,200,"3,550.00","710,000.00"
2020-11-24,2020112404002090,BBC,34,40,10,"3,550.00","35,500.00"
2020-11-24,2020112404002089,BBC,34,48,110,"3,550.00","390,500.00"
2020-11-24,2020112404002088,BBC,34,46,20,"3,550.00","71,000.00"
2020-11-24,2020112404002087,BBC,34,6,100,"3,550.00","355,000.00"
2020-11-24,2020112404002129,BBC,34,52,21,"3,555.00","74,655.00"
2020-11-24,2020112404002128,BBC,34,17,100,"3,555.00","355,500.00"
2020-11-24,2020112404002126,BBC,34,34,20,"3,550.00","71,000.00"
2020-11-24,2020112404002118,BBC,34,21,50,"3,550.00","177,500.00"
2020-11-24,2020112404002094,BBC,34,38,20,"3,550.00","71,000.00"
2020-11-24,2020112404002093,BBC,34,42,10,"3,550.00","35,500.00"
2020-11-24,2020112404002296,BBC,26,32,50,"3,550.00","177,500.00"
2020-11-24,2020112404002176,BBC,42,55,10,"3,559.00","35,590.00"
2020-11-24,2020112404002147,BBC,42,7,10,"3,557.00","35,570.00"
2020-11-24,2020112404002146,BBC,42,28,20,"3,557.00","71,140.00"
2020-11-24,2020112404002144,BBC,34,51,33,"3,550.00","117,150.00"
2020-11-24,2020112404002130,BBC,34,28,200,"3,555.00","711,000.00"
2020-11-24,2020112404002463,GIC,35,52,10,561.00,"5,610.00"
2020-11-24,2020112404002462,GIC,35,59,10,561.00,"5,610.00"
2020-11-24,2020112404002461,GIC,35,52,10,561.00,"5,610.00"
2020-11-24,2020112404002460,GIC,35,36,10,561.00,"5,610.00"
2020-11-24,2020112404002459,GIC,35,52,10,561.00,"5,610.00"
2020-11-24,2020112404002458,GIC,35,52,10,561.00,"5,610.00"
2020-11-24,2020112404001969,GIC,5,43,10,559.00,"5,590.00"
2020-11-24,2020112404001965,GIC,34,54,10,560.00,"5,600.00"
2020-11-24,2020112404001981,GIC,28,41,10,558.00,"5,580.00"
2020-11-24,2020112404001980,GIC,28,59,10,558.00,"5,580.00"
2020-11-24,2020112404001977,GIC,7,49,10,559.00,"5,590.00"
2020-11-24,2020112404001976,GIC,50,49,30,559.00,"16,770.00"
2020-11-24,2020112404001973,GIC,50,44,10,559.00,"5,590.00"
2020-11-24,2020112404001972,GIC,50,20,10,559.00,"5,590.00"
2020-11-24,2020112404002000,GIC,28,18,10,558.00,"5,580.00"
2020-11-24,2020112404001997,GIC,28,13,10,558.00,"5,580.00"
2020-11-24,2020112404001995,GIC,28,38,10,558.00,"5,580.00"
2020-11-24,2020112404001994,GIC,28,41,10,558.00,"5,580.00"
2020-11-24,2020112404001993,GIC,28,52,10,558.00,"5,580.00"
2020-11-24,2020112404001982,GIC,28,52,10,558.00,"5,580.00"
2020-11-24,2020112404002018,GIC,21,35,10,558.00,"5,580.00"
2020-11-24,2020112404002017,GIC,21,18,10,558.00,"5,580.00"
2020-11-24,2020112404002015,GIC,21,41,10,558.00,"5,580.00"
2020-11-24,2020112404002011,GIC,21,20,10,558.00,"5,580.00"
2020-11-24,2020112404002010,GIC,28,19,10,558.00,"5,580.00"
2020-11-24,2020112404002008,GIC,28,52,10,558.00,"5,580.00"
2020-11-24,2020112404002043,GIC,21,52,10,558.00,"5,580.00"
2020-11-24,2020112404002032,GIC,21,34,10,558.00,"5,580.00"
2020-11-24,2020112404002031,GIC,21,41,10,558.00,"5,580.00"
2020-11-24,2020112404002030,GIC,21,35,10,558.00,"5,580.00"
2020-11-24,2020112404002022,GIC,21,52,10,558.00,"5,580.00"
2020-11-24,2020112404002020,GIC,21,44,10,558.00,"5,580.00"
2020-11-24,2020112404002053,GIC,45,57,10,558.00,"5,580.00"
2020-11-24,2020112404002052,GIC,45,42,10,557.00,"5,570.00"
2020-11-24,2020112404002051,GIC,21,41,10,556.00,"5,560.00"
2020-11-24,2020112404002048,GIC,21,38,10,556.00,"5,560.00"
2020-11-24,2020112404002046,GIC,21,38,10,556.00,"5,560.00"
2020-11-24,2020112404002045,GIC,21,47,100,558.00,"55,800.00"
2020-11-24,2020112404002061,GIC,45,52,10,558.00,"5,580.00"
2020-11-24,2020112404002060,GIC,45,42,10,558.00,"5,580.00"
2020-11-24,2020112404002059,GIC,45,44,10,558.00,"5,580.00"
2020-11-24,2020112404002057,GIC,43,26,10,559.00,"5,590.00"
2020-11-24,2020112404002056,GIC,43,46,10,559.00,"5,590.00"
2020-11-24,2020112404002055,GIC,43,49,10,559.00,"5,590.00"
2020-11-24,2020112404002119,GIC,8,22,10,559.00,"5,590.00"
2020-11-24,2020112404002078,GIC,8,34,10,559.00,"5,590.00"
2020-11-24,2020112404002077,GIC,8,52,10,559.00,"5,590.00"
2020-11-24,2020112404002067,GIC,8,36,10,559.00,"5,590.00"
2020-11-24,2020112404002066,GIC,8,13,10,559.00,"5,590.00"
2020-11-24,2020112404002064,GIC,45,34,10,558.00,"5,580.00"
2020-11-24,2020112404002141,GIC,45,34,10,558.00,"5,580.00"
2020-11-24,2020112404002139,GIC,45,49,10,558.00,"5,580.00"
2020-11-24,2020112404002137,GIC,21,51,10,559.00,"5,590.00"
2020-11-24,2020112404002136,GIC,21,38,10,559.00,"5,590.00"
2020-11-24,2020112404002135,GIC,45,14,10,558.00,"5,580.00"
2020-11-24,2020112404002132,GIC,45,38,10,558.00,"5,580.00"
2020-11-24,2020112404002166,GIC,49,1,120,560.00,"67,200.00"
2020-11-24,2020112404002160,GIC,49,44,100,560.00,"56,000.00"
2020-11-24,2020112404002159,GIC,49,41,100,560.00,"56,000.00"
2020-11-24,2020112404002150,GIC,21,52,10,558.00,"5,580.00"
2020-11-24,2020112404002149,GIC,5,52,10,559.00,"5,590.00"
2020-11-24,2020112404002148,GIC,21,6,10,558.00,"5,580.00"
2020-11-24,2020112404002172,GIC,51,8,10,560.00,"5,600.00"
2020-11-24,2020112404002171,GIC,51,1,10,560.00,"5,600.00"
2020-11-24,2020112404002170,GIC,51,21,10,560.00,"5,600.00"
2020-11-24,2020112404002169,GIC,51,52,10,560.00,"5,600.00"
2020-11-24,2020112404002168,GIC,51,53,10,560.00,"5,600.00"
2020-11-24,2020112404002167,GIC,51,1,180,560.00,"100,800.00"
2020-11-24,2020112404002185,GIC,43,40,10,561.00,"5,610.00"
2020-11-24,2020112404002183,GIC,51,11,10,560.00,"5,600.00"
2020-11-24,2020112404002181,GIC,51,11,10,560.00,"5,600.00"
2020-11-24,2020112404002178,GIC,51,11,10,560.00,"5,600.00"
2020-11-24,2020112404002175,GIC,51,4,10,560.00,"5,600.00"
2020-11-24,2020112404002174,GIC,51,13,10,560.00,"5,600.00"
2020-11-24,2020112404002205,GIC,36,55,10,559.00,"5,590.00"
2020-11-24,2020112404002204,GIC,36,1,10,559.00,"5,590.00"
2020-11-24,2020112404002192,GIC,36,52,10,559.00,"5,590.00"
2020-11-24,2020112404002191,GIC,43,42,10,560.00,"5,600.00"
2020-11-24,2020112404002189,GIC,51,11,10,560.00,"5,600.00"
2020-11-24,2020112404002186,GIC,51,41,10,560.00,"5,600.00"
2020-11-24,2020112404002219,GIC,36,40,10,559.00,"5,590.00"
2020-11-24,2020112404002218,GIC,7,38,10,560.00,"5,600.00"
2020-11-24,2020112404002214,GIC,7,38,10,560.00,"5,600.00"
2020-11-24,2020112404002213,GIC,7,25,10,560.00,"5,600.00"
2020-11-24,2020112404002212,GIC,7,38,10,560.00,"5,600.00"
2020-11-24,2020112404002211,GIC,7,38,10,560.00,"5,600.00"
2020-11-24,2020112404002257,GIC,44,29,10,560.00,"5,600.00"
2020-11-24,2020112404002256,GIC,44,59,10,560.00,"5,600.00"
2020-11-24,2020112404002255,GIC,44,13,10,560.00,"5,600.00"
2020-11-24,2020112404002230,GIC,36,21,10,559.00,"5,590.00"
2020-11-24,2020112404002229,GIC,36,38,10,559.00,"5,590.00"
2020-11-24,2020112404002223,GIC,36,47,10,559.00,"5,590.00"
2020-11-24,2020112404002266,GIC,43,52,10,560.00,"5,600.00"
2020-11-24,2020112404002263,GIC,43,59,100,560.00,"56,000.00"
2020-11-24,2020112404002261,GIC,36,51,10,559.00,"5,590.00"
2020-11-24,2020112404002260,GIC,36,6,10,559.00,"5,590.00"
2020-11-24,2020112404002259,GIC,44,34,40,561.00,"22,440.00"
2020-11-24,2020112404002258,GIC,44,57,30,560.00,"16,800.00"
2020-11-24,2020112404002281,GIC,21,38,90,561.00,"50,490.00"
2020-11-24,2020112404002280,GIC,21,16,10,561.00,"5,610.00"
2020-11-24,2020112404002277,GIC,43,1,10,560.00,"5,600.00"
2020-11-24,2020112404002272,GIC,43,14,10,560.00,"5,600.00"
2020-11-24,2020112404002270,GIC,43,57,10,560.00,"5,600.00"
2020-11-24,2020112404002268,GIC,43,42,10,560.00,"5,600.00"
2020-11-24,2020112404002304,GIC,43,45,10,560.00,"5,600.00"
2020-11-24,2020112404002295,GIC,43,41,10,560.00,"5,600.00"
2020-11-24,2020112404002292,GIC,43,4,10,560.00,"5,600.00"
2020-11-24,2020112404002291,GIC,43,35,10,560.00,"5,600.00"
2020-11-24,2020112404002283,GIC,43,13,10,560.00,"5,600.00"
2020-11-24,2020112404002282,GIC,59,38,200,561.00,"112,200.00"
2020-11-24,2020112404002322,GIC,26,8,29,560.00,"16,240.00"
2020-11-24,2020112404002321,GIC,10,8,40,560.00,"22,400.00"
2020-11-24,2020112404002320,GIC,43,8,31,560.00,"17,360.00"
2020-11-24,2020112404002318,GIC,43,48,10,560.00,"5,600.00"
2020-11-24,2020112404002312,GIC,43,51,10,560.00,"5,600.00"
2020-11-24,2020112404002306,GIC,43,47,49,560.00,"27,440.00"
2020-11-24,2020112404002341,GIC,26,59,10,560.00,"5,600.00"
2020-11-24,2020112404002340,GIC,26,13,10,560.00,"5,600.00"
2020-11-24,2020112404002334,GIC,45,38,100,561.00,"56,100.00"
2020-11-24,2020112404002333,GIC,26,41,10,560.00,"5,600.00"
2020-11-24,2020112404002331,GIC,26,59,10,560.00,"5,600.00"
2020-11-24,2020112404002327,GIC,26,36,10,560.00,"5,600.00"
2020-11-24,2020112404002367,GIC,37,57,10,560.00,"5,600.00"
2020-11-24,2020112404002366,GIC,37,42,10,560.00,"5,600.00"
2020-11-24,2020112404002364,GIC,37,41,10,560.00,"5,600.00"
2020-11-24,2020112404002356,GIC,37,7,10,560.00,"5,600.00"
2020-11-24,2020112404002350,GIC,26,41,10,560.00,"5,600.00"
2020-11-24,2020112404002345,GIC,26,49,10,560.00,"5,600.00"
2020-11-24,2020112404002404,GIC,37,52,10,560.00,"5,600.00"
