Date,Transact. No.,Symbol,Buyer,Seller,Quantity,Rate,Amount
2020-01-20,2020012001020358,ADBL,53,35,200,389.00,"77,800.00"
2020-01-20,2020012001020340,ADBL,56,35,500,389.00,"194,500.00"
2020-01-20,2020012001020302,ADBL,43,35,678,389.00,"263,742.00"
2020-01-20,2020012001020301,ADBL,43,35,"2,000",389.00,"778,000.00"
2020-01-20,2020012001020300,ADBL,43,57,50,389.00,"19,450.00"
2020-01-20,2020012001020299,ADBL,43,35,272,389.00,"105,808.00"
2020-01-20,2020012001020234,ADBL,14,42,50,387.00,"19,350.00"
2020-01-20,2020012001020226,ADBL,19,35,"1,000",389.00,"389,000.00"
2020-01-20,2020012001020181,ADBL,14,5,120,387.00,"46,440.00"
2020-01-20,2020012001020123,AHPC,39,16,100,100.00,"10,000.00"
2020-01-20,2020012001020122,AHPC,39,16,500,99.00,"49,500.00"
2020-01-20,2020012001020121,AHPC,39,7,500,98.00,"49,000.00"
2020-01-20,2020012001020120,AHPC,39,19,900,98.00,"88,200.00"
2020-01-20,2020012001020419,ALBSL,18,57,20,669.00,"13,380.00"
2020-01-20,2020012001020287,ALBSL,55,14,50,666.00,"33,300.00"
2020-01-20,2020012001020286,ALBSL,55,25,60,665.00,"39,900.00"
2020-01-20,2020012001020417,ALICL,22,57,400,468.00,"187,200.00"
2020-01-20,2020012001020325,ALICL,22,44,200,468.00,"93,600.00"
2020-01-20,2020012001020314,ALICL,22,57,150,468.00,"70,200.00"
2020-01-20,2020012001020309,ALICL,5,57,150,468.00,"70,200.00"
2020-01-20,2020012001020308,ALICL,5,51,150,466.00,"69,900.00"
2020-01-20,2020012001020294,ALICL,50,57,800,465.00,"372,000.00"
2020-01-20,2020012001020293,ALICL,25,57,200,466.00,"93,200.00"
2020-01-20,2020012001020199,ALICL,26,57,200,468.00,"93,600.00"
2020-01-20,2020012001020114,ALICL,20,57,10,469.00,"4,690.00"
2020-01-20,2020012001020037,ALICL,57,57,300,469.00,"140,700.00"
2020-01-20,2020012001020022,ALICL,35,45,100,469.00,"46,900.00"
2020-01-20,2020012001020440,API,28,48,11,128.00,"1,408.00"
2020-01-20,2020012001020364,API,1,29,900,127.00,"114,300.00"
2020-01-20,2020012001020363,API,1,22,449,127.00,"57,023.00"
2020-01-20,2020012001020280,API,1,45,267,125.00,"33,375.00"
2020-01-20,2020012001020118,API,1,45,100,125.00,"12,500.00"
2020-01-20,2020012001019959,BFC,57,14,100,102.00,"10,200.00"
2020-01-20,2020012001020275,BOKL,10,34,400,238.00,"95,200.00"
2020-01-20,2020012001020274,BOKL,10,25,200,238.00,"47,600.00"
2020-01-20,2020012001020176,BOKL,17,34,100,238.00,"23,800.00"
2020-01-20,2020012001019975,BPCL,33,39,10,332.00,"3,320.00"
2020-01-20,2020012001020334,CBBL,35,37,70,904.00,"63,280.00"
2020-01-20,2020012001020061,CBBL,55,26,150,896.00,"134,400.00"
2020-01-20,2020012001020060,CBBL,55,49,200,896.00,"179,200.00"
2020-01-20,2020012001020040,CBBL,55,41,20,895.00,"17,900.00"
2020-01-20,2020012001020039,CBBL,55,34,96,895.00,"85,920.00"
2020-01-20,2020012001020444,CBL,58,21,450,148.00,"66,600.00"
2020-01-20,2020012001020443,CBL,58,48,30,148.00,"4,440.00"
2020-01-20,2020012001020442,CBL,58,54,320,147.00,"47,040.00"
2020-01-20,2020012001020327,CBL,51,10,100,146.00,"14,600.00"
2020-01-20,2020012001020285,CBL,22,54,300,147.00,"44,100.00"
2020-01-20,2020012001020052,CBL,38,54,200,147.00,"29,400.00"
2020-01-20,2020012001020051,CBL,45,54,180,147.00,"26,460.00"
2020-01-20,2020012001019951,CBL,45,55,120,147.00,"17,640.00"
2020-01-20,2020012001020380,CCBL,29,7,500,188.00,"94,000.00"
2020-01-20,2020012001020105,CCBL,47,26,303,185.00,"56,055.00"
2020-01-20,2020012001020104,CCBL,40,26,500,185.00,"92,500.00"
2020-01-20,2020012001020103,CCBL,22,26,155,185.00,"28,675.00"
2020-01-20,2020012001020102,CCBL,53,26,500,185.00,"92,500.00"
2020-01-20,2020012001020101,CCBL,41,26,"1,000",185.00,"185,000.00"
2020-01-20,2020012001020100,CCBL,37,26,"2,000",185.00,"370,000.00"
2020-01-20,2020012001020099,CCBL,50,26,956,185.00,"176,860.00"
2020-01-20,2020012001020069,CCBL,50,44,44,185.00,"8,140.00"
2020-01-20,2020012001020068,CCBL,16,44,29,185.00,"5,365.00"
2020-01-20,2020012001019993,CCBL,16,45,24,185.00,"4,440.00"
2020-01-20,2020012001019992,CCBL,48,26,500,186.00,"93,000.00"
2020-01-20,2020012001020078,CFCL,34,42,43,150.00,"6,450.00"
2020-01-20,2020012001020446,CIT,53,43,10,"2,244.00","22,440.00"
2020-01-20,2020012001020277,CIT,38,34,100,"2,230.00","223,000.00"
2020-01-20,2020012001020245,CLBSL,25,44,10,860.00,"8,600.00"
2020-01-20,2020012001020322,CZBIL,49,40,100,203.00,"20,300.00"
2020-01-20,2020012001020013,CZBIL,37,40,200,203.00,"40,600.00"
2020-01-20,2020012001020392,DDBL,14,33,17,"1,036.00","17,612.00"
2020-01-20,2020012001020231,DDBL,11,33,100,"1,036.00","103,600.00"
2020-01-20,2020012001020361,DHPL,35,14,135,59.00,"7,965.00"
2020-01-20,2020012001020098,DHPL,35,29,689,60.00,"41,340.00"
2020-01-20,2020012001020043,DHPL,45,29,100,60.00,"6,000.00"
2020-01-20,2020012001020227,EBL,42,1,200,633.00,"126,600.00"
2020-01-20,2020012001020023,EBL,58,34,10,633.00,"6,330.00"
2020-01-20,2020012001020010,EBL,42,5,60,628.00,"37,680.00"
2020-01-20,2020012001019994,EBL,48,5,40,630.00,"25,200.00"
2020-01-20,2020012001019958,EBL,48,42,60,630.00,"37,800.00"
2020-01-20,2020012001020163,EIC,38,36,11,354.00,"3,894.00"
2020-01-20,2020012001020162,EIC,38,57,200,350.00,"70,000.00"
2020-01-20,2020012001020117,EIC,53,50,162,349.00,"56,538.00"
2020-01-20,2020012001019947,EIC,51,40,145,347.00,"50,315.00"
2020-01-20,2020012001020367,FMDBL,57,21,10,420.00,"4,200.00"
2020-01-20,2020012001020366,FMDBL,57,17,220,419.00,"92,180.00"
2020-01-20,2020012001020365,FMDBL,57,54,100,418.00,"41,800.00"
2020-01-20,2020012001019980,FMDBL,34,17,20,413.00,"8,260.00"
2020-01-20,2020012001020108,FOWAD,41,34,20,"1,278.00","25,560.00"
2020-01-20,2020012001020107,FOWAD,41,5,25,"1,270.00","31,750.00"
2020-01-20,2020012001020106,FOWAD,41,32,37,"1,265.00","46,805.00"
2020-01-20,2020012001020420,GBBL,25,45,100,235.00,"23,500.00"
2020-01-20,2020012001020378,GBBL,14,45,50,235.00,"11,750.00"
2020-01-20,2020012001020395,GBLBS,52,45,100,415.00,"41,500.00"
2020-01-20,2020012001020394,GBLBS,52,21,70,415.00,"29,050.00"
2020-01-20,2020012001020315,GBLBS,45,21,100,415.00,"41,500.00"
2020-01-20,2020012001020056,GBLBS,46,21,30,415.00,"12,450.00"
2020-01-20,2020012001020055,GBLBS,46,45,70,414.00,"28,980.00"
2020-01-20,2020012001020014,GBLBS,1,45,15,410.00,"6,150.00"
2020-01-20,2020012001020002,GBLBS,44,34,285,411.00,"117,135.00"
2020-01-20,2020012001019982,GBLBS,11,34,185,411.00,"76,035.00"
2020-01-20,2020012001020258,GFCL,59,6,30,151.00,"4,530.00"
2020-01-20,2020012001020437,GGBSL,3,57,20,869.00,"17,380.00"
2020-01-20,2020012001020247,GGBSL,55,53,10,868.00,"8,680.00"
2020-01-20,2020012001020136,GGBSL,48,53,10,869.00,"8,690.00"
2020-01-20,2020012001020403,GLICL,38,48,10,621.00,"6,210.00"
2020-01-20,2020012001020402,GLICL,38,50,100,620.00,"62,000.00"
2020-01-20,2020012001020401,GLICL,38,32,29,620.00,"17,980.00"
2020-01-20,2020012001020400,GLICL,38,6,150,620.00,"93,000.00"
2020-01-20,2020012001020399,GLICL,38,43,101,620.00,"62,620.00"
2020-01-20,2020012001020242,GLICL,38,43,98,620.00,"60,760.00"
2020-01-20,2020012001020050,GLICL,53,52,200,619.00,"123,800.00"
2020-01-20,2020012001020011,GLICL,38,56,100,618.00,"61,800.00"
2020-01-20,2020012001019990,GLICL,38,38,500,618.00,"309,000.00"
2020-01-20,2020012001019989,GLICL,38,26,50,618.00,"30,900.00"
2020-01-20,2020012001019988,GLICL,38,36,47,617.00,"28,999.00"
2020-01-20,2020012001020230,GRDBL,38,47,188,114.00,"21,432.00"
2020-01-20,2020012001020421,HBL,20,42,10,566.00,"5,660.00"
2020-01-20,2020012001020342,HBL,20,51,490,565.00,"276,850.00"
2020-01-20,2020012001020424,HDL,39,4,100,"1,280.00","128,000.00"
2020-01-20,2020012001020188,HDL,58,21,20,"1,287.00","25,740.00"
2020-01-20,2020012001020282,HGI,1,5,100,359.00,"35,900.00"
2020-01-20,2020012001020205,HGI,1,45,350,355.00,"124,250.00"
2020-01-20,2020012001020158,HGI,45,45,50,355.00,"17,750.00"
2020-01-20,2020012001020319,HIDCL,57,42,79,141.00,"11,139.00"
2020-01-20,2020012001020198,HIDCL,57,53,61,141.00,"8,601.00"
2020-01-20,2020012001020088,HIDCL,56,56,20,143.00,"2,860.00"
2020-01-20,2020012001020087,HIDCL,56,45,52,140.00,"7,280.00"
2020-01-20,2020012001020090,HPPL,17,53,10,154.00,"1,540.00"
2020-01-20,2020012001020189,ICFC,45,17,40,181.00,"7,240.00"
2020-01-20,2020012001020137,ICFC,45,17,10,181.00,"1,810.00"
2020-01-20,2020012001020020,IGI,8,4,200,392.00,"78,400.00"
2020-01-20,2020012001020212,ILBS,51,40,20,848.00,"16,960.00"
2020-01-20,2020012001020175,ILBS,51,56,10,840.00,"8,400.00"
2020-01-20,2020012001020174,ILBS,51,49,10,840.00,"8,400.00"
2020-01-20,2020012001020173,ILBS,51,5,10,840.00,"8,400.00"
2020-01-20,2020012001020172,ILBS,51,45,30,830.00,"24,900.00"
2020-01-20,2020012001020171,ILBS,26,42,10,825.00,"8,250.00"
2020-01-20,2020012001020071,ILBS,26,53,10,825.00,"8,250.00"
2020-01-20,2020012001020025,ILBS,51,45,10,830.00,"8,300.00"
2020-01-20,2020012001020024,ILBS,51,59,10,830.00,"8,300.00"
2020-01-20,2020012001020018,JFL,14,32,100,185.00,"18,500.00"
2020-01-20,2020012001020017,JFL,59,32,389,185.00,"71,965.00"
2020-01-20,2020012001020016,JFL,42,32,10,188.00,"1,880.00"
2020-01-20,2020012001020005,JOSHI,34,20,20,64.00,"1,280.00"
2020-01-20,2020012001020139,KBL,6,57,400,201.00,"80,400.00"
2020-01-20,2020012001020089,KBL,44,4,288,200.00,"57,600.00"
2020-01-20,2020012001019986,KBL,42,57,30,201.00,"6,030.00"
2020-01-20,2020012001019985,KBL,42,59,470,201.00,"94,470.00"
2020-01-20,2020012001019977,KBL,44,4,104,200.00,"20,800.00"
2020-01-20,2020012001020026,KSBBL,40,22,300,156.00,"46,800.00"
2020-01-20,2020012001020003,KSBBL,59,4,353,155.00,"54,715.00"
2020-01-20,2020012001020303,LBBL,57,44,100,195.00,"19,500.00"
2020-01-20,2020012001020281,LBBL,57,44,500,195.00,"97,500.00"
2020-01-20,2020012001020180,LBBL,42,44,40,195.00,"7,800.00"
2020-01-20,2020012001020133,LGIL,55,53,12,420.00,"5,040.00"
2020-01-20,2020012001020132,LGIL,17,53,30,423.00,"12,690.00"
2020-01-20,2020012001020131,LGIL,45,53,100,426.00,"42,600.00"
2020-01-20,2020012001020130,LGIL,43,53,83,426.00,"35,358.00"
2020-01-20,2020012001020307,LLBS,34,28,100,940.00,"94,000.00"
2020-01-20,2020012001020038,LLBS,55,28,100,940.00,"94,000.00"
2020-01-20,2020012001020006,LLBS,49,41,13,935.00,"12,155.00"
2020-01-20,2020012001020397,MBL,33,58,10,239.00,"2,390.00"
2020-01-20,2020012001020064,MBL,42,57,100,238.00,"23,800.00"
2020-01-20,2020012001020063,MBL,42,21,200,238.00,"47,600.00"
2020-01-20,2020012001020062,MBL,42,1,500,238.00,"119,000.00"
2020-01-20,2020012001020273,MEGA,32,49,150,204.00,"30,600.00"
2020-01-20,2020012001020197,MEGA,32,49,250,204.00,"51,000.00"
2020-01-20,2020012001020196,MEGA,42,49,99,204.00,"20,196.00"
2020-01-20,2020012001020195,MEGA,8,49,251,204.00,"51,204.00"
2020-01-20,2020012001020432,MERO,26,41,50,643.00,"32,150.00"
2020-01-20,2020012001020276,MERO,1,41,100,643.00,"64,300.00"
2020-01-20,2020012001020265,MERO,34,4,78,640.00,"49,920.00"
2020-01-20,2020012001020264,MERO,50,4,22,640.00,"14,080.00"
2020-01-20,2020012001020019,MERO,49,17,11,640.00,"7,040.00"
2020-01-20,2020012001020211,MERO,50,48,78,640.00,"49,920.00"
2020-01-20,2020012001020210,MERO,49,48,22,640.00,"14,080.00"
2020-01-20,2020012001020200,MERO,54,14,10,644.00,"6,440.00"
2020-01-20,2020012001020410,MFIL,43,6,144,219.00,"31,536.00"
2020-01-20,2020012001020409,MFIL,43,33,121,219.00,"26,499.00"
2020-01-20,2020012001020408,MFIL,43,48,"1,000",218.00,"218,000.00"
2020-01-20,2020012001020407,MFIL,43,32,193,218.00,"42,074.00"
2020-01-20,2020012001020406,MFIL,43,22,"1,582",218.00,"344,876.00"
2020-01-20,2020012001020405,MFIL,43,56,960,218.00,"209,280.00"
2020-01-20,2020012001020191,MFIL,43,25,643,210.00,"135,030.00"
2020-01-20,2020012001020190,MFIL,43,38,"2,825",208.00,"587,600.00"
2020-01-20,2020012001020116,MFIL,43,43,10,208.00,"2,080.00"
2020-01-20,2020012001020344,MFIL,43,25,231,213.00,"49,203.00"
2020-01-20,2020012001020343,MFIL,43,5,600,212.00,"127,200.00"
2020-01-20,2020012001020220,MFIL,43,25,"5,000",213.00,"1,065,000.00"
2020-01-20,2020012001020194,MFIL,43,40,"1,000",212.00,"212,000.00"
2020-01-20,2020012001020193,MFIL,43,42,260,212.00,"55,120.00"
2020-01-20,2020012001020192,MFIL,43,25,171,212.00,"36,252.00"
2020-01-20,2020012001020350,MFIL,43,40,500,217.00,"108,500.00"
2020-01-20,2020012001020349,MFIL,43,22,"1,000",217.00,"217,000.00"
2020-01-20,2020012001020348,MFIL,43,47,500,215.00,"107,500.00"
2020-01-20,2020012001020347,MFIL,43,44,400,214.00,"85,600.00"
2020-01-20,2020012001020346,MFIL,43,20,90,214.00,"19,260.00"
2020-01-20,2020012001020345,MFIL,43,51,748,213.00,"159,324.00"
2020-01-20,2020012001020115,MLBL,50,29,100,209.00,"20,900.00"
2020-01-20,2020012001020233,MNBBL,25,22,30,330.00,"9,900.00"
2020-01-20,2020012001019955,MNBBL,25,56,105,330.00,"34,650.00"
2020-01-20,2020012001019954,MNBBL,25,53,250,330.00,"82,500.00"
2020-01-20,2020012001019953,MNBBL,25,40,300,329.00,"98,700.00"
2020-01-20,2020012001019952,MNBBL,25,34,300,328.00,"98,400.00"
2020-01-20,2020012001020436,MSMBS,58,34,10,752.00,"7,520.00"
2020-01-20,2020012001020435,MSMBS,58,41,10,750.00,"7,500.00"
2020-01-20,2020012001020369,MSMBS,58,16,11,749.00,"8,239.00"
2020-01-20,2020012001020368,MSMBS,58,7,50,744.00,"37,200.00"
2020-01-20,2020012001020338,MSMBS,58,10,185,736.00,"136,160.00"
2020-01-20,2020012001020251,MSMBS,6,10,15,736.00,"11,040.00"
2020-01-20,2020012001020160,MSMBS,59,10,28,722.00,"20,216.00"
2020-01-20,2020012001020159,MSMBS,58,10,92,722.00,"66,424.00"
2020-01-20,2020012001020111,MSMBS,58,10,100,723.00,"72,300.00"
2020-01-20,2020012001020009,MSMBS,58,45,22,735.00,"16,170.00"
2020-01-20,2020012001020434,NABIL,11,42,100,761.00,"76,100.00"
2020-01-20,2020012001020316,NABIL,8,42,38,761.00,"28,918.00"
2020-01-20,2020012001020272,NABIL,41,49,15,760.00,"11,400.00"
2020-01-20,2020012001020355,NADEP,36,25,26,621.00,"16,146.00"
2020-01-20,2020012001020310,NADEP,42,25,100,621.00,"62,100.00"
2020-01-20,2020012001020288,NADEP,59,25,10,621.00,"6,210.00"
2020-01-20,2020012001020177,NADEP,32,49,105,620.00,"65,100.00"
2020-01-20,2020012001020423,NBB,8,4,100,206.00,"20,600.00"
2020-01-20,2020012001019984,NBB,8,36,368,206.00,"75,808.00"
2020-01-20,2020012001020228,NBL,44,34,"1,000",279.00,"279,000.00"
2020-01-20,2020012001020412,NCCB,13,34,391,233.00,"91,103.00"
2020-01-20,2020012001020411,NCCB,13,53,109,233.00,"25,397.00"
2020-01-20,2020012001020372,NCCB,34,53,24,233.00,"5,592.00"
2020-01-20,2020012001020326,NCCB,32,16,400,231.00,"92,400.00"
2020-01-20,2020012001020321,NCCB,32,38,488,231.00,"112,728.00"
2020-01-20,2020012001020320,NCCB,34,38,300,231.00,"69,300.00"
2020-01-20,2020012001019979,NCCB,37,38,50,232.00,"11,600.00"
2020-01-20,2020012001019948,NCCB,32,47,57,231.00,"13,167.00"
2020-01-20,2020012001020097,NCCB,14,1,331,232.00,"76,792.00"
2020-01-20,2020012001020096,NCCB,14,38,"1,669",232.00,"387,208.00"
2020-01-20,2020012001020095,NCCB,37,38,140,232.00,"32,480.00"
2020-01-20,2020012001020091,NCCB,21,38,100,232.00,"23,200.00"
2020-01-20,2020012001020042,NCCB,14,1,500,231.00,"115,500.00"
2020-01-20,2020012001020041,NCCB,48,1,500,231.00,"115,500.00"
2020-01-20,2020012001020168,NCCB,35,50,500,231.00,"115,500.00"
2020-01-20,2020012001020167,NCCB,3,50,500,231.00,"115,500.00"
2020-01-20,2020012001020166,NCCB,17,50,40,231.00,"9,240.00"
2020-01-20,2020012001020165,NCCB,14,50,365,231.00,"84,315.00"
2020-01-20,2020012001020161,NCCB,29,1,100,232.00,"23,200.00"
2020-01-20,2020012001020145,NCCB,11,1,20,232.00,"4,640.00"
2020-01-20,2020012001020217,NCCB,29,58,"1,299",232.00,"301,368.00"
2020-01-20,2020012001020216,NCCB,17,58,701,232.00,"162,632.00"
2020-01-20,2020012001020215,NCCB,17,34,400,232.00,"92,800.00"
2020-01-20,2020012001020214,NCCB,17,1,549,232.00,"127,368.00"
2020-01-20,2020012001020170,NCCB,50,50,153,231.00,"35,343.00"
2020-01-20,2020012001020169,NCCB,59,50,100,231.00,"23,100.00"
2020-01-20,2020012001020248,NCCB,11,16,294,232.00,"68,208.00"
2020-01-20,2020012001020244,NCCB,47,16,15,231.00,"3,465.00"
2020-01-20,2020012001020243,NCCB,50,16,227,231.00,"52,437.00"
2020-01-20,2020012001020221,NCCB,50,17,20,231.00,"4,620.00"
2020-01-20,2020012001020219,NCCB,29,16,206,232.00,"47,792.00"
2020-01-20,2020012001020218,NCCB,29,41,495,232.00,"114,840.00"
2020-01-20,2020012001020269,NCCB,58,32,294,232.00,"68,208.00"
2020-01-20,2020012001020268,NCCB,58,53,"1,000",232.00,"232,000.00"
2020-01-20,2020012001020267,NCCB,58,35,"2,064",232.00,"478,848.00"
2020-01-20,2020012001020259,NCCB,47,34,473,231.00,"109,263.00"
2020-01-20,2020012001020250,NCCB,11,32,706,232.00,"163,792.00"
2020-01-20,2020012001020249,NCCB,11,34,"1,000",232.00,"232,000.00"
2020-01-20,2020012001020297,NCCB,42,38,200,231.00,"46,200.00"
2020-01-20,2020012001020296,NCCB,47,38,12,231.00,"2,772.00"
2020-01-20,2020012001020284,NCCB,58,53,167,233.00,"38,911.00"
2020-01-20,2020012001020283,NCCB,58,52,833,232.00,"193,256.00"
2020-01-20,2020012001020271,NCCB,58,52,325,232.00,"75,400.00"
2020-01-20,2020012001020270,NCCB,58,32,"2,317",232.00,"537,544.00"
2020-01-20,2020012001020289,NGPL,6,53,11,117.00,"1,287.00"
2020-01-20,2020012001020398,NIB,56,38,36,405.00,"14,580.00"
2020-01-20,2020012001020086,NIB,35,45,100,406.00,"40,600.00"
2020-01-20,2020012001020085,NIB,6,45,10,406.00,"4,060.00"
2020-01-20,2020012001020084,NIB,14,45,50,406.00,"20,300.00"
2020-01-20,2020012001020083,NIB,35,45,200,406.00,"81,200.00"
2020-01-20,2020012001020082,NIB,8,45,200,406.00,"81,200.00"
2020-01-20,2020012001020081,NIB,45,45,31,406.00,"12,586.00"
2020-01-20,2020012001020073,NIBPO,8,38,68,380.00,"25,840.00"
2020-01-20,2020012001020072,NIBPO,55,38,282,380.00,"107,160.00"
2020-01-20,2020012001020080,NIBSF1,50,21,100,9.90,990.00
2020-01-20,2020012001020393,NICA,41,21,20,479.00,"9,580.00"
2020-01-20,2020012001020207,NICA,28,56,20,480.00,"9,600.00"
2020-01-20,2020012001020206,NICA,28,25,200,479.00,"95,800.00"
2020-01-20,2020012001020186,NICA,28,25,100,478.00,"47,800.00"
2020-01-20,2020012001020185,NICA,28,58,500,478.00,"239,000.00"
2020-01-20,2020012001020184,NICA,28,6,343,476.00,"163,268.00"
2020-01-20,2020012001019964,NICA,34,4,987,472.00,"465,864.00"
2020-01-20,2020012001019950,NICA,28,58,15,475.00,"7,125.00"
2020-01-20,2020012001020125,NICA,28,42,473,475.00,"224,675.00"
2020-01-20,2020012001020036,NICA,45,42,27,475.00,"12,825.00"
2020-01-20,2020012001020035,NICA,45,58,23,475.00,"10,925.00"
2020-01-20,2020012001019987,NICA,58,58,10,475.00,"4,750.00"
2020-01-20,2020012001019966,NICA,34,4,13,472.00,"6,136.00"
2020-01-20,2020012001019965,NICA,34,4,"1,000",472.00,"472,000.00"
2020-01-20,2020012001020155,NICA,28,6,157,476.00,"74,732.00"
2020-01-20,2020012001020154,NICA,28,58,660,476.00,"314,160.00"
2020-01-20,2020012001020153,NICA,28,50,183,475.00,"86,925.00"
2020-01-20,2020012001020128,NICA,28,50,317,475.00,"150,575.00"
2020-01-20,2020012001020127,NICA,28,35,110,475.00,"52,250.00"
2020-01-20,2020012001020126,NICA,28,14,100,475.00,"47,500.00"
2020-01-20,2020012001020164,NICAD8283,17,58,25,"1,009.00","25,225.00"
2020-01-20,2020012001020439,NICL,46,42,383,377.00,"144,391.00"
2020-01-20,2020012001020438,NICL,46,44,617,377.00,"232,609.00"
2020-01-20,2020012001020422,NICL,49,58,20,375.00,"7,500.00"
2020-01-20,2020012001020241,NICL,34,44,50,377.00,"18,850.00"
2020-01-20,2020012001020093,NICL,32,44,323,377.00,"121,771.00"
2020-01-20,2020012001020012,NICL,41,37,564,375.00,"211,500.00"
2020-01-20,2020012001020371,NIL,34,28,90,445.00,"40,050.00"
2020-01-20,2020012001020077,NIL,6,28,10,445.00,"4,450.00"
2020-01-20,2020012001020076,NIL,22,28,100,445.00,"44,500.00"
2020-01-20,2020012001020311,NLBBL,52,14,145,653.00,"94,685.00"
2020-01-20,2020012001020202,NLBBL,52,25,105,653.00,"68,565.00"
2020-01-20,2020012001020066,NLBBL,55,21,100,656.00,"65,600.00"
2020-01-20,2020012001020332,NLIC,42,29,10,"1,065.00","10,650.00"
2020-01-20,2020012001020318,NLIC,34,45,22,"1,063.00","23,386.00"
2020-01-20,2020012001020317,NLIC,44,45,100,"1,063.00","106,300.00"
2020-01-20,2020012001020129,NLIC,58,4,500,"1,064.00","532,000.00"
2020-01-20,2020012001020015,NLIC,26,49,190,"1,063.00","201,970.00"
2020-01-20,2020012001020004,NLIC,26,5,190,"1,062.00","201,780.00"
2020-01-20,2020012001019976,NLIC,54,5,10,"1,062.00","10,620.00"
2020-01-20,2020012001020426,NLICL,35,39,10,630.00,"6,300.00"
2020-01-20,2020012001020261,NLICL,26,57,150,622.00,"93,300.00"
2020-01-20,2020012001020260,NLICL,17,57,100,625.00,"62,500.00"
2020-01-20,2020012001020236,NLICL,28,41,302,625.00,"188,750.00"
2020-01-20,2020012001020028,NLICL,21,41,210,625.00,"131,250.00"
2020-01-20,2020012001020027,NLICL,21,14,90,625.00,"56,250.00"
2020-01-20,2020012001019983,NLICL,17,14,100,625.00,"62,500.00"
2020-01-20,2020012001020425,NMB,28,51,500,368.00,"184,000.00"
2020-01-20,2020012001020357,NMB,28,51,124,368.00,"45,632.00"
2020-01-20,2020012001020324,NMB,1,51,300,368.00,"110,400.00"
2020-01-20,2020012001020092,NMB,37,51,50,368.00,"18,400.00"
2020-01-20,2020012001020067,NMB,25,36,600,367.00,"220,200.00"
2020-01-20,2020012001020065,NMB,52,36,500,367.00,"183,500.00"
2020-01-20,2020012001020034,NMB,52,4,12,366.00,"4,392.00"
2020-01-20,2020012001019999,NMB,34,36,500,367.00,"183,500.00"
2020-01-20,2020012001019998,NMB,52,36,200,367.00,"73,400.00"
2020-01-20,2020012001019997,NMB,38,36,300,367.00,"110,100.00"
2020-01-20,2020012001020415,NMBMF,42,49,18,849.00,"15,282.00"
2020-01-20,2020012001020374,NMBMF,42,45,100,840.00,"84,000.00"
2020-01-20,2020012001020373,NMBMF,42,45,117,840.00,"98,280.00"
2020-01-20,2020012001020262,NMBMF,42,45,10,832.00,"8,320.00"
2020-01-20,2020012001019968,OHL,46,4,30,515.00,"15,450.00"
2020-01-20,2020012001020387,PCBL,47,55,114,275.00,"31,350.00"
2020-01-20,2020012001020386,PCBL,47,53,86,275.00,"23,650.00"
2020-01-20,2020012001020213,PCBL,1,53,100,275.00,"27,500.00"
2020-01-20,2020012001020058,PCBL,58,53,10,275.00,"2,750.00"
2020-01-20,2020012001020033,PCBL,29,38,25,272.00,"6,800.00"
2020-01-20,2020012001020032,PCBL,53,38,88,273.00,"24,024.00"
2020-01-20,2020012001019974,PCBL,53,44,12,273.00,"3,276.00"
2020-01-20,2020012001019973,PCBL,47,44,88,273.00,"24,024.00"
2020-01-20,2020012001020292,PFL,32,34,200,156.00,"31,200.00"
2020-01-20,2020012001020291,PFL,42,34,87,156.00,"13,572.00"
2020-01-20,2020012001020290,PFL,59,34,10,159.00,"1,590.00"
2020-01-20,2020012001020388,PIC,59,45,10,539.00,"5,390.00"
2020-01-20,2020012001020110,PIC,4,42,530,532.00,"281,960.00"
2020-01-20,2020012001019991,PIC,25,58,100,540.00,"54,000.00"
2020-01-20,2020012001020416,PICL,19,32,100,647.00,"64,700.00"
2020-01-20,2020012001020331,PICL,59,32,200,647.00,"129,400.00"
2020-01-20,2020012001020254,PICL,25,32,100,647.00,"64,700.00"
2020-01-20,2020012001020112,PICL,45,32,20,647.00,"12,940.00"
2020-01-20,2020012001020079,PICL,49,4,50,643.00,"32,150.00"
2020-01-20,2020012001020057,PICL,21,32,50,647.00,"32,350.00"
2020-01-20,2020012001020278,PLIC,6,6,"1,000",480.00,"480,000.00"
2020-01-20,2020012001020225,PLIC,53,53,500,481.00,"240,500.00"
2020-01-20,2020012001020203,PLIC,49,51,"2,000",480.00,"960,000.00"
2020-01-20,2020012001020070,PLIC,6,6,"3,000",480.00,"1,440,000.00"
2020-01-20,2020012001020385,PRVU,14,39,500,255.00,"127,500.00"
2020-01-20,2020012001020384,PRVU,53,39,500,255.00,"127,500.00"
2020-01-20,2020012001020383,PRVU,35,39,30,255.00,"7,650.00"
2020-01-20,2020012001020382,PRVU,44,39,500,255.00,"127,500.00"
2020-01-20,2020012001020381,PRVU,22,39,450,255.00,"114,750.00"
2020-01-20,2020012001020201,PRVU,37,55,50,257.00,"12,850.00"
2020-01-20,2020012001020007,PRVU,38,55,205,255.00,"52,275.00"
2020-01-20,2020012001020000,PRVU,28,55,10,257.00,"2,570.00"
2020-01-20,2020012001020183,PRVU,22,8,50,255.00,"12,750.00"
2020-01-20,2020012001020182,PRVU,38,8,50,255.00,"12,750.00"
2020-01-20,2020012001020149,PRVU,38,49,125,255.00,"31,875.00"
2020-01-20,2020012001020148,PRVU,40,49,200,256.00,"51,200.00"
2020-01-20,2020012001020147,PRVU,52,49,100,256.00,"25,600.00"
2020-01-20,2020012001020146,PRVU,42,49,15,256.00,"3,840.00"
2020-01-20,2020012001020418,RHPL,42,34,10,174.00,"1,740.00"
2020-01-20,2020012001020109,RHPL,42,44,30,174.00,"5,220.00"
2020-01-20,2020012001020246,RLFL,51,26,"3,240",136.00,"440,640.00"
2020-01-20,2020012001020054,RLFL,51,1,500,135.00,"67,500.00"
2020-01-20,2020012001020021,RLFL,51,49,541,134.00,"72,494.00"
2020-01-20,2020012001019957,RLFL,28,3,700,132.00,"92,400.00"
2020-01-20,2020012001020445,RMDC,53,50,10,630.00,"6,300.00"
2020-01-20,2020012001020187,RSDC,29,53,40,416.00,"16,640.00"
2020-01-20,2020012001020059,RSDC,35,13,128,420.00,"53,760.00"
2020-01-20,2020012001020370,SADBL,26,4,500,160.00,"80,000.00"
2020-01-20,2020012001019961,SADBL,26,48,"1,000",159.00,"159,000.00"
2020-01-20,2020012001020430,SAEF,47,26,"4,000",9.50,"38,000.00"
2020-01-20,2020012001020429,SAEF,52,26,"1,000",9.52,"9,520.00"
2020-01-20,2020012001020031,SAND2085,8,57,175,926.00,"162,050.00"
2020-01-20,2020012001020030,SAND2085,8,57,15,928.00,"13,920.00"
2020-01-20,2020012001020029,SAND2085,7,57,10,929.00,"9,290.00"
2020-01-20,2020012001020414,SANIMA,57,22,20,351.00,"7,020.00"
2020-01-20,2020012001020413,SANIMA,57,46,100,351.00,"35,100.00"
2020-01-20,2020012001020152,SANIMA,14,44,200,350.00,"70,000.00"
2020-01-20,2020012001020157,SBI,47,45,300,426.00,"127,800.00"
2020-01-20,2020012001020379,SBL,32,25,10,329.00,"3,290.00"
2020-01-20,2020012001020341,SBL,32,47,100,327.00,"32,700.00"
2020-01-20,2020012001020304,SBL,32,52,351,327.00,"114,777.00"
2020-01-20,2020012001020235,SBL,32,39,"1,000",327.00,"327,000.00"
2020-01-20,2020012001020339,SCB,11,40,80,642.00,"51,360.00"
2020-01-20,2020012001020323,SCB,25,41,50,641.00,"32,050.00"
2020-01-20,2020012001020151,SCB,49,42,10,638.00,"6,380.00"
2020-01-20,2020012001020075,SCB,25,51,75,641.00,"48,075.00"
2020-01-20,2020012001020074,SCB,25,50,15,641.00,"9,615.00"
2020-01-20,2020012001020049,SCB,58,50,10,641.00,"6,410.00"
2020-01-20,2020012001020048,SCB,58,17,40,640.00,"25,600.00"
2020-01-20,2020012001020008,SCB,49,53,20,638.00,"12,760.00"
2020-01-20,2020012001020356,SDESI,25,34,23,775.00,"17,825.00"
2020-01-20,2020012001020144,SDESI,17,25,27,761.00,"20,547.00"
2020-01-20,2020012001020143,SDESI,7,25,73,761.00,"55,553.00"
2020-01-20,2020012001020047,SDESI,7,25,127,761.00,"96,647.00"
2020-01-20,2020012001020046,SDESI,39,25,50,761.00,"38,050.00"
2020-01-20,2020012001020045,SDESI,56,25,55,764.00,"42,020.00"
2020-01-20,2020012001020044,SDESI,38,25,18,775.00,"13,950.00"
2020-01-20,2020012001020404,SFFIL,38,29,100,206.00,"20,600.00"
2020-01-20,2020012001020119,SFFIL,10,29,100,204.00,"20,400.00"
2020-01-20,2020012001020053,SFFIL,10,29,100,204.00,"20,400.00"
2020-01-20,2020012001020354,SHINE,21,4,87,262.00,"22,794.00"
2020-01-20,2020012001020441,SHIVM,42,48,10,515.00,"5,150.00"
2020-01-20,2020012001020353,SHIVM,58,50,180,519.00,"93,420.00"
2020-01-20,2020012001020352,SHIVM,58,50,220,518.00,"113,960.00"
2020-01-20,2020012001020351,SHIVM,58,11,100,515.00,"51,500.00"
2020-01-20,2020012001020229,SHIVM,49,8,100,512.00,"51,200.00"
2020-01-20,2020012001020223,SHIVM,49,49,300,512.00,"153,600.00"
2020-01-20,2020012001020142,SHIVM,49,26,280,512.00,"143,360.00"
2020-01-20,2020012001020141,SHIVM,35,26,70,512.00,"35,840.00"
2020-01-20,2020012001020140,SHIVM,33,26,150,513.00,"76,950.00"
2020-01-20,2020012001020138,SHIVM,33,4,50,513.00,"25,650.00"
2020-01-20,2020012001020237,SHL,56,38,500,209.00,"104,500.00"
2020-01-20,2020012001020362,SHPC,56,40,10,212.00,"2,120.00"
2020-01-20,2020012001020313,SHPC,46,40,300,212.00,"63,600.00"
2020-01-20,2020012001019969,SHPC,45,59,220,210.00,"46,200.00"
2020-01-20,2020012001020390,SICL,58,4,20,957.00,"19,140.00"
2020-01-20,2020012001020240,SICL,5,4,310,952.00,"295,120.00"
2020-01-20,2020012001020094,SICL,5,4,500,957.00,"478,500.00"
2020-01-20,2020012001020239,SICL,37,4,90,953.00,"85,770.00"
2020-01-20,2020012001020222,SICL,37,4,10,953.00,"9,530.00"
2020-01-20,2020012001020156,SICL,32,4,50,957.00,"47,850.00"
2020-01-20,2020012001020232,SIFC,59,59,320,163.00,"52,160.00"
2020-01-20,2020012001020224,SIFC,4,59,"1,000",164.00,"164,000.00"
2020-01-20,2020012001019962,SIL,25,44,100,526.00,"52,600.00"
2020-01-20,2020012001019981,SINDU,54,34,200,140.00,"28,000.00"
2020-01-20,2020012001020124,SJCL,22,44,20,164.00,"3,280.00"
2020-01-20,2020012001019995,SJCL,22,53,20,164.00,"3,280.00"
2020-01-20,2020012001020377,SKBBL,29,47,10,938.00,"9,380.00"
2020-01-20,2020012001020376,SKBBL,29,34,10,928.00,"9,280.00"
2020-01-20,2020012001020375,SKBBL,29,41,30,927.00,"27,810.00"
2020-01-20,2020012001020431,SLBBL,34,37,10,765.00,"7,650.00"
2020-01-20,2020012001020360,SLBBL,22,37,30,765.00,"22,950.00"
2020-01-20,2020012001020359,SLBBL,22,58,70,765.00,"53,550.00"
2020-01-20,2020012001020204,SLBBL,26,17,100,760.00,"76,000.00"
2020-01-20,2020012001020135,SLBBL,26,47,"1,000",759.00,"759,000.00"
2020-01-20,2020012001020134,SLBBL,26,45,100,755.00,"75,500.00"
2020-01-20,2020012001019978,SLBSL,25,53,26,745.00,"19,370.00"
2020-01-20,2020012001020427,SLICL,32,49,200,393.00,"78,600.00"
2020-01-20,2020012001020389,SLICL,58,16,10,394.00,"3,940.00"
2020-01-20,2020012001020330,SLICL,58,33,"3,500",393.00,"1,375,500.00"
2020-01-20,2020012001020329,SLICL,58,19,100,393.00,"39,300.00"
2020-01-20,2020012001020328,SLICL,58,49,190,393.00,"74,670.00"
2020-01-20,2020012001020312,SLICL,35,7,51,392.00,"19,992.00"
2020-01-20,2020012001019967,SLICL,17,3,195,391.00,"76,245.00"
2020-01-20,2020012001020001,SLICL,57,38,53,387.00,"20,511.00"
2020-01-20,2020012001019972,SLICL,5,49,800,393.00,"314,400.00"
2020-01-20,2020012001019971,SLICL,5,17,"1,000",391.00,"391,000.00"
2020-01-20,2020012001019970,SLICL,5,21,200,391.00,"78,200.00"
2020-01-20,2020012001020333,SMB,34,11,40,711.00,"28,440.00"
2020-01-20,2020012001019949,SMB,5,53,10,708.00,"7,080.00"
2020-01-20,2020012001020295,SPARS,55,45,50,775.00,"38,750.00"
2020-01-20,2020012001020257,SPARS,34,40,13,765.00,"9,945.00"
2020-01-20,2020012001020256,SPARS,41,40,10,765.00,"7,650.00"
2020-01-20,2020012001020255,SPARS,14,40,20,765.00,"15,300.00"
2020-01-20,2020012001020179,SPARS,35,34,50,767.00,"38,350.00"
2020-01-20,2020012001020178,SPARS,45,34,10,767.00,"7,670.00"
2020-01-20,2020012001020263,SRBL,58,25,92,241.00,"22,172.00"
2020-01-20,2020012001019963,STC,19,57,130,"2,450.00","318,500.00"
2020-01-20,2020012001020306,SWBBL,33,42,100,"1,050.00","105,000.00"
2020-01-20,2020012001020305,SWBBL,33,29,100,"1,049.00","104,900.00"
2020-01-20,2020012001020428,TRH,58,45,10,320.00,"3,200.00"
2020-01-20,2020012001020391,TRH,58,45,160,318.00,"50,880.00"
2020-01-20,2020012001019956,TRH,44,48,400,315.00,"126,000.00"
2020-01-20,2020012001020113,UFL,35,14,210,187.00,"39,270.00"
2020-01-20,2020012001020396,UIC,35,50,100,375.00,"37,500.00"
2020-01-20,2020012001020279,UIC,14,50,300,375.00,"112,500.00"
2020-01-20,2020012001019960,UIC,48,50,30,375.00,"11,250.00"
2020-01-20,2020012001020433,UPPER,45,51,300,255.00,"76,500.00"
2020-01-20,2020012001020337,UPPER,45,22,501,255.00,"127,755.00"
2020-01-20,2020012001020336,UPPER,32,22,20,255.00,"5,100.00"
2020-01-20,2020012001020208,UPPER,1,8,100,254.00,"25,400.00"
2020-01-20,2020012001020150,UPPER,26,25,50,255.00,"12,750.00"
2020-01-20,2020012001020335,UPPER,6,22,479,255.00,"122,145.00"
2020-01-20,2020012001020298,UPPER,6,17,21,255.00,"5,355.00"
2020-01-20,2020012001020266,UPPER,1,7,500,254.00,"127,000.00"
2020-01-20,2020012001020253,UPPER,25,17,179,255.00,"45,645.00"
2020-01-20,2020012001020252,UPPER,25,25,321,255.00,"81,855.00"
2020-01-20,2020012001020209,UPPER,1,6,100,254.00,"25,400.00"
2020-01-20,2020012001020238,VLBS,55,44,10,849.00,"8,490.00"
2020-01-20,2020012001019996,WOMI,38,16,23,950.00,"21,850.00"
2020-01-20,2020012001019729,ADBL,56,38,15,386.00,"5,790.00"
2020-01-20,2020012001019628,ADBL,58,38,100,386.00,"38,600.00"
2020-01-20,2020012001019627,ADBL,4,38,25,386.00,"9,650.00"
2020-01-20,2020012001019626,ADBL,6,38,60,388.00,"23,280.00"
2020-01-20,2020012001019521,AKPL,13,53,10,126.00,"1,260.00"
2020-01-20,2020012001019513,AKPL,13,52,100,126.00,"12,600.00"
2020-01-20,2020012001019898,ALBSL,6,42,60,654.00,"39,240.00"
2020-01-20,2020012001019652,ALBSL,59,42,10,654.00,"6,540.00"
2020-01-20,2020012001019522,ALBSL,13,42,10,654.00,"6,540.00"
2020-01-20,2020012001019469,ALBSL,39,20,10,642.00,"6,420.00"
2020-01-20,2020012001019771,ALICL,50,57,500,465.00,"232,500.00"
2020-01-20,2020012001019695,ALICL,50,48,260,465.00,"120,900.00"
2020-01-20,2020012001019680,ALICL,50,4,50,465.00,"23,250.00"
2020-01-20,2020012001019561,ALICL,53,55,100,469.00,"46,900.00"
2020-01-20,2020012001019524,ALICL,50,44,150,465.00,"69,750.00"
2020-01-20,2020012001019523,ALICL,50,45,193,465.00,"89,745.00"
2020-01-20,2020012001019567,API,32,45,800,125.00,"100,000.00"
2020-01-20,2020012001019566,API,59,45,500,125.00,"62,500.00"
2020-01-20,2020012001019565,API,45,45,300,125.00,"37,500.00"
2020-01-20,2020012001019564,API,28,45,33,125.00,"4,125.00"
2020-01-20,2020012001019525,API,28,58,38,125.00,"4,750.00"
2020-01-20,2020012001019495,API,28,53,17,125.00,"2,125.00"
2020-01-20,2020012001019854,BBC,32,48,50,"1,870.00","93,500.00"
2020-01-20,2020012001019853,BBC,22,48,20,"1,870.00","37,400.00"
2020-01-20,2020012001019852,BBC,5,48,50,"1,870.00","93,500.00"
2020-01-20,2020012001019851,BBC,51,48,50,"1,871.00","93,550.00"
2020-01-20,2020012001019850,BBC,1,48,20,"1,875.00","37,500.00"
2020-01-20,2020012001019849,BBC,39,48,200,"1,880.00","376,000.00"
2020-01-20,2020012001019655,BFC,57,6,215,102.00,"21,930.00"
2020-01-20,2020012001019654,BFC,35,6,100,102.00,"10,200.00"
2020-01-20,2020012001019653,BFC,42,6,85,102.00,"8,670.00"
2020-01-20,2020012001019556,BFC,42,42,75,102.00,"7,650.00"
2020-01-20,2020012001019517,BFC,42,42,340,102.00,"34,680.00"
2020-01-20,2020012001019516,BFC,57,42,172,102.00,"17,544.00"
2020-01-20,2020012001019697,BNT,57,58,10,"6,280.00","62,800.00"
2020-01-20,2020012001019690,BOKL,45,58,47,236.00,"11,092.00"
2020-01-20,2020012001019489,BOKL,45,20,118,236.00,"27,848.00"
2020-01-20,2020012001019488,BOKL,4,20,50,236.00,"11,800.00"
2020-01-20,2020012001019904,BPCL,33,22,20,330.00,"6,600.00"
2020-01-20,2020012001019734,BPCL,45,52,92,325.00,"29,900.00"
2020-01-20,2020012001019733,BPCL,41,52,108,325.00,"35,100.00"
2020-01-20,2020012001019678,CBBL,49,34,273,893.00,"243,789.00"
2020-01-20,2020012001019659,CBBL,18,22,60,891.00,"53,460.00"
2020-01-20,2020012001019542,CBBL,54,45,18,890.00,"16,020.00"
2020-01-20,2020012001019674,CBL,43,48,10,148.00,"1,480.00"
2020-01-20,2020012001019590,CBL,34,26,75,147.00,"11,025.00"
2020-01-20,2020012001019589,CBL,32,26,500,147.00,"73,500.00"
2020-01-20,2020012001019588,CBL,4,26,500,147.00,"73,500.00"
2020-01-20,2020012001019587,CBL,4,26,"2,000",147.00,"294,000.00"
2020-01-20,2020012001019586,CBL,29,26,"2,000",147.00,"294,000.00"
2020-01-20,2020012001019585,CBL,26,26,200,147.00,"29,400.00"
2020-01-20,2020012001019584,CBL,51,26,70,147.00,"10,290.00"
2020-01-20,2020012001019920,CCBL,16,42,47,185.00,"8,695.00"
2020-01-20,2020012001019919,CCBL,45,42,953,185.00,"176,305.00"
2020-01-20,2020012001019704,CCBL,42,26,86,186.00,"15,996.00"
2020-01-20,2020012001019684,CCBL,42,14,14,186.00,"2,604.00"
2020-01-20,2020012001019683,CCBL,33,14,282,186.00,"52,452.00"
2020-01-20,2020012001019648,CCBL,17,14,500,187.00,"93,500.00"
2020-01-20,2020012001019510,CCBL,33,20,97,186.00,"18,042.00"
2020-01-20,2020012001019923,CHCL,47,25,250,427.00,"106,750.00"
2020-01-20,2020012001019922,CHCL,42,25,100,428.00,"42,800.00"
2020-01-20,2020012001019657,CHCL,47,22,210,427.00,"89,670.00"
2020-01-20,2020012001019656,CHCL,45,22,190,427.00,"81,130.00"
2020-01-20,2020012001019519,CHCL,45,20,10,427.00,"4,270.00"
2020-01-20,2020012001019518,CHCL,49,20,50,427.00,"21,350.00"
2020-01-20,2020012001019486,CHCL,42,47,100,430.00,"43,000.00"
2020-01-20,2020012001019577,CIT,59,44,35,"2,230.00","78,050.00"
2020-01-20,2020012001019576,CIT,28,44,15,"2,231.00","33,465.00"
2020-01-20,2020012001019895,CLBSL,19,45,128,855.00,"109,440.00"
2020-01-20,2020012001019594,CLBSL,13,17,50,860.00,"43,000.00"
2020-01-20,2020012001019571,CLBSL,13,49,100,855.00,"85,500.00"
2020-01-20,2020012001019758,CMF1,42,40,400,9.95,"3,980.00"
2020-01-20,2020012001019816,CORBL,17,10,"1,000",136.00,"136,000.00"
2020-01-20,2020012001019700,CORBL,17,10,"1,800",136.00,"244,800.00"
2020-01-20,2020012001019689,CORBL,45,32,200,137.00,"27,400.00"
2020-01-20,2020012001019477,CZBIL,44,53,10,202.00,"2,020.00"
2020-01-20,2020012001019472,CZBIL,44,32,490,202.00,"98,980.00"
2020-01-20,2020012001019471,CZBIL,51,32,10,202.00,"2,020.00"
2020-01-20,2020012001019814,DDBL,44,33,50,"1,036.00","51,800.00"
2020-01-20,2020012001019728,DDBL,22,33,20,"1,036.00","20,720.00"
2020-01-20,2020012001019703,DDBL,33,33,100,"1,036.00","103,600.00"
2020-01-20,2020012001019672,DDBL,33,33,500,"1,036.00","518,000.00"
2020-01-20,2020012001019538,DDBL,45,33,25,"1,036.00","25,900.00"
2020-01-20,2020012001019501,DDBL,49,47,85,"1,035.00","87,975.00"
2020-01-20,2020012001019840,EBL,32,47,100,629.00,"62,900.00"
2020-01-20,2020012001019839,EBL,58,42,10,630.00,"6,300.00"
2020-01-20,2020012001019798,EBL,14,33,60,627.00,"37,620.00"
2020-01-20,2020012001019797,EBL,25,33,10,627.00,"6,270.00"
2020-01-20,2020012001019776,EIC,21,50,200,349.00,"69,800.00"
2020-01-20,2020012001019636,EIC,55,50,50,349.00,"17,450.00"
2020-01-20,2020012001019539,EIC,38,50,11,349.00,"3,839.00"
2020-01-20,2020012001019918,FMDBL,50,17,10,419.00,"4,190.00"
2020-01-20,2020012001019757,FMDBL,34,43,200,413.00,"82,600.00"
2020-01-20,2020012001019756,FMDBL,53,43,100,413.00,"41,300.00"
2020-01-20,2020012001019730,FMDBL,14,43,100,418.00,"41,800.00"
2020-01-20,2020012001019688,FMDBL,19,7,126,416.00,"52,416.00"
2020-01-20,2020012001019632,FMDBL,37,1,100,417.00,"41,700.00"
2020-01-20,2020012001019540,FMDBL,49,43,100,418.00,"41,800.00"
2020-01-20,2020012001019487,FMDBL,37,42,100,417.00,"41,700.00"
2020-01-20,2020012001019817,FOWAD,51,36,15,"1,260.00","18,900.00"
2020-01-20,2020012001019774,FOWAD,40,4,19,"1,258.00","23,902.00"
2020-01-20,2020012001019692,GBBL,54,45,100,235.00,"23,500.00"
2020-01-20,2020012001019475,GBBL,4,45,10,235.00,"2,350.00"
2020-01-20,2020012001019474,GBBL,4,11,70,234.00,"16,380.00"
2020-01-20,2020012001019897,GBLBS,46,21,50,415.00,"20,750.00"
2020-01-20,2020012001019871,GBLBS,11,4,15,411.00,"6,165.00"
2020-01-20,2020012001019506,GBLBS,1,48,24,410.00,"9,840.00"
2020-01-20,2020012001019505,GBLBS,34,48,100,410.00,"41,000.00"
2020-01-20,2020012001019504,GBLBS,40,48,221,410.00,"90,610.00"
2020-01-20,2020012001019503,GBLBS,44,48,155,411.00,"63,705.00"
2020-01-20,2020012001019791,GFCL,59,42,200,150.00,"30,000.00"
2020-01-20,2020012001019790,GFCL,59,6,"1,000",150.00,"150,000.00"
2020-01-20,2020012001019789,GFCL,59,48,730,150.00,"109,500.00"
2020-01-20,2020012001019719,GFCL,50,48,240,150.00,"36,000.00"
2020-01-20,2020012001019651,GFCL,59,48,30,150.00,"4,500.00"
2020-01-20,2020012001019867,GILB,34,34,10,"1,369.00","13,690.00"
2020-01-20,2020012001019847,GILB,34,34,10,"1,354.00","13,540.00"
2020-01-20,2020012001019775,GILB,34,44,100,"1,328.00","132,800.00"
2020-01-20,2020012001019755,GILB,34,44,200,"1,315.00","263,000.00"
2020-01-20,2020012001019677,GILB,53,53,257,"1,300.00","334,100.00"
2020-01-20,2020012001019606,GILB,34,53,10,"1,310.00","13,100.00"
2020-01-20,2020012001019642,GLICL,38,17,"1,000",617.00,"617,000.00"
2020-01-20,2020012001019641,GLICL,38,29,11,617.00,"6,787.00"
2020-01-20,2020012001019467,GLICL,38,29,500,617.00,"308,500.00"
2020-01-20,2020012001019466,GLICL,38,45,50,616.00,"30,800.00"
2020-01-20,2020012001019691,GMFBS,28,43,10,758.00,"7,580.00"
2020-01-20,2020012001019558,GMFBS,19,43,10,753.00,"7,530.00"
2020-01-20,2020012001019514,GMFBS,28,43,10,739.00,"7,390.00"
2020-01-20,2020012001019830,GUFL,51,4,750,135.00,"101,250.00"
2020-01-20,2020012001019788,HBL,58,51,10,565.00,"5,650.00"
2020-01-20,2020012001019460,HBL,38,4,50,561.00,"28,050.00"
2020-01-20,2020012001019583,HDL,57,52,40,"1,276.00","51,040.00"
2020-01-20,2020012001019582,HDL,57,52,100,"1,276.00","127,600.00"
2020-01-20,2020012001019581,HDL,57,52,210,"1,276.00","267,960.00"
2020-01-20,2020012001019580,HDL,26,52,50,"1,277.00","63,850.00"
2020-01-20,2020012001019579,HDL,21,52,100,"1,278.00","127,800.00"
2020-01-20,2020012001019670,HGI,49,43,70,353.00,"24,710.00"
2020-01-20,2020012001019596,HGI,57,43,100,353.00,"35,300.00"
2020-01-20,2020012001019555,HGI,55,43,50,353.00,"17,650.00"
2020-01-20,2020012001019805,HIDCL,56,56,30,141.00,"4,230.00"
2020-01-20,2020012001019827,HPPL,17,4,10,154.00,"1,540.00"
2020-01-20,2020012001019933,IGI,8,48,300,392.00,"117,600.00"
2020-01-20,2020012001019932,IGI,42,48,200,393.00,"78,600.00"
2020-01-20,2020012001019872,IGI,34,48,200,394.00,"78,800.00"
2020-01-20,2020012001019526,IGI,44,28,100,395.00,"39,500.00"
2020-01-20,2020012001019779,ILBS,14,5,10,820.00,"8,200.00"
2020-01-20,2020012001019710,ILBS,14,32,80,820.00,"65,600.00"
2020-01-20,2020012001019709,ILBS,21,32,190,822.00,"156,180.00"
2020-01-20,2020012001019708,ILBS,14,32,100,823.00,"82,300.00"
2020-01-20,2020012001019707,ILBS,47,32,90,824.00,"74,160.00"
2020-01-20,2020012001019706,ILBS,21,32,40,825.00,"33,000.00"
2020-01-20,2020012001019537,ILBS,21,20,10,825.00,"8,250.00"
2020-01-20,2020012001019459,JBBL,21,50,200,178.00,"35,600.00"
2020-01-20,2020012001019458,JBBL,21,59,824,177.00,"145,848.00"
2020-01-20,2020012001019902,KBL,41,59,500,201.00,"100,500.00"
2020-01-20,2020012001019591,KBL,44,4,40,200.00,"8,000.00"
2020-01-20,2020012001019910,KSBBL,19,22,200,156.00,"31,200.00"
2020-01-20,2020012001019909,KSBBL,45,22,500,156.00,"78,000.00"
2020-01-20,2020012001019607,KSBBL,59,4,106,155.00,"16,430.00"
2020-01-20,2020012001019592,KSBBL,5,14,300,156.00,"46,800.00"
2020-01-20,2020012001019935,LBBL,8,44,50,195.00,"9,750.00"
2020-01-20,2020012001019806,LBBL,14,35,"1,000",196.00,"196,000.00"
2020-01-20,2020012001019687,LBBL,14,35,574,196.00,"112,504.00"
2020-01-20,2020012001019686,LBBL,14,34,300,195.00,"58,500.00"
2020-01-20,2020012001019685,LBBL,14,57,126,195.00,"24,570.00"
2020-01-20,2020012001019717,LBL,38,19,"1,000",213.00,"213,000.00"
2020-01-20,2020012001019786,LGIL,43,28,17,426.00,"7,242.00"
2020-01-20,2020012001019785,LGIL,10,28,100,426.00,"42,600.00"
2020-01-20,2020012001019784,LGIL,19,28,200,427.00,"85,400.00"
2020-01-20,2020012001019783,LGIL,19,28,10,427.00,"4,270.00"
2020-01-20,2020012001019782,LGIL,52,28,100,427.00,"42,700.00"
2020-01-20,2020012001019781,LGIL,19,28,350,430.00,"150,500.00"
2020-01-20,2020012001019457,LGIL,17,43,100,431.00,"43,100.00"
2020-01-20,2020012001019455,LGIL,19,50,50,435.00,"21,750.00"
2020-01-20,2020012001019454,LGIL,19,33,100,434.00,"43,400.00"
2020-01-20,2020012001019870,LLBS,25,32,10,920.00,"9,200.00"
2020-01-20,2020012001019869,LLBS,49,32,40,921.00,"36,840.00"
2020-01-20,2020012001019891,MBL,14,1,"1,000",238.00,"238,000.00"
2020-01-20,2020012001019647,MBL,42,1,500,238.00,"119,000.00"
2020-01-20,2020012001019536,MBL,18,43,177,237.00,"41,949.00"
2020-01-20,2020012001019535,MBL,57,43,350,237.00,"82,950.00"
2020-01-20,2020012001019534,MBL,49,43,100,237.00,"23,700.00"
2020-01-20,2020012001019533,MBL,14,43,388,237.00,"91,956.00"
2020-01-20,2020012001019532,MBL,19,43,210,238.00,"49,980.00"
2020-01-20,2020012001019531,MBL,56,43,100,238.00,"23,800.00"
2020-01-20,2020012001019530,MBL,56,43,175,238.00,"41,650.00"
2020-01-20,2020012001019649,MEGA,43,11,10,205.00,"2,050.00"
2020-01-20,2020012001019841,MERO,49,40,67,640.00,"42,880.00"
2020-01-20,2020012001019813,MERO,45,45,196,640.00,"125,440.00"
2020-01-20,2020012001019573,MERO,37,52,103,640.00,"65,920.00"
2020-01-20,2020012001019553,MERO,57,52,117,640.00,"74,880.00"
2020-01-20,2020012001019552,MERO,48,52,100,640.00,"64,000.00"
2020-01-20,2020012001019494,MERO,35,58,100,640.00,"64,000.00"
2020-01-20,2020012001019493,MERO,14,58,50,640.00,"32,000.00"
2020-01-20,2020012001019492,MERO,44,58,50,640.00,"32,000.00"
2020-01-20,2020012001019926,MFIL,3,38,500,204.00,"102,000.00"
2020-01-20,2020012001019925,MFIL,19,38,500,204.00,"102,000.00"
2020-01-20,2020012001019924,MFIL,47,38,75,205.00,"15,375.00"
2020-01-20,2020012001019880,MFIL,47,38,25,205.00,"5,125.00"
2020-01-20,2020012001019879,MFIL,51,38,100,205.00,"20,500.00"
2020-01-20,2020012001019878,MFIL,5,38,100,205.00,"20,500.00"
2020-01-20,2020012001019815,MFIL,14,17,56,207.00,"11,592.00"
2020-01-20,2020012001019877,MFIL,14,38,31,206.00,"6,386.00"
2020-01-20,2020012001019876,MFIL,51,38,200,206.00,"41,200.00"
2020-01-20,2020012001019875,MFIL,49,38,100,206.00,"20,600.00"
2020-01-20,2020012001019874,MFIL,5,38,100,207.00,"20,700.00"
2020-01-20,2020012001019873,MFIL,14,38,444,207.00,"91,908.00"
2020-01-20,2020012001019824,MFIL,14,55,401,209.00,"83,809.00"
2020-01-20,2020012001019491,MLBL,35,35,100,207.00,"20,700.00"
2020-01-20,2020012001019834,MNBBL,29,19,20,325.00,"6,500.00"
2020-01-20,2020012001019833,MNBBL,20,19,200,326.00,"65,200.00"
2020-01-20,2020012001019575,MNBBL,7,35,100,325.00,"32,500.00"
2020-01-20,2020012001019574,MNBBL,7,40,440,325.00,"143,000.00"
2020-01-20,2020012001019559,MNBBL,41,20,142,324.00,"46,008.00"
2020-01-20,2020012001019901,NABIL,49,5,110,760.00,"83,600.00"
2020-01-20,2020012001019868,NABIL,49,45,36,760.00,"27,360.00"
2020-01-20,2020012001019660,NABIL,58,42,10,761.00,"7,610.00"
2020-01-20,2020012001019796,NADEP,52,45,23,613.00,"14,099.00"
2020-01-20,2020012001019682,NADEP,52,53,23,613.00,"14,099.00"
2020-01-20,2020012001019747,NBB,8,19,67,205.00,"13,735.00"
2020-01-20,2020012001019746,NBB,49,19,100,205.00,"20,500.00"
2020-01-20,2020012001019745,NBB,19,19,100,205.00,"20,500.00"
2020-01-20,2020012001019634,NBB,19,4,100,205.00,"20,500.00"
2020-01-20,2020012001019570,NBB,48,36,500,206.00,"103,000.00"
2020-01-20,2020012001019529,NBB,14,36,200,206.00,"41,200.00"
2020-01-20,2020012001019502,NBB,8,36,500,206.00,"103,000.00"
2020-01-20,2020012001019484,NBB,46,36,500,206.00,"103,000.00"
2020-01-20,2020012001019915,NCCB,32,38,57,231.00,"13,167.00"
2020-01-20,2020012001019914,NCCB,32,52,"1,727",231.00,"398,937.00"
2020-01-20,2020012001019896,NCCB,28,52,250,231.00,"57,750.00"
2020-01-20,2020012001019888,NCCB,49,52,300,231.00,"69,300.00"
2020-01-20,2020012001019882,NCCB,37,52,170,231.00,"39,270.00"
2020-01-20,2020012001019863,NCCB,57,17,20,230.00,"4,600.00"
2020-01-20,2020012001019482,NCCB,42,37,"1,559",231.00,"360,129.00"
2020-01-20,2020012001019478,NCCB,37,38,50,232.00,"11,600.00"
2020-01-20,2020012001019468,NCCB,6,38,"1,000",232.00,"232,000.00"
2020-01-20,2020012001019545,NCCB,22,17,90,231.00,"20,790.00"
2020-01-20,2020012001019544,NCCB,39,17,150,231.00,"34,650.00"
2020-01-20,2020012001019543,NCCB,39,22,200,231.00,"46,200.00"
2020-01-20,2020012001019515,NCCB,39,37,908,231.00,"209,748.00"
2020-01-20,2020012001019509,NCCB,29,37,350,231.00,"80,850.00"
2020-01-20,2020012001019483,NCCB,4,37,500,231.00,"115,500.00"
2020-01-20,2020012001019612,NCCB,49,1,485,231.00,"112,035.00"
2020-01-20,2020012001019598,NCCB,49,41,15,231.00,"3,465.00"
2020-01-20,2020012001019557,NCCB,44,38,200,232.00,"46,400.00"
2020-01-20,2020012001019550,NCCB,34,38,799,232.00,"185,368.00"
2020-01-20,2020012001019549,NCCB,34,17,"1,201",231.00,"277,431.00"
2020-01-20,2020012001019546,NCCB,49,17,"1,000",231.00,"231,000.00"
2020-01-20,2020012001019675,NCCB,17,49,164,231.00,"37,884.00"
2020-01-20,2020012001019664,NCCB,17,52,723,231.00,"167,013.00"
2020-01-20,2020012001019663,NCCB,39,52,277,231.00,"63,987.00"
2020-01-20,2020012001019640,NCCB,39,52,357,231.00,"82,467.00"
2020-01-20,2020012001019614,NCCB,39,1,146,231.00,"33,726.00"
2020-01-20,2020012001019613,NCCB,49,1,500,231.00,"115,500.00"
2020-01-20,2020012001019792,NCCB,29,49,28,230.00,"6,440.00"
2020-01-20,2020012001019744,NCCB,29,11,472,230.00,"108,560.00"
2020-01-20,2020012001019743,NCCB,58,11,528,230.00,"121,440.00"
2020-01-20,2020012001019716,NCCB,58,17,250,230.00,"57,500.00"
2020-01-20,2020012001019696,NCCB,56,6,40,231.00,"9,240.00"
2020-01-20,2020012001019676,NCCB,17,6,113,231.00,"26,103.00"
2020-01-20,2020012001019835,NCCB,33,55,178,230.00,"40,940.00"
2020-01-20,2020012001019826,NCCB,33,11,22,230.00,"5,060.00"
2020-01-20,2020012001019825,NCCB,41,11,178,230.00,"40,940.00"
2020-01-20,2020012001019800,NCCB,22,52,253,231.00,"58,443.00"
2020-01-20,2020012001019799,NCCB,22,6,47,231.00,"10,857.00"
2020-01-20,2020012001019793,NCCB,41,49,72,230.00,"16,560.00"
2020-01-20,2020012001019860,NCCB,32,52,300,231.00,"69,300.00"
2020-01-20,2020012001019848,NCCB,22,52,"1,000",231.00,"231,000.00"
2020-01-20,2020012001019846,NCCB,57,43,52,230.00,"11,960.00"
2020-01-20,2020012001019845,NCCB,26,43,500,230.00,"115,000.00"
2020-01-20,2020012001019844,NCCB,39,43,448,230.00,"103,040.00"
2020-01-20,2020012001019836,NCCB,39,55,52,230.00,"11,960.00"
2020-01-20,2020012001019476,NHDL,6,38,50,125.00,"6,250.00"
2020-01-20,2020012001019857,NIB,45,53,19,406.00,"7,714.00"
2020-01-20,2020012001019856,NIB,52,53,11,406.00,"4,466.00"
2020-01-20,2020012001019818,NIB,50,1,60,407.00,"24,420.00"
2020-01-20,2020012001019720,NIB,6,1,100,407.00,"40,700.00"
2020-01-20,2020012001019667,NIB,52,4,89,406.00,"36,134.00"
2020-01-20,2020012001019666,NIB,35,4,11,406.00,"4,466.00"
2020-01-20,2020012001019665,NIB,35,53,17,406.00,"6,902.00"
2020-01-20,2020012001019913,NICA,10,58,510,475.00,"242,250.00"
2020-01-20,2020012001019912,NICA,10,38,250,474.00,"118,500.00"
2020-01-20,2020012001019911,NICA,10,16,240,474.00,"113,760.00"
2020-01-20,2020012001019908,NICA,34,4,13,472.00,"6,136.00"
2020-01-20,2020012001019907,NICA,28,4,"1,000",472.00,"472,000.00"
2020-01-20,2020012001019906,NICA,32,4,987,472.00,"465,864.00"
2020-01-20,2020012001019485,NICA,18,36,50,472.00,"23,600.00"
2020-01-20,2020012001019905,NICA,58,16,10,474.00,"4,740.00"
2020-01-20,2020012001019699,NICA,32,4,13,472.00,"6,136.00"
2020-01-20,2020012001019698,NICA,18,4,32,472.00,"15,104.00"
2020-01-20,2020012001019679,NICA,56,14,100,473.00,"47,300.00"
2020-01-20,2020012001019624,NICA,28,58,15,475.00,"7,125.00"
2020-01-20,2020012001019602,NICA,56,26,205,474.00,"97,170.00"
2020-01-20,2020012001019694,NICL,43,44,10,377.00,"3,770.00"
2020-01-20,2020012001019611,NICL,41,10,130,373.00,"48,490.00"
2020-01-20,2020012001019452,NICL,41,56,400,376.00,"150,400.00"
2020-01-20,2020012001019451,NICL,41,46,100,375.00,"37,500.00"
2020-01-20,2020012001019916,NLBBL,59,28,337,658.00,"221,746.00"
2020-01-20,2020012001019562,NLBBL,52,6,50,653.00,"32,650.00"
2020-01-20,2020012001019885,NLG,41,40,11,796.00,"8,756.00"
2020-01-20,2020012001019838,NLG,41,57,100,796.00,"79,600.00"
2020-01-20,2020012001019705,NLG,7,45,30,800.00,"24,000.00"
2020-01-20,2020012001019866,NLIC,58,49,10,"1,063.00","10,630.00"
2020-01-20,2020012001019801,NLIC,57,40,17,"1,057.00","17,969.00"
2020-01-20,2020012001019760,NLIC,58,40,14,"1,059.00","14,826.00"
2020-01-20,2020012001019759,NLIC,6,40,20,"1,060.00","21,200.00"
2020-01-20,2020012001019658,NLIC,44,13,34,"1,062.00","36,108.00"
2020-01-20,2020012001019604,NLIC,6,20,10,"1,060.00","10,600.00"
2020-01-20,2020012001019603,NLIC,26,20,52,"1,061.00","55,172.00"
2020-01-20,2020012001019601,NLIC,26,45,76,"1,061.00","80,636.00"
2020-01-20,2020012001019572,NLIC,26,6,10,"1,060.00","10,600.00"
2020-01-20,2020012001019563,NLIC,26,32,12,"1,060.00","12,720.00"
2020-01-20,2020012001019507,NLIC,58,14,86,"1,059.00","91,074.00"
2020-01-20,2020012001019450,NLIC,50,50,52,"1,059.00","55,068.00"
2020-01-20,2020012001019718,NLICL,43,14,10,625.00,"6,250.00"
2020-01-20,2020012001019623,NLICL,19,45,100,622.00,"62,200.00"
2020-01-20,2020012001019622,NLICL,19,32,400,622.00,"248,800.00"
2020-01-20,2020012001019894,NMB,38,55,200,367.00,"73,400.00"
2020-01-20,2020012001019887,NMB,11,35,"2,000",368.00,"736,000.00"
2020-01-20,2020012001019886,NMB,11,53,500,368.00,"184,000.00"
2020-01-20,2020012001019807,NMB,53,35,300,368.00,"110,400.00"
2020-01-20,2020012001019662,NNLB,19,48,10,697.00,"6,970.00"
2020-01-20,2020012001019635,NNLB,19,36,335,686.00,"229,810.00"
2020-01-20,2020012001019773,NTC,58,50,20,637.00,"12,740.00"
2020-01-20,2020012001019772,NTC,59,50,10,637.00,"6,370.00"
2020-01-20,2020012001019748,NTC,50,22,495,625.00,"309,375.00"
2020-01-20,2020012001019721,NTC,48,22,10,633.00,"6,330.00"
2020-01-20,2020012001019727,NTC,22,22,50,625.00,"31,250.00"
2020-01-20,2020012001019726,NTC,49,22,50,628.00,"31,400.00"
2020-01-20,2020012001019725,NTC,47,22,10,628.00,"6,280.00"
2020-01-20,2020012001019724,NTC,59,22,40,630.00,"25,200.00"
2020-01-20,2020012001019723,NTC,21,22,100,630.00,"63,000.00"
2020-01-20,2020012001019722,NTC,57,22,100,630.00,"63,000.00"
2020-01-20,2020012001019470,NUBL,35,41,20,912.00,"18,240.00"
2020-01-20,2020012001019921,OHL,44,44,105,511.00,"53,655.00"
2020-01-20,2020012001019881,OHL,21,45,100,511.00,"51,100.00"
2020-01-20,2020012001019578,OHL,35,4,30,515.00,"15,450.00"
2020-01-20,2020012001019681,OHL,10,4,50,515.00,"25,750.00"
2020-01-20,2020012001019820,PCBL,47,45,96,273.00,"26,208.00"
2020-01-20,2020012001019629,PCBL,47,20,116,273.00,"31,668.00"
2020-01-20,2020012001019828,PFL,42,53,13,156.00,"2,028.00"
2020-01-20,2020012001019645,PFL,48,18,13,156.00,"2,028.00"
2020-01-20,2020012001019643,PFL,48,53,13,156.00,"2,028.00"
2020-01-20,2020012001019865,PIC,4,45,11,532.00,"5,852.00"
2020-01-20,2020012001019864,PIC,41,45,100,533.00,"53,300.00"
2020-01-20,2020012001019465,PIC,4,44,11,531.00,"5,841.00"
2020-01-20,2020012001019463,PIC,45,42,18,535.00,"9,630.00"
2020-01-20,2020012001019780,PICL,54,4,50,642.00,"32,100.00"
2020-01-20,2020012001019637,PICL,42,32,100,647.00,"64,700.00"
2020-01-20,2020012001019461,PICL,42,56,100,647.00,"64,700.00"
2020-01-20,2020012001019819,PLIC,22,38,12,477.00,"5,724.00"
2020-01-20,2020012001019804,PLIC,49,6,"1,886",480.00,"905,280.00"
2020-01-20,2020012001019803,PLIC,22,38,12,477.00,"5,724.00"
2020-01-20,2020012001019671,PLIC,50,6,114,480.00,"54,720.00"
2020-01-20,2020012001019569,PLIC,50,48,181,480.00,"86,880.00"
2020-01-20,2020012001019500,PLIC,50,6,"1,012",480.00,"485,760.00"
2020-01-20,2020012001019499,PLIC,50,45,170,480.00,"81,600.00"
2020-01-20,2020012001019498,PLIC,50,13,500,479.00,"239,500.00"
2020-01-20,2020012001019496,PLIC,43,13,500,479.00,"239,500.00"
2020-01-20,2020012001019479,PLIC,59,43,200,476.00,"95,200.00"
2020-01-20,2020012001019752,PRIN,5,28,190,410.00,"77,900.00"
2020-01-20,2020012001019751,PRIN,41,28,200,411.00,"82,200.00"
2020-01-20,2020012001019750,PRIN,52,28,10,411.00,"4,110.00"
2020-01-20,2020012001019749,PRIN,42,28,100,412.00,"41,200.00"
2020-01-20,2020012001019605,PRIN,5,57,500,415.00,"207,500.00"
2020-01-20,2020012001019862,PRVU,38,8,600,255.00,"153,000.00"
2020-01-20,2020012001019861,PRVU,21,8,400,256.00,"102,400.00"
2020-01-20,2020012001019855,PRVU,51,42,400,256.00,"102,400.00"
2020-01-20,2020012001019754,PRVU,48,42,100,256.00,"25,600.00"
2020-01-20,2020012001019644,PRVU,49,55,500,257.00,"128,500.00"
2020-01-20,2020012001019631,PRVU,25,55,100,257.00,"25,700.00"
2020-01-20,2020012001019630,PRVU,25,25,220,257.00,"56,540.00"
2020-01-20,2020012001019621,PRVU,34,25,100,257.00,"25,700.00"
2020-01-20,2020012001019610,PRVU,6,25,420,257.00,"107,940.00"
2020-01-20,2020012001019917,RBCL,56,38,20,"9,199.00","183,980.00"
2020-01-20,2020012001019859,RBCL,3,38,10,"9,199.00","91,990.00"
2020-01-20,2020012001019595,RBCLPO,3,34,10,"8,750.00","87,500.00"
2020-01-20,2020012001019554,RBCLPO,59,56,20,"8,700.00","174,000.00"
2020-01-20,2020012001019812,RHPC,54,53,19,81.00,"1,539.00"
2020-01-20,2020012001019787,RHPL,42,53,40,174.00,"6,960.00"
2020-01-20,2020012001019646,RHPL,42,20,40,174.00,"6,960.00"
2020-01-20,2020012001019625,RHPL,42,53,40,174.00,"6,960.00"
2020-01-20,2020012001019763,RSDC,35,53,22,420.00,"9,240.00"
2020-01-20,2020012001019762,RSDC,55,53,41,420.00,"17,220.00"
2020-01-20,2020012001019673,RSDC,55,20,88,420.00,"36,960.00"
2020-01-20,2020012001019548,SADBL,20,10,200,158.00,"31,600.00"
2020-01-20,2020012001019693,SANIMA,14,20,200,350.00,"70,000.00"
2020-01-20,2020012001019547,SAPDBL,55,35,70,157.00,"10,990.00"
2020-01-20,2020012001019497,SAPDBL,25,44,60,154.00,"9,240.00"
2020-01-20,2020012001019811,SBI,58,50,10,429.00,"4,290.00"
2020-01-20,2020012001019893,SBL,51,42,76,328.00,"24,928.00"
2020-01-20,2020012001019843,SBL,49,42,424,328.00,"139,072.00"
2020-01-20,2020012001019842,SBL,50,42,500,328.00,"164,000.00"
2020-01-20,2020012001019701,SBL,49,38,76,328.00,"24,928.00"
2020-01-20,2020012001019837,SCB,49,5,55,638.00,"35,090.00"
2020-01-20,2020012001019777,SCB,52,5,45,640.00,"28,800.00"
2020-01-20,2020012001019822,SDESI,38,25,182,775.00,"141,050.00"
2020-01-20,2020012001019802,SDESI,46,25,20,780.00,"15,600.00"
2020-01-20,2020012001019639,SDESI,45,57,77,794.00,"61,138.00"
2020-01-20,2020012001019638,SDESI,45,53,23,794.00,"18,262.00"
2020-01-20,2020012001019900,SFFIL,10,38,24,204.00,"4,896.00"
2020-01-20,2020012001019899,SFFIL,18,38,26,204.00,"5,304.00"
2020-01-20,2020012001019512,SFFIL,26,29,50,205.00,"10,250.00"
2020-01-20,2020012001019511,SFFIL,42,29,25,205.00,"5,125.00"
2020-01-20,2020012001019946,SHIVM,35,49,30,512.00,"15,360.00"
2020-01-20,2020012001019945,SHIVM,58,49,60,512.00,"30,720.00"
2020-01-20,2020012001019944,SHIVM,21,49,50,512.00,"25,600.00"
2020-01-20,2020012001019943,SHIVM,28,49,500,512.00,"256,000.00"
2020-01-20,2020012001019942,SHIVM,59,49,100,513.00,"51,300.00"
2020-01-20,2020012001019941,SHIVM,25,49,50,513.00,"25,650.00"
2020-01-20,2020012001019593,SHIVM,5,26,500,519.00,"259,500.00"
2020-01-20,2020012001019490,SHIVM,49,33,100,519.00,"51,900.00"
2020-01-20,2020012001019633,SHIVM,56,19,100,517.00,"51,700.00"
2020-01-20,2020012001019620,SHIVM,32,50,50,518.00,"25,900.00"
2020-01-20,2020012001019619,SHIVM,22,50,130,518.00,"67,340.00"
2020-01-20,2020012001019608,SHIVM,5,50,200,519.00,"103,800.00"
2020-01-20,2020012001019929,SHIVM,42,29,20,515.00,"10,300.00"
2020-01-20,2020012001019928,SHIVM,36,29,200,516.00,"103,200.00"
2020-01-20,2020012001019927,SHIVM,56,29,40,517.00,"20,680.00"
2020-01-20,2020012001019829,SHIVM,48,50,100,518.00,"51,800.00"
2020-01-20,2020012001019940,SHIVM,58,49,300,513.00,"153,900.00"
2020-01-20,2020012001019939,SHIVM,28,49,250,514.00,"128,500.00"
2020-01-20,2020012001019938,SHIVM,35,49,200,514.00,"102,800.00"
2020-01-20,2020012001019937,SHIVM,21,49,460,515.00,"236,900.00"
2020-01-20,2020012001019931,SHIVM,21,29,40,515.00,"20,600.00"
2020-01-20,2020012001019930,SHIVM,45,29,200,515.00,"103,000.00"
2020-01-20,2020012001019711,SHL,29,20,110,207.00,"22,770.00"
2020-01-20,2020012001019618,SHL,34,56,500,208.00,"104,000.00"
2020-01-20,2020012001019617,SHL,11,56,500,208.00,"104,000.00"
2020-01-20,2020012001019616,SHL,54,56,100,208.00,"20,800.00"
2020-01-20,2020012001019615,SHL,8,56,100,209.00,"20,900.00"
2020-01-20,2020012001019453,SHL,8,38,100,209.00,"20,900.00"
2020-01-20,2020012001019753,SHPC,5,33,90,208.00,"18,720.00"
2020-01-20,2020012001019669,SHPC,59,22,50,209.00,"10,450.00"
2020-01-20,2020012001019934,SIC,44,35,400,655.00,"262,000.00"
2020-01-20,2020012001019702,SIC,46,35,100,655.00,"65,500.00"
2020-01-20,2020012001019668,SIC,44,38,50,653.00,"32,650.00"
2020-01-20,2020012001019541,SICL,28,4,15,958.00,"14,370.00"
2020-01-20,2020012001019473,SICL,28,4,100,955.00,"95,500.00"
2020-01-20,2020012001019481,SICL,42,4,100,955.00,"95,500.00"
2020-01-20,2020012001019480,SICL,52,4,100,955.00,"95,500.00"
2020-01-20,2020012001019600,SIL,50,45,30,520.00,"15,600.00"
2020-01-20,2020012001019599,SIL,50,44,500,519.00,"259,500.00"
2020-01-20,2020012001019508,SIL,50,43,200,515.00,"103,000.00"
2020-01-20,2020012001019560,SJCL,22,53,20,164.00,"3,280.00"
2020-01-20,2020012001019456,SJCL,22,44,20,164.00,"3,280.00"
2020-01-20,2020012001019778,SKBBL,13,56,37,920.00,"34,040.00"
2020-01-20,2020012001019823,SLBBL,7,45,100,755.00,"75,500.00"
2020-01-20,2020012001019735,SLBSL,25,20,10,745.00,"7,450.00"
2020-01-20,2020012001019890,SLICL,20,3,10,391.00,"3,910.00"
2020-01-20,2020012001019858,SLICL,39,3,100,391.00,"39,100.00"
2020-01-20,2020012001019832,SLICL,36,3,195,391.00,"76,245.00"
2020-01-20,2020012001019831,SLICL,36,16,105,391.00,"41,055.00"
2020-01-20,2020012001019821,SLICL,45,4,63,385.00,"24,255.00"
2020-01-20,2020012001019810,SLICL,36,25,50,390.00,"19,500.00"
2020-01-20,2020012001019661,SLICL,46,6,67,386.00,"25,862.00"
2020-01-20,2020012001019447,SLICL,21,6,79,386.00,"30,494.00"
2020-01-20,2020012001019739,SLICL,58,52,"1,275",388.00,"494,700.00"
2020-01-20,2020012001019738,SLICL,58,19,200,388.00,"77,600.00"
2020-01-20,2020012001019737,SLICL,58,26,90,387.00,"34,830.00"
2020-01-20,2020012001019736,SLICL,58,44,780,387.00,"301,860.00"
2020-01-20,2020012001019715,SLICL,48,44,220,387.00,"85,140.00"
2020-01-20,2020012001019714,SLICL,48,22,80,386.00,"30,880.00"
2020-01-20,2020012001019766,SLICL,58,42,10,387.00,"3,870.00"
2020-01-20,2020012001019765,SLICL,58,51,367,386.00,"141,662.00"
2020-01-20,2020012001019761,SLICL,46,51,33,386.00,"12,738.00"
2020-01-20,2020012001019742,SLICL,58,34,325,389.00,"126,425.00"
2020-01-20,2020012001019741,SLICL,58,44,300,389.00,"116,700.00"
2020-01-20,2020012001019740,SLICL,58,10,30,389.00,"11,670.00"
2020-01-20,2020012001019809,SLICL,36,7,100,390.00,"39,000.00"
2020-01-20,2020012001019808,SLICL,36,34,131,390.00,"51,090.00"
2020-01-20,2020012001019770,SLICL,58,34,369,390.00,"143,910.00"
2020-01-20,2020012001019769,SLICL,58,48,460,390.00,"179,400.00"
2020-01-20,2020012001019768,SLICL,58,39,119,389.00,"46,291.00"
2020-01-20,2020012001019767,SLICL,58,34,675,389.00,"262,575.00"
2020-01-20,2020012001019650,SPARS,45,13,30,767.00,"23,010.00"
2020-01-20,2020012001019464,SPARS,45,40,10,767.00,"7,670.00"
2020-01-20,2020012001019936,SRBL,58,38,108,239.00,"25,812.00"
2020-01-20,2020012001019597,SRBL,44,44,19,239.00,"4,541.00"
2020-01-20,2020012001019449,SRBL,42,40,500,239.00,"119,500.00"
2020-01-20,2020012001019448,SRBL,42,40,500,239.00,"119,500.00"
2020-01-20,2020012001019892,UIC,19,50,200,375.00,"75,000.00"
2020-01-20,2020012001019731,UIC,46,50,100,375.00,"37,500.00"
2020-01-20,2020012001019609,UIC,58,6,100,372.00,"37,200.00"
2020-01-20,2020012001019903,UPPER,1,53,50,254.00,"12,700.00"
2020-01-20,2020012001019884,UPPER,1,25,417,254.00,"105,918.00"
2020-01-20,2020012001019883,UPPER,33,25,283,254.00,"71,882.00"
2020-01-20,2020012001019462,UPPER,33,34,50,254.00,"12,700.00"
2020-01-20,2020012001019764,UPPER,33,20,50,254.00,"12,700.00"
2020-01-20,2020012001019568,UPPER,33,42,37,254.00,"9,398.00"
2020-01-20,2020012001019551,UPPER,33,53,50,254.00,"12,700.00"
2020-01-20,2020012001019520,UPPER,33,22,40,254.00,"10,160.00"
2020-01-20,2020012001019713,VLBS,20,32,100,838.00,"83,800.00"
2020-01-20,2020012001019712,VLBS,7,32,100,840.00,"84,000.00"
2020-01-20,2020012001019889,VLBS,7,53,13,837.00,"10,881.00"
2020-01-20,2020012001019732,VLBS,7,32,85,837.00,"71,145.00"
2020-01-20,2020012001019795,WOMI,55,16,77,950.00,"73,150.00"
2020-01-20,2020012001019794,WOMI,55,40,23,949.00,"21,827.00"
2020-01-20,2020012001019528,WOMI,14,40,87,949.00,"82,563.00"
2020-01-20,2020012001019527,WOMI,14,21,13,946.00,"12,298.00"
2020-01-20,2020012001019312,ADBL,6,17,100,388.00,"38,800.00"
2020-01-20,2020012001019305,ADBL,6,35,600,389.00,"233,400.00"
2020-01-20,2020012001019151,ADBL,28,35,28,389.00,"10,892.00"
2020-01-20,2020012001019126,ADBL,59,35,50,389.00,"19,450.00"
2020-01-20,2020012001019088,ADBL,6,25,15,388.00,"5,820.00"
2020-01-20,2020012001019207,AKJCL,51,40,10,59.00,590.00
2020-01-20,2020012001019261,AKPL,13,53,10,126.00,"1,260.00"
2020-01-20,2020012001019058,ALBSL,10,42,10,645.00,"6,450.00"
2020-01-20,2020012001019039,ALBSL,14,34,90,641.00,"57,690.00"
2020-01-20,2020012001019000,ALBSL,14,34,10,641.00,"6,410.00"
2020-01-20,2020012001019340,ALICL,45,44,50,465.00,"23,250.00"
2020-01-20,2020012001019336,ALICL,5,52,200,460.00,"92,000.00"
2020-01-20,2020012001019041,ALICL,44,49,161,459.00,"73,899.00"
2020-01-20,2020012001019005,ALICL,44,49,60,459.00,"27,540.00"
2020-01-20,2020012001019004,ALICL,44,51,40,459.00,"18,360.00"
2020-01-20,2020012001018991,ALICL,25,49,35,459.00,"16,065.00"
2020-01-20,2020012001019406,API,25,22,100,127.00,"12,700.00"
2020-01-20,2020012001019405,API,25,17,100,126.00,"12,600.00"
2020-01-20,2020012001019326,API,28,52,12,125.00,"1,500.00"
2020-01-20,2020012001019325,API,59,52,88,125.00,"11,000.00"
2020-01-20,2020012001019293,API,59,53,17,125.00,"2,125.00"
2020-01-20,2020012001019231,API,59,45,"1,395",125.00,"174,375.00"
2020-01-20,2020012001019218,API,16,45,807,126.00,"101,682.00"
2020-01-20,2020012001019083,API,16,57,500,126.00,"63,000.00"
2020-01-20,2020012001019224,API,1,45,"1,000",125.00,"125,000.00"
2020-01-20,2020012001019223,API,1,45,900,125.00,"112,500.00"
2020-01-20,2020012001019222,API,1,45,250,126.00,"31,500.00"
2020-01-20,2020012001019221,API,28,45,50,126.00,"6,300.00"
2020-01-20,2020012001019220,API,6,45,100,126.00,"12,600.00"
2020-01-20,2020012001019219,API,42,45,49,126.00,"6,174.00"
2020-01-20,2020012001019230,API,22,45,"1,000",125.00,"125,000.00"
2020-01-20,2020012001019229,API,22,45,"1,000",125.00,"125,000.00"
2020-01-20,2020012001019228,API,42,45,"1,000",125.00,"125,000.00"
2020-01-20,2020012001019227,API,39,45,200,125.00,"25,000.00"
2020-01-20,2020012001019226,API,58,45,"3,000",125.00,"375,000.00"
2020-01-20,2020012001019225,API,38,45,250,125.00,"31,250.00"
2020-01-20,2020012001019395,BOKL,34,16,305,237.00,"72,285.00"
2020-01-20,2020012001019208,BOKL,22,16,20,237.00,"4,740.00"
2020-01-20,2020012001019095,BOKL,28,16,100,237.00,"23,700.00"
2020-01-20,2020012001019064,BOKL,46,16,300,237.00,"71,100.00"
2020-01-20,2020012001019161,BPCL,41,56,192,325.00,"62,400.00"
2020-01-20,2020012001019160,BPCL,38,56,100,325.00,"32,500.00"
2020-01-20,2020012001019159,BPCL,45,56,50,325.00,"16,250.00"
2020-01-20,2020012001019158,BPCL,43,56,100,326.00,"32,600.00"
2020-01-20,2020012001019157,BPCL,52,56,100,326.00,"32,600.00"
2020-01-20,2020012001019156,BPCL,41,56,100,326.00,"32,600.00"
2020-01-20,2020012001019155,BPCL,40,56,200,326.00,"65,200.00"
2020-01-20,2020012001019154,BPCL,34,56,100,327.00,"32,700.00"
2020-01-20,2020012001019153,BPCL,28,56,78,327.00,"25,506.00"
2020-01-20,2020012001019029,BPCL,28,52,22,327.00,"7,194.00"
2020-01-20,2020012001019051,CBBL,56,4,100,890.00,"89,000.00"
2020-01-20,2020012001019050,CBBL,39,4,50,890.00,"44,500.00"
2020-01-20,2020012001019032,CBBL,45,22,50,891.00,"44,550.00"
2020-01-20,2020012001019031,CBBL,55,22,28,891.00,"24,948.00"
2020-01-20,2020012001018983,CBBL,55,32,272,891.00,"242,352.00"
2020-01-20,2020012001018982,CBBL,6,32,10,891.00,"8,910.00"
2020-01-20,2020012001019437,CBL,51,48,10,148.00,"1,480.00"
2020-01-20,2020012001019238,CBL,51,44,24,147.00,"3,528.00"
2020-01-20,2020012001019139,CBL,32,48,950,148.00,"140,600.00"
2020-01-20,2020012001019135,CBL,32,52,50,148.00,"7,400.00"
2020-01-20,2020012001019128,CBL,32,50,145,148.00,"21,460.00"
2020-01-20,2020012001019127,CBL,32,7,10,148.00,"1,480.00"
2020-01-20,2020012001018990,CBL,28,7,200,148.00,"29,600.00"
2020-01-20,2020012001019113,CCBL,33,52,121,186.00,"22,506.00"
2020-01-20,2020012001019112,CCBL,46,52,98,188.00,"18,424.00"
2020-01-20,2020012001019086,CCBL,46,35,202,188.00,"37,976.00"
2020-01-20,2020012001019027,CCBL,28,52,100,187.00,"18,700.00"
2020-01-20,2020012001019181,CHCL,49,47,300,430.00,"129,000.00"
2020-01-20,2020012001018988,CHL,43,42,10,90.00,900.00
2020-01-20,2020012001019304,CIT,39,56,14,"2,239.00","31,346.00"
2020-01-20,2020012001019289,CIT,59,5,161,"2,230.00","359,030.00"
2020-01-20,2020012001018956,CIT,52,56,30,"2,222.00","66,660.00"
2020-01-20,2020012001019092,CORBL,54,32,200,137.00,"27,400.00"
2020-01-20,2020012001019204,CZBIL,32,10,563,201.00,"113,163.00"
2020-01-20,2020012001019203,CZBIL,34,10,30,201.00,"6,030.00"
2020-01-20,2020012001019202,CZBIL,42,10,300,201.00,"60,300.00"
2020-01-20,2020012001019201,CZBIL,57,10,107,201.00,"21,507.00"
2020-01-20,2020012001018994,CZBIL,57,32,93,201.00,"18,693.00"
2020-01-20,2020012001018993,CZBIL,56,32,100,201.00,"20,100.00"
2020-01-20,2020012001018992,CZBIL,34,32,307,201.00,"61,707.00"
2020-01-20,2020012001018977,CZBIL,34,32,293,201.00,"58,893.00"
2020-01-20,2020012001018976,CZBIL,42,32,207,201.00,"41,607.00"
2020-01-20,2020012001019404,DDBL,42,47,200,"1,035.00","207,000.00"
2020-01-20,2020012001019386,EBL,42,4,50,626.00,"31,300.00"
2020-01-20,2020012001019306,EBL,39,55,100,630.00,"63,000.00"
2020-01-20,2020012001018948,EBL,49,59,116,625.00,"72,500.00"
2020-01-20,2020012001019164,EDBL,28,6,50,336.00,"16,800.00"
2020-01-20,2020012001019262,EIC,38,42,40,346.00,"13,840.00"
2020-01-20,2020012001019250,EIC,38,17,430,346.00,"148,780.00"
2020-01-20,2020012001019249,EIC,57,17,400,347.00,"138,800.00"
2020-01-20,2020012001019133,EIC,38,41,950,346.00,"328,700.00"
2020-01-20,2020012001019132,EIC,42,41,50,347.00,"17,350.00"
2020-01-20,2020012001019098,EIC,52,50,40,349.00,"13,960.00"
2020-01-20,2020012001019073,EIC,56,50,37,349.00,"12,913.00"
2020-01-20,2020012001019072,EIC,56,21,13,349.00,"4,537.00"
2020-01-20,2020012001019034,EIC,6,14,177,349.00,"61,773.00"
2020-01-20,2020012001019008,EIC,57,17,170,350.00,"59,500.00"
2020-01-20,2020012001019007,EIC,57,21,330,350.00,"115,500.00"
2020-01-20,2020012001019003,EIC,35,21,100,350.00,"35,000.00"
2020-01-20,2020012001019408,FMDBL,19,4,51,416.00,"21,216.00"
2020-01-20,2020012001019401,FMDBL,19,6,323,416.00,"134,368.00"
2020-01-20,2020012001019341,FMDBL,37,6,100,416.00,"41,600.00"
2020-01-20,2020012001019374,GBBL,47,59,330,233.00,"76,890.00"
2020-01-20,2020012001018980,GBBL,41,4,20,233.00,"4,660.00"
2020-01-20,2020012001019436,GBLBS,13,58,50,414.00,"20,700.00"
2020-01-20,2020012001019435,GBLBS,13,28,685,414.00,"283,590.00"
2020-01-20,2020012001019417,GBLBS,44,44,15,411.00,"6,165.00"
2020-01-20,2020012001019392,GBLBS,44,48,330,411.00,"135,630.00"
2020-01-20,2020012001019391,GBLBS,13,48,170,411.00,"69,870.00"
2020-01-20,2020012001019291,GBLBS,13,41,50,411.00,"20,550.00"
2020-01-20,2020012001019290,GBLBS,36,41,100,411.00,"41,100.00"
2020-01-20,2020012001019028,GBLBS,46,28,15,414.00,"6,210.00"
2020-01-20,2020012001019342,GGBSL,55,45,10,868.00,"8,680.00"
2020-01-20,2020012001019426,GILB,34,35,45,"1,305.00","58,725.00"
2020-01-20,2020012001019425,GILB,34,42,50,"1,304.00","65,200.00"
2020-01-20,2020012001019403,GILB,34,34,10,"1,295.00","12,950.00"
2020-01-20,2020012001019402,GILB,34,55,40,"1,295.00","51,800.00"
2020-01-20,2020012001019382,GILB,34,55,10,"1,295.00","12,950.00"
2020-01-20,2020012001019282,GILB,34,6,182,"1,270.00","231,140.00"
2020-01-20,2020012001019373,GLBSL,28,42,30,644.00,"19,320.00"
2020-01-20,2020012001019258,GLICL,38,17,790,615.00,"485,850.00"
2020-01-20,2020012001019018,GLICL,38,16,300,615.00,"184,500.00"
2020-01-20,2020012001018987,GLICL,10,22,100,615.00,"61,500.00"
2020-01-20,2020012001019276,GMFBS,28,5,38,725.00,"27,550.00"
2020-01-20,2020012001019265,HBL,38,50,30,561.00,"16,830.00"
2020-01-20,2020012001019264,HBL,42,50,20,561.00,"11,220.00"
2020-01-20,2020012001019263,HBL,19,50,50,561.00,"28,050.00"
2020-01-20,2020012001019065,HDL,26,19,50,"1,277.00","63,850.00"
2020-01-20,2020012001019430,HGI,22,43,500,353.00,"176,500.00"
2020-01-20,2020012001019429,HGI,1,43,200,353.00,"70,600.00"
2020-01-20,2020012001019428,HGI,45,43,50,354.00,"17,700.00"
2020-01-20,2020012001019427,HGI,57,43,30,354.00,"10,620.00"
2020-01-20,2020012001019412,HGI,57,41,270,354.00,"95,580.00"
2020-01-20,2020012001019411,HGI,20,41,100,355.00,"35,500.00"
2020-01-20,2020012001019410,HGI,33,41,30,355.00,"10,650.00"
2020-01-20,2020012001019163,HGI,5,35,500,360.00,"180,000.00"
2020-01-20,2020012001019162,HGI,5,57,100,360.00,"36,000.00"
2020-01-20,2020012001019444,HIDCL,8,53,61,139.00,"8,479.00"
2020-01-20,2020012001019330,HIDCL,45,53,61,140.00,"8,540.00"
2020-01-20,2020012001019422,HPPL,17,53,10,154.00,"1,540.00"
2020-01-20,2020012001019123,HURJA,42,58,100,110.00,"11,000.00"
2020-01-20,2020012001019122,HURJA,49,58,440,110.00,"48,400.00"
2020-01-20,2020012001019081,HURJA,49,34,20,110.00,"2,200.00"
2020-01-20,2020012001019146,IGI,6,43,300,399.00,"119,700.00"
2020-01-20,2020012001019016,IGI,6,21,200,399.00,"79,800.00"
2020-01-20,2020012001019197,ILBS,47,19,210,824.00,"173,040.00"
2020-01-20,2020012001019196,ILBS,28,19,100,824.00,"82,400.00"
2020-01-20,2020012001019195,ILBS,57,19,130,824.00,"107,120.00"
2020-01-20,2020012001019194,ILBS,46,19,60,825.00,"49,500.00"
2020-01-20,2020012001019124,ILBS,46,34,10,825.00,"8,250.00"
2020-01-20,2020012001019070,JBBL,1,33,111,176.00,"19,536.00"
2020-01-20,2020012001019200,JFL,59,38,111,185.00,"20,535.00"
2020-01-20,2020012001019199,JFL,26,38,32,188.00,"6,016.00"
2020-01-20,2020012001019243,JOSHI,34,40,20,64.00,"1,280.00"
2020-01-20,2020012001019168,JSLBB,32,17,10,"1,420.00","14,200.00"
2020-01-20,2020012001019308,KADBL,44,21,30,275.00,"8,250.00"
2020-01-20,2020012001019307,KADBL,59,21,10,275.00,"2,750.00"
2020-01-20,2020012001019379,KBL,44,4,124,200.00,"24,800.00"
2020-01-20,2020012001019251,KBL,22,59,30,201.00,"6,030.00"
2020-01-20,2020012001019089,KBL,44,4,120,200.00,"24,000.00"
2020-01-20,2020012001019053,KBL,44,58,300,200.00,"60,000.00"
2020-01-20,2020012001019260,KPCL,48,40,10,91.00,910.00
2020-01-20,2020012001018947,KPCL,48,22,10,91.00,910.00
2020-01-20,2020012001019130,KRBL,58,49,478,114.00,"54,492.00"
2020-01-20,2020012001019416,KSBBL,59,35,80,155.00,"12,400.00"
2020-01-20,2020012001019388,KSBBL,59,21,200,155.00,"31,000.00"
2020-01-20,2020012001019331,KSBBL,49,44,156,154.00,"24,024.00"
2020-01-20,2020012001019084,LBBL,58,3,500,193.00,"96,500.00"
2020-01-20,2020012001019042,LBBL,14,40,"2,000",194.00,"388,000.00"
2020-01-20,2020012001019399,LBL,32,35,400,214.00,"85,600.00"
2020-01-20,2020012001019396,LBL,55,40,"1,000",213.00,"213,000.00"
2020-01-20,2020012001019310,LBL,34,35,500,214.00,"107,000.00"
2020-01-20,2020012001019247,LBL,49,44,200,215.00,"43,000.00"
2020-01-20,2020012001019246,LBL,57,44,100,215.00,"21,500.00"
2020-01-20,2020012001019322,LGIL,19,17,100,430.00,"43,000.00"
2020-01-20,2020012001019321,LGIL,19,34,50,430.00,"21,500.00"
2020-01-20,2020012001019285,LGIL,45,34,50,430.00,"21,500.00"
2020-01-20,2020012001019209,LICN,25,55,20,"1,220.00","24,400.00"
2020-01-20,2020012001019165,MDB,28,44,100,286.00,"28,600.00"
2020-01-20,2020012001019387,MEGA,8,44,142,204.00,"28,968.00"
2020-01-20,2020012001019131,MEGA,8,4,107,204.00,"21,828.00"
2020-01-20,2020012001018968,MERO,44,28,50,640.00,"32,000.00"
2020-01-20,2020012001018967,MERO,58,28,50,640.00,"32,000.00"
2020-01-20,2020012001019333,MFIL,8,17,"1,378",208.00,"286,624.00"
2020-01-20,2020012001019332,MFIL,8,40,"1,000",207.00,"207,000.00"
2020-01-20,2020012001019110,MFIL,47,29,20,206.00,"4,120.00"
2020-01-20,2020012001019033,MHNL,45,22,30,96.00,"2,880.00"
2020-01-20,2020012001019415,MLBBL,1,16,40,620.00,"24,800.00"
2020-01-20,2020012001019414,MLBBL,6,16,50,620.00,"31,000.00"
2020-01-20,2020012001019281,MLBBL,49,21,180,630.00,"113,400.00"
2020-01-20,2020012001018975,MLBBL,26,14,50,620.00,"31,000.00"
2020-01-20,2020012001019413,MLBL,58,44,24,206.00,"4,944.00"
2020-01-20,2020012001019380,MLBL,58,14,64,206.00,"13,184.00"
2020-01-20,2020012001019255,MNBBL,41,6,227,324.00,"73,548.00"
2020-01-20,2020012001019211,MNBBL,1,6,100,324.00,"32,400.00"
2020-01-20,2020012001019036,MPFL,3,29,40,146.00,"5,840.00"
2020-01-20,2020012001019287,MSLB,33,42,10,958.00,"9,580.00"
2020-01-20,2020012001019214,MSLB,33,7,10,941.00,"9,410.00"
2020-01-20,2020012001019376,NABIL,49,49,100,760.00,"76,000.00"
2020-01-20,2020012001019236,NABIL,49,34,10,760.00,"7,600.00"
2020-01-20,2020012001019079,NABIL,3,1,100,762.00,"76,200.00"
2020-01-20,2020012001019142,NBB,19,43,800,205.00,"164,000.00"
2020-01-20,2020012001019049,NBB,50,4,"1,331",204.00,"271,524.00"
2020-01-20,2020012001019316,NBL,33,34,11,279.00,"3,069.00"
2020-01-20,2020012001019315,NBL,33,38,69,278.00,"19,182.00"
2020-01-20,2020012001019259,NBL,47,56,156,276.00,"43,056.00"
2020-01-20,2020012001019241,NBL,25,56,400,277.00,"110,800.00"
2020-01-20,2020012001019240,NBL,52,56,200,277.00,"55,400.00"
2020-01-20,2020012001019239,NBL,29,56,514,277.00,"142,378.00"
2020-01-20,2020012001019235,NBL,29,56,"1,486",277.00,"411,622.00"
2020-01-20,2020012001019234,NBL,34,56,950,277.00,"263,150.00"
2020-01-20,2020012001019183,NBL,46,38,200,278.00,"55,600.00"
2020-01-20,2020012001019424,NCCB,45,38,50,232.00,"11,600.00"
2020-01-20,2020012001019397,NCCB,42,45,441,231.00,"101,871.00"
2020-01-20,2020012001019371,NCCB,58,44,222,230.00,"51,060.00"
2020-01-20,2020012001019370,NCCB,25,44,200,230.00,"46,000.00"
2020-01-20,2020012001019369,NCCB,10,44,500,230.00,"115,000.00"
2020-01-20,2020012001019368,NCCB,33,44,750,230.00,"172,500.00"
2020-01-20,2020012001018985,NCCB,41,18,500,231.00,"115,500.00"
2020-01-20,2020012001018984,NCCB,51,18,15,231.00,"3,465.00"
2020-01-20,2020012001018971,NCCB,42,38,150,232.00,"34,800.00"
2020-01-20,2020012001018949,NCCB,1,38,200,232.00,"46,400.00"
2020-01-20,2020012001019171,NCCB,42,51,"1,264",231.00,"291,984.00"
2020-01-20,2020012001019097,NCCB,38,51,100,231.00,"23,100.00"
2020-01-20,2020012001019076,NCCB,49,51,500,231.00,"115,500.00"
2020-01-20,2020012001019071,NCCB,45,51,500,231.00,"115,500.00"
2020-01-20,2020012001019060,NCCB,45,42,500,231.00,"115,500.00"
2020-01-20,2020012001019017,NCCB,1,18,485,231.00,"112,035.00"
2020-01-20,2020012001019188,NCCB,7,32,300,231.00,"69,300.00"
2020-01-20,2020012001019187,NCCB,7,51,184,231.00,"42,504.00"
2020-01-20,2020012001019178,NCCB,45,51,50,231.00,"11,550.00"
2020-01-20,2020012001019177,NCCB,37,21,200,230.00,"46,000.00"
2020-01-20,2020012001019175,NCCB,34,51,30,231.00,"6,930.00"
2020-01-20,2020012001019172,NCCB,42,51,736,231.00,"170,016.00"
2020-01-20,2020012001019267,NCCB,42,38,"1,550",231.00,"358,050.00"
2020-01-20,2020012001019266,NCCB,42,6,450,231.00,"103,950.00"
2020-01-20,2020012001019217,NCCB,37,41,"1,000",230.00,"230,000.00"
2020-01-20,2020012001019206,NCCB,36,6,400,231.00,"92,400.00"
2020-01-20,2020012001019205,NCCB,7,6,150,231.00,"34,650.00"
2020-01-20,2020012001019189,NCCB,7,51,366,231.00,"84,546.00"
2020-01-20,2020012001019302,NCCB,32,57,825,231.00,"190,575.00"
2020-01-20,2020012001019301,NCCB,32,38,"1,250",231.00,"288,750.00"
2020-01-20,2020012001019288,NCCB,42,38,"2,000",231.00,"462,000.00"
2020-01-20,2020012001019286,NCCB,8,38,200,231.00,"46,200.00"
2020-01-20,2020012001019284,NCCB,37,43,71,230.00,"16,330.00"
2020-01-20,2020012001019283,NCCB,32,43,"2,029",230.00,"466,670.00"
2020-01-20,2020012001019349,NCCB,25,44,"1,000",230.00,"230,000.00"
2020-01-20,2020012001019348,NCCB,39,44,100,230.00,"23,000.00"
2020-01-20,2020012001019347,NCCB,37,44,111,230.00,"25,530.00"
2020-01-20,2020012001019329,NCCB,40,44,100,231.00,"23,100.00"
2020-01-20,2020012001019328,NCCB,32,44,67,231.00,"15,477.00"
2020-01-20,2020012001019303,NCCB,32,40,858,231.00,"198,198.00"
2020-01-20,2020012001019355,NCCB,51,44,"1,000",230.00,"230,000.00"
2020-01-20,2020012001019354,NCCB,58,44,"2,000",230.00,"460,000.00"
2020-01-20,2020012001019353,NCCB,26,44,500,230.00,"115,000.00"
2020-01-20,2020012001019352,NCCB,26,44,500,230.00,"115,000.00"
2020-01-20,2020012001019351,NCCB,56,44,200,230.00,"46,000.00"
2020-01-20,2020012001019350,NCCB,48,44,100,230.00,"23,000.00"
2020-01-20,2020012001019361,NCCB,59,44,200,230.00,"46,000.00"
2020-01-20,2020012001019360,NCCB,5,44,200,230.00,"46,000.00"
2020-01-20,2020012001019359,NCCB,28,44,500,230.00,"115,000.00"
2020-01-20,2020012001019358,NCCB,54,44,100,230.00,"23,000.00"
2020-01-20,2020012001019357,NCCB,29,44,500,230.00,"115,000.00"
2020-01-20,2020012001019356,NCCB,57,44,100,230.00,"23,000.00"
2020-01-20,2020012001019367,NCCB,20,44,10,230.00,"2,300.00"
2020-01-20,2020012001019366,NCCB,7,44,500,230.00,"115,000.00"
2020-01-20,2020012001019365,NCCB,7,44,500,230.00,"115,000.00"
2020-01-20,2020012001019364,NCCB,52,44,40,230.00,"9,200.00"
2020-01-20,2020012001019363,NCCB,16,44,300,230.00,"69,000.00"
2020-01-20,2020012001019362,NCCB,26,44,100,230.00,"23,000.00"
2020-01-20,2020012001019389,NIB,11,1,10,407.00,"4,070.00"
2020-01-20,2020012001019245,NIB,35,53,17,406.00,"6,902.00"
2020-01-20,2020012001019119,NIB,35,50,55,406.00,"22,330.00"
2020-01-20,2020012001019118,NIB,10,50,120,406.00,"48,720.00"
2020-01-20,2020012001019103,NIB,10,53,44,406.00,"17,864.00"
2020-01-20,2020012001018979,NIB,10,38,77,406.00,"31,262.00"
2020-01-20,2020012001018950,NIB,10,38,100,406.00,"40,600.00"
2020-01-20,2020012001019319,NICA,46,46,11,473.00,"5,203.00"
2020-01-20,2020012001019318,NICA,46,6,55,473.00,"26,015.00"
2020-01-20,2020012001019317,NICA,46,21,70,473.00,"33,110.00"
2020-01-20,2020012001019314,NICA,48,48,82,472.00,"38,704.00"
2020-01-20,2020012001019270,NICA,50,21,430,473.00,"203,390.00"
2020-01-20,2020012001019269,NICA,50,36,70,472.00,"33,040.00"
2020-01-20,2020012001019009,NICA,28,16,27,472.00,"12,744.00"
2020-01-20,2020012001019190,NICA,56,36,50,472.00,"23,600.00"
2020-01-20,2020012001019174,NICA,8,4,106,471.00,"49,926.00"
2020-01-20,2020012001019173,NICA,48,48,82,472.00,"38,704.00"
2020-01-20,2020012001019100,NICA,8,22,100,471.00,"47,100.00"
2020-01-20,2020012001019066,NICA,8,49,10,471.00,"4,710.00"
2020-01-20,2020012001019010,NICA,8,16,473,471.00,"222,783.00"
2020-01-20,2020012001019433,NICL,53,46,400,375.00,"150,000.00"
2020-01-20,2020012001019432,NICL,53,47,100,375.00,"37,500.00"
2020-01-20,2020012001019002,NICL,44,48,"1,000",371.00,"371,000.00"
2020-01-20,2020012001018986,NICL,21,40,147,372.00,"54,684.00"
2020-01-20,2020012001018970,NIL,55,57,400,442.00,"176,800.00"
2020-01-20,2020012001018969,NIL,46,57,100,443.00,"44,300.00"
2020-01-20,2020012001018951,NLBBL,52,14,200,653.00,"130,600.00"
2020-01-20,2020012001019438,NLG,42,41,62,795.00,"49,290.00"
2020-01-20,2020012001019335,NLIC,28,50,100,"1,059.00","105,900.00"
2020-01-20,2020012001019242,NLIC,50,47,350,"1,058.00","370,300.00"
2020-01-20,2020012001019191,NLIC,16,52,100,"1,052.00","105,200.00"
2020-01-20,2020012001019167,NLIC,32,52,100,"1,052.00","105,200.00"
2020-01-20,2020012001019166,NLIC,45,52,100,"1,052.00","105,200.00"
2020-01-20,2020012001019121,NLIC,49,47,150,"1,058.00","158,700.00"
2020-01-20,2020012001019116,NLIC,53,47,100,"1,058.00","105,800.00"
2020-01-20,2020012001019054,NLIC,50,34,90,"1,055.00","94,950.00"
2020-01-20,2020012001019022,NLIC,17,34,10,"1,055.00","10,550.00"
2020-01-20,2020012001018966,NLIC,20,20,57,"1,051.00","59,907.00"
2020-01-20,2020012001018965,NLIC,53,20,100,"1,052.00","105,200.00"
2020-01-20,2020012001018964,NLIC,33,20,20,"1,055.00","21,100.00"
2020-01-20,2020012001019378,NLICL,34,19,55,610.00,"33,550.00"
2020-01-20,2020012001019343,NLICL,8,40,500,611.00,"305,500.00"
2020-01-20,2020012001019300,NLICL,1,55,27,620.00,"16,740.00"
2020-01-20,2020012001019299,NLICL,1,22,100,619.00,"61,900.00"
2020-01-20,2020012001019137,NLICL,52,40,191,612.00,"116,892.00"
2020-01-20,2020012001019136,NLICL,26,40,100,613.00,"61,300.00"
2020-01-20,2020012001019421,NMB,52,45,36,366.00,"13,176.00"
2020-01-20,2020012001019420,NMB,1,45,139,366.00,"50,874.00"
2020-01-20,2020012001019346,NMB,1,26,861,366.00,"315,126.00"
2020-01-20,2020012001019345,NMB,1,26,139,366.00,"50,874.00"
2020-01-20,2020012001019272,NMB,47,35,100,368.00,"36,800.00"
2020-01-20,2020012001019268,NMB,36,35,"2,000",368.00,"736,000.00"
2020-01-20,2020012001019232,NMB,17,35,"1,000",368.00,"368,000.00"
2020-01-20,2020012001019176,NMB,28,35,30,368.00,"11,040.00"
2020-01-20,2020012001019077,NMB,1,49,300,366.00,"109,800.00"
2020-01-20,2020012001019059,NMB,1,4,68,366.00,"24,888.00"
2020-01-20,2020012001019023,NMB,57,47,"1,000",367.00,"367,000.00"
2020-01-20,2020012001019080,NNLB,19,14,28,700.00,"19,600.00"
2020-01-20,2020012001019186,NTC,59,50,10,637.00,"6,370.00"
2020-01-20,2020012001019327,PCBL,47,19,200,273.00,"54,600.00"
2020-01-20,2020012001019099,PCBL,48,48,172,273.00,"46,956.00"
2020-01-20,2020012001019381,PFL,48,39,13,156.00,"2,028.00"
2020-01-20,2020012001019338,PFL,53,35,972,157.00,"152,604.00"
2020-01-20,2020012001019294,PFL,48,39,13,156.00,"2,028.00"
2020-01-20,2020012001019273,PFL,48,39,13,156.00,"2,028.00"
2020-01-20,2020012001019248,PFL,48,39,13,156.00,"2,028.00"
2020-01-20,2020012001019067,PFL,48,53,13,156.00,"2,028.00"
2020-01-20,2020012001019152,PIC,4,58,20,531.00,"10,620.00"
2020-01-20,2020012001019129,PIC,4,58,980,531.00,"520,380.00"
2020-01-20,2020012001019087,PIC,4,29,20,531.00,"10,620.00"
2020-01-20,2020012001018972,PIC,36,42,150,535.00,"80,250.00"
2020-01-20,2020012001019117,PICL,34,38,80,646.00,"51,680.00"
2020-01-20,2020012001019390,PLIC,49,51,"1,000",478.00,"478,000.00"
2020-01-20,2020012001019383,PLIC,38,41,"1,000",477.00,"477,000.00"
2020-01-20,2020012001019377,PLIC,53,46,146,476.00,"69,496.00"
2020-01-20,2020012001019179,PLIC,28,46,50,476.00,"23,800.00"
2020-01-20,2020012001019170,PLIC,50,49,23,474.00,"10,902.00"
2020-01-20,2020012001019093,PLIC,45,48,"1,000",473.00,"473,000.00"
2020-01-20,2020012001019150,PPCL,55,52,20,126.00,"2,520.00"
2020-01-20,2020012001019125,PPCL,55,22,30,126.00,"3,780.00"
2020-01-20,2020012001019309,PRIN,52,34,20,412.00,"8,240.00"
2020-01-20,2020012001019253,PRIN,45,34,30,412.00,"12,360.00"
2020-01-20,2020012001019252,PRIN,45,41,20,411.00,"8,220.00"
2020-01-20,2020012001019102,PRIN,36,41,500,409.00,"204,500.00"
2020-01-20,2020012001019101,PRIN,48,41,480,410.00,"196,800.00"
2020-01-20,2020012001019038,PRIN,48,22,20,410.00,"8,200.00"
2020-01-20,2020012001019297,PRVU,38,48,935,255.00,"238,425.00"
2020-01-20,2020012001019296,PRVU,57,48,65,256.00,"16,640.00"
2020-01-20,2020012001019169,PRVU,57,59,435,256.00,"111,360.00"
2020-01-20,2020012001019138,PRVU,57,59,200,256.00,"51,200.00"
2020-01-20,2020012001019096,PRVU,49,59,365,256.00,"93,440.00"
2020-01-20,2020012001019094,PRVU,49,51,35,256.00,"8,960.00"
2020-01-20,2020012001018974,PRVU,46,38,50,256.00,"12,800.00"
2020-01-20,2020012001018973,PRVU,46,58,200,256.00,"51,200.00"
2020-01-20,2020012001018954,PRVU,57,32,85,255.00,"21,675.00"
2020-01-20,2020012001018953,PRVU,29,32,15,255.00,"3,825.00"
2020-01-20,2020012001019057,PRVU,38,52,85,255.00,"21,675.00"
2020-01-20,2020012001019056,PRVU,8,52,915,255.00,"233,325.00"
2020-01-20,2020012001019047,PRVU,8,32,85,255.00,"21,675.00"
2020-01-20,2020012001019046,PRVU,57,32,415,255.00,"105,825.00"
2020-01-20,2020012001019044,PRVU,57,16,500,255.00,"127,500.00"
2020-01-20,2020012001019043,PRVU,57,16,500,255.00,"127,500.00"
2020-01-20,2020012001019011,RHPC,54,20,500,81.00,"40,500.00"
2020-01-20,2020012001019439,RHPL,42,44,30,174.00,"5,220.00"
2020-01-20,2020012001019419,RHPL,42,40,20,174.00,"3,480.00"
2020-01-20,2020012001019418,RHPL,22,40,20,174.00,"3,480.00"
2020-01-20,2020012001019254,RHPL,22,22,40,174.00,"6,960.00"
2020-01-20,2020012001019215,RHPL,22,53,40,174.00,"6,960.00"
2020-01-20,2020012001019149,RHPL,22,34,10,174.00,"1,740.00"
2020-01-20,2020012001019052,RHPL,22,53,40,174.00,"6,960.00"
2020-01-20,2020012001019320,RRHP,42,22,10,99.00,990.00
2020-01-20,2020012001019280,RRHP,42,40,10,99.00,990.00
2020-01-20,2020012001019114,RRHP,42,52,10,99.00,990.00
2020-01-20,2020012001019298,RSDC,55,22,50,420.00,"21,000.00"
2020-01-20,2020012001019182,SABSL,48,34,10,788.00,"7,880.00"
2020-01-20,2020012001019006,SABSL,48,53,10,788.00,"7,880.00"
2020-01-20,2020012001019271,SADBL,44,26,500,159.00,"79,500.00"
2020-01-20,2020012001019180,SADBL,49,4,100,160.00,"16,000.00"
2020-01-20,2020012001019337,SANIMA,32,14,500,351.00,"175,500.00"
2020-01-20,2020012001019323,SANIMA,32,19,100,351.00,"35,100.00"
2020-01-20,2020012001019295,SANIMA,32,19,340,351.00,"119,340.00"
2020-01-20,2020012001019292,SANIMA,32,32,500,351.00,"175,500.00"
2020-01-20,2020012001019256,SANIMA,32,14,"1,000",351.00,"351,000.00"
2020-01-20,2020012001019212,SANIMA,32,40,760,351.00,"266,760.00"
2020-01-20,2020012001019075,SANIMA,32,25,58,351.00,"20,358.00"
2020-01-20,2020012001019063,SANIMA,32,16,500,351.00,"175,500.00"
2020-01-20,2020012001019030,SANIMA,32,32,500,351.00,"175,500.00"
2020-01-20,2020012001019015,SANIMA,32,25,259,352.00,"91,168.00"
2020-01-20,2020012001019014,SANIMA,32,26,100,352.00,"35,200.00"
2020-01-20,2020012001019091,SBI,50,16,95,425.00,"40,375.00"
2020-01-20,2020012001019090,SBI,25,16,105,426.00,"44,730.00"
2020-01-20,2020012001019055,SBI,25,7,10,426.00,"4,260.00"
2020-01-20,2020012001019385,SBL,32,50,704,327.00,"230,208.00"
2020-01-20,2020012001019384,SBL,1,50,20,328.00,"6,560.00"
2020-01-20,2020012001019274,SBL,32,10,"1,000",327.00,"327,000.00"
2020-01-20,2020012001019394,SCB,52,17,20,640.00,"12,800.00"
2020-01-20,2020012001019393,SCB,52,39,35,640.00,"22,400.00"
2020-01-20,2020012001019062,SCB,44,39,65,640.00,"41,600.00"
2020-01-20,2020012001019061,SCB,44,13,35,640.00,"22,400.00"
2020-01-20,2020012001019048,SCB,33,13,30,640.00,"19,200.00"
2020-01-20,2020012001019134,SDESI,26,45,50,810.00,"40,500.00"
2020-01-20,2020012001019311,SHINE,32,47,206,262.00,"53,972.00"
2020-01-20,2020012001019040,SHINE,22,13,55,263.00,"14,465.00"
2020-01-20,2020012001018955,SHINE,32,26,200,262.00,"52,400.00"
2020-01-20,2020012001019434,SHIVM,22,6,70,518.00,"36,260.00"
2020-01-20,2020012001019400,SHIVM,56,42,10,517.00,"5,170.00"
2020-01-20,2020012001019244,SHIVM,52,35,200,518.00,"103,600.00"
2020-01-20,2020012001019104,SHIVM,35,4,50,518.00,"25,900.00"
2020-01-20,2020012001019037,SHIVM,41,35,100,520.00,"52,000.00"
2020-01-20,2020012001019001,SHIVM,41,4,50,520.00,"26,000.00"
2020-01-20,2020012001018963,SHIVM,41,49,350,520.00,"182,000.00"
2020-01-20,2020012001019324,SHL,8,45,300,209.00,"62,700.00"
2020-01-20,2020012001019441,SIC,16,38,50,653.00,"32,650.00"
2020-01-20,2020012001019443,SICL,5,4,400,955.00,"382,000.00"
2020-01-20,2020012001019423,SICL,28,4,200,955.00,"191,000.00"
2020-01-20,2020012001019398,SICL,7,4,100,955.00,"95,500.00"
2020-01-20,2020012001019375,SICL,5,4,145,952.00,"138,040.00"
2020-01-20,2020012001019021,SICL,45,58,100,951.00,"95,100.00"
2020-01-20,2020012001019372,SICL,6,4,250,952.00,"238,000.00"
2020-01-20,2020012001019334,SICL,28,4,500,952.00,"476,000.00"
2020-01-20,2020012001019313,SICL,28,4,20,952.00,"19,040.00"
2020-01-20,2020012001019257,SICL,5,34,300,951.00,"285,300.00"
2020-01-20,2020012001019148,SICL,49,4,85,952.00,"80,920.00"
2020-01-20,2020012001019147,SICL,49,50,65,951.00,"61,815.00"
2020-01-20,2020012001019020,SIL,16,45,164,520.00,"85,280.00"
2020-01-20,2020012001019019,SIL,16,22,136,519.00,"70,584.00"
2020-01-20,2020012001019198,SINDU,19,32,29,138.00,"4,002.00"
2020-01-20,2020012001019442,SJCL,22,40,20,164.00,"3,280.00"
2020-01-20,2020012001019409,SJCL,22,22,20,164.00,"3,280.00"
2020-01-20,2020012001019210,SJCL,22,34,10,164.00,"1,640.00"
2020-01-20,2020012001019193,SJCL,22,53,10,164.00,"1,640.00"
2020-01-20,2020012001019192,SJCL,47,53,10,165.00,"1,650.00"
2020-01-20,2020012001018981,SJCL,47,53,20,165.00,"3,300.00"
2020-01-20,2020012001019045,SKBBL,29,42,50,920.00,"46,000.00"
2020-01-20,2020012001019115,SLBBL,49,55,25,750.00,"18,750.00"
2020-01-20,2020012001019085,SLBSL,22,45,40,731.00,"29,240.00"
2020-01-20,2020012001019446,SLICL,21,45,21,386.00,"8,106.00"
2020-01-20,2020012001019445,SLICL,44,45,10,386.00,"3,860.00"
2020-01-20,2020012001019279,SLICL,45,52,100,383.00,"38,300.00"
2020-01-20,2020012001019120,SLICL,44,43,440,383.00,"168,520.00"
2020-01-20,2020012001019078,SLICL,44,45,10,386.00,"3,860.00"
2020-01-20,2020012001019013,SLICL,38,1,920,382.00,"351,440.00"
2020-01-20,2020012001018958,SLICL,38,45,200,385.00,"77,000.00"
2020-01-20,2020012001018957,SLICL,38,35,60,385.00,"23,100.00"
2020-01-20,2020012001018952,SLICL,43,34,190,384.00,"72,960.00"
2020-01-20,2020012001019012,SLICL,14,1,80,382.00,"30,560.00"
2020-01-20,2020012001018989,SLICL,49,45,50,386.00,"19,300.00"
2020-01-20,2020012001018978,SLICL,28,45,100,386.00,"38,600.00"
2020-01-20,2020012001018961,SLICL,38,21,200,385.00,"77,000.00"
2020-01-20,2020012001018960,SLICL,38,29,"1,000",385.00,"385,000.00"
2020-01-20,2020012001018959,SLICL,38,42,200,385.00,"77,000.00"
2020-01-20,2020012001019278,SMFDB,17,55,47,690.00,"32,430.00"
2020-01-20,2020012001019277,SMFDB,36,55,53,690.00,"36,570.00"
2020-01-20,2020012001019185,SPARS,19,55,140,770.00,"107,800.00"
2020-01-20,2020012001019184,SPARS,55,55,50,771.00,"38,550.00"
2020-01-20,2020012001018999,SRBL,44,28,100,239.00,"23,900.00"
2020-01-20,2020012001018998,SRBL,57,28,"1,000",239.00,"239,000.00"
2020-01-20,2020012001018997,SRBL,56,28,99,239.00,"23,661.00"
2020-01-20,2020012001018996,SRBL,51,28,500,239.00,"119,500.00"
2020-01-20,2020012001018995,SRBL,34,28,500,239.00,"119,500.00"
2020-01-20,2020012001019111,STC,38,55,10,"2,416.00","24,160.00"
2020-01-20,2020012001019082,STC,5,55,90,"2,420.00","217,800.00"
2020-01-20,2020012001019145,SWBBL,33,29,100,"1,040.00","104,000.00"
2020-01-20,2020012001019144,SWBBL,33,25,100,"1,040.00","104,000.00"
2020-01-20,2020012001019143,SWBBL,33,41,200,"1,040.00","208,000.00"
2020-01-20,2020012001019339,TRH,36,25,100,315.00,"31,500.00"
2020-01-20,2020012001019237,TRH,44,59,800,314.00,"251,200.00"
2020-01-20,2020012001019213,TRH,49,59,200,314.00,"62,800.00"
2020-01-20,2020012001019026,UMHL,1,57,94,111.00,"10,434.00"
2020-01-20,2020012001019025,UMHL,52,57,90,111.00,"9,990.00"
2020-01-20,2020012001019024,UMHL,40,57,396,111.00,"43,956.00"
2020-01-20,2020012001019344,UPCL,42,45,500,78.00,"39,000.00"
2020-01-20,2020012001019275,UPCL,36,34,50,77.00,"3,850.00"
2020-01-20,2020012001019440,UPPER,39,25,500,255.00,"127,500.00"
2020-01-20,2020012001019431,UPPER,49,25,100,255.00,"25,500.00"
2020-01-20,2020012001019216,UPPER,33,14,143,254.00,"36,322.00"
2020-01-20,2020012001019141,UPPER,54,25,"1,229",255.00,"313,395.00"
2020-01-20,2020012001019105,UPPER,32,7,101,255.00,"25,755.00"
2020-01-20,2020012001019074,UPPER,45,7,150,255.00,"38,250.00"
2020-01-20,2020012001019069,UPPER,33,52,40,254.00,"10,160.00"
2020-01-20,2020012001019068,UPPER,33,25,257,254.00,"65,278.00"
2020-01-20,2020012001018962,UPPER,11,7,100,255.00,"25,500.00"
2020-01-20,2020012001019140,UPPER,54,6,271,255.00,"69,105.00"
2020-01-20,2020012001019109,UPPER,32,6,229,255.00,"58,395.00"
2020-01-20,2020012001019108,UPPER,32,34,40,255.00,"10,200.00"
2020-01-20,2020012001019107,UPPER,32,19,40,255.00,"10,200.00"
2020-01-20,2020012001019106,UPPER,32,41,90,255.00,"22,950.00"
2020-01-20,2020012001019233,VLBS,39,32,50,855.00,"42,750.00"
2020-01-20,2020012001019407,WOMI,34,29,70,940.00,"65,800.00"
2020-01-20,2020012001019035,WOMI,45,34,90,942.00,"84,780.00"
2020-01-20,2020012001018872,ADBL,6,42,25,388.00,"9,700.00"
2020-01-20,2020012001018491,ALBSL,43,38,10,640.00,"6,400.00"
2020-01-20,2020012001018810,ALICL,22,34,155,460.00,"71,300.00"
2020-01-20,2020012001018771,ALICL,10,34,50,460.00,"23,000.00"
2020-01-20,2020012001018730,ALICL,57,34,20,460.00,"9,200.00"
2020-01-20,2020012001018695,ALICL,28,34,200,460.00,"92,000.00"
2020-01-20,2020012001018606,ALICL,25,28,40,459.00,"18,360.00"
2020-01-20,2020012001018562,ALICL,44,34,50,460.00,"23,000.00"
2020-01-20,2020012001018905,API,25,22,451,127.00,"57,277.00"
2020-01-20,2020012001018904,API,25,39,49,127.00,"6,223.00"
2020-01-20,2020012001018800,BOKL,17,56,50,236.00,"11,800.00"
2020-01-20,2020012001018799,BOKL,17,56,100,236.00,"23,600.00"
2020-01-20,2020012001018798,BOKL,46,56,480,236.00,"113,280.00"
2020-01-20,2020012001018547,BOKL,46,29,20,236.00,"4,720.00"
2020-01-20,2020012001018533,BOKL,8,16,275,237.00,"65,175.00"
2020-01-20,2020012001018507,BOKL,8,40,225,237.00,"53,325.00"
2020-01-20,2020012001018506,BOKL,41,40,174,237.00,"41,238.00"
2020-01-20,2020012001018505,BOKL,40,40,20,237.00,"4,740.00"
2020-01-20,2020012001018504,BOKL,37,40,100,237.00,"23,700.00"
2020-01-20,2020012001018503,BOKL,57,40,481,237.00,"113,997.00"
2020-01-20,2020012001018459,BOKL,57,32,19,237.00,"4,503.00"
2020-01-20,2020012001018857,CBBL,5,25,50,892.00,"44,600.00"
2020-01-20,2020012001018772,CBBL,41,34,20,893.00,"17,860.00"
2020-01-20,2020012001018487,CBBL,59,22,100,892.00,"89,200.00"
2020-01-20,2020012001018486,CBBL,35,22,10,893.00,"8,930.00"
2020-01-20,2020012001018796,CBL,51,49,300,147.00,"44,100.00"
2020-01-20,2020012001018603,CBL,10,7,790,148.00,"116,920.00"
2020-01-20,2020012001018598,CBL,10,41,200,148.00,"29,600.00"
2020-01-20,2020012001018561,CBL,10,29,10,148.00,"1,480.00"
2020-01-20,2020012001018925,CCBL,45,14,"1,000",185.00,"185,000.00"
2020-01-20,2020012001018908,CCBL,17,32,100,186.00,"18,600.00"
2020-01-20,2020012001018861,CCBL,45,52,200,185.00,"37,000.00"
2020-01-20,2020012001018763,CCBL,45,26,537,185.00,"99,345.00"
2020-01-20,2020012001018757,CCBL,45,6,323,185.00,"59,755.00"
2020-01-20,2020012001018731,CCBL,45,45,"1,000",185.00,"185,000.00"
2020-01-20,2020012001018698,CCBL,45,38,500,185.00,"92,500.00"
2020-01-20,2020012001018646,CCBL,45,49,487,185.00,"90,095.00"
2020-01-20,2020012001018645,CCBL,40,49,13,185.00,"2,405.00"
2020-01-20,2020012001018881,CFCL,45,49,100,149.00,"14,900.00"
2020-01-20,2020012001018768,CFCL,38,35,"2,000",148.00,"296,000.00"
2020-01-20,2020012001018717,CFCL,46,49,500,149.00,"74,500.00"
2020-01-20,2020012001018716,CFCL,33,49,990,149.00,"147,510.00"
2020-01-20,2020012001018915,CHCL,49,29,100,427.00,"42,700.00"
2020-01-20,2020012001018484,CHCL,29,47,20,430.00,"8,600.00"
2020-01-20,2020012001018938,CIT,59,56,200,"2,225.00","445,000.00"
2020-01-20,2020012001018937,CIT,17,56,50,"2,227.00","111,350.00"
2020-01-20,2020012001018936,CIT,16,56,20,"2,230.00","44,600.00"
2020-01-20,2020012001018914,CIT,16,34,80,"2,230.00","178,400.00"
2020-01-20,2020012001018913,CIT,42,34,20,"2,230.00","44,600.00"
2020-01-20,2020012001018460,CIT,28,43,100,"2,231.00","223,100.00"
2020-01-20,2020012001018887,CLBSL,17,14,30,840.00,"25,200.00"
2020-01-20,2020012001018858,CMF1,47,35,"1,000",9.91,"9,910.00"
2020-01-20,2020012001018705,CZBIL,33,40,10,203.00,"2,030.00"
2020-01-20,2020012001018694,CZBIL,42,55,680,201.00,"136,680.00"
2020-01-20,2020012001018693,CZBIL,48,55,50,201.00,"10,050.00"
2020-01-20,2020012001018692,CZBIL,25,55,160,201.00,"32,160.00"
2020-01-20,2020012001018691,CZBIL,42,55,100,202.00,"20,200.00"
2020-01-20,2020012001018946,DDBL,4,47,15,"1,035.00","15,525.00"
2020-01-20,2020012001018865,EBL,6,59,50,625.00,"31,250.00"
2020-01-20,2020012001018523,EBL,29,59,100,625.00,"62,500.00"
2020-01-20,2020012001018511,EBL,14,50,30,620.00,"18,600.00"
2020-01-20,2020012001018510,EBL,45,50,100,620.00,"62,000.00"
2020-01-20,2020012001018509,EBL,7,50,20,621.00,"12,420.00"
2020-01-20,2020012001018508,EBL,45,50,50,622.00,"31,100.00"
2020-01-20,2020012001018827,EIC,6,7,123,349.00,"42,927.00"
2020-01-20,2020012001018747,EIC,46,43,400,345.00,"138,000.00"
2020-01-20,2020012001018746,EIC,34,43,100,346.00,"34,600.00"
2020-01-20,2020012001018679,EIC,41,7,"1,000",347.00,"347,000.00"
2020-01-20,2020012001018678,EIC,42,7,125,348.00,"43,500.00"
2020-01-20,2020012001018677,EIC,38,7,"1,000",348.00,"348,000.00"
2020-01-20,2020012001018607,EIC,33,29,30,355.00,"10,650.00"
2020-01-20,2020012001018622,EIC,19,7,200,350.00,"70,000.00"
2020-01-20,2020012001018621,EIC,41,7,250,350.00,"87,500.00"
2020-01-20,2020012001018620,EIC,45,7,152,350.00,"53,200.00"
2020-01-20,2020012001018619,EIC,25,7,150,353.00,"52,950.00"
2020-01-20,2020012001018609,EIC,25,29,50,353.00,"17,650.00"
2020-01-20,2020012001018608,EIC,8,29,50,355.00,"17,750.00"
2020-01-20,2020012001018676,EIC,34,7,200,349.00,"69,800.00"
2020-01-20,2020012001018675,EIC,57,7,152,349.00,"53,048.00"
2020-01-20,2020012001018663,EIC,17,21,50,350.00,"17,500.00"
2020-01-20,2020012001018625,EIC,57,7,48,349.00,"16,752.00"
2020-01-20,2020012001018624,EIC,47,7,100,350.00,"35,000.00"
2020-01-20,2020012001018623,EIC,35,7,100,350.00,"35,000.00"
2020-01-20,2020012001018920,FMDBL,33,33,85,415.00,"35,275.00"
2020-01-20,2020012001018641,FMDBL,33,35,50,415.00,"20,750.00"
2020-01-20,2020012001018488,FMDBL,33,25,100,415.00,"41,500.00"
2020-01-20,2020012001018907,FOWAD,57,38,76,"1,257.00","95,532.00"
2020-01-20,2020012001018808,FOWAD,57,34,74,"1,257.00","93,018.00"
2020-01-20,2020012001018807,FOWAD,53,34,20,"1,258.00","25,160.00"
2020-01-20,2020012001018756,FOWAD,57,40,200,"1,260.00","252,000.00"
2020-01-20,2020012001018755,FOWAD,14,40,200,"1,261.00","252,200.00"
2020-01-20,2020012001018754,FOWAD,19,40,28,"1,263.00","35,364.00"
2020-01-20,2020012001018753,FOWAD,51,40,25,"1,264.00","31,600.00"
2020-01-20,2020012001018871,GBLBS,52,34,500,413.00,"206,500.00"
2020-01-20,2020012001018584,GBLBS,13,48,100,411.00,"41,100.00"
2020-01-20,2020012001018583,GBLBS,1,48,100,412.00,"41,200.00"
2020-01-20,2020012001018518,GBLBS,13,36,415,411.00,"170,565.00"
2020-01-20,2020012001018517,GBLBS,36,36,85,411.00,"34,935.00"
2020-01-20,2020012001018779,GGBSL,54,3,38,867.00,"32,946.00"
2020-01-20,2020012001018778,GGBSL,48,3,10,868.00,"8,680.00"
2020-01-20,2020012001018704,GGBSL,46,3,70,870.00,"60,900.00"
2020-01-20,2020012001018668,GILB,50,46,20,"1,256.00","25,120.00"
2020-01-20,2020012001018933,GIMES1,43,17,"4,221",8.50,"35,878.50"
2020-01-20,2020012001018932,GIMES1,5,17,"2,500",8.60,"21,500.00"
2020-01-20,2020012001018931,GIMES1,49,17,"1,779",8.63,"15,352.77"
2020-01-20,2020012001018928,GLICL,44,53,90,612.00,"55,080.00"
2020-01-20,2020012001018927,GLICL,22,53,110,612.00,"67,320.00"
2020-01-20,2020012001018894,GLICL,22,6,90,612.00,"55,080.00"
2020-01-20,2020012001018893,GLICL,36,6,100,612.00,"61,200.00"
2020-01-20,2020012001018892,GLICL,29,6,60,612.00,"36,720.00"
2020-01-20,2020012001018829,GMFBS,49,55,100,722.00,"72,200.00"
2020-01-20,2020012001018828,GMFBS,48,55,30,723.00,"21,690.00"
2020-01-20,2020012001018697,GMFBS,55,5,10,725.00,"7,250.00"
2020-01-20,2020012001018696,GMFBS,33,5,100,725.00,"72,500.00"
