Date,Transact. No.,Symbol,Buyer,Seller,Quantity,Rate,Amount
2019-07-25,2019072501006981,ADBL,57,25,100,430.00,"43,000.00"
2019-07-25,2019072501006934,ADBL,57,7,100,430.00,"43,000.00"
2019-07-25,2019072501006933,ADBL,57,44,115,430.00,"49,450.00"
2019-07-25,2019072501006932,ADBL,57,17,"1,000",430.00,"430,000.00"
2019-07-25,2019072501006931,ADBL,57,13,127,430.00,"54,610.00"
2019-07-25,2019072501006930,ADBL,57,5,600,430.00,"258,000.00"
2019-07-25,2019072501006540,ADBL,34,14,271,429.00,"116,259.00"
2019-07-25,2019072501006539,ADBL,21,14,129,429.00,"55,341.00"
2019-07-25,2019072501006806,ADBL,43,33,10,429.00,"4,290.00"
2019-07-25,2019072501006791,ADBL,14,33,142,429.00,"60,918.00"
2019-07-25,2019072501006790,ADBL,14,25,858,429.00,"368,082.00"
2019-07-25,2019072501006776,ADBL,34,33,176,429.00,"75,504.00"
2019-07-25,2019072501006722,ADBL,34,42,53,429.00,"22,737.00"
2019-07-25,2019072501006581,ADBL,42,25,50,430.00,"21,500.00"
2019-07-25,2019072501006905,ADBL,49,36,40,429.00,"17,160.00"
2019-07-25,2019072501006904,ADBL,49,45,500,429.00,"214,500.00"
2019-07-25,2019072501006903,ADBL,49,33,442,429.00,"189,618.00"
2019-07-25,2019072501006896,ADBL,19,33,130,429.00,"55,770.00"
2019-07-25,2019072501006895,ADBL,19,14,20,429.00,"8,580.00"
2019-07-25,2019072501006842,ADBL,8,33,100,429.00,"42,900.00"
2019-07-25,2019072501006884,AHPC,53,13,49,104.00,"5,096.00"
2019-07-25,2019072501006883,AHPC,34,13,500,104.00,"52,000.00"
2019-07-25,2019072501006882,AHPC,8,13,500,105.00,"52,500.00"
2019-07-25,2019072501006881,AHPC,3,13,40,105.00,"4,200.00"
2019-07-25,2019072501006787,AKPL,26,26,537,174.00,"93,438.00"
2019-07-25,2019072501006557,ALBSL,10,44,10,402.00,"4,020.00"
2019-07-25,2019072501006607,ALICL,55,53,20,378.00,"7,560.00"
2019-07-25,2019072501007007,API,42,41,11,139.00,"1,529.00"
2019-07-25,2019072501007006,API,48,41,200,139.00,"27,800.00"
2019-07-25,2019072501007005,API,43,41,100,139.00,"13,900.00"
2019-07-25,2019072501007004,API,39,41,"2,000",139.00,"278,000.00"
2019-07-25,2019072501007003,API,38,41,300,139.00,"41,700.00"
2019-07-25,2019072501007002,API,47,41,100,139.00,"13,900.00"
2019-07-25,2019072501006796,API,58,58,233,140.00,"32,620.00"
2019-07-25,2019072501006758,API,25,41,20,141.00,"2,820.00"
2019-07-25,2019072501006719,API,58,20,267,140.00,"37,380.00"
2019-07-25,2019072501006568,API,51,41,100,141.00,"14,100.00"
2019-07-25,2019072501006567,API,51,54,100,141.00,"14,100.00"
2019-07-25,2019072501007001,API,38,41,90,139.00,"12,510.00"
2019-07-25,2019072501006947,API,25,41,16,141.00,"2,256.00"
2019-07-25,2019072501006946,API,25,58,134,140.00,"18,760.00"
2019-07-25,2019072501006984,BOKL,47,34,280,269.00,"75,320.00"
2019-07-25,2019072501006578,BPCL,59,52,289,405.00,"117,045.00"
2019-07-25,2019072501006538,BPCL,59,43,251,405.00,"101,655.00"
2019-07-25,2019072501006943,CBBL,32,5,100,990.00,"99,000.00"
2019-07-25,2019072501006893,CBBL,6,48,50,982.00,"49,100.00"
2019-07-25,2019072501006892,CBBL,16,48,100,982.00,"98,200.00"
2019-07-25,2019072501006891,CBBL,47,48,300,982.00,"294,600.00"
2019-07-25,2019072501006890,CBBL,49,48,100,985.00,"98,500.00"
2019-07-25,2019072501006889,CBBL,53,48,300,985.00,"295,500.00"
2019-07-25,2019072501006788,CBBL,53,25,50,989.00,"49,450.00"
2019-07-25,2019072501006888,CBBL,54,48,100,986.00,"98,600.00"
2019-07-25,2019072501006887,CBBL,45,48,50,989.00,"49,450.00"
2019-07-25,2019072501006809,CBBL,45,25,50,989.00,"49,450.00"
2019-07-25,2019072501006900,CBL,43,58,10,158.00,"1,580.00"
2019-07-25,2019072501006804,CBL,56,40,898,157.00,"140,986.00"
2019-07-25,2019072501006803,CBL,22,40,20,157.00,"3,140.00"
2019-07-25,2019072501006802,CBL,43,40,82,157.00,"12,874.00"
2019-07-25,2019072501006586,CBL,45,58,43,158.00,"6,794.00"
2019-07-25,2019072501006585,CBL,45,58,207,158.00,"32,706.00"
2019-07-25,2019072501006577,CBL,8,58,100,158.00,"15,800.00"
2019-07-25,2019072501006563,CBL,43,51,218,157.00,"34,226.00"
2019-07-25,2019072501006562,CBL,44,51,349,157.00,"54,793.00"
2019-07-25,2019072501006950,CCBL,25,29,50,174.00,"8,700.00"
2019-07-25,2019072501006771,CCBL,25,45,30,174.00,"5,220.00"
2019-07-25,2019072501006727,CCBL,50,45,30,174.00,"5,220.00"
2019-07-25,2019072501006726,CCBL,34,45,100,174.00,"17,400.00"
2019-07-25,2019072501006725,CCBL,16,45,100,174.00,"17,400.00"
2019-07-25,2019072501006724,CCBL,44,45,500,174.00,"87,000.00"
2019-07-25,2019072501006723,CCBL,59,45,106,174.00,"18,444.00"
2019-07-25,2019072501006629,CCBL,17,22,200,175.00,"35,000.00"
2019-07-25,2019072501006622,CCBL,59,22,894,174.00,"155,556.00"
2019-07-25,2019072501006621,CCBL,35,22,106,174.00,"18,444.00"
2019-07-25,2019072501007009,CFCL,14,57,100,119.00,"11,900.00"
2019-07-25,2019072501007008,CFCL,28,57,300,119.00,"35,700.00"
2019-07-25,2019072501006857,CIT,39,51,14,"2,495.00","34,930.00"
2019-07-25,2019072501006856,CIT,39,51,48,"2,495.00","119,760.00"
2019-07-25,2019072501006855,CIT,39,54,73,"2,494.00","182,062.00"
2019-07-25,2019072501006854,CIT,39,45,50,"2,493.00","124,650.00"
2019-07-25,2019072501006853,CIT,39,11,15,"2,493.00","37,395.00"
2019-07-25,2019072501006852,CIT,39,1,11,"2,490.00","27,390.00"
2019-07-25,2019072501006851,CIT,39,56,29,"2,489.00","72,181.00"
2019-07-25,2019072501006677,CLBSL,29,34,12,509.00,"6,108.00"
2019-07-25,2019072501006985,CZBIL,1,13,197,228.00,"44,916.00"
2019-07-25,2019072501006971,CZBIL,1,5,100,228.00,"22,800.00"
2019-07-25,2019072501006970,CZBIL,1,40,203,228.00,"46,284.00"
2019-07-25,2019072501006721,CZBIL,45,40,50,228.00,"11,400.00"
2019-07-25,2019072501006975,DBBL,51,51,458,147.00,"67,326.00"
2019-07-25,2019072501006974,DBBL,49,51,415,147.00,"61,005.00"
2019-07-25,2019072501006910,DBBL,49,32,500,147.00,"73,500.00"
2019-07-25,2019072501006747,DBBL,45,11,60,148.00,"8,880.00"
2019-07-25,2019072501006978,DDBL,4,45,100,752.00,"75,200.00"
2019-07-25,2019072501006757,DDBL,4,22,12,752.00,"9,024.00"
2019-07-25,2019072501006756,DDBL,4,21,73,752.00,"54,896.00"
2019-07-25,2019072501006634,DDBL,4,35,200,752.00,"150,400.00"
2019-07-25,2019072501006531,DDBL,19,5,100,750.00,"75,000.00"
2019-07-25,2019072501006912,EBL,21,13,69,673.00,"46,437.00"
2019-07-25,2019072501006867,EBL,21,50,131,673.00,"88,163.00"
2019-07-25,2019072501006866,EBL,46,50,50,673.00,"33,650.00"
2019-07-25,2019072501006865,EBL,46,50,349,673.00,"234,877.00"
2019-07-25,2019072501006864,EBL,3,50,50,674.00,"33,700.00"
2019-07-25,2019072501006915,FMDBL,36,41,100,388.00,"38,800.00"
2019-07-25,2019072501006786,GBLBS,54,48,50,354.00,"17,700.00"
2019-07-25,2019072501006764,GBLBS,54,48,50,354.00,"17,700.00"
2019-07-25,2019072501006751,GBLBS,39,57,90,352.00,"31,680.00"
2019-07-25,2019072501006609,GBLBS,28,56,110,351.00,"38,610.00"
2019-07-25,2019072501006542,GBLBS,28,6,70,351.00,"24,570.00"
2019-07-25,2019072501006523,GBLBS,28,6,300,351.00,"105,300.00"
2019-07-25,2019072501006744,GDBL,42,44,40,212.00,"8,480.00"
2019-07-25,2019072501006743,GDBL,42,44,22,212.00,"4,664.00"
2019-07-25,2019072501006746,GDBL,52,44,98,212.00,"20,776.00"
2019-07-25,2019072501006745,GDBL,42,44,40,212.00,"8,480.00"
2019-07-25,2019072501006913,GILB,19,58,10,735.00,"7,350.00"
2019-07-25,2019072501006770,GILB,56,58,25,730.00,"18,250.00"
2019-07-25,2019072501006762,GILB,56,54,15,730.00,"10,950.00"
2019-07-25,2019072501006759,GILB,54,21,10,721.00,"7,210.00"
2019-07-25,2019072501006561,GILB,38,54,10,730.00,"7,300.00"
2019-07-25,2019072501006666,GLBSL,1,58,10,403.00,"4,030.00"
2019-07-25,2019072501006714,GLICL,38,40,200,450.00,"90,000.00"
2019-07-25,2019072501006670,GLICL,22,40,200,451.00,"90,200.00"
2019-07-25,2019072501006669,GLICL,37,40,150,451.00,"67,650.00"
2019-07-25,2019072501006668,GLICL,41,40,14,452.00,"6,328.00"
2019-07-25,2019072501006643,GLICL,41,39,6,452.00,"2,712.00"
2019-07-25,2019072501006642,GLICL,34,39,100,452.00,"45,200.00"
2019-07-25,2019072501006951,GMFBS,34,13,10,518.00,"5,180.00"
2019-07-25,2019072501006810,GMFBS,17,37,108,514.00,"55,512.00"
2019-07-25,2019072501006686,HBL,6,19,262,560.00,"146,720.00"
2019-07-25,2019072501006685,HBL,6,22,200,559.00,"111,800.00"
2019-07-25,2019072501006752,HDL,33,58,10,"1,614.00","16,140.00"
2019-07-25,2019072501007013,HIDCL,32,6,90,160.00,"14,400.00"
2019-07-25,2019072501007012,HIDCL,42,6,100,160.00,"16,000.00"
2019-07-25,2019072501007011,HIDCL,37,6,10,160.00,"1,600.00"
2019-07-25,2019072501006565,HIDCL,37,37,53,160.00,"8,480.00"
2019-07-25,2019072501006564,HIDCL,56,37,10,160.00,"1,600.00"
2019-07-25,2019072501006987,HURJA,16,51,10,138.00,"1,380.00"
2019-07-25,2019072501006965,HURJA,16,51,20,138.00,"2,760.00"
2019-07-25,2019072501006839,HURJA,16,34,40,138.00,"5,520.00"
2019-07-25,2019072501006785,HURJA,16,41,200,138.00,"27,600.00"
2019-07-25,2019072501006784,HURJA,55,41,500,138.00,"69,000.00"
2019-07-25,2019072501006800,IGI,32,22,36,359.00,"12,924.00"
2019-07-25,2019072501006886,ILBS,7,25,60,399.00,"23,940.00"
2019-07-25,2019072501006527,ILBS,25,25,10,399.00,"3,990.00"
2019-07-25,2019072501006526,ILBS,25,25,10,399.00,"3,990.00"
2019-07-25,2019072501007000,JBBL,58,45,50,165.00,"8,250.00"
2019-07-25,2019072501006779,KBL,25,43,30,221.00,"6,630.00"
2019-07-25,2019072501006533,KBL,45,38,157,220.00,"34,540.00"
2019-07-25,2019072501006901,KRBL,6,26,100,115.00,"11,500.00"
2019-07-25,2019072501006936,KSBBL,19,22,57,157.00,"8,949.00"
2019-07-25,2019072501006815,KSBBL,38,42,310,156.00,"48,360.00"
2019-07-25,2019072501006814,KSBBL,22,42,40,157.00,"6,280.00"
2019-07-25,2019072501006964,LBBL,13,26,154,206.00,"31,724.00"
2019-07-25,2019072501006963,LBBL,55,26,20,206.00,"4,120.00"
2019-07-25,2019072501006617,LBBL,45,55,500,206.00,"103,000.00"
2019-07-25,2019072501006962,LBBL,51,26,200,206.00,"41,200.00"
2019-07-25,2019072501006961,LBBL,14,26,26,206.00,"5,356.00"
2019-07-25,2019072501006789,LBBL,41,46,"1,155",207.00,"239,085.00"
2019-07-25,2019072501006754,LBBL,14,44,200,206.00,"41,200.00"
2019-07-25,2019072501006638,LBBL,14,34,100,206.00,"20,600.00"
2019-07-25,2019072501006618,LBBL,14,55,174,206.00,"35,844.00"
2019-07-25,2019072501006941,LBL,10,44,480,225.00,"108,000.00"
2019-07-25,2019072501006940,LBL,10,46,20,225.00,"4,500.00"
2019-07-25,2019072501006635,LBL,51,46,"1,000",225.00,"225,000.00"
2019-07-25,2019072501006949,LICN,57,45,100,"1,177.00","117,700.00"
2019-07-25,2019072501006594,LICN,25,45,12,"1,177.00","14,124.00"
2019-07-25,2019072501006571,LICN,40,16,144,"1,170.00","168,480.00"
2019-07-25,2019072501006570,LICN,40,59,200,"1,169.00","233,800.00"
2019-07-25,2019072501006569,LICN,40,16,65,"1,165.00","75,725.00"
2019-07-25,2019072501006765,LLBS,21,22,10,701.00,"7,010.00"
2019-07-25,2019072501006524,LVF1,42,25,"2,000",10.54,"21,080.00"
2019-07-25,2019072501006986,MBL,25,58,50,272.00,"13,600.00"
2019-07-25,2019072501006953,MBL,4,13,300,271.00,"81,300.00"
2019-07-25,2019072501006875,MBL,4,25,200,271.00,"54,200.00"
2019-07-25,2019072501006874,MBL,6,25,500,271.00,"135,500.00"
2019-07-25,2019072501006873,MBL,11,25,500,271.00,"135,500.00"
2019-07-25,2019072501006647,MBL,43,58,500,272.00,"136,000.00"
2019-07-25,2019072501006646,MBL,38,58,30,272.00,"8,160.00"
2019-07-25,2019072501006645,MBL,14,58,100,272.00,"27,200.00"
2019-07-25,2019072501006991,MEGA,42,53,50,212.00,"10,600.00"
2019-07-25,2019072501006980,MEGA,3,33,"1,500",213.00,"319,500.00"
2019-07-25,2019072501006952,MEGA,43,33,10,213.00,"2,130.00"
2019-07-25,2019072501006876,MEGA,42,51,505,212.00,"107,060.00"
2019-07-25,2019072501006824,MEGA,51,33,500,213.00,"106,500.00"
2019-07-25,2019072501006755,MEGA,58,42,100,212.00,"21,200.00"
2019-07-25,2019072501006583,MEGA,49,33,"1,284",213.00,"273,492.00"
2019-07-25,2019072501006582,MEGA,49,58,716,213.00,"152,508.00"
2019-07-25,2019072501006575,MEGA,14,58,300,213.00,"63,900.00"
2019-07-25,2019072501006560,MEGA,25,58,50,213.00,"10,650.00"
2019-07-25,2019072501006525,MEGA,28,58,"1,000",213.00,"213,000.00"
2019-07-25,2019072501006907,MERO,25,26,10,519.00,"5,190.00"
2019-07-25,2019072501006902,MERO,17,26,25,519.00,"12,975.00"
2019-07-25,2019072501006596,MERO,53,56,17,517.00,"8,789.00"
2019-07-25,2019072501006880,MHNL,37,41,30,101.00,"3,030.00"
2019-07-25,2019072501006995,MLBL,59,51,81,200.00,"16,200.00"
2019-07-25,2019072501006994,MLBL,49,51,20,200.00,"4,000.00"
2019-07-25,2019072501006993,MLBL,33,51,500,200.00,"100,000.00"
2019-07-25,2019072501006992,MLBL,1,51,100,200.00,"20,000.00"
2019-07-25,2019072501006678,MLBL,59,51,370,201.00,"74,370.00"
2019-07-25,2019072501006652,MLBL,59,5,600,201.00,"120,600.00"
2019-07-25,2019072501006850,MLBL,1,22,100,200.00,"20,000.00"
2019-07-25,2019072501006780,MLBL,18,51,500,201.00,"100,500.00"
2019-07-25,2019072501006681,MLBL,5,51,200,201.00,"40,200.00"
2019-07-25,2019072501006680,MLBL,33,51,700,201.00,"140,700.00"
2019-07-25,2019072501006679,MLBL,33,51,500,201.00,"100,500.00"
2019-07-25,2019072501006999,MNBBL,28,48,500,378.00,"189,000.00"
2019-07-25,2019072501006998,MNBBL,39,48,50,378.00,"18,900.00"
2019-07-25,2019072501006997,MNBBL,55,48,500,378.00,"189,000.00"
2019-07-25,2019072501006996,MNBBL,32,48,745,378.00,"281,610.00"
2019-07-25,2019072501006812,MSMBS,48,57,17,468.00,"7,956.00"
2019-07-25,2019072501006948,NABIL,7,20,135,805.00,"108,675.00"
2019-07-25,2019072501006849,NABIL,36,49,16,804.00,"12,864.00"
2019-07-25,2019072501006830,NABIL,41,20,10,805.00,"8,050.00"
2019-07-25,2019072501006829,NABIL,5,20,500,805.00,"402,500.00"
2019-07-25,2019072501006828,NABIL,6,20,88,805.00,"70,840.00"
2019-07-25,2019072501006817,NABIL,6,49,200,805.00,"161,000.00"
2019-07-25,2019072501006811,NABIL,39,49,50,807.00,"40,350.00"
2019-07-25,2019072501006778,NABIL,53,49,50,807.00,"40,350.00"
2019-07-25,2019072501006628,NABIL,6,4,112,805.00,"90,160.00"
2019-07-25,2019072501006573,NABIL,5,20,100,806.00,"80,600.00"
2019-07-25,2019072501006537,NAGRO,59,47,10,535.00,"5,350.00"
2019-07-25,2019072501006636,NBB,1,58,200,225.00,"45,000.00"
2019-07-25,2019072501006593,NBB,38,38,"1,205",224.00,"269,920.00"
2019-07-25,2019072501006592,NBB,59,38,186,224.00,"41,664.00"
2019-07-25,2019072501007014,NBL,33,45,10,344.00,"3,440.00"
2019-07-25,2019072501006929,NBL,46,45,"1,000",344.00,"344,000.00"
2019-07-25,2019072501006861,NBL,25,45,86,344.00,"29,584.00"
2019-07-25,2019072501006860,NBL,25,22,14,344.00,"4,816.00"
2019-07-25,2019072501006844,NBL,58,22,"1,000",344.00,"344,000.00"
2019-07-25,2019072501006841,NBL,54,22,200,344.00,"68,800.00"
2019-07-25,2019072501006630,NBL,6,5,40,344.00,"13,760.00"
2019-07-25,2019072501006543,NBL,25,5,50,344.00,"17,200.00"
2019-07-25,2019072501006717,NBL,25,38,364,344.00,"125,216.00"
2019-07-25,2019072501006676,NBL,6,38,636,344.00,"218,784.00"
2019-07-25,2019072501006675,NBL,6,57,224,344.00,"77,056.00"
2019-07-25,2019072501006674,NBL,6,28,140,344.00,"48,160.00"
2019-07-25,2019072501006664,NBL,36,28,700,344.00,"240,800.00"
2019-07-25,2019072501006631,NBL,6,28,160,344.00,"55,040.00"
2019-07-25,2019072501006836,NBL,46,22,786,344.00,"270,384.00"
2019-07-25,2019072501006835,NBL,46,16,214,344.00,"73,616.00"
2019-07-25,2019072501006792,NBL,59,16,100,344.00,"34,400.00"
2019-07-25,2019072501006783,NBL,36,45,500,343.00,"171,500.00"
2019-07-25,2019072501006738,NBL,6,16,50,344.00,"17,200.00"
2019-07-25,2019072501006718,NBL,25,16,136,344.00,"46,784.00"
2019-07-25,2019072501006958,NCCB,57,28,200,249.00,"49,800.00"
2019-07-25,2019072501006957,NCCB,51,28,200,249.00,"49,800.00"
2019-07-25,2019072501006956,NCCB,54,28,100,249.00,"24,900.00"
2019-07-25,2019072501006955,NCCB,49,28,200,249.00,"49,800.00"
2019-07-25,2019072501006954,NCCB,36,28,427,249.00,"106,323.00"
2019-07-25,2019072501006928,NCCB,36,39,573,249.00,"142,677.00"
2019-07-25,2019072501006927,NCCB,44,39,427,249.00,"106,323.00"
2019-07-25,2019072501006862,NCCB,44,55,500,249.00,"124,500.00"
2019-07-25,2019072501006833,NCCB,44,16,523,249.00,"130,227.00"
2019-07-25,2019072501006715,NCCB,44,47,50,249.00,"12,450.00"
2019-07-25,2019072501006580,NCCB,25,28,50,250.00,"12,500.00"
2019-07-25,2019072501006763,NGPL,53,20,11,116.00,"1,276.00"
2019-07-25,2019072501007015,NIB,51,7,44,520.00,"22,880.00"
2019-07-25,2019072501006945,NIB,51,6,17,520.00,"8,840.00"
2019-07-25,2019072501006922,NIB,51,6,17,520.00,"8,840.00"
2019-07-25,2019072501006908,NIB,51,6,17,520.00,"8,840.00"
2019-07-25,2019072501006897,NIB,51,6,17,520.00,"8,840.00"
2019-07-25,2019072501006859,NIB,51,6,17,520.00,"8,840.00"
2019-07-25,2019072501006848,NIB,51,6,17,520.00,"8,840.00"
2019-07-25,2019072501006837,NIB,51,6,17,520.00,"8,840.00"
2019-07-25,2019072501006655,NIB,43,40,33,521.00,"17,193.00"
2019-07-25,2019072501006654,NIB,43,6,17,521.00,"8,857.00"
2019-07-25,2019072501006653,NIB,43,13,50,521.00,"26,050.00"
2019-07-25,2019072501006536,NIB,51,40,135,520.00,"70,200.00"
2019-07-25,2019072501006973,NICA,22,34,239,467.00,"111,613.00"
2019-07-25,2019072501006972,NICA,52,34,100,467.00,"46,700.00"
2019-07-25,2019072501006925,NICA,43,16,180,468.00,"84,240.00"
2019-07-25,2019072501006801,NICA,6,16,20,468.00,"9,360.00"
2019-07-25,2019072501006795,NICA,42,43,300,468.00,"140,400.00"
2019-07-25,2019072501006794,NICA,42,5,200,468.00,"93,600.00"
2019-07-25,2019072501006793,NICA,42,43,500,468.00,"234,000.00"
2019-07-25,2019072501006576,NICA,52,7,100,467.00,"46,700.00"
2019-07-25,2019072501006838,NICGF,57,7,100,9.89,989.00
2019-07-25,2019072501006522,NICL,36,40,100,350.00,"35,000.00"
2019-07-25,2019072501006521,NICL,57,40,26,350.00,"9,100.00"
2019-07-25,2019072501006520,NICL,28,40,50,351.00,"17,550.00"
2019-07-25,2019072501006519,NICL,55,40,124,351.00,"43,524.00"
2019-07-25,2019072501006846,NICL,43,20,10,353.00,"3,530.00"
2019-07-25,2019072501006845,NICL,25,20,10,353.00,"3,530.00"
2019-07-25,2019072501006834,NICL,36,22,65,350.00,"22,750.00"
2019-07-25,2019072501006825,NIL,1,36,33,486.00,"16,038.00"
2019-07-25,2019072501006777,NIL,1,36,17,486.00,"8,262.00"
2019-07-25,2019072501006748,NIL,37,36,37,486.00,"17,982.00"
2019-07-25,2019072501006572,NIL,1,36,146,486.00,"70,956.00"
2019-07-25,2019072501006976,NLBBL,11,39,88,526.00,"46,288.00"
2019-07-25,2019072501006920,NLBBL,6,39,112,532.00,"59,584.00"
2019-07-25,2019072501006917,NLBBL,6,11,129,532.00,"68,628.00"
2019-07-25,2019072501006916,NLBBL,6,28,90,531.00,"47,790.00"
2019-07-25,2019072501006858,NLBBL,6,43,113,528.00,"59,664.00"
2019-07-25,2019072501006627,NLBBL,21,28,10,531.00,"5,310.00"
2019-07-25,2019072501006556,NLBBL,11,5,94,526.00,"49,444.00"
2019-07-25,2019072501006968,NLG,35,20,27,699.00,"18,873.00"
2019-07-25,2019072501006906,NLG,43,33,40,700.00,"28,000.00"
2019-07-25,2019072501006741,NLG,35,33,10,700.00,"7,000.00"
2019-07-25,2019072501006983,NLIC,4,4,100,885.00,"88,500.00"
2019-07-25,2019072501006939,NLIC,34,35,10,891.00,"8,910.00"
2019-07-25,2019072501006871,NLIC,19,40,30,885.00,"26,550.00"
2019-07-25,2019072501006870,NLIC,7,40,20,885.00,"17,700.00"
2019-07-25,2019072501006869,NLIC,42,40,45,885.00,"39,825.00"
2019-07-25,2019072501006774,NLIC,53,4,200,886.00,"177,200.00"
2019-07-25,2019072501006548,NLIC,20,4,300,887.00,"266,100.00"
2019-07-25,2019072501006547,NLIC,5,4,190,888.00,"168,720.00"
2019-07-25,2019072501006554,NLIC,42,4,955,885.00,"845,175.00"
2019-07-25,2019072501006553,NLIC,25,4,200,885.00,"177,000.00"
2019-07-25,2019072501006552,NLIC,13,4,180,885.00,"159,300.00"
2019-07-25,2019072501006551,NLIC,28,4,10,885.00,"8,850.00"
2019-07-25,2019072501006550,NLIC,10,4,150,886.00,"132,900.00"
2019-07-25,2019072501006549,NLIC,35,4,15,886.00,"13,290.00"
2019-07-25,2019072501006988,NLICL,43,35,10,593.00,"5,930.00"
2019-07-25,2019072501006823,NLICL,34,25,133,591.00,"78,603.00"
2019-07-25,2019072501006822,NLICL,6,25,10,591.00,"5,910.00"
2019-07-25,2019072501006821,NLICL,49,25,100,591.00,"59,100.00"
2019-07-25,2019072501006820,NLICL,1,25,100,591.00,"59,100.00"
2019-07-25,2019072501006819,NLICL,6,25,145,591.00,"85,695.00"
2019-07-25,2019072501006818,NLICL,38,25,12,592.00,"7,104.00"
2019-07-25,2019072501006781,NLICL,38,25,100,592.00,"59,200.00"
2019-07-25,2019072501006761,NLICL,38,35,88,592.00,"52,096.00"
2019-07-25,2019072501006760,NLICL,55,35,12,592.00,"7,104.00"
2019-07-25,2019072501006595,NLICL,55,58,13,592.00,"7,696.00"
2019-07-25,2019072501006872,NMFBS,33,33,10,"1,499.00","14,990.00"
2019-07-25,2019072501006894,NNLB,55,25,60,406.00,"24,360.00"
2019-07-25,2019072501006960,NTC,6,38,290,695.00,"201,550.00"
2019-07-25,2019072501006959,NTC,6,38,210,695.00,"145,950.00"
2019-07-25,2019072501006935,NTC,6,38,70,695.00,"48,650.00"
2019-07-25,2019072501006863,NTC,43,34,10,697.00,"6,970.00"
2019-07-25,2019072501006921,NUBL,4,43,124,890.00,"110,360.00"
2019-07-25,2019072501006878,NUBL,4,16,100,898.00,"89,800.00"
2019-07-25,2019072501006885,PCBL,10,25,"1,000",288.00,"288,000.00"
2019-07-25,2019072501006827,PCBL,32,13,379,286.00,"108,394.00"
2019-07-25,2019072501006826,PCBL,57,13,66,286.00,"18,876.00"
2019-07-25,2019072501006644,PCBL,43,13,55,287.00,"15,785.00"
2019-07-25,2019072501006626,PCBL,43,32,445,287.00,"127,715.00"
2019-07-25,2019072501006625,PCBL,42,32,200,287.00,"57,400.00"
2019-07-25,2019072501006624,PCBL,57,32,265,287.00,"76,055.00"
2019-07-25,2019072501006623,PCBL,42,32,90,288.00,"25,920.00"
2019-07-25,2019072501006982,PRIN,36,5,100,369.00,"36,900.00"
2019-07-25,2019072501006909,PRIN,6,5,20,369.00,"7,380.00"
2019-07-25,2019072501006831,PRIN,14,5,20,369.00,"7,380.00"
2019-07-25,2019072501006750,PRIN,57,41,50,368.00,"18,400.00"
2019-07-25,2019072501006990,PRVU,40,13,"1,508",280.00,"422,240.00"
2019-07-25,2019072501006989,PRVU,51,13,112,280.00,"31,360.00"
2019-07-25,2019072501006942,PRVU,57,13,600,281.00,"168,600.00"
2019-07-25,2019072501006938,PRVU,51,34,288,280.00,"80,640.00"
2019-07-25,2019072501006937,PRVU,51,34,213,280.00,"59,640.00"
2019-07-25,2019072501006926,PRVU,25,13,20,281.00,"5,620.00"
2019-07-25,2019072501006608,PRVU,42,13,50,281.00,"14,050.00"
2019-07-25,2019072501006590,PRVU,42,13,100,281.00,"28,100.00"
2019-07-25,2019072501006587,PRVU,36,16,"1,000",280.00,"280,000.00"
2019-07-25,2019072501006535,PRVU,39,13,100,281.00,"28,100.00"
2019-07-25,2019072501006534,PRVU,13,13,100,281.00,"28,100.00"
2019-07-25,2019072501006518,PRVU,41,13,300,281.00,"84,300.00"
2019-07-25,2019072501006615,PRVU,5,33,300,280.00,"84,000.00"
2019-07-25,2019072501006614,PRVU,26,33,"1,000",280.00,"280,000.00"
2019-07-25,2019072501006613,PRVU,5,33,"1,700",280.00,"476,000.00"
2019-07-25,2019072501006612,PRVU,13,33,500,280.00,"140,000.00"
2019-07-25,2019072501006611,PRVU,58,33,300,280.00,"84,000.00"
2019-07-25,2019072501006610,PRVU,36,33,656,280.00,"183,680.00"
2019-07-25,2019072501006657,PRVU,42,33,500,280.00,"140,000.00"
2019-07-25,2019072501006656,PRVU,44,33,"4,623",280.00,"1,294,440.00"
2019-07-25,2019072501006639,PRVU,44,26,60,280.00,"16,800.00"
2019-07-25,2019072501006637,PRVU,44,22,"2,000",280.00,"560,000.00"
2019-07-25,2019072501006633,PRVU,44,8,"2,773",280.00,"776,440.00"
2019-07-25,2019072501006616,PRVU,44,33,544,280.00,"152,320.00"
2019-07-25,2019072501006663,PRVU,51,33,687,280.00,"192,360.00"
2019-07-25,2019072501006662,PRVU,45,33,100,280.00,"28,000.00"
2019-07-25,2019072501006661,PRVU,53,33,500,280.00,"140,000.00"
2019-07-25,2019072501006660,PRVU,6,33,40,280.00,"11,200.00"
2019-07-25,2019072501006659,PRVU,42,33,50,280.00,"14,000.00"
2019-07-25,2019072501006658,PRVU,40,33,500,280.00,"140,000.00"
2019-07-25,2019072501006716,PRVU,42,13,450,281.00,"126,450.00"
2019-07-25,2019072501006673,PRVU,51,34,887,280.00,"248,360.00"
2019-07-25,2019072501006672,PRVU,51,34,113,280.00,"31,640.00"
2019-07-25,2019072501006667,PRVU,51,42,200,280.00,"56,000.00"
2019-07-25,2019072501006911,PRVU,8,13,200,281.00,"56,200.00"
2019-07-25,2019072501006808,PRVU,51,25,287,280.00,"80,360.00"
2019-07-25,2019072501006807,PRVU,51,25,13,280.00,"3,640.00"
2019-07-25,2019072501006805,PRVU,51,39,100,280.00,"28,000.00"
2019-07-25,2019072501006918,RHPC,29,40,"1,000",91.00,"91,000.00"
2019-07-25,2019072501006813,RLFL,40,25,100,120.00,"12,000.00"
2019-07-25,2019072501006775,RMDC,28,58,25,667.00,"16,675.00"
2019-07-25,2019072501006555,RRHP,47,37,10,104.00,"1,040.00"
2019-07-25,2019072501006528,RSDC,29,29,2,340.00,680.00
2019-07-25,2019072501006979,SADBL,14,58,18,156.00,"2,808.00"
2019-07-25,2019072501006574,SANIMA,25,45,30,354.00,"10,620.00"
2019-07-25,2019072501006605,SBI,32,25,"1,829",470.00,"859,630.00"
2019-07-25,2019072501006604,SBI,40,25,150,470.00,"70,500.00"
2019-07-25,2019072501006603,SBI,34,25,500,471.00,"235,500.00"
2019-07-25,2019072501006602,SBI,51,25,200,471.00,"94,200.00"
2019-07-25,2019072501006601,SBI,45,25,100,471.00,"47,100.00"
2019-07-25,2019072501006600,SBI,14,25,500,471.00,"235,500.00"
2019-07-25,2019072501006599,SBI,14,25,140,471.00,"65,940.00"
2019-07-25,2019072501006598,SBI,39,25,50,472.00,"23,600.00"
2019-07-25,2019072501006597,SBI,13,25,31,472.00,"14,632.00"
2019-07-25,2019072501006589,SBI,13,7,69,472.00,"32,568.00"
2019-07-25,2019072501006588,SBI,34,7,31,472.00,"14,632.00"
2019-07-25,2019072501006944,SBL,29,13,600,324.00,"194,400.00"
2019-07-25,2019072501006769,SBL,29,43,250,324.00,"81,000.00"
2019-07-25,2019072501006768,SBL,41,43,100,324.00,"32,400.00"
2019-07-25,2019072501006767,SBL,11,43,50,324.00,"16,200.00"
2019-07-25,2019072501006766,SBL,39,43,100,324.00,"32,400.00"
2019-07-25,2019072501006671,SBL,32,47,100,325.00,"32,500.00"
2019-07-25,2019072501006899,SCB,42,14,10,672.00,"6,720.00"
2019-07-25,2019072501006898,SCB,54,14,40,672.00,"26,880.00"
2019-07-25,2019072501006591,SCB,29,29,26,673.00,"17,498.00"
2019-07-25,2019072501006665,SDESI,38,25,45,602.00,"27,090.00"
2019-07-25,2019072501006832,SHINE,42,57,20,251.00,"5,020.00"
2019-07-25,2019072501006710,SHINE,32,20,45,249.00,"11,205.00"
2019-07-25,2019072501006977,SHIVM,46,38,50,614.00,"30,700.00"
2019-07-25,2019072501006773,SHIVM,51,34,400,613.00,"245,200.00"
2019-07-25,2019072501006772,SHIVM,51,34,100,613.00,"61,300.00"
2019-07-25,2019072501006753,SHIVM,51,43,400,613.00,"245,200.00"
2019-07-25,2019072501006749,SHIVM,8,21,100,614.00,"61,400.00"
2019-07-25,2019072501006632,SHIVM,43,21,100,614.00,"61,400.00"
2019-07-25,2019072501006559,SHIVM,16,26,160,612.00,"97,920.00"
2019-07-25,2019072501006558,SHIVM,52,26,50,613.00,"30,650.00"
2019-07-25,2019072501006544,SHIVM,52,45,50,613.00,"30,650.00"
2019-07-25,2019072501006713,SHPC,47,43,300,249.00,"74,700.00"
2019-07-25,2019072501006712,SHPC,59,43,166,249.00,"41,334.00"
2019-07-25,2019072501006711,SHPC,11,43,60,251.00,"15,060.00"
2019-07-25,2019072501006545,SICL,46,35,40,817.00,"32,680.00"
2019-07-25,2019072501006782,SICL,46,55,332,817.00,"271,244.00"
2019-07-25,2019072501006868,SIL,25,59,10,481.00,"4,810.00"
2019-07-25,2019072501006742,SIL,25,41,10,475.00,"4,750.00"
2019-07-25,2019072501006879,SKBBL,22,6,10,"1,000.00","10,000.00"
2019-07-25,2019072501006651,SKBBL,22,25,41,991.00,"40,631.00"
2019-07-25,2019072501006650,SKBBL,44,25,500,992.00,"496,000.00"
2019-07-25,2019072501006649,SKBBL,44,25,469,992.00,"465,248.00"
2019-07-25,2019072501006877,SLBBL,34,39,10,478.00,"4,780.00"
2019-07-25,2019072501006969,SLBSL,57,45,10,581.00,"5,810.00"
2019-07-25,2019072501006924,SLBSL,14,43,100,586.00,"58,600.00"
2019-07-25,2019072501006923,SLBSL,14,51,10,585.00,"5,850.00"
2019-07-25,2019072501007016,SLICL,44,37,136,464.00,"63,104.00"
2019-07-25,2019072501006914,SLICL,37,37,30,464.00,"13,920.00"
2019-07-25,2019072501006584,SLICL,10,37,17,464.00,"7,888.00"
2019-07-25,2019072501006546,SLICL,10,37,17,464.00,"7,888.00"
2019-07-25,2019072501006967,SMFDB,19,47,10,538.00,"5,380.00"
2019-07-25,2019072501006919,SPARS,17,17,10,458.00,"4,580.00"
2019-07-25,2019072501006620,SPARS,5,38,20,461.00,"9,220.00"
2019-07-25,2019072501006541,SPARS,51,56,10,459.00,"4,590.00"
2019-07-25,2019072501006619,SPDL,11,37,15,91.00,"1,365.00"
2019-07-25,2019072501006532,SRBL,35,26,200,255.00,"51,000.00"
2019-07-25,2019072501006517,SRBL,35,25,500,255.00,"127,500.00"
2019-07-25,2019072501006684,SWBBL,4,56,25,920.00,"23,000.00"
2019-07-25,2019072501006683,SWBBL,4,10,30,918.00,"27,540.00"
2019-07-25,2019072501006682,SWBBL,4,50,95,915.00,"86,925.00"
2019-07-25,2019072501006579,TRH,21,45,450,317.00,"142,650.00"
2019-07-25,2019072501006843,UIC,1,32,112,850.00,"95,200.00"
2019-07-25,2019072501006736,UIC,51,32,50,845.00,"42,250.00"
2019-07-25,2019072501006735,UIC,32,32,20,845.00,"16,900.00"
2019-07-25,2019072501006734,UIC,26,32,100,845.00,"84,500.00"
2019-07-25,2019072501006733,UIC,52,32,60,848.00,"50,880.00"
2019-07-25,2019072501006732,UIC,58,32,10,848.00,"8,480.00"
2019-07-25,2019072501006566,UIC,48,56,15,848.00,"12,720.00"
2019-07-25,2019072501006731,UIC,56,32,100,848.00,"84,800.00"
2019-07-25,2019072501006730,UIC,48,32,15,848.00,"12,720.00"
2019-07-25,2019072501006729,UIC,57,32,100,849.00,"84,900.00"
2019-07-25,2019072501006728,UIC,44,32,133,850.00,"113,050.00"
2019-07-25,2019072501006641,UIC,44,19,50,850.00,"42,500.00"
2019-07-25,2019072501006640,UIC,44,7,17,850.00,"14,450.00"
2019-07-25,2019072501006816,UPCL,59,41,200,87.00,"17,400.00"
2019-07-25,2019072501006530,UPCL,34,33,100,88.00,"8,800.00"
2019-07-25,2019072501006529,UPCL,41,33,"1,165",88.00,"102,520.00"
2019-07-25,2019072501007010,UPPER,51,20,"1,713",275.00,"471,075.00"
2019-07-25,2019072501006966,UPPER,51,20,200,275.00,"55,000.00"
2019-07-25,2019072501006847,UPPER,34,34,420,273.00,"114,660.00"
2019-07-25,2019072501006840,UPPER,54,34,200,273.00,"54,600.00"
2019-07-25,2019072501006606,UPPER,22,21,200,275.00,"55,000.00"
2019-07-25,2019072501006691,UPPER,55,57,500,274.00,"137,000.00"
2019-07-25,2019072501006690,UPPER,14,57,500,274.00,"137,000.00"
2019-07-25,2019072501006689,UPPER,52,57,25,274.00,"6,850.00"
2019-07-25,2019072501006688,UPPER,29,57,"1,000",274.00,"274,000.00"
2019-07-25,2019072501006687,UPPER,48,57,200,274.00,"54,800.00"
2019-07-25,2019072501006648,UPPER,59,21,300,275.00,"82,500.00"
2019-07-25,2019072501006697,UPPER,14,57,500,273.00,"136,500.00"
2019-07-25,2019072501006696,UPPER,39,57,100,273.00,"27,300.00"
2019-07-25,2019072501006695,UPPER,36,57,300,273.00,"81,900.00"
2019-07-25,2019072501006694,UPPER,46,57,500,273.00,"136,500.00"
2019-07-25,2019072501006693,UPPER,11,57,50,274.00,"13,700.00"
2019-07-25,2019072501006692,UPPER,11,57,200,274.00,"54,800.00"
2019-07-25,2019072501006703,UPPER,25,57,200,273.00,"54,600.00"
2019-07-25,2019072501006702,UPPER,47,57,300,273.00,"81,900.00"
2019-07-25,2019072501006701,UPPER,20,57,20,273.00,"5,460.00"
2019-07-25,2019072501006700,UPPER,39,57,200,273.00,"54,600.00"
2019-07-25,2019072501006699,UPPER,39,57,100,273.00,"27,300.00"
2019-07-25,2019072501006698,UPPER,1,57,150,273.00,"40,950.00"
2019-07-25,2019072501006709,UPPER,11,57,"1,355",273.00,"369,915.00"
2019-07-25,2019072501006708,UPPER,35,57,"1,000",273.00,"273,000.00"
2019-07-25,2019072501006707,UPPER,51,57,100,273.00,"27,300.00"
2019-07-25,2019072501006706,UPPER,38,57,500,273.00,"136,500.00"
2019-07-25,2019072501006705,UPPER,39,57,"1,000",273.00,"273,000.00"
2019-07-25,2019072501006704,UPPER,34,57,200,273.00,"54,600.00"
2019-07-25,2019072501006799,UPPER,40,34,500,273.00,"136,500.00"
2019-07-25,2019072501006798,UPPER,59,34,700,273.00,"191,100.00"
2019-07-25,2019072501006797,UPPER,57,34,680,273.00,"185,640.00"
2019-07-25,2019072501006740,UPPER,57,43,320,273.00,"87,360.00"
2019-07-25,2019072501006739,UPPER,11,43,95,273.00,"25,935.00"
2019-07-25,2019072501006720,UPPER,52,20,200,275.00,"55,000.00"
2019-07-25,2019072501006497,ADBL,34,25,92,430.00,"39,560.00"
2019-07-25,2019072501006487,ADBL,21,35,53,429.00,"22,737.00"
2019-07-25,2019072501006468,ADBL,21,40,18,429.00,"7,722.00"
2019-07-25,2019072501006467,ADBL,4,40,482,429.00,"206,778.00"
2019-07-25,2019072501006402,ADBL,4,13,"1,186",429.00,"508,794.00"
2019-07-25,2019072501006396,ADBL,4,26,332,429.00,"142,428.00"
2019-07-25,2019072501006109,ADBL,14,16,468,430.00,"201,240.00"
2019-07-25,2019072501006084,ADBL,35,35,"5,000",430.00,"2,150,000.00"
2019-07-25,2019072501006051,ADBL,14,16,532,430.00,"228,760.00"
2019-07-25,2019072501006021,ADBL,14,25,468,430.00,"201,240.00"
2019-07-25,2019072501006020,ADBL,43,25,32,430.00,"13,760.00"
2019-07-25,2019072501006395,ADBL,4,26,68,429.00,"29,172.00"
2019-07-25,2019072501006334,ADBL,4,49,100,429.00,"42,900.00"
2019-07-25,2019072501006326,ADBL,4,39,137,429.00,"58,773.00"
2019-07-25,2019072501006310,ADBL,4,49,100,429.00,"42,900.00"
2019-07-25,2019072501006232,ADBL,4,4,"1,595",429.00,"684,255.00"
2019-07-25,2019072501006231,ADBL,4,4,"1,405",429.00,"602,745.00"
2019-07-25,2019072501006424,AHPC,55,26,360,106.00,"38,160.00"
2019-07-25,2019072501006439,AKJCL,38,41,90,71.00,"6,390.00"
2019-07-25,2019072501006405,AKJCL,38,21,140,70.00,"9,800.00"
2019-07-25,2019072501006323,ALICL,26,53,230,378.00,"86,940.00"
2019-07-25,2019072501006147,ALICL,26,26,50,378.00,"18,900.00"
2019-07-25,2019072501006403,API,25,54,66,141.00,"9,306.00"
2019-07-25,2019072501006397,API,38,25,10,139.00,"1,390.00"
2019-07-25,2019072501006317,API,34,32,"1,860",138.00,"256,680.00"
2019-07-25,2019072501006316,API,42,32,200,138.00,"27,600.00"
2019-07-25,2019072501006295,API,6,32,200,139.00,"27,800.00"
2019-07-25,2019072501006294,API,6,32,200,139.00,"27,800.00"
2019-07-25,2019072501006293,API,29,32,70,139.00,"9,730.00"
2019-07-25,2019072501006292,API,25,32,270,139.00,"37,530.00"
2019-07-25,2019072501006291,API,42,32,100,139.00,"13,900.00"
2019-07-25,2019072501006290,API,42,32,200,139.00,"27,800.00"
2019-07-25,2019072501006433,BARUN,34,37,10,91.00,910.00
2019-07-25,2019072501006370,BARUN,34,52,10,91.00,910.00
2019-07-25,2019072501006283,BARUN,56,21,90,92.00,"8,280.00"
2019-07-25,2019072501006282,BARUN,20,21,50,92.00,"4,600.00"
2019-07-25,2019072501006281,BARUN,40,21,10,92.00,920.00
2019-07-25,2019072501006353,BFC,38,57,210,100.00,"21,000.00"
2019-07-25,2019072501006131,BFC,21,51,"1,000",101.00,"101,000.00"
2019-07-25,2019072501006358,BOKL,39,34,269,270.00,"72,630.00"
2019-07-25,2019072501006338,BOKL,39,8,31,270.00,"8,370.00"
2019-07-25,2019072501006337,BOKL,41,8,169,270.00,"45,630.00"
2019-07-25,2019072501006307,BOKL,41,25,31,270.00,"8,370.00"
2019-07-25,2019072501006306,BOKL,25,25,100,270.00,"27,000.00"
2019-07-25,2019072501006305,BOKL,16,25,70,270.00,"18,900.00"
2019-07-25,2019072501006082,BOKL,52,56,10,270.00,"2,700.00"
2019-07-25,2019072501006081,BOKL,28,56,74,270.00,"19,980.00"
2019-07-25,2019072501006304,BOKL,16,25,380,270.00,"102,600.00"
2019-07-25,2019072501006303,BOKL,54,25,100,270.00,"27,000.00"
2019-07-25,2019072501006302,BOKL,5,25,300,270.00,"81,000.00"
2019-07-25,2019072501006301,BOKL,58,25,19,270.00,"5,130.00"
2019-07-25,2019072501006254,BOKL,58,57,200,270.00,"54,000.00"
2019-07-25,2019072501006083,BOKL,58,56,81,270.00,"21,870.00"
2019-07-25,2019072501006507,BPCL,59,4,82,405.00,"33,210.00"
2019-07-25,2019072501006506,BPCL,48,4,201,405.00,"81,405.00"
2019-07-25,2019072501006505,BPCL,20,4,17,406.00,"6,902.00"
2019-07-25,2019072501006268,BPCL,20,13,12,406.00,"4,872.00"
2019-07-25,2019072501006174,BPCL,20,45,10,406.00,"4,060.00"
2019-07-25,2019072501006435,CBL,44,32,"1,000",157.00,"157,000.00"
2019-07-25,2019072501006434,CBL,44,55,500,157.00,"78,500.00"
2019-07-25,2019072501006289,CBL,44,58,"2,971",157.00,"466,447.00"
2019-07-25,2019072501006288,CBL,29,58,120,158.00,"18,960.00"
2019-07-25,2019072501006189,CBL,29,32,280,158.00,"44,240.00"
2019-07-25,2019072501006188,CBL,36,32,200,158.00,"31,600.00"
2019-07-25,2019072501006144,CBL,35,37,830,158.00,"131,140.00"
2019-07-25,2019072501006126,CBL,35,37,290,158.00,"45,820.00"
2019-07-25,2019072501006125,CBL,38,37,50,158.00,"7,900.00"
2019-07-25,2019072501006124,CBL,57,37,500,158.00,"79,000.00"
2019-07-25,2019072501006123,CBL,44,37,160,158.00,"25,280.00"
2019-07-25,2019072501006030,CBL,44,34,512,158.00,"80,896.00"
2019-07-25,2019072501006187,CBL,51,32,200,158.00,"31,600.00"
2019-07-25,2019072501006186,CBL,3,32,320,158.00,"50,560.00"
2019-07-25,2019072501006165,CBL,3,37,"1,680",158.00,"265,440.00"
2019-07-25,2019072501006164,CBL,38,37,10,158.00,"1,580.00"
2019-07-25,2019072501006163,CBL,55,37,130,158.00,"20,540.00"
2019-07-25,2019072501006162,CBL,35,37,180,158.00,"28,440.00"
2019-07-25,2019072501006479,CCBL,35,45,194,174.00,"33,756.00"
2019-07-25,2019072501006478,CCBL,40,45,93,174.00,"16,182.00"
2019-07-25,2019072501006477,CCBL,7,45,"1,213",174.00,"211,062.00"
2019-07-25,2019072501006246,CHCL,28,45,"1,042",511.00,"532,462.00"
2019-07-25,2019072501006245,CHCL,45,45,50,511.00,"25,550.00"
2019-07-25,2019072501006244,CHCL,44,45,50,511.00,"25,550.00"
2019-07-25,2019072501006243,CHCL,37,45,50,512.00,"25,600.00"
2019-07-25,2019072501006242,CHCL,43,45,500,512.00,"256,000.00"
2019-07-25,2019072501006241,CHCL,40,45,400,513.00,"205,200.00"
2019-07-25,2019072501006240,CHCL,39,45,102,513.00,"52,326.00"
2019-07-25,2019072501006239,CHCL,43,45,200,513.00,"102,600.00"
2019-07-25,2019072501006349,CZBIL,43,40,500,228.00,"114,000.00"
2019-07-25,2019072501006348,CZBIL,22,40,50,228.00,"11,400.00"
2019-07-25,2019072501006347,CZBIL,56,40,200,228.00,"45,600.00"
2019-07-25,2019072501006346,CZBIL,38,40,200,228.00,"45,600.00"
2019-07-25,2019072501006345,CZBIL,56,40,100,228.00,"22,800.00"
2019-07-25,2019072501006344,CZBIL,54,40,335,228.00,"76,380.00"
2019-07-25,2019072501006168,CZBIL,54,37,100,228.00,"22,800.00"
2019-07-25,2019072501006128,CZBIL,6,44,90,229.00,"20,610.00"
2019-07-25,2019072501006127,CZBIL,6,29,90,229.00,"20,610.00"
2019-07-25,2019072501006504,DBBL,51,56,"1,000",148.00,"148,000.00"
2019-07-25,2019072501006452,DBBL,49,55,"1,000",147.00,"147,000.00"
2019-07-25,2019072501006322,DBBL,49,45,85,147.00,"12,495.00"
2019-07-25,2019072501006181,DDBL,34,45,175,749.00,"131,075.00"
2019-07-25,2019072501006180,DDBL,44,45,100,750.00,"75,000.00"
2019-07-25,2019072501006179,DDBL,43,45,225,750.00,"168,750.00"
2019-07-25,2019072501006108,DDBL,43,34,275,750.00,"206,250.00"
2019-07-25,2019072501006107,DDBL,28,34,325,750.00,"243,750.00"
2019-07-25,2019072501006106,DDBL,34,34,100,751.00,"75,100.00"
2019-07-25,2019072501006105,DDBL,26,34,100,751.00,"75,100.00"
2019-07-25,2019072501006309,DHPL,7,14,10,68.00,680.00
2019-07-25,2019072501006438,EBL,56,13,170,675.00,"114,750.00"
2019-07-25,2019072501006437,EBL,56,51,80,675.00,"54,000.00"
2019-07-25,2019072501006256,FMDBL,35,49,50,389.00,"19,450.00"
2019-07-25,2019072501006112,FMDBL,40,46,14,387.00,"5,418.00"
2019-07-25,2019072501006111,FMDBL,57,46,47,387.00,"18,189.00"
2019-07-25,2019072501006461,FOWAD,25,55,10,"1,406.00","14,060.00"
2019-07-25,2019072501006442,FOWAD,25,25,4,"1,402.00","5,608.00"
2019-07-25,2019072501006335,FOWAD,18,56,20,"1,397.00","27,940.00"
2019-07-25,2019072501006321,FOWAD,44,56,500,"1,397.00","698,500.00"
2019-07-25,2019072501006320,FOWAD,48,56,100,"1,398.00","139,800.00"
2019-07-25,2019072501006319,FOWAD,33,56,35,"1,400.00","49,000.00"
2019-07-25,2019072501006057,FOWAD,44,55,20,"1,407.00","28,140.00"
2019-07-25,2019072501006318,FOWAD,17,56,11,"1,401.00","15,411.00"
2019-07-25,2019072501006312,FOWAD,17,49,20,"1,401.00","28,020.00"
2019-07-25,2019072501006230,FOWAD,6,49,30,"1,402.00","42,060.00"
2019-07-25,2019072501006184,FOWAD,48,25,59,"1,402.00","82,718.00"
2019-07-25,2019072501006122,FOWAD,50,55,31,"1,403.00","43,493.00"
2019-07-25,2019072501006058,FOWAD,50,55,69,"1,403.00","96,807.00"
2019-07-25,2019072501006331,GBLBS,28,46,923,351.00,"323,973.00"
2019-07-25,2019072501006311,GBLBS,42,26,50,352.00,"17,600.00"
2019-07-25,2019072501006133,GDBL,34,58,"1,000",213.00,"213,000.00"
2019-07-25,2019072501006132,GDBL,25,58,500,213.00,"106,500.00"
2019-07-25,2019072501006499,GLBSL,1,26,60,403.00,"24,180.00"
2019-07-25,2019072501006414,GLBSL,11,33,320,400.00,"128,000.00"
2019-07-25,2019072501006413,GLBSL,7,33,80,400.00,"32,000.00"
2019-07-25,2019072501006412,GLBSL,14,33,30,401.00,"12,030.00"
2019-07-25,2019072501006411,GLBSL,33,33,60,402.00,"24,120.00"
2019-07-25,2019072501006178,GLBSL,33,34,30,402.00,"12,060.00"
2019-07-25,2019072501006378,GMFBS,37,39,10,513.00,"5,130.00"
2019-07-25,2019072501006253,GMFBS,37,25,20,513.00,"10,260.00"
2019-07-25,2019072501006252,GMFBS,21,25,100,513.00,"51,300.00"
2019-07-25,2019072501006251,GMFBS,52,25,200,514.00,"102,800.00"
2019-07-25,2019072501006077,GRDBL,36,38,525,113.00,"59,325.00"
2019-07-25,2019072501006076,GRDBL,35,38,25,113.00,"2,825.00"
2019-07-25,2019072501006373,GUFL,43,52,300,122.00,"36,600.00"
2019-07-25,2019072501006515,HBL,6,13,233,557.00,"129,781.00"
2019-07-25,2019072501006514,HBL,6,55,201,557.00,"111,957.00"
2019-07-25,2019072501006374,HBL,6,55,126,557.00,"70,182.00"
2019-07-25,2019072501006233,HBL,6,29,100,557.00,"55,700.00"
2019-07-25,2019072501006342,HDL,38,58,100,"1,585.00","158,500.00"
2019-07-25,2019072501006341,HDL,39,58,10,"1,586.00","15,860.00"
2019-07-25,2019072501006340,HDL,38,58,100,"1,586.00","158,600.00"
2019-07-25,2019072501006333,HDL,45,58,10,"1,587.00","15,870.00"
2019-07-25,2019072501006332,HDL,58,58,170,"1,587.00","269,790.00"
2019-07-25,2019072501006043,HDL,58,39,330,"1,587.00","523,710.00"
2019-07-25,2019072501006036,HDL,45,39,10,"1,594.00","15,940.00"
2019-07-25,2019072501006035,HDL,58,39,30,"1,594.00","47,820.00"
2019-07-25,2019072501006042,HDL,25,39,100,"1,590.00","159,000.00"
2019-07-25,2019072501006041,HDL,54,39,20,"1,590.00","31,800.00"
2019-07-25,2019072501006040,HDL,58,39,500,"1,590.00","795,000.00"
2019-07-25,2019072501006039,HDL,22,39,100,"1,591.00","159,100.00"
2019-07-25,2019072501006038,HDL,32,39,110,"1,591.00","175,010.00"
2019-07-25,2019072501006037,HDL,5,39,100,"1,592.00","159,200.00"
2019-07-25,2019072501006394,HIDCL,6,25,100,160.00,"16,000.00"
2019-07-25,2019072501006393,HIDCL,10,25,70,160.00,"11,200.00"
2019-07-25,2019072501006392,HIDCL,56,25,100,160.00,"16,000.00"
2019-07-25,2019072501006391,HIDCL,14,25,482,160.00,"77,120.00"
2019-07-25,2019072501006423,HURJA,16,51,20,138.00,"2,760.00"
2019-07-25,2019072501006466,ICFC,59,55,201,163.00,"32,763.00"
2019-07-25,2019072501006465,ICFC,41,55,80,163.00,"13,040.00"
2019-07-25,2019072501006426,ILBS,48,58,10,397.00,"3,970.00"
2019-07-25,2019072501006400,ILBS,25,58,10,398.00,"3,980.00"
2019-07-25,2019072501006399,ILBS,25,25,10,398.00,"3,980.00"
2019-07-25,2019072501006398,ILBS,25,52,10,398.00,"3,980.00"
2019-07-25,2019072501006228,ILBS,39,33,10,400.00,"4,000.00"
2019-07-25,2019072501006227,ILBS,39,7,10,400.00,"4,000.00"
2019-07-25,2019072501006032,ILBS,25,21,10,398.00,"3,980.00"
2019-07-25,2019072501006226,ILBS,39,47,10,400.00,"4,000.00"
2019-07-25,2019072501006225,ILBS,39,47,10,400.00,"4,000.00"
2019-07-25,2019072501006224,ILBS,39,35,10,400.00,"4,000.00"
2019-07-25,2019072501006223,ILBS,39,45,10,400.00,"4,000.00"
2019-07-25,2019072501006222,ILBS,39,55,10,400.00,"4,000.00"
2019-07-25,2019072501006221,ILBS,39,36,10,400.00,"4,000.00"
2019-07-25,2019072501006493,JBBL,58,13,100,163.00,"16,300.00"
2019-07-25,2019072501006492,JBBL,58,42,201,163.00,"32,763.00"
2019-07-25,2019072501006485,JBBL,46,55,63,162.00,"10,206.00"
2019-07-25,2019072501006484,JBBL,56,55,146,162.00,"23,652.00"
2019-07-25,2019072501006208,JFL,18,13,100,186.00,"18,600.00"
2019-07-25,2019072501006202,JOSHI,22,14,20,79.00,"1,580.00"
2019-07-25,2019072501006457,KBL,45,46,31,220.00,"6,820.00"
2019-07-25,2019072501006456,KBL,52,46,100,220.00,"22,000.00"
2019-07-25,2019072501006455,KBL,52,46,869,220.00,"191,180.00"
2019-07-25,2019072501006377,KBL,52,47,63,220.00,"13,860.00"
2019-07-25,2019072501006363,KBL,52,5,68,220.00,"14,960.00"
2019-07-25,2019072501006362,KBL,42,5,20,220.00,"4,400.00"
2019-07-25,2019072501006135,KBL,55,34,384,220.00,"84,480.00"
2019-07-25,2019072501006046,KBL,55,49,200,220.00,"44,000.00"
2019-07-25,2019072501006361,KBL,14,5,100,220.00,"22,000.00"
2019-07-25,2019072501006360,KBL,41,5,250,220.00,"55,000.00"
2019-07-25,2019072501006359,KBL,39,5,62,220.00,"13,640.00"
2019-07-25,2019072501006199,KBL,39,8,138,220.00,"30,360.00"
2019-07-25,2019072501006198,KBL,16,8,"1,000",220.00,"220,000.00"
2019-07-25,2019072501006197,KBL,55,8,262,220.00,"57,640.00"
2019-07-25,2019072501006238,KRBL,45,52,422,114.00,"48,108.00"
2019-07-25,2019072501006502,KSBBL,22,55,60,157.00,"9,420.00"
2019-07-25,2019072501006501,KSBBL,21,55,340,157.00,"53,380.00"
2019-07-25,2019072501006445,KSBBL,49,42,300,158.00,"47,400.00"
2019-07-25,2019072501006422,LBBL,13,34,"1,000",206.00,"206,000.00"
2019-07-25,2019072501006327,LBBL,49,46,20,207.00,"4,140.00"
2019-07-25,2019072501006183,LBBL,13,57,151,206.00,"31,106.00"
2019-07-25,2019072501006151,LBBL,1,57,100,206.00,"20,600.00"
2019-07-25,2019072501006150,LBBL,57,57,100,206.00,"20,600.00"
2019-07-25,2019072501006149,LBBL,32,57,149,206.00,"30,694.00"
2019-07-25,2019072501006047,LBBL,32,33,440,206.00,"90,640.00"
2019-07-25,2019072501006425,LBL,16,55,400,224.00,"89,600.00"
2019-07-25,2019072501006130,LBL,39,46,300,225.00,"67,500.00"
2019-07-25,2019072501006336,LGIL,22,38,10,433.00,"4,330.00"
2019-07-25,2019072501006387,LICN,45,16,50,"1,165.00","58,250.00"
2019-07-25,2019072501006354,MBL,4,25,99,272.00,"26,928.00"
2019-07-25,2019072501006297,MBL,4,34,"1,476",272.00,"401,472.00"
2019-07-25,2019072501006260,MBL,4,6,423,272.00,"115,056.00"
2019-07-25,2019072501006259,MBL,50,6,30,272.00,"8,160.00"
2019-07-25,2019072501006258,MBL,4,6,547,272.00,"148,784.00"
2019-07-25,2019072501006451,MEGA,58,32,395,212.00,"83,740.00"
2019-07-25,2019072501006436,MEGA,58,32,741,212.00,"157,092.00"
2019-07-25,2019072501006419,MEGA,8,58,100,213.00,"21,300.00"
2019-07-25,2019072501006366,MEGA,58,49,950,212.00,"201,400.00"
2019-07-25,2019072501006287,MEGA,17,58,249,213.00,"53,037.00"
2019-07-25,2019072501006166,MEGA,39,58,200,213.00,"42,600.00"
2019-07-25,2019072501006139,MEGA,58,37,57,212.00,"12,084.00"
2019-07-25,2019072501006138,MEGA,45,37,400,212.00,"84,800.00"
2019-07-25,2019072501006137,MEGA,1,37,500,212.00,"106,000.00"
2019-07-25,2019072501006136,MEGA,51,37,43,212.00,"9,116.00"
2019-07-25,2019072501006486,MERO,32,26,64,519.00,"33,216.00"
2019-07-25,2019072501006480,MERO,32,40,136,518.00,"70,448.00"
2019-07-25,2019072501006420,MERO,53,34,32,517.00,"16,544.00"
2019-07-25,2019072501006192,MERO,53,22,59,517.00,"30,503.00"
2019-07-25,2019072501006155,MERO,37,22,100,517.00,"51,700.00"
2019-07-25,2019072501006401,MLBBL,14,55,15,423.00,"6,345.00"
2019-07-25,2019072501006262,MLBBL,14,39,20,423.00,"8,460.00"
2019-07-25,2019072501006169,MNBBL,6,39,10,379.00,"3,790.00"
2019-07-25,2019072501006376,MSMBS,48,55,53,468.00,"24,804.00"
2019-07-25,2019072501006511,NABIL,5,8,50,806.00,"40,300.00"
2019-07-25,2019072501006449,NABIL,5,20,355,806.00,"286,130.00"
2019-07-25,2019072501006431,NABIL,6,39,24,805.00,"19,320.00"
2019-07-25,2019072501006177,NADEP,41,44,20,435.00,"8,700.00"
2019-07-25,2019072501006516,NBB,57,58,250,225.00,"56,250.00"
2019-07-25,2019072501006264,NBB,38,58,100,225.00,"22,500.00"
2019-07-25,2019072501006207,NBB,55,58,900,225.00,"202,500.00"
2019-07-25,2019072501006022,NBB,57,58,100,225.00,"22,500.00"
2019-07-25,2019072501006512,NBL,36,43,500,343.00,"171,500.00"
2019-07-25,2019072501006509,NBL,28,5,"1,237",344.00,"425,528.00"
2019-07-25,2019072501006508,NBL,28,43,"1,963",344.00,"675,272.00"
2019-07-25,2019072501006278,NBL,38,43,500,344.00,"172,000.00"
2019-07-25,2019072501006277,NBL,5,43,37,344.00,"12,728.00"
2019-07-25,2019072501006273,NBL,5,45,563,344.00,"193,672.00"
2019-07-25,2019072501006049,NBL,28,57,"1,400",344.00,"481,600.00"
2019-07-25,2019072501006048,NBL,39,57,950,344.00,"326,800.00"
2019-07-25,2019072501006201,NBL,44,58,"5,168",344.00,"1,777,792.00"
2019-07-25,2019072501006200,NBL,44,34,"4,000",344.00,"1,376,000.00"
2019-07-25,2019072501006120,NBL,44,36,"1,000",344.00,"344,000.00"
2019-07-25,2019072501006080,NBL,44,47,300,344.00,"103,200.00"
2019-07-25,2019072501006052,NBL,44,10,500,344.00,"172,000.00"
2019-07-25,2019072501006050,NBL,44,57,650,344.00,"223,600.00"
2019-07-25,2019072501006272,NBL,44,45,200,344.00,"68,800.00"
2019-07-25,2019072501006271,NBL,25,45,500,344.00,"172,000.00"
2019-07-25,2019072501006270,NBL,40,45,500,344.00,"172,000.00"
2019-07-25,2019072501006269,NBL,44,45,"3,237",344.00,"1,113,528.00"
2019-07-25,2019072501006211,NBL,44,58,"4,145",344.00,"1,425,880.00"
2019-07-25,2019072501006205,NBL,44,50,"1,000",344.00,"344,000.00"
2019-07-25,2019072501006496,NCCB,49,28,25,250.00,"6,250.00"
2019-07-25,2019072501006453,NCCB,49,28,25,250.00,"6,250.00"
2019-07-25,2019072501006368,NCCB,44,45,500,249.00,"124,500.00"
2019-07-25,2019072501006204,NCCB,38,53,500,250.00,"125,000.00"
2019-07-25,2019072501006203,NCCB,38,58,145,250.00,"36,250.00"
2019-07-25,2019072501006074,NCCB,56,58,500,250.00,"125,000.00"
2019-07-25,2019072501006061,NCCB,34,58,500,250.00,"125,000.00"
2019-07-25,2019072501006060,NCCB,50,58,200,250.00,"50,000.00"
2019-07-25,2019072501006059,NCCB,44,58,"1,638",250.00,"409,500.00"
2019-07-25,2019072501006067,NCCB,37,58,200,250.00,"50,000.00"
2019-07-25,2019072501006066,NCCB,59,58,200,250.00,"50,000.00"
2019-07-25,2019072501006065,NCCB,45,58,400,250.00,"100,000.00"
2019-07-25,2019072501006064,NCCB,22,58,50,250.00,"12,500.00"
2019-07-25,2019072501006063,NCCB,50,58,200,250.00,"50,000.00"
2019-07-25,2019072501006062,NCCB,45,58,500,250.00,"125,000.00"
2019-07-25,2019072501006073,NCCB,34,58,200,250.00,"50,000.00"
2019-07-25,2019072501006072,NCCB,21,58,300,250.00,"75,000.00"
2019-07-25,2019072501006071,NCCB,42,58,20,250.00,"5,000.00"
2019-07-25,2019072501006070,NCCB,54,58,500,250.00,"125,000.00"
2019-07-25,2019072501006069,NCCB,6,58,70,250.00,"17,500.00"
2019-07-25,2019072501006068,NCCB,37,58,200,250.00,"50,000.00"
2019-07-25,2019072501006261,NEF,20,7,966,8.22,"7,940.52"
2019-07-25,2019072501006191,NEF,20,6,"2,483",8.21,"20,385.43"
2019-07-25,2019072501006444,NIB,48,40,100,520.00,"52,000.00"
2019-07-25,2019072501006443,NIB,43,40,70,520.00,"36,400.00"
2019-07-25,2019072501006386,NIB,43,11,430,520.00,"223,600.00"
2019-07-25,2019072501006385,NIB,53,11,50,520.00,"26,000.00"
2019-07-25,2019072501006384,NIB,43,11,20,520.00,"10,400.00"
2019-07-25,2019072501006018,NIB,29,13,100,521.00,"52,100.00"
2019-07-25,2019072501006029,NIBPO,53,35,168,477.00,"80,136.00"
2019-07-25,2019072501006161,NIBSF1,45,43,"5,000",9.40,"47,000.00"
2019-07-25,2019072501006160,NIBSF1,13,43,"2,000",9.42,"18,840.00"
2019-07-25,2019072501006500,NICA,52,10,100,467.00,"46,700.00"
2019-07-25,2019072501006482,NICA,29,29,2,465.00,930.00
2019-07-25,2019072501006450,NICA,46,5,100,468.00,"46,800.00"
2019-07-25,2019072501006217,NICA,28,43,200,468.00,"93,600.00"
2019-07-25,2019072501006216,NICA,51,43,464,468.00,"217,152.00"
2019-07-25,2019072501006215,NICA,38,43,32,468.00,"14,976.00"
2019-07-25,2019072501006142,NICA,29,29,2,465.00,930.00
2019-07-25,2019072501006031,NICA,51,20,36,468.00,"16,848.00"
2019-07-25,2019072501006430,NIL,1,6,54,486.00,"26,244.00"
2019-07-25,2019072501006429,NIL,28,6,50,486.00,"24,300.00"
2019-07-25,2019072501006428,NIL,5,6,50,486.00,"24,300.00"
2019-07-25,2019072501006427,NIL,1,6,46,486.00,"22,356.00"
2019-07-25,2019072501006343,NLBBL,6,33,300,525.00,"157,500.00"
2019-07-25,2019072501006339,NLBBL,55,47,30,529.00,"15,870.00"
2019-07-25,2019072501006440,NLG,35,33,100,714.00,"71,400.00"
2019-07-25,2019072501006409,NLG,35,33,100,700.00,"70,000.00"
2019-07-25,2019072501006408,NLG,41,33,20,700.00,"14,000.00"
2019-07-25,2019072501006495,NLIC,5,43,10,888.00,"8,880.00"
2019-07-25,2019072501006382,NLIC,20,39,300,887.00,"266,100.00"
2019-07-25,2019072501006194,NLIC,25,36,165,886.00,"146,190.00"
2019-07-25,2019072501006157,NLIC,32,36,300,886.00,"265,800.00"
2019-07-25,2019072501006156,NLIC,34,36,35,887.00,"31,045.00"
2019-07-25,2019072501006141,NLIC,55,42,50,890.00,"44,500.00"
2019-07-25,2019072501006140,NLIC,51,17,15,889.00,"13,335.00"
2019-07-25,2019072501006017,NLICL,55,46,25,592.00,"14,800.00"
2019-07-25,2019072501006229,NLO,50,26,29,210.00,"6,090.00"
2019-07-25,2019072501006056,NLO,35,26,17,206.00,"3,502.00"
2019-07-25,2019072501006460,NMBMF,49,17,14,"1,070.00","14,980.00"
2019-07-25,2019072501006459,NMBMF,44,17,15,"1,070.00","16,050.00"
2019-07-25,2019072501006458,NMBMF,46,17,80,"1,070.00","85,600.00"
2019-07-25,2019072501006300,NMBMF,46,44,20,"1,070.00","21,400.00"
2019-07-25,2019072501006299,NMBMF,52,44,10,"1,070.00","10,700.00"
2019-07-25,2019072501006298,NMBMF,29,44,10,"1,075.00","10,750.00"
2019-07-25,2019072501006494,NMFBS,29,29,5,"1,470.00","7,350.00"
2019-07-25,2019072501006097,NMFBS,33,33,240,"1,470.00","352,800.00"
2019-07-25,2019072501006096,NMFBS,58,33,10,"1,470.00","14,700.00"
2019-07-25,2019072501006095,NMFBS,35,33,50,"1,470.00","73,500.00"
2019-07-25,2019072501006094,NMFBS,52,33,10,"1,488.00","14,880.00"
2019-07-25,2019072501006093,NMFBS,33,33,100,"1,488.00","148,800.00"
2019-07-25,2019072501006086,NMFBS,48,33,50,"1,492.00","74,600.00"
2019-07-25,2019072501006092,NMFBS,34,33,50,"1,488.00","74,400.00"
2019-07-25,2019072501006091,NMFBS,21,33,11,"1,488.00","16,368.00"
2019-07-25,2019072501006090,NMFBS,52,33,200,"1,490.00","298,000.00"
2019-07-25,2019072501006089,NMFBS,16,33,200,"1,490.00","298,000.00"
2019-07-25,2019072501006088,NMFBS,22,33,10,"1,491.00","14,910.00"
2019-07-25,2019072501006087,NMFBS,51,33,20,"1,491.00","29,820.00"
2019-07-25,2019072501006476,NTC,6,34,30,695.00,"20,850.00"
2019-07-25,2019072501006475,NTC,6,34,70,695.00,"48,650.00"
2019-07-25,2019072501006352,NTC,45,34,20,697.00,"13,940.00"
2019-07-25,2019072501006351,NTC,6,34,20,697.00,"13,940.00"
2019-07-25,2019072501006103,NTC,6,39,600,695.00,"417,000.00"
2019-07-25,2019072501006464,NUBL,4,53,500,892.00,"446,000.00"
2019-07-25,2019072501006463,NUBL,4,53,420,893.00,"375,060.00"
2019-07-25,2019072501006462,NUBL,4,53,265,894.00,"236,910.00"
2019-07-25,2019072501006418,NUBL,4,41,35,894.00,"31,290.00"
2019-07-25,2019072501006357,NUBL,4,22,200,894.00,"178,800.00"
2019-07-25,2019072501006220,NUBL,4,34,80,894.00,"71,520.00"
2019-07-25,2019072501006247,OHL,52,58,50,612.00,"30,600.00"
2019-07-25,2019072501006285,OHL,41,57,200,610.00,"122,000.00"
2019-07-25,2019072501006284,OHL,13,57,47,610.00,"28,670.00"
2019-07-25,2019072501006250,OHL,13,58,453,610.00,"276,330.00"
2019-07-25,2019072501006249,OHL,16,58,100,611.00,"61,100.00"
2019-07-25,2019072501006248,OHL,39,58,20,611.00,"12,220.00"
2019-07-25,2019072501006369,OHL,52,57,33,610.00,"20,130.00"
2019-07-25,2019072501006286,OHL,36,57,220,610.00,"134,200.00"
2019-07-25,2019072501006121,PCBL,57,56,735,287.00,"210,945.00"
2019-07-25,2019072501006280,PIC,57,53,271,485.00,"131,435.00"
2019-07-25,2019072501006075,PIC,57,21,10,485.00,"4,850.00"
2019-07-25,2019072501006023,PICL,49,10,100,542.00,"54,200.00"
2019-07-25,2019072501006196,PLIC,11,41,74,430.00,"31,820.00"
2019-07-25,2019072501006195,PLIC,52,41,31,430.00,"13,330.00"
2019-07-25,2019072501006167,PLIC,57,35,200,431.00,"86,200.00"
2019-07-25,2019072501006102,PLIC,52,35,19,430.00,"8,170.00"
2019-07-25,2019072501006101,PLIC,43,35,232,430.00,"99,760.00"
2019-07-25,2019072501006171,PMHPL,56,17,10,104.00,"1,040.00"
2019-07-25,2019072501006159,PMHPL,56,17,10,104.00,"1,040.00"
2019-07-25,2019072501006153,PMHPL,56,17,10,104.00,"1,040.00"
2019-07-25,2019072501006513,PRVU,29,29,5,280.00,"1,400.00"
2019-07-25,2019072501006503,PRVU,36,48,100,280.00,"28,000.00"
2019-07-25,2019072501006483,PRVU,36,26,200,280.00,"56,000.00"
2019-07-25,2019072501006473,PRVU,36,44,44,280.00,"12,320.00"
2019-07-25,2019072501006472,PRVU,59,44,456,280.00,"127,680.00"
2019-07-25,2019072501006381,PRVU,59,45,44,280.00,"12,320.00"
2019-07-25,2019072501006055,PRVU,57,50,290,281.00,"81,490.00"
2019-07-25,2019072501006054,PRVU,48,50,200,281.00,"56,200.00"
2019-07-25,2019072501006053,PRVU,48,50,10,281.00,"2,810.00"
2019-07-25,2019072501006146,PRVU,6,56,100,281.00,"28,100.00"
2019-07-25,2019072501006145,PRVU,57,56,610,281.00,"171,410.00"
2019-07-25,2019072501006119,PRVU,29,29,5,280.00,"1,400.00"
2019-07-25,2019072501006110,PRVU,57,25,100,281.00,"28,100.00"
2019-07-25,2019072501006212,PRVU,42,13,100,281.00,"28,100.00"
2019-07-25,2019072501006210,PRVU,28,13,"1,700",281.00,"477,700.00"
2019-07-25,2019072501006209,PRVU,28,13,410,281.00,"115,210.00"
2019-07-25,2019072501006176,PRVU,28,6,"1,000",281.00,"281,000.00"
2019-07-25,2019072501006175,PRVU,28,56,290,281.00,"81,490.00"
2019-07-25,2019072501006274,PRVU,39,13,50,281.00,"14,050.00"
2019-07-25,2019072501006380,PRVU,39,45,350,280.00,"98,000.00"
2019-07-25,2019072501006379,PRVU,57,45,106,280.00,"29,680.00"
2019-07-25,2019072501006371,PRVU,42,13,200,281.00,"56,200.00"
2019-07-25,2019072501006324,PRVU,57,21,44,280.00,"12,320.00"
2019-07-25,2019072501006488,RHPC,43,37,19,90.00,"1,710.00"
2019-07-25,2019072501006325,RLFL,40,52,500,120.00,"60,000.00"
2019-07-25,2019072501006263,RLFL,40,52,180,120.00,"21,600.00"
2019-07-25,2019072501006237,RMDC,37,58,100,667.00,"66,700.00"
2019-07-25,2019072501006236,RMDC,6,58,375,667.00,"250,125.00"
2019-07-25,2019072501006213,RMDC,6,45,"1,000",667.00,"667,000.00"
2019-07-25,2019072501006148,RMDC,6,52,270,667.00,"180,090.00"
2019-07-25,2019072501006079,RMDC,6,46,355,667.00,"236,785.00"
2019-07-25,2019072501006078,RMDC,21,46,394,668.00,"263,192.00"
2019-07-25,2019072501006129,RSDC,29,29,2,340.00,680.00
2019-07-25,2019072501006028,RSDC,49,50,28,344.00,"9,632.00"
2019-07-25,2019072501006448,SADBL,14,13,238,156.00,"37,128.00"
2019-07-25,2019072501006447,SADBL,35,13,539,156.00,"84,084.00"
2019-07-25,2019072501006446,SADBL,44,13,23,157.00,"3,611.00"
2019-07-25,2019072501006441,SBI,34,34,100,472.00,"47,200.00"
2019-07-25,2019072501006033,SBI,34,39,12,472.00,"5,664.00"
2019-07-25,2019072501006407,SBL,39,7,150,324.00,"48,600.00"
2019-07-25,2019072501006406,SBL,32,7,250,324.00,"81,000.00"
2019-07-25,2019072501006404,SBL,59,14,500,324.00,"162,000.00"
2019-07-25,2019072501006045,SBL,36,47,181,325.00,"58,825.00"
2019-07-25,2019072501006044,SBL,36,56,119,325.00,"38,675.00"
2019-07-25,2019072501006388,SCB,35,14,50,675.00,"33,750.00"
2019-07-25,2019072501006330,SCB,54,42,10,672.00,"6,720.00"
2019-07-25,2019072501006329,SCB,41,42,20,672.00,"13,440.00"
2019-07-25,2019072501006328,SCB,39,42,50,672.00,"33,600.00"
2019-07-25,2019072501006308,SCB,36,42,20,673.00,"13,460.00"
2019-07-25,2019072501006206,SCB,36,34,80,673.00,"53,840.00"
2019-07-25,2019072501006193,SCB,29,29,41,674.00,"27,634.00"
2019-07-25,2019072501006019,SCB,36,14,100,673.00,"67,300.00"
2019-07-25,2019072501006372,SDESI,29,45,11,591.00,"6,501.00"
2019-07-25,2019072501006350,SDESI,19,59,10,601.00,"6,010.00"
2019-07-25,2019072501006219,SDESI,19,29,11,590.00,"6,490.00"
2019-07-25,2019072501006491,SEF,42,6,"2,000",10.20,"20,400.00"
2019-07-25,2019072501006375,SHIVM,22,10,100,614.00,"61,400.00"
2019-07-25,2019072501006267,SHIVM,46,57,20,614.00,"12,280.00"
2019-07-25,2019072501006266,SHIVM,55,57,50,614.00,"30,700.00"
2019-07-25,2019072501006265,SHIVM,54,57,50,614.00,"30,700.00"
2019-07-25,2019072501006170,SHIVM,54,38,50,614.00,"30,700.00"
2019-07-25,2019072501006104,SHIVM,19,45,170,614.00,"104,380.00"
2019-07-25,2019072501006027,SHIVM,51,38,155,611.00,"94,705.00"
2019-07-25,2019072501006026,SHIVM,57,38,50,612.00,"30,600.00"
2019-07-25,2019072501006025,SHIVM,50,38,10,612.00,"6,120.00"
2019-07-25,2019072501006024,SHIVM,35,38,70,612.00,"42,840.00"
2019-07-25,2019072501006364,SICL,46,6,100,817.00,"81,700.00"
2019-07-25,2019072501006118,SIL,43,26,250,469.00,"117,250.00"
2019-07-25,2019072501006117,SIL,33,26,200,471.00,"94,200.00"
2019-07-25,2019072501006116,SIL,52,26,100,471.00,"47,100.00"
2019-07-25,2019072501006115,SIL,41,26,50,471.00,"23,550.00"
2019-07-25,2019072501006114,SIL,13,26,100,472.00,"47,200.00"
2019-07-25,2019072501006113,SIL,6,26,300,472.00,"141,600.00"
2019-07-25,2019072501006417,SKBBL,1,6,100,995.00,"99,500.00"
2019-07-25,2019072501006416,SKBBL,49,6,100,995.00,"99,500.00"
2019-07-25,2019072501006415,SKBBL,44,6,391,995.00,"389,045.00"
2019-07-25,2019072501006356,SKBBL,44,14,109,995.00,"108,455.00"
2019-07-25,2019072501006355,SKBBL,44,14,41,995.00,"40,795.00"
2019-07-25,2019072501006481,SLBBL,41,43,24,471.00,"11,304.00"
2019-07-25,2019072501006190,SLBBL,22,39,10,478.00,"4,780.00"
2019-07-25,2019072501006474,SLICL,10,55,17,466.00,"7,922.00"
2019-07-25,2019072501006315,SLICL,51,22,43,462.00,"19,866.00"
2019-07-25,2019072501006314,SLICL,6,22,207,462.00,"95,634.00"
2019-07-25,2019072501006313,SLICL,37,22,50,463.00,"23,150.00"
2019-07-25,2019072501006234,SMATA,29,17,19,"1,161.00","22,059.00"
2019-07-25,2019072501006432,SMFBS,19,25,50,516.00,"25,800.00"
2019-07-25,2019072501006185,SMFBS,19,18,10,516.00,"5,160.00"
2019-07-25,2019072501006410,SPDL,11,52,196,91.00,"17,836.00"
2019-07-25,2019072501006235,SPDL,11,14,15,91.00,"1,365.00"
2019-07-25,2019072501006214,SPDL,11,14,15,91.00,"1,365.00"
2019-07-25,2019072501006182,SPDL,11,14,15,91.00,"1,365.00"
2019-07-25,2019072501006173,SPDL,11,14,15,91.00,"1,365.00"
2019-07-25,2019072501006158,SPDL,11,14,15,91.00,"1,365.00"
2019-07-25,2019072501006152,SPDL,11,14,15,91.00,"1,365.00"
2019-07-25,2019072501006134,SPDL,11,14,15,91.00,"1,365.00"
2019-07-25,2019072501006257,SRBL,35,52,200,255.00,"51,000.00"
2019-07-25,2019072501006367,SRS,25,26,10,227.00,"2,270.00"
2019-07-25,2019072501006510,SWBBL,34,50,200,910.00,"182,000.00"
2019-07-25,2019072501006276,SWBBL,44,11,24,905.00,"21,720.00"
2019-07-25,2019072501006275,SWBBL,44,11,25,905.00,"22,625.00"
2019-07-25,2019072501006172,SWBBL,8,50,50,915.00,"45,750.00"
2019-07-25,2019072501006034,SWBBL,4,50,500,907.00,"453,500.00"
2019-07-25,2019072501006498,UIC,11,7,13,850.00,"11,050.00"
2019-07-25,2019072501006490,UIC,7,7,70,850.00,"59,500.00"
2019-07-25,2019072501006489,UIC,7,28,30,850.00,"25,500.00"
2019-07-25,2019072501006383,UIC,6,32,100,850.00,"85,000.00"
2019-07-25,2019072501006365,UIC,49,28,10,850.00,"8,500.00"
2019-07-25,2019072501006154,UIC,42,28,20,850.00,"17,000.00"
2019-07-25,2019072501006085,UIC,42,28,30,850.00,"25,500.00"
2019-07-25,2019072501006296,UNHPL,7,42,10,85.00,850.00
2019-07-25,2019072501006471,UPPER,11,48,100,275.00,"27,500.00"
2019-07-25,2019072501006470,UPPER,11,52,100,275.00,"27,500.00"
2019-07-25,2019072501006469,UPPER,11,58,350,275.00,"96,250.00"
2019-07-25,2019072501006454,UPPER,45,58,160,275.00,"44,000.00"
2019-07-25,2019072501006421,UPPER,19,58,490,275.00,"134,750.00"
2019-07-25,2019072501006143,UPPER,19,14,50,274.00,"13,700.00"
2019-07-25,2019072501006100,UPPER,19,56,10,274.00,"2,740.00"
2019-07-25,2019072501006099,UPPER,38,56,100,274.00,"27,400.00"
2019-07-25,2019072501006098,UPPER,29,56,90,274.00,"24,660.00"
2019-07-25,2019072501006390,UPPER,13,19,100,275.00,"27,500.00"
2019-07-25,2019072501006389,UPPER,7,19,100,275.00,"27,500.00"
2019-07-25,2019072501006279,UPPER,19,34,450,274.00,"123,300.00"
2019-07-25,2019072501006255,UPPER,38,19,33,275.00,"9,075.00"
2019-07-25,2019072501006218,UPPER,35,19,50,275.00,"13,750.00"
2019-07-25,2019072501005968,ADBL,43,22,668,430.00,"287,240.00"
2019-07-25,2019072501005967,ADBL,57,22,332,430.00,"142,760.00"
2019-07-25,2019072501005909,ADBL,57,5,168,430.00,"72,240.00"
2019-07-25,2019072501005908,ADBL,58,5,100,430.00,"43,000.00"
2019-07-25,2019072501005907,ADBL,6,5,"1,732",430.00,"744,760.00"
2019-07-25,2019072501005856,ADBL,6,34,92,430.00,"39,560.00"
2019-07-25,2019072501005525,ADBL,34,55,500,430.00,"215,000.00"
2019-07-25,2019072501005743,ADBL,6,34,"1,000",430.00,"430,000.00"
2019-07-25,2019072501005742,ADBL,6,17,20,430.00,"8,600.00"
2019-07-25,2019072501005661,ADBL,40,42,50,431.00,"21,550.00"
2019-07-25,2019072501005593,ADBL,6,3,156,430.00,"67,080.00"
2019-07-25,2019072501005592,ADBL,34,3,591,430.00,"254,130.00"
2019-07-25,2019072501005572,ADBL,34,32,200,430.00,"86,000.00"
2019-07-25,2019072501005551,AHPC,3,26,10,106.00,"1,060.00"
2019-07-25,2019072501005813,AKJCL,58,58,20,69.00,"1,380.00"
2019-07-25,2019072501005945,ALBSL,10,32,10,402.00,"4,020.00"
2019-07-25,2019072501005690,ALBSL,10,58,10,402.00,"4,020.00"
2019-07-25,2019072501005965,ALICL,26,10,120,378.00,"45,360.00"
2019-07-25,2019072501005895,API,22,54,20,141.00,"2,820.00"
2019-07-25,2019072501005757,API,17,41,200,139.00,"27,800.00"
2019-07-25,2019072501005756,API,34,41,350,139.00,"48,650.00"
2019-07-25,2019072501005755,API,41,41,500,139.00,"69,500.00"
2019-07-25,2019072501005754,API,22,41,"1,000",139.00,"139,000.00"
2019-07-25,2019072501005753,API,54,41,153,139.00,"21,267.00"
2019-07-25,2019072501005752,API,13,41,200,140.00,"28,000.00"
2019-07-25,2019072501005543,API,25,54,14,141.00,"1,974.00"
2019-07-25,2019072501005998,BOKL,28,49,200,270.00,"54,000.00"
2019-07-25,2019072501005996,BOKL,28,10,544,270.00,"146,880.00"
2019-07-25,2019072501005971,BOKL,17,56,85,271.00,"23,035.00"
2019-07-25,2019072501005970,BOKL,17,29,165,271.00,"44,715.00"
2019-07-25,2019072501005712,BPCL,20,14,461,406.00,"187,166.00"
2019-07-25,2019072501005711,BPCL,26,14,50,406.00,"20,300.00"
2019-07-25,2019072501005662,BPCL,58,38,40,407.00,"16,280.00"
2019-07-25,2019072501005533,BPCL,14,14,11,407.00,"4,477.00"
2019-07-25,2019072501005878,CBL,44,32,500,158.00,"79,000.00"
2019-07-25,2019072501005845,CBL,44,6,"1,000",158.00,"158,000.00"
2019-07-25,2019072501005839,CBL,44,42,"1,000",158.00,"158,000.00"
2019-07-25,2019072501005816,CBL,44,40,535,158.00,"84,530.00"
2019-07-25,2019072501005722,CBL,44,37,"1,000",158.00,"158,000.00"
2019-07-25,2019072501005675,CBL,44,25,293,158.00,"46,294.00"
2019-07-25,2019072501005573,CBL,45,6,85,158.00,"13,430.00"
2019-07-25,2019072501005674,CBL,10,25,207,158.00,"32,706.00"
2019-07-25,2019072501005666,CBL,10,22,997,158.00,"157,526.00"
2019-07-25,2019072501005626,CBL,10,48,681,158.00,"107,598.00"
2019-07-25,2019072501005618,CBL,45,33,50,159.00,"7,950.00"
2019-07-25,2019072501005575,CBL,10,6,115,158.00,"18,170.00"
2019-07-25,2019072501005574,CBL,45,6,300,158.00,"47,400.00"
2019-07-25,2019072501005993,CCBL,7,13,387,174.00,"67,338.00"
2019-07-25,2019072501005992,CCBL,42,13,100,174.00,"17,400.00"
2019-07-25,2019072501005991,CCBL,35,13,13,174.00,"2,262.00"
2019-07-25,2019072501005990,CCBL,6,3,400,175.00,"70,000.00"
2019-07-25,2019072501005830,CCBL,35,42,987,174.00,"171,738.00"
2019-07-25,2019072501005829,CCBL,37,42,"1,000",174.00,"174,000.00"
2019-07-25,2019072501005828,CCBL,1,42,13,174.00,"2,262.00"
2019-07-25,2019072501005827,CCBL,1,58,10,174.00,"1,740.00"
2019-07-25,2019072501005750,CCBL,1,56,277,174.00,"48,198.00"
2019-07-25,2019072501005749,CCBL,25,56,108,174.00,"18,792.00"
2019-07-25,2019072501005553,CCBL,32,6,"3,500",175.00,"612,500.00"
2019-07-25,2019072501005552,CCBL,32,6,"1,000",175.00,"175,000.00"
2019-07-25,2019072501005838,CEFL,21,42,47,101.00,"4,747.00"
2019-07-25,2019072501005837,CEFL,58,42,20,101.00,"2,020.00"
2019-07-25,2019072501005836,CEFL,4,42,200,102.00,"20,400.00"
2019-07-25,2019072501005937,CLBSL,54,42,51,500.00,"25,500.00"
2019-07-25,2019072501005894,CLBSL,54,17,39,500.00,"19,500.00"
2019-07-25,2019072501005893,CLBSL,57,17,61,500.00,"30,500.00"
2019-07-25,2019072501005544,CLBSL,17,54,100,505.00,"50,500.00"
2019-07-25,2019072501005904,CZBIL,54,51,65,228.00,"14,820.00"
2019-07-25,2019072501005903,CZBIL,34,51,322,228.00,"73,416.00"
2019-07-25,2019072501005882,DBBL,57,55,100,148.00,"14,800.00"
2019-07-25,2019072501005881,DBBL,21,55,500,148.00,"74,000.00"
2019-07-25,2019072501005880,DBBL,51,55,783,148.00,"115,884.00"
2019-07-25,2019072501005736,DBBL,45,33,100,149.00,"14,900.00"
2019-07-25,2019072501005735,DBBL,51,51,217,148.00,"32,116.00"
2019-07-25,2019072501005734,DBBL,14,51,100,148.00,"14,800.00"
2019-07-25,2019072501005733,DBBL,57,51,"1,683",148.00,"249,084.00"
2019-07-25,2019072501005782,DDBL,28,17,30,750.00,"22,500.00"
2019-07-25,2019072501005833,EBL,46,14,100,673.00,"67,300.00"
2019-07-25,2019072501005860,FMDBL,57,33,53,387.00,"20,511.00"
2019-07-25,2019072501005859,FMDBL,57,33,110,387.00,"42,570.00"
2019-07-25,2019072501005864,FOWAD,20,56,11,"1,407.00","15,477.00"
2019-07-25,2019072501005912,GBBL,22,39,10,227.00,"2,270.00"
2019-07-25,2019072501005587,GBBL,8,48,278,226.00,"62,828.00"
2019-07-25,2019072501005561,GBBL,8,13,100,226.00,"22,600.00"
2019-07-25,2019072501005526,GBBL,8,26,600,226.00,"135,600.00"
2019-07-25,2019072501005767,GBLBS,42,33,50,352.00,"17,600.00"
2019-07-25,2019072501005563,GBLBS,14,14,10,352.00,"3,520.00"
2019-07-25,2019072501005631,GDBL,32,58,100,214.00,"21,400.00"
2019-07-25,2019072501005630,GDBL,34,58,200,214.00,"42,800.00"
2019-07-25,2019072501005628,GDBL,45,19,100,215.00,"21,500.00"
2019-07-25,2019072501005632,GDBL,32,58,500,214.00,"107,000.00"
2019-07-25,2019072501005848,GLBSL,33,55,10,402.00,"4,020.00"
2019-07-25,2019072501005727,GLBSL,34,26,100,404.00,"40,400.00"
2019-07-25,2019072501005548,GLBSL,41,44,10,405.00,"4,050.00"
2019-07-25,2019072501005751,GMFBS,22,57,10,514.00,"5,140.00"
2019-07-25,2019072501005536,GMFBS,5,44,200,515.00,"103,000.00"
2019-07-25,2019072501005535,GMFBS,48,44,50,516.00,"25,800.00"
2019-07-25,2019072501005949,GRDBL,35,34,75,113.00,"8,475.00"
2019-07-25,2019072501005948,GRDBL,32,34,85,113.00,"9,605.00"
2019-07-25,2019072501005947,GRDBL,35,34,200,113.00,"22,600.00"
2019-07-25,2019072501005946,GRDBL,1,34,60,114.00,"6,840.00"
2019-07-25,2019072501005667,HBL,6,13,115,557.00,"64,055.00"
2019-07-25,2019072501005640,HBL,6,29,159,557.00,"88,563.00"
2019-07-25,2019072501005532,HBL,6,55,673,557.00,"374,861.00"
2019-07-25,2019072501005678,HDL,58,58,130,"1,594.00","207,220.00"
2019-07-25,2019072501005645,HDL,58,45,340,"1,594.00","541,960.00"
2019-07-25,2019072501005644,HDL,46,45,10,"1,595.00","15,950.00"
2019-07-25,2019072501006001,HGI,45,46,150,350.00,"52,500.00"
2019-07-25,2019072501006000,HGI,42,46,50,350.00,"17,500.00"
2019-07-25,2019072501005919,HGI,42,41,146,350.00,"51,100.00"
2019-07-25,2019072501005918,HGI,26,41,200,351.00,"70,200.00"
2019-07-25,2019072501005681,HIDCL,14,52,18,160.00,"2,880.00"
2019-07-25,2019072501005973,HPPL,14,17,70,172.00,"12,040.00"
2019-07-25,2019072501005801,HPPL,42,17,50,172.00,"8,600.00"
2019-07-25,2019072501005800,HPPL,39,17,50,172.00,"8,600.00"
2019-07-25,2019072501005799,HPPL,14,17,30,172.00,"5,160.00"
2019-07-25,2019072501005686,HPPL,14,42,10,172.00,"1,720.00"
2019-07-25,2019072501005579,HPPL,14,14,20,174.00,"3,480.00"
2019-07-25,2019072501005886,HURJA,22,32,20,140.00,"2,800.00"
2019-07-25,2019072501005925,ILBS,22,42,10,399.00,"3,990.00"
2019-07-25,2019072501005844,ILBS,21,58,10,398.00,"3,980.00"
2019-07-25,2019072501005682,ILBS,21,42,10,398.00,"3,980.00"
2019-07-25,2019072501005562,ILBS,48,44,10,397.00,"3,970.00"
2019-07-25,2019072501005797,JBBL,14,42,590,163.00,"96,170.00"
2019-07-25,2019072501005796,JBBL,32,42,213,163.00,"34,719.00"
2019-07-25,2019072501005601,JBBL,32,55,219,163.00,"35,697.00"
2019-07-25,2019072501005705,JOSHI,22,47,10,79.00,790.00
2019-07-25,2019072501005889,KBL,55,10,"1,154",220.00,"253,880.00"
2019-07-25,2019072501005888,KBL,32,10,19,220.00,"4,180.00"
2019-07-25,2019072501005862,KBL,32,42,500,220.00,"110,000.00"
2019-07-25,2019072501005537,KBL,32,6,150,220.00,"33,000.00"
2019-07-25,2019072501005540,KPCL,53,44,10,91.00,910.00
2019-07-25,2019072501005588,KPCL,53,58,10,91.00,910.00
2019-07-25,2019072501005642,KPCL,40,40,10,92.00,920.00
2019-07-25,2019072501005703,KPCL,53,58,10,91.00,910.00
2019-07-25,2019072501005944,KSBBL,21,21,660,157.00,"103,620.00"
2019-07-25,2019072501005943,KSBBL,57,21,200,157.00,"31,400.00"
2019-07-25,2019072501005942,KSBBL,57,21,"1,000",157.00,"157,000.00"
2019-07-25,2019072501005941,KSBBL,53,21,120,157.00,"18,840.00"
2019-07-25,2019072501005916,KSBBL,59,42,50,158.00,"7,900.00"
2019-07-25,2019072501005915,KSBBL,21,42,934,158.00,"147,572.00"
2019-07-25,2019072501005659,KSBBL,21,58,66,158.00,"10,428.00"
2019-07-25,2019072501005658,KSBBL,44,58,334,158.00,"52,772.00"
2019-07-25,2019072501005657,KSBBL,59,58,"1,000",158.00,"158,000.00"
2019-07-25,2019072501005656,KSBBL,51,58,100,158.00,"15,800.00"
2019-07-25,2019072501005655,KSBBL,32,58,500,159.00,"79,500.00"
2019-07-25,2019072501006014,LBBL,32,39,411,206.00,"84,666.00"
2019-07-25,2019072501006013,LBBL,55,39,100,206.00,"20,600.00"
2019-07-25,2019072501006012,LBBL,51,39,500,206.00,"103,000.00"
2019-07-25,2019072501006011,LBBL,25,39,100,206.00,"20,600.00"
2019-07-25,2019072501006010,LBBL,51,39,500,206.00,"103,000.00"
2019-07-25,2019072501006009,LBBL,39,39,100,206.00,"20,600.00"
2019-07-25,2019072501005660,LBBL,45,4,100,206.00,"20,600.00"
2019-07-25,2019072501005646,LBBL,45,46,100,207.00,"20,700.00"
2019-07-25,2019072501005791,LBBL,53,5,51,206.00,"10,506.00"
2019-07-25,2019072501005790,LBBL,25,5,500,206.00,"103,000.00"
2019-07-25,2019072501005789,LBBL,45,5,21,206.00,"4,326.00"
2019-07-25,2019072501006002,LBBL,53,39,449,206.00,"92,494.00"
2019-07-25,2019072501005802,LBBL,22,46,10,207.00,"2,070.00"
2019-07-25,2019072501006008,LBBL,22,39,"2,000",206.00,"412,000.00"
2019-07-25,2019072501006007,LBBL,53,39,100,206.00,"20,600.00"
2019-07-25,2019072501006006,LBBL,53,39,100,206.00,"20,600.00"
2019-07-25,2019072501006005,LBBL,53,39,100,206.00,"20,600.00"
2019-07-25,2019072501006004,LBBL,13,39,300,206.00,"61,800.00"
2019-07-25,2019072501006003,LBBL,35,39,500,206.00,"103,000.00"
2019-07-25,2019072501005866,LBL,16,42,"1,000",224.00,"224,000.00"
2019-07-25,2019072501005865,LBL,16,14,29,224.00,"6,496.00"
2019-07-25,2019072501005787,LBL,22,44,10,226.00,"2,260.00"
2019-07-25,2019072501005731,LBL,55,3,89,225.00,"20,025.00"
2019-07-25,2019072501005730,LBL,55,48,600,225.00,"135,000.00"
2019-07-25,2019072501005716,LBL,16,56,500,224.00,"112,000.00"
2019-07-25,2019072501005647,LBL,16,39,150,224.00,"33,600.00"
2019-07-25,2019072501005988,LGIL,22,41,320,433.00,"138,560.00"
2019-07-25,2019072501005987,LGIL,41,41,30,434.00,"13,020.00"
2019-07-25,2019072501005577,LLBS,53,45,70,702.00,"49,140.00"
2019-07-25,2019072501005989,MBL,4,38,274,272.00,"74,528.00"
2019-07-25,2019072501005775,MBL,22,34,10,273.00,"2,730.00"
2019-07-25,2019072501005698,MBL,4,57,179,272.00,"48,688.00"
2019-07-25,2019072501005697,MBL,48,57,500,272.00,"136,000.00"
2019-07-25,2019072501005696,MBL,3,57,30,272.00,"8,160.00"
2019-07-25,2019072501005695,MBL,46,57,100,272.00,"27,200.00"
2019-07-25,2019072501005694,MBL,16,57,500,272.00,"136,000.00"
2019-07-25,2019072501005693,MBL,58,57,100,272.00,"27,200.00"
2019-07-25,2019072501005692,MBL,43,57,459,272.00,"124,848.00"
2019-07-25,2019072501005691,MBL,38,57,32,272.00,"8,704.00"
2019-07-25,2019072501005597,MBL,4,34,514,273.00,"140,322.00"
2019-07-25,2019072501005940,MEGA,51,17,57,212.00,"12,084.00"
2019-07-25,2019072501005939,MEGA,42,17,"1,000",212.00,"212,000.00"
2019-07-25,2019072501005938,MEGA,14,17,466,212.00,"98,792.00"
2019-07-25,2019072501005932,MEGA,58,58,"7,000",213.00,"1,491,000.00"
2019-07-25,2019072501005913,MEGA,17,58,500,213.00,"106,500.00"
2019-07-25,2019072501005863,MEGA,56,58,10,213.00,"2,130.00"
2019-07-25,2019072501005582,MEGA,35,32,14,214.00,"2,996.00"
2019-07-25,2019072501005564,MEGA,57,32,200,214.00,"42,800.00"
2019-07-25,2019072501005521,MEGA,17,25,50,214.00,"10,700.00"
2019-07-25,2019072501005719,MEGA,58,58,"3,765",213.00,"801,945.00"
2019-07-25,2019072501005702,MEGA,58,58,"1,235",213.00,"263,055.00"
2019-07-25,2019072501005701,MEGA,19,58,"1,000",213.00,"213,000.00"
2019-07-25,2019072501005700,MEGA,41,58,100,213.00,"21,300.00"
2019-07-25,2019072501005699,MEGA,49,58,165,213.00,"35,145.00"
2019-07-25,2019072501005616,MEGA,49,59,"1,250",213.00,"266,250.00"
2019-07-25,2019072501005851,MEGA,14,42,34,212.00,"7,208.00"
2019-07-25,2019072501005850,MEGA,34,42,500,212.00,"106,000.00"
2019-07-25,2019072501005849,MEGA,26,42,466,212.00,"98,792.00"
2019-07-25,2019072501005770,MEGA,22,58,10,213.00,"2,130.00"
2019-07-25,2019072501005721,MEGA,42,58,100,213.00,"21,300.00"
2019-07-25,2019072501005720,MEGA,10,58,"1,000",213.00,"213,000.00"
2019-07-25,2019072501005625,MLBL,59,55,110,201.00,"22,110.00"
2019-07-25,2019072501005624,MLBL,59,55,90,201.00,"18,090.00"
2019-07-25,2019072501005613,MLBL,59,45,410,201.00,"82,410.00"
2019-07-25,2019072501005612,MLBL,47,45,500,201.00,"100,500.00"
2019-07-25,2019072501005611,MLBL,26,45,90,201.00,"18,090.00"
2019-07-25,2019072501005600,MLBL,26,5,400,201.00,"80,400.00"
2019-07-25,2019072501005707,MNBBL,48,39,100,379.00,"37,900.00"
2019-07-25,2019072501005706,MNBBL,58,39,64,379.00,"24,256.00"
2019-07-25,2019072501005765,MNBBL,32,25,270,378.00,"102,060.00"
2019-07-25,2019072501005764,MNBBL,42,25,200,378.00,"75,600.00"
2019-07-25,2019072501005763,MNBBL,11,25,320,378.00,"120,960.00"
2019-07-25,2019072501005910,MNBBL,6,39,100,379.00,"37,900.00"
2019-07-25,2019072501005876,MNBBL,32,57,185,378.00,"69,930.00"
2019-07-25,2019072501005793,MNBBL,32,57,"1,070",378.00,"404,460.00"
2019-07-25,2019072501005792,MNBBL,32,57,230,378.00,"86,940.00"
2019-07-25,2019072501005931,NABIL,4,20,500,805.00,"402,500.00"
2019-07-25,2019072501005930,NABIL,45,20,50,805.00,"40,250.00"
2019-07-25,2019072501005929,NABIL,4,20,70,805.00,"56,350.00"
2019-07-25,2019072501005928,NABIL,3,20,25,806.00,"20,150.00"
2019-07-25,2019072501005576,NABIL,4,53,430,805.00,"346,150.00"
2019-07-25,2019072501005905,NAGRO,22,17,10,527.00,"5,270.00"
2019-07-25,2019072501005586,NAGRO,29,58,10,526.00,"5,260.00"
2019-07-25,2019072501005812,NBB,22,38,10,226.00,"2,260.00"
2019-07-25,2019072501005689,NBB,11,55,"1,025",225.00,"230,625.00"
2019-07-25,2019072501005688,NBB,11,47,50,225.00,"11,250.00"
2019-07-25,2019072501005603,NBB,11,47,250,225.00,"56,250.00"
2019-07-25,2019072501005999,NBL,39,50,"1,000",344.00,"344,000.00"
2019-07-25,2019072501005995,NBL,6,53,80,345.00,"27,600.00"
2019-07-25,2019072501005966,NBL,39,6,500,344.00,"172,000.00"
2019-07-25,2019072501005935,NBL,39,5,"1,000",344.00,"344,000.00"
2019-07-25,2019072501005883,NBL,39,29,"1,000",344.00,"344,000.00"
2019-07-25,2019072501005832,NBL,14,53,50,345.00,"17,250.00"
2019-07-25,2019072501005815,NBL,22,53,10,345.00,"3,450.00"
2019-07-25,2019072501005785,NBL,6,53,345,345.00,"119,025.00"
2019-07-25,2019072501005784,NBL,6,28,155,345.00,"53,475.00"
2019-07-25,2019072501005677,NBL,6,28,845,345.00,"291,525.00"
2019-07-25,2019072501005676,NBL,6,37,655,345.00,"225,975.00"
2019-07-25,2019072501005520,NBL,57,37,100,345.00,"34,500.00"
2019-07-25,2019072501005891,NCCB,44,38,300,250.00,"75,000.00"
2019-07-25,2019072501005887,NCCB,44,42,"1,000",250.00,"250,000.00"
2019-07-25,2019072501005811,NCCB,44,42,"1,000",250.00,"250,000.00"
2019-07-25,2019072501005668,NCCB,44,49,240,250.00,"60,000.00"
2019-07-25,2019072501005620,NCCB,44,43,250,250.00,"62,500.00"
2019-07-25,2019072501005606,NCCB,44,5,572,250.00,"143,000.00"
2019-07-25,2019072501005605,NCCB,8,5,500,250.00,"125,000.00"
2019-07-25,2019072501005604,NCCB,36,5,250,250.00,"62,500.00"
2019-07-25,2019072501005783,NEF,36,6,"1,000",8.21,"8,210.00"
2019-07-25,2019072501005911,NIB,43,14,10,520.00,"5,200.00"
2019-07-25,2019072501005843,NIB,43,20,24,520.00,"12,480.00"
2019-07-25,2019072501005809,NIB,14,20,20,521.00,"10,420.00"
2019-07-25,2019072501005781,NIB,14,5,80,521.00,"41,680.00"
2019-07-25,2019072501005780,NIB,19,5,10,521.00,"5,210.00"
2019-07-25,2019072501005779,NIB,19,5,10,521.00,"5,210.00"
2019-07-25,2019072501005546,NIB,43,5,49,520.00,"25,480.00"
2019-07-25,2019072501005545,NIB,59,5,11,521.00,"5,731.00"
2019-07-25,2019072501005569,NIBLPF,14,37,505,7.32,"3,696.60"
2019-07-25,2019072501005568,NIBLPF,14,37,505,7.32,"3,696.60"
2019-07-25,2019072501005567,NIBLPF,14,37,505,7.32,"3,696.60"
2019-07-25,2019072501005566,NIBLPF,14,37,505,7.32,"3,696.60"
2019-07-25,2019072501005565,NIBLPF,14,37,505,7.32,"3,696.60"
2019-07-25,2019072501005571,NIBLPF,14,37,505,7.32,"3,696.60"
2019-07-25,2019072501005570,NIBLPF,14,37,505,7.32,"3,696.60"
2019-07-25,2019072501005519,NIBPO,6,4,980,475.00,"465,500.00"
2019-07-25,2019072501005518,NIBPO,22,4,20,475.00,"9,500.00"
2019-07-25,2019072501005517,NIBPO,17,4,500,475.00,"237,500.00"
2019-07-25,2019072501005972,NICA,38,13,168,468.00,"78,624.00"
2019-07-25,2019072501005762,NICA,58,13,100,468.00,"46,800.00"
2019-07-25,2019072501005761,NICA,13,13,50,468.00,"23,400.00"
2019-07-25,2019072501005760,NICA,53,13,182,468.00,"85,176.00"
2019-07-25,2019072501005718,NICA,53,48,68,468.00,"31,824.00"
2019-07-25,2019072501005717,NICA,34,48,232,468.00,"108,576.00"
2019-07-25,2019072501005685,NICA,34,13,768,468.00,"359,424.00"
2019-07-25,2019072501005684,NICA,22,13,20,468.00,"9,360.00"
2019-07-25,2019072501005683,NICA,44,13,202,468.00,"94,536.00"
2019-07-25,2019072501005933,NIL,1,14,58,486.00,"28,188.00"
2019-07-25,2019072501005842,NIL,37,55,300,488.00,"146,400.00"
2019-07-25,2019072501005841,NIL,37,5,248,487.00,"120,776.00"
2019-07-25,2019072501005840,NIL,37,46,15,487.00,"7,305.00"
2019-07-25,2019072501005795,NIL,1,33,196,486.00,"95,256.00"
2019-07-25,2019072501005794,NIL,51,33,50,486.00,"24,300.00"
2019-07-25,2019072501005774,NIL,37,46,75,487.00,"36,525.00"
2019-07-25,2019072501005924,NLBBL,6,28,82,529.00,"43,378.00"
2019-07-25,2019072501005923,NLBBL,6,22,100,528.00,"52,800.00"
2019-07-25,2019072501005922,NLBBL,6,45,74,527.00,"38,998.00"
2019-07-25,2019072501005885,NLG,53,33,100,700.00,"70,000.00"
2019-07-25,2019072501005884,NLG,26,33,100,700.00,"70,000.00"
2019-07-25,2019072501005665,NLG,33,33,100,700.00,"70,000.00"
2019-07-25,2019072501005664,NLG,45,33,20,700.00,"14,000.00"
2019-07-25,2019072501005986,NLIC,34,4,965,887.00,"855,955.00"
2019-07-25,2019072501005985,NLIC,38,4,50,887.00,"44,350.00"
2019-07-25,2019072501005984,NLIC,19,4,100,887.00,"88,700.00"
2019-07-25,2019072501005983,NLIC,29,4,70,887.00,"62,090.00"
2019-07-25,2019072501005982,NLIC,42,4,200,888.00,"177,600.00"
2019-07-25,2019072501005981,NLIC,51,4,100,888.00,"88,800.00"
2019-07-25,2019072501005590,NLIC,25,4,10,889.00,"8,890.00"
2019-07-25,2019072501005589,NLIC,34,4,315,889.00,"280,035.00"
2019-07-25,2019072501005892,NLIC,43,17,25,889.00,"22,225.00"
2019-07-25,2019072501005855,NLIC,44,42,33,890.00,"29,370.00"
2019-07-25,2019072501005854,NLIC,44,14,17,890.00,"15,130.00"
2019-07-25,2019072501005834,NLIC,22,42,10,890.00,"8,900.00"
2019-07-25,2019072501005594,NLIC,14,57,17,890.00,"15,130.00"
2019-07-25,2019072501005591,NLIC,43,4,475,889.00,"422,275.00"
2019-07-25,2019072501005980,NLIC,39,4,50,888.00,"44,400.00"
2019-07-25,2019072501005979,NLIC,44,4,50,888.00,"44,400.00"
2019-07-25,2019072501005978,NLIC,6,4,100,888.00,"88,800.00"
2019-07-25,2019072501005977,NLIC,28,4,30,888.00,"26,640.00"
2019-07-25,2019072501005976,NLIC,25,4,100,888.00,"88,800.00"
2019-07-25,2019072501005975,NLIC,56,4,85,888.00,"75,480.00"
2019-07-25,2019072501006016,NLICL,52,46,175,592.00,"103,600.00"
2019-07-25,2019072501005921,NLICL,52,34,25,592.00,"14,800.00"
2019-07-25,2019072501005920,NLICL,16,34,60,592.00,"35,520.00"
2019-07-25,2019072501005581,NMBMF,42,29,10,"1,078.00","10,780.00"
2019-07-25,2019072501005847,NMBSF1,4,7,"10,000",10.87,"108,700.00"
2019-07-25,2019072501005846,NMBSF1,21,7,"10,000",10.90,"109,000.00"
2019-07-25,2019072501005596,NMFBS,33,33,145,"1,500.00","217,500.00"
2019-07-25,2019072501005585,NMFBS,33,45,155,"1,500.00","232,500.00"
2019-07-25,2019072501005584,NMFBS,58,45,20,"1,502.00","30,040.00"
2019-07-25,2019072501005786,NNLB,55,41,40,407.00,"16,280.00"
2019-07-25,2019072501005936,NTC,26,39,100,696.00,"69,600.00"
2019-07-25,2019072501005806,NTC,6,19,190,698.00,"132,620.00"
2019-07-25,2019072501005805,NTC,6,41,100,698.00,"69,800.00"
2019-07-25,2019072501005804,NTC,6,22,300,698.00,"209,400.00"
2019-07-25,2019072501005803,NTC,6,38,100,697.00,"69,700.00"
2019-07-25,2019072501005523,OHL,52,5,100,612.00,"61,200.00"
2019-07-25,2019072501005531,PCBL,57,5,334,286.00,"95,524.00"
2019-07-25,2019072501005530,PCBL,5,5,44,287.00,"12,628.00"
2019-07-25,2019072501005524,PIC,57,50,16,485.00,"7,760.00"
2019-07-25,2019072501005748,PLIC,43,57,268,430.00,"115,240.00"
2019-07-25,2019072501005747,PLIC,17,57,120,430.00,"51,600.00"
2019-07-25,2019072501005746,PLIC,1,57,110,430.00,"47,300.00"
2019-07-25,2019072501005726,PLIC,58,35,50,431.00,"21,550.00"
2019-07-25,2019072501005704,PRIN,36,5,500,368.00,"184,000.00"
2019-07-25,2019072501005651,PROFL,44,42,381,108.00,"41,148.00"
2019-07-25,2019072501005858,PRVU,48,56,19,281.00,"5,339.00"
2019-07-25,2019072501005857,PRVU,22,56,10,281.00,"2,810.00"
2019-07-25,2019072501005831,PRVU,48,16,420,281.00,"118,020.00"
2019-07-25,2019072501005788,PRVU,48,22,380,281.00,"106,780.00"
2019-07-25,2019072501005758,PRVU,51,22,120,281.00,"33,720.00"
2019-07-25,2019072501005744,PRVU,51,26,150,281.00,"42,150.00"
2019-07-25,2019072501005549,PRVU,32,29,47,280.00,"13,160.00"
2019-07-25,2019072501005550,PRVU,39,29,100,280.00,"28,000.00"
2019-07-25,2019072501005619,PRVU,51,33,500,281.00,"140,500.00"
2019-07-25,2019072501005595,PRVU,51,33,200,281.00,"56,200.00"
2019-07-25,2019072501005583,PRVU,6,33,100,281.00,"28,100.00"
2019-07-25,2019072501005578,PRVU,51,33,"1,000",281.00,"281,000.00"
2019-07-25,2019072501005623,PRVU,17,38,319,281.00,"89,639.00"
2019-07-25,2019072501005622,PRVU,17,26,264,281.00,"74,184.00"
2019-07-25,2019072501005621,PRVU,17,33,417,281.00,"117,177.00"
2019-07-25,2019072501005732,PRVU,51,46,30,281.00,"8,430.00"
2019-07-25,2019072501005713,PRVU,51,39,200,281.00,"56,200.00"
2019-07-25,2019072501005679,PRVU,51,6,"1,000",281.00,"281,000.00"
2019-07-25,2019072501005671,PRVU,51,46,500,281.00,"140,500.00"
2019-07-25,2019072501005641,PRVU,51,38,681,281.00,"191,361.00"
2019-07-25,2019072501005529,RADHI,29,44,11,146.00,"1,606.00"
2019-07-25,2019072501005853,RBCL,48,59,10,"9,360.00","93,600.00"
2019-07-25,2019072501005861,RHPC,43,42,154,90.00,"13,860.00"
2019-07-25,2019072501005808,RMDC,21,14,106,668.00,"70,808.00"
2019-07-25,2019072501005807,RMDC,28,14,202,668.00,"134,936.00"
2019-07-25,2019072501005610,RRHP,47,58,10,104.00,"1,040.00"
2019-07-25,2019072501005875,SANIMA,34,57,100,354.00,"35,400.00"
2019-07-25,2019072501005874,SANIMA,33,57,"2,000",354.00,"708,000.00"
2019-07-25,2019072501005873,SANIMA,35,57,500,354.00,"177,000.00"
2019-07-25,2019072501005872,SANIMA,44,57,500,354.00,"177,000.00"
2019-07-25,2019072501005871,SANIMA,10,57,340,354.00,"120,360.00"
2019-07-25,2019072501005870,SANIMA,32,57,100,354.00,"35,400.00"
2019-07-25,2019072501005869,SANIMA,53,57,400,354.00,"141,600.00"
2019-07-25,2019072501005868,SANIMA,6,57,472,354.00,"167,088.00"
2019-07-25,2019072501005852,SANIMA,53,19,30,355.00,"10,650.00"
2019-07-25,2019072501006015,SBI,34,44,182,472.00,"85,904.00"
2019-07-25,2019072501005917,SBI,34,17,50,472.00,"23,600.00"
2019-07-25,2019072501005728,SBI,26,39,88,473.00,"41,624.00"
2019-07-25,2019072501005974,SBL,32,14,50,324.00,"16,200.00"
2019-07-25,2019072501005969,SBL,32,25,50,324.00,"16,200.00"
2019-07-25,2019072501005835,SBL,46,56,100,325.00,"32,500.00"
2019-07-25,2019072501005745,SBL,32,39,96,324.00,"31,104.00"
2019-07-25,2019072501005741,SBL,32,42,54,324.00,"17,496.00"
2019-07-25,2019072501005740,SBL,52,42,136,324.00,"44,064.00"
2019-07-25,2019072501005539,SBL,52,5,114,324.00,"36,936.00"
2019-07-25,2019072501005538,SBL,22,5,386,324.00,"125,064.00"
2019-07-25,2019072501005522,SBL,22,6,"1,452",324.00,"470,448.00"
2019-07-25,2019072501005810,SCB,32,17,50,672.00,"33,600.00"
2019-07-25,2019072501005798,SCB,32,42,310,672.00,"208,320.00"
2019-07-25,2019072501005710,SCB,45,42,50,673.00,"33,650.00"
2019-07-25,2019072501005709,SCB,22,42,40,673.00,"26,920.00"
2019-07-25,2019072501005673,SCB,22,28,20,673.00,"13,460.00"
2019-07-25,2019072501005654,SCB,5,5,200,675.00,"135,000.00"
2019-07-25,2019072501005650,SCB,22,34,40,673.00,"26,920.00"
2019-07-25,2019072501005649,SCB,54,34,60,673.00,"40,380.00"
2019-07-25,2019072501005617,SCB,14,14,20,674.00,"13,480.00"
2019-07-25,2019072501005723,SHINE,42,28,23,250.00,"5,750.00"
2019-07-25,2019072501005653,SHINE,6,28,100,250.00,"25,000.00"
2019-07-25,2019072501005652,SHINE,56,28,187,250.00,"46,750.00"
2019-07-25,2019072501005636,SHINE,45,57,100,251.00,"25,100.00"
2019-07-25,2019072501005934,SHIVM,28,45,100,614.00,"61,400.00"
2019-07-25,2019072501005902,SHIVM,35,42,30,612.00,"18,360.00"
2019-07-25,2019072501005901,SHIVM,49,42,200,612.00,"122,400.00"
2019-07-25,2019072501005900,SHIVM,50,42,100,612.00,"61,200.00"
2019-07-25,2019072501005899,SHIVM,25,42,100,612.00,"61,200.00"
2019-07-25,2019072501005615,SHIVM,6,41,100,614.00,"61,400.00"
2019-07-25,2019072501005614,SHIVM,45,41,20,615.00,"12,300.00"
2019-07-25,2019072501005898,SHIVM,29,42,250,612.00,"153,000.00"
2019-07-25,2019072501005897,SHIVM,21,42,10,612.00,"6,120.00"
2019-07-25,2019072501005896,SHIVM,38,42,50,613.00,"30,650.00"
2019-07-25,2019072501005766,SHIVM,35,45,150,614.00,"92,100.00"
2019-07-25,2019072501005729,SHIVM,45,45,50,614.00,"30,700.00"
2019-07-25,2019072501005914,SHL,58,42,100,235.00,"23,500.00"
2019-07-25,2019072501005554,SIC,45,41,10,612.00,"6,120.00"
2019-07-25,2019072501005994,SICL,46,14,28,817.00,"22,876.00"
2019-07-25,2019072501005769,SICL,14,14,20,817.00,"16,340.00"
2019-07-25,2019072501005768,SICL,40,14,149,819.00,"122,031.00"
2019-07-25,2019072501005759,SICL,40,17,20,819.00,"16,380.00"
2019-07-25,2019072501005669,SICL,40,45,31,819.00,"25,389.00"
2019-07-25,2019072501005555,SICL,46,17,306,820.00,"250,920.00"
2019-07-25,2019072501005542,SICL,46,45,65,820.00,"53,300.00"
2019-07-25,2019072501005556,SICL,43,17,100,820.00,"82,000.00"
2019-07-25,2019072501005638,SKBBL,44,55,638,995.00,"634,810.00"
2019-07-25,2019072501005637,SKBBL,4,55,41,995.00,"40,795.00"
2019-07-25,2019072501005534,SKBBL,4,38,15,995.00,"14,925.00"
2019-07-25,2019072501005560,SLBBL,44,34,344,471.00,"162,024.00"
2019-07-25,2019072501005559,SLBBL,44,34,100,471.00,"47,100.00"
2019-07-25,2019072501005558,SLBBL,46,34,500,472.00,"236,000.00"
2019-07-25,2019072501005557,SLBBL,17,34,45,472.00,"21,240.00"
2019-07-25,2019072501005867,SLBSL,22,32,10,585.00,"5,850.00"
2019-07-25,2019072501005672,SLBSL,57,45,100,584.00,"58,400.00"
2019-07-25,2019072501005772,SLICL,6,57,264,462.00,"121,968.00"
2019-07-25,2019072501005771,SLICL,51,57,21,463.00,"9,723.00"
2019-07-25,2019072501005724,SLICL,51,28,29,463.00,"13,427.00"
2019-07-25,2019072501005708,SLICL,51,49,50,463.00,"23,150.00"
2019-07-25,2019072501005629,SLICL,38,55,200,464.00,"92,800.00"
2019-07-25,2019072501005598,SLICL,4,55,170,465.00,"79,050.00"
2019-07-25,2019072501005997,SMFBS,19,47,10,516.00,"5,160.00"
2019-07-25,2019072501005877,SMFBS,19,25,70,516.00,"36,120.00"
2019-07-25,2019072501005609,SMFDB,50,33,230,530.00,"121,900.00"
2019-07-25,2019072501005608,SMFDB,14,33,50,531.00,"26,550.00"
2019-07-25,2019072501005607,SMFDB,32,33,20,531.00,"10,620.00"
2019-07-25,2019072501005890,SPARS,22,38,10,461.00,"4,610.00"
2019-07-25,2019072501005663,SPDL,14,52,15,92.00,"1,380.00"
2019-07-25,2019072501005906,SRBL,35,29,97,255.00,"24,735.00"
2019-07-25,2019072501005814,SRBL,35,34,520,255.00,"132,600.00"
2019-07-25,2019072501005648,SRBL,35,7,201,255.00,"51,255.00"
2019-07-25,2019072501005739,SWBBL,4,50,405,915.00,"370,575.00"
2019-07-25,2019072501005738,SWBBL,4,21,70,914.00,"63,980.00"
2019-07-25,2019072501005737,SWBBL,4,20,25,910.00,"22,750.00"
2019-07-25,2019072501005826,UIC,43,32,25,850.00,"21,250.00"
2019-07-25,2019072501005825,UIC,42,32,50,850.00,"42,500.00"
2019-07-25,2019072501005824,UIC,25,32,50,850.00,"42,500.00"
2019-07-25,2019072501005823,UIC,34,32,50,850.00,"42,500.00"
2019-07-25,2019072501005822,UIC,37,32,100,850.00,"85,000.00"
2019-07-25,2019072501005821,UIC,17,32,60,851.00,"51,060.00"
2019-07-25,2019072501005820,UIC,34,32,50,851.00,"42,550.00"
2019-07-25,2019072501005819,UIC,59,32,10,851.00,"8,510.00"
2019-07-25,2019072501005818,UIC,52,32,20,852.00,"17,040.00"
2019-07-25,2019072501005817,UIC,57,32,120,852.00,"102,240.00"
2019-07-25,2019072501005879,UPCL,41,42,100,88.00,"8,800.00"
2019-07-25,2019072501005964,UPPER,29,57,110,274.00,"30,140.00"
2019-07-25,2019072501005963,UPPER,34,57,200,274.00,"54,800.00"
2019-07-25,2019072501005962,UPPER,39,57,300,274.00,"82,200.00"
2019-07-25,2019072501005961,UPPER,25,57,100,274.00,"27,400.00"
2019-07-25,2019072501005960,UPPER,45,57,20,274.00,"5,480.00"
2019-07-25,2019072501005959,UPPER,16,57,"3,000",274.00,"822,000.00"
2019-07-25,2019072501005528,UPPER,28,42,126,274.00,"34,524.00"
2019-07-25,2019072501005527,UPPER,41,42,20,274.00,"5,480.00"
2019-07-25,2019072501005547,UPPER,33,38,290,275.00,"79,750.00"
2019-07-25,2019072501005541,UPPER,19,38,100,275.00,"27,500.00"
2019-07-25,2019072501005633,UPPER,28,55,24,274.00,"6,576.00"
2019-07-25,2019072501005627,UPPER,39,44,500,275.00,"137,500.00"
2019-07-25,2019072501005602,UPPER,45,44,100,275.00,"27,500.00"
2019-07-25,2019072501005599,UPPER,39,44,"1,500",275.00,"412,500.00"
2019-07-25,2019072501005580,UPPER,44,44,"2,000",275.00,"550,000.00"
2019-07-25,2019072501005670,UPPER,14,44,50,275.00,"13,750.00"
2019-07-25,2019072501005643,UPPER,29,44,700,275.00,"192,500.00"
2019-07-25,2019072501005639,UPPER,45,51,40,274.00,"10,960.00"
2019-07-25,2019072501005635,UPPER,45,55,16,274.00,"4,384.00"
2019-07-25,2019072501005634,UPPER,53,55,10,274.00,"2,740.00"
2019-07-25,2019072501005776,UPPER,13,38,433,275.00,"119,075.00"
2019-07-25,2019072501005715,UPPER,40,38,67,275.00,"18,425.00"
2019-07-25,2019072501005714,UPPER,40,44,933,275.00,"256,575.00"
2019-07-25,2019072501005687,UPPER,55,44,70,275.00,"19,250.00"
2019-07-25,2019072501005680,UPPER,45,42,40,274.00,"10,960.00"
2019-07-25,2019072501005952,UPPER,48,57,500,274.00,"137,000.00"
2019-07-25,2019072501005951,UPPER,1,57,"1,000",274.00,"274,000.00"
2019-07-25,2019072501005950,UPPER,42,57,10,274.00,"2,740.00"
2019-07-25,2019072501005926,UPPER,56,19,300,275.00,"82,500.00"
2019-07-25,2019072501005778,UPPER,13,19,117,275.00,"32,175.00"
2019-07-25,2019072501005777,UPPER,13,14,50,275.00,"13,750.00"
2019-07-25,2019072501005958,UPPER,45,57,360,274.00,"98,640.00"
2019-07-25,2019072501005957,UPPER,52,57,200,274.00,"54,800.00"
2019-07-25,2019072501005956,UPPER,52,57,200,274.00,"54,800.00"
2019-07-25,2019072501005955,UPPER,32,57,300,274.00,"82,200.00"
2019-07-25,2019072501005954,UPPER,19,57,100,274.00,"27,400.00"
2019-07-25,2019072501005953,UPPER,33,57,100,274.00,"27,400.00"
2019-07-25,2019072501005927,VLBS,53,42,53,503.00,"26,659.00"
2019-07-25,2019072501005725,VLBS,22,41,13,505.00,"6,565.00"
2019-07-25,2019072501005773,VLBS,53,22,100,503.00,"50,300.00"
2019-07-25,2019072501005481,ADBL,34,42,115,430.00,"49,450.00"
2019-07-25,2019072501005418,ADBL,34,58,"1,000",430.00,"430,000.00"
2019-07-25,2019072501005374,ADBL,34,58,150,430.00,"64,500.00"
2019-07-25,2019072501005247,ADBL,34,19,444,430.00,"190,920.00"
2019-07-25,2019072501005246,ADBL,49,19,56,430.00,"24,080.00"
2019-07-25,2019072501005190,ADBL,49,45,100,430.00,"43,000.00"
2019-07-25,2019072501005086,ADBL,6,35,52,430.00,"22,360.00"
2019-07-25,2019072501005037,ADBL,49,42,80,431.00,"34,480.00"
2019-07-25,2019072501005036,ADBL,49,29,420,431.00,"181,020.00"
2019-07-25,2019072501005018,ADBL,6,49,300,430.00,"129,000.00"
2019-07-25,2019072501005171,ADBL,49,49,"1,000",430.00,"430,000.00"
2019-07-25,2019072501005147,ADBL,49,49,"1,000",430.00,"430,000.00"
2019-07-25,2019072501005139,ADBL,49,49,"1,230",430.00,"528,900.00"
2019-07-25,2019072501005138,ADBL,49,11,614,430.00,"264,020.00"
2019-07-25,2019072501005126,ADBL,6,11,"1,000",430.00,"430,000.00"
2019-07-25,2019072501005125,ADBL,6,11,386,430.00,"165,980.00"
2019-07-25,2019072501005252,AKJCL,29,21,60,70.00,"4,200.00"
2019-07-25,2019072501005488,AKPL,46,44,10,173.00,"1,730.00"
2019-07-25,2019072501005098,AKPL,14,14,13,174.00,"2,262.00"
2019-07-25,2019072501005067,AKPL,14,14,13,174.00,"2,262.00"
2019-07-25,2019072501005061,AKPL,14,14,13,174.00,"2,262.00"
2019-07-25,2019072501005051,AKPL,14,14,13,174.00,"2,262.00"
2019-07-25,2019072501005515,ALBSL,14,14,10,405.00,"4,050.00"
2019-07-25,2019072501005414,ALBSL,10,46,10,402.00,"4,020.00"
2019-07-25,2019072501005346,ALBSL,10,44,10,402.00,"4,020.00"
2019-07-25,2019072501005130,ALBSL,10,39,10,402.00,"4,020.00"
2019-07-25,2019072501005116,ALBSL,10,39,10,402.00,"4,020.00"
2019-07-25,2019072501005412,ALICL,26,57,100,378.00,"37,800.00"
2019-07-25,2019072501005027,ALICL,53,35,50,379.00,"18,950.00"
2019-07-25,2019072501005210,API,42,41,50,139.00,"6,950.00"
2019-07-25,2019072501005209,API,53,41,"1,000",139.00,"139,000.00"
2019-07-25,2019072501005208,API,54,41,105,139.00,"14,595.00"
2019-07-25,2019072501005207,API,43,41,300,139.00,"41,700.00"
2019-07-25,2019072501005206,API,25,41,300,139.00,"41,700.00"
2019-07-25,2019072501005199,API,39,41,50,140.00,"7,000.00"
2019-07-25,2019072501005205,API,25,41,100,139.00,"13,900.00"
2019-07-25,2019072501005204,API,29,41,50,139.00,"6,950.00"
2019-07-25,2019072501005203,API,57,41,650,139.00,"90,350.00"
2019-07-25,2019072501005202,API,52,41,155,139.00,"21,545.00"
2019-07-25,2019072501005201,API,47,41,90,139.00,"12,510.00"
2019-07-25,2019072501005200,API,33,41,100,140.00,"14,000.00"
2019-07-25,2019072501005291,BARUN,51,21,50,93.00,"4,650.00"
2019-07-25,2019072501005197,BBC,39,6,10,"1,519.00","15,190.00"
2019-07-25,2019072501005459,BFC,38,46,456,100.00,"45,600.00"
2019-07-25,2019072501005458,BFC,39,46,30,100.00,"3,000.00"
2019-07-25,2019072501005457,BFC,17,46,"1,000",100.00,"100,000.00"
2019-07-25,2019072501005456,BFC,34,46,120,100.00,"12,000.00"
2019-07-25,2019072501005455,BFC,40,46,300,100.00,"30,000.00"
2019-07-25,2019072501005454,BFC,57,46,"1,310",100.00,"131,000.00"
2019-07-25,2019072501005122,BFC,38,56,100,101.00,"10,100.00"
2019-07-25,2019072501005121,BFC,47,56,50,101.00,"5,050.00"
2019-07-25,2019072501005453,BFC,35,46,574,100.00,"57,400.00"
2019-07-25,2019072501005443,BFC,38,51,269,101.00,"27,169.00"
2019-07-25,2019072501005427,BFC,38,57,731,101.00,"73,831.00"
2019-07-25,2019072501005426,BFC,57,57,"1,000",101.00,"101,000.00"
2019-07-25,2019072501005124,BFC,35,56,426,100.00,"42,600.00"
2019-07-25,2019072501005123,BFC,57,56,24,100.00,"2,400.00"
2019-07-25,2019072501005312,BOKL,28,49,182,270.00,"49,140.00"
2019-07-25,2019072501005311,BOKL,41,49,200,270.00,"54,000.00"
2019-07-25,2019072501005310,BOKL,48,49,118,270.00,"31,860.00"
2019-07-25,2019072501005271,BOKL,48,57,32,270.00,"8,640.00"
2019-07-25,2019072501005270,BOKL,40,57,500,270.00,"135,000.00"
2019-07-25,2019072501005269,BOKL,14,57,50,270.00,"13,500.00"
2019-07-25,2019072501005268,BOKL,45,57,318,270.00,"85,860.00"
2019-07-25,2019072501005235,BOKL,11,57,100,271.00,"27,100.00"
2019-07-25,2019072501005472,BPCL,5,52,11,408.00,"4,488.00"
2019-07-25,2019072501005355,BPCL,21,44,33,406.00,"13,398.00"
2019-07-25,2019072501005120,BPCL,21,50,50,406.00,"20,300.00"
2019-07-25,2019072501005119,BPCL,42,50,100,406.00,"40,600.00"
2019-07-25,2019072501005149,BPCL,21,29,11,406.00,"4,466.00"
2019-07-25,2019072501005405,CBBL,43,50,77,989.00,"76,153.00"
2019-07-25,2019072501005253,CBBL,43,26,100,989.00,"98,900.00"
2019-07-25,2019072501005222,CBBL,43,59,130,989.00,"128,570.00"
2019-07-25,2019072501005179,CBBL,43,52,99,989.00,"97,911.00"
2019-07-25,2019072501005306,CBL,45,8,15,158.00,"2,370.00"
2019-07-25,2019072501005305,CBL,45,8,29,158.00,"4,582.00"
2019-07-25,2019072501005266,CBL,45,33,31,158.00,"4,898.00"
2019-07-25,2019072501005265,CBL,26,33,10,158.00,"1,580.00"
2019-07-25,2019072501005236,CBL,51,28,22,158.00,"3,476.00"
2019-07-25,2019072501005164,CBL,51,35,78,158.00,"12,324.00"
2019-07-25,2019072501005047,CBL,34,40,300,158.00,"47,400.00"
2019-07-25,2019072501005046,CBL,6,40,100,158.00,"15,800.00"
2019-07-25,2019072501005045,CBL,38,40,500,158.00,"79,000.00"
2019-07-25,2019072501005044,CBL,38,40,150,158.00,"23,700.00"
2019-07-25,2019072501005043,CBL,44,40,100,158.00,"15,800.00"
2019-07-25,2019072501005035,CBL,28,17,"2,000",158.00,"316,000.00"
2019-07-25,2019072501005163,CBL,39,35,22,158.00,"3,476.00"
2019-07-25,2019072501005144,CBL,39,28,100,158.00,"15,800.00"
2019-07-25,2019072501005127,CBL,39,52,28,158.00,"4,424.00"
2019-07-25,2019072501005050,CBL,39,40,50,158.00,"7,900.00"
2019-07-25,2019072501005049,CBL,41,40,100,158.00,"15,800.00"
2019-07-25,2019072501005048,CBL,14,40,200,158.00,"31,600.00"
2019-07-25,2019072501005351,CCBL,17,6,500,175.00,"87,500.00"
2019-07-25,2019072501005336,CCBL,25,5,92,174.00,"16,008.00"
2019-07-25,2019072501005315,CCBL,38,5,355,175.00,"62,125.00"
2019-07-25,2019072501005304,CCBL,45,5,"1,000",175.00,"175,000.00"
2019-07-25,2019072501005303,CCBL,45,35,500,175.00,"87,500.00"
2019-07-25,2019072501005024,CCBL,42,6,40,175.00,"7,000.00"
2019-07-25,2019072501005023,CCBL,34,6,"1,000",175.00,"175,000.00"
2019-07-25,2019072501005411,CHCL,32,44,80,514.00,"41,120.00"
2019-07-25,2019072501005410,CHCL,34,44,321,514.00,"164,994.00"
2019-07-25,2019072501005034,CHCL,34,5,20,514.00,"10,280.00"
2019-07-25,2019072501005226,CIT,13,35,12,"2,493.00","29,916.00"
2019-07-25,2019072501005129,CIT,41,38,50,"2,480.00","124,000.00"
2019-07-25,2019072501005446,CLBSL,57,22,11,500.00,"5,500.00"
2019-07-25,2019072501005172,DBBL,57,13,40,148.00,"5,920.00"
2019-07-25,2019072501005329,DDBL,28,16,125,750.00,"93,750.00"
2019-07-25,2019072501005287,DDBL,28,21,20,750.00,"15,000.00"
2019-07-25,2019072501005314,EBL,35,51,20,675.00,"13,500.00"
2019-07-25,2019072501005275,EBL,35,13,180,675.00,"121,500.00"
2019-07-25,2019072501005216,EBL,45,13,20,675.00,"13,500.00"
2019-07-25,2019072501005148,EBL,35,7,160,673.00,"107,680.00"
2019-07-25,2019072501005108,EBL,35,17,40,673.00,"26,920.00"
2019-07-25,2019072501005425,FMDBL,7,46,200,388.00,"77,600.00"
2019-07-25,2019072501005424,FMDBL,25,46,50,388.00,"19,400.00"
2019-07-25,2019072501005423,FMDBL,56,46,100,388.00,"38,800.00"
2019-07-25,2019072501005324,FMDBL,56,49,10,391.00,"3,910.00"
2019-07-25,2019072501005039,FOWAD,48,13,19,"1,402.00","26,638.00"
