Date,Transact. No.,Symbol,Buyer,Seller,Quantity,Rate,Amount
2019-10-16,2019101601002734,ADBL,25,58,60,414.00,"24,840.00"
2019-10-16,2019101601002922,AHPC,14,52,30,96.00,"2,880.00"
2019-10-16,2019101601002921,AHPC,57,52,20,97.00,"1,940.00"
2019-10-16,2019101601002919,AKBSL,43,47,10,414.00,"4,140.00"
2019-10-16,2019101601002677,AKBSL,43,54,10,412.00,"4,120.00"
2019-10-16,2019101601002670,AKBSL,43,47,10,409.00,"4,090.00"
2019-10-16,2019101601002587,AKBSL,42,41,370,405.00,"149,850.00"
2019-10-16,2019101601002586,AKBSL,42,41,50,405.00,"20,250.00"
2019-10-16,2019101601002585,AKBSL,43,41,30,406.00,"12,180.00"
2019-10-16,2019101601002755,ALBSL,42,41,10,390.00,"3,900.00"
2019-10-16,2019101601002754,ALBSL,42,1,65,390.00,"25,350.00"
2019-10-16,2019101601002753,ALBSL,42,14,10,389.00,"3,890.00"
2019-10-16,2019101601002938,ALICL,26,42,10,317.00,"3,170.00"
2019-10-16,2019101601002937,ALICL,25,42,70,318.00,"22,260.00"
2019-10-16,2019101601002867,ALICL,45,42,20,319.00,"6,380.00"
2019-10-16,2019101601002741,ALICL,25,38,30,318.00,"9,540.00"
2019-10-16,2019101601002907,API,25,51,21,115.00,"2,415.00"
2019-10-16,2019101601002906,API,25,38,479,114.00,"54,606.00"
2019-10-16,2019101601002784,API,1,25,930,113.00,"105,090.00"
2019-10-16,2019101601002783,API,45,25,30,113.00,"3,390.00"
2019-10-16,2019101601002782,API,41,25,40,113.00,"4,520.00"
2019-10-16,2019101601002644,API,25,52,29,114.00,"3,306.00"
2019-10-16,2019101601002975,BNT,55,17,10,"6,446.00","64,460.00"
2019-10-16,2019101601002968,BOKL,26,37,308,227.00,"69,916.00"
2019-10-16,2019101601002726,BOKL,39,37,50,229.00,"11,450.00"
2019-10-16,2019101601002675,BOKL,26,59,28,227.00,"6,356.00"
2019-10-16,2019101601002668,BOKL,34,37,"1,000",228.00,"228,000.00"
2019-10-16,2019101601002667,BOKL,59,37,58,228.00,"13,224.00"
2019-10-16,2019101601002666,BOKL,4,37,200,228.00,"45,600.00"
2019-10-16,2019101601002659,BOKL,32,37,200,228.00,"45,600.00"
2019-10-16,2019101601002658,BOKL,44,37,200,228.00,"45,600.00"
2019-10-16,2019101601002657,BOKL,45,37,200,228.00,"45,600.00"
2019-10-16,2019101601002656,BOKL,48,37,35,229.00,"8,015.00"
2019-10-16,2019101601002598,BOKL,13,35,100,229.00,"22,900.00"
2019-10-16,2019101601002665,BOKL,59,37,300,228.00,"68,400.00"
2019-10-16,2019101601002664,BOKL,19,37,200,228.00,"45,600.00"
2019-10-16,2019101601002663,BOKL,20,37,100,228.00,"22,800.00"
2019-10-16,2019101601002662,BOKL,25,37,200,228.00,"45,600.00"
2019-10-16,2019101601002661,BOKL,32,37,100,228.00,"22,800.00"
2019-10-16,2019101601002660,BOKL,28,37,500,228.00,"114,000.00"
2019-10-16,2019101601002866,BPCL,33,43,10,363.00,"3,630.00"
2019-10-16,2019101601002904,CBL,43,13,10,144.00,"1,440.00"
2019-10-16,2019101601002941,CCBL,17,45,120,155.00,"18,600.00"
2019-10-16,2019101601002939,CCBL,45,38,120,156.00,"18,720.00"
2019-10-16,2019101601002846,CCBL,17,40,"1,000",155.00,"155,000.00"
2019-10-16,2019101601002845,CCBL,17,7,95,155.00,"14,725.00"
2019-10-16,2019101601002844,CCBL,17,28,90,155.00,"13,950.00"
2019-10-16,2019101601002843,CCBL,17,34,16,155.00,"2,480.00"
2019-10-16,2019101601002537,CCBL,52,28,10,155.00,"1,550.00"
2019-10-16,2019101601002528,CFCL,32,39,156,107.00,"16,692.00"
2019-10-16,2019101601002527,CFCL,47,39,100,107.00,"10,700.00"
2019-10-16,2019101601002526,CFCL,32,39,"2,000",108.00,"216,000.00"
2019-10-16,2019101601002525,CFCL,25,39,289,108.00,"31,212.00"
2019-10-16,2019101601002524,CFCL,21,39,40,109.00,"4,360.00"
2019-10-16,2019101601002973,CZBIL,57,22,260,194.00,"50,440.00"
2019-10-16,2019101601002972,CZBIL,57,22,320,194.00,"62,080.00"
2019-10-16,2019101601002971,CZBIL,57,38,234,194.00,"45,396.00"
2019-10-16,2019101601002932,CZBIL,46,22,100,194.00,"19,400.00"
2019-10-16,2019101601002832,CZBIL,40,22,80,194.00,"15,520.00"
2019-10-16,2019101601002831,CZBIL,40,6,172,194.00,"33,368.00"
2019-10-16,2019101601002798,CZBIL,8,52,400,193.00,"77,200.00"
2019-10-16,2019101601002679,CZBIL,8,59,17,193.00,"3,281.00"
2019-10-16,2019101601002523,DBBL,7,29,52,128.00,"6,656.00"
2019-10-16,2019101601002695,DDBL,17,28,"2,664",728.00,"1,939,392.00"
2019-10-16,2019101601002689,DDBL,35,58,99,725.00,"71,775.00"
2019-10-16,2019101601002652,DDBL,44,58,200,725.00,"145,000.00"
2019-10-16,2019101601002643,DDBL,17,28,336,729.00,"244,944.00"
2019-10-16,2019101601002962,EBL,35,19,100,546.00,"54,600.00"
2019-10-16,2019101601002928,EBL,34,19,210,546.00,"114,660.00"
2019-10-16,2019101601002902,EBL,34,19,584,546.00,"318,864.00"
2019-10-16,2019101601002897,EBL,32,54,250,547.00,"136,750.00"
2019-10-16,2019101601002877,EBL,34,19,206,546.00,"112,476.00"
2019-10-16,2019101601002876,EBL,17,19,200,546.00,"109,200.00"
2019-10-16,2019101601002493,EBL,8,54,91,547.00,"49,777.00"
2019-10-16,2019101601002875,EBL,22,19,20,546.00,"10,920.00"
2019-10-16,2019101601002874,EBL,59,19,50,546.00,"27,300.00"
2019-10-16,2019101601002873,EBL,35,19,100,546.00,"54,600.00"
2019-10-16,2019101601002729,EBL,13,54,150,547.00,"82,050.00"
2019-10-16,2019101601002697,EBL,35,54,100,547.00,"54,700.00"
2019-10-16,2019101601002605,EBL,14,49,100,546.00,"54,600.00"
2019-10-16,2019101601002914,EIC,45,49,75,226.00,"16,950.00"
2019-10-16,2019101601002779,EIC,16,49,200,227.00,"45,400.00"
2019-10-16,2019101601002530,EIC,6,49,20,227.00,"4,540.00"
2019-10-16,2019101601002529,EIC,13,49,205,227.00,"46,535.00"
2019-10-16,2019101601002517,EIC,13,49,45,227.00,"10,215.00"
2019-10-16,2019101601002516,EIC,16,49,76,227.00,"17,252.00"
2019-10-16,2019101601002881,GBBL,35,49,100,216.00,"21,600.00"
2019-10-16,2019101601002896,GBLBS,33,16,10,315.00,"3,150.00"
2019-10-16,2019101601002692,GBLBS,39,42,100,313.00,"31,300.00"
2019-10-16,2019101601002599,GBLBS,42,34,15,312.00,"4,680.00"
2019-10-16,2019101601002802,GFCL,49,11,115,131.00,"15,065.00"
2019-10-16,2019101601002801,GFCL,22,11,100,132.00,"13,200.00"
2019-10-16,2019101601002800,GFCL,17,11,100,132.00,"13,200.00"
2019-10-16,2019101601002785,GFCL,13,11,80,133.00,"10,640.00"
2019-10-16,2019101601002600,GLBSL,14,7,20,426.00,"8,520.00"
2019-10-16,2019101601002701,GLICL,25,11,15,359.00,"5,385.00"
2019-10-16,2019101601002564,GLICL,17,50,100,354.00,"35,400.00"
2019-10-16,2019101601002645,GMFBS,42,21,10,460.00,"4,600.00"
2019-10-16,2019101601002797,GMFIL,43,49,10,112.00,"1,120.00"
2019-10-16,2019101601002769,HBL,6,52,370,493.00,"182,410.00"
2019-10-16,2019101601002647,HBL,33,52,130,494.00,"64,220.00"
2019-10-16,2019101601002614,HBL,6,34,937,493.00,"461,941.00"
2019-10-16,2019101601002613,HBL,34,34,100,493.00,"49,300.00"
2019-10-16,2019101601002520,HBL,41,52,20,494.00,"9,880.00"
2019-10-16,2019101601002905,HIDCL,1,42,50,137.00,"6,850.00"
2019-10-16,2019101601002865,HIDCL,1,36,37,137.00,"5,069.00"
2019-10-16,2019101601002828,HIDCL,1,36,30,137.00,"4,110.00"
2019-10-16,2019101601002827,HIDCL,29,36,70,138.00,"9,660.00"
2019-10-16,2019101601002593,HIDCL,29,34,30,138.00,"4,140.00"
2019-10-16,2019101601002570,HIDCL,14,52,300,140.00,"42,000.00"
2019-10-16,2019101601002911,KBL,4,6,"1,103",182.00,"200,746.00"
2019-10-16,2019101601002506,KBL,58,57,"1,300",182.00,"236,600.00"
2019-10-16,2019101601002503,KBL,58,22,350,182.00,"63,700.00"
2019-10-16,2019101601002496,KBL,58,45,40,182.00,"7,280.00"
2019-10-16,2019101601002482,KBL,58,52,200,182.00,"36,400.00"
2019-10-16,2019101601002623,KKHC,37,43,29,60.00,"1,740.00"
2019-10-16,2019101601002488,KRBL,13,48,50,105.00,"5,250.00"
2019-10-16,2019101601002487,KRBL,6,48,30,105.00,"3,150.00"
2019-10-16,2019101601002694,LBBL,19,8,260,175.00,"45,500.00"
2019-10-16,2019101601002686,LBL,16,49,200,213.00,"42,600.00"
2019-10-16,2019101601002563,LBL,16,6,266,213.00,"56,658.00"
2019-10-16,2019101601002562,LBL,25,6,234,213.00,"49,842.00"
2019-10-16,2019101601002822,LICN,25,25,10,988.00,"9,880.00"
2019-10-16,2019101601002672,LICN,57,25,10,969.00,"9,690.00"
2019-10-16,2019101601002942,MBL,28,16,10,224.00,"2,240.00"
2019-10-16,2019101601002819,MBL,37,34,"1,000",223.00,"223,000.00"
2019-10-16,2019101601002818,MBL,6,34,"3,000",223.00,"669,000.00"
2019-10-16,2019101601002817,MBL,39,34,42,223.00,"9,366.00"
2019-10-16,2019101601002816,MBL,28,34,"2,000",223.00,"446,000.00"
2019-10-16,2019101601002815,MBL,6,34,616,223.00,"137,368.00"
2019-10-16,2019101601002569,MBL,55,16,220,224.00,"49,280.00"
2019-10-16,2019101601002505,MBL,6,45,30,223.00,"6,690.00"
2019-10-16,2019101601002895,MDB,6,36,260,246.00,"63,960.00"
2019-10-16,2019101601002894,MDB,42,36,40,247.00,"9,880.00"
2019-10-16,2019101601002567,MDB,52,17,10,248.00,"2,480.00"
2019-10-16,2019101601002833,MEGA,43,34,10,197.00,"1,970.00"
2019-10-16,2019101601002966,MERO,49,49,"11,099",532.00,"5,904,668.00"
2019-10-16,2019101601002884,MERO,38,49,100,536.00,"53,600.00"
2019-10-16,2019101601002883,MERO,21,49,125,538.00,"67,250.00"
2019-10-16,2019101601002864,MERO,50,49,"1,500",539.00,"808,500.00"
2019-10-16,2019101601002863,MERO,22,49,20,540.00,"10,800.00"
2019-10-16,2019101601002862,MERO,45,49,10,540.00,"5,400.00"
2019-10-16,2019101601002849,MERO,19,49,25,546.00,"13,650.00"
2019-10-16,2019101601002848,MERO,52,49,10,546.00,"5,460.00"
2019-10-16,2019101601002855,MERO,25,49,50,541.00,"27,050.00"
2019-10-16,2019101601002854,MERO,39,49,50,541.00,"27,050.00"
2019-10-16,2019101601002853,MERO,22,49,20,542.00,"10,840.00"
2019-10-16,2019101601002852,MERO,22,49,10,543.00,"5,430.00"
2019-10-16,2019101601002851,MERO,26,49,50,545.00,"27,250.00"
2019-10-16,2019101601002850,MERO,52,49,100,545.00,"54,500.00"
2019-10-16,2019101601002861,MERO,52,49,120,540.00,"64,800.00"
2019-10-16,2019101601002860,MERO,50,49,200,540.00,"108,000.00"
2019-10-16,2019101601002859,MERO,20,49,65,540.00,"35,100.00"
2019-10-16,2019101601002858,MERO,22,49,10,540.00,"5,400.00"
2019-10-16,2019101601002857,MERO,34,49,100,540.00,"54,000.00"
2019-10-16,2019101601002856,MERO,22,49,10,541.00,"5,410.00"
2019-10-16,2019101601002546,MFIL,32,33,19,127.00,"2,413.00"
2019-10-16,2019101601002616,MLBL,42,45,105,216.00,"22,680.00"
2019-10-16,2019101601002615,MLBL,42,17,195,216.00,"42,120.00"
2019-10-16,2019101601002566,MNBBL,35,25,100,315.00,"31,500.00"
2019-10-16,2019101601002531,MSLB,39,18,19,928.00,"17,632.00"
2019-10-16,2019101601002521,MSLB,39,39,131,928.00,"121,568.00"
2019-10-16,2019101601002486,MSLB,39,18,159,928.00,"147,552.00"
2019-10-16,2019101601002571,MSLB,39,17,50,928.00,"46,400.00"
2019-10-16,2019101601002738,NABIL,43,6,495,762.00,"377,190.00"
2019-10-16,2019101601002737,NABIL,34,6,22,762.00,"16,764.00"
2019-10-16,2019101601002640,NABIL,34,47,10,762.00,"7,620.00"
2019-10-16,2019101601002611,NABIL,39,21,25,763.00,"19,075.00"
2019-10-16,2019101601002610,NABIL,39,21,20,763.00,"15,260.00"
2019-10-16,2019101601002609,NABIL,56,21,750,763.00,"572,250.00"
2019-10-16,2019101601002608,NABIL,42,21,50,763.00,"38,150.00"
2019-10-16,2019101601002927,NADEP,3,58,10,391.00,"3,910.00"
2019-10-16,2019101601002926,NADEP,36,58,270,391.00,"105,570.00"
2019-10-16,2019101601002893,NADEP,36,58,20,391.00,"7,820.00"
2019-10-16,2019101601002892,NADEP,49,58,100,391.00,"39,100.00"
2019-10-16,2019101601002885,NADEP,45,58,30,393.00,"11,790.00"
2019-10-16,2019101601002821,NADEP,47,58,40,395.00,"15,800.00"
2019-10-16,2019101601002579,NADEP,40,58,80,395.00,"31,600.00"
2019-10-16,2019101601002891,NADEP,39,58,50,392.00,"19,600.00"
2019-10-16,2019101601002890,NADEP,43,58,100,392.00,"39,200.00"
2019-10-16,2019101601002889,NADEP,26,58,50,392.00,"19,600.00"
2019-10-16,2019101601002888,NADEP,17,58,20,392.00,"7,840.00"
2019-10-16,2019101601002887,NADEP,35,58,100,393.00,"39,300.00"
2019-10-16,2019101601002886,NADEP,39,58,30,393.00,"11,790.00"
2019-10-16,2019101601002915,NBB,32,51,"1,000",213.00,"213,000.00"
2019-10-16,2019101601002519,NBB,49,45,40,212.00,"8,480.00"
2019-10-16,2019101601002979,NBL,33,6,10,318.00,"3,180.00"
2019-10-16,2019101601002912,NBL,43,6,10,318.00,"3,180.00"
2019-10-16,2019101601002804,NBL,32,45,50,317.00,"15,850.00"
2019-10-16,2019101601002803,NBL,32,59,50,315.00,"15,750.00"
2019-10-16,2019101601002683,NBL,16,59,500,315.00,"157,500.00"
2019-10-16,2019101601002682,NBL,57,59,50,315.00,"15,750.00"
2019-10-16,2019101601002551,NBL,57,43,50,315.00,"15,750.00"
2019-10-16,2019101601002918,NCCB,33,42,11,199.00,"2,189.00"
2019-10-16,2019101601002917,NCCB,33,7,19,198.00,"3,762.00"
2019-10-16,2019101601002771,NCCB,8,6,200,197.00,"39,400.00"
2019-10-16,2019101601002761,NCCB,8,55,300,197.00,"59,100.00"
2019-10-16,2019101601002583,NCCB,32,7,"1,000",198.00,"198,000.00"
2019-10-16,2019101601002582,NCCB,6,7,181,198.00,"35,838.00"
2019-10-16,2019101601002963,NHDL,35,42,130,98.00,"12,740.00"
2019-10-16,2019101601002944,NHDL,35,54,10,97.00,970.00
2019-10-16,2019101601002536,NHPC,45,59,"1,000",53.00,"53,000.00"
2019-10-16,2019101601002967,NIB,45,45,44,438.00,"19,272.00"
2019-10-16,2019101601002847,NIB,45,34,91,440.00,"40,040.00"
2019-10-16,2019101601002688,NIB,16,59,77,437.00,"33,649.00"
2019-10-16,2019101601002673,NIB,40,34,250,440.00,"110,000.00"
2019-10-16,2019101601002553,NIB,48,34,50,440.00,"22,000.00"
2019-10-16,2019101601002552,NIB,48,25,50,439.00,"21,950.00"
2019-10-16,2019101601002871,NIBPO,56,52,120,406.00,"48,720.00"
2019-10-16,2019101601002870,NIBPO,45,52,30,407.00,"12,210.00"
2019-10-16,2019101601002869,NIBPO,58,52,170,407.00,"69,190.00"
2019-10-16,2019101601002868,NIBPO,14,52,80,408.00,"32,640.00"
2019-10-16,2019101601002976,NICA,46,8,19,386.00,"7,334.00"
2019-10-16,2019101601002969,NICA,28,8,10,386.00,"3,860.00"
2019-10-16,2019101601002965,NICA,33,37,125,385.00,"48,125.00"
2019-10-16,2019101601002964,NICA,45,37,100,385.00,"38,500.00"
2019-10-16,2019101601002913,NICA,45,49,100,385.00,"38,500.00"
2019-10-16,2019101601002760,NICA,53,54,70,384.00,"26,880.00"
2019-10-16,2019101601002581,NICA,53,21,84,384.00,"32,256.00"
2019-10-16,2019101601002542,NICA,29,21,"1,000",384.00,"384,000.00"
2019-10-16,2019101601002483,NICA,32,21,500,384.00,"192,000.00"
2019-10-16,2019101601002974,NICL,45,38,20,269.00,"5,380.00"
2019-10-16,2019101601002872,NICL,43,7,10,270.00,"2,700.00"
2019-10-16,2019101601002690,NICL,25,7,10,268.00,"2,680.00"
2019-10-16,2019101601002556,NICL,56,4,103,263.00,"27,089.00"
2019-10-16,2019101601002522,NICL,42,17,190,262.00,"49,780.00"
2019-10-16,2019101601002514,NICL,14,4,47,263.00,"12,361.00"
2019-10-16,2019101601002513,NICL,14,52,13,263.00,"3,419.00"
2019-10-16,2019101601002597,NIL,44,38,34,363.00,"12,342.00"
2019-10-16,2019101601002596,NIL,37,38,25,363.00,"9,075.00"
2019-10-16,2019101601002733,NLBBL,52,47,22,504.00,"11,088.00"
2019-10-16,2019101601002702,NLBBL,55,16,100,501.00,"50,100.00"
2019-10-16,2019101601002681,NLBBL,44,37,580,496.00,"287,680.00"
2019-10-16,2019101601002680,NLBBL,44,37,20,496.00,"9,920.00"
2019-10-16,2019101601002954,NLG,6,25,10,564.00,"5,640.00"
2019-10-16,2019101601002728,NLG,44,50,13,553.00,"7,189.00"
2019-10-16,2019101601002981,NLIC,45,16,15,770.00,"11,550.00"
2019-10-16,2019101601002970,NLIC,8,45,22,769.00,"16,918.00"
2019-10-16,2019101601002943,NLIC,22,16,60,770.00,"46,200.00"
2019-10-16,2019101601002826,NLIC,28,16,200,770.00,"154,000.00"
2019-10-16,2019101601002781,NLIC,32,16,260,770.00,"200,200.00"
2019-10-16,2019101601002767,NLIC,8,25,70,769.00,"53,830.00"
2019-10-16,2019101601002731,NLIC,45,16,340,770.00,"261,800.00"
2019-10-16,2019101601002730,NLIC,45,35,50,770.00,"38,500.00"
2019-10-16,2019101601002558,NLIC,8,43,17,769.00,"13,073.00"
2019-10-16,2019101601002961,NLICL,56,13,329,447.00,"147,063.00"
2019-10-16,2019101601002960,NLICL,6,13,290,447.00,"129,630.00"
2019-10-16,2019101601002959,NLICL,55,13,100,447.00,"44,700.00"
2019-10-16,2019101601002958,NLICL,28,13,10,448.00,"4,480.00"
2019-10-16,2019101601002957,NLICL,55,13,100,448.00,"44,800.00"
2019-10-16,2019101601002956,NLICL,17,13,200,449.00,"89,800.00"
2019-10-16,2019101601002923,NLICL,55,13,100,450.00,"45,000.00"
2019-10-16,2019101601002747,NLICL,45,13,10,450.00,"4,500.00"
2019-10-16,2019101601002746,NLICL,55,13,100,450.00,"45,000.00"
2019-10-16,2019101601002745,NLICL,8,13,50,450.00,"22,500.00"
2019-10-16,2019101601002744,NLICL,42,13,20,450.00,"9,000.00"
2019-10-16,2019101601002743,NLICL,56,13,285,450.00,"128,250.00"
2019-10-16,2019101601002510,NNLB,16,52,50,414.00,"20,700.00"
2019-10-16,2019101601002977,NTC,32,35,10,623.00,"6,230.00"
2019-10-16,2019101601002978,NUBL,16,19,70,856.00,"59,920.00"
2019-10-16,2019101601002778,NUBL,17,28,"2,190",855.00,"1,872,450.00"
2019-10-16,2019101601002742,NUBL,17,28,"1,000",855.00,"855,000.00"
2019-10-16,2019101601002715,NUBL,48,28,500,855.00,"427,500.00"
2019-10-16,2019101601002714,NUBL,17,28,500,855.00,"427,500.00"
2019-10-16,2019101601002713,NUBL,50,28,10,855.00,"8,550.00"
2019-10-16,2019101601002712,NUBL,58,28,20,855.00,"17,100.00"
2019-10-16,2019101601002711,NUBL,6,28,40,855.00,"34,200.00"
2019-10-16,2019101601002710,NUBL,1,28,110,856.00,"94,160.00"
2019-10-16,2019101601002709,NUBL,52,28,10,856.00,"8,560.00"
2019-10-16,2019101601002685,OHL,25,32,20,462.00,"9,240.00"
2019-10-16,2019101601002878,PCBL,33,45,22,265.00,"5,830.00"
2019-10-16,2019101601002808,PCBL,33,48,232,265.00,"61,480.00"
2019-10-16,2019101601002752,PCBL,33,14,215,265.00,"56,975.00"
2019-10-16,2019101601002678,PCBL,43,53,50,266.00,"13,300.00"
2019-10-16,2019101601002636,PCBL,38,53,130,266.00,"34,580.00"
2019-10-16,2019101601002515,PCBL,33,34,56,265.00,"14,840.00"
2019-10-16,2019101601002925,PIC,17,6,75,366.00,"27,450.00"
2019-10-16,2019101601002924,PIC,17,57,25,362.00,"9,050.00"
2019-10-16,2019101601002880,PIC,43,33,269,361.00,"97,109.00"
2019-10-16,2019101601002879,PIC,45,33,134,361.00,"48,374.00"
2019-10-16,2019101601002837,PIC,45,33,116,361.00,"41,876.00"
2019-10-16,2019101601002836,PIC,53,33,30,361.00,"10,830.00"
2019-10-16,2019101601002835,PIC,40,33,17,361.00,"6,137.00"
2019-10-16,2019101601002780,PIC,14,33,200,362.00,"72,400.00"
2019-10-16,2019101601002740,PIC,32,33,10,362.00,"3,620.00"
2019-10-16,2019101601002700,PIC,35,38,43,361.00,"15,523.00"
2019-10-16,2019101601002669,PIC,29,33,100,362.00,"36,200.00"
2019-10-16,2019101601002920,PLIC,40,22,60,320.00,"19,200.00"
2019-10-16,2019101601002756,PMHPL,54,45,10,89.00,890.00
2019-10-16,2019101601002814,PROFL,19,22,870,96.00,"83,520.00"
2019-10-16,2019101601002953,PRVU,56,43,100,269.00,"26,900.00"
2019-10-16,2019101601002824,PRVU,4,49,200,268.00,"53,600.00"
2019-10-16,2019101601002823,PRVU,4,13,466,268.00,"124,888.00"
2019-10-16,2019101601002791,PRVU,58,13,100,268.00,"26,800.00"
2019-10-16,2019101601002790,PRVU,53,13,250,268.00,"67,000.00"
2019-10-16,2019101601002789,PRVU,51,13,30,268.00,"8,040.00"
2019-10-16,2019101601002539,PRVU,57,13,500,268.00,"134,000.00"
2019-10-16,2019101601002538,PRVU,7,13,600,268.00,"160,800.00"
2019-10-16,2019101601002589,PRVU,25,13,269,268.00,"72,092.00"
2019-10-16,2019101601002574,PRVU,25,45,231,268.00,"61,908.00"
2019-10-16,2019101601002573,PRVU,59,45,150,268.00,"40,200.00"
2019-10-16,2019101601002572,PRVU,20,45,119,268.00,"31,892.00"
2019-10-16,2019101601002541,PRVU,20,13,381,268.00,"102,108.00"
2019-10-16,2019101601002540,PRVU,54,13,19,268.00,"5,092.00"
2019-10-16,2019101601002620,PRVU,36,28,50,268.00,"13,400.00"
2019-10-16,2019101601002619,PRVU,16,28,369,268.00,"98,892.00"
2019-10-16,2019101601002612,PRVU,16,56,100,268.00,"26,800.00"
2019-10-16,2019101601002592,PRVU,16,13,31,268.00,"8,308.00"
2019-10-16,2019101601002591,PRVU,28,13,"1,000",268.00,"268,000.00"
2019-10-16,2019101601002590,PRVU,41,13,200,268.00,"53,600.00"
2019-10-16,2019101601002788,PRVU,28,13,154,268.00,"41,272.00"
2019-10-16,2019101601002732,PRVU,28,49,120,268.00,"32,160.00"
2019-10-16,2019101601002691,PRVU,28,59,80,268.00,"21,440.00"
2019-10-16,2019101601002674,PRVU,28,49,100,268.00,"26,800.00"
2019-10-16,2019101601002621,PRVU,28,28,546,268.00,"146,328.00"
2019-10-16,2019101601002955,RBCL,41,22,20,"8,264.00","165,280.00"
2019-10-16,2019101601002936,RBCL,35,22,10,"8,266.00","82,660.00"
2019-10-16,2019101601002935,RBCL,6,22,10,"8,267.00","82,670.00"
2019-10-16,2019101601002766,RHPL,59,42,50,161.00,"8,050.00"
2019-10-16,2019101601002642,RHPL,40,44,"2,000",162.00,"324,000.00"
2019-10-16,2019101601002637,RHPL,59,21,40,161.00,"6,440.00"
2019-10-16,2019101601002588,RHPL,59,45,30,161.00,"4,830.00"
2019-10-16,2019101601002908,RMDC,26,28,40,620.00,"24,800.00"
2019-10-16,2019101601002882,RMDC,26,16,60,615.00,"36,900.00"
2019-10-16,2019101601002930,RSDC,19,42,100,320.00,"32,000.00"
2019-10-16,2019101601002929,RSDC,33,42,82,320.00,"26,240.00"
2019-10-16,2019101601002840,RSDC,33,22,218,320.00,"69,760.00"
2019-10-16,2019101601002839,RSDC,45,22,100,320.00,"32,000.00"
2019-10-16,2019101601002838,RSDC,6,22,10,320.00,"3,200.00"
2019-10-16,2019101601002812,RSDC,37,6,100,321.00,"32,100.00"
2019-10-16,2019101601002576,RSDC,52,42,10,322.00,"3,220.00"
2019-10-16,2019101601002825,SABSL,42,45,10,453.00,"4,530.00"
2019-10-16,2019101601002749,SABSL,42,41,10,453.00,"4,530.00"
2019-10-16,2019101601002748,SABSL,13,41,10,454.00,"4,540.00"
2019-10-16,2019101601002651,SADBL,45,45,839,139.00,"116,621.00"
2019-10-16,2019101601002518,SADBL,45,29,161,139.00,"22,379.00"
2019-10-16,2019101601002512,SADBL,13,29,100,139.00,"13,900.00"
2019-10-16,2019101601002511,SADBL,40,29,270,139.00,"37,530.00"
2019-10-16,2019101601002946,SANIMA,14,52,96,306.00,"29,376.00"
2019-10-16,2019101601002945,SANIMA,32,52,129,306.00,"39,474.00"
2019-10-16,2019101601002820,SANIMA,32,52,275,307.00,"84,425.00"
2019-10-16,2019101601002704,SANIMA,32,14,225,307.00,"69,075.00"
2019-10-16,2019101601002703,SANIMA,34,14,775,307.00,"237,925.00"
2019-10-16,2019101601002773,SBI,41,10,20,394.00,"7,880.00"
2019-10-16,2019101601002751,SBI,45,10,20,394.00,"7,880.00"
2019-10-16,2019101601002750,SBI,6,10,30,394.00,"11,820.00"
2019-10-16,2019101601002604,SBI,26,10,150,394.00,"59,100.00"
2019-10-16,2019101601002603,SBI,51,10,100,394.00,"39,400.00"
2019-10-16,2019101601002931,SBL,35,4,79,294.00,"23,226.00"
2019-10-16,2019101601002842,SBL,6,4,130,294.00,"38,220.00"
2019-10-16,2019101601002841,SBL,6,43,70,294.00,"20,580.00"
2019-10-16,2019101601002830,SBL,56,43,100,294.00,"29,400.00"
2019-10-16,2019101601002764,SBL,26,43,100,294.00,"29,400.00"
2019-10-16,2019101601002763,SBL,11,43,10,294.00,"2,940.00"
2019-10-16,2019101601002706,SBL,11,4,985,294.00,"289,590.00"
2019-10-16,2019101601002698,SBL,11,59,15,294.00,"4,410.00"
2019-10-16,2019101601002561,SBL,11,34,71,294.00,"20,874.00"
2019-10-16,2019101601002532,SBL,11,26,700,294.00,"205,800.00"
2019-10-16,2019101601002508,SBL,11,5,83,294.00,"24,402.00"
2019-10-16,2019101601002762,SBL,52,43,185,294.00,"54,390.00"
2019-10-16,2019101601002758,SBL,25,57,21,295.00,"6,195.00"
2019-10-16,2019101601002757,SBL,25,7,29,295.00,"8,555.00"
2019-10-16,2019101601002736,SBL,52,14,315,294.00,"92,610.00"
2019-10-16,2019101601002735,SBL,43,14,185,294.00,"54,390.00"
2019-10-16,2019101601002707,SBL,43,4,15,294.00,"4,410.00"
2019-10-16,2019101601002934,SCB,32,14,118,570.00,"67,260.00"
2019-10-16,2019101601002933,SCB,48,14,50,570.00,"28,500.00"
2019-10-16,2019101601002578,SCB,45,45,20,572.00,"11,440.00"
2019-10-16,2019101601002813,SCB,45,44,100,573.00,"57,300.00"
2019-10-16,2019101601002625,SCB,53,44,116,573.00,"66,468.00"
2019-10-16,2019101601002796,SEF,3,49,"12,000",8.99,"107,880.00"
2019-10-16,2019101601002900,SFFIL,42,6,200,196.00,"39,200.00"
2019-10-16,2019101601002559,SHINE,42,45,30,254.00,"7,620.00"
2019-10-16,2019101601002980,SHIVM,48,25,10,494.00,"4,940.00"
2019-10-16,2019101601002910,SHIVM,17,1,20,494.00,"9,880.00"
2019-10-16,2019101601002909,SHIVM,17,26,70,494.00,"34,580.00"
2019-10-16,2019101601002898,SHIVM,17,26,100,494.00,"49,400.00"
2019-10-16,2019101601002495,SHIVM,42,18,100,493.00,"49,300.00"
2019-10-16,2019101601002491,SHIVM,42,6,21,493.00,"10,353.00"
2019-10-16,2019101601002490,SHIVM,16,6,25,493.00,"12,325.00"
2019-10-16,2019101601002489,SHIVM,57,6,15,493.00,"7,395.00"
2019-10-16,2019101601002626,SHIVM,32,8,129,493.00,"63,597.00"
2019-10-16,2019101601002554,SHIVM,45,26,40,494.00,"19,760.00"
2019-10-16,2019101601002549,SHIVM,32,14,71,493.00,"35,003.00"
2019-10-16,2019101601002548,SHIVM,8,14,200,493.00,"98,600.00"
2019-10-16,2019101601002547,SHIVM,42,14,129,493.00,"63,597.00"
2019-10-16,2019101601002502,SHIVM,42,18,50,493.00,"24,650.00"
2019-10-16,2019101601002632,SHIVM,22,8,100,492.00,"49,200.00"
2019-10-16,2019101601002631,SHIVM,47,8,20,492.00,"9,840.00"
2019-10-16,2019101601002630,SHIVM,26,8,200,492.00,"98,400.00"
2019-10-16,2019101601002629,SHIVM,25,8,50,493.00,"24,650.00"
2019-10-16,2019101601002628,SHIVM,52,8,500,493.00,"246,500.00"
2019-10-16,2019101601002627,SHIVM,50,8,50,493.00,"24,650.00"
2019-10-16,2019101601002774,SHIVM,56,6,40,493.00,"19,720.00"
2019-10-16,2019101601002635,SHIVM,39,8,467,492.00,"229,764.00"
2019-10-16,2019101601002634,SHIVM,43,8,100,492.00,"49,200.00"
2019-10-16,2019101601002633,SHIVM,3,8,10,492.00,"4,920.00"
2019-10-16,2019101601002501,SHL,44,52,268,206.00,"55,208.00"
2019-10-16,2019101601002500,SHL,19,52,100,206.00,"20,600.00"
2019-10-16,2019101601002499,SHL,58,52,100,206.00,"20,600.00"
2019-10-16,2019101601002498,SHL,51,52,300,206.00,"61,800.00"
2019-10-16,2019101601002650,SHPC,52,45,187,190.00,"35,530.00"
2019-10-16,2019101601002649,SHPC,57,45,20,190.00,"3,800.00"
2019-10-16,2019101601002648,SHPC,45,45,13,193.00,"2,509.00"
2019-10-16,2019101601002901,SIC,42,42,10,475.00,"4,750.00"
2019-10-16,2019101601002509,SIL,11,22,60,381.00,"22,860.00"
2019-10-16,2019101601002916,SINDU,44,52,500,123.00,"61,500.00"
2019-10-16,2019101601002834,SJCL,39,49,10,169.00,"1,690.00"
2019-10-16,2019101601002829,SJCL,39,42,20,169.00,"3,380.00"
2019-10-16,2019101601002811,SJCL,39,49,20,169.00,"3,380.00"
2019-10-16,2019101601002787,SJCL,39,49,20,169.00,"3,380.00"
2019-10-16,2019101601002772,SJCL,39,49,20,169.00,"3,380.00"
2019-10-16,2019101601002497,SJCL,39,49,20,169.00,"3,380.00"
2019-10-16,2019101601002494,SJCL,39,49,20,169.00,"3,380.00"
2019-10-16,2019101601002492,SJCL,39,49,20,169.00,"3,380.00"
2019-10-16,2019101601002485,SJCL,41,49,20,168.00,"3,360.00"
2019-10-16,2019101601002484,SJCL,41,49,10,168.00,"1,680.00"
2019-10-16,2019101601002557,SJCL,39,49,20,169.00,"3,380.00"
2019-10-16,2019101601002550,SJCL,39,49,20,169.00,"3,380.00"
2019-10-16,2019101601002545,SJCL,39,49,20,169.00,"3,380.00"
2019-10-16,2019101601002543,SJCL,39,49,20,169.00,"3,380.00"
2019-10-16,2019101601002507,SJCL,39,49,20,169.00,"3,380.00"
2019-10-16,2019101601002504,SJCL,39,49,20,169.00,"3,380.00"
2019-10-16,2019101601002584,SJCL,39,49,20,169.00,"3,380.00"
2019-10-16,2019101601002580,SJCL,39,49,10,169.00,"1,690.00"
2019-10-16,2019101601002575,SJCL,39,49,20,169.00,"3,380.00"
2019-10-16,2019101601002568,SJCL,39,49,20,169.00,"3,380.00"
2019-10-16,2019101601002565,SJCL,39,49,20,169.00,"3,380.00"
2019-10-16,2019101601002560,SJCL,39,49,20,169.00,"3,380.00"
2019-10-16,2019101601002622,SJCL,39,49,10,169.00,"1,690.00"
2019-10-16,2019101601002606,SJCL,39,49,20,169.00,"3,380.00"
2019-10-16,2019101601002602,SJCL,39,49,20,169.00,"3,380.00"
2019-10-16,2019101601002601,SJCL,39,49,20,169.00,"3,380.00"
2019-10-16,2019101601002595,SJCL,39,49,20,169.00,"3,380.00"
2019-10-16,2019101601002594,SJCL,39,49,20,169.00,"3,380.00"
2019-10-16,2019101601002684,SJCL,39,49,10,169.00,"1,690.00"
2019-10-16,2019101601002671,SJCL,39,49,20,169.00,"3,380.00"
2019-10-16,2019101601002646,SJCL,39,49,20,169.00,"3,380.00"
2019-10-16,2019101601002639,SJCL,39,21,10,169.00,"1,690.00"
2019-10-16,2019101601002638,SJCL,39,49,20,169.00,"3,380.00"
2019-10-16,2019101601002624,SJCL,39,49,20,169.00,"3,380.00"
2019-10-16,2019101601002770,SJCL,32,45,20,170.00,"3,400.00"
2019-10-16,2019101601002739,SJCL,39,49,20,169.00,"3,380.00"
2019-10-16,2019101601002727,SJCL,39,49,20,169.00,"3,380.00"
2019-10-16,2019101601002725,SJCL,39,49,10,169.00,"1,690.00"
2019-10-16,2019101601002705,SJCL,39,49,20,169.00,"3,380.00"
2019-10-16,2019101601002696,SJCL,39,49,20,169.00,"3,380.00"
2019-10-16,2019101601002777,SKBBL,42,38,100,913.00,"91,300.00"
2019-10-16,2019101601002776,SKBBL,52,38,18,914.00,"16,452.00"
2019-10-16,2019101601002775,SKBBL,37,38,20,915.00,"18,300.00"
2019-10-16,2019101601002655,SLBBL,25,55,50,535.00,"26,750.00"
2019-10-16,2019101601002654,SLBBL,44,55,200,535.00,"107,000.00"
2019-10-16,2019101601002653,SLBBL,22,55,50,535.00,"26,750.00"
2019-10-16,2019101601002903,SLBSL,49,38,500,690.00,"345,000.00"
2019-10-16,2019101601002899,SLBSL,49,45,30,688.00,"20,640.00"
2019-10-16,2019101601002607,SLBSL,49,26,10,688.00,"6,880.00"
2019-10-16,2019101601002534,SLBSL,49,17,90,688.00,"61,920.00"
2019-10-16,2019101601002533,SLBSL,22,17,10,689.00,"6,890.00"
2019-10-16,2019101601002940,SLICL,44,44,80,268.00,"21,440.00"
2019-10-16,2019101601002765,SLICL,39,57,200,269.00,"53,800.00"
2019-10-16,2019101601002799,SMATA,35,32,42,530.00,"22,260.00"
2019-10-16,2019101601002687,SMFDB,55,14,200,505.00,"101,000.00"
2019-10-16,2019101601002708,SPARS,32,34,30,534.00,"16,020.00"
2019-10-16,2019101601002810,SRBL,41,38,70,239.00,"16,730.00"
2019-10-16,2019101601002768,SRBL,19,38,30,239.00,"7,170.00"
2019-10-16,2019101601002693,SRBL,57,44,353,238.00,"84,014.00"
2019-10-16,2019101601002618,SRBL,20,44,300,238.00,"71,400.00"
2019-10-16,2019101601002617,SRBL,34,44,100,238.00,"23,800.00"
2019-10-16,2019101601002535,SRBL,32,1,261,239.00,"62,379.00"
2019-10-16,2019101601002724,SWBBL,45,28,188,900.00,"169,200.00"
2019-10-16,2019101601002723,SWBBL,28,28,100,901.00,"90,100.00"
2019-10-16,2019101601002722,SWBBL,45,28,100,904.00,"90,400.00"
2019-10-16,2019101601002721,SWBBL,26,28,100,905.00,"90,500.00"
2019-10-16,2019101601002720,SWBBL,36,28,35,906.00,"31,710.00"
2019-10-16,2019101601002719,SWBBL,45,28,200,906.00,"181,200.00"
2019-10-16,2019101601002718,SWBBL,45,28,10,908.00,"9,080.00"
2019-10-16,2019101601002717,SWBBL,14,28,17,908.00,"15,436.00"
2019-10-16,2019101601002716,UIC,39,42,37,265.00,"9,805.00"
2019-10-16,2019101601002952,UPPER,25,42,10,238.00,"2,380.00"
2019-10-16,2019101601002951,UPPER,25,25,50,237.00,"11,850.00"
2019-10-16,2019101601002950,UPPER,25,1,50,237.00,"11,850.00"
2019-10-16,2019101601002949,UPPER,25,42,72,235.00,"16,920.00"
2019-10-16,2019101601002948,UPPER,25,34,500,235.00,"117,500.00"
2019-10-16,2019101601002947,UPPER,25,34,148,235.00,"34,780.00"
2019-10-16,2019101601002577,UPPER,22,45,40,233.00,"9,320.00"
2019-10-16,2019101601002555,UPPER,22,58,50,233.00,"11,650.00"
2019-10-16,2019101601002544,UPPER,22,58,40,233.00,"9,320.00"
2019-10-16,2019101601002699,UPPER,22,44,40,233.00,"9,320.00"
2019-10-16,2019101601002676,UPPER,22,58,138,233.00,"32,154.00"
2019-10-16,2019101601002641,UPPER,56,44,25,234.00,"5,850.00"
2019-10-16,2019101601002809,UPPER,22,34,192,235.00,"45,120.00"
2019-10-16,2019101601002795,UPPER,41,6,404,234.00,"94,536.00"
2019-10-16,2019101601002794,UPPER,41,58,450,234.00,"105,300.00"
2019-10-16,2019101601002793,UPPER,41,34,18,234.00,"4,212.00"
2019-10-16,2019101601002792,UPPER,41,44,35,234.00,"8,190.00"
2019-10-16,2019101601002759,UPPER,45,44,20,234.00,"4,680.00"
2019-10-16,2019101601002807,VLBS,21,17,40,555.00,"22,200.00"
2019-10-16,2019101601002806,VLBS,45,17,20,559.00,"11,180.00"
2019-10-16,2019101601002805,VLBS,45,17,50,557.00,"27,850.00"
2019-10-16,2019101601002786,VLBS,21,39,60,555.00,"33,300.00"
2019-10-16,2019101601002431,ADBL,21,43,170,413.00,"70,210.00"
2019-10-16,2019101601002421,ADBL,21,43,190,413.00,"78,470.00"
2019-10-16,2019101601002101,ADBL,21,45,60,413.00,"24,780.00"
2019-10-16,2019101601002094,ADBL,21,45,200,413.00,"82,600.00"
2019-10-16,2019101601001995,ADBL,16,58,60,414.00,"24,840.00"
2019-10-16,2019101601001987,ADBL,57,58,48,414.00,"19,872.00"
2019-10-16,2019101601002103,AHPC,57,52,180,97.00,"17,460.00"
2019-10-16,2019101601002102,AHPC,58,52,20,97.00,"1,940.00"
2019-10-16,2019101601002466,AKBSL,43,44,10,406.00,"4,060.00"
2019-10-16,2019101601002465,AKBSL,43,55,10,406.00,"4,060.00"
2019-10-16,2019101601002461,AKBSL,45,55,10,407.00,"4,070.00"
2019-10-16,2019101601002460,AKBSL,45,44,10,407.00,"4,070.00"
2019-10-16,2019101601002454,AKBSL,19,44,10,407.00,"4,070.00"
2019-10-16,2019101601002453,AKBSL,42,55,10,408.00,"4,080.00"
2019-10-16,2019101601002451,AKBSL,42,44,10,408.00,"4,080.00"
2019-10-16,2019101601002447,AKBSL,42,44,10,408.00,"4,080.00"
2019-10-16,2019101601002438,AKBSL,42,44,10,408.00,"4,080.00"
2019-10-16,2019101601002379,ALICL,14,52,70,318.00,"22,260.00"
2019-10-16,2019101601002325,ALICL,26,35,340,317.00,"107,780.00"
2019-10-16,2019101601002138,ALICL,26,50,100,317.00,"31,700.00"
2019-10-16,2019101601002096,ALICL,26,45,100,317.00,"31,700.00"
2019-10-16,2019101601002418,API,42,52,18,114.00,"2,052.00"
2019-10-16,2019101601002417,API,38,52,50,114.00,"5,700.00"
2019-10-16,2019101601002314,BFC,25,25,300,90.00,"27,000.00"
2019-10-16,2019101601002313,BFC,47,25,195,90.00,"17,550.00"
2019-10-16,2019101601002160,BFC,47,57,55,90.00,"4,950.00"
2019-10-16,2019101601002430,BOKL,14,37,200,229.00,"45,800.00"
2019-10-16,2019101601002429,BOKL,42,37,88,229.00,"20,152.00"
2019-10-16,2019101601002428,BOKL,14,37,100,229.00,"22,900.00"
2019-10-16,2019101601002427,BOKL,26,37,300,229.00,"68,700.00"
2019-10-16,2019101601002426,BOKL,6,37,100,229.00,"22,900.00"
2019-10-16,2019101601002425,BOKL,58,37,100,229.00,"22,900.00"
2019-10-16,2019101601002424,BOKL,6,37,76,229.00,"17,404.00"
2019-10-16,2019101601002388,BOKL,38,25,32,230.00,"7,360.00"
2019-10-16,2019101601002120,BPCL,33,57,404,361.00,"145,844.00"
2019-10-16,2019101601002119,BPCL,40,57,190,361.00,"68,590.00"
2019-10-16,2019101601002104,BPCL,40,21,10,361.00,"3,610.00"
2019-10-16,2019101601002012,CBBL,35,45,20,960.00,"19,200.00"
2019-10-16,2019101601002011,CBBL,57,45,50,960.00,"48,000.00"
2019-10-16,2019101601002010,CBBL,56,45,100,960.00,"96,000.00"
2019-10-16,2019101601002009,CBBL,47,45,60,960.00,"57,600.00"
2019-10-16,2019101601002008,CBBL,58,45,10,960.00,"9,600.00"
2019-10-16,2019101601002007,CBBL,45,45,10,961.00,"9,610.00"
2019-10-16,2019101601002006,CBBL,28,45,200,961.00,"192,200.00"
2019-10-16,2019101601002005,CBBL,21,45,70,962.00,"67,340.00"
2019-10-16,2019101601002004,CBBL,21,45,93,962.00,"89,466.00"
2019-10-16,2019101601002061,CBL,11,57,446,142.00,"63,332.00"
2019-10-16,2019101601002060,CBL,58,57,100,142.00,"14,200.00"
2019-10-16,2019101601002059,CBL,43,57,500,142.00,"71,000.00"
2019-10-16,2019101601002058,CBL,39,57,50,142.00,"7,100.00"
2019-10-16,2019101601002057,CBL,29,57,562,142.00,"79,804.00"
2019-10-16,2019101601002056,CBL,52,57,342,143.00,"48,906.00"
2019-10-16,2019101601002151,CCBL,6,44,96,155.00,"14,880.00"
2019-10-16,2019101601002150,CCBL,6,44,96,155.00,"14,880.00"
2019-10-16,2019101601002149,CCBL,6,44,96,155.00,"14,880.00"
2019-10-16,2019101601002148,CCBL,6,44,96,155.00,"14,880.00"
2019-10-16,2019101601002147,CCBL,6,25,110,155.00,"17,050.00"
2019-10-16,2019101601002146,CCBL,6,40,"1,000",155.00,"155,000.00"
2019-10-16,2019101601002049,CCBL,45,25,90,155.00,"13,950.00"
2019-10-16,2019101601002048,CCBL,45,34,32,155.00,"4,960.00"
2019-10-16,2019101601002035,CCBL,8,45,122,154.00,"18,788.00"
2019-10-16,2019101601002145,CCBL,6,8,150,155.00,"23,250.00"
2019-10-16,2019101601002144,CCBL,6,32,734,155.00,"113,770.00"
2019-10-16,2019101601002082,CCBL,32,57,241,154.00,"37,114.00"
2019-10-16,2019101601002081,CCBL,16,57,25,154.00,"3,850.00"
2019-10-16,2019101601002080,CCBL,17,57,200,154.00,"30,800.00"
2019-10-16,2019101601002079,CCBL,8,57,"1,534",154.00,"236,236.00"
2019-10-16,2019101601002209,CFCL,28,28,443,109.00,"48,287.00"
2019-10-16,2019101601002394,CHCL,14,19,98,419.00,"41,062.00"
2019-10-16,2019101601002319,CHCL,19,19,500,419.00,"209,500.00"
2019-10-16,2019101601002297,CHCL,13,19,219,419.00,"91,761.00"
2019-10-16,2019101601002000,CIT,17,48,10,"1,810.00","18,100.00"
2019-10-16,2019101601002406,CZBIL,49,6,15,194.00,"2,910.00"
2019-10-16,2019101601002363,CZBIL,8,54,87,193.00,"16,791.00"
2019-10-16,2019101601002362,CZBIL,8,25,851,193.00,"164,243.00"
2019-10-16,2019101601002329,CZBIL,19,25,500,193.00,"96,500.00"
2019-10-16,2019101601002154,CZBIL,55,25,149,193.00,"28,757.00"
2019-10-16,2019101601002110,CZBIL,55,1,351,193.00,"67,743.00"
2019-10-16,2019101601002109,CZBIL,47,1,10,193.00,"1,930.00"
2019-10-16,2019101601002108,CZBIL,53,1,139,193.00,"26,827.00"
2019-10-16,2019101601001999,CZBIL,58,6,20,194.00,"3,880.00"
2019-10-16,2019101601002322,DBBL,56,29,95,128.00,"12,160.00"
2019-10-16,2019101601002321,DBBL,32,29,289,128.00,"36,992.00"
2019-10-16,2019101601002300,DBBL,32,17,211,128.00,"27,008.00"
2019-10-16,2019101601002050,DBBL,41,49,30,129.00,"3,870.00"
2019-10-16,2019101601002456,DHPL,34,54,11,56.00,616.00
2019-10-16,2019101601002479,EBL,45,54,100,547.00,"54,700.00"
2019-10-16,2019101601002445,EBL,58,26,50,545.00,"27,250.00"
2019-10-16,2019101601002444,EBL,34,26,200,546.00,"109,200.00"
2019-10-16,2019101601002443,EBL,22,26,100,546.00,"54,600.00"
2019-10-16,2019101601002420,EBL,36,54,10,547.00,"5,470.00"
2019-10-16,2019101601002400,EBL,25,54,60,547.00,"32,820.00"
2019-10-16,2019101601002168,EBL,13,54,100,547.00,"54,700.00"
2019-10-16,2019101601002167,EBL,11,54,50,547.00,"27,350.00"
2019-10-16,2019101601002174,EBL,21,54,15,546.00,"8,190.00"
2019-10-16,2019101601002173,EBL,41,54,50,546.00,"27,300.00"
2019-10-16,2019101601002172,EBL,26,54,100,546.00,"54,600.00"
2019-10-16,2019101601002171,EBL,41,54,52,546.00,"28,392.00"
2019-10-16,2019101601002170,EBL,49,54,282,546.00,"153,972.00"
2019-10-16,2019101601002169,EBL,8,54,50,547.00,"27,350.00"
2019-10-16,2019101601002242,EBL,28,6,100,545.00,"54,500.00"
2019-10-16,2019101601002199,EBL,5,6,200,546.00,"109,200.00"
2019-10-16,2019101601002178,EBL,40,54,100,546.00,"54,600.00"
2019-10-16,2019101601002177,EBL,51,54,250,546.00,"136,500.00"
2019-10-16,2019101601002176,EBL,34,54,50,546.00,"27,300.00"
2019-10-16,2019101601002175,EBL,28,54,100,546.00,"54,600.00"
2019-10-16,2019101601002384,EBL,36,54,20,547.00,"10,940.00"
2019-10-16,2019101601002364,EBL,22,54,10,547.00,"5,470.00"
2019-10-16,2019101601002317,EBL,1,54,10,547.00,"5,470.00"
2019-10-16,2019101601002245,EBL,58,6,50,545.00,"27,250.00"
2019-10-16,2019101601002244,EBL,33,6,30,545.00,"16,350.00"
2019-10-16,2019101601002243,EBL,38,6,100,545.00,"54,500.00"
2019-10-16,2019101601002389,EIC,16,5,174,227.00,"39,498.00"
2019-10-16,2019101601002135,EIC,43,49,200,229.00,"45,800.00"
2019-10-16,2019101601002134,EIC,14,49,100,229.00,"22,900.00"
2019-10-16,2019101601002118,EIC,45,38,500,229.00,"114,500.00"
2019-10-16,2019101601002142,FMDBL,37,57,186,314.00,"58,404.00"
2019-10-16,2019101601002141,FMDBL,44,57,20,314.00,"6,280.00"
2019-10-16,2019101601002312,FOWAD,36,22,21,"1,270.00","26,670.00"
2019-10-16,2019101601002153,FOWAD,38,57,11,"1,266.00","13,926.00"
2019-10-16,2019101601002046,FOWAD,19,22,24,"1,270.00","30,480.00"
2019-10-16,2019101601002332,GBLBS,42,19,15,312.00,"4,680.00"
2019-10-16,2019101601002310,GBLBS,52,45,15,311.00,"4,665.00"
2019-10-16,2019101601002054,GBLBS,45,45,10,312.00,"3,120.00"
2019-10-16,2019101601002023,GBLBS,16,45,382,310.00,"118,420.00"
2019-10-16,2019101601002022,GBLBS,8,45,30,310.00,"9,300.00"
2019-10-16,2019101601002021,GBLBS,42,45,90,310.00,"27,900.00"
2019-10-16,2019101601001983,GBLBS,42,40,10,310.00,"3,100.00"
2019-10-16,2019101601002030,GFCL,41,22,100,134.00,"13,400.00"
2019-10-16,2019101601002253,GILB,44,28,46,689.00,"31,694.00"
2019-10-16,2019101601002252,GILB,22,28,10,689.00,"6,890.00"
2019-10-16,2019101601002251,GILB,32,28,20,689.00,"13,780.00"
2019-10-16,2019101601002250,GILB,33,28,20,690.00,"13,800.00"
2019-10-16,2019101601002249,GILB,22,28,10,690.00,"6,900.00"
2019-10-16,2019101601002248,GILB,6,28,10,690.00,"6,900.00"
2019-10-16,2019101601002247,GILB,6,28,10,690.00,"6,900.00"
2019-10-16,2019101601002246,GILB,17,28,30,693.00,"20,790.00"
2019-10-16,2019101601002152,GILB,32,28,14,695.00,"9,730.00"
2019-10-16,2019101601002472,GLBSL,32,58,10,425.00,"4,250.00"
2019-10-16,2019101601001989,GLBSL,32,40,10,425.00,"4,250.00"
2019-10-16,2019101601002391,GLICL,49,14,153,353.00,"54,009.00"
2019-10-16,2019101601002478,GMFBS,42,55,10,460.00,"4,600.00"
2019-10-16,2019101601002306,GMFBS,42,45,10,460.00,"4,600.00"
2019-10-16,2019101601002441,GRDBL,44,22,50,105.00,"5,250.00"
2019-10-16,2019101601002440,GRDBL,44,42,100,105.00,"10,500.00"
2019-10-16,2019101601002233,GRDBL,13,7,100,104.00,"10,400.00"
2019-10-16,2019101601002051,HBL,6,35,95,492.00,"46,740.00"
2019-10-16,2019101601002369,HIDCL,45,52,646,140.00,"90,440.00"
2019-10-16,2019101601002368,HIDCL,45,1,18,140.00,"2,520.00"
2019-10-16,2019101601002367,HIDCL,45,25,300,140.00,"42,000.00"
2019-10-16,2019101601002366,HIDCL,45,6,500,139.00,"69,500.00"
2019-10-16,2019101601002365,HIDCL,45,40,536,139.00,"74,504.00"
2019-10-16,2019101601002191,HIDCL,56,1,100,138.00,"13,800.00"
2019-10-16,2019101601002190,HIDCL,16,1,150,138.00,"20,700.00"
2019-10-16,2019101601002189,HIDCL,45,1,33,138.00,"4,554.00"
2019-10-16,2019101601002183,HPPL,18,36,20,141.00,"2,820.00"
2019-10-16,2019101601002464,JFL,59,1,80,195.00,"15,600.00"
2019-10-16,2019101601002463,JFL,6,1,300,195.00,"58,500.00"
2019-10-16,2019101601002401,JOSHI,22,29,20,62.00,"1,240.00"
2019-10-16,2019101601002318,KBL,58,29,24,182.00,"4,368.00"
2019-10-16,2019101601002236,KBL,58,54,50,182.00,"9,100.00"
2019-10-16,2019101601002235,KBL,52,54,150,182.00,"27,300.00"
2019-10-16,2019101601002124,KBL,52,45,50,182.00,"9,100.00"
2019-10-16,2019101601002415,KKHC,37,43,132,60.00,"7,920.00"
2019-10-16,2019101601002003,LBBL,42,8,100,175.00,"17,500.00"
2019-10-16,2019101601002474,LBL,25,35,500,213.00,"106,500.00"
2019-10-16,2019101601002232,LBL,25,49,266,213.00,"56,658.00"
2019-10-16,2019101601002231,LBL,41,49,100,213.00,"21,300.00"
2019-10-16,2019101601002230,LBL,55,49,48,213.00,"10,224.00"
2019-10-16,2019101601002076,LBL,22,34,100,214.00,"21,400.00"
2019-10-16,2019101601002356,LGIL,17,14,200,315.00,"63,000.00"
2019-10-16,2019101601002355,LGIL,17,41,500,315.00,"157,500.00"
2019-10-16,2019101601002354,LGIL,17,38,200,314.00,"62,800.00"
2019-10-16,2019101601002353,LGIL,17,58,41,310.00,"12,710.00"
2019-10-16,2019101601002084,MBL,6,45,100,223.00,"22,300.00"
2019-10-16,2019101601002039,MBL,6,22,180,223.00,"40,140.00"
2019-10-16,2019101601002279,MDB,11,17,150,248.00,"37,200.00"
2019-10-16,2019101601002278,MDB,11,3,50,248.00,"12,400.00"
2019-10-16,2019101601002105,MEGA,25,45,43,197.00,"8,471.00"
2019-10-16,2019101601002085,MEGA,25,57,"1,000",197.00,"197,000.00"
2019-10-16,2019101601002180,MEGA,25,3,100,197.00,"19,700.00"
2019-10-16,2019101601002133,MEGA,25,45,100,197.00,"19,700.00"
2019-10-16,2019101601002284,MEGA,48,57,38,197.00,"7,486.00"
2019-10-16,2019101601002283,MEGA,25,57,162,197.00,"31,914.00"
2019-10-16,2019101601002296,MEGA,52,34,138,197.00,"27,186.00"
2019-10-16,2019101601002295,MEGA,48,34,62,197.00,"12,214.00"
2019-10-16,2019101601002370,MEGA,52,34,62,197.00,"12,214.00"
2019-10-16,2019101601002383,MEGA,41,45,"1,000",196.00,"196,000.00"
2019-10-16,2019101601002277,MERO,11,49,49,547.00,"26,803.00"
2019-10-16,2019101601002106,MERO,11,49,150,552.00,"82,800.00"
2019-10-16,2019101601002223,MFIL,32,33,500,127.00,"63,500.00"
2019-10-16,2019101601002187,MLBL,13,17,50,216.00,"10,800.00"
2019-10-16,2019101601002097,MLBL,25,17,200,216.00,"43,200.00"
2019-10-16,2019101601002471,MNBBL,35,51,11,316.00,"3,476.00"
2019-10-16,2019101601002470,MNBBL,35,45,100,311.00,"31,100.00"
2019-10-16,2019101601002469,MNBBL,35,48,64,311.00,"19,904.00"
2019-10-16,2019101601002468,MNBBL,35,7,400,310.00,"124,000.00"
2019-10-16,2019101601002467,MNBBL,35,45,100,309.00,"30,900.00"
2019-10-16,2019101601002351,MNBBL,53,19,68,307.00,"20,876.00"
2019-10-16,2019101601002416,MSLB,39,17,100,928.00,"92,800.00"
2019-10-16,2019101601002307,MSLB,33,17,50,931.00,"46,550.00"
2019-10-16,2019101601002157,MSLB,33,38,10,931.00,"9,310.00"
2019-10-16,2019101601002349,NABIL,17,21,100,766.00,"76,600.00"
2019-10-16,2019101601002309,NABIL,16,6,10,767.00,"7,670.00"
2019-10-16,2019101601002274,NABIL,14,5,232,767.00,"177,944.00"
2019-10-16,2019101601002226,NABIL,35,40,176,767.00,"134,992.00"
2019-10-16,2019101601002225,NABIL,35,17,56,766.00,"42,896.00"
2019-10-16,2019101601002186,NABIL,22,21,40,765.00,"30,600.00"
2019-10-16,2019101601002132,NABIL,22,10,50,765.00,"38,250.00"
2019-10-16,2019101601002131,NABIL,22,21,10,765.00,"7,650.00"
2019-10-16,2019101601002405,NADEP,53,58,20,395.00,"7,900.00"
2019-10-16,2019101601002299,NADEP,16,45,20,396.00,"7,920.00"
2019-10-16,2019101601002298,NADEP,16,7,23,396.00,"9,108.00"
2019-10-16,2019101601001988,NADEP,59,56,50,395.00,"19,750.00"
2019-10-16,2019101601002392,NBB,56,53,491,211.00,"103,601.00"
2019-10-16,2019101601002377,NBB,56,22,"2,000",212.00,"424,000.00"
2019-10-16,2019101601002376,NBB,56,37,50,212.00,"10,600.00"
2019-10-16,2019101601002375,NBB,56,14,64,212.00,"13,568.00"
2019-10-16,2019101601002346,NBB,56,42,10,211.00,"2,110.00"
2019-10-16,2019101601002343,NBB,56,29,100,211.00,"21,100.00"
2019-10-16,2019101601002123,NBB,56,26,99,211.00,"20,889.00"
2019-10-16,2019101601002122,NBB,5,26,500,211.00,"105,500.00"
2019-10-16,2019101601002121,NBB,56,26,200,211.00,"42,200.00"
2019-10-16,2019101601002275,NBB,56,6,300,211.00,"63,300.00"
2019-10-16,2019101601002442,NBL,32,43,"3,215",315.00,"1,012,725.00"
2019-10-16,2019101601002378,NBL,53,43,500,315.00,"157,500.00"
2019-10-16,2019101601002357,NBL,34,43,"1,600",315.00,"504,000.00"
2019-10-16,2019101601002347,NBL,45,43,10,315.00,"3,150.00"
2019-10-16,2019101601002336,NBL,49,43,25,315.00,"7,875.00"
2019-10-16,2019101601002089,NBL,45,26,200,314.00,"62,800.00"
2019-10-16,2019101601002088,NBL,22,26,200,314.00,"62,800.00"
2019-10-16,2019101601002087,NBL,34,26,95,314.00,"29,830.00"
2019-10-16,2019101601002382,NCCB,6,1,646,198.00,"127,908.00"
2019-10-16,2019101601002381,NCCB,13,1,300,198.00,"59,400.00"
2019-10-16,2019101601002380,NCCB,6,1,54,198.00,"10,692.00"
2019-10-16,2019101601002358,NCCB,6,36,100,198.00,"19,800.00"
2019-10-16,2019101601002291,NCCB,6,49,500,198.00,"99,000.00"
2019-10-16,2019101601002218,NCCB,6,26,300,198.00,"59,400.00"
2019-10-16,2019101601002044,NCCB,38,42,21,199.00,"4,179.00"
2019-10-16,2019101601001984,NCCB,6,20,11,198.00,"2,178.00"
2019-10-16,2019101601002414,NIB,16,5,286,437.00,"124,982.00"
2019-10-16,2019101601002413,NIB,56,5,414,438.00,"181,332.00"
2019-10-16,2019101601002308,NIB,6,25,50,439.00,"21,950.00"
2019-10-16,2019101601002078,NIB,45,34,10,440.00,"4,400.00"
2019-10-16,2019101601002077,NIB,45,17,34,440.00,"14,960.00"
2019-10-16,2019101601002074,NIB,56,26,336,438.00,"147,168.00"
2019-10-16,2019101601002067,NIB,39,26,49,439.00,"21,511.00"
2019-10-16,2019101601002053,NIB,39,45,44,439.00,"19,316.00"
2019-10-16,2019101601002034,NIB,57,17,100,440.00,"44,000.00"
2019-10-16,2019101601001985,NIB,16,17,60,440.00,"26,400.00"
2019-10-16,2019101601002073,NIB,36,26,30,438.00,"13,140.00"
2019-10-16,2019101601002072,NIB,56,26,100,438.00,"43,800.00"
2019-10-16,2019101601002071,NIB,38,26,150,438.00,"65,700.00"
2019-10-16,2019101601002070,NIB,57,26,50,438.00,"21,900.00"
2019-10-16,2019101601002069,NIB,43,26,200,439.00,"87,800.00"
2019-10-16,2019101601002068,NIB,52,26,500,439.00,"219,500.00"
2019-10-16,2019101601002412,NIBPO,58,4,30,407.00,"12,210.00"
2019-10-16,2019101601002290,NICA,16,21,350,384.00,"134,400.00"
2019-10-16,2019101601002289,NICA,52,21,500,384.00,"192,000.00"
2019-10-16,2019101601002288,NICA,45,21,500,384.00,"192,000.00"
2019-10-16,2019101601002287,NICA,28,21,"1,000",384.00,"384,000.00"
2019-10-16,2019101601002286,NICA,28,21,"1,066",384.00,"409,344.00"
2019-10-16,2019101601002271,NICA,28,51,100,384.00,"38,400.00"
2019-10-16,2019101601002125,NICA,50,19,90,385.00,"34,650.00"
2019-10-16,2019101601002075,NICA,28,36,500,384.00,"192,000.00"
2019-10-16,2019101601002136,NICA,46,8,14,386.00,"5,404.00"
2019-10-16,2019101601002130,NICA,50,55,"1,600",385.00,"616,000.00"
2019-10-16,2019101601002129,NICA,50,52,50,385.00,"19,250.00"
2019-10-16,2019101601002128,NICA,50,43,315,385.00,"121,275.00"
2019-10-16,2019101601002127,NICA,50,6,98,385.00,"37,730.00"
2019-10-16,2019101601002126,NICA,50,44,10,385.00,"3,850.00"
2019-10-16,2019101601002408,NICL,22,52,30,263.00,"7,890.00"
2019-10-16,2019101601002042,NIL,37,44,75,363.00,"27,225.00"
2019-10-16,2019101601002282,NLG,52,41,42,548.00,"23,016.00"
2019-10-16,2019101601002276,NLG,52,41,52,548.00,"28,496.00"
2019-10-16,2019101601002238,NLG,7,52,40,550.00,"22,000.00"
2019-10-16,2019101601002407,NLIC,8,48,22,769.00,"16,918.00"
2019-10-16,2019101601002403,NLIC,32,57,50,770.00,"38,500.00"
2019-10-16,2019101601002402,NLIC,32,16,277,770.00,"213,290.00"
2019-10-16,2019101601002374,NLIC,13,16,70,770.00,"53,900.00"
2019-10-16,2019101601002373,NLIC,13,35,130,770.00,"100,100.00"
2019-10-16,2019101601002348,NLIC,49,35,10,770.00,"7,700.00"
2019-10-16,2019101601002099,NLIC,29,39,100,768.00,"76,800.00"
2019-10-16,2019101601002098,NLIC,56,39,100,768.00,"76,800.00"
2019-10-16,2019101601002090,NLIC,45,45,22,769.00,"16,918.00"
2019-10-16,2019101601002041,NLIC,13,17,16,769.00,"12,304.00"
2019-10-16,2019101601002032,NLIC,47,35,60,770.00,"46,200.00"
2019-10-16,2019101601002434,NLICL,56,28,20,450.00,"9,000.00"
2019-10-16,2019101601002433,NLICL,26,28,180,451.00,"81,180.00"
2019-10-16,2019101601002411,NLICL,26,28,86,451.00,"38,786.00"
2019-10-16,2019101601002410,NLICL,45,28,15,452.00,"6,780.00"
2019-10-16,2019101601002409,NLICL,52,28,50,452.00,"22,600.00"
2019-10-16,2019101601002036,NLICL,26,33,25,455.00,"11,375.00"
2019-10-16,2019101601002432,NMBMF,35,47,25,"1,085.00","27,125.00"
2019-10-16,2019101601002214,NMFBS,47,47,20,"1,700.00","34,000.00"
2019-10-16,2019101601002216,NSEWA,11,50,10,382.00,"3,820.00"
2019-10-16,2019101601002215,NSEWA,11,8,10,377.00,"3,770.00"
2019-10-16,2019101601002255,NTC,16,45,25,626.00,"15,650.00"
2019-10-16,2019101601002113,NTC,16,22,25,626.00,"15,650.00"
2019-10-16,2019101601002095,NTC,45,28,10,630.00,"6,300.00"
2019-10-16,2019101601002261,NTC,39,45,50,625.00,"31,250.00"
2019-10-16,2019101601002260,NTC,39,45,100,625.00,"62,500.00"
2019-10-16,2019101601002259,NTC,49,45,50,625.00,"31,250.00"
2019-10-16,2019101601002258,NTC,41,45,50,625.00,"31,250.00"
2019-10-16,2019101601002257,NTC,34,45,50,625.00,"31,250.00"
2019-10-16,2019101601002256,NTC,51,45,20,626.00,"12,520.00"
2019-10-16,2019101601002324,NTC,59,21,10,630.00,"6,300.00"
2019-10-16,2019101601002265,NTC,39,45,145,625.00,"90,625.00"
2019-10-16,2019101601002264,NTC,28,45,30,625.00,"18,750.00"
2019-10-16,2019101601002263,NTC,39,45,30,625.00,"18,750.00"
2019-10-16,2019101601002262,NTC,28,45,50,625.00,"31,250.00"
2019-10-16,2019101601002086,OHL,22,32,10,469.00,"4,690.00"
2019-10-16,2019101601002029,OHL,42,28,100,465.00,"46,500.00"
2019-10-16,2019101601002450,PCBL,13,25,281,265.00,"74,465.00"
2019-10-16,2019101601002303,PCBL,13,52,19,265.00,"5,035.00"
2019-10-16,2019101601002093,PCBL,36,53,10,266.00,"2,660.00"
2019-10-16,2019101601002092,PCBL,36,39,459,265.00,"121,635.00"
2019-10-16,2019101601002037,PCBL,43,39,500,265.00,"132,500.00"
2019-10-16,2019101601002017,PCBL,42,53,100,266.00,"26,600.00"
2019-10-16,2019101601002294,PIC,42,33,10,362.00,"3,620.00"
2019-10-16,2019101601002293,PIC,45,33,13,362.00,"4,706.00"
2019-10-16,2019101601002292,PIC,45,33,40,362.00,"14,480.00"
2019-10-16,2019101601001998,PIC,45,40,20,362.00,"7,240.00"
2019-10-16,2019101601002455,PRIN,11,38,100,308.00,"30,800.00"
2019-10-16,2019101601002114,PROFL,21,22,30,96.00,"2,880.00"
2019-10-16,2019101601002100,PROFL,19,22,100,96.00,"9,600.00"
2019-10-16,2019101601002439,PRVU,7,22,400,268.00,"107,200.00"
2019-10-16,2019101601002399,PRVU,25,28,100,268.00,"26,800.00"
2019-10-16,2019101601002398,PRVU,37,28,330,268.00,"88,440.00"
2019-10-16,2019101601002397,PRVU,22,28,50,268.00,"13,400.00"
2019-10-16,2019101601002396,PRVU,1,28,200,268.00,"53,600.00"
2019-10-16,2019101601002395,PRVU,4,28,355,268.00,"95,140.00"
2019-10-16,2019101601002028,PRVU,4,44,"3,000",268.00,"804,000.00"
2019-10-16,2019101601002027,PRVU,4,10,208,268.00,"55,744.00"
2019-10-16,2019101601002002,PRVU,4,44,"3,000",268.00,"804,000.00"
2019-10-16,2019101601002116,PRVU,6,3,10,269.00,"2,690.00"
2019-10-16,2019101601002115,PRVU,6,56,50,269.00,"13,450.00"
2019-10-16,2019101601002055,PRVU,41,6,156,268.00,"41,808.00"
2019-10-16,2019101601002045,PRVU,46,56,50,269.00,"13,450.00"
2019-10-16,2019101601002165,PRVU,4,34,368,268.00,"98,624.00"
2019-10-16,2019101601002164,PRVU,17,34,100,268.00,"26,800.00"
2019-10-16,2019101601002163,PRVU,33,34,200,268.00,"53,600.00"
2019-10-16,2019101601002162,PRVU,41,34,500,268.00,"134,000.00"
2019-10-16,2019101601002161,PRVU,41,34,344,268.00,"92,192.00"
2019-10-16,2019101601002117,PRVU,6,6,40,269.00,"10,760.00"
2019-10-16,2019101601002385,PRVU,4,28,"1,780",268.00,"477,040.00"
2019-10-16,2019101601002361,PRVU,4,43,40,269.00,"10,760.00"
2019-10-16,2019101601002360,PRVU,4,25,100,269.00,"26,900.00"
2019-10-16,2019101601002359,PRVU,4,6,860,269.00,"231,340.00"
2019-10-16,2019101601002285,PRVU,57,6,100,269.00,"26,900.00"
2019-10-16,2019101601002211,PRVU,4,44,"1,700",268.00,"455,600.00"
2019-10-16,2019101601002435,RHPL,59,26,65,161.00,"10,465.00"
2019-10-16,2019101601002334,RHPL,59,58,10,161.00,"1,610.00"
2019-10-16,2019101601002328,RHPL,1,39,20,163.00,"3,260.00"
2019-10-16,2019101601002273,RHPL,43,53,100,162.00,"16,200.00"
2019-10-16,2019101601002272,RHPL,40,53,140,162.00,"22,680.00"
2019-10-16,2019101601002268,RHPL,40,26,50,162.00,"8,100.00"
2019-10-16,2019101601002111,RHPL,40,45,20,162.00,"3,240.00"
2019-10-16,2019101601002038,RHPL,49,20,100,162.00,"16,200.00"
2019-10-16,2019101601002019,RHPL,49,19,40,162.00,"6,480.00"
2019-10-16,2019101601002014,RHPL,59,40,40,161.00,"6,440.00"
2019-10-16,2019101601002234,RHPL,40,26,40,162.00,"6,480.00"
2019-10-16,2019101601002213,RHPL,40,26,300,162.00,"48,600.00"
2019-10-16,2019101601002182,RHPL,40,59,210,162.00,"34,020.00"
2019-10-16,2019101601002156,RHPL,19,39,58,163.00,"9,454.00"
2019-10-16,2019101601002155,RHPL,19,44,10,163.00,"1,630.00"
2019-10-16,2019101601002137,RHPL,40,56,240,162.00,"38,880.00"
2019-10-16,2019101601002372,RMDC,10,45,170,603.00,"102,510.00"
2019-10-16,2019101601002204,RRHP,22,22,40,103.00,"4,120.00"
2019-10-16,2019101601002446,SABSL,13,55,10,454.00,"4,540.00"
2019-10-16,2019101601002437,SABSL,13,55,10,454.00,"4,540.00"
2019-10-16,2019101601002423,SABSL,13,55,10,454.00,"4,540.00"
2019-10-16,2019101601002419,SABSL,13,55,10,454.00,"4,540.00"
2019-10-16,2019101601002342,SABSL,13,56,10,456.00,"4,560.00"
2019-10-16,2019101601002237,SABSL,40,58,10,455.00,"4,550.00"
2019-10-16,2019101601002031,SABSL,13,36,50,458.00,"22,900.00"
2019-10-16,2019101601002043,SADBL,21,45,30,140.00,"4,200.00"
2019-10-16,2019101601002016,SADBL,1,26,198,140.00,"27,720.00"
2019-10-16,2019101601002345,SANIMA,34,54,25,307.00,"7,675.00"
2019-10-16,2019101601002344,SANIMA,47,54,30,307.00,"9,210.00"
2019-10-16,2019101601002143,SANIMA,32,45,500,307.00,"153,500.00"
2019-10-16,2019101601002013,SANIMA,32,54,771,306.00,"235,926.00"
2019-10-16,2019101601001997,SANIMA,32,54,100,306.00,"30,600.00"
2019-10-16,2019101601001996,SANIMA,37,54,900,306.00,"275,400.00"
2019-10-16,2019101601001986,SANIMA,37,39,100,306.00,"30,600.00"
2019-10-16,2019101601002477,SAPDBL,17,45,184,124.00,"22,816.00"
2019-10-16,2019101601002270,SAPDBL,17,21,50,124.00,"6,200.00"
2019-10-16,2019101601002188,SAPDBL,42,52,50,126.00,"6,300.00"
2019-10-16,2019101601002140,SBI,8,11,44,394.00,"17,336.00"
2019-10-16,2019101601002139,SBI,39,11,57,394.00,"22,458.00"
2019-10-16,2019101601002066,SBI,39,54,93,394.00,"36,642.00"
2019-10-16,2019101601002065,SBI,26,54,100,394.00,"39,400.00"
2019-10-16,2019101601002064,SBI,22,54,10,394.00,"3,940.00"
2019-10-16,2019101601002063,SBI,28,54,500,395.00,"197,500.00"
2019-10-16,2019101601002062,SBI,37,54,20,397.00,"7,940.00"
2019-10-16,2019101601002207,SBL,57,6,100,295.00,"29,500.00"
2019-10-16,2019101601002206,SBL,46,6,100,295.00,"29,500.00"
2019-10-16,2019101601002205,SBL,43,6,100,295.00,"29,500.00"
2019-10-16,2019101601002371,SCB,36,44,33,573.00,"18,909.00"
2019-10-16,2019101601002304,SCB,38,6,100,571.00,"57,100.00"
2019-10-16,2019101601002166,SCB,16,44,50,573.00,"28,650.00"
2019-10-16,2019101601002047,SCB,22,22,480,572.00,"274,560.00"
2019-10-16,2019101601002001,SCB,37,44,10,573.00,"5,730.00"
2019-10-16,2019101601002462,SHIVM,29,26,20,494.00,"9,880.00"
2019-10-16,2019101601002221,SHIVM,52,26,170,494.00,"83,980.00"
2019-10-16,2019101601002192,SHIVM,52,32,30,494.00,"14,820.00"
2019-10-16,2019101601002158,SHIVM,57,47,15,493.00,"7,395.00"
2019-10-16,2019101601002107,SHIVM,57,45,20,493.00,"9,860.00"
2019-10-16,2019101601002020,SHIVM,36,47,10,493.00,"4,930.00"
2019-10-16,2019101601002320,SIC,1,21,10,470.00,"4,700.00"
2019-10-16,2019101601002208,SICL,38,35,79,724.00,"57,196.00"
2019-10-16,2019101601002091,SICL,39,55,50,722.00,"36,100.00"
2019-10-16,2019101601001982,SICL,39,56,12,722.00,"8,664.00"
2019-10-16,2019101601002220,SIL,11,10,440,381.00,"167,640.00"
2019-10-16,2019101601002210,SIL,11,7,112,384.00,"43,008.00"
2019-10-16,2019101601002196,SIL,41,10,27,380.00,"10,260.00"
2019-10-16,2019101601002195,SIL,48,10,100,380.00,"38,000.00"
2019-10-16,2019101601002194,SIL,39,10,268,380.00,"101,840.00"
2019-10-16,2019101601002184,SIL,33,10,120,381.00,"45,720.00"
2019-10-16,2019101601002481,SJCL,41,49,20,168.00,"3,360.00"
2019-10-16,2019101601002480,SJCL,41,49,20,168.00,"3,360.00"
2019-10-16,2019101601002475,SJCL,41,49,20,168.00,"3,360.00"
2019-10-16,2019101601002473,SJCL,41,49,20,168.00,"3,360.00"
2019-10-16,2019101601002459,SJCL,41,49,10,168.00,"1,680.00"
2019-10-16,2019101601002452,SJCL,41,49,20,168.00,"3,360.00"
2019-10-16,2019101601002112,SJCL,55,45,20,169.00,"3,380.00"
2019-10-16,2019101601002224,SJCL,55,49,20,169.00,"3,380.00"
2019-10-16,2019101601002219,SJCL,55,49,20,169.00,"3,380.00"
2019-10-16,2019101601002212,SJCL,55,49,20,169.00,"3,380.00"
2019-10-16,2019101601002193,SJCL,55,49,10,169.00,"1,690.00"
2019-10-16,2019101601002269,SJCL,29,49,20,168.00,"3,360.00"
2019-10-16,2019101601002266,SJCL,29,26,20,168.00,"3,360.00"
2019-10-16,2019101601002241,SJCL,55,41,90,169.00,"15,210.00"
2019-10-16,2019101601002227,SJCL,55,26,20,169.00,"3,380.00"
2019-10-16,2019101601002316,SJCL,29,49,20,168.00,"3,360.00"
2019-10-16,2019101601002311,SJCL,29,49,20,168.00,"3,360.00"
2019-10-16,2019101601002305,SJCL,29,49,20,168.00,"3,360.00"
2019-10-16,2019101601002302,SJCL,29,49,20,168.00,"3,360.00"
2019-10-16,2019101601002352,SJCL,29,49,10,168.00,"1,680.00"
2019-10-16,2019101601002335,SJCL,1,41,20,169.00,"3,380.00"
2019-10-16,2019101601002333,SJCL,29,49,20,168.00,"3,360.00"
2019-10-16,2019101601002326,SJCL,29,58,10,168.00,"1,680.00"
2019-10-16,2019101601002323,SJCL,29,49,20,168.00,"3,360.00"
2019-10-16,2019101601002449,SJCL,18,49,10,169.00,"1,690.00"
2019-10-16,2019101601002422,SJCL,18,41,190,169.00,"32,110.00"
2019-10-16,2019101601002404,SJCL,29,49,20,168.00,"3,360.00"
2019-10-16,2019101601002393,SJCL,29,49,20,168.00,"3,360.00"
2019-10-16,2019101601002390,SJCL,29,49,10,168.00,"1,680.00"
2019-10-16,2019101601002301,SKBBL,5,5,400,919.00,"367,600.00"
2019-10-16,2019101601002083,SKBBL,41,38,75,916.00,"68,700.00"
2019-10-16,2019101601002281,SLBSL,22,25,40,689.00,"27,560.00"
2019-10-16,2019101601002280,SLBSL,22,58,50,689.00,"34,450.00"
2019-10-16,2019101601002217,SLBSL,49,6,200,688.00,"137,600.00"
2019-10-16,2019101601002025,SLBSL,59,58,10,687.00,"6,870.00"
2019-10-16,2019101601002185,SLICL,52,26,70,268.00,"18,760.00"
2019-10-16,2019101601002181,SLICL,52,1,335,268.00,"89,780.00"
2019-10-16,2019101601002341,SMATA,25,28,20,530.00,"10,600.00"
2019-10-16,2019101601002340,SMATA,58,28,30,532.00,"15,960.00"
2019-10-16,2019101601002339,SMATA,34,28,10,532.00,"5,320.00"
2019-10-16,2019101601002338,SMATA,8,28,250,533.00,"133,250.00"
2019-10-16,2019101601002387,SMFDB,11,14,500,501.00,"250,500.00"
2019-10-16,2019101601002386,SMFDB,32,14,30,502.00,"15,060.00"
2019-10-16,2019101601002222,SMFDB,11,14,50,504.00,"25,200.00"
2019-10-16,2019101601002436,SPARS,32,10,50,534.00,"26,700.00"
2019-10-16,2019101601002458,SRBL,32,1,112,239.00,"26,768.00"
2019-10-16,2019101601002457,SRBL,32,54,27,239.00,"6,453.00"
2019-10-16,2019101601002203,SRBL,32,54,164,239.00,"39,196.00"
2019-10-16,2019101601002202,SRBL,32,43,171,239.00,"40,869.00"
2019-10-16,2019101601002201,SRBL,32,47,50,239.00,"11,950.00"
2019-10-16,2019101601002200,SRBL,32,22,15,239.00,"3,585.00"
2019-10-16,2019101601002198,SRBL,13,11,50,238.00,"11,900.00"
2019-10-16,2019101601002197,SRBL,51,11,46,238.00,"10,948.00"
2019-10-16,2019101601002179,SRBL,51,28,100,238.00,"23,800.00"
2019-10-16,2019101601002018,SRBL,51,40,50,238.00,"11,900.00"
2019-10-16,2019101601002240,UNHPL,22,22,40,57.00,"2,280.00"
2019-10-16,2019101601002015,UNHPL,22,6,100,58.00,"5,800.00"
2019-10-16,2019101601002040,UPCL,11,43,100,80.00,"8,000.00"
2019-10-16,2019101601002033,UPCL,11,43,100,80.00,"8,000.00"
2019-10-16,2019101601002024,UPCL,11,6,100,80.00,"8,000.00"
2019-10-16,2019101601002476,UPPER,21,44,420,234.00,"98,280.00"
2019-10-16,2019101601002448,UPPER,19,44,500,234.00,"117,000.00"
2019-10-16,2019101601002350,UPPER,50,34,10,235.00,"2,350.00"
2019-10-16,2019101601002337,UPPER,49,8,40,233.00,"9,320.00"
2019-10-16,2019101601002331,UPPER,41,44,990,234.00,"231,660.00"
2019-10-16,2019101601002330,UPPER,41,58,50,233.00,"11,650.00"
2019-10-16,2019101601002026,UPPER,50,44,10,234.00,"2,340.00"
2019-10-16,2019101601001994,UPPER,11,33,17,233.00,"3,961.00"
2019-10-16,2019101601001993,UPPER,33,33,500,233.00,"116,500.00"
2019-10-16,2019101601001992,UPPER,16,33,300,233.00,"69,900.00"
2019-10-16,2019101601001991,UPPER,45,33,54,233.00,"12,582.00"
2019-10-16,2019101601001990,UPPER,45,33,129,233.00,"30,057.00"
2019-10-16,2019101601002327,UPPER,11,8,50,232.00,"11,600.00"
2019-10-16,2019101601002267,UPPER,38,58,50,233.00,"11,650.00"
2019-10-16,2019101601002229,UPPER,37,58,17,233.00,"3,961.00"
2019-10-16,2019101601002228,UPPER,11,58,33,233.00,"7,689.00"
2019-10-16,2019101601002159,UPPER,45,45,9,229.00,"2,061.00"
2019-10-16,2019101601002052,UPPER,11,22,50,233.00,"11,650.00"
2019-10-16,2019101601002315,VLBS,45,6,150,558.00,"83,700.00"
2019-10-16,2019101601002254,VLBS,45,42,150,554.00,"83,100.00"
2019-10-16,2019101601002239,VLBS,45,42,150,554.00,"83,100.00"
2019-10-16,2019101601001930,ADBL,22,58,200,414.00,"82,800.00"
2019-10-16,2019101601001866,ADBL,21,36,176,413.00,"72,688.00"
2019-10-16,2019101601001513,ADBL,44,44,4,410.00,"1,640.00"
2019-10-16,2019101601001914,AKBSL,42,35,10,408.00,"4,080.00"
2019-10-16,2019101601001848,AKBSL,19,40,10,407.00,"4,070.00"
2019-10-16,2019101601001764,AKBSL,19,40,10,407.00,"4,070.00"
2019-10-16,2019101601001737,AKBSL,19,40,10,407.00,"4,070.00"
2019-10-16,2019101601001592,AKBSL,19,6,10,407.00,"4,070.00"
2019-10-16,2019101601001731,AKJCL,17,17,20,56.00,"1,120.00"
2019-10-16,2019101601001634,AKJCL,41,17,10,56.00,560.00
2019-10-16,2019101601001821,ALBSL,25,40,10,384.00,"3,840.00"
2019-10-16,2019101601001743,ALBSL,25,40,10,384.00,"3,840.00"
2019-10-16,2019101601001591,ALBSL,38,40,10,383.00,"3,830.00"
2019-10-16,2019101601001488,API,41,34,"2,000",114.00,"228,000.00"
2019-10-16,2019101601001664,BFC,47,52,50,90.00,"4,500.00"
2019-10-16,2019101601001663,BFC,21,52,40,90.00,"3,600.00"
2019-10-16,2019101601001919,BOKL,6,25,10,230.00,"2,300.00"
2019-10-16,2019101601001918,BOKL,26,25,10,230.00,"2,300.00"
2019-10-16,2019101601001555,BOKL,28,35,40,230.00,"9,200.00"
2019-10-16,2019101601001512,CBL,52,41,12,143.00,"1,716.00"
2019-10-16,2019101601001511,CBL,52,39,110,143.00,"15,730.00"
2019-10-16,2019101601001510,CBL,52,22,36,143.00,"5,148.00"
2019-10-16,2019101601001915,CCBL,8,41,12,154.00,"1,848.00"
2019-10-16,2019101601001486,CCBL,39,34,10,155.00,"1,550.00"
2019-10-16,2019101601001931,CFCL,25,41,11,108.00,"1,188.00"
2019-10-16,2019101601001749,CHCL,40,19,163,419.00,"68,297.00"
2019-10-16,2019101601001714,CLBSL,6,10,20,466.00,"9,320.00"
2019-10-16,2019101601001713,CLBSL,48,10,30,466.00,"13,980.00"
2019-10-16,2019101601001712,CLBSL,7,10,24,467.00,"11,208.00"
2019-10-16,2019101601001960,CZBIL,53,25,10,193.00,"1,930.00"
2019-10-16,2019101601001957,CZBIL,53,25,51,193.00,"9,843.00"
2019-10-16,2019101601001956,CZBIL,25,25,45,193.00,"8,685.00"
2019-10-16,2019101601001955,CZBIL,17,25,90,193.00,"17,370.00"
2019-10-16,2019101601001927,CZBIL,17,51,100,193.00,"19,300.00"
2019-10-16,2019101601001802,CZBIL,17,45,10,193.00,"1,930.00"
2019-10-16,2019101601001917,DBBL,32,34,500,128.00,"64,000.00"
2019-10-16,2019101601001916,DBBL,41,34,100,128.00,"12,800.00"
2019-10-16,2019101601001667,DBBL,29,43,500,127.00,"63,500.00"
2019-10-16,2019101601001666,DBBL,32,43,500,128.00,"64,000.00"
2019-10-16,2019101601001646,DBBL,32,34,300,128.00,"38,400.00"
2019-10-16,2019101601001506,DBBL,32,32,500,128.00,"64,000.00"
2019-10-16,2019101601001873,DHPL,34,54,10,55.00,550.00
2019-10-16,2019101601001972,EBL,11,22,50,547.00,"27,350.00"
2019-10-16,2019101601001939,EBL,51,22,250,547.00,"136,750.00"
2019-10-16,2019101601001868,EBL,49,56,60,546.00,"32,760.00"
2019-10-16,2019101601001862,EBL,14,22,50,547.00,"27,350.00"
2019-10-16,2019101601001792,EBL,1,19,84,548.00,"46,032.00"
2019-10-16,2019101601001789,EBL,49,22,25,546.00,"13,650.00"
2019-10-16,2019101601001563,EBL,45,56,50,546.00,"27,300.00"
2019-10-16,2019101601001562,EBL,58,56,37,546.00,"20,202.00"
2019-10-16,2019101601001496,EBL,39,43,10,547.00,"5,470.00"
2019-10-16,2019101601001717,EBL,28,14,100,547.00,"54,700.00"
2019-10-16,2019101601001716,EBL,42,19,50,548.00,"27,400.00"
2019-10-16,2019101601001653,EBL,49,19,10,548.00,"5,480.00"
2019-10-16,2019101601001565,EBL,55,56,23,546.00,"12,558.00"
2019-10-16,2019101601001564,EBL,17,56,30,546.00,"16,380.00"
2019-10-16,2019101601001783,EBL,28,14,70,547.00,"38,290.00"
2019-10-16,2019101601001766,EBL,6,14,30,547.00,"16,410.00"
2019-10-16,2019101601001723,EBL,34,34,"1,338",546.00,"730,548.00"
2019-10-16,2019101601001722,EBL,49,28,33,546.00,"18,018.00"
2019-10-16,2019101601001721,EBL,14,28,50,546.00,"27,300.00"
2019-10-16,2019101601001720,EBL,55,28,17,546.00,"9,282.00"
2019-10-16,2019101601001976,EIC,7,49,79,230.00,"18,170.00"
2019-10-16,2019101601001912,EIC,7,49,164,230.00,"37,720.00"
2019-10-16,2019101601001769,EIC,6,49,20,230.00,"4,600.00"
2019-10-16,2019101601001820,FMDBL,44,10,30,314.00,"9,420.00"
2019-10-16,2019101601001819,FMDBL,55,10,20,315.00,"6,300.00"
2019-10-16,2019101601001586,FMDBL,19,53,10,319.00,"3,190.00"
2019-10-16,2019101601001585,FMDBL,19,48,40,318.00,"12,720.00"
2019-10-16,2019101601001962,GBBL,40,42,25,217.00,"5,425.00"
2019-10-16,2019101601001549,GBBL,53,49,100,216.00,"21,600.00"
2019-10-16,2019101601001548,GBBL,53,43,18,216.00,"3,888.00"
2019-10-16,2019101601001547,GBBL,53,4,99,215.00,"21,285.00"
2019-10-16,2019101601001738,GBLBS,32,58,"1,400",310.00,"434,000.00"
2019-10-16,2019101601001736,GBLBS,57,58,40,310.00,"12,400.00"
2019-10-16,2019101601001735,GBLBS,8,58,500,310.00,"155,000.00"
2019-10-16,2019101601001734,GBLBS,26,58,50,311.00,"15,550.00"
2019-10-16,2019101601001733,GBLBS,21,58,10,311.00,"3,110.00"
2019-10-16,2019101601001696,GBLBS,21,40,10,311.00,"3,110.00"
2019-10-16,2019101601001614,GBLBS,21,17,10,311.00,"3,110.00"
2019-10-16,2019101601001574,GBLBS,42,40,10,311.00,"3,110.00"
2019-10-16,2019101601001610,GIMES1,19,40,"1,150",6.89,"7,923.50"
2019-10-16,2019101601001556,GIMES1,6,40,850,6.76,"5,746.00"
2019-10-16,2019101601001566,GLBSL,32,11,10,425.00,"4,250.00"
2019-10-16,2019101601001824,GLICL,10,58,310,353.00,"109,430.00"
2019-10-16,2019101601001775,GLICL,58,46,435,348.00,"151,380.00"
2019-10-16,2019101601001774,GLICL,11,46,100,348.00,"34,800.00"
2019-10-16,2019101601001773,GLICL,45,46,20,348.00,"6,960.00"
2019-10-16,2019101601001772,GLICL,28,46,10,349.00,"3,490.00"
2019-10-16,2019101601001771,GLICL,34,46,200,349.00,"69,800.00"
2019-10-16,2019101601001770,GLICL,57,46,180,349.00,"62,820.00"
2019-10-16,2019101601001662,GLICL,10,14,196,350.00,"68,600.00"
2019-10-16,2019101601001904,GMFBS,42,53,10,460.00,"4,600.00"
2019-10-16,2019101601001822,GMFBS,42,33,100,464.00,"46,400.00"
2019-10-16,2019101601001785,GMFBS,42,40,10,460.00,"4,600.00"
2019-10-16,2019101601001699,GMFBS,42,40,10,460.00,"4,600.00"
2019-10-16,2019101601001604,GMFBS,42,42,10,460.00,"4,600.00"
2019-10-16,2019101601001600,GMFBS,42,11,10,460.00,"4,600.00"
2019-10-16,2019101601001518,GMFBS,42,40,10,460.00,"4,600.00"
2019-10-16,2019101601001725,GRDBL,22,38,930,103.00,"95,790.00"
2019-10-16,2019101601001724,GRDBL,39,38,50,103.00,"5,150.00"
2019-10-16,2019101601001941,GUFL,3,21,10,110.00,"1,100.00"
2019-10-16,2019101601001929,GUFL,3,8,500,110.00,"55,000.00"
2019-10-16,2019101601001528,HBL,45,28,200,492.00,"98,400.00"
2019-10-16,2019101601001527,HBL,22,28,150,493.00,"73,950.00"
2019-10-16,2019101601001526,HBL,17,28,30,494.00,"14,820.00"
2019-10-16,2019101601001525,HBL,42,28,20,495.00,"9,900.00"
2019-10-16,2019101601001644,HGI,17,28,50,260.00,"13,000.00"
2019-10-16,2019101601001598,HGI,35,28,30,260.00,"7,800.00"
2019-10-16,2019101601001536,HGI,37,28,100,260.00,"26,000.00"
2019-10-16,2019101601001535,HGI,22,28,20,261.00,"5,220.00"
2019-10-16,2019101601001937,HIDCL,45,40,100,139.00,"13,900.00"
2019-10-16,2019101601001630,HPPL,41,17,20,140.00,"2,800.00"
2019-10-16,2019101601001703,ILBS,19,40,10,421.00,"4,210.00"
2019-10-16,2019101601001688,ILBS,19,17,10,421.00,"4,210.00"
2019-10-16,2019101601001605,ILBS,47,11,10,421.00,"4,210.00"
2019-10-16,2019101601001577,ILBS,33,40,10,425.00,"4,250.00"
2019-10-16,2019101601001896,JBBL,26,38,10,162.00,"1,620.00"
2019-10-16,2019101601001730,JFL,6,17,300,196.00,"58,800.00"
2019-10-16,2019101601001729,JFL,35,17,200,196.00,"39,200.00"
2019-10-16,2019101601001728,JFL,39,17,14,196.00,"2,744.00"
2019-10-16,2019101601001727,JFL,6,17,200,196.00,"39,200.00"
2019-10-16,2019101601001726,JFL,6,17,500,196.00,"98,000.00"
2019-10-16,2019101601001952,KBL,4,48,550,182.00,"100,100.00"
2019-10-16,2019101601001951,KBL,4,26,700,182.00,"127,400.00"
2019-10-16,2019101601001950,KBL,4,52,400,182.00,"72,800.00"
2019-10-16,2019101601001949,KBL,4,29,50,182.00,"9,100.00"
2019-10-16,2019101601001948,KBL,4,4,150,182.00,"27,300.00"
2019-10-16,2019101601001947,KBL,4,52,100,182.00,"18,200.00"
2019-10-16,2019101601001784,KBL,4,43,370,181.00,"66,970.00"
2019-10-16,2019101601001632,KBL,48,43,200,180.00,"36,000.00"
2019-10-16,2019101601001545,KBL,45,43,50,181.00,"9,050.00"
2019-10-16,2019101601001544,KBL,51,43,300,181.00,"54,300.00"
2019-10-16,2019101601001543,KBL,4,43,"1,780",181.00,"322,180.00"
2019-10-16,2019101601001946,KBL,4,52,900,182.00,"163,800.00"
2019-10-16,2019101601001945,KBL,4,43,290,182.00,"52,780.00"
2019-10-16,2019101601001935,KBL,4,51,100,181.00,"18,100.00"
2019-10-16,2019101601001924,KBL,4,14,271,181.00,"49,051.00"
2019-10-16,2019101601001882,KBL,4,57,700,181.00,"126,700.00"
2019-10-16,2019101601001847,KBL,34,43,135,182.00,"24,570.00"
2019-10-16,2019101601001874,KPCL,41,26,10,79.00,790.00
2019-10-16,2019101601001810,KPCL,56,45,10,78.00,780.00
2019-10-16,2019101601001719,KSBBL,17,17,167,141.00,"23,547.00"
2019-10-16,2019101601001926,LGIL,29,58,300,310.00,"93,000.00"
2019-10-16,2019101601001961,LICN,28,22,30,967.00,"29,010.00"
2019-10-16,2019101601001959,LICN,13,22,10,979.00,"9,790.00"
2019-10-16,2019101601001958,MBL,14,16,100,224.00,"22,400.00"
2019-10-16,2019101601001900,MBL,57,16,10,224.00,"2,240.00"
2019-10-16,2019101601001502,MEGA,32,42,50,197.00,"9,850.00"
2019-10-16,2019101601001626,MEGA,25,43,25,197.00,"4,925.00"
2019-10-16,2019101601001625,MEGA,32,43,175,197.00,"34,475.00"
2019-10-16,2019101601001867,MERO,11,57,18,545.00,"9,810.00"
2019-10-16,2019101601001693,MERO,48,44,70,545.00,"38,150.00"
2019-10-16,2019101601001692,MERO,26,44,50,546.00,"27,300.00"
2019-10-16,2019101601001691,MERO,19,44,50,546.00,"27,300.00"
2019-10-16,2019101601001690,MERO,19,44,40,546.00,"21,840.00"
2019-10-16,2019101601001801,MERO,34,44,73,545.00,"39,785.00"
2019-10-16,2019101601001800,MERO,19,44,20,545.00,"10,900.00"
2019-10-16,2019101601001695,MERO,1,44,200,545.00,"109,000.00"
2019-10-16,2019101601001694,MERO,39,44,17,545.00,"9,265.00"
2019-10-16,2019101601001864,MERO,34,57,27,545.00,"14,715.00"
2019-10-16,2019101601001590,MFIL,32,52,971,126.00,"122,346.00"
2019-10-16,2019101601001558,MFIL,32,19,10,126.00,"1,260.00"
2019-10-16,2019101601001645,MLBL,42,17,25,216.00,"5,400.00"
2019-10-16,2019101601001814,MLBL,49,26,300,215.00,"64,500.00"
2019-10-16,2019101601001813,MLBL,35,26,718,215.00,"154,370.00"
2019-10-16,2019101601001854,MLBL,59,57,282,215.00,"60,630.00"
2019-10-16,2019101601001853,MLBL,52,57,500,215.00,"107,500.00"
2019-10-16,2019101601001852,MLBL,42,57,218,215.00,"46,870.00"
2019-10-16,2019101601001816,MLBL,42,26,782,215.00,"168,130.00"
2019-10-16,2019101601001815,MLBL,25,26,200,215.00,"43,000.00"
2019-10-16,2019101601001877,MNBBL,53,16,200,307.00,"61,400.00"
2019-10-16,2019101601001876,MNBBL,53,53,51,307.00,"15,657.00"
2019-10-16,2019101601001870,MNBBL,59,53,99,307.00,"30,393.00"
2019-10-16,2019101601001551,MNBBL,14,53,25,307.00,"7,675.00"
2019-10-16,2019101601001681,NABIL,45,45,50,766.00,"38,300.00"
2019-10-16,2019101601001657,NADEP,26,58,20,397.00,"7,940.00"
2019-10-16,2019101601001652,NADEP,26,32,20,397.00,"7,940.00"
2019-10-16,2019101601001879,NBB,34,57,500,211.00,"105,500.00"
2019-10-16,2019101601001878,NBB,34,34,"2,000",211.00,"422,000.00"
2019-10-16,2019101601001855,NBB,56,34,"1,000",211.00,"211,000.00"
2019-10-16,2019101601001747,NBB,32,50,500,211.00,"105,500.00"
2019-10-16,2019101601001676,NBB,25,48,500,211.00,"105,500.00"
2019-10-16,2019101601001975,NBL,34,41,165,314.00,"51,810.00"
2019-10-16,2019101601001942,NBL,58,43,300,315.00,"94,500.00"
2019-10-16,2019101601001798,NBL,34,22,50,314.00,"15,700.00"
2019-10-16,2019101601001742,NBL,34,45,390,314.00,"122,460.00"
2019-10-16,2019101601001741,NBL,4,45,100,314.00,"31,400.00"
2019-10-16,2019101601001740,NBL,10,45,200,314.00,"62,800.00"
2019-10-16,2019101601001739,NBL,43,45,310,314.00,"97,340.00"
2019-10-16,2019101601001671,NBL,43,10,10,314.00,"3,140.00"
2019-10-16,2019101601001670,NBL,51,10,90,314.00,"28,260.00"
2019-10-16,2019101601001637,NBL,51,43,100,314.00,"31,400.00"
2019-10-16,2019101601001530,NBL,32,43,950,315.00,"299,250.00"
2019-10-16,2019101601001529,NBL,32,43,400,315.00,"126,000.00"
2019-10-16,2019101601001954,NCCB,56,42,121,199.00,"24,079.00"
2019-10-16,2019101601001953,NCCB,34,42,60,199.00,"11,940.00"
2019-10-16,2019101601001893,NCCB,26,48,10,200.00,"2,000.00"
2019-10-16,2019101601001818,NCCB,58,48,10,200.00,"2,000.00"
2019-10-16,2019101601001817,NCCB,58,21,15,199.00,"2,985.00"
2019-10-16,2019101601001776,NCCB,6,22,35,198.00,"6,930.00"
2019-10-16,2019101601001567,NCCB,6,6,87,199.00,"17,313.00"
2019-10-16,2019101601001576,NCCB,58,48,10,200.00,"2,000.00"
2019-10-16,2019101601001572,NCCB,6,33,750,199.00,"149,250.00"
2019-10-16,2019101601001571,NCCB,6,13,50,199.00,"9,950.00"
2019-10-16,2019101601001570,NCCB,6,19,381,199.00,"75,819.00"
2019-10-16,2019101601001569,NCCB,6,22,605,199.00,"120,395.00"
2019-10-16,2019101601001568,NCCB,6,39,300,199.00,"59,700.00"
2019-10-16,2019101601001899,NHPC,16,34,420,52.00,"21,840.00"
2019-10-16,2019101601001898,NHPC,45,34,580,52.00,"30,160.00"
2019-10-16,2019101601001858,NIB,39,40,21,439.00,"9,219.00"
2019-10-16,2019101601001857,NIB,39,40,11,439.00,"4,829.00"
2019-10-16,2019101601001856,NIB,57,40,12,439.00,"5,268.00"
2019-10-16,2019101601001823,NIB,57,40,44,439.00,"19,316.00"
2019-10-16,2019101601001788,NIB,57,40,44,439.00,"19,316.00"
2019-10-16,2019101601001745,NIB,39,40,44,439.00,"19,316.00"
2019-10-16,2019101601001524,NIB,28,17,20,440.00,"8,800.00"
2019-10-16,2019101601001708,NIB,26,17,786,440.00,"345,840.00"
2019-10-16,2019101601001651,NIB,26,29,214,439.00,"93,946.00"
2019-10-16,2019101601001650,NIB,45,29,100,439.00,"43,900.00"
2019-10-16,2019101601001649,NIB,6,29,40,439.00,"17,560.00"
2019-10-16,2019101601001648,NIB,41,29,146,439.00,"64,094.00"
2019-10-16,2019101601001615,NIB,41,40,44,439.00,"19,316.00"
2019-10-16,2019101601001894,NIBPO,6,4,100,408.00,"40,800.00"
2019-10-16,2019101601001636,NIBPO,26,4,30,407.00,"12,210.00"
2019-10-16,2019101601001490,NIBPO,32,4,50,407.00,"20,350.00"
2019-10-16,2019101601001746,NICA,57,55,300,385.00,"115,500.00"
2019-10-16,2019101601001683,NICA,38,55,184,385.00,"70,840.00"
2019-10-16,2019101601001682,NICA,28,38,184,384.00,"70,656.00"
2019-10-16,2019101601001517,NICA,50,55,10,385.00,"3,850.00"
2019-10-16,2019101601001906,NICL,25,38,150,263.00,"39,450.00"
2019-10-16,2019101601001905,NICL,41,38,100,264.00,"26,400.00"
2019-10-16,2019101601001755,NLG,53,52,10,550.00,"5,500.00"
2019-10-16,2019101601001871,NLIC,32,40,22,770.00,"16,940.00"
2019-10-16,2019101601001837,NLIC,13,40,22,769.00,"16,918.00"
2019-10-16,2019101601001794,NLIC,13,45,200,769.00,"153,800.00"
2019-10-16,2019101601001793,NLIC,13,40,22,769.00,"16,918.00"
2019-10-16,2019101601001748,NLIC,13,40,22,769.00,"16,918.00"
2019-10-16,2019101601001744,NLIC,41,38,92,770.00,"70,840.00"
2019-10-16,2019101601001501,NLIC,39,40,11,770.00,"8,470.00"
2019-10-16,2019101601001500,NLIC,42,40,11,770.00,"8,470.00"
2019-10-16,2019101601001489,NLIC,16,16,500,770.00,"385,000.00"
2019-10-16,2019101601001622,NLIC,28,38,10,770.00,"7,700.00"
2019-10-16,2019101601001621,NLIC,35,38,100,770.00,"77,000.00"
2019-10-16,2019101601001620,NLIC,21,38,188,770.00,"144,760.00"
2019-10-16,2019101601001619,NLIC,32,38,50,771.00,"38,550.00"
2019-10-16,2019101601001522,NLIC,21,40,12,770.00,"9,240.00"
2019-10-16,2019101601001521,NLIC,49,40,10,770.00,"7,700.00"
2019-10-16,2019101601001705,NLIC,13,40,22,769.00,"16,918.00"
2019-10-16,2019101601001687,NLIC,13,45,50,769.00,"38,450.00"
2019-10-16,2019101601001686,NLIC,45,38,50,770.00,"38,500.00"
2019-10-16,2019101601001672,NLIC,13,52,124,769.00,"95,356.00"
2019-10-16,2019101601001627,NLIC,13,40,22,769.00,"16,918.00"
2019-10-16,2019101601001623,NLIC,39,38,10,770.00,"7,700.00"
2019-10-16,2019101601001903,NLICL,26,59,244,451.00,"110,044.00"
2019-10-16,2019101601001643,NLICL,26,29,150,451.00,"67,650.00"
2019-10-16,2019101601001642,NLICL,26,29,340,451.00,"153,340.00"
2019-10-16,2019101601001505,NLICL,52,29,250,451.00,"112,750.00"
2019-10-16,2019101601001782,NMBMF,21,38,40,"1,070.00","42,800.00"
2019-10-16,2019101601001781,NMBMF,26,38,20,"1,070.00","21,400.00"
2019-10-16,2019101601001780,NMBMF,16,38,10,"1,071.00","10,710.00"
2019-10-16,2019101601001779,NMBMF,16,38,10,"1,071.00","10,710.00"
2019-10-16,2019101601001778,NMBMF,17,38,10,"1,072.00","10,720.00"
2019-10-16,2019101601001777,NMBMF,32,38,15,"1,073.00","16,095.00"
2019-10-16,2019101601001718,NMBSF1,10,29,"2,000",10.10,"20,200.00"
2019-10-16,2019101601001704,NMBSF1,10,29,"2,000",10.10,"20,200.00"
2019-10-16,2019101601001936,NSEWA,11,42,10,375.00,"3,750.00"
2019-10-16,2019101601001934,NSEWA,11,42,80,375.00,"30,000.00"
2019-10-16,2019101601001698,PCBL,21,52,286,264.00,"75,504.00"
2019-10-16,2019101601001594,PCBL,39,21,10,265.00,"2,650.00"
2019-10-16,2019101601001799,PIC,45,40,20,362.00,"7,240.00"
2019-10-16,2019101601001631,PIC,8,40,10,361.00,"3,610.00"
2019-10-16,2019101601001597,PIC,42,40,10,361.00,"3,610.00"
2019-10-16,2019101601001532,PIC,51,41,10,363.00,"3,630.00"
2019-10-16,2019101601001531,PIC,51,28,20,362.00,"7,240.00"
2019-10-16,2019101601001680,PLIC,40,17,40,316.00,"12,640.00"
2019-10-16,2019101601001609,PMHPL,54,42,10,89.00,890.00
2019-10-16,2019101601001611,PPCL,39,42,10,93.00,930.00
2019-10-16,2019101601001851,PRIN,52,22,136,306.00,"41,616.00"
2019-10-16,2019101601001850,PRIN,56,17,50,308.00,"15,400.00"
2019-10-16,2019101601001809,PRIN,52,10,31,306.00,"9,486.00"
2019-10-16,2019101601001808,PRIN,28,10,40,307.00,"12,280.00"
2019-10-16,2019101601001519,PROFL,5,32,100,97.00,"9,700.00"
2019-10-16,2019101601001966,PRVU,4,45,15,268.00,"4,020.00"
2019-10-16,2019101601001965,PRVU,4,57,500,268.00,"134,000.00"
2019-10-16,2019101601001964,PRVU,4,28,"1,800",268.00,"482,400.00"
2019-10-16,2019101601001963,PRVU,4,43,274,268.00,"73,432.00"
2019-10-16,2019101601001938,PRVU,8,43,200,268.00,"53,600.00"
2019-10-16,2019101601001933,PRVU,22,43,151,268.00,"40,468.00"
2019-10-16,2019101601001883,PRVU,54,43,290,268.00,"77,720.00"
2019-10-16,2019101601001825,PRVU,6,43,190,268.00,"50,920.00"
2019-10-16,2019101601001689,PRVU,33,43,500,268.00,"134,000.00"
2019-10-16,2019101601001559,PRVU,49,43,20,268.00,"5,360.00"
2019-10-16,2019101601001523,PRVU,57,17,499,268.00,"133,732.00"
2019-10-16,2019101601001932,PRVU,22,44,49,268.00,"13,132.00"
2019-10-16,2019101601001920,PRVU,54,44,841,268.00,"225,388.00"
2019-10-16,2019101601001897,PRVU,54,44,"1,000",268.00,"268,000.00"
2019-10-16,2019101601001886,PRVU,54,44,110,268.00,"29,480.00"
2019-10-16,2019101601001885,PRVU,54,26,500,268.00,"134,000.00"
2019-10-16,2019101601001884,PRVU,54,4,100,268.00,"26,800.00"
2019-10-16,2019101601001892,RHPL,59,11,40,161.00,"6,440.00"
2019-10-16,2019101601001875,RHPL,59,11,40,161.00,"6,440.00"
2019-10-16,2019101601001863,RHPL,59,11,40,161.00,"6,440.00"
2019-10-16,2019101601001838,RHPL,59,40,40,161.00,"6,440.00"
2019-10-16,2019101601001786,RHPL,59,28,40,161.00,"6,440.00"
2019-10-16,2019101601001768,RHPL,59,28,40,161.00,"6,440.00"
2019-10-16,2019101601001487,RHPL,59,8,30,161.00,"4,830.00"
2019-10-16,2019101601001575,RHPL,59,11,40,161.00,"6,440.00"
2019-10-16,2019101601001550,RHPL,59,11,40,161.00,"6,440.00"
2019-10-16,2019101601001538,RHPL,59,11,40,161.00,"6,440.00"
2019-10-16,2019101601001534,RHPL,59,40,40,161.00,"6,440.00"
2019-10-16,2019101601001503,RHPL,59,40,40,161.00,"6,440.00"
2019-10-16,2019101601001491,RHPL,59,21,30,161.00,"4,830.00"
2019-10-16,2019101601001601,RHPL,17,17,10,161.00,"1,610.00"
2019-10-16,2019101601001595,RHPL,39,40,40,160.00,"6,400.00"
2019-10-16,2019101601001589,RHPL,17,17,20,161.00,"3,220.00"
2019-10-16,2019101601001581,RHPL,45,40,30,160.00,"4,800.00"
2019-10-16,2019101601001580,RHPL,59,40,10,161.00,"1,610.00"
2019-10-16,2019101601001579,RHPL,17,17,10,162.00,"1,620.00"
2019-10-16,2019101601001754,RHPL,59,40,40,161.00,"6,440.00"
2019-10-16,2019101601001709,RHPL,59,40,40,161.00,"6,440.00"
2019-10-16,2019101601001633,RHPL,59,40,40,160.00,"6,400.00"
2019-10-16,2019101601001618,RHPL,59,5,350,160.00,"56,000.00"
2019-10-16,2019101601001617,RHPL,39,5,150,160.00,"24,000.00"
2019-10-16,2019101601001613,RHPL,39,42,10,160.00,"1,600.00"
2019-10-16,2019101601001554,RMDC,46,35,50,602.00,"30,100.00"
2019-10-16,2019101601001553,RMDC,46,41,50,601.00,"30,050.00"
2019-10-16,2019101601001616,RRHP,47,42,10,101.00,"1,010.00"
2019-10-16,2019101601001944,SABSL,40,58,10,455.00,"4,550.00"
2019-10-16,2019101601001943,SABSL,40,55,10,455.00,"4,550.00"
2019-10-16,2019101601001928,SABSL,42,56,10,453.00,"4,530.00"
2019-10-16,2019101601001849,SABSL,32,40,10,452.00,"4,520.00"
2019-10-16,2019101601001767,SABSL,32,40,10,452.00,"4,520.00"
2019-10-16,2019101601001974,SADBL,40,45,330,139.00,"45,870.00"
2019-10-16,2019101601001973,SADBL,35,45,86,139.00,"11,954.00"
2019-10-16,2019101601001859,SADBL,22,26,100,140.00,"14,000.00"
2019-10-16,2019101601001674,SADBL,35,59,114,139.00,"15,846.00"
2019-10-16,2019101601001673,SADBL,26,59,31,139.00,"4,309.00"
2019-10-16,2019101601001761,SANIMA,14,54,200,307.00,"61,400.00"
2019-10-16,2019101601001760,SANIMA,28,54,100,307.00,"30,700.00"
2019-10-16,2019101601001759,SANIMA,39,54,500,307.00,"153,500.00"
2019-10-16,2019101601001758,SANIMA,45,54,20,307.00,"6,140.00"
2019-10-16,2019101601001757,SANIMA,58,54,50,307.00,"15,350.00"
2019-10-16,2019101601001756,SANIMA,41,54,130,307.00,"39,910.00"
2019-10-16,2019101601001509,SANIMA,41,54,500,307.00,"153,500.00"
2019-10-16,2019101601001913,SBI,45,17,52,398.00,"20,696.00"
2019-10-16,2019101601001925,SBL,43,14,100,295.00,"29,500.00"
2019-10-16,2019101601001923,SBL,38,14,200,295.00,"59,000.00"
2019-10-16,2019101601001922,SBL,33,14,200,295.00,"59,000.00"
2019-10-16,2019101601001715,SBL,33,25,200,295.00,"59,000.00"
2019-10-16,2019101601001697,SBL,33,16,100,295.00,"29,500.00"
2019-10-16,2019101601001628,SBL,35,4,20,296.00,"5,920.00"
2019-10-16,2019101601001495,SBL,41,1,200,295.00,"59,000.00"
2019-10-16,2019101601001921,SCB,35,45,125,572.00,"71,500.00"
2019-10-16,2019101601001902,SCB,34,45,40,572.00,"22,880.00"
2019-10-16,2019101601001901,SCB,43,45,35,572.00,"20,020.00"
2019-10-16,2019101601001791,SCB,43,17,15,572.00,"8,580.00"
2019-10-16,2019101601001790,SCB,10,17,55,572.00,"31,460.00"
2019-10-16,2019101601001765,SCB,10,22,25,572.00,"14,300.00"
2019-10-16,2019101601001561,SCB,10,22,70,572.00,"40,040.00"
2019-10-16,2019101601001560,SCB,45,22,80,572.00,"45,760.00"
2019-10-16,2019101601001911,SDESI,45,36,47,605.00,"28,435.00"
2019-10-16,2019101601001910,SDESI,35,36,500,606.00,"303,000.00"
2019-10-16,2019101601001806,SDESI,45,10,91,605.00,"55,055.00"
2019-10-16,2019101601001805,SDESI,43,10,100,606.00,"60,600.00"
2019-10-16,2019101601001804,SDESI,35,10,189,607.00,"114,723.00"
2019-10-16,2019101601001624,SDESI,35,17,11,607.00,"6,677.00"
2019-10-16,2019101601001508,SHINE,39,46,127,257.00,"32,639.00"
2019-10-16,2019101601001499,SHINE,39,6,35,256.00,"8,960.00"
2019-10-16,2019101601001841,SHIVM,36,47,20,493.00,"9,860.00"
2019-10-16,2019101601001840,SHIVM,43,47,100,493.00,"49,300.00"
2019-10-16,2019101601001839,SHIVM,56,47,60,493.00,"29,580.00"
2019-10-16,2019101601001753,SHIVM,56,39,40,493.00,"19,720.00"
2019-10-16,2019101601001752,SHIVM,44,39,50,493.00,"24,650.00"
2019-10-16,2019101601001751,SHIVM,3,39,10,493.00,"4,930.00"
2019-10-16,2019101601001750,SHIVM,6,39,100,494.00,"49,400.00"
2019-10-16,2019101601001656,SHIVM,29,6,60,494.00,"29,640.00"
2019-10-16,2019101601001655,SHIVM,28,6,200,494.00,"98,800.00"
2019-10-16,2019101601001654,SHIVM,50,6,820,494.00,"405,080.00"
2019-10-16,2019101601001484,SHIVM,50,22,50,494.00,"24,700.00"
2019-10-16,2019101601001677,SHL,39,32,100,207.00,"20,700.00"
2019-10-16,2019101601001665,SHPC,45,6,12,193.00,"2,316.00"
2019-10-16,2019101601001981,SICL,39,56,10,722.00,"7,220.00"
2019-10-16,2019101601001980,SICL,39,56,10,722.00,"7,220.00"
2019-10-16,2019101601001979,SICL,41,56,63,722.00,"45,486.00"
2019-10-16,2019101601001978,SICL,22,56,10,722.00,"7,220.00"
2019-10-16,2019101601001977,SICL,51,56,10,725.00,"7,250.00"
2019-10-16,2019101601001607,SICL,25,43,10,727.00,"7,270.00"
2019-10-16,2019101601001578,SICL,38,19,36,728.00,"26,208.00"
2019-10-16,2019101601001542,SICL,45,19,24,728.00,"17,472.00"
2019-10-16,2019101601001608,SICL,51,43,90,725.00,"65,250.00"
2019-10-16,2019101601001845,SINDU,44,57,734,123.00,"90,282.00"
2019-10-16,2019101601001844,SINDU,47,57,500,123.00,"61,500.00"
2019-10-16,2019101601001843,SINDU,26,57,366,124.00,"45,384.00"
2019-10-16,2019101601001895,SJCL,29,11,20,168.00,"3,360.00"
2019-10-16,2019101601001881,SJCL,29,11,20,168.00,"3,360.00"
2019-10-16,2019101601001880,SJCL,17,17,10,169.00,"1,690.00"
2019-10-16,2019101601001872,SJCL,17,17,20,169.00,"3,380.00"
2019-10-16,2019101601001869,SJCL,29,11,20,168.00,"3,360.00"
2019-10-16,2019101601001865,SJCL,17,17,20,169.00,"3,380.00"
2019-10-16,2019101601001507,SJCL,52,40,10,168.00,"1,680.00"
2019-10-16,2019101601001593,SJCL,52,42,10,168.00,"1,680.00"
2019-10-16,2019101601001583,SJCL,52,40,10,168.00,"1,680.00"
2019-10-16,2019101601001582,SJCL,52,11,20,168.00,"3,360.00"
2019-10-16,2019101601001552,SJCL,52,11,20,168.00,"3,360.00"
2019-10-16,2019101601001541,SJCL,52,11,20,168.00,"3,360.00"
2019-10-16,2019101601001537,SJCL,52,40,10,168.00,"1,680.00"
2019-10-16,2019101601001658,SJCL,52,52,80,168.00,"13,440.00"
2019-10-16,2019101601001641,SJCL,52,40,10,168.00,"1,680.00"
2019-10-16,2019101601001635,SJCL,52,40,10,168.00,"1,680.00"
2019-10-16,2019101601001599,SJCL,52,40,10,168.00,"1,680.00"
2019-10-16,2019101601001803,SJCL,29,40,10,168.00,"1,680.00"
2019-10-16,2019101601001762,SJCL,29,40,10,168.00,"1,680.00"
2019-10-16,2019101601001710,SJCL,29,40,10,168.00,"1,680.00"
2019-10-16,2019101601001661,SJCL,29,52,170,168.00,"28,560.00"
2019-10-16,2019101601001660,SJCL,1,52,200,168.00,"33,600.00"
2019-10-16,2019101601001659,SJCL,47,52,50,168.00,"8,400.00"
2019-10-16,2019101601001831,SJCL,59,54,20,170.00,"3,400.00"
2019-10-16,2019101601001830,SJCL,59,52,500,169.00,"84,500.00"
2019-10-16,2019101601001829,SJCL,59,54,20,169.00,"3,380.00"
2019-10-16,2019101601001828,SJCL,59,54,20,169.00,"3,380.00"
2019-10-16,2019101601001827,SJCL,59,54,10,169.00,"1,690.00"
2019-10-16,2019101601001826,SJCL,59,39,90,169.00,"15,210.00"
2019-10-16,2019101601001842,SJCL,29,40,10,168.00,"1,680.00"
2019-10-16,2019101601001836,SJCL,59,45,500,171.00,"85,500.00"
2019-10-16,2019101601001835,SJCL,59,46,20,171.00,"3,420.00"
2019-10-16,2019101601001834,SJCL,59,58,20,170.00,"3,400.00"
2019-10-16,2019101601001833,SJCL,59,58,10,170.00,"1,700.00"
2019-10-16,2019101601001832,SJCL,59,54,20,170.00,"3,400.00"
2019-10-16,2019101601001971,SKBBL,41,38,125,916.00,"114,500.00"
2019-10-16,2019101601001970,SKBBL,28,38,30,920.00,"27,600.00"
2019-10-16,2019101601001969,SKBBL,28,38,15,920.00,"13,800.00"
2019-10-16,2019101601001968,SKBBL,39,38,20,920.00,"18,400.00"
2019-10-16,2019101601001967,SKBBL,53,38,10,920.00,"9,200.00"
2019-10-16,2019101601001711,SKBBL,22,7,14,925.00,"12,950.00"
2019-10-16,2019101601001707,SKBBL,22,14,146,925.00,"135,050.00"
2019-10-16,2019101601001573,SKBBL,22,14,27,925.00,"24,975.00"
2019-10-16,2019101601001520,SKBBL,22,14,27,925.00,"24,975.00"
2019-10-16,2019101601001812,SLBSL,7,22,20,686.00,"13,720.00"
2019-10-16,2019101601001811,SLBSL,49,22,100,686.00,"68,600.00"
2019-10-16,2019101601001602,SLICL,52,42,92,268.00,"24,656.00"
2019-10-16,2019101601001702,SMATA,6,28,10,540.00,"5,400.00"
2019-10-16,2019101601001701,SMATA,58,28,90,540.00,"48,600.00"
2019-10-16,2019101601001514,SMB,26,40,10,421.00,"4,210.00"
2019-10-16,2019101601001603,SMB,26,40,10,421.00,"4,210.00"
2019-10-16,2019101601001675,SPARS,32,56,10,534.00,"5,340.00"
2019-10-16,2019101601001557,SPARS,32,11,10,534.00,"5,340.00"
2019-10-16,2019101601001940,SRBL,51,6,300,238.00,"71,400.00"
2019-10-16,2019101601001891,SRBL,51,51,504,238.00,"119,952.00"
2019-10-16,2019101601001890,SRBL,55,51,30,238.00,"7,140.00"
2019-10-16,2019101601001889,SRBL,40,51,200,238.00,"47,600.00"
2019-10-16,2019101601001888,SRBL,42,51,30,238.00,"7,140.00"
2019-10-16,2019101601001887,SRBL,1,51,36,238.00,"8,568.00"
2019-10-16,2019101601001539,SRBL,57,32,40,239.00,"9,560.00"
2019-10-16,2019101601001533,SRBL,28,32,60,239.00,"14,340.00"
2019-10-16,2019101601001861,SRBL,51,22,985,239.00,"235,415.00"
2019-10-16,2019101601001860,SRBL,51,6,15,239.00,"3,585.00"
2019-10-16,2019101601001787,SRBL,51,6,100,239.00,"23,900.00"
2019-10-16,2019101601001588,SRBL,1,6,64,238.00,"15,232.00"
2019-10-16,2019101601001587,SRBL,42,6,27,238.00,"6,426.00"
2019-10-16,2019101601001540,SRBL,57,6,460,239.00,"109,940.00"
2019-10-16,2019101601001612,TMDBL,17,17,173,149.00,"25,777.00"
2019-10-16,2019101601001669,UFL,40,28,300,180.00,"54,000.00"
2019-10-16,2019101601001668,UFL,40,28,700,180.00,"126,000.00"
2019-10-16,2019101601001493,UIC,52,45,10,260.00,"2,600.00"
2019-10-16,2019101601001909,UMHL,57,41,14,102.00,"1,428.00"
2019-10-16,2019101601001908,UMHL,57,6,143,102.00,"14,586.00"
2019-10-16,2019101601001492,UPCL,22,8,50,79.00,"3,950.00"
2019-10-16,2019101601001907,UPPER,45,53,50,233.00,"11,650.00"
2019-10-16,2019101601001846,UPPER,45,40,50,233.00,"11,650.00"
2019-10-16,2019101601001807,UPPER,45,40,50,233.00,"11,650.00"
2019-10-16,2019101601001797,UPPER,45,38,221,233.00,"51,493.00"
2019-10-16,2019101601001485,UPPER,50,28,40,233.00,"9,320.00"
2019-10-16,2019101601001483,UPPER,50,19,187,233.00,"43,571.00"
2019-10-16,2019101601001482,UPPER,34,19,40,233.00,"9,320.00"
2019-10-16,2019101601001546,UPPER,21,40,10,234.00,"2,340.00"
2019-10-16,2019101601001516,UPPER,21,29,52,234.00,"12,168.00"
2019-10-16,2019101601001515,UPPER,21,43,850,234.00,"198,900.00"
2019-10-16,2019101601001498,UPPER,10,28,27,233.00,"6,291.00"
2019-10-16,2019101601001497,UPPER,50,28,13,233.00,"3,029.00"
2019-10-16,2019101601001494,UPPER,50,28,40,233.00,"9,320.00"
2019-10-16,2019101601001639,UPPER,6,40,21,233.00,"4,893.00"
2019-10-16,2019101601001638,UPPER,10,40,29,233.00,"6,757.00"
2019-10-16,2019101601001629,UPPER,17,17,40,234.00,"9,360.00"
2019-10-16,2019101601001606,UPPER,10,40,50,233.00,"11,650.00"
2019-10-16,2019101601001596,UPPER,21,42,40,234.00,"9,360.00"
2019-10-16,2019101601001584,UPPER,21,40,40,234.00,"9,360.00"
2019-10-16,2019101601001685,UPPER,6,49,50,233.00,"11,650.00"
2019-10-16,2019101601001684,UPPER,49,49,17,234.00,"3,978.00"
2019-10-16,2019101601001679,UPPER,49,49,67,234.00,"15,678.00"
2019-10-16,2019101601001678,UPPER,49,17,50,234.00,"11,700.00"
2019-10-16,2019101601001647,UPPER,6,40,50,233.00,"11,650.00"
2019-10-16,2019101601001640,UPPER,39,39,100,234.00,"23,400.00"
2019-10-16,2019101601001796,UPPER,11,38,200,233.00,"46,600.00"
2019-10-16,2019101601001795,UPPER,6,38,79,233.00,"18,407.00"
2019-10-16,2019101601001763,UPPER,6,40,50,233.00,"11,650.00"
2019-10-16,2019101601001732,UPPER,6,40,50,233.00,"11,650.00"
2019-10-16,2019101601001706,UPPER,17,17,40,234.00,"9,360.00"
2019-10-16,2019101601001700,UPPER,17,17,50,234.00,"11,700.00"
2019-10-16,2019101601001504,VLBS,45,40,13,560.00,"7,280.00"
2019-10-16,2019101601001157,ADBL,46,58,151,414.00,"62,514.00"
2019-10-16,2019101601001156,ADBL,46,14,349,414.00,"144,486.00"
2019-10-16,2019101601000982,ADBL,4,41,3,405.00,"1,215.00"
2019-10-16,2019101601001305,AHPC,47,42,200,98.00,"19,600.00"
2019-10-16,2019101601001087,AKBSL,39,41,100,408.00,"40,800.00"
2019-10-16,2019101601001401,AKJCL,41,1,10,56.00,560.00
2019-10-16,2019101601001204,AKJCL,41,54,20,56.00,"1,120.00"
2019-10-16,2019101601001053,AKJCL,41,35,10,56.00,560.00
2019-10-16,2019101601001040,AKJCL,17,17,20,55.00,"1,100.00"
2019-10-16,2019101601001427,AKPL,45,26,13,134.00,"1,742.00"
2019-10-16,2019101601001439,ALBSL,38,40,10,383.00,"3,830.00"
2019-10-16,2019101601001206,ALBSL,38,14,10,384.00,"3,840.00"
2019-10-16,2019101601001168,ALBSL,38,14,10,384.00,"3,840.00"
2019-10-16,2019101601001383,ALICL,47,11,121,316.00,"38,236.00"
2019-10-16,2019101601001154,ALICL,17,17,7,315.00,"2,205.00"
2019-10-16,2019101601001046,ALICL,17,17,7,315.00,"2,205.00"
2019-10-16,2019101601001210,API,41,54,29,113.00,"3,277.00"
2019-10-16,2019101601001067,API,41,50,28,113.00,"3,164.00"
2019-10-16,2019101601001434,BOKL,45,35,36,230.00,"8,280.00"
2019-10-16,2019101601001414,BOKL,51,35,50,230.00,"11,500.00"
2019-10-16,2019101601001413,BOKL,53,35,250,230.00,"57,500.00"
2019-10-16,2019101601001412,BOKL,25,35,55,230.00,"12,650.00"
2019-10-16,2019101601001411,BOKL,38,35,30,230.00,"6,900.00"
2019-10-16,2019101601001410,BOKL,44,35,236,230.00,"54,280.00"
2019-10-16,2019101601001308,BOKL,44,45,50,230.00,"11,500.00"
2019-10-16,2019101601001298,BOKL,44,34,238,230.00,"54,740.00"
2019-10-16,2019101601001288,BOKL,44,34,238,230.00,"54,740.00"
2019-10-16,2019101601001247,BOKL,44,34,238,230.00,"54,740.00"
2019-10-16,2019101601001445,BPCL,45,8,24,361.00,"8,664.00"
2019-10-16,2019101601001444,BPCL,45,8,20,361.00,"7,220.00"
2019-10-16,2019101601001249,BPCL,43,43,72,361.00,"25,992.00"
2019-10-16,2019101601001244,BPCL,14,51,10,360.00,"3,600.00"
2019-10-16,2019101601001186,BPCL,59,43,928,361.00,"335,008.00"
2019-10-16,2019101601001180,BPCL,59,43,72,361.00,"25,992.00"
2019-10-16,2019101601001179,BPCL,38,43,10,361.00,"3,610.00"
2019-10-16,2019101601001178,BPCL,40,43,100,361.00,"36,100.00"
2019-10-16,2019101601001177,BPCL,39,43,123,361.00,"44,403.00"
2019-10-16,2019101601001176,BPCL,13,43,45,362.00,"16,290.00"
2019-10-16,2019101601001073,BPCL,13,57,83,362.00,"30,046.00"
2019-10-16,2019101601000992,BPCL,13,6,150,362.00,"54,300.00"
2019-10-16,2019101601001457,CBL,20,22,400,143.00,"57,200.00"
2019-10-16,2019101601001326,CBL,51,22,100,143.00,"14,300.00"
2019-10-16,2019101601001294,CBL,56,22,34,143.00,"4,862.00"
2019-10-16,2019101601001088,CBL,17,22,200,143.00,"28,600.00"
2019-10-16,2019101601001162,CCBL,8,4,32,154.00,"4,928.00"
2019-10-16,2019101601001161,CCBL,36,4,68,154.00,"10,472.00"
2019-10-16,2019101601001452,CHCL,21,19,500,419.00,"209,500.00"
2019-10-16,2019101601001451,CHCL,59,19,"1,000",419.00,"419,000.00"
2019-10-16,2019101601001450,CHCL,45,19,20,420.00,"8,400.00"
2019-10-16,2019101601001070,CHCL,36,41,800,420.00,"336,000.00"
2019-10-16,2019101601001016,CHCL,13,35,97,419.00,"40,643.00"
2019-10-16,2019101601000995,CHCL,4,28,3,411.00,"1,233.00"
2019-10-16,2019101601001476,DBBL,32,32,500,128.00,"64,000.00"
2019-10-16,2019101601001402,DBBL,45,49,300,129.00,"38,700.00"
2019-10-16,2019101601001065,DDBL,17,35,127,725.00,"92,075.00"
2019-10-16,2019101601001064,DDBL,17,49,182,724.00,"131,768.00"
2019-10-16,2019101601001063,DDBL,17,35,50,723.00,"36,150.00"
2019-10-16,2019101601001174,DHPL,17,17,10,54.00,540.00
2019-10-16,2019101601001469,EBL,28,43,20,547.00,"10,940.00"
2019-10-16,2019101601001375,EBL,13,19,30,548.00,"16,440.00"
2019-10-16,2019101601001289,EBL,39,19,50,548.00,"27,400.00"
2019-10-16,2019101601001266,EBL,58,34,163,546.00,"88,998.00"
2019-10-16,2019101601001137,EBL,6,19,20,548.00,"10,960.00"
2019-10-16,2019101601001136,EBL,42,19,10,549.00,"5,490.00"
2019-10-16,2019101601001123,EBL,41,22,50,549.00,"27,450.00"
2019-10-16,2019101601001200,EBL,1,19,100,548.00,"54,800.00"
2019-10-16,2019101601001141,EBL,48,19,200,548.00,"109,600.00"
2019-10-16,2019101601001140,EBL,58,19,200,548.00,"109,600.00"
2019-10-16,2019101601001139,EBL,34,19,100,548.00,"54,800.00"
2019-10-16,2019101601001138,EBL,44,19,10,548.00,"5,480.00"
2019-10-16,2019101601001265,EBL,10,34,80,546.00,"43,680.00"
2019-10-16,2019101601001264,EBL,22,34,100,546.00,"54,600.00"
2019-10-16,2019101601001263,EBL,58,34,200,547.00,"109,400.00"
2019-10-16,2019101601001262,EBL,49,34,120,547.00,"65,640.00"
2019-10-16,2019101601001254,EBL,36,19,130,548.00,"71,240.00"
2019-10-16,2019101601001226,EBL,38,19,30,548.00,"16,440.00"
2019-10-16,2019101601001256,EIC,35,49,200,230.00,"46,000.00"
2019-10-16,2019101601001248,EIC,41,49,86,231.00,"19,866.00"
2019-10-16,2019101601001214,EIC,22,49,30,230.00,"6,900.00"
2019-10-16,2019101601001474,FOWAD,19,50,26,"1,270.00","33,020.00"
2019-10-16,2019101601001201,FOWAD,48,50,84,"1,275.00","107,100.00"
2019-10-16,2019101601001195,FOWAD,48,51,16,"1,275.00","20,400.00"
2019-10-16,2019101601001395,GBBL,39,11,38,213.00,"8,094.00"
2019-10-16,2019101601001394,GBBL,41,11,50,214.00,"10,700.00"
2019-10-16,2019101601001310,GBBL,49,4,20,214.00,"4,280.00"
2019-10-16,2019101601001309,GBBL,39,4,100,214.00,"21,400.00"
2019-10-16,2019101601001171,GBBL,48,4,51,214.00,"10,914.00"
2019-10-16,2019101601001057,GBBL,17,17,225,214.00,"48,150.00"
2019-10-16,2019101601001368,GBLBS,42,40,10,311.00,"3,110.00"
2019-10-16,2019101601001337,GBLBS,42,40,10,311.00,"3,110.00"
2019-10-16,2019101601001074,GBLBS,58,14,10,315.00,"3,150.00"
2019-10-16,2019101601001449,GILB,42,28,50,695.00,"34,750.00"
2019-10-16,2019101601001330,GILB,49,28,60,695.00,"41,700.00"
2019-10-16,2019101601001055,GILB,7,28,20,695.00,"13,900.00"
2019-10-16,2019101601001222,GLBSL,56,53,10,423.00,"4,230.00"
2019-10-16,2019101601001025,GLBSL,34,14,10,422.00,"4,220.00"
2019-10-16,2019101601001396,GLICL,41,6,30,350.00,"10,500.00"
2019-10-16,2019101601001380,GLICL,34,6,100,350.00,"35,000.00"
2019-10-16,2019101601001170,GLICL,42,47,21,350.00,"7,350.00"
2019-10-16,2019101601001054,GLICL,42,21,29,350.00,"10,150.00"
2019-10-16,2019101601001051,GMFBS,41,41,10,464.00,"4,640.00"
2019-10-16,2019101601001438,HIDCL,56,34,92,138.00,"12,696.00"
2019-10-16,2019101601001332,HIDCL,56,56,18,138.00,"2,484.00"
2019-10-16,2019101601001188,HIDCL,17,17,61,138.00,"8,418.00"
2019-10-16,2019101601001152,HIDCL,45,56,19,138.00,"2,622.00"
2019-10-16,2019101601001014,HIDCL,45,17,20,138.00,"2,760.00"
2019-10-16,2019101601001287,HPPL,41,14,20,140.00,"2,800.00"
2019-10-16,2019101601001246,HPPL,41,14,10,140.00,"1,400.00"
2019-10-16,2019101601001219,HPPL,41,54,10,140.00,"1,400.00"
2019-10-16,2019101601001194,HPPL,41,14,10,140.00,"1,400.00"
2019-10-16,2019101601001376,HURJA,59,26,20,107.00,"2,140.00"
2019-10-16,2019101601001240,HURJA,32,14,20,105.00,"2,100.00"
2019-10-16,2019101601001239,HURJA,32,41,20,105.00,"2,100.00"
2019-10-16,2019101601001228,HURJA,59,51,20,104.00,"2,080.00"
2019-10-16,2019101601001196,ILBS,17,17,10,426.00,"4,260.00"
2019-10-16,2019101601001296,JBBL,45,38,10,162.00,"1,620.00"
2019-10-16,2019101601001259,JBBL,8,42,500,159.00,"79,500.00"
2019-10-16,2019101601001258,JBBL,37,42,"1,000",159.00,"159,000.00"
2019-10-16,2019101601001257,JBBL,35,42,500,159.00,"79,500.00"
2019-10-16,2019101601001151,JBBL,39,42,100,160.00,"16,000.00"
2019-10-16,2019101601001150,JBBL,49,42,"1,000",160.00,"160,000.00"
2019-10-16,2019101601001149,JBBL,35,42,866,160.00,"138,560.00"
2019-10-16,2019101601000985,JSLBB,4,41,2,974.00,"1,948.00"
2019-10-16,2019101601001315,KBL,4,57,500,181.00,"90,500.00"
2019-10-16,2019101601001312,KBL,4,45,50,181.00,"9,050.00"
2019-10-16,2019101601001243,KBL,4,57,500,181.00,"90,500.00"
2019-10-16,2019101601001218,KBL,4,10,170,181.00,"30,770.00"
2019-10-16,2019101601001217,KBL,50,10,30,181.00,"5,430.00"
2019-10-16,2019101601001115,KBL,53,43,99,182.00,"18,018.00"
2019-10-16,2019101601001114,KBL,53,36,51,182.00,"9,282.00"
2019-10-16,2019101601001352,KKHC,37,6,16,60.00,960.00
2019-10-16,2019101601001205,KKHC,17,17,16,61.00,976.00
2019-10-16,2019101601001110,KKHC,17,17,16,61.00,976.00
2019-10-16,2019101601001035,KPCL,20,14,10,78.00,780.00
