Date,Transact. No.,Symbol,Buyer,Seller,Quantity,Rate,Amount
2020-02-13,2020021301017561,ADBL,5,48,10,384.00,"3,840.00"
2020-02-13,2020021301017520,ADBL,34,58,500,380.00,"190,000.00"
2020-02-13,2020021301017519,ADBL,14,58,500,380.00,"190,000.00"
2020-02-13,2020021301017518,ADBL,1,58,10,380.00,"3,800.00"
2020-02-13,2020021301017517,ADBL,46,58,100,380.00,"38,000.00"
2020-02-13,2020021301017516,ADBL,57,58,10,380.00,"3,800.00"
2020-02-13,2020021301017509,ADBL,26,58,100,381.00,"38,100.00"
2020-02-13,2020021301017508,ADBL,35,58,100,381.00,"38,100.00"
2020-02-13,2020021301017507,ADBL,41,58,90,381.00,"34,290.00"
2020-02-13,2020021301017224,ADBL,45,49,100,385.00,"38,500.00"
2020-02-13,2020021301017515,ADBL,59,58,100,380.00,"38,000.00"
2020-02-13,2020021301017514,ADBL,56,58,10,380.00,"3,800.00"
2020-02-13,2020021301017513,ADBL,41,58,200,380.00,"76,000.00"
2020-02-13,2020021301017512,ADBL,47,58,170,380.00,"64,600.00"
2020-02-13,2020021301017511,ADBL,47,58,50,380.00,"19,000.00"
2020-02-13,2020021301017510,ADBL,57,58,60,381.00,"22,860.00"
2020-02-13,2020021301017642,ALBSL,40,8,30,763.00,"22,890.00"
2020-02-13,2020021301017641,ALBSL,40,45,57,763.00,"43,491.00"
2020-02-13,2020021301017640,ALBSL,8,45,23,764.00,"17,572.00"
2020-02-13,2020021301017360,ALICL,17,14,188,606.00,"113,928.00"
2020-02-13,2020021301017359,ALICL,28,14,300,606.00,"181,800.00"
2020-02-13,2020021301017358,ALICL,40,14,12,606.00,"7,272.00"
2020-02-13,2020021301017231,ALICL,40,44,18,606.00,"10,908.00"
2020-02-13,2020021301017225,ALICL,40,56,141,605.00,"85,305.00"
2020-02-13,2020021301017219,ALICL,52,44,100,606.00,"60,600.00"
2020-02-13,2020021301017200,ALICL,40,34,300,605.00,"181,500.00"
2020-02-13,2020021301017665,API,58,6,340,135.00,"45,900.00"
2020-02-13,2020021301017664,API,58,6,500,134.00,"67,000.00"
2020-02-13,2020021301017663,API,58,56,500,134.00,"67,000.00"
2020-02-13,2020021301017662,API,58,1,500,134.00,"67,000.00"
2020-02-13,2020021301017661,API,58,7,160,134.00,"21,440.00"
2020-02-13,2020021301017633,API,25,7,20,134.00,"2,680.00"
2020-02-13,2020021301017632,API,25,58,300,132.00,"39,600.00"
2020-02-13,2020021301017631,API,25,1,500,132.00,"66,000.00"
2020-02-13,2020021301017587,API,26,58,200,132.00,"26,400.00"
2020-02-13,2020021301017299,API,25,7,20,134.00,"2,680.00"
2020-02-13,2020021301017298,API,25,59,800,133.00,"106,400.00"
2020-02-13,2020021301017272,API,55,25,500,132.00,"66,000.00"
2020-02-13,2020021301017452,BOKL,5,34,10,232.00,"2,320.00"
2020-02-13,2020021301017325,BOKL,44,47,38,230.00,"8,740.00"
2020-02-13,2020021301017324,BOKL,37,47,500,230.00,"115,000.00"
2020-02-13,2020021301017323,BOKL,38,47,200,230.00,"46,000.00"
2020-02-13,2020021301017322,BOKL,39,47,200,230.00,"46,000.00"
2020-02-13,2020021301017321,BOKL,50,47,300,230.00,"69,000.00"
2020-02-13,2020021301017308,BOKL,22,47,182,231.00,"42,042.00"
2020-02-13,2020021301017307,BOKL,19,47,500,231.00,"115,500.00"
2020-02-13,2020021301017314,BOKL,25,47,190,230.00,"43,700.00"
2020-02-13,2020021301017313,BOKL,11,47,200,230.00,"46,000.00"
2020-02-13,2020021301017312,BOKL,32,47,500,230.00,"115,000.00"
2020-02-13,2020021301017311,BOKL,55,47,500,231.00,"115,500.00"
2020-02-13,2020021301017310,BOKL,11,47,400,231.00,"92,400.00"
2020-02-13,2020021301017309,BOKL,21,47,100,231.00,"23,100.00"
2020-02-13,2020021301017320,BOKL,32,47,500,230.00,"115,000.00"
2020-02-13,2020021301017319,BOKL,14,47,200,230.00,"46,000.00"
2020-02-13,2020021301017318,BOKL,53,47,80,230.00,"18,400.00"
2020-02-13,2020021301017317,BOKL,49,47,200,230.00,"46,000.00"
2020-02-13,2020021301017316,BOKL,49,47,200,230.00,"46,000.00"
2020-02-13,2020021301017315,BOKL,26,47,10,230.00,"2,300.00"
2020-02-13,2020021301017467,BPCL,43,8,10,338.00,"3,380.00"
2020-02-13,2020021301017438,BPCL,41,29,200,336.00,"67,200.00"
2020-02-13,2020021301017437,BPCL,21,29,800,337.00,"269,600.00"
2020-02-13,2020021301017285,CBBL,59,44,100,"1,076.00","107,600.00"
2020-02-13,2020021301017284,CBBL,42,44,200,"1,076.00","215,200.00"
2020-02-13,2020021301017271,CBBL,42,49,200,"1,076.00","215,200.00"
2020-02-13,2020021301017457,CBBL,3,44,50,"1,076.00","53,800.00"
2020-02-13,2020021301017382,CBBL,1,44,50,"1,076.00","53,800.00"
2020-02-13,2020021301017373,CBL,38,32,50,151.00,"7,550.00"
2020-02-13,2020021301017276,CCBL,21,1,164,183.00,"30,012.00"
2020-02-13,2020021301017590,CHCL,41,34,48,422.00,"20,256.00"
2020-02-13,2020021301017589,CHCL,56,34,24,422.00,"10,128.00"
2020-02-13,2020021301017679,CIT,44,57,10,"2,810.00","28,100.00"
2020-02-13,2020021301017645,CIT,16,57,10,"2,810.00","28,100.00"
2020-02-13,2020021301017278,CIT,37,59,100,"2,806.00","280,600.00"
2020-02-13,2020021301017618,CLBSL,40,45,12,"1,115.00","13,380.00"
2020-02-13,2020021301017601,CLBSL,38,1,10,"1,119.00","11,190.00"
2020-02-13,2020021301017547,CLBSL,40,47,28,"1,115.00","31,220.00"
2020-02-13,2020021301017277,CLBSL,40,16,20,"1,115.00","22,300.00"
2020-02-13,2020021301017497,CORBL,32,46,200,133.00,"26,600.00"
2020-02-13,2020021301017505,CZBIL,38,38,50,194.00,"9,700.00"
2020-02-13,2020021301017456,CZBIL,8,52,20,195.00,"3,900.00"
2020-02-13,2020021301017629,DDBL,25,44,20,896.00,"17,920.00"
2020-02-13,2020021301017604,EDBL,51,36,10,358.00,"3,580.00"
2020-02-13,2020021301017594,EDBL,58,36,60,358.00,"21,480.00"
2020-02-13,2020021301017538,EIC,57,45,300,436.00,"130,800.00"
2020-02-13,2020021301017492,EIC,13,45,200,436.00,"87,200.00"
2020-02-13,2020021301017491,EIC,36,45,110,436.00,"47,960.00"
2020-02-13,2020021301017337,EIC,37,1,10,440.00,"4,400.00"
2020-02-13,2020021301017592,FMDBL,44,53,10,476.00,"4,760.00"
2020-02-13,2020021301017675,GBBL,34,38,422,238.00,"100,436.00"
2020-02-13,2020021301017674,GBBL,33,38,15,238.00,"3,570.00"
2020-02-13,2020021301017673,GBBL,39,38,100,238.00,"23,800.00"
2020-02-13,2020021301017672,GBBL,45,38,100,238.00,"23,800.00"
2020-02-13,2020021301017671,GBBL,22,38,300,238.00,"71,400.00"
2020-02-13,2020021301017670,GBBL,29,38,250,238.00,"59,500.00"
2020-02-13,2020021301017669,GBBL,14,38,100,238.00,"23,800.00"
2020-02-13,2020021301017668,GBBL,14,38,151,238.00,"35,938.00"
2020-02-13,2020021301017667,GBBL,32,38,62,239.00,"14,818.00"
2020-02-13,2020021301017372,GBBL,32,34,938,239.00,"224,182.00"
2020-02-13,2020021301017530,GBIME,6,38,173,276.00,"47,748.00"
2020-02-13,2020021301017529,GBIME,42,38,50,277.00,"13,850.00"
2020-02-13,2020021301017528,GBIME,32,38,200,277.00,"55,400.00"
2020-02-13,2020021301017527,GBIME,32,38,500,277.00,"138,500.00"
2020-02-13,2020021301017526,GBIME,54,38,100,277.00,"27,700.00"
2020-02-13,2020021301017362,GBLBS,29,48,140,479.00,"67,060.00"
2020-02-13,2020021301017361,GBLBS,29,48,460,479.00,"220,340.00"
2020-02-13,2020021301017304,GBLBS,29,22,15,479.00,"7,185.00"
2020-02-13,2020021301017216,GBLBS,29,26,525,479.00,"251,475.00"
2020-02-13,2020021301017215,GBLBS,26,26,375,480.00,"180,000.00"
2020-02-13,2020021301017539,GFCL,59,17,50,148.00,"7,400.00"
2020-02-13,2020021301017302,GGBSL,49,17,20,924.00,"18,480.00"
2020-02-13,2020021301017301,GGBSL,49,58,190,924.00,"175,560.00"
2020-02-13,2020021301017300,GGBSL,49,43,60,923.00,"55,380.00"
2020-02-13,2020021301017401,GILB,44,46,55,"1,412.00","77,660.00"
2020-02-13,2020021301017400,GILB,13,46,26,"1,416.00","36,816.00"
2020-02-13,2020021301017399,GILB,40,46,19,"1,417.00","26,923.00"
2020-02-13,2020021301017354,GLBSL,41,29,90,825.00,"74,250.00"
2020-02-13,2020021301017615,GLICL,34,58,30,794.00,"23,820.00"
2020-02-13,2020021301017521,GLICL,6,58,150,794.00,"119,100.00"
2020-02-13,2020021301017281,GLICL,16,14,216,791.00,"170,856.00"
2020-02-13,2020021301017648,GMFBS,29,52,50,976.00,"48,800.00"
2020-02-13,2020021301017305,GRDBL,4,59,100,138.00,"13,800.00"
2020-02-13,2020021301017205,GRDBL,4,59,10,138.00,"1,380.00"
2020-02-13,2020021301017596,HDL,58,21,200,"1,351.00","270,200.00"
2020-02-13,2020021301017466,HDL,58,43,100,"1,351.00","135,100.00"
2020-02-13,2020021301017344,HDL,58,34,50,"1,351.00","67,550.00"
2020-02-13,2020021301017644,HGI,45,45,200,420.00,"84,000.00"
2020-02-13,2020021301017460,HGI,5,42,10,421.00,"4,210.00"
2020-02-13,2020021301017692,HIDCL,25,50,78,139.00,"10,842.00"
2020-02-13,2020021301017610,HIDCL,25,5,"1,000",138.00,"138,000.00"
2020-02-13,2020021301017609,HIDCL,25,50,200,138.00,"27,600.00"
2020-02-13,2020021301017608,HIDCL,25,10,889,138.00,"122,682.00"
2020-02-13,2020021301017607,HIDCL,25,39,333,137.00,"45,621.00"
2020-02-13,2020021301017211,IGI,59,39,300,449.00,"134,700.00"
2020-02-13,2020021301017210,IGI,59,37,200,449.00,"89,800.00"
2020-02-13,2020021301017209,IGI,59,34,438,449.00,"196,662.00"
2020-02-13,2020021301017425,IGI,59,17,200,450.00,"90,000.00"
2020-02-13,2020021301017424,IGI,59,19,180,450.00,"81,000.00"
2020-02-13,2020021301017423,IGI,59,33,105,450.00,"47,250.00"
2020-02-13,2020021301017422,IGI,59,19,50,450.00,"22,500.00"
2020-02-13,2020021301017421,IGI,59,21,50,450.00,"22,500.00"
2020-02-13,2020021301017420,IGI,59,45,180,450.00,"81,000.00"
2020-02-13,2020021301017428,IGI,59,42,10,450.00,"4,500.00"
2020-02-13,2020021301017427,IGI,59,45,500,450.00,"225,000.00"
2020-02-13,2020021301017426,IGI,59,51,301,450.00,"135,450.00"
2020-02-13,2020021301017666,JBBL,33,45,100,188.00,"18,800.00"
2020-02-13,2020021301017537,JBBL,29,45,140,188.00,"26,320.00"
2020-02-13,2020021301017355,JBBL,35,29,"1,000",187.00,"187,000.00"
2020-02-13,2020021301017493,JSLBB,34,57,10,"1,768.00","17,680.00"
2020-02-13,2020021301017280,KBL,32,39,500,193.00,"96,500.00"
2020-02-13,2020021301017260,KBL,57,19,348,192.00,"66,816.00"
2020-02-13,2020021301017259,KBL,4,19,100,192.00,"19,200.00"
2020-02-13,2020021301017258,KBL,8,19,416,192.00,"79,872.00"
2020-02-13,2020021301017248,KRBL,5,29,11,117.00,"1,287.00"
2020-02-13,2020021301017251,KRBL,25,29,200,117.00,"23,400.00"
2020-02-13,2020021301017250,KRBL,57,29,"1,000",117.00,"117,000.00"
2020-02-13,2020021301017249,KRBL,6,29,500,117.00,"58,500.00"
2020-02-13,2020021301017583,KSBBL,32,19,500,160.00,"80,000.00"
2020-02-13,2020021301017582,KSBBL,41,19,100,160.00,"16,000.00"
2020-02-13,2020021301017254,LBBL,54,58,85,193.00,"16,405.00"
2020-02-13,2020021301017253,LBBL,54,39,200,193.00,"38,600.00"
2020-02-13,2020021301017252,LBBL,54,40,582,193.00,"112,326.00"
2020-02-13,2020021301017625,LGIL,38,52,10,523.00,"5,230.00"
2020-02-13,2020021301017416,LGIL,5,52,100,523.00,"52,300.00"
2020-02-13,2020021301017415,LGIL,35,52,400,523.00,"209,200.00"
2020-02-13,2020021301017414,LGIL,53,52,200,524.00,"104,800.00"
2020-02-13,2020021301017229,LGIL,58,28,50,525.00,"26,250.00"
2020-02-13,2020021301017546,LICN,25,7,16,"1,245.00","19,920.00"
2020-02-13,2020021301017545,LICN,25,6,20,"1,244.00","24,880.00"
2020-02-13,2020021301017463,LICN,52,48,74,"1,240.00","91,760.00"
2020-02-13,2020021301017626,LLBS,52,5,10,"1,167.00","11,670.00"
2020-02-13,2020021301017347,LLBS,49,28,20,"1,178.00","23,560.00"
2020-02-13,2020021301017677,MBL,56,32,50,231.00,"11,550.00"
2020-02-13,2020021301017556,MBL,56,38,51,231.00,"11,781.00"
2020-02-13,2020021301017555,MBL,45,38,200,231.00,"46,200.00"
2020-02-13,2020021301017554,MBL,29,38,300,231.00,"69,300.00"
2020-02-13,2020021301017553,MBL,52,38,200,231.00,"46,200.00"
2020-02-13,2020021301017552,MBL,21,38,249,231.00,"57,519.00"
2020-02-13,2020021301017269,MBL,21,51,100,231.00,"23,100.00"
2020-02-13,2020021301017369,MEGA,45,53,47,204.00,"9,588.00"
2020-02-13,2020021301017368,MEGA,32,53,"1,000",204.00,"204,000.00"
2020-02-13,2020021301017367,MEGA,45,53,10,204.00,"2,040.00"
2020-02-13,2020021301017366,MEGA,6,53,500,204.00,"102,000.00"
2020-02-13,2020021301017365,MEGA,34,53,500,204.00,"102,000.00"
2020-02-13,2020021301017364,MEGA,1,53,"1,000",204.00,"204,000.00"
2020-02-13,2020021301017363,MEGA,6,53,"1,943",204.00,"396,372.00"
2020-02-13,2020021301017646,MERO,54,25,50,678.00,"33,900.00"
2020-02-13,2020021301017651,MFIL,47,48,107,193.00,"20,651.00"
2020-02-13,2020021301017650,MFIL,47,48,43,193.00,"8,299.00"
2020-02-13,2020021301017479,MFIL,47,41,200,193.00,"38,600.00"
2020-02-13,2020021301017247,MFIL,47,3,257,193.00,"49,601.00"
2020-02-13,2020021301017246,MFIL,47,3,143,193.00,"27,599.00"
2020-02-13,2020021301017630,NABIL,38,45,50,723.00,"36,150.00"
2020-02-13,2020021301017396,NABIL,43,11,100,722.00,"72,200.00"
2020-02-13,2020021301017395,NABIL,43,55,45,722.00,"32,490.00"
2020-02-13,2020021301017203,NABIL,21,51,200,721.00,"144,200.00"
2020-02-13,2020021301017652,NADEP,18,44,10,758.00,"7,580.00"
2020-02-13,2020021301017643,NADEP,58,44,11,758.00,"8,338.00"
2020-02-13,2020021301017623,NADEP,18,49,90,755.00,"67,950.00"
2020-02-13,2020021301017459,NADEP,38,22,23,753.00,"17,319.00"
2020-02-13,2020021301017439,NADEP,58,49,10,755.00,"7,550.00"
2020-02-13,2020021301017292,NADEP,58,25,500,752.00,"376,000.00"
2020-02-13,2020021301017681,NBL,33,32,25,267.00,"6,675.00"
2020-02-13,2020021301017678,NBL,37,32,500,267.00,"133,500.00"
2020-02-13,2020021301017419,NBL,44,44,233,266.00,"61,978.00"
2020-02-13,2020021301017418,NBL,40,44,37,266.00,"9,842.00"
2020-02-13,2020021301017413,NBL,40,52,963,266.00,"256,158.00"
2020-02-13,2020021301017412,NBL,59,52,500,266.00,"133,000.00"
2020-02-13,2020021301017384,NBL,16,51,500,266.00,"133,000.00"
2020-02-13,2020021301017378,NBL,51,32,50,267.00,"13,350.00"
2020-02-13,2020021301017353,NBL,16,14,233,266.00,"61,978.00"
2020-02-13,2020021301017352,NBL,52,14,265,266.00,"70,490.00"
2020-02-13,2020021301017351,NBL,52,14,265,266.00,"70,490.00"
2020-02-13,2020021301017350,NBL,44,14,237,266.00,"63,042.00"
2020-02-13,2020021301017411,NBL,6,52,500,266.00,"133,000.00"
2020-02-13,2020021301017410,NBL,29,52,300,266.00,"79,800.00"
2020-02-13,2020021301017409,NBL,39,52,50,266.00,"13,300.00"
2020-02-13,2020021301017408,NBL,53,52,200,266.00,"53,200.00"
2020-02-13,2020021301017407,NBL,52,52,200,266.00,"53,200.00"
2020-02-13,2020021301017406,NBL,16,52,267,266.00,"71,022.00"
2020-02-13,2020021301017693,NCCB,58,34,10,193.00,"1,930.00"
2020-02-13,2020021301017600,NCCB,36,19,168,192.00,"32,256.00"
2020-02-13,2020021301017599,NCCB,53,19,301,192.00,"57,792.00"
2020-02-13,2020021301017598,NCCB,16,19,31,192.00,"5,952.00"
2020-02-13,2020021301017597,NCCB,52,19,100,192.00,"19,200.00"
2020-02-13,2020021301017442,NCCB,13,19,100,193.00,"19,300.00"
2020-02-13,2020021301017639,NGPL,10,6,10,119.00,"1,190.00"
2020-02-13,2020021301017584,NHDL,56,41,10,130.00,"1,300.00"
2020-02-13,2020021301017676,NIB,50,52,50,375.00,"18,750.00"
2020-02-13,2020021301017199,NIB,44,21,28,375.00,"10,500.00"
2020-02-13,2020021301017660,NICA,46,37,20,503.00,"10,060.00"
2020-02-13,2020021301017616,NICA,45,13,37,502.00,"18,574.00"
2020-02-13,2020021301017501,NICA,8,38,33,501.00,"16,533.00"
2020-02-13,2020021301017468,NICA,8,38,36,501.00,"18,036.00"
2020-02-13,2020021301017453,NICA,8,18,252,501.00,"126,252.00"
2020-02-13,2020021301017405,NICA,8,38,37,501.00,"18,537.00"
2020-02-13,2020021301017218,NICA,53,38,40,500.00,"20,000.00"
2020-02-13,2020021301017217,NICA,45,38,10,501.00,"5,010.00"
2020-02-13,2020021301017202,NICA,45,38,37,501.00,"18,537.00"
2020-02-13,2020021301017201,NICA,46,38,15,502.00,"7,530.00"
2020-02-13,2020021301017327,NICA,26,56,76,502.00,"38,152.00"
2020-02-13,2020021301017293,NICA,8,38,40,501.00,"20,040.00"
2020-02-13,2020021301017270,NICA,8,38,43,501.00,"21,543.00"
2020-02-13,2020021301017262,NICA,44,56,24,502.00,"12,048.00"
2020-02-13,2020021301017261,NICA,44,21,100,502.00,"50,200.00"
2020-02-13,2020021301017238,NICA,8,38,44,501.00,"22,044.00"
2020-02-13,2020021301017394,NICA,40,13,442,502.00,"221,884.00"
2020-02-13,2020021301017376,NICA,40,38,37,502.00,"18,574.00"
2020-02-13,2020021301017357,NICA,46,37,20,503.00,"10,060.00"
2020-02-13,2020021301017349,NICA,45,37,100,503.00,"50,300.00"
2020-02-13,2020021301017343,NICA,40,38,21,502.00,"10,542.00"
2020-02-13,2020021301017342,NICA,26,38,19,502.00,"9,538.00"
2020-02-13,2020021301017691,NICL,34,40,10,450.00,"4,500.00"
2020-02-13,2020021301017690,NICL,34,36,300,448.00,"134,400.00"
2020-02-13,2020021301017689,NICL,34,45,300,447.00,"134,100.00"
2020-02-13,2020021301017688,NICL,34,16,250,447.00,"111,750.00"
2020-02-13,2020021301017621,NICL,49,36,"1,350",445.00,"600,750.00"
2020-02-13,2020021301017602,NICL,49,16,535,445.00,"238,075.00"
2020-02-13,2020021301017379,NICL,39,6,105,448.00,"47,040.00"
2020-02-13,2020021301017341,NICL,57,51,100,447.00,"44,700.00"
2020-02-13,2020021301017335,NICL,57,26,150,447.00,"67,050.00"
2020-02-13,2020021301017551,NICL,7,36,50,445.00,"22,250.00"
2020-02-13,2020021301017550,NICL,22,36,300,445.00,"133,500.00"
2020-02-13,2020021301017549,NICL,53,36,90,445.00,"40,050.00"
2020-02-13,2020021301017417,NICL,57,16,50,447.00,"22,350.00"
2020-02-13,2020021301017605,NIL,39,43,10,588.00,"5,880.00"
2020-02-13,2020021301017544,NIL,46,14,50,584.00,"29,200.00"
2020-02-13,2020021301017543,NIL,59,14,100,584.00,"58,400.00"
2020-02-13,2020021301017542,NIL,46,14,300,585.00,"175,500.00"
2020-02-13,2020021301017541,NIL,41,14,50,585.00,"29,250.00"
2020-02-13,2020021301017472,NIL,39,43,10,588.00,"5,880.00"
2020-02-13,2020021301017228,NIL,32,43,100,585.00,"58,500.00"
2020-02-13,2020021301017227,NIL,32,45,200,585.00,"117,000.00"
2020-02-13,2020021301017226,NIL,32,34,200,584.00,"116,800.00"
2020-02-13,2020021301017381,NIL,59,19,400,584.00,"233,600.00"
2020-02-13,2020021301017380,NIL,57,19,100,586.00,"58,600.00"
2020-02-13,2020021301017291,NIL,59,43,100,588.00,"58,800.00"
2020-02-13,2020021301017585,NLBBL,17,16,500,839.00,"419,500.00"
2020-02-13,2020021301017572,NLBBL,58,53,100,848.00,"84,800.00"
2020-02-13,2020021301017548,NLBBL,40,16,48,840.00,"40,320.00"
2020-02-13,2020021301017504,NLBBL,26,16,613,840.00,"514,920.00"
2020-02-13,2020021301017451,NLBBL,26,25,387,840.00,"325,080.00"
2020-02-13,2020021301017450,NLBBL,49,25,400,840.00,"336,000.00"
2020-02-13,2020021301017449,NLBBL,38,25,200,841.00,"168,200.00"
2020-02-13,2020021301017448,NLBBL,33,25,13,842.00,"10,946.00"
2020-02-13,2020021301017326,NLBBL,33,52,487,842.00,"410,054.00"
2020-02-13,2020021301017212,NLBBL,16,58,138,842.00,"116,196.00"
2020-02-13,2020021301017638,NLG,21,35,100,698.00,"69,800.00"
2020-02-13,2020021301017637,NLG,35,35,50,698.00,"34,900.00"
2020-02-13,2020021301017523,NLG,35,43,250,698.00,"174,500.00"
2020-02-13,2020021301017522,NLG,41,43,250,698.00,"174,500.00"
2020-02-13,2020021301017385,NLG,41,35,200,698.00,"139,600.00"
2020-02-13,2020021301017628,NLIC,32,17,72,"1,130.00","81,360.00"
2020-02-13,2020021301017627,NLIC,32,49,28,"1,130.00","31,640.00"
2020-02-13,2020021301017579,NLIC,32,49,100,"1,130.00","113,000.00"
2020-02-13,2020021301017578,NLIC,32,11,100,"1,130.00","113,000.00"
2020-02-13,2020021301017535,NLIC,32,6,382,"1,129.00","431,278.00"
2020-02-13,2020021301017471,NLIC,50,36,200,"1,128.00","225,600.00"
2020-02-13,2020021301017221,NLIC,41,50,23,"1,127.00","25,921.00"
2020-02-13,2020021301017220,NLIC,25,50,50,"1,128.00","56,400.00"
2020-02-13,2020021301017696,NLICL,54,41,50,667.00,"33,350.00"
2020-02-13,2020021301017478,NLICL,45,41,50,667.00,"33,350.00"
2020-02-13,2020021301017340,NLICL,26,34,433,665.00,"287,945.00"
2020-02-13,2020021301017339,NLICL,26,34,500,665.00,"332,500.00"
2020-02-13,2020021301017338,NLICL,8,34,67,665.00,"44,555.00"
2020-02-13,2020021301017614,NMB,59,38,24,380.00,"9,120.00"
2020-02-13,2020021301017613,NMB,17,38,200,380.00,"76,000.00"
2020-02-13,2020021301017612,NMB,16,38,100,380.00,"38,000.00"
2020-02-13,2020021301017611,NMB,11,38,176,380.00,"66,880.00"
2020-02-13,2020021301017485,NMB,11,14,824,380.00,"313,120.00"
2020-02-13,2020021301017484,NMB,45,14,25,380.00,"9,500.00"
2020-02-13,2020021301017288,NMB,56,18,100,380.00,"38,000.00"
2020-02-13,2020021301017287,NMB,25,18,50,380.00,"19,000.00"
2020-02-13,2020021301017436,NMB,36,39,566,380.00,"215,080.00"
2020-02-13,2020021301017435,NMB,42,39,300,380.00,"114,000.00"
2020-02-13,2020021301017434,NMB,17,39,100,380.00,"38,000.00"
2020-02-13,2020021301017433,NMB,51,39,34,380.00,"12,920.00"
2020-02-13,2020021301017290,NMB,51,18,16,380.00,"6,080.00"
2020-02-13,2020021301017289,NMB,45,18,200,380.00,"76,000.00"
2020-02-13,2020021301017483,NMB,51,14,"1,000",380.00,"380,000.00"
2020-02-13,2020021301017482,NMB,29,14,17,380.00,"6,460.00"
2020-02-13,2020021301017481,NMB,25,14,500,380.00,"190,000.00"
2020-02-13,2020021301017480,NMB,36,14,34,380.00,"12,920.00"
2020-02-13,2020021301017469,NMB,36,34,400,380.00,"152,000.00"
2020-02-13,2020021301017464,NMB,48,14,100,381.00,"38,100.00"
2020-02-13,2020021301017624,NMBMF,57,16,10,935.00,"9,350.00"
2020-02-13,2020021301017230,NMBMF,28,16,500,921.00,"460,500.00"
2020-02-13,2020021301017586,NMFBS,39,21,20,"1,660.00","33,200.00"
2020-02-13,2020021301017470,NMFBS,39,29,50,"1,660.00","83,000.00"
2020-02-13,2020021301017429,NTC,51,39,85,617.00,"52,445.00"
2020-02-13,2020021301017245,NTC,28,39,10,617.00,"6,170.00"
2020-02-13,2020021301017336,NUBL,25,40,45,"1,036.00","46,620.00"
2020-02-13,2020021301017489,PCBL,5,56,10,277.00,"2,770.00"
2020-02-13,2020021301017684,PFL,13,13,17,160.00,"2,720.00"
2020-02-13,2020021301017683,PFL,13,41,200,160.00,"32,000.00"
2020-02-13,2020021301017682,PFL,13,22,13,159.00,"2,067.00"
2020-02-13,2020021301017477,PFL,13,6,19,160.00,"3,040.00"
2020-02-13,2020021301017476,PFL,13,26,26,158.00,"4,108.00"
2020-02-13,2020021301017475,PFL,13,22,26,158.00,"4,108.00"
2020-02-13,2020021301017474,PFL,13,1,39,158.00,"6,162.00"
2020-02-13,2020021301017473,PFL,13,34,39,157.00,"6,123.00"
2020-02-13,2020021301017622,PICL,44,6,300,514.00,"154,200.00"
2020-02-13,2020021301017649,PLIC,17,43,150,587.00,"88,050.00"
2020-02-13,2020021301017563,PLIC,38,44,250,589.00,"147,250.00"
2020-02-13,2020021301017536,PLIC,56,44,10,589.00,"5,890.00"
2020-02-13,2020021301017488,PLIC,17,37,150,587.00,"88,050.00"
2020-02-13,2020021301017487,PLIC,36,37,50,587.00,"29,350.00"
2020-02-13,2020021301017486,PLIC,26,37,800,587.00,"469,600.00"
2020-02-13,2020021301017303,PLIC,26,34,200,587.00,"117,400.00"
2020-02-13,2020021301017398,PPCL,14,47,90,123.00,"11,070.00"
2020-02-13,2020021301017397,PPCL,48,47,10,123.00,"1,230.00"
2020-02-13,2020021301017698,PRIN,22,44,151,478.00,"72,178.00"
2020-02-13,2020021301017697,PRIN,44,49,10,480.00,"4,800.00"
2020-02-13,2020021301017593,PRIN,22,44,300,478.00,"143,400.00"
2020-02-13,2020021301017562,PRIN,22,44,49,478.00,"23,422.00"
2020-02-13,2020021301017533,PRIN,39,44,10,478.00,"4,780.00"
2020-02-13,2020021301017532,PRIN,35,44,150,478.00,"71,700.00"
2020-02-13,2020021301017267,PRIN,20,7,50,480.00,"24,000.00"
2020-02-13,2020021301017506,PRIN,35,32,50,478.00,"23,900.00"
2020-02-13,2020021301017490,PRIN,35,44,300,478.00,"143,400.00"
2020-02-13,2020021301017445,PRIN,46,41,300,478.00,"143,400.00"
2020-02-13,2020021301017444,PRIN,50,41,300,478.00,"143,400.00"
2020-02-13,2020021301017443,PRIN,10,41,100,479.00,"47,900.00"
2020-02-13,2020021301017268,PRIN,10,7,150,479.00,"71,850.00"
2020-02-13,2020021301017503,PRVU,43,29,100,241.00,"24,100.00"
2020-02-13,2020021301017233,PRVU,8,51,303,242.00,"73,326.00"
2020-02-13,2020021301017232,PRVU,8,8,197,242.00,"47,674.00"
2020-02-13,2020021301017591,RADHI,33,13,10,158.00,"1,580.00"
2020-02-13,2020021301017454,RADHI,22,55,12,157.00,"1,884.00"
2020-02-13,2020021301017257,RBCL,42,45,10,"9,065.00","90,650.00"
2020-02-13,2020021301017256,RBCL,58,45,50,"9,076.00","453,800.00"
2020-02-13,2020021301017255,RBCL,58,45,10,"9,076.00","90,760.00"
2020-02-13,2020021301017465,RBCLPO,34,4,100,"8,060.00","806,000.00"
2020-02-13,2020021301017432,RBCLPO,34,4,50,"8,100.00","405,000.00"
2020-02-13,2020021301017431,RBCLPO,32,4,10,"8,140.00","81,400.00"
2020-02-13,2020021301017430,RBCLPO,39,4,30,"8,150.00","244,500.00"
2020-02-13,2020021301017694,RHPL,56,22,20,165.00,"3,300.00"
2020-02-13,2020021301017557,RHPL,56,54,30,165.00,"4,950.00"
2020-02-13,2020021301017534,RHPL,44,39,20,166.00,"3,320.00"
2020-02-13,2020021301017244,RHPL,56,34,250,165.00,"41,250.00"
2020-02-13,2020021301017243,RHPL,29,34,200,165.00,"33,000.00"
2020-02-13,2020021301017242,RHPL,44,34,100,165.00,"16,500.00"
2020-02-13,2020021301017241,RHPL,46,34,450,165.00,"74,250.00"
2020-02-13,2020021301017498,SANIMA,41,38,"1,000",344.00,"344,000.00"
2020-02-13,2020021301017383,SANIMA,45,38,100,344.00,"34,400.00"
2020-02-13,2020021301017237,SANIMA,14,38,500,344.00,"172,000.00"
2020-02-13,2020021301017236,SANIMA,39,38,200,344.00,"68,800.00"
2020-02-13,2020021301017235,SANIMA,52,38,500,344.00,"172,000.00"
2020-02-13,2020021301017234,SANIMA,59,38,80,344.00,"27,520.00"
2020-02-13,2020021301017531,SAPDBL,14,22,59,146.00,"8,614.00"
2020-02-13,2020021301017266,SBI,57,6,100,404.00,"40,400.00"
2020-02-13,2020021301017265,SBI,17,6,250,404.00,"101,000.00"
2020-02-13,2020021301017264,SBI,17,6,250,404.00,"101,000.00"
2020-02-13,2020021301017263,SBI,33,6,71,404.00,"28,684.00"
2020-02-13,2020021301017447,SBL,11,26,109,309.00,"33,681.00"
2020-02-13,2020021301017240,SBL,14,26,300,309.00,"92,700.00"
2020-02-13,2020021301017462,SCB,40,34,120,609.00,"73,080.00"
2020-02-13,2020021301017461,SCB,40,39,10,609.00,"6,090.00"
2020-02-13,2020021301017273,SCB,46,57,70,608.00,"42,560.00"
2020-02-13,2020021301017208,SCB,17,40,221,607.00,"134,147.00"
2020-02-13,2020021301017207,SCB,17,40,250,607.00,"151,750.00"
2020-02-13,2020021301017206,SCB,4,40,77,607.00,"46,739.00"
2020-02-13,2020021301017348,SDESI,35,45,10,962.00,"9,620.00"
2020-02-13,2020021301017283,SFCL,45,7,100,104.00,"10,400.00"
2020-02-13,2020021301017282,SFCL,20,7,28,104.00,"2,912.00"
2020-02-13,2020021301017571,SHIVM,28,56,379,577.00,"218,683.00"
2020-02-13,2020021301017570,SHIVM,28,52,100,577.00,"57,700.00"
2020-02-13,2020021301017569,SHIVM,28,6,200,576.00,"115,200.00"
2020-02-13,2020021301017568,SHIVM,28,58,100,576.00,"57,600.00"
2020-02-13,2020021301017567,SHIVM,28,20,50,575.00,"28,750.00"
2020-02-13,2020021301017566,SHIVM,28,4,621,575.00,"357,075.00"
2020-02-13,2020021301017332,SHIVM,58,47,276,574.00,"158,424.00"
2020-02-13,2020021301017331,SHIVM,58,6,200,573.00,"114,600.00"
2020-02-13,2020021301017330,SHIVM,58,47,150,573.00,"85,950.00"
2020-02-13,2020021301017329,SHIVM,58,45,100,571.00,"57,100.00"
2020-02-13,2020021301017223,SHIVM,34,4,80,569.00,"45,520.00"
2020-02-13,2020021301017222,SHIVM,51,4,20,569.00,"11,380.00"
2020-02-13,2020021301017334,SHIVM,58,4,74,575.00,"42,550.00"
2020-02-13,2020021301017333,SHIVM,58,34,200,574.00,"114,800.00"
2020-02-13,2020021301017565,SHIVM,28,19,50,574.00,"28,700.00"
2020-02-13,2020021301017560,SHIVM,37,19,100,574.00,"57,400.00"
2020-02-13,2020021301017647,SHL,48,34,154,193.00,"29,722.00"
2020-02-13,2020021301017680,SHPC,49,58,10,219.00,"2,190.00"
2020-02-13,2020021301017588,SHPC,54,6,130,215.00,"27,950.00"
2020-02-13,2020021301017500,SHPC,54,6,30,215.00,"6,450.00"
2020-02-13,2020021301017499,SHPC,37,6,170,215.00,"36,550.00"
2020-02-13,2020021301017495,SHPC,37,29,480,215.00,"103,200.00"
2020-02-13,2020021301017494,SHPC,49,29,500,216.00,"108,000.00"
2020-02-13,2020021301017296,SHPC,13,57,300,215.00,"64,500.00"
2020-02-13,2020021301017295,SHPC,34,57,426,215.00,"91,590.00"
2020-02-13,2020021301017294,SHPC,49,57,70,216.00,"15,120.00"
2020-02-13,2020021301017455,SHPC,37,45,350,215.00,"75,250.00"
2020-02-13,2020021301017297,SHPC,48,57,200,215.00,"43,000.00"
2020-02-13,2020021301017525,SICL,5,58,10,"1,142.00","11,420.00"
2020-02-13,2020021301017458,SICL,44,14,300,"1,140.00","342,000.00"
2020-02-13,2020021301017404,SICL,47,36,200,"1,139.00","227,800.00"
2020-02-13,2020021301017636,SINDU,43,41,800,134.00,"107,200.00"
2020-02-13,2020021301017635,SINDU,43,25,200,133.00,"26,600.00"
2020-02-13,2020021301017496,SJCL,52,54,20,155.00,"3,100.00"
2020-02-13,2020021301017446,SJCL,52,21,20,155.00,"3,100.00"
2020-02-13,2020021301017371,SJCL,52,21,20,155.00,"3,100.00"
2020-02-13,2020021301017214,SJCL,19,39,200,156.00,"31,200.00"
2020-02-13,2020021301017213,SJCL,19,39,200,156.00,"31,200.00"
2020-02-13,2020021301017606,SKBBL,11,35,50,"1,125.00","56,250.00"
2020-02-13,2020021301017306,SKBBL,14,19,98,"1,125.00","110,250.00"
2020-02-13,2020021301017659,SLBBL,38,58,350,960.00,"336,000.00"
2020-02-13,2020021301017658,SLBBL,7,58,100,960.00,"96,000.00"
2020-02-13,2020021301017657,SLBBL,34,58,500,961.00,"480,500.00"
2020-02-13,2020021301017656,SLBBL,6,58,200,963.00,"192,600.00"
2020-02-13,2020021301017655,SLBBL,34,58,200,965.00,"193,000.00"
2020-02-13,2020021301017654,SLBBL,6,58,100,966.00,"96,600.00"
2020-02-13,2020021301017403,SLBBL,34,45,10,970.00,"9,700.00"
2020-02-13,2020021301017402,SLBBL,34,39,100,969.00,"96,900.00"
2020-02-13,2020021301017653,SLBBL,49,58,50,966.00,"48,300.00"
2020-02-13,2020021301017686,SLICL,44,43,200,471.00,"94,200.00"
2020-02-13,2020021301017685,SLICL,44,1,20,471.00,"9,420.00"
2020-02-13,2020021301017617,SLICL,33,1,176,471.00,"82,896.00"
2020-02-13,2020021301017595,SLICL,50,1,300,471.00,"141,300.00"
2020-02-13,2020021301017524,SLICL,33,34,162,470.00,"76,140.00"
2020-02-13,2020021301017387,SLICL,37,34,38,470.00,"17,860.00"
2020-02-13,2020021301017386,SLICL,37,43,62,470.00,"29,140.00"
2020-02-13,2020021301017239,SLICL,51,43,38,470.00,"17,860.00"
2020-02-13,2020021301017441,SMATA,16,1,100,795.00,"79,500.00"
2020-02-13,2020021301017581,SMB,52,45,80,"1,010.00","80,800.00"
2020-02-13,2020021301017580,SMB,25,45,20,"1,010.00","20,200.00"
2020-02-13,2020021301017540,SMFBS,5,38,10,"1,076.00","10,760.00"
2020-02-13,2020021301017328,SMFBS,20,25,200,"1,080.00","216,000.00"
2020-02-13,2020021301017502,SPARS,26,21,10,959.00,"9,590.00"
2020-02-13,2020021301017377,SPARS,33,32,50,945.00,"47,250.00"
2020-02-13,2020021301017634,STC,58,34,20,"2,549.00","50,980.00"
2020-02-13,2020021301017375,STC,51,5,20,"2,550.00","51,000.00"
2020-02-13,2020021301017374,STC,56,5,10,"2,551.00","25,510.00"
2020-02-13,2020021301017345,SWBBL,14,44,90,"1,226.00","110,340.00"
2020-02-13,2020021301017620,TRH,58,58,40,311.00,"12,440.00"
2020-02-13,2020021301017619,TRH,58,6,60,310.00,"18,600.00"
2020-02-13,2020021301017577,TRH,58,6,40,310.00,"12,400.00"
2020-02-13,2020021301017576,TRH,58,19,250,309.00,"77,250.00"
2020-02-13,2020021301017575,TRH,58,26,100,309.00,"30,900.00"
2020-02-13,2020021301017574,TRH,58,32,300,307.00,"92,100.00"
2020-02-13,2020021301017573,TRH,58,37,810,306.00,"247,860.00"
2020-02-13,2020021301017286,TRH,19,46,200,301.00,"60,200.00"
2020-02-13,2020021301017346,UIC,16,34,50,424.00,"21,200.00"
2020-02-13,2020021301017279,UIC,16,34,35,424.00,"14,840.00"
2020-02-13,2020021301017275,UIC,36,34,100,424.00,"42,400.00"
2020-02-13,2020021301017370,UPPER,29,54,20,237.00,"4,740.00"
2020-02-13,2020021301017564,UPPER,57,39,30,237.00,"7,110.00"
2020-02-13,2020021301017559,UPPER,57,54,20,237.00,"4,740.00"
2020-02-13,2020021301017390,VLBS,43,58,100,"1,096.00","109,600.00"
2020-02-13,2020021301017389,VLBS,44,58,250,"1,096.00","274,000.00"
2020-02-13,2020021301017388,VLBS,44,58,100,"1,096.00","109,600.00"
2020-02-13,2020021301017356,VLBS,44,45,200,"1,096.00","219,200.00"
2020-02-13,2020021301017558,VLBS,48,18,10,"1,100.00","11,000.00"
2020-02-13,2020021301017393,VLBS,45,58,150,"1,088.00","163,200.00"
2020-02-13,2020021301017392,VLBS,33,58,50,"1,088.00","54,400.00"
2020-02-13,2020021301017391,VLBS,57,58,500,"1,095.00","547,500.00"
2020-02-13,2020021301017695,WOMI,3,38,10,"1,089.00","10,890.00"
2020-02-13,2020021301017687,WOMI,49,38,20,"1,089.00","21,780.00"
2020-02-13,2020021301017603,WOMI,40,29,80,"1,082.00","86,560.00"
2020-02-13,2020021301017440,WOMI,49,38,50,"1,089.00","54,450.00"
2020-02-13,2020021301017274,WOMI,57,29,100,"1,081.00","108,100.00"
2020-02-13,2020021301017204,WOMI,49,18,100,"1,090.00","109,000.00"
2020-02-13,2020021301017192,ADBL,57,49,10,385.00,"3,850.00"
2020-02-13,2020021301017191,ADBL,57,3,10,383.00,"3,830.00"
2020-02-13,2020021301016935,ADBL,41,58,110,381.00,"41,910.00"
2020-02-13,2020021301016934,ADBL,22,58,100,381.00,"38,100.00"
2020-02-13,2020021301016933,ADBL,17,58,250,382.00,"95,500.00"
2020-02-13,2020021301016932,ADBL,51,58,490,382.00,"187,180.00"
2020-02-13,2020021301016703,ADBL,51,57,10,382.00,"3,820.00"
2020-02-13,2020021301016702,ADBL,41,57,90,382.00,"34,380.00"
2020-02-13,2020021301017156,ALICL,5,44,500,605.00,"302,500.00"
2020-02-13,2020021301017155,ALICL,34,44,400,605.00,"242,000.00"
2020-02-13,2020021301017154,ALICL,8,44,100,605.00,"60,500.00"
2020-02-13,2020021301016967,ALICL,28,44,100,606.00,"60,600.00"
2020-02-13,2020021301016902,ALICL,32,44,30,607.00,"18,210.00"
2020-02-13,2020021301016871,ALICL,40,57,250,608.00,"152,000.00"
2020-02-13,2020021301016853,ALICL,32,47,20,607.00,"12,140.00"
2020-02-13,2020021301016852,ALICL,40,44,250,606.00,"151,500.00"
2020-02-13,2020021301016851,ALICL,40,32,50,606.00,"30,300.00"
2020-02-13,2020021301016840,ALICL,33,32,250,606.00,"151,500.00"
2020-02-13,2020021301016704,ALICL,33,52,250,606.00,"151,500.00"
2020-02-13,2020021301016987,BBC,37,56,10,"1,872.00","18,720.00"
2020-02-13,2020021301016815,BBC,37,56,27,"1,836.00","49,572.00"
2020-02-13,2020021301016945,BFC,32,3,12,104.00,"1,248.00"
2020-02-13,2020021301016944,BFC,43,3,338,104.00,"35,152.00"
2020-02-13,2020021301016943,BFC,34,3,100,104.00,"10,400.00"
2020-02-13,2020021301016942,BFC,43,3,50,104.00,"5,200.00"
2020-02-13,2020021301016860,BOKL,41,34,100,232.00,"23,200.00"
2020-02-13,2020021301017070,BPCL,21,34,75,337.00,"25,275.00"
2020-02-13,2020021301016880,BPCL,14,34,300,337.00,"101,100.00"
2020-02-13,2020021301016879,BPCL,46,34,115,337.00,"38,755.00"
2020-02-13,2020021301016850,BPCL,46,25,985,337.00,"331,945.00"
2020-02-13,2020021301016751,BPCL,46,49,100,337.00,"33,700.00"
2020-02-13,2020021301017195,CBBL,16,44,20,"1,077.00","21,540.00"
2020-02-13,2020021301017194,CBBL,43,44,634,"1,077.00","682,818.00"
2020-02-13,2020021301017100,CBBL,22,10,50,"1,078.00","53,900.00"
2020-02-13,2020021301017061,CBBL,22,7,50,"1,078.00","53,900.00"
2020-02-13,2020021301016926,CBBL,22,49,100,"1,078.00","107,800.00"
2020-02-13,2020021301016886,CBBL,52,52,60,"1,079.00","64,740.00"
2020-02-13,2020021301016961,CCBL,58,49,300,182.00,"54,600.00"
2020-02-13,2020021301016891,CCBL,58,25,"1,358",182.00,"247,156.00"
2020-02-13,2020021301016890,CCBL,34,25,500,182.00,"91,000.00"
2020-02-13,2020021301016889,CCBL,58,25,50,182.00,"9,100.00"
2020-02-13,2020021301016888,CCBL,1,25,92,182.00,"16,744.00"
2020-02-13,2020021301017175,CIT,16,38,45,"2,801.00","126,045.00"
2020-02-13,2020021301017174,CIT,45,38,10,"2,801.00","28,010.00"
2020-02-13,2020021301017173,CIT,45,38,10,"2,802.00","28,020.00"
2020-02-13,2020021301017172,CIT,14,38,25,"2,803.00","70,075.00"
2020-02-13,2020021301017171,CIT,35,38,10,"2,805.00","28,050.00"
2020-02-13,2020021301017102,CIT,6,57,25,"2,810.00","70,250.00"
2020-02-13,2020021301016809,CIT,3,41,11,"2,805.00","30,855.00"
2020-02-13,2020021301016808,CIT,14,41,50,"2,805.00","140,250.00"
2020-02-13,2020021301016793,CIT,35,6,40,"2,806.00","112,240.00"
2020-02-13,2020021301016898,CIT,45,7,90,"2,801.00","252,090.00"
2020-02-13,2020021301016897,CIT,22,7,10,"2,802.00","28,020.00"
2020-02-13,2020021301016893,CIT,38,25,100,"2,810.00","281,000.00"
2020-02-13,2020021301016892,CIT,38,46,55,"2,805.00","154,275.00"
2020-02-13,2020021301016847,CIT,22,5,10,"2,802.00","28,020.00"
2020-02-13,2020021301016833,CIT,11,46,10,"2,805.00","28,050.00"
2020-02-13,2020021301017181,CLBSL,40,33,40,"1,115.00","44,600.00"
2020-02-13,2020021301017120,DDBL,49,19,80,890.00,"71,200.00"
2020-02-13,2020021301016823,DDBL,10,19,300,900.00,"270,000.00"
2020-02-13,2020021301016755,DDBL,10,38,50,899.00,"44,950.00"
2020-02-13,2020021301016754,DDBL,10,57,10,896.00,"8,960.00"
2020-02-13,2020021301016753,DDBL,10,4,15,894.00,"13,410.00"
2020-02-13,2020021301016748,DDBL,49,25,130,890.00,"115,700.00"
2020-02-13,2020021301016747,DDBL,52,25,200,890.00,"178,000.00"
2020-02-13,2020021301016746,DDBL,37,25,70,890.00,"62,300.00"
2020-02-13,2020021301016745,DDBL,17,25,50,893.00,"44,650.00"
2020-02-13,2020021301016744,DDBL,57,25,50,893.00,"44,650.00"
2020-02-13,2020021301017119,EBL,40,18,122,639.00,"77,958.00"
2020-02-13,2020021301017099,EBL,40,40,78,639.00,"49,842.00"
2020-02-13,2020021301017098,EBL,55,40,50,639.00,"31,950.00"
2020-02-13,2020021301017097,EBL,57,40,70,639.00,"44,730.00"
2020-02-13,2020021301016910,EBL,57,51,150,639.00,"95,850.00"
2020-02-13,2020021301016813,EDBL,29,36,30,358.00,"10,740.00"
2020-02-13,2020021301016786,EDBL,47,48,300,357.00,"107,100.00"
2020-02-13,2020021301017123,EIC,45,1,20,440.00,"8,800.00"
2020-02-13,2020021301016769,EIC,52,32,44,435.00,"19,140.00"
2020-02-13,2020021301016768,EIC,42,32,500,435.00,"217,500.00"
2020-02-13,2020021301016767,EIC,6,32,25,435.00,"10,875.00"
2020-02-13,2020021301016766,EIC,51,32,50,436.00,"21,800.00"
2020-02-13,2020021301016765,EIC,42,32,25,436.00,"10,900.00"
2020-02-13,2020021301016758,EIC,54,32,300,438.00,"131,400.00"
2020-02-13,2020021301016757,EIC,57,32,200,438.00,"87,600.00"
2020-02-13,2020021301016756,EIC,32,32,470,438.00,"205,860.00"
2020-02-13,2020021301016764,EIC,38,32,200,436.00,"87,200.00"
2020-02-13,2020021301016763,EIC,59,32,100,436.00,"43,600.00"
2020-02-13,2020021301016762,EIC,52,32,200,436.00,"87,200.00"
2020-02-13,2020021301016761,EIC,40,32,300,436.00,"130,800.00"
2020-02-13,2020021301016760,EIC,46,32,"1,000",437.00,"437,000.00"
2020-02-13,2020021301016759,EIC,36,32,500,437.00,"218,500.00"
2020-02-13,2020021301017043,FMDBL,28,56,378,474.00,"179,172.00"
2020-02-13,2020021301017042,FMDBL,56,56,300,474.00,"142,200.00"
2020-02-13,2020021301017041,FMDBL,53,56,200,474.00,"94,800.00"
2020-02-13,2020021301017040,FMDBL,45,56,10,475.00,"4,750.00"
2020-02-13,2020021301017039,FMDBL,11,56,100,475.00,"47,500.00"
2020-02-13,2020021301017038,FMDBL,45,56,14,475.00,"6,650.00"
2020-02-13,2020021301017037,FMDBL,6,56,100,475.00,"47,500.00"
2020-02-13,2020021301016807,FMDBL,45,34,86,475.00,"40,850.00"
2020-02-13,2020021301016806,FMDBL,36,34,100,475.00,"47,500.00"
2020-02-13,2020021301016805,FMDBL,26,34,14,475.00,"6,650.00"
2020-02-13,2020021301016701,FMDBL,26,43,36,475.00,"17,100.00"
2020-02-13,2020021301016700,FMDBL,28,43,194,475.00,"92,150.00"
2020-02-13,2020021301017183,FOWAD,49,51,16,"1,516.00","24,256.00"
2020-02-13,2020021301017182,FOWAD,49,5,50,"1,516.00","75,800.00"
2020-02-13,2020021301016779,FOWAD,49,53,34,"1,516.00","51,544.00"
2020-02-13,2020021301016811,GBBL,56,39,200,239.00,"47,800.00"
2020-02-13,2020021301016810,GBBL,32,39,"1,000",239.00,"239,000.00"
2020-02-13,2020021301016771,GBBL,29,34,37,240.00,"8,880.00"
2020-02-13,2020021301017159,GBIME,54,41,460,277.00,"127,420.00"
2020-02-13,2020021301017124,GBIME,59,41,100,277.00,"27,700.00"
2020-02-13,2020021301017055,GBIME,46,41,200,277.00,"55,400.00"
2020-02-13,2020021301016883,GBIME,6,22,41,276.00,"11,316.00"
2020-02-13,2020021301016836,GBIME,6,40,500,276.00,"138,000.00"
2020-02-13,2020021301016814,GBIME,35,41,20,277.00,"5,540.00"
2020-02-13,2020021301016772,GBIME,6,39,49,276.00,"13,524.00"
2020-02-13,2020021301017197,GBLBS,26,50,15,480.00,"7,200.00"
2020-02-13,2020021301017022,GBLBS,26,59,110,480.00,"52,800.00"
2020-02-13,2020021301017021,GBLBS,29,59,200,480.00,"96,000.00"
2020-02-13,2020021301017020,GBLBS,53,59,190,480.00,"91,200.00"
2020-02-13,2020021301017086,GFCL,11,26,54,152.00,"8,208.00"
2020-02-13,2020021301017178,GGBSL,49,16,60,922.00,"55,320.00"
2020-02-13,2020021301017177,GGBSL,49,3,20,920.00,"18,400.00"
2020-02-13,2020021301016792,GGBSL,26,58,10,924.00,"9,240.00"
2020-02-13,2020021301016791,GGBSL,26,25,10,922.00,"9,220.00"
2020-02-13,2020021301017167,GLBSL,48,29,100,828.00,"82,800.00"
2020-02-13,2020021301017053,GLBSL,39,29,143,830.00,"118,690.00"
2020-02-13,2020021301016998,GLBSL,39,7,57,830.00,"47,310.00"
2020-02-13,2020021301016997,GLBSL,33,7,10,830.00,"8,300.00"
2020-02-13,2020021301016996,GLBSL,34,7,100,830.00,"83,000.00"
2020-02-13,2020021301016995,GLBSL,46,7,49,830.00,"40,670.00"
2020-02-13,2020021301016994,GLBSL,54,7,44,830.00,"36,520.00"
2020-02-13,2020021301016885,GLBSL,46,45,51,830.00,"42,330.00"
2020-02-13,2020021301017190,GLICL,47,5,114,790.00,"90,060.00"
2020-02-13,2020021301017189,GLICL,34,5,100,790.00,"79,000.00"
2020-02-13,2020021301017188,GLICL,45,5,100,790.00,"79,000.00"
2020-02-13,2020021301017187,GLICL,53,5,121,790.00,"95,590.00"
2020-02-13,2020021301017164,GLICL,28,14,200,791.00,"158,200.00"
2020-02-13,2020021301017163,GLICL,38,14,84,791.00,"66,444.00"
2020-02-13,2020021301016955,GLICL,39,25,100,792.00,"79,200.00"
2020-02-13,2020021301016882,GLICL,8,25,50,792.00,"39,600.00"
2020-02-13,2020021301016858,GLICL,6,25,50,792.00,"39,600.00"
2020-02-13,2020021301016775,GLICL,57,7,200,793.00,"158,600.00"
2020-02-13,2020021301017162,GLICL,38,18,116,791.00,"91,756.00"
2020-02-13,2020021301017161,GLICL,6,18,100,791.00,"79,100.00"
2020-02-13,2020021301017112,GLICL,37,33,300,792.00,"237,600.00"
2020-02-13,2020021301017111,GLICL,37,33,450,792.00,"356,400.00"
2020-02-13,2020021301017075,GLICL,37,25,200,792.00,"158,400.00"
2020-02-13,2020021301017069,GLICL,47,25,100,792.00,"79,200.00"
2020-02-13,2020021301016790,HBL,33,33,220,528.00,"116,160.00"
2020-02-13,2020021301016789,HBL,34,33,100,529.00,"52,900.00"
2020-02-13,2020021301016977,HDL,58,45,26,"1,351.00","35,126.00"
2020-02-13,2020021301016876,HDL,58,21,100,"1,351.00","135,100.00"
2020-02-13,2020021301017176,HGI,57,4,80,417.00,"33,360.00"
2020-02-13,2020021301017122,HGI,57,4,114,417.00,"47,538.00"
2020-02-13,2020021301017121,HGI,37,4,186,417.00,"77,562.00"
2020-02-13,2020021301016730,HGI,37,41,314,417.00,"130,938.00"
2020-02-13,2020021301016729,HGI,22,41,100,417.00,"41,700.00"
2020-02-13,2020021301016728,HGI,51,41,50,417.00,"20,850.00"
2020-02-13,2020021301016727,HGI,35,41,16,418.00,"6,688.00"
2020-02-13,2020021301016726,HGI,36,41,320,420.00,"134,400.00"
2020-02-13,2020021301017153,HIDCL,1,10,480,136.00,"65,280.00"
2020-02-13,2020021301017152,HIDCL,25,10,500,136.00,"68,000.00"
2020-02-13,2020021301017151,HIDCL,14,10,20,136.00,"2,720.00"
2020-02-13,2020021301017134,IGI,59,25,20,448.00,"8,960.00"
2020-02-13,2020021301017133,IGI,59,34,"1,000",448.00,"448,000.00"
2020-02-13,2020021301017132,IGI,59,17,490,448.00,"219,520.00"
2020-02-13,2020021301017002,IGI,59,19,372,447.00,"166,284.00"
2020-02-13,2020021301017001,IGI,59,32,50,447.00,"22,350.00"
2020-02-13,2020021301016949,ILBS,47,36,10,880.00,"8,800.00"
2020-02-13,2020021301016774,JBBL,35,21,"1,028",187.00,"192,236.00"
2020-02-13,2020021301016773,JBBL,32,21,72,187.00,"13,464.00"
2020-02-13,2020021301016993,JSLBB,26,32,100,"1,745.00","174,500.00"
2020-02-13,2020021301016992,JSLBB,51,32,250,"1,745.00","436,250.00"
2020-02-13,2020021301016991,JSLBB,48,32,30,"1,746.00","52,380.00"
2020-02-13,2020021301016990,JSLBB,16,32,20,"1,746.00","34,920.00"
2020-02-13,2020021301016989,JSLBB,7,32,50,"1,750.00","87,500.00"
2020-02-13,2020021301016988,JSLBB,58,32,50,"1,751.00","87,550.00"
2020-02-13,2020021301016788,JSLBB,36,19,94,"1,752.00","164,688.00"
2020-02-13,2020021301017131,KBL,34,39,"1,000",193.00,"193,000.00"
2020-02-13,2020021301016964,KBL,8,39,84,192.00,"16,128.00"
2020-02-13,2020021301016963,KBL,22,39,250,192.00,"48,000.00"
2020-02-13,2020021301016962,KBL,41,39,11,192.00,"2,112.00"
2020-02-13,2020021301016770,KRBL,41,32,500,119.00,"59,500.00"
2020-02-13,2020021301016887,KSBBL,42,39,500,160.00,"80,000.00"
2020-02-13,2020021301016777,KSBBL,41,19,400,161.00,"64,400.00"
2020-02-13,2020021301016802,LBBL,54,40,300,193.00,"57,900.00"
2020-02-13,2020021301017033,LGIL,58,22,350,525.00,"183,750.00"
2020-02-13,2020021301017032,LGIL,50,22,400,525.00,"210,000.00"
2020-02-13,2020021301017031,LGIL,44,22,100,525.00,"52,500.00"
2020-02-13,2020021301017030,LGIL,44,22,100,525.00,"52,500.00"
2020-02-13,2020021301017029,LGIL,58,22,200,526.00,"105,200.00"
2020-02-13,2020021301017028,LGIL,50,22,50,526.00,"26,300.00"
2020-02-13,2020021301017027,LGIL,56,22,300,527.00,"158,100.00"
2020-02-13,2020021301017026,LGIL,52,22,200,528.00,"105,600.00"
2020-02-13,2020021301016785,LICN,41,48,100,"1,240.00","124,000.00"
2020-02-13,2020021301016970,LLBS,22,25,212,"1,166.00","247,192.00"
2020-02-13,2020021301016969,LLBS,21,25,200,"1,168.00","233,600.00"
2020-02-13,2020021301016968,LLBS,22,25,88,"1,168.00","102,784.00"
2020-02-13,2020021301016901,LLBS,22,6,12,"1,168.00","14,016.00"
2020-02-13,2020021301016855,LLBS,33,1,20,"1,168.00","23,360.00"
2020-02-13,2020021301016854,LLBS,47,1,28,"1,168.00","32,704.00"
2020-02-13,2020021301017077,MBL,54,50,500,232.00,"116,000.00"
2020-02-13,2020021301017004,MDB,43,1,38,335.00,"12,730.00"
2020-02-13,2020021301016835,MDB,29,1,27,335.00,"9,045.00"
2020-02-13,2020021301017158,MEGA,44,16,34,205.00,"6,970.00"
2020-02-13,2020021301017157,MEGA,44,22,31,205.00,"6,355.00"
2020-02-13,2020021301016937,MEGA,5,53,50,205.00,"10,250.00"
2020-02-13,2020021301016936,MEGA,22,53,"1,950",205.00,"399,750.00"
2020-02-13,2020021301016849,MEGA,22,45,50,205.00,"10,250.00"
2020-02-13,2020021301016878,MERO,26,49,19,679.00,"12,901.00"
2020-02-13,2020021301016896,MFIL,47,32,357,193.00,"68,901.00"
2020-02-13,2020021301016895,MFIL,47,32,500,193.00,"96,500.00"
2020-02-13,2020021301016894,MFIL,55,32,222,194.00,"43,068.00"
2020-02-13,2020021301017113,MNBBL,56,52,40,319.00,"12,760.00"
2020-02-13,2020021301016848,MNBBL,29,17,45,320.00,"14,400.00"
2020-02-13,2020021301016844,MNBBL,56,59,200,319.00,"63,800.00"
2020-02-13,2020021301017047,MSMBS,1,53,50,846.00,"42,300.00"
2020-02-13,2020021301016863,MSMBS,38,40,10,840.00,"8,400.00"
2020-02-13,2020021301016862,MSMBS,45,40,10,840.00,"8,400.00"
2020-02-13,2020021301016861,MSMBS,10,40,43,840.00,"36,120.00"
2020-02-13,2020021301016708,MSMBS,10,26,11,840.00,"9,240.00"
2020-02-13,2020021301017076,NABIL,21,39,50,721.00,"36,050.00"
2020-02-13,2020021301016881,NABIL,21,40,649,721.00,"467,929.00"
2020-02-13,2020021301016752,NABIL,21,57,50,721.00,"36,050.00"
2020-02-13,2020021301016732,NABIL,21,29,25,721.00,"18,025.00"
2020-02-13,2020021301017149,NADEP,5,25,60,753.00,"45,180.00"
2020-02-13,2020021301017083,NADEP,5,25,195,753.00,"146,835.00"
2020-02-13,2020021301017034,NADEP,5,43,500,753.00,"376,500.00"
2020-02-13,2020021301016948,NADEP,58,44,50,758.00,"37,900.00"
2020-02-13,2020021301016947,NADEP,58,38,100,757.00,"75,700.00"
2020-02-13,2020021301016709,NADEP,18,48,73,756.00,"55,188.00"
2020-02-13,2020021301016866,NADEP,5,26,155,753.00,"116,715.00"
2020-02-13,2020021301016865,NADEP,38,26,30,754.00,"22,620.00"
2020-02-13,2020021301016864,NADEP,18,26,65,754.00,"49,010.00"
2020-02-13,2020021301016710,NADEP,18,49,100,756.00,"75,600.00"
2020-02-13,2020021301017036,NBB,54,48,142,204.00,"28,968.00"
2020-02-13,2020021301017035,NBB,59,48,358,204.00,"73,032.00"
2020-02-13,2020021301017011,NBL,44,51,263,266.00,"69,958.00"
2020-02-13,2020021301017010,NBL,8,51,100,266.00,"26,600.00"
2020-02-13,2020021301017009,NBL,14,51,100,266.00,"26,600.00"
2020-02-13,2020021301017008,NBL,40,51,150,266.00,"39,900.00"
2020-02-13,2020021301017007,NBL,32,51,500,266.00,"133,000.00"
2020-02-13,2020021301017006,NBL,47,51,125,266.00,"33,250.00"
2020-02-13,2020021301016884,NBL,8,32,50,267.00,"13,350.00"
2020-02-13,2020021301016845,NBL,47,39,100,266.00,"26,600.00"
2020-02-13,2020021301016707,NBL,47,40,275,266.00,"73,150.00"
2020-02-13,2020021301016706,NBL,29,40,100,266.00,"26,600.00"
2020-02-13,2020021301016705,NBL,38,40,125,266.00,"33,250.00"
2020-02-13,2020021301017138,NCCB,11,19,300,193.00,"57,900.00"
2020-02-13,2020021301016960,NGPL,28,51,62,118.00,"7,316.00"
2020-02-13,2020021301016959,NGPL,25,51,60,118.00,"7,080.00"
2020-02-13,2020021301016958,NGPL,11,51,100,118.00,"11,800.00"
2020-02-13,2020021301016957,NGPL,50,51,294,118.00,"34,692.00"
2020-02-13,2020021301016831,NHDL,38,1,10,128.00,"1,280.00"
2020-02-13,2020021301017198,NIB,44,39,16,375.00,"6,000.00"
2020-02-13,2020021301017150,NIB,41,48,44,373.00,"16,412.00"
2020-02-13,2020021301017148,NIB,41,51,106,373.00,"39,538.00"
2020-02-13,2020021301017147,NIB,32,51,20,373.00,"7,460.00"
2020-02-13,2020021301017137,NIB,29,39,100,375.00,"37,500.00"
2020-02-13,2020021301016978,NIB,58,39,10,375.00,"3,750.00"
2020-02-13,2020021301017166,NICA,45,38,53,501.00,"26,553.00"
2020-02-13,2020021301017145,NICA,53,38,54,500.00,"27,000.00"
2020-02-13,2020021301017130,NICA,53,36,438,500.00,"219,000.00"
2020-02-13,2020021301017129,NICA,39,36,"1,000",500.00,"500,000.00"
2020-02-13,2020021301017128,NICA,47,36,"2,783",500.00,"1,391,500.00"
2020-02-13,2020021301017127,NICA,57,36,150,501.00,"75,150.00"
2020-02-13,2020021301016946,NICA,44,6,11,502.00,"5,522.00"
2020-02-13,2020021301016783,NICA,44,38,43,502.00,"21,586.00"
2020-02-13,2020021301016782,NICA,33,38,15,502.00,"7,530.00"
2020-02-13,2020021301016733,NICA,33,38,60,502.00,"30,120.00"
2020-02-13,2020021301017126,NICA,56,36,46,501.00,"23,046.00"
2020-02-13,2020021301017125,NICA,43,36,"1,583",501.00,"793,083.00"
2020-02-13,2020021301017096,NICA,43,38,54,501.00,"27,054.00"
2020-02-13,2020021301017060,NICA,44,45,174,502.00,"87,348.00"
2020-02-13,2020021301017045,NICA,44,38,61,502.00,"30,622.00"
2020-02-13,2020021301016986,NICA,44,38,61,502.00,"30,622.00"
2020-02-13,2020021301017095,NICL,33,28,500,446.00,"223,000.00"
2020-02-13,2020021301017094,NICL,43,28,100,446.00,"44,600.00"
2020-02-13,2020021301017093,NICL,22,28,200,447.00,"89,400.00"
2020-02-13,2020021301017092,NICL,52,28,200,447.00,"89,400.00"
2020-02-13,2020021301016900,NICL,50,6,60,448.00,"26,880.00"
2020-02-13,2020021301016780,NICL,53,7,400,447.00,"178,800.00"
2020-02-13,2020021301017091,NIL,59,43,100,588.00,"58,800.00"
2020-02-13,2020021301016725,NIL,5,43,160,581.00,"92,960.00"
2020-02-13,2020021301016724,NIL,36,43,500,581.00,"290,500.00"
2020-02-13,2020021301016723,NIL,42,43,100,581.00,"58,100.00"
2020-02-13,2020021301016722,NIL,5,43,500,582.00,"291,000.00"
2020-02-13,2020021301016721,NIL,32,43,500,582.00,"291,000.00"
2020-02-13,2020021301016720,NIL,47,43,128,583.00,"74,624.00"
2020-02-13,2020021301016719,NIL,49,43,112,585.00,"65,520.00"
2020-02-13,2020021301017144,NLBBL,49,16,500,840.00,"420,000.00"
2020-02-13,2020021301017117,NLBBL,49,16,100,840.00,"84,000.00"
2020-02-13,2020021301017116,NLBBL,6,16,50,840.00,"42,000.00"
2020-02-13,2020021301017115,NLBBL,6,16,300,841.00,"252,300.00"
2020-02-13,2020021301017114,NLBBL,52,16,50,841.00,"42,050.00"
2020-02-13,2020021301017068,NLBBL,49,58,62,842.00,"52,204.00"
2020-02-13,2020021301016846,NLBBL,44,32,500,844.00,"422,000.00"
2020-02-13,2020021301016712,NLBBL,44,39,200,844.00,"168,800.00"
2020-02-13,2020021301016711,NLBBL,10,39,30,844.00,"25,320.00"
2020-02-13,2020021301017056,NLBBL,35,25,100,845.00,"84,500.00"
2020-02-13,2020021301017019,NLBBL,49,43,500,842.00,"421,000.00"
2020-02-13,2020021301017018,NLBBL,38,43,300,843.00,"252,900.00"
2020-02-13,2020021301017017,NLBBL,59,43,200,843.00,"168,600.00"
2020-02-13,2020021301016966,NLBBL,44,19,300,844.00,"253,200.00"
2020-02-13,2020021301016939,NLBBL,58,22,100,848.00,"84,800.00"
2020-02-13,2020021301017110,NLIC,51,45,100,"1,129.00","112,900.00"
2020-02-13,2020021301016917,NLIC,41,4,30,"1,127.00","33,810.00"
2020-02-13,2020021301016916,NLIC,34,4,10,"1,127.00","11,270.00"
2020-02-13,2020021301016915,NLIC,56,4,60,"1,127.00","67,620.00"
2020-02-13,2020021301016873,NLIC,34,8,100,"1,128.00","112,800.00"
2020-02-13,2020021301016842,NLIC,41,38,20,"1,128.00","22,560.00"
2020-02-13,2020021301016819,NLIC,56,34,113,"1,127.00","127,351.00"
2020-02-13,2020021301016699,NLIC,56,58,127,"1,127.00","143,129.00"
2020-02-13,2020021301016956,NLICL,8,26,303,665.00,"201,495.00"
2020-02-13,2020021301017142,NMB,11,14,63,381.00,"24,003.00"
2020-02-13,2020021301017141,NMB,11,21,500,381.00,"190,500.00"
2020-02-13,2020021301017140,NMB,11,47,100,381.00,"38,100.00"
2020-02-13,2020021301017139,NMB,11,38,337,381.00,"128,397.00"
2020-02-13,2020021301017118,NMB,49,38,200,381.00,"76,200.00"
2020-02-13,2020021301017059,NMB,45,38,100,381.00,"38,100.00"
2020-02-13,2020021301017005,NMB,25,34,247,380.00,"93,860.00"
2020-02-13,2020021301016872,NMB,35,38,20,381.00,"7,620.00"
2020-02-13,2020021301016822,NMB,25,19,203,380.00,"77,140.00"
2020-02-13,2020021301016821,NMB,47,19,50,380.00,"19,000.00"
2020-02-13,2020021301016738,NMFBS,39,51,85,"1,660.00","141,100.00"
2020-02-13,2020021301016737,NMFBS,26,51,29,"1,661.00","48,169.00"
2020-02-13,2020021301016736,NMFBS,6,51,100,"1,665.00","166,500.00"
2020-02-13,2020021301016735,NMFBS,21,51,50,"1,667.00","83,350.00"
2020-02-13,2020021301016734,NMFBS,26,51,36,"1,667.00","60,012.00"
2020-02-13,2020021301017179,NSEWA,26,5,10,840.00,"8,400.00"
2020-02-13,2020021301017052,NSEWA,16,11,75,826.00,"61,950.00"
2020-02-13,2020021301017051,NSEWA,19,11,190,826.00,"156,940.00"
2020-02-13,2020021301017050,NSEWA,43,11,40,828.00,"33,120.00"
2020-02-13,2020021301017049,NSEWA,38,11,10,829.00,"8,290.00"
2020-02-13,2020021301017000,NUBL,39,1,50,"1,037.00","51,850.00"
2020-02-13,2020021301017136,PIC,25,14,10,597.00,"5,970.00"
2020-02-13,2020021301017135,PIC,25,39,11,596.00,"6,556.00"
2020-02-13,2020021301016954,PIC,29,39,264,590.00,"155,760.00"
2020-02-13,2020021301016953,PIC,58,39,156,590.00,"92,040.00"
2020-02-13,2020021301016920,PIC,58,33,44,590.00,"25,960.00"
2020-02-13,2020021301016919,PIC,41,33,89,590.00,"52,510.00"
2020-02-13,2020021301016918,PIC,11,33,62,592.00,"36,704.00"
2020-02-13,2020021301016924,PICL,48,33,20,512.00,"10,240.00"
2020-02-13,2020021301016923,PICL,49,33,20,512.00,"10,240.00"
2020-02-13,2020021301016922,PICL,56,33,10,513.00,"5,130.00"
2020-02-13,2020021301017089,PLIC,26,32,800,587.00,"469,600.00"
2020-02-13,2020021301016980,PLIC,26,33,200,587.00,"117,400.00"
2020-02-13,2020021301016938,PLIC,57,44,100,589.00,"58,900.00"
2020-02-13,2020021301016925,PLIC,14,44,100,589.00,"58,900.00"
2020-02-13,2020021301016750,PLIC,38,44,170,589.00,"100,130.00"
2020-02-13,2020021301016749,PLIC,38,1,30,588.00,"17,640.00"
2020-02-13,2020021301016718,PLIC,21,1,50,588.00,"29,400.00"
2020-02-13,2020021301017105,PMHPL,58,34,100,91.00,"9,100.00"
2020-02-13,2020021301017104,PMHPL,59,34,300,91.00,"27,300.00"
2020-02-13,2020021301017103,PMHPL,59,34,210,92.00,"19,320.00"
2020-02-13,2020021301017057,PRIN,20,40,200,480.00,"96,000.00"
2020-02-13,2020021301016838,PRIN,20,49,50,480.00,"24,000.00"
2020-02-13,2020021301016837,PRIN,22,49,19,480.00,"9,120.00"
2020-02-13,2020021301016741,PRIN,22,33,81,480.00,"38,880.00"
2020-02-13,2020021301016740,PRIN,6,33,90,480.00,"43,200.00"
2020-02-13,2020021301016739,PRIN,34,33,79,480.00,"37,920.00"
2020-02-13,2020021301017165,PROFL,44,34,97,110.00,"10,670.00"
2020-02-13,2020021301016794,PRVU,43,40,348,241.00,"83,868.00"
2020-02-13,2020021301017169,RBCL,58,11,40,"9,076.00","363,040.00"
2020-02-13,2020021301017168,RBCL,7,11,10,"9,085.00","90,850.00"
2020-02-13,2020021301016976,RHPC,32,59,"5,000",85.00,"425,000.00"
2020-02-13,2020021301016875,RHPC,29,17,27,86.00,"2,322.00"
2020-02-13,2020021301017180,RHPL,46,21,40,165.00,"6,600.00"
2020-02-13,2020021301017046,RHPL,36,21,40,166.00,"6,640.00"
2020-02-13,2020021301016870,RHPL,36,40,440,166.00,"73,040.00"
2020-02-13,2020021301016784,RHPL,36,22,20,166.00,"3,320.00"
2020-02-13,2020021301016979,RMDC,10,6,11,690.00,"7,590.00"
2020-02-13,2020021301016952,RMDC,10,34,385,690.00,"265,650.00"
2020-02-13,2020021301016951,RMDC,48,34,90,691.00,"62,190.00"
2020-02-13,2020021301016950,RMDC,1,34,25,691.00,"17,275.00"
2020-02-13,2020021301016717,RMDC,1,39,75,691.00,"51,825.00"
2020-02-13,2020021301016716,RMDC,35,39,100,692.00,"69,200.00"
2020-02-13,2020021301016715,RMDC,58,39,25,692.00,"17,300.00"
2020-02-13,2020021301016714,RMDC,1,39,100,693.00,"69,300.00"
2020-02-13,2020021301016713,RMDC,56,39,100,694.00,"69,400.00"
2020-02-13,2020021301017074,RSDC,45,6,50,482.00,"24,100.00"
2020-02-13,2020021301017073,RSDC,25,6,50,482.00,"24,100.00"
2020-02-13,2020021301016909,RSDC,39,1,50,482.00,"24,100.00"
2020-02-13,2020021301016908,RSDC,10,1,62,483.00,"29,946.00"
2020-02-13,2020021301016812,RSDC,22,43,500,484.00,"242,000.00"
2020-02-13,2020021301017170,SABSL,6,52,10,931.00,"9,310.00"
2020-02-13,2020021301016787,SABSL,6,42,50,931.00,"46,550.00"
2020-02-13,2020021301017082,SADBL,36,32,100,164.00,"16,400.00"
2020-02-13,2020021301017081,SADBL,36,29,10,164.00,"1,640.00"
2020-02-13,2020021301017080,SADBL,36,45,"4,900",164.00,"803,600.00"
2020-02-13,2020021301017079,SADBL,36,21,12,163.00,"1,956.00"
2020-02-13,2020021301017078,SADBL,36,28,707,163.00,"115,241.00"
2020-02-13,2020021301017109,SANIMA,51,41,100,345.00,"34,500.00"
2020-02-13,2020021301017101,SANIMA,45,41,100,345.00,"34,500.00"
2020-02-13,2020021301017015,SANIMA,59,51,110,344.00,"37,840.00"
2020-02-13,2020021301017014,SANIMA,57,51,100,344.00,"34,400.00"
2020-02-13,2020021301017013,SANIMA,46,51,30,344.00,"10,320.00"
2020-02-13,2020021301017012,SANIMA,25,51,500,344.00,"172,000.00"
2020-02-13,2020021301016841,SANIMA,51,41,100,345.00,"34,500.00"
2020-02-13,2020021301016877,SBL,52,26,100,309.00,"30,900.00"
2020-02-13,2020021301017071,SCB,4,41,188,607.00,"114,116.00"
2020-02-13,2020021301016834,SCB,4,22,280,607.00,"169,960.00"
2020-02-13,2020021301016776,SCB,50,57,50,608.00,"30,400.00"
2020-02-13,2020021301017108,SDESI,5,19,70,954.00,"66,780.00"
2020-02-13,2020021301017107,SDESI,45,19,40,954.00,"38,160.00"
2020-02-13,2020021301017106,SDESI,20,19,90,962.00,"86,580.00"
2020-02-13,2020021301017044,SDESI,17,6,200,963.00,"192,600.00"
2020-02-13,2020021301016899,SDESI,20,33,10,962.00,"9,620.00"
2020-02-13,2020021301016985,SHINE,49,26,390,277.00,"108,030.00"
2020-02-13,2020021301016984,SHINE,56,26,200,277.00,"55,400.00"
2020-02-13,2020021301016795,SHINE,29,34,29,279.00,"8,091.00"
2020-02-13,2020021301016983,SHINE,56,26,100,277.00,"27,700.00"
2020-02-13,2020021301016982,SHINE,41,26,300,277.00,"83,100.00"
2020-02-13,2020021301016981,SHINE,36,26,10,277.00,"2,770.00"
2020-02-13,2020021301017146,SHIVM,58,47,50,573.00,"28,650.00"
2020-02-13,2020021301017003,SHIVM,13,45,50,568.00,"28,400.00"
2020-02-13,2020021301016975,SHIVM,13,40,40,568.00,"22,720.00"
2020-02-13,2020021301016974,SHIVM,6,40,50,568.00,"28,400.00"
2020-02-13,2020021301016973,SHIVM,50,40,300,568.00,"170,400.00"
2020-02-13,2020021301016912,SHIVM,10,28,460,569.00,"261,740.00"
2020-02-13,2020021301016911,SHIVM,7,28,200,570.00,"114,000.00"
2020-02-13,2020021301016778,SHIVM,7,16,800,570.00,"456,000.00"
2020-02-13,2020021301016972,SHIVM,34,40,100,568.00,"56,800.00"
2020-02-13,2020021301016971,SHIVM,36,40,10,569.00,"5,690.00"
2020-02-13,2020021301016941,SHIVM,36,28,190,569.00,"108,110.00"
2020-02-13,2020021301016940,SHIVM,37,28,10,569.00,"5,690.00"
2020-02-13,2020021301016914,SHIVM,37,28,40,569.00,"22,760.00"
2020-02-13,2020021301016913,SHIVM,38,28,100,569.00,"56,900.00"
2020-02-13,2020021301017067,SHL,5,13,140,193.00,"27,020.00"
2020-02-13,2020021301017066,SHL,19,13,260,193.00,"50,180.00"
2020-02-13,2020021301017065,SHL,14,13,100,193.00,"19,300.00"
2020-02-13,2020021301016830,SHL,14,35,200,193.00,"38,600.00"
2020-02-13,2020021301016829,SHL,58,35,200,193.00,"38,600.00"
2020-02-13,2020021301016828,SHL,38,35,200,193.00,"38,600.00"
2020-02-13,2020021301016827,SHL,35,35,500,193.00,"96,500.00"
2020-02-13,2020021301016826,SHL,53,35,100,193.00,"19,300.00"
2020-02-13,2020021301016820,SHPC,49,57,250,216.00,"54,000.00"
2020-02-13,2020021301016796,SICL,26,14,100,"1,139.00","113,900.00"
2020-02-13,2020021301016965,SIL,17,47,500,567.00,"283,500.00"
2020-02-13,2020021301016818,SIL,1,14,200,568.00,"113,600.00"
2020-02-13,2020021301016817,SIL,21,14,383,569.00,"217,927.00"
2020-02-13,2020021301016816,SIL,20,14,800,570.00,"456,000.00"
2020-02-13,2020021301016906,SLBBL,34,17,120,965.00,"115,800.00"
2020-02-13,2020021301016905,SLBBL,34,51,150,961.00,"144,150.00"
2020-02-13,2020021301016904,SLBBL,34,58,100,961.00,"96,100.00"
2020-02-13,2020021301016903,SLBBL,34,16,200,961.00,"192,200.00"
2020-02-13,2020021301017025,SLBBL,34,45,10,970.00,"9,700.00"
2020-02-13,2020021301017024,SLBBL,34,46,160,969.00,"155,040.00"
2020-02-13,2020021301017023,SLBBL,34,25,50,965.00,"48,250.00"
2020-02-13,2020021301016907,SLBBL,34,45,30,970.00,"29,100.00"
2020-02-13,2020021301017090,SLICL,1,1,80,471.00,"37,680.00"
2020-02-13,2020021301017088,SLICL,51,34,62,470.00,"29,140.00"
2020-02-13,2020021301017087,SLICL,51,34,113,470.00,"53,110.00"
2020-02-13,2020021301016999,SLICL,51,13,17,470.00,"7,990.00"
2020-02-13,2020021301016859,SLICL,51,34,200,470.00,"94,000.00"
2020-02-13,2020021301016801,SLICL,51,57,170,470.00,"79,900.00"
2020-02-13,2020021301016800,SLICL,26,57,500,470.00,"235,000.00"
2020-02-13,2020021301016799,SLICL,34,57,100,470.00,"47,000.00"
2020-02-13,2020021301016798,SLICL,34,57,230,470.00,"108,100.00"
2020-02-13,2020021301016781,SLICL,29,1,24,471.00,"11,304.00"
2020-02-13,2020021301016825,SMB,46,34,100,"1,015.00","101,500.00"
2020-02-13,2020021301016824,SMB,40,34,100,"1,015.00","101,500.00"
2020-02-13,2020021301017058,SRBL,34,34,381,244.00,"92,964.00"
2020-02-13,2020021301016797,SRBL,44,34,100,244.00,"24,400.00"
2020-02-13,2020021301016931,STC,56,57,40,"2,551.00","102,040.00"
2020-02-13,2020021301016930,STC,39,57,20,"2,552.00","51,040.00"
2020-02-13,2020021301016929,STC,45,57,10,"2,553.00","25,530.00"
2020-02-13,2020021301016928,STC,19,57,20,"2,554.00","51,080.00"
2020-02-13,2020021301016927,STC,56,57,10,"2,554.00","25,540.00"
2020-02-13,2020021301017186,SWBBL,39,44,100,"1,226.00","122,600.00"
2020-02-13,2020021301017185,SWBBL,14,44,100,"1,226.00","122,600.00"
2020-02-13,2020021301017184,SWBBL,58,44,10,"1,226.00","12,260.00"
2020-02-13,2020021301016804,SWBBL,58,49,90,"1,226.00","110,340.00"
2020-02-13,2020021301016803,SWBBL,26,49,110,"1,230.00","135,300.00"
2020-02-13,2020021301017072,TMDBL,38,4,10,187.00,"1,870.00"
2020-02-13,2020021301016921,TMDBL,38,28,11,186.00,"2,046.00"
2020-02-13,2020021301016832,TRH,58,5,380,305.00,"115,900.00"
2020-02-13,2020021301016731,TRH,58,5,100,305.00,"30,500.00"
2020-02-13,2020021301017193,UIC,8,1,200,423.00,"84,600.00"
2020-02-13,2020021301017064,UIC,8,45,170,423.00,"71,910.00"
2020-02-13,2020021301017063,UIC,34,45,20,423.00,"8,460.00"
2020-02-13,2020021301017062,UIC,37,45,158,423.00,"66,834.00"
2020-02-13,2020021301017016,UIC,37,37,135,423.00,"57,105.00"
2020-02-13,2020021301016874,UIC,37,1,100,423.00,"42,300.00"
2020-02-13,2020021301016857,UIC,37,53,107,423.00,"45,261.00"
2020-02-13,2020021301016856,UIC,29,53,43,423.00,"18,189.00"
2020-02-13,2020021301017160,UNHPL,45,50,50,56.00,"2,800.00"
2020-02-13,2020021301017196,UPPER,29,16,280,237.00,"66,360.00"
2020-02-13,2020021301017143,UPPER,44,16,250,237.00,"59,250.00"
2020-02-13,2020021301017054,UPPER,54,16,50,237.00,"11,850.00"
2020-02-13,2020021301016743,UPPER,25,40,447,236.00,"105,492.00"
2020-02-13,2020021301016742,UPPER,7,40,553,236.00,"130,508.00"
2020-02-13,2020021301016843,UPPER,35,16,20,237.00,"4,740.00"
2020-02-13,2020021301016839,UPPER,57,16,400,237.00,"94,800.00"
2020-02-13,2020021301017048,VLBS,41,18,100,"1,100.00","110,000.00"
2020-02-13,2020021301017085,WOMI,52,18,100,"1,090.00","109,000.00"
2020-02-13,2020021301017084,WOMI,52,53,100,"1,089.00","108,900.00"
2020-02-13,2020021301016869,WOMI,49,18,33,"1,090.00","35,970.00"
2020-02-13,2020021301016868,WOMI,49,3,17,"1,090.00","18,530.00"
2020-02-13,2020021301016867,WOMI,49,43,150,"1,087.00","163,050.00"
2020-02-13,2020021301016590,ADBL,45,58,50,384.00,"19,200.00"
2020-02-13,2020021301016220,AKPL,40,25,"1,400",122.00,"170,800.00"
2020-02-13,2020021301016219,AKPL,1,25,600,122.00,"73,200.00"
2020-02-13,2020021301016355,ALBSL,21,16,188,770.00,"144,760.00"
2020-02-13,2020021301016354,ALBSL,21,39,50,770.00,"38,500.00"
2020-02-13,2020021301016353,ALBSL,21,43,11,770.00,"8,470.00"
2020-02-13,2020021301016352,ALBSL,21,13,50,770.00,"38,500.00"
2020-02-13,2020021301016351,ALBSL,21,16,61,769.00,"46,909.00"
2020-02-13,2020021301016208,ALBSL,8,32,17,764.00,"12,988.00"
2020-02-13,2020021301016207,ALBSL,26,32,17,764.00,"12,988.00"
2020-02-13,2020021301016204,ALBSL,43,21,50,770.00,"38,500.00"
2020-02-13,2020021301016589,ALICL,46,50,50,604.00,"30,200.00"
2020-02-13,2020021301016585,ALICL,46,8,20,604.00,"12,080.00"
2020-02-13,2020021301016580,ALICL,47,52,200,606.00,"121,200.00"
2020-02-13,2020021301016538,ALICL,19,52,50,606.00,"30,300.00"
2020-02-13,2020021301016448,ALICL,46,4,929,604.00,"561,116.00"
2020-02-13,2020021301016447,ALICL,38,4,71,604.00,"42,884.00"
2020-02-13,2020021301016369,ALICL,34,5,500,605.00,"302,500.00"
2020-02-13,2020021301016368,ALICL,58,5,150,605.00,"90,750.00"
2020-02-13,2020021301016367,ALICL,34,25,50,606.00,"30,300.00"
2020-02-13,2020021301016366,ALICL,34,21,50,606.00,"30,300.00"
2020-02-13,2020021301016276,ALICL,19,21,50,606.00,"30,300.00"
2020-02-13,2020021301016206,ALICL,58,32,100,605.00,"60,500.00"
2020-02-13,2020021301016441,ALICL,38,5,300,604.00,"181,200.00"
2020-02-13,2020021301016428,ALICL,58,57,50,608.00,"30,400.00"
2020-02-13,2020021301016419,ALICL,38,5,129,604.00,"77,916.00"
2020-02-13,2020021301016418,ALICL,5,5,221,604.00,"133,484.00"
2020-02-13,2020021301016385,ALICL,5,56,279,604.00,"168,516.00"
2020-02-13,2020021301016384,ALICL,41,56,221,604.00,"133,484.00"
2020-02-13,2020021301016214,BBC,32,56,100,"1,836.00","183,600.00"
2020-02-13,2020021301016213,BBC,51,56,40,"1,837.00","73,480.00"
2020-02-13,2020021301016425,BOKL,22,39,18,231.00,"4,158.00"
2020-02-13,2020021301016424,BOKL,42,39,118,231.00,"27,258.00"
2020-02-13,2020021301016360,BPCL,32,52,100,337.00,"33,700.00"
2020-02-13,2020021301016274,CBBL,43,39,366,"1,077.00","394,182.00"
2020-02-13,2020021301016273,CBBL,57,39,50,"1,077.00","53,850.00"
2020-02-13,2020021301016272,CBBL,59,39,100,"1,077.00","107,700.00"
2020-02-13,2020021301016271,CBBL,59,39,100,"1,077.00","107,700.00"
2020-02-13,2020021301016270,CBBL,48,39,300,"1,078.00","323,400.00"
2020-02-13,2020021301016269,CBBL,17,39,84,"1,078.00","90,552.00"
2020-02-13,2020021301016205,CBL,44,13,97,152.00,"14,744.00"
2020-02-13,2020021301016242,CCBL,50,33,300,183.00,"54,900.00"
2020-02-13,2020021301016456,CHCL,56,39,476,422.00,"200,872.00"
2020-02-13,2020021301016455,CHCL,56,39,12,422.00,"5,064.00"
2020-02-13,2020021301016638,CIT,3,5,20,"2,802.00","56,040.00"
2020-02-13,2020021301016614,CIT,38,34,200,"2,802.00","560,400.00"
2020-02-13,2020021301016579,CIT,38,59,90,"2,802.00","252,180.00"
2020-02-13,2020021301016578,CIT,38,59,10,"2,810.00","28,100.00"
2020-02-13,2020021301016549,CIT,38,17,50,"2,810.00","140,500.00"
2020-02-13,2020021301016548,CIT,38,34,91,"2,810.00","255,710.00"
2020-02-13,2020021301016376,CIT,40,38,30,"2,804.00","84,120.00"
2020-02-13,2020021301016333,CIT,40,54,14,"2,804.00","39,256.00"
2020-02-13,2020021301016332,CIT,42,54,10,"2,804.00","28,040.00"
2020-02-13,2020021301016331,CIT,13,7,25,"2,806.00","70,150.00"
2020-02-13,2020021301016547,CIT,38,7,15,"2,806.00","42,090.00"
2020-02-13,2020021301016520,CIT,38,44,10,"2,802.00","28,020.00"
2020-02-13,2020021301016435,CIT,25,34,100,"2,803.00","280,300.00"
2020-02-13,2020021301016434,CIT,58,34,200,"2,803.00","560,600.00"
2020-02-13,2020021301016433,CIT,45,34,100,"2,803.00","280,300.00"
2020-02-13,2020021301016432,CIT,49,34,10,"2,804.00","28,040.00"
2020-02-13,2020021301016558,CORBL,32,46,260,134.00,"34,840.00"
2020-02-13,2020021301016557,CORBL,32,46,200,134.00,"26,800.00"
2020-02-13,2020021301016440,CZBIL,8,17,150,194.00,"29,100.00"
2020-02-13,2020021301016439,CZBIL,8,54,"1,859",194.00,"360,646.00"
2020-02-13,2020021301016652,DDBL,57,33,50,893.00,"44,650.00"
2020-02-13,2020021301016651,DDBL,40,33,50,893.00,"44,650.00"
2020-02-13,2020021301016593,DDBL,32,4,40,894.00,"35,760.00"
2020-02-13,2020021301016592,DDBL,49,4,55,894.00,"49,170.00"
2020-02-13,2020021301016591,DDBL,40,4,70,894.00,"62,580.00"
2020-02-13,2020021301016454,DDBL,49,4,30,895.00,"26,850.00"
2020-02-13,2020021301016444,DDBL,40,21,30,894.00,"26,820.00"
2020-02-13,2020021301016443,DDBL,41,21,70,894.00,"62,580.00"
2020-02-13,2020021301016639,EBL,41,8,45,640.00,"28,800.00"
2020-02-13,2020021301016474,EBL,57,39,100,639.00,"63,900.00"
2020-02-13,2020021301016464,EBL,57,38,100,639.00,"63,900.00"
2020-02-13,2020021301016361,EBL,58,8,55,640.00,"35,200.00"
2020-02-13,2020021301016670,EIC,41,1,30,440.00,"13,200.00"
2020-02-13,2020021301016656,EIC,32,8,30,438.00,"13,140.00"
2020-02-13,2020021301016536,EIC,39,5,100,439.00,"43,900.00"
2020-02-13,2020021301016535,EIC,49,5,160,439.00,"70,240.00"
2020-02-13,2020021301016327,EIC,49,34,30,439.00,"13,170.00"
2020-02-13,2020021301016681,FMDBL,28,56,806,475.00,"382,850.00"
2020-02-13,2020021301016680,FMDBL,56,56,300,475.00,"142,500.00"
2020-02-13,2020021301016679,FMDBL,52,56,300,475.00,"142,500.00"
2020-02-13,2020021301016678,FMDBL,32,56,300,475.00,"142,500.00"
2020-02-13,2020021301016677,FMDBL,42,56,25,475.00,"11,875.00"
2020-02-13,2020021301016676,FMDBL,19,56,24,476.00,"11,424.00"
2020-02-13,2020021301016342,FMDBL,44,6,381,476.00,"181,356.00"
2020-02-13,2020021301016341,FMDBL,26,6,100,476.00,"47,600.00"
2020-02-13,2020021301016340,FMDBL,35,6,200,476.00,"95,200.00"
2020-02-13,2020021301016339,FMDBL,6,6,219,476.00,"104,244.00"
2020-02-13,2020021301016231,FMDBL,6,7,200,476.00,"95,200.00"
2020-02-13,2020021301016675,FMDBL,44,56,120,477.00,"57,240.00"
2020-02-13,2020021301016616,FMDBL,44,58,200,477.00,"95,400.00"
2020-02-13,2020021301016615,FMDBL,44,56,80,477.00,"38,160.00"
2020-02-13,2020021301016421,FMDBL,19,13,81,476.00,"38,556.00"
2020-02-13,2020021301016420,FMDBL,44,13,19,476.00,"9,044.00"
2020-02-13,2020021301016395,FMDBL,43,36,100,477.00,"47,700.00"
2020-02-13,2020021301016619,FOWAD,40,39,190,"1,505.00","285,950.00"
2020-02-13,2020021301016618,FOWAD,38,39,30,"1,507.00","45,210.00"
2020-02-13,2020021301016617,FOWAD,51,39,30,"1,507.00","45,210.00"
2020-02-13,2020021301016530,FOWAD,25,7,25,"1,508.00","37,700.00"
2020-02-13,2020021301016347,GBBL,45,34,854,239.00,"204,106.00"
2020-02-13,2020021301016209,GBBL,1,34,146,239.00,"34,894.00"
2020-02-13,2020021301016668,GBIME,6,22,53,276.00,"14,628.00"
2020-02-13,2020021301016528,GBIME,6,16,27,276.00,"7,452.00"
2020-02-13,2020021301016527,GBIME,28,16,193,276.00,"53,268.00"
2020-02-13,2020021301016483,GBIME,28,34,107,276.00,"29,532.00"
2020-02-13,2020021301016482,GBIME,34,34,500,276.00,"138,000.00"
2020-02-13,2020021301016481,GBIME,42,34,107,276.00,"29,532.00"
2020-02-13,2020021301016228,GBIME,28,41,70,277.00,"19,390.00"
2020-02-13,2020021301016227,GBIME,35,41,300,277.00,"83,100.00"
2020-02-13,2020021301016480,GBIME,32,34,450,276.00,"124,200.00"
2020-02-13,2020021301016320,GBIME,32,21,50,276.00,"13,800.00"
2020-02-13,2020021301016319,GBIME,49,21,50,276.00,"13,800.00"
2020-02-13,2020021301016287,GBIME,21,41,200,277.00,"55,400.00"
2020-02-13,2020021301016230,GBIME,41,41,500,277.00,"138,500.00"
2020-02-13,2020021301016229,GBIME,41,41,100,277.00,"27,700.00"
2020-02-13,2020021301016661,GBLBS,53,38,30,480.00,"14,400.00"
2020-02-13,2020021301016533,GBLBS,53,43,200,480.00,"96,000.00"
2020-02-13,2020021301016487,GBLBS,53,43,250,480.00,"120,000.00"
2020-02-13,2020021301016375,GBLBS,53,52,330,480.00,"158,400.00"
2020-02-13,2020021301016374,GBLBS,20,52,100,480.00,"48,000.00"
2020-02-13,2020021301016373,GBLBS,59,52,50,480.00,"24,000.00"
2020-02-13,2020021301016372,GBLBS,26,52,520,480.00,"249,600.00"
2020-02-13,2020021301016345,GBLBS,26,26,480,480.00,"230,400.00"
2020-02-13,2020021301016344,GBLBS,52,26,20,480.00,"9,600.00"
2020-02-13,2020021301016343,GBLBS,17,26,500,480.00,"240,000.00"
2020-02-13,2020021301016323,GBLBS,43,49,100,481.00,"48,100.00"
2020-02-13,2020021301016532,GILB,50,44,71,"1,420.00","100,820.00"
2020-02-13,2020021301016552,GLBSL,48,29,115,831.00,"95,565.00"
2020-02-13,2020021301016540,GLBSL,45,54,50,832.00,"41,600.00"
2020-02-13,2020021301016411,GLBSL,48,19,50,831.00,"41,550.00"
2020-02-13,2020021301016350,GLBSL,48,19,25,831.00,"20,775.00"
2020-02-13,2020021301016613,GLICL,38,5,15,794.00,"11,910.00"
2020-02-13,2020021301016603,GLICL,19,5,50,794.00,"39,700.00"
2020-02-13,2020021301016526,GLICL,17,14,200,795.00,"159,000.00"
2020-02-13,2020021301016525,GLICL,17,33,100,795.00,"79,500.00"
2020-02-13,2020021301016499,GLICL,53,14,379,790.00,"299,410.00"
2020-02-13,2020021301016498,GLICL,34,14,100,790.00,"79,000.00"
2020-02-13,2020021301016497,GLICL,6,14,121,790.00,"95,590.00"
2020-02-13,2020021301016494,GLICL,19,33,50,795.00,"39,750.00"
2020-02-13,2020021301016467,GLICL,19,33,500,791.00,"395,500.00"
2020-02-13,2020021301016671,HBL,34,37,100,529.00,"52,900.00"
2020-02-13,2020021301016563,HBL,3,33,100,530.00,"53,000.00"
2020-02-13,2020021301016438,HBL,34,36,200,529.00,"105,800.00"
2020-02-13,2020021301016672,HGI,36,36,20,420.00,"8,400.00"
2020-02-13,2020021301016624,HGI,36,4,920,421.00,"387,320.00"
2020-02-13,2020021301016623,HGI,36,4,80,421.00,"33,680.00"
2020-02-13,2020021301016608,HGI,36,4,441,420.00,"185,220.00"
2020-02-13,2020021301016556,HGI,36,48,219,420.00,"91,980.00"
2020-02-13,2020021301016555,HGI,36,25,100,419.00,"41,900.00"
2020-02-13,2020021301016402,HGI,49,32,85,418.00,"35,530.00"
2020-02-13,2020021301016401,HGI,34,32,100,419.00,"41,900.00"
2020-02-13,2020021301016400,HGI,29,32,40,419.00,"16,760.00"
2020-02-13,2020021301016509,HGI,35,56,184,418.00,"76,912.00"
2020-02-13,2020021301016508,HGI,25,56,158,418.00,"66,044.00"
2020-02-13,2020021301016426,HGI,25,56,67,418.00,"28,006.00"
2020-02-13,2020021301016405,HGI,25,32,275,418.00,"114,950.00"
2020-02-13,2020021301016404,HGI,26,32,200,418.00,"83,600.00"
2020-02-13,2020021301016403,HGI,57,32,300,418.00,"125,400.00"
2020-02-13,2020021301016587,HIDCL,14,6,107,136.00,"14,552.00"
2020-02-13,2020021301016391,HIDCL,44,10,61,138.00,"8,418.00"
2020-02-13,2020021301016584,HURJA,36,16,68,105.00,"7,140.00"
2020-02-13,2020021301016512,HURJA,32,6,20,104.00,"2,080.00"
2020-02-13,2020021301016363,ILBS,21,16,300,893.00,"267,900.00"
2020-02-13,2020021301016362,ILBS,39,16,50,893.00,"44,650.00"
2020-02-13,2020021301016310,ILBS,39,19,50,893.00,"44,650.00"
2020-02-13,2020021301016260,ILBS,51,25,10,897.00,"8,970.00"
2020-02-13,2020021301016346,JOSHI,45,25,20,59.00,"1,180.00"
2020-02-13,2020021301016692,JSLBB,36,45,36,"1,752.00","63,072.00"
2020-02-13,2020021301016691,JSLBB,38,45,40,"1,753.00","70,120.00"
2020-02-13,2020021301016690,JSLBB,21,45,15,"1,753.00","26,295.00"
2020-02-13,2020021301016689,JSLBB,38,45,40,"1,755.00","70,200.00"
2020-02-13,2020021301016451,KBL,22,39,500,193.00,"96,500.00"
2020-02-13,2020021301016450,KBL,22,51,500,193.00,"96,500.00"
2020-02-13,2020021301016408,KBL,48,44,500,193.00,"96,500.00"
2020-02-13,2020021301016541,KPCL,55,34,10,102.00,"1,020.00"
2020-02-13,2020021301016484,KRBL,41,6,100,119.00,"11,900.00"
2020-02-13,2020021301016472,KRBL,41,32,294,119.00,"34,986.00"
2020-02-13,2020021301016329,LBL,43,40,"1,217",224.00,"272,608.00"
2020-02-13,2020021301016328,LBL,41,40,283,225.00,"63,675.00"
2020-02-13,2020021301016212,LICN,50,48,300,"1,240.00","372,000.00"
2020-02-13,2020021301016211,LICN,50,48,15,"1,240.00","18,600.00"
2020-02-13,2020021301016663,LLBS,47,7,10,"1,168.00","11,680.00"
2020-02-13,2020021301016653,LLBS,21,7,90,"1,170.00","105,300.00"
2020-02-13,2020021301016379,LLBS,21,52,102,"1,170.00","119,340.00"
2020-02-13,2020021301016635,MBL,21,17,151,231.00,"34,881.00"
2020-02-13,2020021301016634,MBL,13,17,53,231.00,"12,243.00"
2020-02-13,2020021301016534,MBL,34,50,100,232.00,"23,200.00"
2020-02-13,2020021301016286,MBL,13,13,247,231.00,"57,057.00"
2020-02-13,2020021301016285,MBL,34,13,53,231.00,"12,243.00"
2020-02-13,2020021301016322,MDB,43,20,100,333.00,"33,300.00"
2020-02-13,2020021301016321,MDB,44,20,500,334.00,"167,000.00"
2020-02-13,2020021301016674,MEGA,55,34,"1,000",205.00,"205,000.00"
2020-02-13,2020021301016673,MEGA,55,34,917,205.00,"187,985.00"
2020-02-13,2020021301016507,MERO,26,26,81,679.00,"54,999.00"
2020-02-13,2020021301016506,MERO,37,26,68,679.00,"46,172.00"
2020-02-13,2020021301016449,MHNL,16,6,40,88.00,"3,520.00"
2020-02-13,2020021301016693,MLBBL,39,21,10,872.00,"8,720.00"
2020-02-13,2020021301016510,MLBBL,39,34,102,855.00,"87,210.00"
2020-02-13,2020021301016524,MLBL,45,58,68,213.00,"14,484.00"
2020-02-13,2020021301016523,MLBL,42,58,872,213.00,"185,736.00"
2020-02-13,2020021301016334,MLBL,42,5,40,213.00,"8,520.00"
2020-02-13,2020021301016243,MNBBL,51,17,100,320.00,"32,000.00"
2020-02-13,2020021301016241,MPFL,18,49,50,142.00,"7,100.00"
2020-02-13,2020021301016240,MPFL,18,17,320,142.00,"45,440.00"
2020-02-13,2020021301016650,MSMBS,10,17,46,840.00,"38,640.00"
2020-02-13,2020021301016649,MSMBS,1,17,20,840.00,"16,800.00"
2020-02-13,2020021301016648,MSMBS,16,17,22,840.00,"18,480.00"
2020-02-13,2020021301016629,NABIL,17,55,155,722.00,"111,910.00"
2020-02-13,2020021301016628,NABIL,17,16,45,722.00,"32,490.00"
2020-02-13,2020021301016560,NABIL,17,16,200,722.00,"144,400.00"
2020-02-13,2020021301016660,NADEP,18,48,350,756.00,"264,600.00"
2020-02-13,2020021301016659,NADEP,18,19,150,756.00,"113,400.00"
2020-02-13,2020021301016607,NADEP,18,29,100,754.00,"75,400.00"
2020-02-13,2020021301016602,NADEP,18,26,35,754.00,"26,390.00"
2020-02-13,2020021301016601,NADEP,58,26,50,754.00,"37,700.00"
2020-02-13,2020021301016600,NADEP,39,26,15,755.00,"11,325.00"
2020-02-13,2020021301016477,NADEP,18,48,77,756.00,"58,212.00"
2020-02-13,2020021301016476,NADEP,18,22,23,756.00,"17,388.00"
2020-02-13,2020021301016394,NADEP,45,53,50,755.00,"37,750.00"
2020-02-13,2020021301016393,NADEP,45,57,450,755.00,"339,750.00"
2020-02-13,2020021301016226,NADEP,47,57,500,755.00,"377,500.00"
2020-02-13,2020021301016571,NBL,38,36,375,266.00,"99,750.00"
2020-02-13,2020021301016570,NBL,16,36,125,266.00,"33,250.00"
2020-02-13,2020021301016473,NBL,51,32,100,267.00,"26,700.00"
2020-02-13,2020021301016469,NBL,8,32,"1,000",267.00,"267,000.00"
2020-02-13,2020021301016348,NBL,16,54,50,266.00,"13,300.00"
2020-02-13,2020021301016234,NBL,16,32,25,266.00,"6,650.00"
2020-02-13,2020021301016233,NBL,5,32,500,266.00,"133,000.00"
2020-02-13,2020021301016232,NBL,1,32,475,266.00,"126,350.00"
2020-02-13,2020021301016658,NIB,16,39,383,372.00,"142,476.00"
2020-02-13,2020021301016657,NIB,50,39,20,373.00,"7,460.00"
2020-02-13,2020021301016462,NIB,16,38,40,372.00,"14,880.00"
2020-02-13,2020021301016461,NIB,48,38,200,373.00,"74,600.00"
2020-02-13,2020021301016460,NIB,13,38,100,373.00,"37,300.00"
2020-02-13,2020021301016459,NIB,16,38,500,373.00,"186,500.00"
2020-02-13,2020021301016281,NIB,34,17,50,374.00,"18,700.00"
2020-02-13,2020021301016280,NIB,34,25,500,374.00,"187,000.00"
2020-02-13,2020021301016279,NIB,34,51,102,374.00,"38,148.00"
2020-02-13,2020021301016278,NIB,34,51,20,374.00,"7,480.00"
2020-02-13,2020021301016277,NIB,34,16,236,374.00,"88,264.00"
2020-02-13,2020021301016458,NIB,33,38,11,373.00,"4,103.00"
2020-02-13,2020021301016382,NIB,33,25,89,373.00,"33,197.00"
2020-02-13,2020021301016381,NIB,55,25,20,373.00,"7,460.00"
2020-02-13,2020021301016380,NIB,58,25,47,374.00,"17,578.00"
2020-02-13,2020021301016356,NIB,58,39,253,374.00,"94,622.00"
2020-02-13,2020021301016282,NIB,34,39,92,374.00,"34,408.00"
2020-02-13,2020021301016696,NIBPO,28,39,56,330.00,"18,480.00"
2020-02-13,2020021301016290,NIBPO,14,4,50,332.00,"16,600.00"
2020-02-13,2020021301016289,NIBPO,6,4,500,332.00,"166,000.00"
2020-02-13,2020021301016288,NIBPO,56,4,"1,000",332.00,"332,000.00"
2020-02-13,2020021301016296,NIBPO,8,4,500,331.00,"165,500.00"
2020-02-13,2020021301016295,NIBPO,6,4,500,331.00,"165,500.00"
2020-02-13,2020021301016294,NIBPO,55,4,"1,000",331.00,"331,000.00"
2020-02-13,2020021301016293,NIBPO,11,4,100,332.00,"33,200.00"
2020-02-13,2020021301016292,NIBPO,1,4,500,332.00,"166,000.00"
2020-02-13,2020021301016291,NIBPO,45,4,40,332.00,"13,280.00"
2020-02-13,2020021301016302,NIBPO,8,4,500,330.00,"165,000.00"
2020-02-13,2020021301016301,NIBPO,53,4,"1,000",330.00,"330,000.00"
2020-02-13,2020021301016300,NIBPO,14,4,50,330.00,"16,500.00"
2020-02-13,2020021301016299,NIBPO,4,4,50,330.00,"16,500.00"
2020-02-13,2020021301016298,NIBPO,32,4,300,331.00,"99,300.00"
2020-02-13,2020021301016297,NIBPO,56,4,"1,000",331.00,"331,000.00"
2020-02-13,2020021301016304,NIBPO,28,4,"2,610",330.00,"861,300.00"
2020-02-13,2020021301016303,NIBPO,13,4,300,330.00,"99,000.00"
2020-02-13,2020021301016688,NICA,33,38,61,502.00,"30,622.00"
2020-02-13,2020021301016655,NICA,33,38,64,502.00,"32,128.00"
2020-02-13,2020021301016625,NICA,32,6,100,503.00,"50,300.00"
2020-02-13,2020021301016594,NICA,43,38,63,501.00,"31,563.00"
2020-02-13,2020021301016588,NICA,32,58,120,502.00,"60,240.00"
2020-02-13,2020021301016569,NICA,43,40,300,501.00,"150,300.00"
2020-02-13,2020021301016246,NICA,47,38,88,500.00,"44,000.00"
2020-02-13,2020021301016245,NICA,50,38,18,501.00,"9,018.00"
2020-02-13,2020021301016239,NICA,50,17,182,501.00,"91,182.00"
2020-02-13,2020021301016410,NICA,47,7,400,500.00,"200,000.00"
2020-02-13,2020021301016409,NICA,26,7,100,501.00,"50,100.00"
2020-02-13,2020021301016392,NICA,47,38,85,500.00,"42,500.00"
2020-02-13,2020021301016357,NICA,47,38,90,500.00,"45,000.00"
2020-02-13,2020021301016330,NICA,47,38,90,500.00,"45,000.00"
2020-02-13,2020021301016284,NICA,47,38,90,500.00,"45,000.00"
2020-02-13,2020021301016496,NICA,18,38,72,501.00,"36,072.00"
2020-02-13,2020021301016495,NICA,18,57,165,501.00,"82,665.00"
2020-02-13,2020021301016475,NICA,18,38,73,501.00,"36,573.00"
2020-02-13,2020021301016446,NICA,18,38,75,501.00,"37,575.00"
2020-02-13,2020021301016431,NICA,18,38,80,501.00,"40,080.00"
2020-02-13,2020021301016413,NICA,47,38,85,500.00,"42,500.00"
2020-02-13,2020021301016568,NICA,45,40,100,501.00,"50,100.00"
2020-02-13,2020021301016567,NICA,28,40,100,501.00,"50,100.00"
2020-02-13,2020021301016554,NICA,50,38,2,501.00,"1,002.00"
2020-02-13,2020021301016553,NICA,45,38,63,501.00,"31,563.00"
2020-02-13,2020021301016522,NICA,45,38,37,501.00,"18,537.00"
2020-02-13,2020021301016521,NICA,18,38,35,501.00,"17,535.00"
2020-02-13,2020021301016566,NICL,34,36,10,449.00,"4,490.00"
2020-02-13,2020021301016565,NICL,34,32,126,448.00,"56,448.00"
2020-02-13,2020021301016562,NIL,49,38,88,585.00,"51,480.00"
2020-02-13,2020021301016546,NIL,47,4,72,583.00,"41,976.00"
2020-02-13,2020021301016545,NIL,10,4,300,583.00,"174,900.00"
2020-02-13,2020021301016544,NIL,26,4,78,583.00,"45,474.00"
2020-02-13,2020021301016543,NIL,20,4,50,584.00,"29,200.00"
2020-02-13,2020021301016519,NIL,26,34,122,583.00,"71,126.00"
2020-02-13,2020021301016518,NIL,46,34,100,583.00,"58,300.00"
2020-02-13,2020021301016517,NIL,40,34,100,583.00,"58,300.00"
2020-02-13,2020021301016516,NIL,37,34,50,583.00,"29,150.00"
2020-02-13,2020021301016515,NIL,59,34,332,583.00,"193,556.00"
2020-02-13,2020021301016250,NLBBL,6,33,500,845.00,"422,500.00"
2020-02-13,2020021301016698,NLIC,41,58,153,"1,127.00","172,431.00"
2020-02-13,2020021301016697,NLIC,35,58,20,"1,127.00","22,540.00"
2020-02-13,2020021301016539,NLIC,35,55,10,"1,127.00","11,270.00"
2020-02-13,2020021301016465,NLIC,45,38,154,"1,128.00","173,712.00"
2020-02-13,2020021301016349,NLIC,51,45,100,"1,129.00","112,900.00"
2020-02-13,2020021301016259,NLIC,45,50,286,"1,128.00","322,608.00"
2020-02-13,2020021301016258,NLIC,57,50,100,"1,128.00","112,800.00"
2020-02-13,2020021301016257,NLIC,10,50,100,"1,128.00","112,800.00"
2020-02-13,2020021301016256,NLIC,51,50,400,"1,128.00","451,200.00"
2020-02-13,2020021301016255,NLIC,33,50,40,"1,128.00","45,120.00"
2020-02-13,2020021301016254,NLIC,16,50,200,"1,128.00","225,600.00"
2020-02-13,2020021301016253,NLIC,51,50,362,"1,128.00","408,336.00"
2020-02-13,2020021301016695,NMB,47,49,100,380.00,"38,000.00"
2020-02-13,2020021301016486,NMB,47,36,300,380.00,"114,000.00"
2020-02-13,2020021301016485,NMB,4,36,200,380.00,"76,000.00"
2020-02-13,2020021301016429,NMB,45,38,100,381.00,"38,100.00"
2020-02-13,2020021301016318,NMB,51,38,200,381.00,"76,200.00"
2020-02-13,2020021301016317,NMB,57,38,43,381.00,"16,383.00"
2020-02-13,2020021301016249,NMBMF,5,16,300,921.00,"276,300.00"
2020-02-13,2020021301016248,NMBMF,25,16,60,922.00,"55,320.00"
2020-02-13,2020021301016202,NTC,40,39,80,617.00,"49,360.00"
2020-02-13,2020021301016637,PIC,11,50,88,592.00,"52,096.00"
2020-02-13,2020021301016612,PIC,41,40,11,590.00,"6,490.00"
2020-02-13,2020021301016611,PIC,42,40,200,590.00,"118,000.00"
2020-02-13,2020021301016610,PIC,56,40,165,590.00,"97,350.00"
2020-02-13,2020021301016609,PIC,29,40,224,591.00,"132,384.00"
2020-02-13,2020021301016504,PIC,29,4,376,591.00,"222,216.00"
2020-02-13,2020021301016503,PIC,14,4,40,591.00,"23,640.00"
2020-02-13,2020021301016502,PIC,45,4,469,591.00,"277,179.00"
2020-02-13,2020021301016501,PIC,53,4,100,592.00,"59,200.00"
2020-02-13,2020021301016500,PIC,53,4,15,593.00,"8,895.00"
2020-02-13,2020021301016471,PIC,25,14,10,597.00,"5,970.00"
2020-02-13,2020021301016470,PIC,25,36,46,595.00,"27,370.00"
2020-02-13,2020021301016326,PICL,56,37,390,513.00,"200,070.00"
2020-02-13,2020021301016542,PLIC,21,39,50,588.00,"29,400.00"
2020-02-13,2020021301016445,PLIC,21,34,200,588.00,"117,600.00"
2020-02-13,2020021301016423,PLIC,21,44,200,588.00,"117,600.00"
2020-02-13,2020021301016422,PLIC,50,44,300,588.00,"176,400.00"
2020-02-13,2020021301016383,PLIC,57,44,130,589.00,"76,570.00"
2020-02-13,2020021301016365,PLIC,57,16,200,589.00,"117,800.00"
2020-02-13,2020021301016364,PLIC,29,5,67,590.00,"39,530.00"
2020-02-13,2020021301016359,PLIC,57,44,170,589.00,"100,130.00"
2020-02-13,2020021301016358,PLIC,38,44,20,589.00,"11,780.00"
2020-02-13,2020021301016252,PLIC,38,32,30,589.00,"17,670.00"
2020-02-13,2020021301016251,PLIC,47,32,70,589.00,"41,230.00"
2020-02-13,2020021301016416,PPCL,48,6,30,123.00,"3,690.00"
2020-02-13,2020021301016199,PRIN,34,58,221,480.00,"106,080.00"
2020-02-13,2020021301016511,PROFL,44,34,"2,476",110.00,"272,360.00"
2020-02-13,2020021301016238,PRVU,43,1,125,241.00,"30,125.00"
2020-02-13,2020021301016237,PRVU,14,1,50,241.00,"12,050.00"
2020-02-13,2020021301016442,RADHI,22,13,50,157.00,"7,850.00"
2020-02-13,2020021301016371,RBCL,16,26,10,"9,100.00","91,000.00"
2020-02-13,2020021301016247,RBCL,16,56,10,"9,100.00","91,000.00"
2020-02-13,2020021301016399,RBCLPO,38,4,10,"8,220.00","82,200.00"
2020-02-13,2020021301016398,RBCLPO,38,4,40,"8,210.00","328,400.00"
2020-02-13,2020021301016397,RBCLPO,38,3,10,"8,209.00","82,090.00"
2020-02-13,2020021301016622,RHPL,29,22,10,166.00,"1,660.00"
2020-02-13,2020021301016621,RHPL,29,25,30,166.00,"4,980.00"
2020-02-13,2020021301016572,RMDC,14,42,56,694.00,"38,864.00"
2020-02-13,2020021301016666,RRHP,6,45,10,101.00,"1,010.00"
2020-02-13,2020021301016633,RSDC,45,58,10,485.00,"4,850.00"
2020-02-13,2020021301016632,RSDC,14,58,207,485.00,"100,395.00"
2020-02-13,2020021301016417,RSDC,14,57,230,485.00,"111,550.00"
2020-02-13,2020021301016669,SABSL,6,56,10,931.00,"9,310.00"
2020-02-13,2020021301016325,SABSL,47,53,10,932.00,"9,320.00"
2020-02-13,2020021301016531,SANIMA,44,41,29,345.00,"10,005.00"
2020-02-13,2020021301016452,SANIMA,45,51,100,346.00,"34,600.00"
2020-02-13,2020021301016378,SANIMA,44,39,110,345.00,"37,950.00"
2020-02-13,2020021301016377,SANIMA,44,34,41,345.00,"14,145.00"
2020-02-13,2020021301016308,SANIMA,44,41,220,345.00,"75,900.00"
2020-02-13,2020021301016307,SANIMA,17,41,200,345.00,"69,000.00"
2020-02-13,2020021301016306,SANIMA,41,41,100,345.00,"34,500.00"
2020-02-13,2020021301016305,SANIMA,59,41,480,345.00,"165,600.00"
2020-02-13,2020021301016642,SBI,33,57,29,404.00,"11,716.00"
2020-02-13,2020021301016641,SBI,55,57,50,404.00,"20,200.00"
2020-02-13,2020021301016640,SBI,51,57,121,404.00,"48,884.00"
2020-02-13,2020021301016631,SBI,51,39,79,404.00,"31,916.00"
2020-02-13,2020021301016630,SBI,17,39,30,404.00,"12,120.00"
2020-02-13,2020021301016268,SBI,17,28,170,404.00,"68,680.00"
2020-02-13,2020021301016261,SBI,17,28,250,406.00,"101,500.00"
2020-02-13,2020021301016267,SBI,51,28,20,404.00,"8,080.00"
2020-02-13,2020021301016266,SBI,26,28,100,404.00,"40,400.00"
2020-02-13,2020021301016265,SBI,45,28,10,405.00,"4,050.00"
2020-02-13,2020021301016264,SBI,17,28,250,405.00,"101,250.00"
2020-02-13,2020021301016263,SBI,17,28,155,405.00,"62,775.00"
2020-02-13,2020021301016262,SBI,17,28,250,406.00,"101,500.00"
2020-02-13,2020021301016627,SBL,21,26,500,309.00,"154,500.00"
2020-02-13,2020021301016626,SBL,58,26,49,309.00,"15,141.00"
2020-02-13,2020021301016583,SBL,58,19,251,309.00,"77,559.00"
2020-02-13,2020021301016582,SBL,59,19,180,309.00,"55,620.00"
2020-02-13,2020021301016581,SBL,11,19,500,309.00,"154,500.00"
2020-02-13,2020021301016336,SBL,11,48,500,309.00,"154,500.00"
2020-02-13,2020021301016335,SBL,58,48,500,309.00,"154,500.00"
2020-02-13,2020021301016664,SHINE,4,39,450,278.00,"125,100.00"
2020-02-13,2020021301016687,SHIVM,10,16,40,569.00,"22,760.00"
2020-02-13,2020021301016686,SHIVM,34,16,200,569.00,"113,800.00"
2020-02-13,2020021301016685,SHIVM,58,16,510,569.00,"290,190.00"
2020-02-13,2020021301016684,SHIVM,55,16,50,570.00,"28,500.00"
2020-02-13,2020021301016683,SHIVM,7,16,150,570.00,"85,500.00"
2020-02-13,2020021301016682,SHIVM,37,16,50,571.00,"28,550.00"
2020-02-13,2020021301016387,SHIVM,3,16,500,570.00,"285,000.00"
2020-02-13,2020021301016386,SHIVM,58,16,240,570.00,"136,800.00"
2020-02-13,2020021301016223,SHIVM,58,56,600,570.00,"342,000.00"
2020-02-13,2020021301016468,SHIVM,7,25,50,570.00,"28,500.00"
2020-02-13,2020021301016407,SHIVM,58,47,50,574.00,"28,700.00"
2020-02-13,2020021301016406,SHIVM,58,22,200,571.00,"114,200.00"
2020-02-13,2020021301016390,SHIVM,50,16,100,570.00,"57,000.00"
2020-02-13,2020021301016389,SHIVM,26,16,100,570.00,"57,000.00"
2020-02-13,2020021301016388,SHIVM,45,16,300,570.00,"171,000.00"
2020-02-13,2020021301016667,SHPC,49,40,500,216.00,"108,000.00"
2020-02-13,2020021301016430,SHPC,49,48,"1,000",216.00,"216,000.00"
2020-02-13,2020021301016414,SHPC,34,57,500,218.00,"109,000.00"
2020-02-13,2020021301016505,SIC,7,44,650,740.00,"481,000.00"
2020-02-13,2020021301016427,SIC,7,37,106,738.00,"78,228.00"
2020-02-13,2020021301016437,SICL,46,5,32,"1,137.00","36,384.00"
2020-02-13,2020021301016436,SICL,44,5,100,"1,138.00","113,800.00"
2020-02-13,2020021301016312,SICL,38,14,300,"1,141.00","342,300.00"
2020-02-13,2020021301016311,SICL,44,14,320,"1,142.00","365,440.00"
2020-02-13,2020021301016396,SICL,20,14,200,"1,139.00","227,800.00"
2020-02-13,2020021301016316,SICL,33,14,923,"1,140.00","1,052,220.00"
2020-02-13,2020021301016315,SICL,46,14,50,"1,140.00","57,000.00"
2020-02-13,2020021301016314,SICL,26,14,50,"1,140.00","57,000.00"
2020-02-13,2020021301016313,SICL,44,14,500,"1,141.00","570,500.00"
2020-02-13,2020021301016599,SIL,41,47,190,578.00,"109,820.00"
2020-02-13,2020021301016598,SIL,41,58,10,578.00,"5,780.00"
2020-02-13,2020021301016597,SIL,41,35,200,577.00,"115,400.00"
2020-02-13,2020021301016596,SIL,41,19,100,577.00,"57,700.00"
2020-02-13,2020021301016595,SIL,41,43,500,570.00,"285,000.00"
2020-02-13,2020021301016412,SJCL,52,53,20,155.00,"3,100.00"
2020-02-13,2020021301016559,SKBBL,14,18,290,"1,125.00","326,250.00"
2020-02-13,2020021301016493,SKBBL,14,57,12,"1,125.00","13,500.00"
2020-02-13,2020021301016492,SKBBL,43,57,500,"1,125.00","562,500.00"
2020-02-13,2020021301016491,SKBBL,5,57,50,"1,125.00","56,250.00"
2020-02-13,2020021301016490,SKBBL,7,57,300,"1,125.00","337,500.00"
2020-02-13,2020021301016489,SKBBL,48,57,200,"1,125.00","225,000.00"
2020-02-13,2020021301016488,SKBBL,14,57,24,"1,126.00","27,024.00"
2020-02-13,2020021301016463,SKBBL,14,39,76,"1,126.00","85,576.00"
2020-02-13,2020021301016324,SLBBL,14,17,400,963.00,"385,200.00"
2020-02-13,2020021301016283,SLBBL,14,40,100,963.00,"96,300.00"
2020-02-13,2020021301016244,SLBBL,25,53,500,963.00,"481,500.00"
2020-02-13,2020021301016537,SLBBL,6,16,200,962.00,"192,400.00"
2020-02-13,2020021301016514,SLBBL,59,16,100,962.00,"96,200.00"
2020-02-13,2020021301016513,SLBBL,48,16,200,962.00,"192,400.00"
2020-02-13,2020021301016457,SLBBL,6,17,100,963.00,"96,300.00"
2020-02-13,2020021301016694,SLICL,29,36,76,471.00,"35,796.00"
2020-02-13,2020021301016654,SLICL,37,36,50,471.00,"23,550.00"
2020-02-13,2020021301016606,SLICL,50,36,210,471.00,"98,910.00"
2020-02-13,2020021301016577,SLICL,34,4,70,470.00,"32,900.00"
2020-02-13,2020021301016576,SLICL,40,4,110,470.00,"51,700.00"
2020-02-13,2020021301016236,SLICL,21,36,64,471.00,"30,144.00"
2020-02-13,2020021301016222,SLICL,43,34,75,473.00,"35,475.00"
2020-02-13,2020021301016221,SLICL,43,22,25,472.00,"11,800.00"
2020-02-13,2020021301016479,SLICL,17,50,30,470.00,"14,100.00"
2020-02-13,2020021301016478,SLICL,59,50,70,470.00,"32,900.00"
2020-02-13,2020021301016453,SLICL,19,36,50,471.00,"23,550.00"
2020-02-13,2020021301016309,SLICL,42,22,200,470.00,"94,000.00"
2020-02-13,2020021301016575,SLICL,26,4,50,470.00,"23,500.00"
2020-02-13,2020021301016574,SLICL,37,4,100,470.00,"47,000.00"
2020-02-13,2020021301016573,SLICL,7,4,170,470.00,"79,900.00"
2020-02-13,2020021301016564,SLICL,19,36,50,471.00,"23,550.00"
2020-02-13,2020021301016551,SLICL,7,53,30,470.00,"14,100.00"
2020-02-13,2020021301016550,SLICL,17,53,970,470.00,"455,900.00"
2020-02-13,2020021301016665,SMATA,20,52,100,795.00,"79,500.00"
2020-02-13,2020021301016201,SMATA,38,44,100,795.00,"79,500.00"
2020-02-13,2020021301016200,SMATA,21,44,920,795.00,"731,400.00"
2020-02-13,2020021301016218,SMB,32,34,100,"1,018.00","101,800.00"
2020-02-13,2020021301016217,SMB,53,34,170,"1,018.00","173,060.00"
2020-02-13,2020021301016216,SMB,40,34,200,"1,019.00","203,800.00"
2020-02-13,2020021301016215,SMB,43,34,100,"1,020.00","102,000.00"
2020-02-13,2020021301016338,SMFBS,5,56,77,"1,076.00","82,852.00"
2020-02-13,2020021301016337,SMFBS,22,56,30,"1,076.00","32,280.00"
2020-02-13,2020021301016662,SPARS,25,6,10,958.00,"9,580.00"
2020-02-13,2020021301016636,SPARS,53,25,40,942.00,"37,680.00"
2020-02-13,2020021301016225,SPARS,53,52,80,942.00,"75,360.00"
2020-02-13,2020021301016224,SPARS,35,52,100,944.00,"94,400.00"
2020-02-13,2020021301016620,SRBL,34,34,882,244.00,"215,208.00"
2020-02-13,2020021301016605,SRBL,34,39,118,244.00,"28,792.00"
2020-02-13,2020021301016604,SRBL,6,39,382,244.00,"93,208.00"
2020-02-13,2020021301016415,SWBBL,26,19,200,"1,230.00","246,000.00"
2020-02-13,2020021301016275,SWBBL,26,17,100,"1,230.00","123,000.00"
2020-02-13,2020021301016586,TRH,3,17,470,303.00,"142,410.00"
2020-02-13,2020021301016235,TRH,58,4,"1,000",300.00,"300,000.00"
2020-02-13,2020021301016370,UIC,59,45,52,424.00,"22,048.00"
2020-02-13,2020021301016210,UMHL,40,22,14,108.00,"1,512.00"
2020-02-13,2020021301016466,UPCL,37,53,100,75.00,"7,500.00"
2020-02-13,2020021301016647,UPPER,43,47,500,237.00,"118,500.00"
2020-02-13,2020021301016646,UPPER,43,17,40,237.00,"9,480.00"
2020-02-13,2020021301016645,UPPER,43,56,40,237.00,"9,480.00"
2020-02-13,2020021301016644,UPPER,43,45,50,237.00,"11,850.00"
2020-02-13,2020021301016643,UPPER,43,41,"2,568",237.00,"608,616.00"
2020-02-13,2020021301016561,UPPER,11,41,240,237.00,"56,880.00"
2020-02-13,2020021301016529,UPPER,7,53,40,236.00,"9,440.00"
2020-02-13,2020021301016203,WOMI,50,43,50,"1,087.00","54,350.00"
2020-02-13,2020021301016038,AHPC,1,13,100,96.00,"9,600.00"
2020-02-13,2020021301015966,AKPL,45,40,"2,000",123.00,"246,000.00"
2020-02-13,2020021301015965,AKPL,57,40,260,123.00,"31,980.00"
2020-02-13,2020021301015709,AKPL,57,58,"1,000",123.00,"123,000.00"
2020-02-13,2020021301015921,ALBSL,26,53,11,764.00,"8,404.00"
2020-02-13,2020021301015800,ALBSL,26,14,11,764.00,"8,404.00"
2020-02-13,2020021301015799,ALBSL,26,44,11,764.00,"8,404.00"
2020-02-13,2020021301016128,ALICL,41,50,16,604.00,"9,664.00"
2020-02-13,2020021301016127,ALICL,57,50,34,604.00,"20,536.00"
2020-02-13,2020021301016017,ALICL,5,56,75,605.00,"45,375.00"
2020-02-13,2020021301015973,ALICL,57,56,466,604.00,"281,464.00"
2020-02-13,2020021301015972,ALICL,58,56,100,604.00,"60,400.00"
2020-02-13,2020021301015971,ALICL,58,56,200,604.00,"120,800.00"
2020-02-13,2020021301015860,ALICL,58,40,50,606.00,"30,300.00"
2020-02-13,2020021301015859,ALICL,32,40,50,607.00,"30,350.00"
2020-02-13,2020021301015723,ALICL,32,25,48,607.00,"29,136.00"
2020-02-13,2020021301015722,ALICL,38,25,452,607.00,"274,364.00"
2020-02-13,2020021301015930,ALICL,44,56,50,605.00,"30,250.00"
2020-02-13,2020021301015929,ALICL,35,56,"1,000",605.00,"605,000.00"
2020-02-13,2020021301015928,ALICL,38,56,200,605.00,"121,000.00"
2020-02-13,2020021301015927,ALICL,57,56,50,606.00,"30,300.00"
2020-02-13,2020021301015892,ALICL,57,4,950,606.00,"575,700.00"
2020-02-13,2020021301015891,ALICL,58,4,50,606.00,"30,300.00"
2020-02-13,2020021301016064,API,25,59,50,133.00,"6,650.00"
2020-02-13,2020021301016029,API,56,25,874,131.00,"114,494.00"
2020-02-13,2020021301016028,API,10,25,500,131.00,"65,500.00"
2020-02-13,2020021301016027,API,14,25,126,131.00,"16,506.00"
2020-02-13,2020021301015916,API,14,39,874,131.00,"114,494.00"
2020-02-13,2020021301015915,API,17,39,126,131.00,"16,506.00"
2020-02-13,2020021301016070,BARUN,18,28,53,95.00,"5,035.00"
2020-02-13,2020021301016147,BBC,37,56,10,"1,856.00","18,560.00"
2020-02-13,2020021301016185,BNT,26,33,10,"6,600.00","66,000.00"
2020-02-13,2020021301016033,BPCL,47,52,100,337.00,"33,700.00"
2020-02-13,2020021301016175,CBBL,17,29,166,"1,078.00","178,948.00"
2020-02-13,2020021301016174,CBBL,22,29,84,"1,079.00","90,636.00"
2020-02-13,2020021301016032,CBBL,22,16,100,"1,079.00","107,900.00"
2020-02-13,2020021301015806,CBBL,22,40,10,"1,079.00","10,790.00"
2020-02-13,2020021301015805,CBBL,45,40,50,"1,079.00","53,950.00"
2020-02-13,2020021301015710,CBBL,49,33,85,"1,080.00","91,800.00"
2020-02-13,2020021301016112,CBL,38,26,237,151.00,"35,787.00"
2020-02-13,2020021301016111,CBL,58,26,200,151.00,"30,200.00"
2020-02-13,2020021301016110,CBL,51,26,697,151.00,"105,247.00"
2020-02-13,2020021301016072,CBL,51,26,303,151.00,"45,753.00"
2020-02-13,2020021301016071,CBL,32,26,637,151.00,"96,187.00"
2020-02-13,2020021301015801,CBL,58,26,500,152.00,"76,000.00"
2020-02-13,2020021301015981,CCBL,50,45,200,183.00,"36,600.00"
2020-02-13,2020021301015906,CHCL,56,54,240,422.00,"101,280.00"
2020-02-13,2020021301015905,CHCL,47,54,260,422.00,"109,720.00"
2020-02-13,2020021301016190,CIT,1,5,50,"2,806.00","140,300.00"
2020-02-13,2020021301016180,CIT,13,34,10,"2,810.00","28,100.00"
2020-02-13,2020021301016160,CIT,1,8,50,"2,805.00","140,250.00"
2020-02-13,2020021301016148,CIT,57,8,150,"2,805.00","420,750.00"
2020-02-13,2020021301016121,CIT,57,52,50,"2,805.00","140,250.00"
2020-02-13,2020021301016106,CIT,41,34,10,"2,810.00","28,100.00"
2020-02-13,2020021301015802,CIT,43,38,50,"2,813.00","140,650.00"
2020-02-13,2020021301015778,CIT,16,55,25,"2,815.00","70,375.00"
2020-02-13,2020021301015917,CIT,32,22,100,"2,812.00","281,200.00"
2020-02-13,2020021301015903,CIT,49,33,10,"2,812.00","28,120.00"
2020-02-13,2020021301015902,CIT,42,33,10,"2,812.00","28,120.00"
2020-02-13,2020021301015843,CIT,32,55,40,"2,813.00","112,520.00"
2020-02-13,2020021301015804,CIT,32,38,60,"2,813.00","168,780.00"
2020-02-13,2020021301015803,CIT,41,38,10,"2,813.00","28,130.00"
2020-02-13,2020021301016022,CIT,19,45,30,"2,812.00","84,360.00"
2020-02-13,2020021301016021,CIT,38,45,20,"2,812.00","56,240.00"
2020-02-13,2020021301016011,CIT,5,33,80,"2,812.00","224,960.00"
2020-02-13,2020021301015960,CIT,16,40,80,"2,811.00","224,880.00"
2020-02-13,2020021301015933,CIT,16,10,15,"2,811.00","42,165.00"
2020-02-13,2020021301015932,CIT,26,10,10,"2,811.00","28,110.00"
2020-02-13,2020021301016105,CIT,16,34,50,"2,810.00","140,500.00"
2020-02-13,2020021301016104,CIT,38,34,20,"2,811.00","56,220.00"
2020-02-13,2020021301016086,CIT,16,5,50,"2,810.00","140,500.00"
2020-02-13,2020021301016085,CIT,16,38,100,"2,810.00","281,000.00"
2020-02-13,2020021301016035,CIT,16,26,50,"2,811.00","140,550.00"
2020-02-13,2020021301016034,CIT,19,26,50,"2,812.00","140,600.00"
2020-02-13,2020021301015975,CLBSL,40,16,10,"1,111.00","11,110.00"
2020-02-13,2020021301015914,CLBSL,40,5,11,"1,111.00","12,221.00"
2020-02-13,2020021301015913,CLBSL,40,53,10,"1,110.00","11,100.00"
2020-02-13,2020021301015912,CLBSL,40,26,11,"1,110.00","12,210.00"
2020-02-13,2020021301015911,CLBSL,40,6,97,"1,109.00","107,573.00"
2020-02-13,2020021301015910,CLBSL,40,26,11,"1,108.00","12,188.00"
2020-02-13,2020021301015909,CLBSL,40,33,50,"1,105.00","55,250.00"
2020-02-13,2020021301016015,CMF1,41,6,"1,500",9.50,"14,250.00"
2020-02-13,2020021301016031,CZBIL,49,49,176,193.00,"33,968.00"
2020-02-13,2020021301015890,CZBIL,52,54,100,194.00,"19,400.00"
2020-02-13,2020021301016059,DDBL,19,4,100,895.00,"89,500.00"
2020-02-13,2020021301016058,DDBL,40,4,100,895.00,"89,500.00"
2020-02-13,2020021301016057,DDBL,21,4,100,895.00,"89,500.00"
2020-02-13,2020021301016004,DDBL,40,57,100,896.00,"89,600.00"
2020-02-13,2020021301016003,DDBL,19,57,50,896.00,"44,800.00"
2020-02-13,2020021301016002,DDBL,19,57,40,896.00,"35,840.00"
2020-02-13,2020021301016001,DDBL,40,57,50,896.00,"44,800.00"
2020-02-13,2020021301015937,DDBL,40,45,200,896.00,"179,200.00"
2020-02-13,2020021301015815,DDBL,57,39,50,898.00,"44,900.00"
2020-02-13,2020021301015735,EBL,57,41,30,639.00,"19,170.00"
2020-02-13,2020021301015980,EIC,49,55,10,439.00,"4,390.00"
2020-02-13,2020021301015979,EIC,53,55,86,439.00,"37,754.00"
2020-02-13,2020021301015884,FMDBL,6,38,130,476.00,"61,880.00"
2020-02-13,2020021301015990,FOWAD,11,7,50,"1,510.00","75,500.00"
2020-02-13,2020021301015942,FOWAD,37,7,45,"1,510.00","67,950.00"
2020-02-13,2020021301015919,FOWAD,37,55,55,"1,510.00","83,050.00"
2020-02-13,2020021301015918,FOWAD,4,55,20,"1,510.00","30,200.00"
2020-02-13,2020021301015886,FOWAD,16,18,30,"1,512.00","45,360.00"
