Date,Transact. No.,Symbol,Buyer,Seller,Quantity,Rate,Amount
2020-02-06,2020020601013124,ADBL,11,36,100,385.00,"38,500.00"
2020-02-06,2020020601012907,ADBL,5,45,10,386.00,"3,860.00"
2020-02-06,2020020601012975,AKJCL,28,56,15,56.00,840.00
2020-02-06,2020020601012819,AKPL,45,45,750,124.00,"93,000.00"
2020-02-06,2020020601012702,AKPL,47,45,200,124.00,"24,800.00"
2020-02-06,2020020601012701,AKPL,34,45,50,124.00,"6,200.00"
2020-02-06,2020020601013089,ALICL,16,44,200,567.00,"113,400.00"
2020-02-06,2020020601013088,ALICL,57,44,500,567.00,"283,500.00"
2020-02-06,2020020601013087,ALICL,33,44,20,567.00,"11,340.00"
2020-02-06,2020020601013070,ALICL,33,53,80,567.00,"45,360.00"
2020-02-06,2020020601013069,ALICL,17,53,100,567.00,"56,700.00"
2020-02-06,2020020601013068,ALICL,57,53,20,567.00,"11,340.00"
2020-02-06,2020020601012885,ALICL,48,44,10,568.00,"5,680.00"
2020-02-06,2020020601013126,API,49,13,10,126.00,"1,260.00"
2020-02-06,2020020601013061,API,38,58,100,125.00,"12,500.00"
2020-02-06,2020020601012882,API,38,41,130,125.00,"16,250.00"
2020-02-06,2020020601012785,BFC,42,19,606,104.00,"63,024.00"
2020-02-06,2020020601012784,BFC,42,41,300,104.00,"31,200.00"
2020-02-06,2020020601012783,BFC,42,29,94,104.00,"9,776.00"
2020-02-06,2020020601013010,BOKL,34,45,10,236.00,"2,360.00"
2020-02-06,2020020601012923,BOKL,38,26,180,235.00,"42,300.00"
2020-02-06,2020020601012812,BOKL,18,26,100,235.00,"23,500.00"
2020-02-06,2020020601012652,BPCL,33,40,10,334.00,"3,340.00"
2020-02-06,2020020601013137,CBL,4,40,270,155.00,"41,850.00"
2020-02-06,2020020601013136,CBL,4,44,100,154.00,"15,400.00"
2020-02-06,2020020601013135,CBL,4,58,630,154.00,"97,020.00"
2020-02-06,2020020601012982,CBL,6,58,100,154.00,"15,400.00"
2020-02-06,2020020601012950,CBL,33,58,"1,000",154.00,"154,000.00"
2020-02-06,2020020601012930,CBL,55,13,200,153.00,"30,600.00"
2020-02-06,2020020601012822,CBL,37,44,166,153.00,"25,398.00"
2020-02-06,2020020601012804,CBL,37,32,410,153.00,"62,730.00"
2020-02-06,2020020601012791,CBL,37,44,"2,233",153.00,"341,649.00"
2020-02-06,2020020601012790,CBL,4,58,"1,000",154.00,"154,000.00"
2020-02-06,2020020601012896,CBL,55,44,56,153.00,"8,568.00"
2020-02-06,2020020601012895,CBL,40,44,500,153.00,"76,500.00"
2020-02-06,2020020601012894,CBL,41,44,30,153.00,"4,590.00"
2020-02-06,2020020601012893,CBL,44,44,"1,032",153.00,"157,896.00"
2020-02-06,2020020601012824,CBL,44,44,968,153.00,"148,104.00"
2020-02-06,2020020601012823,CBL,1,44,500,153.00,"76,500.00"
2020-02-06,2020020601013050,CCBL,49,10,121,188.00,"22,748.00"
2020-02-06,2020020601012902,CCBL,19,10,879,188.00,"165,252.00"
2020-02-06,2020020601012789,CCBL,19,35,21,188.00,"3,948.00"
2020-02-06,2020020601012709,CCBL,58,37,612,187.00,"114,444.00"
2020-02-06,2020020601012708,CCBL,57,37,488,187.00,"91,256.00"
2020-02-06,2020020601013115,CIT,7,57,15,"2,470.00","37,050.00"
2020-02-06,2020020601012863,CIT,7,40,10,"2,470.00","24,700.00"
2020-02-06,2020020601012862,CIT,26,40,90,"2,470.00","222,300.00"
2020-02-06,2020020601012799,CLBSL,6,44,100,980.00,"98,000.00"
2020-02-06,2020020601012820,CZBIL,49,6,20,198.00,"3,960.00"
2020-02-06,2020020601012654,CZBIL,38,19,614,197.00,"120,958.00"
2020-02-06,2020020601012653,CZBIL,59,19,15,197.00,"2,955.00"
2020-02-06,2020020601013016,DDBL,5,49,10,826.00,"8,260.00"
2020-02-06,2020020601012797,DDBL,50,38,50,824.00,"41,200.00"
2020-02-06,2020020601013122,DHPL,48,18,"1,000",53.00,"53,000.00"
2020-02-06,2020020601012766,EBL,42,49,15,641.00,"9,615.00"
2020-02-06,2020020601013120,EIC,45,13,10,449.00,"4,490.00"
2020-02-06,2020020601013073,EIC,36,41,24,444.00,"10,656.00"
2020-02-06,2020020601013072,EIC,35,41,51,444.00,"22,644.00"
2020-02-06,2020020601013015,EIC,53,41,200,445.00,"89,000.00"
2020-02-06,2020020601012972,EIC,36,41,25,445.00,"11,125.00"
2020-02-06,2020020601012971,EIC,39,41,25,445.00,"11,125.00"
2020-02-06,2020020601012743,EIC,20,32,36,449.00,"16,164.00"
2020-02-06,2020020601012694,EIC,20,32,500,449.00,"224,500.00"
2020-02-06,2020020601012964,EIC,57,41,330,447.00,"147,510.00"
2020-02-06,2020020601012901,EIC,21,13,10,449.00,"4,490.00"
2020-02-06,2020020601012858,EIC,49,34,100,450.00,"45,000.00"
2020-02-06,2020020601012837,EIC,36,11,100,448.00,"44,800.00"
2020-02-06,2020020601012834,EIC,57,56,170,447.00,"75,990.00"
2020-02-06,2020020601012833,EIC,21,56,10,447.00,"4,470.00"
2020-02-06,2020020601012970,EIC,6,41,100,445.00,"44,500.00"
2020-02-06,2020020601012969,EIC,42,41,50,445.00,"22,250.00"
2020-02-06,2020020601012968,EIC,17,41,500,445.00,"222,500.00"
2020-02-06,2020020601012967,EIC,3,41,100,446.00,"44,600.00"
2020-02-06,2020020601012966,EIC,57,41,25,446.00,"11,150.00"
2020-02-06,2020020601012965,EIC,42,41,320,446.00,"142,720.00"
2020-02-06,2020020601012996,FMDBL,42,52,20,456.00,"9,120.00"
2020-02-06,2020020601012995,FMDBL,10,52,65,456.00,"29,640.00"
2020-02-06,2020020601012994,FMDBL,36,52,100,456.00,"45,600.00"
2020-02-06,2020020601012993,FMDBL,51,52,100,456.00,"45,600.00"
2020-02-06,2020020601012992,FMDBL,26,52,200,456.00,"91,200.00"
2020-02-06,2020020601012817,GBBL,13,33,"1,000",244.00,"244,000.00"
2020-02-06,2020020601012946,GBIME,34,19,343,283.00,"97,069.00"
2020-02-06,2020020601012945,GBIME,58,19,30,283.00,"8,490.00"
2020-02-06,2020020601012944,GBIME,28,19,200,283.00,"56,600.00"
2020-02-06,2020020601012943,GBIME,41,19,200,283.00,"56,600.00"
2020-02-06,2020020601012942,GBIME,28,19,127,283.00,"35,941.00"
2020-02-06,2020020601012941,GBIME,41,19,100,283.00,"28,300.00"
2020-02-06,2020020601012884,GBIME,52,19,200,284.00,"56,800.00"
2020-02-06,2020020601012877,GBLBS,7,44,241,474.00,"114,234.00"
2020-02-06,2020020601012876,GBLBS,58,44,100,474.00,"47,400.00"
2020-02-06,2020020601012875,GBLBS,48,44,100,474.00,"47,400.00"
2020-02-06,2020020601012874,GBLBS,32,44,100,474.00,"47,400.00"
2020-02-06,2020020601012873,GBLBS,35,44,30,475.00,"14,250.00"
2020-02-06,2020020601012872,GBLBS,13,44,200,475.00,"95,000.00"
2020-02-06,2020020601012668,GBLBS,26,4,215,478.00,"102,770.00"
2020-02-06,2020020601012667,GBLBS,26,44,285,478.00,"136,230.00"
2020-02-06,2020020601012871,GBLBS,48,44,35,475.00,"16,625.00"
2020-02-06,2020020601012870,GBLBS,6,44,25,475.00,"11,875.00"
2020-02-06,2020020601012869,GBLBS,39,44,50,475.00,"23,750.00"
2020-02-06,2020020601012868,GBLBS,39,44,100,476.00,"47,600.00"
2020-02-06,2020020601012867,GBLBS,40,44,19,477.00,"9,063.00"
2020-02-06,2020020601012710,GBLBS,40,16,85,477.00,"40,545.00"
2020-02-06,2020020601013080,GGBSL,26,47,10,860.00,"8,600.00"
2020-02-06,2020020601013123,GILB,55,13,50,"1,321.00","66,050.00"
2020-02-06,2020020601013081,GLICL,41,39,29,770.00,"22,330.00"
2020-02-06,2020020601013048,GLICL,14,39,98,770.00,"75,460.00"
2020-02-06,2020020601013047,GLICL,14,46,341,770.00,"262,570.00"
2020-02-06,2020020601013046,GLICL,14,42,61,770.00,"46,970.00"
2020-02-06,2020020601013019,GLICL,14,42,39,770.00,"30,030.00"
2020-02-06,2020020601013018,GLICL,14,48,50,770.00,"38,500.00"
2020-02-06,2020020601012810,GLICL,22,58,183,769.00,"140,727.00"
2020-02-06,2020020601012695,GLICL,22,50,95,768.00,"72,960.00"
2020-02-06,2020020601012686,GLICL,5,50,100,768.00,"76,800.00"
2020-02-06,2020020601013017,GLICL,14,6,411,770.00,"316,470.00"
2020-02-06,2020020601012959,GLICL,48,6,100,770.00,"77,000.00"
2020-02-06,2020020601012936,GLICL,45,26,20,769.00,"15,380.00"
2020-02-06,2020020601012897,GLICL,22,26,172,769.00,"132,268.00"
2020-02-06,2020020601012839,GLICL,22,45,50,769.00,"38,450.00"
2020-02-06,2020020601012829,GLICL,42,6,50,770.00,"38,500.00"
2020-02-06,2020020601013011,GMFBS,10,13,50,833.00,"41,650.00"
2020-02-06,2020020601013003,GMFBS,10,43,10,845.00,"8,450.00"
2020-02-06,2020020601013059,HBL,25,33,50,529.00,"26,450.00"
2020-02-06,2020020601013108,HDL,34,50,100,"1,219.00","121,900.00"
2020-02-06,2020020601013099,HDL,34,35,100,"1,219.00","121,900.00"
2020-02-06,2020020601012991,HDL,34,56,75,"1,219.00","91,425.00"
2020-02-06,2020020601012910,HDL,17,45,10,"1,220.00","12,200.00"
2020-02-06,2020020601012796,HDL,39,34,15,"1,223.00","18,345.00"
2020-02-06,2020020601012759,HDL,17,44,490,"1,220.00","597,800.00"
2020-02-06,2020020601012727,HDL,55,44,10,"1,220.00","12,200.00"
2020-02-06,2020020601012726,HDL,55,28,190,"1,220.00","231,800.00"
2020-02-06,2020020601012660,HDL,42,28,100,"1,220.00","122,000.00"
2020-02-06,2020020601013063,HGI,29,38,50,415.00,"20,750.00"
2020-02-06,2020020601013005,HGI,57,32,50,417.00,"20,850.00"
2020-02-06,2020020601012693,HGI,38,59,100,418.00,"41,800.00"
2020-02-06,2020020601012692,HGI,38,49,100,416.00,"41,600.00"
2020-02-06,2020020601013095,IGI,39,55,80,436.00,"34,880.00"
2020-02-06,2020020601012661,IGI,39,34,214,436.00,"93,304.00"
2020-02-06,2020020601013062,ILBS,45,10,50,816.00,"40,800.00"
2020-02-06,2020020601012987,ILBS,17,10,40,817.00,"32,680.00"
2020-02-06,2020020601012986,ILBS,45,10,50,817.00,"40,850.00"
2020-02-06,2020020601012985,ILBS,17,10,70,817.00,"57,190.00"
2020-02-06,2020020601013065,JSLBB,29,37,190,"1,599.00","303,810.00"
2020-02-06,2020020601012981,JSLBB,37,37,60,"1,599.00","95,940.00"
2020-02-06,2020020601013094,KADBL,45,4,100,274.00,"27,400.00"
2020-02-06,2020020601012961,KADBL,4,42,100,279.00,"27,900.00"
2020-02-06,2020020601012794,KADBL,4,42,"1,541",275.00,"423,775.00"
2020-02-06,2020020601012793,KADBL,4,42,"2,000",276.00,"552,000.00"
2020-02-06,2020020601013127,KKHC,41,44,29,59.00,"1,711.00"
2020-02-06,2020020601012830,KPCL,55,38,10,90.00,900.00
2020-02-06,2020020601013129,KSBBL,38,33,500,162.00,"81,000.00"
2020-02-06,2020020601012958,KSBBL,38,45,228,161.00,"36,708.00"
2020-02-06,2020020601012957,KSBBL,32,45,81,161.00,"13,041.00"
2020-02-06,2020020601012956,LBL,32,32,10,227.00,"2,270.00"
2020-02-06,2020020601012778,LBL,39,45,70,226.00,"15,820.00"
2020-02-06,2020020601012777,LBL,39,18,490,226.00,"110,740.00"
2020-02-06,2020020601012776,LBL,39,35,140,226.00,"31,640.00"
2020-02-06,2020020601012731,LBL,38,44,376,224.00,"84,224.00"
2020-02-06,2020020601012730,LBL,41,44,30,224.00,"6,720.00"
2020-02-06,2020020601012729,LBL,43,44,989,224.00,"221,536.00"
2020-02-06,2020020601012728,LBL,26,44,715,225.00,"160,875.00"
2020-02-06,2020020601012935,LGIL,32,45,400,491.00,"196,400.00"
2020-02-06,2020020601012934,LGIL,13,45,78,491.00,"38,298.00"
2020-02-06,2020020601012933,LGIL,32,45,122,492.00,"60,024.00"
2020-02-06,2020020601012782,LGIL,32,33,378,492.00,"185,976.00"
2020-02-06,2020020601012781,LGIL,58,33,232,492.00,"114,144.00"
2020-02-06,2020020601013013,LICN,40,14,200,"1,216.00","243,200.00"
2020-02-06,2020020601012883,LICN,6,34,100,"1,220.00","122,000.00"
2020-02-06,2020020601012821,LICN,50,34,400,"1,220.00","488,000.00"
2020-02-06,2020020601012772,LICN,50,55,100,"1,220.00","122,000.00"
2020-02-06,2020020601012750,LICN,37,36,30,"1,221.00","36,630.00"
2020-02-06,2020020601013031,LLBS,25,53,23,"1,026.00","23,598.00"
2020-02-06,2020020601013030,LLBS,40,53,50,"1,026.00","51,300.00"
2020-02-06,2020020601013029,LLBS,40,53,50,"1,027.00","51,350.00"
2020-02-06,2020020601013028,LLBS,17,53,20,"1,029.00","20,580.00"
2020-02-06,2020020601013027,LLBS,26,53,25,"1,030.00","25,750.00"
2020-02-06,2020020601013026,LLBS,40,53,150,"1,030.00","154,500.00"
2020-02-06,2020020601012770,LLBS,40,35,150,"1,030.00","154,500.00"
2020-02-06,2020020601013036,MBL,59,49,43,233.00,"10,019.00"
2020-02-06,2020020601013035,MBL,56,49,161,233.00,"37,513.00"
2020-02-06,2020020601013034,MBL,10,49,100,233.00,"23,300.00"
2020-02-06,2020020601013033,MBL,22,49,196,233.00,"45,668.00"
2020-02-06,2020020601012917,MBL,26,43,100,234.00,"23,400.00"
2020-02-06,2020020601012916,MBL,10,43,500,234.00,"117,000.00"
2020-02-06,2020020601012915,MBL,54,43,500,234.00,"117,000.00"
2020-02-06,2020020601012914,MBL,38,43,500,234.00,"117,000.00"
2020-02-06,2020020601012913,MBL,51,43,100,234.00,"23,400.00"
2020-02-06,2020020601012912,MBL,10,43,300,234.00,"70,200.00"
2020-02-06,2020020601012962,MDB,38,47,10,342.00,"3,420.00"
2020-02-06,2020020601012827,MDB,29,33,257,341.00,"87,637.00"
2020-02-06,2020020601012826,MDB,29,40,200,341.00,"68,200.00"
2020-02-06,2020020601012825,MDB,29,4,270,341.00,"92,070.00"
2020-02-06,2020020601012857,MEGA,33,28,55,206.00,"11,330.00"
2020-02-06,2020020601012769,MFIL,16,33,200,195.00,"39,000.00"
2020-02-06,2020020601012978,MLBL,28,16,417,213.00,"88,821.00"
2020-02-06,2020020601012977,MLBL,21,16,83,213.00,"17,679.00"
2020-02-06,2020020601012980,MNBBL,59,34,100,321.00,"32,100.00"
2020-02-06,2020020601012832,MNBBL,48,34,400,321.00,"128,400.00"
2020-02-06,2020020601012725,MNBBL,29,47,440,320.00,"140,800.00"
2020-02-06,2020020601012724,MNBBL,34,47,500,320.00,"160,000.00"
2020-02-06,2020020601012723,MNBBL,38,47,50,320.00,"16,000.00"
2020-02-06,2020020601012722,MNBBL,44,47,100,320.00,"32,000.00"
2020-02-06,2020020601012721,MNBBL,36,47,500,320.00,"160,000.00"
2020-02-06,2020020601012720,MNBBL,49,47,60,320.00,"19,200.00"
2020-02-06,2020020601012719,MNBBL,51,47,100,320.00,"32,000.00"
2020-02-06,2020020601012718,MNBBL,38,47,100,320.00,"32,000.00"
2020-02-06,2020020601012717,MNBBL,42,47,150,320.00,"48,000.00"
2020-02-06,2020020601012669,MNBBL,49,34,200,321.00,"64,200.00"
2020-02-06,2020020601013002,MSMBS,49,25,10,753.00,"7,530.00"
2020-02-06,2020020601013091,NABIL,7,1,18,726.00,"13,068.00"
2020-02-06,2020020601013090,NABIL,52,1,50,726.00,"36,300.00"
2020-02-06,2020020601013038,NABIL,28,4,50,727.00,"36,350.00"
2020-02-06,2020020601013006,NABIL,40,4,100,727.00,"72,700.00"
2020-02-06,2020020601012984,NABIL,7,4,99,727.00,"71,973.00"
2020-02-06,2020020601012949,NABIL,26,4,50,727.00,"36,350.00"
2020-02-06,2020020601012673,NABIL,44,4,50,728.00,"36,400.00"
2020-02-06,2020020601012672,NABIL,38,4,38,728.00,"27,664.00"
2020-02-06,2020020601012671,NABIL,57,4,50,729.00,"36,450.00"
2020-02-06,2020020601012805,NABIL,16,4,113,727.00,"82,151.00"
2020-02-06,2020020601012678,NABIL,57,4,"1,000",727.00,"727,000.00"
2020-02-06,2020020601012677,NABIL,7,4,98,727.00,"71,246.00"
2020-02-06,2020020601012676,NABIL,7,4,97,727.00,"70,519.00"
2020-02-06,2020020601012675,NABIL,6,4,30,727.00,"21,810.00"
2020-02-06,2020020601012674,NABIL,6,4,500,728.00,"364,000.00"
2020-02-06,2020020601013086,NADEP,41,19,100,700.00,"70,000.00"
2020-02-06,2020020601013085,NADEP,7,19,14,700.00,"9,800.00"
2020-02-06,2020020601013012,NADEP,7,50,26,700.00,"18,200.00"
2020-02-06,2020020601013009,NADEP,7,48,58,700.00,"40,600.00"
2020-02-06,2020020601013008,NADEP,22,48,20,700.00,"14,000.00"
2020-02-06,2020020601013007,NADEP,25,48,22,700.00,"15,400.00"
2020-02-06,2020020601012924,NADEP,45,20,10,701.00,"7,010.00"
2020-02-06,2020020601013044,NBB,49,42,116,209.00,"24,244.00"
2020-02-06,2020020601012947,NBB,6,56,"1,000",208.00,"208,000.00"
2020-02-06,2020020601012904,NBB,6,43,500,208.00,"104,000.00"
2020-02-06,2020020601013071,NBL,25,54,10,270.00,"2,700.00"
2020-02-06,2020020601013024,NBL,29,34,400,269.00,"107,600.00"
2020-02-06,2020020601013023,NBL,47,34,100,269.00,"26,900.00"
2020-02-06,2020020601012887,NBL,1,54,500,270.00,"135,000.00"
2020-02-06,2020020601012658,NBL,46,54,462,270.00,"124,740.00"
2020-02-06,2020020601013093,NCCB,34,5,200,196.00,"39,200.00"
2020-02-06,2020020601013083,NCCB,17,5,160,196.00,"31,360.00"
2020-02-06,2020020601013082,NCCB,17,34,687,196.00,"134,652.00"
2020-02-06,2020020601013055,NCCB,36,34,150,196.00,"29,400.00"
2020-02-06,2020020601013054,NCCB,41,34,10,195.00,"1,950.00"
2020-02-06,2020020601013053,NCCB,22,34,300,195.00,"58,500.00"
2020-02-06,2020020601013052,NCCB,25,34,90,195.00,"17,550.00"
2020-02-06,2020020601013051,NCCB,47,34,600,195.00,"117,000.00"
2020-02-06,2020020601012929,NCCB,33,34,10,196.00,"1,960.00"
2020-02-06,2020020601012918,NEF,55,29,"1,127",8.16,"9,196.32"
2020-02-06,2020020601013049,NFS,49,22,150,142.00,"21,300.00"
2020-02-06,2020020601012758,NHPC,55,29,"2,000",58.00,"116,000.00"
2020-02-06,2020020601013001,NIB,41,25,40,395.00,"15,800.00"
2020-02-06,2020020601013000,NIB,51,25,50,395.00,"19,750.00"
2020-02-06,2020020601012787,NIB,51,39,50,395.00,"19,750.00"
2020-02-06,2020020601012786,NIB,45,39,50,395.00,"19,750.00"
2020-02-06,2020020601012922,NICA,28,47,453,481.00,"217,893.00"
2020-02-06,2020020601012768,NICA,28,36,453,481.00,"217,893.00"
2020-02-06,2020020601012767,NICA,38,36,347,481.00,"166,907.00"
2020-02-06,2020020601013118,NICL,33,13,83,440.00,"36,520.00"
2020-02-06,2020020601013114,NICL,28,14,250,438.00,"109,500.00"
2020-02-06,2020020601012928,NICL,28,49,147,438.00,"64,386.00"
2020-02-06,2020020601012927,NICL,57,49,200,438.00,"87,600.00"
2020-02-06,2020020601012926,NICL,33,49,100,438.00,"43,800.00"
2020-02-06,2020020601012925,NICL,28,49,953,439.00,"418,367.00"
2020-02-06,2020020601012854,NICL,28,4,47,439.00,"20,633.00"
2020-02-06,2020020601012853,NICL,29,4,53,439.00,"23,267.00"
2020-02-06,2020020601012838,NICL,29,52,100,439.00,"43,900.00"
2020-02-06,2020020601012780,NICL,57,16,50,441.00,"22,050.00"
2020-02-06,2020020601012748,NICL,10,4,370,442.00,"163,540.00"
2020-02-06,2020020601012747,NICL,10,58,200,442.00,"88,400.00"
2020-02-06,2020020601013121,NIL,55,50,300,558.00,"167,400.00"
2020-02-06,2020020601013111,NIL,59,44,280,555.00,"155,400.00"
2020-02-06,2020020601013110,NIL,57,44,60,556.00,"33,360.00"
2020-02-06,2020020601013109,NIL,34,44,60,556.00,"33,360.00"
2020-02-06,2020020601013096,NIL,33,50,200,558.00,"111,600.00"
2020-02-06,2020020601012974,NIL,55,50,26,558.00,"14,508.00"
2020-02-06,2020020601012973,NIL,55,14,74,558.00,"41,292.00"
2020-02-06,2020020601012908,NIL,34,28,40,556.00,"22,240.00"
2020-02-06,2020020601012775,NIL,33,14,175,558.00,"97,650.00"
2020-02-06,2020020601012774,NIL,33,55,25,558.00,"13,950.00"
2020-02-06,2020020601012659,NIL,28,55,50,558.00,"27,900.00"
2020-02-06,2020020601013117,NLG,32,45,200,869.00,"173,800.00"
2020-02-06,2020020601012861,NLG,34,43,150,870.00,"130,500.00"
2020-02-06,2020020601013134,NLIC,39,4,500,"1,125.00","562,500.00"
2020-02-06,2020020601013133,NLIC,39,51,60,"1,125.00","67,500.00"
2020-02-06,2020020601013132,NLIC,39,25,100,"1,125.00","112,500.00"
2020-02-06,2020020601013131,NLIC,39,6,231,"1,124.00","259,644.00"
2020-02-06,2020020601013130,NLIC,39,6,100,"1,124.00","112,400.00"
2020-02-06,2020020601013107,NLIC,17,17,210,"1,123.00","235,830.00"
2020-02-06,2020020601012651,NLIC,34,8,200,"1,121.00","224,200.00"
2020-02-06,2020020601013021,NLIC,52,45,100,"1,124.00","112,400.00"
2020-02-06,2020020601012952,NLIC,48,28,250,"1,122.00","280,500.00"
2020-02-06,2020020601012880,NLIC,57,28,100,"1,122.00","112,200.00"
2020-02-06,2020020601012800,NLIC,46,36,120,"1,121.00","134,520.00"
2020-02-06,2020020601012788,NLIC,34,36,50,"1,121.00","56,050.00"
2020-02-06,2020020601012771,NLIC,34,36,30,"1,121.00","33,630.00"
2020-02-06,2020020601013078,NLIC,25,40,10,"1,121.00","11,210.00"
2020-02-06,2020020601013077,NLIC,46,40,180,"1,121.00","201,780.00"
2020-02-06,2020020601013076,NLIC,59,40,200,"1,122.00","224,400.00"
2020-02-06,2020020601013075,NLIC,57,40,100,"1,122.00","112,200.00"
2020-02-06,2020020601013074,NLIC,51,40,10,"1,122.00","11,220.00"
2020-02-06,2020020601013022,NLIC,52,6,400,"1,124.00","449,600.00"
2020-02-06,2020020601013125,NLICL,42,36,400,654.00,"261,600.00"
2020-02-06,2020020601012900,NMB,43,46,550,366.00,"201,300.00"
2020-02-06,2020020601012899,NMB,42,46,50,367.00,"18,350.00"
2020-02-06,2020020601012898,NMBMF,42,34,10,889.00,"8,890.00"
2020-02-06,2020020601012955,NTC,49,22,10,624.00,"6,240.00"
2020-02-06,2020020601013100,NUBL,22,19,50,962.00,"48,100.00"
2020-02-06,2020020601012679,NUBL,22,29,100,962.00,"96,200.00"
2020-02-06,2020020601012836,PCBL,42,35,30,277.00,"8,310.00"
2020-02-06,2020020601012835,PCBL,11,35,200,277.00,"55,400.00"
2020-02-06,2020020601012755,PCBL,25,34,10,278.00,"2,780.00"
2020-02-06,2020020601012754,PCBL,57,34,100,278.00,"27,800.00"
2020-02-06,2020020601012753,PCBL,32,34,84,278.00,"23,352.00"
2020-02-06,2020020601012752,PCBL,34,34,116,278.00,"32,248.00"
2020-02-06,2020020601012751,PCBL,13,34,200,278.00,"55,600.00"
2020-02-06,2020020601013116,PIC,54,41,30,559.00,"16,770.00"
2020-02-06,2020020601012997,PIC,33,4,500,560.00,"280,000.00"
2020-02-06,2020020601012864,PIC,5,42,50,557.00,"27,850.00"
2020-02-06,2020020601012811,PIC,5,19,210,557.00,"116,970.00"
2020-02-06,2020020601012746,PIC,13,46,11,556.00,"6,116.00"
2020-02-06,2020020601012698,PIC,36,19,100,557.00,"55,700.00"
2020-02-06,2020020601013106,PICL,8,7,200,730.00,"146,000.00"
2020-02-06,2020020601013105,PICL,8,21,200,730.00,"146,000.00"
2020-02-06,2020020601013104,PICL,8,45,100,730.00,"73,000.00"
2020-02-06,2020020601013103,PICL,8,37,350,730.00,"255,500.00"
2020-02-06,2020020601013102,PICL,8,57,100,730.00,"73,000.00"
2020-02-06,2020020601013101,PICL,8,10,52,730.00,"37,960.00"
2020-02-06,2020020601012760,PICL,28,32,14,728.00,"10,192.00"
2020-02-06,2020020601012688,PICL,28,13,200,729.00,"145,800.00"
2020-02-06,2020020601012951,PICL,28,58,100,729.00,"72,900.00"
2020-02-06,2020020601012856,PICL,21,14,500,727.00,"363,500.00"
2020-02-06,2020020601012855,PICL,13,14,50,728.00,"36,400.00"
2020-02-06,2020020601012818,PICL,57,58,50,729.00,"36,450.00"
2020-02-06,2020020601012762,PICL,28,10,86,730.00,"62,780.00"
2020-02-06,2020020601012761,PICL,28,13,100,729.00,"72,900.00"
2020-02-06,2020020601013058,PLIC,17,45,56,573.00,"32,088.00"
2020-02-06,2020020601013045,PLIC,34,38,200,574.00,"114,800.00"
2020-02-06,2020020601013020,PLIC,17,14,350,573.00,"200,550.00"
2020-02-06,2020020601012911,PLIC,34,38,100,574.00,"57,400.00"
2020-02-06,2020020601012909,PLIC,19,38,40,574.00,"22,960.00"
2020-02-06,2020020601012906,PPCL,33,46,30,126.00,"3,780.00"
2020-02-06,2020020601012940,PRIN,53,59,100,441.00,"44,100.00"
2020-02-06,2020020601012879,PRIN,36,59,40,441.00,"17,640.00"
2020-02-06,2020020601012742,PRIN,25,58,19,440.00,"8,360.00"
2020-02-06,2020020601012741,PRIN,17,58,770,440.00,"338,800.00"
2020-02-06,2020020601012740,PRIN,58,58,100,440.00,"44,000.00"
2020-02-06,2020020601012739,PRIN,58,58,100,440.00,"44,000.00"
2020-02-06,2020020601012738,PRIN,38,58,211,440.00,"92,840.00"
2020-02-06,2020020601012648,PRIN,38,51,33,440.00,"14,520.00"
2020-02-06,2020020601013037,PROFL,34,22,10,112.00,"1,120.00"
2020-02-06,2020020601012891,PROFL,18,8,200,111.00,"22,200.00"
2020-02-06,2020020601012890,PROFL,18,42,200,111.00,"22,200.00"
2020-02-06,2020020601012889,PROFL,18,13,500,111.00,"55,500.00"
2020-02-06,2020020601012921,PRVU,42,25,557,245.00,"136,465.00"
2020-02-06,2020020601012920,PRVU,8,25,"1,000",245.00,"245,000.00"
2020-02-06,2020020601012919,PRVU,51,25,196,245.00,"48,020.00"
2020-02-06,2020020601012852,PRVU,51,25,404,245.00,"98,980.00"
2020-02-06,2020020601012851,PRVU,43,25,240,245.00,"58,800.00"
2020-02-06,2020020601012850,PRVU,44,25,200,245.00,"49,000.00"
2020-02-06,2020020601012843,PRVU,29,25,100,246.00,"24,600.00"
2020-02-06,2020020601012842,PRVU,51,25,300,246.00,"73,800.00"
2020-02-06,2020020601012841,PRVU,59,25,600,246.00,"147,600.00"
2020-02-06,2020020601012840,PRVU,51,25,23,246.00,"5,658.00"
2020-02-06,2020020601012657,PRVU,57,43,10,247.00,"2,470.00"
2020-02-06,2020020601012849,PRVU,13,25,"1,500",245.00,"367,500.00"
2020-02-06,2020020601012848,PRVU,6,25,"1,000",245.00,"245,000.00"
2020-02-06,2020020601012847,PRVU,42,25,200,245.00,"49,000.00"
2020-02-06,2020020601012846,PRVU,45,25,40,245.00,"9,800.00"
2020-02-06,2020020601012845,PRVU,29,25,"1,143",245.00,"280,035.00"
2020-02-06,2020020601012844,PRVU,39,25,50,246.00,"12,300.00"
2020-02-06,2020020601012765,RBCL,50,13,10,"8,990.00","89,900.00"
2020-02-06,2020020601012650,RHPC,1,45,200,77.00,"15,400.00"
2020-02-06,2020020601012649,RHPC,1,45,20,77.00,"1,540.00"
2020-02-06,2020020601013119,RHPL,49,59,40,167.00,"6,680.00"
2020-02-06,2020020601012666,RHPL,44,42,500,168.00,"84,000.00"
2020-02-06,2020020601012665,RHPL,45,42,500,168.00,"84,000.00"
2020-02-06,2020020601012931,RMDC,48,44,10,670.00,"6,700.00"
2020-02-06,2020020601012905,RMDC,34,44,50,670.00,"33,500.00"
2020-02-06,2020020601013079,RSDC,58,40,20,478.00,"9,560.00"
2020-02-06,2020020601013057,RSDC,45,6,100,470.00,"47,000.00"
2020-02-06,2020020601013092,SABSL,34,19,10,882.00,"8,820.00"
2020-02-06,2020020601013032,SANIMA,41,20,324,346.00,"112,104.00"
2020-02-06,2020020601012684,SANIMA,11,13,100,347.00,"34,700.00"
2020-02-06,2020020601012828,SBL,7,45,93,314.00,"29,202.00"
2020-02-06,2020020601013098,SCB,1,10,100,612.00,"61,200.00"
2020-02-06,2020020601012798,SCB,42,14,15,613.00,"9,195.00"
2020-02-06,2020020601012757,SDESI,19,6,20,841.00,"16,820.00"
2020-02-06,2020020601012756,SDESI,40,6,80,841.00,"67,280.00"
2020-02-06,2020020601012700,SEF,47,52,"2,000",9.35,"18,700.00"
2020-02-06,2020020601012699,SEF,8,52,"3,000",9.36,"28,080.00"
2020-02-06,2020020601012707,SFCL,11,26,606,110.00,"66,660.00"
2020-02-06,2020020601012706,SFCL,11,55,394,109.00,"42,946.00"
2020-02-06,2020020601012687,SFCL,42,8,674,108.00,"72,792.00"
2020-02-06,2020020601012892,SHINE,11,4,50,280.00,"14,000.00"
2020-02-06,2020020601012763,SHINE,56,35,28,278.00,"7,784.00"
2020-02-06,2020020601013097,SHIVM,38,38,100,512.00,"51,200.00"
2020-02-06,2020020601013060,SHIVM,51,38,100,511.00,"51,100.00"
2020-02-06,2020020601013042,SHIVM,51,56,200,511.00,"102,200.00"
2020-02-06,2020020601013041,SHIVM,19,26,50,510.00,"25,500.00"
2020-02-06,2020020601013040,SHIVM,11,26,30,510.00,"15,300.00"
2020-02-06,2020020601013039,SHIVM,21,26,70,510.00,"35,700.00"
2020-02-06,2020020601012663,SHIVM,1,46,200,510.00,"102,000.00"
2020-02-06,2020020601012662,SHIVM,42,46,70,510.00,"35,700.00"
2020-02-06,2020020601012655,SHIVM,42,58,50,510.00,"25,500.00"
2020-02-06,2020020601012689,SHIVM,35,22,20,513.00,"10,260.00"
2020-02-06,2020020601012664,SHIVM,16,46,30,510.00,"15,300.00"
2020-02-06,2020020601012983,SHIVM,57,56,300,511.00,"153,300.00"
2020-02-06,2020020601012963,SHIVM,57,46,200,511.00,"102,200.00"
2020-02-06,2020020601012831,SHIVM,21,28,100,510.00,"51,000.00"
2020-02-06,2020020601012809,SHIVM,21,4,30,510.00,"15,300.00"
2020-02-06,2020020601012808,SHIVM,16,4,70,510.00,"35,700.00"
2020-02-06,2020020601012685,SHL,29,16,"1,300",201.00,"261,300.00"
2020-02-06,2020020601012888,SHPC,41,29,20,214.00,"4,280.00"
2020-02-06,2020020601012697,SHPC,36,45,490,212.00,"103,880.00"
2020-02-06,2020020601012696,SHPC,49,45,10,213.00,"2,130.00"
2020-02-06,2020020601012704,SIC,44,49,300,740.00,"222,000.00"
2020-02-06,2020020601012990,SICL,46,58,20,"1,149.00","22,980.00"
2020-02-06,2020020601012976,SICL,5,58,10,"1,149.00","11,490.00"
2020-02-06,2020020601012937,SICL,46,50,100,"1,145.00","114,500.00"
2020-02-06,2020020601013014,SIL,52,38,210,585.00,"122,850.00"
2020-02-06,2020020601013004,SIL,33,38,50,585.00,"29,250.00"
2020-02-06,2020020601012866,SIL,45,38,33,585.00,"19,305.00"
2020-02-06,2020020601012779,SIL,52,34,90,584.00,"52,560.00"
2020-02-06,2020020601013067,SJCL,29,59,80,159.00,"12,720.00"
2020-02-06,2020020601013066,SJCL,13,59,200,159.00,"31,800.00"
2020-02-06,2020020601013025,SJCL,55,45,20,160.00,"3,200.00"
2020-02-06,2020020601013056,SLBBL,34,6,134,846.00,"113,364.00"
2020-02-06,2020020601012954,SLBBL,34,6,200,845.00,"169,000.00"
2020-02-06,2020020601012948,SLBBL,34,34,255,840.00,"214,200.00"
2020-02-06,2020020601012881,SLBBL,19,6,300,845.00,"253,500.00"
2020-02-06,2020020601012705,SLBBL,34,6,500,840.00,"420,000.00"
2020-02-06,2020020601012680,SLBBL,34,5,500,840.00,"420,000.00"
2020-02-06,2020020601012816,SLBBL,45,5,150,837.00,"125,550.00"
2020-02-06,2020020601012815,SLBBL,49,5,150,837.00,"125,550.00"
2020-02-06,2020020601012814,SLBBL,59,5,100,838.00,"83,800.00"
2020-02-06,2020020601012813,SLBBL,1,5,100,838.00,"83,800.00"
2020-02-06,2020020601012803,SLBBL,34,34,200,839.00,"167,800.00"
2020-02-06,2020020601012773,SLBBL,34,57,300,839.00,"251,700.00"
2020-02-06,2020020601013128,SLBSL,48,46,10,829.00,"8,290.00"
2020-02-06,2020020601013113,SLICL,34,28,78,465.00,"36,270.00"
2020-02-06,2020020601013112,SLICL,34,35,30,464.00,"13,920.00"
2020-02-06,2020020601013064,SLICL,45,35,10,464.00,"4,640.00"
2020-02-06,2020020601012999,SLICL,42,45,50,463.00,"23,150.00"
2020-02-06,2020020601012979,SLICL,59,45,100,463.00,"46,300.00"
2020-02-06,2020020601012932,SLICL,34,45,50,463.00,"23,150.00"
2020-02-06,2020020601012903,SLICL,57,45,300,463.00,"138,900.00"
2020-02-06,2020020601012886,SLICL,57,45,500,463.00,"231,500.00"
2020-02-06,2020020601012807,SLICL,57,17,200,463.00,"92,600.00"
2020-02-06,2020020601012806,SLICL,51,17,300,464.00,"139,200.00"
2020-02-06,2020020601012690,SLICL,59,58,100,463.00,"46,300.00"
2020-02-06,2020020601012960,SMATA,19,17,300,740.00,"222,000.00"
2020-02-06,2020020601012859,SMATA,33,42,10,750.00,"7,500.00"
2020-02-06,2020020601013043,SMB,28,21,10,"1,092.00","10,920.00"
2020-02-06,2020020601012998,SMB,28,49,10,"1,092.00","10,920.00"
2020-02-06,2020020601012989,SMB,28,5,10,"1,092.00","10,920.00"
2020-02-06,2020020601012988,SMB,28,22,20,"1,086.00","21,720.00"
2020-02-06,2020020601012939,SMB,28,43,10,"1,086.00","10,860.00"
2020-02-06,2020020601012642,SMB,28,36,10,"1,025.00","10,250.00"
2020-02-06,2020020601012641,SMB,28,47,10,"1,025.00","10,250.00"
2020-02-06,2020020601012640,SMB,28,38,160,"1,024.00","163,840.00"
2020-02-06,2020020601012639,SMB,28,45,10,"1,024.00","10,240.00"
2020-02-06,2020020601012638,SMB,28,5,192,"1,023.00","196,416.00"
2020-02-06,2020020601012691,SMB,28,25,60,"1,037.00","62,220.00"
2020-02-06,2020020601012647,SMB,28,18,10,"1,025.00","10,250.00"
2020-02-06,2020020601012646,SMB,28,18,10,"1,025.00","10,250.00"
2020-02-06,2020020601012645,SMB,28,41,40,"1,025.00","41,000.00"
2020-02-06,2020020601012644,SMB,28,33,10,"1,025.00","10,250.00"
2020-02-06,2020020601012643,SMB,28,18,10,"1,025.00","10,250.00"
2020-02-06,2020020601012716,SMB,28,28,30,"1,052.00","31,560.00"
2020-02-06,2020020601012715,SMB,28,22,10,"1,052.00","10,520.00"
2020-02-06,2020020601012714,SMB,28,47,100,"1,051.00","105,100.00"
2020-02-06,2020020601012713,SMB,28,5,10,"1,046.00","10,460.00"
2020-02-06,2020020601012712,SMB,28,34,50,"1,045.00","52,250.00"
2020-02-06,2020020601012711,SMB,28,53,10,"1,040.00","10,400.00"
2020-02-06,2020020601012878,SMB,28,25,40,"1,065.00","42,600.00"
2020-02-06,2020020601012865,SMB,28,43,10,"1,086.00","10,860.00"
2020-02-06,2020020601012795,SMB,28,43,10,"1,065.00","10,650.00"
2020-02-06,2020020601012764,SMB,28,43,60,"1,045.00","62,700.00"
2020-02-06,2020020601012953,SPARS,19,42,10,832.00,"8,320.00"
2020-02-06,2020020601013084,SRBL,42,48,900,247.00,"222,300.00"
2020-02-06,2020020601012749,SRBL,38,48,100,247.00,"24,700.00"
2020-02-06,2020020601012801,STC,33,39,20,"2,472.00","49,440.00"
2020-02-06,2020020601012938,SWBBL,57,52,20,"1,130.00","22,600.00"
2020-02-06,2020020601012802,SWBBL,58,52,10,"1,130.00","11,300.00"
2020-02-06,2020020601012737,TMDBL,44,22,459,190.00,"87,210.00"
2020-02-06,2020020601012736,TMDBL,44,22,132,190.00,"25,080.00"
2020-02-06,2020020601012735,TMDBL,44,35,367,190.00,"69,730.00"
2020-02-06,2020020601012734,TMDBL,44,5,500,190.00,"95,000.00"
2020-02-06,2020020601012733,TMDBL,44,35,400,189.00,"75,600.00"
2020-02-06,2020020601012732,TMDBL,44,4,142,189.00,"26,838.00"
2020-02-06,2020020601012860,UIC,28,49,"1,101",425.00,"467,925.00"
2020-02-06,2020020601012792,UMHL,40,29,45,108.00,"4,860.00"
2020-02-06,2020020601012703,UNHPL,16,37,50,57.00,"2,850.00"
2020-02-06,2020020601012656,VLBS,17,36,44,"1,029.00","45,276.00"
2020-02-06,2020020601012744,VLBS,17,33,100,"1,035.00","103,500.00"
2020-02-06,2020020601012683,VLBS,17,39,50,"1,030.00","51,500.00"
2020-02-06,2020020601012682,VLBS,17,40,13,"1,030.00","13,390.00"
2020-02-06,2020020601012681,VLBS,17,52,20,"1,030.00","20,600.00"
2020-02-06,2020020601012745,VLBS,17,45,30,"1,035.00","31,050.00"
2020-02-06,2020020601012670,WOMI,34,40,10,998.00,"9,980.00"
2020-02-06,2020020601012361,ALBSL,32,21,10,718.00,"7,180.00"
2020-02-06,2020020601012291,ALBSL,32,5,110,718.00,"78,980.00"
2020-02-06,2020020601012617,ALICL,38,44,50,568.00,"28,400.00"
2020-02-06,2020020601012533,ALICL,45,44,100,568.00,"56,800.00"
2020-02-06,2020020601012519,ALICL,5,58,300,569.00,"170,700.00"
2020-02-06,2020020601012457,ALICL,57,45,59,568.00,"33,512.00"
2020-02-06,2020020601012167,BARUN,58,13,100,98.00,"9,800.00"
2020-02-06,2020020601012496,BFC,52,29,20,104.00,"2,080.00"
2020-02-06,2020020601012147,BFC,16,59,500,102.00,"51,000.00"
2020-02-06,2020020601012146,BFC,41,59,500,102.00,"51,000.00"
2020-02-06,2020020601012324,BOKL,22,26,57,235.00,"13,395.00"
2020-02-06,2020020601012323,BOKL,22,52,43,235.00,"10,105.00"
2020-02-06,2020020601012180,BPCL,41,33,100,332.00,"33,200.00"
2020-02-06,2020020601012269,CBBL,49,35,110,988.00,"108,680.00"
2020-02-06,2020020601012268,CBBL,33,35,250,988.00,"247,000.00"
2020-02-06,2020020601012499,CBL,14,58,"1,000",154.00,"154,000.00"
2020-02-06,2020020601012400,CBL,37,52,100,153.00,"15,300.00"
2020-02-06,2020020601012398,CBL,52,58,300,154.00,"46,200.00"
2020-02-06,2020020601012317,CBL,40,58,500,154.00,"77,000.00"
2020-02-06,2020020601012166,CBL,52,58,10,154.00,"1,540.00"
2020-02-06,2020020601012561,CCBL,49,52,200,188.00,"37,600.00"
2020-02-06,2020020601012420,CCBL,32,50,"1,071",188.00,"201,348.00"
2020-02-06,2020020601012419,CCBL,32,45,115,188.00,"21,620.00"
2020-02-06,2020020601012418,CCBL,32,39,730,188.00,"137,240.00"
2020-02-06,2020020601012417,CCBL,32,4,212,188.00,"39,856.00"
2020-02-06,2020020601012275,CCBL,4,4,278,188.00,"52,264.00"
2020-02-06,2020020601012151,CCBL,46,35,20,187.00,"3,740.00"
2020-02-06,2020020601012150,CCBL,6,35,719,187.00,"134,453.00"
2020-02-06,2020020601012228,CCBL,29,4,286,188.00,"53,768.00"
2020-02-06,2020020601012227,CCBL,29,57,14,188.00,"2,632.00"
2020-02-06,2020020601012154,CCBL,57,35,12,187.00,"2,244.00"
2020-02-06,2020020601012153,CCBL,41,35,100,187.00,"18,700.00"
2020-02-06,2020020601012152,CCBL,26,35,10,187.00,"1,870.00"
2020-02-06,2020020601012274,CCBL,4,4,390,188.00,"73,320.00"
2020-02-06,2020020601012273,CCBL,4,4,121,188.00,"22,748.00"
2020-02-06,2020020601012272,CCBL,4,4,"2,211",188.00,"415,668.00"
2020-02-06,2020020601012203,CFCL,4,8,100,151.00,"15,100.00"
2020-02-06,2020020601012172,CFCL,4,17,500,149.00,"74,500.00"
2020-02-06,2020020601012171,CFCL,4,22,100,149.00,"14,900.00"
2020-02-06,2020020601012170,CFCL,4,40,"1,000",149.00,"149,000.00"
2020-02-06,2020020601012534,CHCL,58,33,"2,850",437.00,"1,245,450.00"
2020-02-06,2020020601012431,CIT,52,38,15,"2,486.00","37,290.00"
2020-02-06,2020020601012430,CIT,52,35,35,"2,485.00","86,975.00"
2020-02-06,2020020601012357,CIT,26,57,10,"2,470.00","24,700.00"
2020-02-06,2020020601012356,CIT,56,57,50,"2,470.00","123,500.00"
2020-02-06,2020020601012355,CIT,43,57,40,"2,470.00","98,800.00"
2020-02-06,2020020601012198,CIT,55,38,50,"2,466.00","123,300.00"
2020-02-06,2020020601012197,CIT,22,38,50,"2,466.00","123,300.00"
2020-02-06,2020020601012473,CZBIL,5,6,100,198.00,"19,800.00"
2020-02-06,2020020601012155,EDBL,6,36,200,367.00,"73,400.00"
2020-02-06,2020020601012624,EIC,20,45,114,449.00,"51,186.00"
2020-02-06,2020020601012414,EIC,20,55,100,449.00,"44,900.00"
2020-02-06,2020020601012259,EIC,38,40,100,448.00,"44,800.00"
2020-02-06,2020020601012258,EIC,59,40,100,448.00,"44,800.00"
2020-02-06,2020020601012402,FMDBL,43,45,500,456.00,"228,000.00"
2020-02-06,2020020601012566,GBBL,28,47,500,243.00,"121,500.00"
2020-02-06,2020020601012293,GBBL,13,14,200,244.00,"48,800.00"
2020-02-06,2020020601012292,GBBL,13,4,"1,090",244.00,"265,960.00"
2020-02-06,2020020601012253,GBBL,28,42,379,243.00,"92,097.00"
2020-02-06,2020020601012252,GBBL,26,42,121,243.00,"29,403.00"
2020-02-06,2020020601012209,GBBL,4,4,100,244.00,"24,400.00"
2020-02-06,2020020601012633,GBIME,41,37,100,283.00,"28,300.00"
2020-02-06,2020020601012632,GBIME,21,37,200,283.00,"56,600.00"
2020-02-06,2020020601012631,GBIME,39,37,500,283.00,"141,500.00"
2020-02-06,2020020601012568,GBIME,43,19,10,284.00,"2,840.00"
2020-02-06,2020020601012556,GBIME,1,19,30,284.00,"8,520.00"
2020-02-06,2020020601012425,GBIME,45,19,255,284.00,"72,420.00"
2020-02-06,2020020601012424,GBIME,45,1,245,284.00,"69,580.00"
2020-02-06,2020020601012391,GBIME,39,40,80,283.00,"22,640.00"
2020-02-06,2020020601012593,GBLBS,40,35,15,477.00,"7,155.00"
2020-02-06,2020020601012488,GBLBS,40,33,100,477.00,"47,700.00"
2020-02-06,2020020601012390,GBLBS,40,5,200,477.00,"95,400.00"
2020-02-06,2020020601012380,GBLBS,40,34,81,477.00,"38,637.00"
2020-02-06,2020020601012303,GBLBS,35,44,400,478.00,"191,200.00"
2020-02-06,2020020601012271,GBLBS,39,1,400,476.00,"190,400.00"
2020-02-06,2020020601012270,GBLBS,45,1,100,476.00,"47,600.00"
2020-02-06,2020020601012165,GBLBS,35,44,200,478.00,"95,600.00"
2020-02-06,2020020601012164,GBLBS,35,38,200,478.00,"95,600.00"
2020-02-06,2020020601012251,GLBSL,58,41,10,691.00,"6,910.00"
2020-02-06,2020020601012629,GLICL,50,50,500,768.00,"384,000.00"
2020-02-06,2020020601012613,GLICL,48,50,55,768.00,"42,240.00"
2020-02-06,2020020601012563,GLICL,59,5,190,769.00,"146,110.00"
2020-02-06,2020020601012494,GLICL,22,5,310,769.00,"238,390.00"
2020-02-06,2020020601012493,GLICL,22,52,190,769.00,"146,110.00"
2020-02-06,2020020601012443,GLICL,17,52,100,769.00,"76,900.00"
2020-02-06,2020020601012156,GLICL,45,39,260,769.00,"199,940.00"
2020-02-06,2020020601012249,GLICL,25,52,10,769.00,"7,690.00"
2020-02-06,2020020601012248,GLICL,25,39,190,769.00,"146,110.00"
2020-02-06,2020020601012245,GLICL,49,48,92,766.00,"70,472.00"
2020-02-06,2020020601012244,GLICL,42,48,100,767.00,"76,700.00"
2020-02-06,2020020601012243,GLICL,7,48,100,767.00,"76,700.00"
2020-02-06,2020020601012242,GLICL,42,48,80,767.00,"61,360.00"
2020-02-06,2020020601012378,GLICL,17,52,50,769.00,"38,450.00"
2020-02-06,2020020601012362,GLICL,25,45,100,766.00,"76,600.00"
2020-02-06,2020020601012304,GLICL,39,52,150,769.00,"115,350.00"
2020-02-06,2020020601012267,GLICL,22,40,243,765.00,"185,895.00"
2020-02-06,2020020601012266,GLICL,34,40,50,766.00,"38,300.00"
2020-02-06,2020020601012265,GLICL,42,40,200,766.00,"153,200.00"
2020-02-06,2020020601012515,GMFBS,10,11,10,833.00,"8,330.00"
2020-02-06,2020020601012506,GMFBS,10,45,180,833.00,"149,940.00"
2020-02-06,2020020601012234,GMFBS,10,22,10,833.00,"8,330.00"
2020-02-06,2020020601012603,GMFIL,34,28,200,135.00,"27,000.00"
2020-02-06,2020020601012580,HDL,42,47,310,"1,219.00","377,890.00"
2020-02-06,2020020601012579,HDL,42,34,55,"1,218.00","66,990.00"
2020-02-06,2020020601012518,HDL,10,34,40,"1,218.00","48,720.00"
2020-02-06,2020020601012495,HDL,54,34,60,"1,218.00","73,080.00"
2020-02-06,2020020601012441,HDL,59,34,20,"1,218.00","24,360.00"
2020-02-06,2020020601012440,HDL,59,34,165,"1,218.00","200,970.00"
2020-02-06,2020020601012181,HDL,54,5,70,"1,218.00","85,260.00"
2020-02-06,2020020601012439,HDL,44,34,20,"1,218.00","24,360.00"
2020-02-06,2020020601012438,HDL,54,34,140,"1,218.00","170,520.00"
2020-02-06,2020020601012393,HDL,57,47,100,"1,219.00","121,900.00"
2020-02-06,2020020601012329,HDL,45,47,50,"1,219.00","60,950.00"
2020-02-06,2020020601012279,HDL,18,47,40,"1,219.00","48,760.00"
2020-02-06,2020020601012211,HDL,21,47,100,"1,219.00","121,900.00"
2020-02-06,2020020601012630,HGI,55,49,100,416.00,"41,600.00"
2020-02-06,2020020601012143,HGI,45,45,100,420.00,"42,000.00"
2020-02-06,2020020601012264,HPPL,52,36,120,154.00,"18,480.00"
2020-02-06,2020020601012263,HPPL,52,1,50,154.00,"7,700.00"
2020-02-06,2020020601012262,HPPL,52,34,106,153.00,"16,218.00"
2020-02-06,2020020601012261,HPPL,52,11,20,153.00,"3,060.00"
2020-02-06,2020020601012475,IGI,39,58,200,436.00,"87,200.00"
2020-02-06,2020020601012474,IGI,45,58,100,437.00,"43,700.00"
2020-02-06,2020020601012382,IGI,19,34,260,438.00,"113,880.00"
2020-02-06,2020020601012588,JBBL,34,25,300,191.00,"57,300.00"
2020-02-06,2020020601012587,JBBL,36,25,100,191.00,"19,100.00"
2020-02-06,2020020601012586,JBBL,45,25,"2,000",191.00,"382,000.00"
2020-02-06,2020020601012585,JBBL,57,25,100,191.00,"19,100.00"
2020-02-06,2020020601012584,JBBL,29,25,300,191.00,"57,300.00"
2020-02-06,2020020601012583,JBBL,7,25,55,191.00,"10,505.00"
2020-02-06,2020020601012468,JBBL,58,25,"1,000",192.00,"192,000.00"
2020-02-06,2020020601012467,JBBL,47,25,500,192.00,"96,000.00"
2020-02-06,2020020601012466,JBBL,56,25,76,192.00,"14,592.00"
2020-02-06,2020020601012465,JBBL,52,25,300,193.00,"57,900.00"
2020-02-06,2020020601012464,JBBL,34,25,215,193.00,"41,495.00"
2020-02-06,2020020601012582,JBBL,59,25,21,191.00,"4,011.00"
2020-02-06,2020020601012581,JBBL,42,25,"1,500",192.00,"288,000.00"
2020-02-06,2020020601012472,JBBL,59,25,979,191.00,"186,989.00"
2020-02-06,2020020601012471,JBBL,42,25,"3,300",191.00,"630,300.00"
2020-02-06,2020020601012470,JBBL,14,25,100,192.00,"19,200.00"
2020-02-06,2020020601012469,JBBL,19,25,850,192.00,"163,200.00"
2020-02-06,2020020601012162,JFL,42,32,500,181.00,"90,500.00"
2020-02-06,2020020601012161,JFL,22,32,10,181.00,"1,810.00"
2020-02-06,2020020601012160,JFL,42,32,200,181.00,"36,200.00"
2020-02-06,2020020601012235,JSLBB,37,34,40,"1,598.00","63,920.00"
2020-02-06,2020020601012238,JSLBB,37,49,46,"1,600.00","73,600.00"
2020-02-06,2020020601012237,JSLBB,37,25,34,"1,599.00","54,366.00"
2020-02-06,2020020601012236,JSLBB,37,38,80,"1,599.00","127,920.00"
2020-02-06,2020020601012144,KADBL,4,49,459,275.00,"126,225.00"
2020-02-06,2020020601012480,KBL,13,4,271,197.00,"53,387.00"
2020-02-06,2020020601012479,KBL,45,4,200,197.00,"39,400.00"
2020-02-06,2020020601012478,KBL,37,4,500,197.00,"98,500.00"
2020-02-06,2020020601012477,KBL,40,4,29,197.00,"5,713.00"
2020-02-06,2020020601012476,KBL,33,4,100,198.00,"19,800.00"
2020-02-06,2020020601012256,KBL,33,28,"1,900",198.00,"376,200.00"
2020-02-06,2020020601012255,KBL,10,28,100,198.00,"19,800.00"
2020-02-06,2020020601012612,KPCL,55,29,10,90.00,900.00
2020-02-06,2020020601012179,KRBL,55,52,135,117.00,"15,795.00"
2020-02-06,2020020601012178,KRBL,55,39,265,117.00,"31,005.00"
2020-02-06,2020020601012177,KRBL,55,6,100,117.00,"11,700.00"
2020-02-06,2020020601012555,KSBBL,32,19,219,161.00,"35,259.00"
2020-02-06,2020020601012554,KSBBL,25,19,200,161.00,"32,200.00"
2020-02-06,2020020601012553,KSBBL,40,19,81,161.00,"13,041.00"
2020-02-06,2020020601012532,KSBBL,40,45,19,161.00,"3,059.00"
2020-02-06,2020020601012531,KSBBL,45,45,58,161.00,"9,338.00"
2020-02-06,2020020601012401,KSBBL,45,52,763,161.00,"122,843.00"
2020-02-06,2020020601012429,LBBL,14,17,498,197.00,"98,106.00"
2020-02-06,2020020601012428,LBBL,14,6,24,197.00,"4,728.00"
2020-02-06,2020020601012427,LBBL,14,7,18,197.00,"3,546.00"
2020-02-06,2020020601012426,LBBL,14,44,460,197.00,"90,620.00"
2020-02-06,2020020601012315,LBL,26,34,285,225.00,"64,125.00"
2020-02-06,2020020601012569,LGIL,58,46,18,492.00,"8,856.00"
2020-02-06,2020020601012530,LGIL,58,45,250,492.00,"123,000.00"
2020-02-06,2020020601012300,LGIL,17,45,16,495.00,"7,920.00"
2020-02-06,2020020601012299,LGIL,17,44,200,495.00,"99,000.00"
2020-02-06,2020020601012298,LGIL,17,50,200,495.00,"99,000.00"
2020-02-06,2020020601012297,LGIL,17,44,84,495.00,"41,580.00"
2020-02-06,2020020601012623,LICN,40,28,500,"1,222.00","611,000.00"
2020-02-06,2020020601012622,LICN,38,28,50,"1,222.00","61,100.00"
2020-02-06,2020020601012621,LICN,50,28,"1,000","1,223.00","1,223,000.00"
2020-02-06,2020020601012620,LICN,14,28,50,"1,223.00","61,150.00"
2020-02-06,2020020601012619,LICN,57,28,50,"1,224.00","61,200.00"
2020-02-06,2020020601012618,LICN,19,28,50,"1,226.00","61,300.00"
2020-02-06,2020020601012484,LLBS,17,8,30,"1,029.00","30,870.00"
2020-02-06,2020020601012483,LLBS,39,8,10,"1,029.00","10,290.00"
2020-02-06,2020020601012482,LLBS,42,8,10,"1,030.00","10,300.00"
2020-02-06,2020020601012481,LLBS,33,8,50,"1,030.00","51,500.00"
2020-02-06,2020020601012627,MBL,41,49,175,235.00,"41,125.00"
2020-02-06,2020020601012364,MBL,22,49,100,235.00,"23,500.00"
2020-02-06,2020020601012142,MDB,11,4,100,341.00,"34,100.00"
2020-02-06,2020020601012634,MEGA,33,49,100,206.00,"20,600.00"
2020-02-06,2020020601012407,MEGA,33,34,119,206.00,"24,514.00"
2020-02-06,2020020601012406,MEGA,40,34,500,206.00,"103,000.00"
2020-02-06,2020020601012405,MEGA,34,34,133,206.00,"27,398.00"
2020-02-06,2020020601012397,MEGA,34,37,200,206.00,"41,200.00"
2020-02-06,2020020601012305,MEGA,34,51,"1,000",206.00,"206,000.00"
2020-02-06,2020020601012277,MEGA,34,14,167,206.00,"34,402.00"
2020-02-06,2020020601012276,MEGA,38,14,33,206.00,"6,798.00"
2020-02-06,2020020601012200,MEGA,29,58,403,207.00,"83,421.00"
2020-02-06,2020020601012199,MEGA,29,26,593,207.00,"122,751.00"
2020-02-06,2020020601012257,MERO,55,22,55,654.00,"35,970.00"
2020-02-06,2020020601012601,MFIL,58,33,300,195.00,"58,500.00"
2020-02-06,2020020601012403,MFIL,47,44,16,194.00,"3,104.00"
2020-02-06,2020020601012217,MLBBL,21,28,20,777.00,"15,540.00"
2020-02-06,2020020601012216,MLBBL,42,28,20,777.00,"15,540.00"
2020-02-06,2020020601012215,MLBBL,5,28,200,778.00,"155,600.00"
2020-02-06,2020020601012214,MLBBL,47,28,50,780.00,"39,000.00"
2020-02-06,2020020601012213,MLBBL,45,28,10,780.00,"7,800.00"
2020-02-06,2020020601012578,MLBL,58,59,353,214.00,"75,542.00"
2020-02-06,2020020601012577,MLBL,58,48,147,214.00,"31,458.00"
2020-02-06,2020020601012365,MLBL,21,52,71,213.00,"15,123.00"
2020-02-06,2020020601012346,MNBBL,14,45,300,321.00,"96,300.00"
2020-02-06,2020020601012345,MNBBL,25,45,100,321.00,"32,100.00"
2020-02-06,2020020601012193,MNBBL,50,45,500,322.00,"161,000.00"
2020-02-06,2020020601012192,MNBBL,6,45,25,322.00,"8,050.00"
2020-02-06,2020020601012191,MNBBL,38,45,59,322.00,"18,998.00"
2020-02-06,2020020601012344,MNBBL,44,45,100,321.00,"32,100.00"
2020-02-06,2020020601012343,MNBBL,44,45,100,321.00,"32,100.00"
2020-02-06,2020020601012342,MNBBL,22,45,500,321.00,"160,500.00"
2020-02-06,2020020601012341,MNBBL,26,45,200,321.00,"64,200.00"
2020-02-06,2020020601012195,MNBBL,32,45,80,322.00,"25,760.00"
2020-02-06,2020020601012194,MNBBL,28,45,22,322.00,"7,084.00"
2020-02-06,2020020601012574,NABIL,16,54,100,730.00,"73,000.00"
2020-02-06,2020020601012383,NABIL,6,4,450,729.00,"328,050.00"
2020-02-06,2020020601012290,NABIL,38,11,12,728.00,"8,736.00"
2020-02-06,2020020601012254,NABIL,57,11,100,728.00,"72,800.00"
2020-02-06,2020020601012573,NBL,46,4,538,270.00,"145,260.00"
2020-02-06,2020020601012572,NBL,39,4,462,270.00,"124,740.00"
2020-02-06,2020020601012564,NBL,39,53,38,270.00,"10,260.00"
2020-02-06,2020020601012460,NBL,1,54,"1,125",271.00,"304,875.00"
2020-02-06,2020020601012459,NBL,1,41,300,271.00,"81,300.00"
2020-02-06,2020020601012458,NBL,1,16,100,271.00,"27,100.00"
2020-02-06,2020020601012410,NBL,1,43,"1,000",270.00,"270,000.00"
2020-02-06,2020020601012394,NBL,1,16,520,270.00,"140,400.00"
2020-02-06,2020020601012246,NBL,1,49,100,270.00,"27,000.00"
2020-02-06,2020020601012596,NCCB,47,45,158,195.00,"30,810.00"
2020-02-06,2020020601012505,NCCB,47,55,242,195.00,"47,190.00"
2020-02-06,2020020601012504,NCCB,34,55,100,195.00,"19,500.00"
2020-02-06,2020020601012503,NCCB,52,55,108,195.00,"21,060.00"
2020-02-06,2020020601012502,NCCB,43,55,50,195.00,"9,750.00"
2020-02-06,2020020601012422,NCCB,5,34,100,196.00,"19,600.00"
2020-02-06,2020020601012363,NCCB,38,34,100,196.00,"19,600.00"
2020-02-06,2020020601012611,NIBPO,37,4,500,353.00,"176,500.00"
2020-02-06,2020020601012610,NIBPO,37,4,500,353.00,"176,500.00"
2020-02-06,2020020601012148,NIBPO,13,4,500,353.00,"176,500.00"
2020-02-06,2020020601012416,NIBPO,46,4,50,351.00,"17,550.00"
2020-02-06,2020020601012513,NIBPO,59,4,110,351.00,"38,610.00"
2020-02-06,2020020601012592,NICA,38,10,153,481.00,"73,593.00"
2020-02-06,2020020601012591,NICA,48,10,200,481.00,"96,200.00"
2020-02-06,2020020601012590,NICA,8,10,500,481.00,"240,500.00"
2020-02-06,2020020601012589,NICA,40,10,147,481.00,"70,707.00"
2020-02-06,2020020601012436,NICA,10,56,300,482.00,"144,600.00"
2020-02-06,2020020601012616,NICL,44,16,500,442.00,"221,000.00"
2020-02-06,2020020601012571,NICL,52,1,500,442.00,"221,000.00"
2020-02-06,2020020601012377,NICL,33,13,500,442.00,"221,000.00"
2020-02-06,2020020601012376,NICL,33,16,"1,000",442.00,"442,000.00"
2020-02-06,2020020601012375,NICL,33,42,50,441.00,"22,050.00"
2020-02-06,2020020601012374,NICL,33,28,500,441.00,"220,500.00"
2020-02-06,2020020601012334,NICL,22,38,800,440.00,"352,000.00"
2020-02-06,2020020601012333,NICL,52,38,800,440.00,"352,000.00"
2020-02-06,2020020601012159,NICL,52,40,200,440.00,"88,000.00"
2020-02-06,2020020601012409,NIL,59,29,500,556.00,"278,000.00"
2020-02-06,2020020601012408,NIL,59,35,158,556.00,"87,848.00"
2020-02-06,2020020601012369,NIL,28,35,50,556.00,"27,800.00"
2020-02-06,2020020601012284,NIL,40,35,"1,000",556.00,"556,000.00"
2020-02-06,2020020601012283,NIL,16,35,500,556.00,"278,000.00"
2020-02-06,2020020601012232,NIL,58,55,25,558.00,"13,950.00"
2020-02-06,2020020601012231,NIL,58,56,58,558.00,"32,364.00"
2020-02-06,2020020601012230,NIL,58,50,17,558.00,"9,486.00"
2020-02-06,2020020601012354,NLG,32,47,200,869.00,"173,800.00"
2020-02-06,2020020601012628,NLIC,34,8,30,"1,121.00","33,630.00"
2020-02-06,2020020601012626,NLIC,45,35,179,"1,120.00","200,480.00"
2020-02-06,2020020601012625,NLIC,25,35,24,"1,120.00","26,880.00"
2020-02-06,2020020601012615,NLIC,8,8,100,"1,121.00","112,100.00"
2020-02-06,2020020601012541,NLIC,58,8,100,"1,121.00","112,100.00"
2020-02-06,2020020601012540,NLIC,48,8,40,"1,121.00","44,840.00"
2020-02-06,2020020601012201,NLIC,34,38,140,"1,121.00","156,940.00"
2020-02-06,2020020601012187,NLIC,45,38,200,"1,121.00","224,200.00"
2020-02-06,2020020601012158,NLIC,25,11,21,"1,120.00","23,520.00"
2020-02-06,2020020601012507,NLIC,32,28,100,"1,122.00","112,200.00"
2020-02-06,2020020601012373,NLIC,48,45,50,"1,121.00","56,050.00"
2020-02-06,2020020601012372,NLIC,48,38,10,"1,121.00","11,210.00"
2020-02-06,2020020601012352,NLIC,34,38,50,"1,121.00","56,050.00"
2020-02-06,2020020601012336,NLIC,1,38,100,"1,121.00","112,100.00"
2020-02-06,2020020601012281,NLIC,40,38,500,"1,121.00","560,500.00"
2020-02-06,2020020601012523,NLICL,44,37,61,656.00,"40,016.00"
2020-02-06,2020020601012498,NLICL,44,42,139,656.00,"91,184.00"
2020-02-06,2020020601012487,NLICL,22,36,200,655.00,"131,000.00"
2020-02-06,2020020601012486,NLICL,50,36,50,655.00,"32,750.00"
2020-02-06,2020020601012366,NLICL,50,33,200,655.00,"131,000.00"
2020-02-06,2020020601012282,NLICL,50,45,50,655.00,"32,750.00"
2020-02-06,2020020601012186,NMB,43,11,319,366.00,"116,754.00"
2020-02-06,2020020601012185,NMB,42,11,66,366.00,"24,156.00"
2020-02-06,2020020601012604,NTC,45,35,30,621.00,"18,630.00"
2020-02-06,2020020601012308,NUBL,54,28,56,961.00,"53,816.00"
2020-02-06,2020020601012233,NUBL,19,52,10,964.00,"9,640.00"
2020-02-06,2020020601012442,OHL,38,49,100,514.00,"51,400.00"
2020-02-06,2020020601012149,PCBL,34,42,84,278.00,"23,352.00"
2020-02-06,2020020601012145,PCBL,52,42,10,278.00,"2,780.00"
2020-02-06,2020020601012204,PFL,41,36,839,159.00,"133,401.00"
2020-02-06,2020020601012547,PIC,40,19,100,557.00,"55,700.00"
2020-02-06,2020020601012546,PIC,35,19,50,557.00,"27,850.00"
2020-02-06,2020020601012545,PIC,8,19,200,557.00,"111,400.00"
2020-02-06,2020020601012544,PIC,25,19,200,558.00,"111,600.00"
2020-02-06,2020020601012543,PIC,42,19,100,558.00,"55,800.00"
2020-02-06,2020020601012542,PIC,40,19,40,559.00,"22,360.00"
2020-02-06,2020020601012522,PIC,6,4,100,560.00,"56,000.00"
2020-02-06,2020020601012521,PIC,42,4,150,560.00,"84,000.00"
2020-02-06,2020020601012520,PIC,38,4,100,561.00,"56,100.00"
2020-02-06,2020020601012395,PIC,36,45,50,561.00,"28,050.00"
2020-02-06,2020020601012528,PICL,38,32,16,728.00,"11,648.00"
2020-02-06,2020020601012463,PICL,57,32,300,728.00,"218,400.00"
2020-02-06,2020020601012462,PICL,16,32,200,728.00,"145,600.00"
2020-02-06,2020020601012437,PICL,46,14,41,728.00,"29,848.00"
2020-02-06,2020020601012184,PICL,46,43,39,728.00,"28,392.00"
2020-02-06,2020020601012183,PICL,51,43,51,728.00,"37,128.00"
2020-02-06,2020020601012182,PICL,16,43,10,729.00,"7,290.00"
2020-02-06,2020020601012138,PICL,45,10,387,730.00,"282,510.00"
2020-02-06,2020020601012349,PLIC,5,35,73,572.00,"41,756.00"
2020-02-06,2020020601012348,PLIC,5,35,52,572.00,"29,744.00"
2020-02-06,2020020601012347,PLIC,59,35,100,573.00,"57,300.00"
2020-02-06,2020020601012335,PLIC,59,22,200,573.00,"114,600.00"
2020-02-06,2020020601012322,PLIC,25,22,200,573.00,"114,600.00"
2020-02-06,2020020601012188,PLIC,6,22,100,573.00,"57,300.00"
2020-02-06,2020020601012168,PLIC,5,22,101,574.00,"57,974.00"
2020-02-06,2020020601012370,PMHPL,32,29,10,87.00,870.00
2020-02-06,2020020601012421,PPCL,21,37,40,124.00,"4,960.00"
2020-02-06,2020020601012163,PPCL,21,45,20,124.00,"2,480.00"
2020-02-06,2020020601012514,PRIN,38,58,135,440.00,"59,400.00"
2020-02-06,2020020601012490,PRIN,40,59,310,441.00,"136,710.00"
2020-02-06,2020020601012433,PRIN,40,35,190,441.00,"83,790.00"
2020-02-06,2020020601012432,PRIN,28,35,210,441.00,"92,610.00"
2020-02-06,2020020601012423,PRIN,57,45,50,442.00,"22,100.00"
2020-02-06,2020020601012328,PRIN,45,10,100,444.00,"44,400.00"
2020-02-06,2020020601012609,PRVU,51,46,177,246.00,"43,542.00"
2020-02-06,2020020601012608,PRVU,14,46,28,246.00,"6,888.00"
2020-02-06,2020020601012607,PRVU,51,46,200,246.00,"49,200.00"
2020-02-06,2020020601012606,PRVU,56,46,"1,000",246.00,"246,000.00"
2020-02-06,2020020601012605,PRVU,26,46,214,246.00,"52,644.00"
2020-02-06,2020020601012492,PRVU,26,22,286,246.00,"70,356.00"
2020-02-06,2020020601012173,PRVU,19,1,90,247.00,"22,230.00"
2020-02-06,2020020601012212,PRVU,54,50,360,246.00,"88,560.00"
2020-02-06,2020020601012210,PRVU,42,46,500,247.00,"123,500.00"
2020-02-06,2020020601012202,PRVU,54,49,78,246.00,"19,188.00"
2020-02-06,2020020601012176,PRVU,19,46,160,247.00,"39,520.00"
2020-02-06,2020020601012175,PRVU,19,17,200,247.00,"49,400.00"
2020-02-06,2020020601012174,PRVU,19,59,550,247.00,"135,850.00"
2020-02-06,2020020601012451,PRVU,58,48,50,246.00,"12,300.00"
2020-02-06,2020020601012450,PRVU,45,48,50,246.00,"12,300.00"
2020-02-06,2020020601012449,PRVU,54,48,"1,087",246.00,"267,402.00"
2020-02-06,2020020601012358,PRVU,22,46,500,247.00,"123,500.00"
2020-02-06,2020020601012309,PRVU,54,36,248,246.00,"61,008.00"
2020-02-06,2020020601012491,PRVU,44,22,214,246.00,"52,644.00"
2020-02-06,2020020601012456,PRVU,44,48,86,246.00,"21,156.00"
2020-02-06,2020020601012455,PRVU,49,48,50,246.00,"12,300.00"
2020-02-06,2020020601012454,PRVU,3,48,100,246.00,"24,600.00"
2020-02-06,2020020601012453,PRVU,58,48,"1,000",246.00,"246,000.00"
2020-02-06,2020020601012452,PRVU,57,48,10,246.00,"2,460.00"
2020-02-06,2020020601012208,RBCL,34,8,10,"8,931.00","89,310.00"
2020-02-06,2020020601012207,RBCL,6,8,70,"8,932.00","625,240.00"
2020-02-06,2020020601012250,RBCLPO,3,37,12,"8,360.00","100,320.00"
2020-02-06,2020020601012353,RMDC,53,45,50,665.00,"33,250.00"
2020-02-06,2020020601012371,RSDC,22,44,120,469.00,"56,280.00"
2020-02-06,2020020601012327,RSDC,33,44,30,469.00,"14,070.00"
2020-02-06,2020020601012326,RSDC,38,44,50,469.00,"23,450.00"
2020-02-06,2020020601012552,SABSL,46,11,10,876.00,"8,760.00"
2020-02-06,2020020601012538,SANIMA,41,40,676,346.00,"233,896.00"
2020-02-06,2020020601012537,SANIMA,53,40,10,346.00,"3,460.00"
2020-02-06,2020020601012536,SANIMA,6,40,114,347.00,"39,558.00"
2020-02-06,2020020601012526,SANIMA,6,4,550,347.00,"190,850.00"
2020-02-06,2020020601012314,SANIMA,6,49,100,346.00,"34,600.00"
2020-02-06,2020020601012339,SBI,45,16,130,414.00,"53,820.00"
2020-02-06,2020020601012338,SBI,42,16,30,414.00,"12,420.00"
2020-02-06,2020020601012337,SBI,40,16,30,414.00,"12,420.00"
2020-02-06,2020020601012205,SBI,40,11,54,414.00,"22,356.00"
2020-02-06,2020020601012351,SBL,7,29,107,314.00,"33,598.00"
2020-02-06,2020020601012350,SBL,4,29,23,314.00,"7,222.00"
2020-02-06,2020020601012289,SBL,4,59,239,314.00,"75,046.00"
2020-02-06,2020020601012635,SCB,35,14,20,613.00,"12,260.00"
2020-02-06,2020020601012396,SCB,1,42,200,612.00,"122,400.00"
2020-02-06,2020020601012360,SCB,52,14,25,613.00,"15,325.00"
2020-02-06,2020020601012296,SCB,1,16,488,612.00,"298,656.00"
2020-02-06,2020020601012295,SCB,40,16,500,612.00,"306,000.00"
2020-02-06,2020020601012294,SCB,52,16,12,612.00,"7,344.00"
2020-02-06,2020020601012570,SDESI,40,16,100,841.00,"84,100.00"
2020-02-06,2020020601012529,SDESI,40,39,100,842.00,"84,200.00"
2020-02-06,2020020601012444,SDESI,40,39,100,841.00,"84,100.00"
2020-02-06,2020020601012224,SDESI,40,22,20,841.00,"16,820.00"
2020-02-06,2020020601012223,SDESI,42,22,20,842.00,"16,840.00"
2020-02-06,2020020601012222,SDESI,45,22,200,842.00,"168,400.00"
2020-02-06,2020020601012221,SDESI,46,22,10,842.00,"8,420.00"
2020-02-06,2020020601012220,SDESI,45,22,100,842.00,"84,200.00"
2020-02-06,2020020601012219,SDESI,6,22,100,843.00,"84,300.00"
2020-02-06,2020020601012218,SDESI,45,22,50,844.00,"42,200.00"
2020-02-06,2020020601012140,SHINE,36,55,200,279.00,"55,800.00"
2020-02-06,2020020601012139,SHINE,52,55,41,279.00,"11,439.00"
2020-02-06,2020020601012415,SHINE,43,34,500,279.00,"139,500.00"
2020-02-06,2020020601012325,SHINE,16,38,500,279.00,"139,500.00"
2020-02-06,2020020601012316,SHINE,56,56,50,278.00,"13,900.00"
2020-02-06,2020020601012280,SHINE,35,55,112,279.00,"31,248.00"
2020-02-06,2020020601012448,SHINE,56,34,500,278.00,"139,000.00"
2020-02-06,2020020601012567,SHIVM,42,4,500,510.00,"255,000.00"
2020-02-06,2020020601012551,SHIVM,42,4,280,510.00,"142,800.00"
2020-02-06,2020020601012550,SHIVM,42,4,20,511.00,"10,220.00"
2020-02-06,2020020601012549,SHIVM,45,4,100,511.00,"51,100.00"
2020-02-06,2020020601012548,SHIVM,58,4,100,511.00,"51,100.00"
2020-02-06,2020020601012307,SHIVM,25,38,100,513.00,"51,300.00"
2020-02-06,2020020601012306,SHIVM,7,38,100,513.00,"51,300.00"
2020-02-06,2020020601012379,SHL,45,16,100,201.00,"20,100.00"
2020-02-06,2020020601012332,SHL,39,39,200,200.00,"40,000.00"
2020-02-06,2020020601012331,SHL,54,39,200,200.00,"40,000.00"
2020-02-06,2020020601012330,SHL,11,39,100,200.00,"20,000.00"
2020-02-06,2020020601012189,SHL,16,16,500,200.00,"100,000.00"
2020-02-06,2020020601012511,SIC,18,19,100,740.00,"74,000.00"
2020-02-06,2020020601012510,SIC,44,19,100,740.00,"74,000.00"
2020-02-06,2020020601012509,SIC,42,19,100,740.00,"74,000.00"
2020-02-06,2020020601012508,SIC,42,19,100,741.00,"74,100.00"
2020-02-06,2020020601012381,SICL,59,45,100,"1,142.00","114,200.00"
2020-02-06,2020020601012288,SIFC,26,1,17,167.00,"2,839.00"
2020-02-06,2020020601012595,SIL,33,48,50,581.00,"29,050.00"
2020-02-06,2020020601012594,SIL,59,48,50,582.00,"29,100.00"
2020-02-06,2020020601012565,SIL,5,34,150,584.00,"87,600.00"
2020-02-06,2020020601012562,SIL,7,34,10,584.00,"5,840.00"
2020-02-06,2020020601012489,SIL,5,34,50,584.00,"29,200.00"
2020-02-06,2020020601012445,SIL,5,34,200,584.00,"116,800.00"
2020-02-06,2020020601012384,SIL,7,25,200,581.00,"116,200.00"
2020-02-06,2020020601012226,SIL,7,1,100,581.00,"58,100.00"
2020-02-06,2020020601012225,SIL,34,1,200,581.00,"116,200.00"
2020-02-06,2020020601012392,SIL,33,25,10,580.00,"5,800.00"
2020-02-06,2020020601012389,SIL,38,25,60,580.00,"34,800.00"
2020-02-06,2020020601012388,SIL,46,25,500,580.00,"290,000.00"
2020-02-06,2020020601012387,SIL,44,25,50,580.00,"29,000.00"
2020-02-06,2020020601012386,SIL,25,25,100,580.00,"58,000.00"
2020-02-06,2020020601012385,SIL,32,25,80,580.00,"46,400.00"
2020-02-06,2020020601012399,SINDU,43,34,400,136.00,"54,400.00"
2020-02-06,2020020601012435,SLBBL,34,6,585,840.00,"491,400.00"
2020-02-06,2020020601012321,SLBBL,22,6,300,840.00,"252,000.00"
2020-02-06,2020020601012320,SLBBL,41,6,100,840.00,"84,000.00"
2020-02-06,2020020601012319,SLBBL,34,6,15,845.00,"12,675.00"
2020-02-06,2020020601012247,SLBBL,34,6,290,846.00,"245,340.00"
2020-02-06,2020020601012241,SLBSL,22,53,58,821.00,"47,618.00"
2020-02-06,2020020601012240,SLBSL,57,53,200,822.00,"164,400.00"
2020-02-06,2020020601012239,SLBSL,48,53,40,822.00,"32,880.00"
2020-02-06,2020020601012229,SLBSL,26,44,60,825.00,"49,500.00"
2020-02-06,2020020601012206,SLBSL,43,44,40,825.00,"33,000.00"
2020-02-06,2020020601012614,SLICL,44,28,12,465.00,"5,580.00"
2020-02-06,2020020601012600,SLICL,14,28,19,465.00,"8,835.00"
2020-02-06,2020020601012599,SLICL,14,38,200,465.00,"93,000.00"
2020-02-06,2020020601012598,SLICL,14,56,241,465.00,"112,065.00"
2020-02-06,2020020601012196,SLICL,59,52,400,463.00,"185,200.00"
2020-02-06,2020020601012190,SLICL,44,22,12,464.00,"5,568.00"
2020-02-06,2020020601012141,SLICL,44,22,12,464.00,"5,568.00"
2020-02-06,2020020601012368,SLICL,17,14,200,464.00,"92,800.00"
2020-02-06,2020020601012367,SLICL,17,22,"1,340",464.00,"621,760.00"
2020-02-06,2020020601012359,SLICL,44,22,12,464.00,"5,568.00"
2020-02-06,2020020601012340,SLICL,44,22,12,464.00,"5,568.00"
2020-02-06,2020020601012318,SLICL,44,22,12,464.00,"5,568.00"
2020-02-06,2020020601012287,SLICL,19,22,300,464.00,"139,200.00"
2020-02-06,2020020601012485,SLICL,39,45,100,464.00,"46,400.00"
2020-02-06,2020020601012461,SLICL,44,56,12,465.00,"5,580.00"
2020-02-06,2020020601012434,SLICL,44,56,12,465.00,"5,580.00"
2020-02-06,2020020601012411,SLICL,39,34,46,464.00,"21,344.00"
2020-02-06,2020020601012404,SLICL,44,56,12,465.00,"5,580.00"
2020-02-06,2020020601012597,SLICL,14,35,40,464.00,"18,560.00"
2020-02-06,2020020601012539,SLICL,44,56,12,465.00,"5,580.00"
2020-02-06,2020020601012527,SLICL,39,44,324,464.00,"150,336.00"
2020-02-06,2020020601012512,SLICL,39,7,30,464.00,"13,920.00"
2020-02-06,2020020601012497,SLICL,44,56,12,465.00,"5,580.00"
2020-02-06,2020020601012637,SMB,28,20,100,"1,020.00","102,000.00"
2020-02-06,2020020601012636,SMB,28,50,10,"1,020.00","10,200.00"
2020-02-06,2020020601012602,SMB,28,34,100,"1,017.00","101,700.00"
2020-02-06,2020020601012560,SMB,28,25,20,"1,012.00","20,240.00"
2020-02-06,2020020601012559,SMB,28,10,10,"1,003.00","10,030.00"
2020-02-06,2020020601012558,SMB,28,42,10,999.00,"9,990.00"
2020-02-06,2020020601012311,SMB,43,17,15,994.00,"14,910.00"
2020-02-06,2020020601012310,SMB,28,17,105,994.00,"104,370.00"
2020-02-06,2020020601012557,SMB,28,48,10,999.00,"9,990.00"
2020-02-06,2020020601012517,SMB,43,7,69,998.00,"68,862.00"
2020-02-06,2020020601012516,SMB,43,18,160,998.00,"159,680.00"
2020-02-06,2020020601012501,SMB,28,18,40,998.00,"39,920.00"
2020-02-06,2020020601012500,SMB,28,28,10,995.00,"9,950.00"
2020-02-06,2020020601012313,SMFBS,22,5,40,"1,005.00","40,200.00"
2020-02-06,2020020601012312,SMFBS,41,5,20,"1,006.00","20,120.00"
2020-02-06,2020020601012286,SMFBS,22,25,10,"1,005.00","10,050.00"
2020-02-06,2020020601012285,SMFBS,26,25,30,"1,005.00","30,150.00"
2020-02-06,2020020601012576,SWBBL,44,22,50,"1,124.00","56,200.00"
2020-02-06,2020020601012575,SWBBL,50,22,250,"1,125.00","281,250.00"
2020-02-06,2020020601012525,SWBBL,11,52,10,"1,130.00","11,300.00"
2020-02-06,2020020601012524,SWBBL,44,52,80,"1,130.00","90,400.00"
2020-02-06,2020020601012157,SWBBL,44,22,500,"1,130.00","565,000.00"
2020-02-06,2020020601012302,TMDBL,47,4,38,189.00,"7,182.00"
2020-02-06,2020020601012301,TMDBL,47,48,62,189.00,"11,718.00"
2020-02-06,2020020601012535,UIC,28,49,"1,000",425.00,"425,000.00"
2020-02-06,2020020601012447,UIC,42,49,500,425.00,"212,500.00"
2020-02-06,2020020601012446,UIC,28,49,55,426.00,"23,430.00"
2020-02-06,2020020601012169,UNHPL,16,44,50,57.00,"2,850.00"
2020-02-06,2020020601012413,UPPER,13,33,300,242.00,"72,600.00"
2020-02-06,2020020601012412,UPPER,52,33,200,242.00,"48,400.00"
2020-02-06,2020020601012278,UPPER,42,45,80,243.00,"19,440.00"
2020-02-06,2020020601012260,VLBS,16,42,11,"1,028.00","11,308.00"
2020-02-06,2020020601011781,AKPL,38,45,10,123.00,"1,230.00"
2020-02-06,2020020601011740,AKPL,45,40,"1,000",124.00,"124,000.00"
2020-02-06,2020020601011739,AKPL,49,40,500,124.00,"62,000.00"
2020-02-06,2020020601011738,AKPL,26,40,"1,000",124.00,"124,000.00"
2020-02-06,2020020601011737,AKPL,13,40,"5,500",124.00,"682,000.00"
2020-02-06,2020020601011647,AKPL,29,40,100,125.00,"12,500.00"
2020-02-06,2020020601011896,ALBSL,45,59,50,722.00,"36,100.00"
2020-02-06,2020020601012105,ALICL,57,21,100,568.00,"56,800.00"
2020-02-06,2020020601012069,ALICL,57,58,100,569.00,"56,900.00"
2020-02-06,2020020601011932,ALICL,8,22,92,569.00,"52,348.00"
2020-02-06,2020020601011931,ALICL,8,48,200,569.00,"113,800.00"
2020-02-06,2020020601011930,ALICL,8,21,500,568.00,"284,000.00"
2020-02-06,2020020601011826,ALICL,57,41,38,568.00,"21,584.00"
2020-02-06,2020020601011674,ALICL,57,44,200,567.00,"113,400.00"
2020-02-06,2020020601011825,ALICL,57,16,200,568.00,"113,600.00"
2020-02-06,2020020601011760,ALICL,43,41,112,568.00,"63,616.00"
2020-02-06,2020020601011759,ALICL,43,16,42,568.00,"23,856.00"
2020-02-06,2020020601011732,ALICL,57,44,180,567.00,"102,060.00"
2020-02-06,2020020601011722,ALICL,46,44,220,567.00,"124,740.00"
2020-02-06,2020020601011718,ALICL,33,44,400,567.00,"226,800.00"
2020-02-06,2020020601011943,BFC,42,29,10,104.00,"1,040.00"
2020-02-06,2020020601011748,BFC,57,59,30,102.00,"3,060.00"
2020-02-06,2020020601011747,BFC,51,59,"2,000",102.00,"204,000.00"
2020-02-06,2020020601011746,BFC,40,59,"2,500",102.00,"255,000.00"
2020-02-06,2020020601011745,BFC,34,59,500,102.00,"51,000.00"
2020-02-06,2020020601011855,BOKL,56,11,50,233.00,"11,650.00"
2020-02-06,2020020601011854,BOKL,56,11,302,233.00,"70,366.00"
2020-02-06,2020020601012068,BPCL,36,48,30,330.00,"9,900.00"
2020-02-06,2020020601011774,BPCL,37,55,129,330.00,"42,570.00"
2020-02-06,2020020601011773,BPCL,37,36,"1,052",330.00,"347,160.00"
2020-02-06,2020020601011835,CBBL,33,53,700,992.00,"694,400.00"
2020-02-06,2020020601011834,CBBL,33,17,10,992.00,"9,920.00"
2020-02-06,2020020601011639,CBBL,43,8,500,990.00,"495,000.00"
2020-02-06,2020020601011762,CBBL,33,8,500,991.00,"495,500.00"
2020-02-06,2020020601011761,CBBL,33,37,150,988.00,"148,200.00"
2020-02-06,2020020601012029,CBL,37,34,91,153.00,"13,923.00"
2020-02-06,2020020601012028,CBL,33,34,"1,000",153.00,"153,000.00"
2020-02-06,2020020601012027,CBL,43,34,909,153.00,"139,077.00"
2020-02-06,2020020601011941,CBL,43,11,34,153.00,"5,202.00"
2020-02-06,2020020601011770,CBL,43,33,57,153.00,"8,721.00"
2020-02-06,2020020601011769,CBL,43,33,943,153.00,"144,279.00"
2020-02-06,2020020601011767,CBL,26,58,23,154.00,"3,542.00"
2020-02-06,2020020601011708,CBL,43,57,57,153.00,"8,721.00"
2020-02-06,2020020601011707,CBL,34,57,100,153.00,"15,300.00"
2020-02-06,2020020601011706,CBL,51,57,90,153.00,"13,770.00"
2020-02-06,2020020601011671,CBL,51,14,10,153.00,"1,530.00"
2020-02-06,2020020601012123,CCBL,18,57,10,188.00,"1,880.00"
2020-02-06,2020020601012006,CHCL,29,11,175,436.00,"76,300.00"
2020-02-06,2020020601012005,CHCL,49,11,50,436.00,"21,800.00"
2020-02-06,2020020601011828,CHCL,6,19,150,439.00,"65,850.00"
2020-02-06,2020020601012137,CIT,52,32,50,"2,484.00","124,200.00"
2020-02-06,2020020601012103,CIT,41,35,25,"2,485.00","62,125.00"
2020-02-06,2020020601012063,CIT,50,43,24,"2,485.00","59,640.00"
2020-02-06,2020020601011966,CIT,17,34,50,"2,484.00","124,200.00"
2020-02-06,2020020601011960,CIT,57,34,50,"2,484.00","124,200.00"
2020-02-06,2020020601011949,CIT,17,35,90,"2,480.00","223,200.00"
2020-02-06,2020020601011723,CIT,57,49,20,"2,480.00","49,600.00"
2020-02-06,2020020601011929,CIT,11,35,10,"2,480.00","24,800.00"
2020-02-06,2020020601011844,CIT,13,49,30,"2,463.00","73,890.00"
2020-02-06,2020020601011843,CIT,45,49,20,"2,464.00","49,280.00"
2020-02-06,2020020601011842,CIT,45,49,20,"2,464.00","49,280.00"
2020-02-06,2020020601011841,CIT,1,49,30,"2,465.00","73,950.00"
2020-02-06,2020020601011840,CIT,8,49,100,"2,465.00","246,500.00"
2020-02-06,2020020601012062,CZBIL,59,52,165,197.00,"32,505.00"
2020-02-06,2020020601012061,CZBIL,1,52,335,197.00,"65,995.00"
2020-02-06,2020020601011678,CZBIL,1,16,15,197.00,"2,955.00"
2020-02-06,2020020601011677,CZBIL,42,16,263,197.00,"51,811.00"
2020-02-06,2020020601012104,DDBL,29,46,30,825.00,"24,750.00"
2020-02-06,2020020601012047,DDBL,5,46,50,825.00,"41,250.00"
2020-02-06,2020020601012022,DDBL,56,57,10,821.00,"8,210.00"
2020-02-06,2020020601012021,DDBL,28,57,10,822.00,"8,220.00"
2020-02-06,2020020601011937,DDBL,28,43,190,822.00,"156,180.00"
2020-02-06,2020020601011936,DDBL,7,43,10,822.00,"8,220.00"
2020-02-06,2020020601011804,DDBL,20,49,200,826.00,"165,200.00"
2020-02-06,2020020601011657,DDBL,19,43,57,824.00,"46,968.00"
2020-02-06,2020020601011961,EBL,42,49,65,641.00,"41,665.00"
2020-02-06,2020020601011880,EBL,57,14,200,640.00,"128,000.00"
2020-02-06,2020020601011666,EBL,57,22,651,640.00,"416,640.00"
2020-02-06,2020020601011665,EBL,11,22,350,640.00,"224,000.00"
2020-02-06,2020020601011642,EBL,11,5,150,640.00,"96,000.00"
2020-02-06,2020020601012013,EIC,58,26,100,449.00,"44,900.00"
2020-02-06,2020020601011972,EIC,58,26,100,449.00,"44,900.00"
2020-02-06,2020020601011847,EIC,34,26,200,449.00,"89,800.00"
2020-02-06,2020020601011736,EIC,34,26,25,449.00,"11,225.00"
2020-02-06,2020020601011709,EIC,42,58,80,446.00,"35,680.00"
2020-02-06,2020020601011895,FOWAD,45,36,25,"1,407.00","35,175.00"
2020-02-06,2020020601011894,FOWAD,45,19,39,"1,406.00","54,834.00"
2020-02-06,2020020601011893,FOWAD,45,55,33,"1,406.00","46,398.00"
2020-02-06,2020020601011892,FOWAD,45,6,99,"1,405.00","139,095.00"
2020-02-06,2020020601011891,FOWAD,45,51,55,"1,405.00","77,275.00"
2020-02-06,2020020601012107,GBIME,59,1,30,284.00,"8,520.00"
2020-02-06,2020020601012106,GBIME,52,1,10,284.00,"2,840.00"
2020-02-06,2020020601012080,GBIME,39,40,420,283.00,"118,860.00"
2020-02-06,2020020601012079,GBIME,41,40,200,283.00,"56,600.00"
2020-02-06,2020020601012078,GBIME,6,40,"1,000",283.00,"283,000.00"
2020-02-06,2020020601012077,GBIME,45,40,30,283.00,"8,490.00"
2020-02-06,2020020601011675,GBIME,42,25,181,284.00,"51,404.00"
2020-02-06,2020020601011663,GBIME,33,34,99,284.00,"28,116.00"
2020-02-06,2020020601011662,GBIME,33,25,101,284.00,"28,684.00"
2020-02-06,2020020601011645,GBIME,26,25,50,284.00,"14,200.00"
2020-02-06,2020020601011641,GBIME,6,25,100,284.00,"28,400.00"
2020-02-06,2020020601011640,GBIME,1,59,41,283.00,"11,603.00"
2020-02-06,2020020601011786,GBIME,45,16,200,283.00,"56,600.00"
2020-02-06,2020020601011785,GBIME,1,16,28,283.00,"7,924.00"
2020-02-06,2020020601011744,GBIME,42,1,250,284.00,"71,000.00"
2020-02-06,2020020601011717,GBIME,13,1,100,284.00,"28,400.00"
2020-02-06,2020020601011695,GBIME,32,34,45,284.00,"12,780.00"
2020-02-06,2020020601011676,GBIME,42,34,119,284.00,"33,796.00"
2020-02-06,2020020601011918,GBIME,22,1,165,284.00,"46,860.00"
2020-02-06,2020020601011824,GBIME,38,52,472,283.00,"133,576.00"
2020-02-06,2020020601011823,GBIME,54,52,28,283.00,"7,924.00"
2020-02-06,2020020601011822,GBIME,42,52,500,283.00,"141,500.00"
2020-02-06,2020020601011788,GBIME,54,16,72,283.00,"20,376.00"
2020-02-06,2020020601011787,GBIME,44,16,50,283.00,"14,150.00"
2020-02-06,2020020601012076,GBIME,58,40,500,283.00,"141,500.00"
2020-02-06,2020020601012075,GBIME,58,40,100,283.00,"28,300.00"
2020-02-06,2020020601012074,GBIME,42,40,300,283.00,"84,900.00"
2020-02-06,2020020601012073,GBIME,38,40,300,283.00,"84,900.00"
2020-02-06,2020020601012072,GBIME,38,40,528,283.00,"149,424.00"
2020-02-06,2020020601011964,GBIME,32,45,"1,000",283.00,"283,000.00"
2020-02-06,2020020601012039,GBLBS,35,38,50,478.00,"23,900.00"
2020-02-06,2020020601011948,GBLBS,35,38,50,478.00,"23,900.00"
2020-02-06,2020020601011873,GBLBS,44,38,100,478.00,"47,800.00"
2020-02-06,2020020601011872,GBLBS,44,38,200,478.00,"95,600.00"
2020-02-06,2020020601011853,GBLBS,35,44,50,479.00,"23,950.00"
2020-02-06,2020020601011777,GBLBS,42,44,30,479.00,"14,370.00"
2020-02-06,2020020601011679,GBLBS,44,55,35,478.00,"16,730.00"
2020-02-06,2020020601011766,GBLBS,35,44,455,479.00,"217,945.00"
2020-02-06,2020020601011716,GBLBS,35,44,280,479.00,"134,120.00"
2020-02-06,2020020601011715,GBLBS,35,58,20,479.00,"9,580.00"
2020-02-06,2020020601011682,GBLBS,44,6,75,478.00,"35,850.00"
2020-02-06,2020020601011681,GBLBS,44,37,90,478.00,"43,020.00"
2020-02-06,2020020601011680,GBLBS,44,37,100,478.00,"47,800.00"
2020-02-06,2020020601011693,GFCL,59,32,17,149.00,"2,533.00"
2020-02-06,2020020601011692,GFCL,59,52,13,148.00,"1,924.00"
2020-02-06,2020020601012060,GGBSL,54,54,10,862.00,"8,620.00"
2020-02-06,2020020601012030,GGBSL,54,54,10,862.00,"8,620.00"
2020-02-06,2020020601011685,GGBSL,26,41,120,860.00,"103,200.00"
2020-02-06,2020020601011845,GILB,20,44,50,"1,320.00","66,000.00"
2020-02-06,2020020601011802,GILB,40,43,50,"1,330.00","66,500.00"
2020-02-06,2020020601011801,GILB,40,45,15,"1,330.00","19,950.00"
2020-02-06,2020020601011800,GILB,40,29,60,"1,329.00","79,740.00"
2020-02-06,2020020601011799,GILB,40,1,49,"1,329.00","65,121.00"
2020-02-06,2020020601011798,GILB,40,40,45,"1,327.00","59,715.00"
2020-02-06,2020020601011797,GILB,40,42,30,"1,325.00","39,750.00"
2020-02-06,2020020601011796,GILB,40,33,140,"1,324.00","185,360.00"
2020-02-06,2020020601012091,GLICL,42,25,220,767.00,"168,740.00"
2020-02-06,2020020601012090,GLICL,59,25,30,767.00,"23,010.00"
2020-02-06,2020020601012089,GLICL,6,25,100,767.00,"76,700.00"
2020-02-06,2020020601012088,GLICL,26,25,150,768.00,"115,200.00"
2020-02-06,2020020601011920,GLICL,45,39,50,769.00,"38,450.00"
2020-02-06,2020020601011776,GLICL,6,41,100,767.00,"76,700.00"
2020-02-06,2020020601011775,GLICL,6,41,200,767.00,"153,400.00"
2020-02-06,2020020601011749,GLICL,52,48,30,770.00,"23,100.00"
2020-02-06,2020020601011731,GLICL,21,48,45,770.00,"34,650.00"
2020-02-06,2020020601011730,GLICL,21,42,15,770.00,"11,550.00"
2020-02-06,2020020601011646,GLICL,39,41,500,770.00,"385,000.00"
2020-02-06,2020020601011890,GMFBS,10,34,10,833.00,"8,330.00"
2020-02-06,2020020601011726,GMFBS,10,43,100,833.00,"83,300.00"
2020-02-06,2020020601011694,GMFIL,52,28,40,135.00,"5,400.00"
2020-02-06,2020020601011889,GRDBL,38,45,104,132.00,"13,728.00"
2020-02-06,2020020601011888,GRDBL,6,45,10,132.00,"1,320.00"
2020-02-06,2020020601011887,GRDBL,17,45,11,132.00,"1,452.00"
2020-02-06,2020020601012126,HDL,16,28,50,"1,220.00","61,000.00"
2020-02-06,2020020601012117,HDL,54,29,90,"1,218.00","109,620.00"
2020-02-06,2020020601012116,HDL,34,29,10,"1,218.00","12,180.00"
2020-02-06,2020020601012086,HDL,34,50,190,"1,218.00","231,420.00"
2020-02-06,2020020601012085,HDL,44,50,40,"1,218.00","48,720.00"
2020-02-06,2020020601012084,HDL,10,50,20,"1,219.00","24,380.00"
2020-02-06,2020020601012083,HDL,39,50,50,"1,219.00","60,950.00"
2020-02-06,2020020601011877,HDL,11,28,60,"1,220.00","73,200.00"
2020-02-06,2020020601011664,HDL,39,47,270,"1,219.00","329,130.00"
2020-02-06,2020020601011659,HDL,59,47,50,"1,219.00","60,950.00"
2020-02-06,2020020601012048,HGI,11,59,400,418.00,"167,200.00"
2020-02-06,2020020601011958,HGI,34,29,100,420.00,"42,000.00"
2020-02-06,2020020601011939,HGI,34,11,50,420.00,"21,000.00"
2020-02-06,2020020601011938,HGI,34,11,50,420.00,"21,000.00"
2020-02-06,2020020601011919,HGI,11,34,100,418.00,"41,800.00"
2020-02-06,2020020601011818,HGI,45,11,150,420.00,"63,000.00"
2020-02-06,2020020601011817,HGI,45,11,50,420.00,"21,000.00"
2020-02-06,2020020601011985,HIDCL,49,57,304,137.00,"41,648.00"
2020-02-06,2020020601011751,HIDCL,49,14,290,137.00,"39,730.00"
2020-02-06,2020020601011750,HIDCL,46,14,500,137.00,"68,500.00"
2020-02-06,2020020601012067,ICFC,50,25,500,177.00,"88,500.00"
2020-02-06,2020020601011858,ICFC,34,25,500,177.00,"88,500.00"
2020-02-06,2020020601011875,IGI,19,42,100,438.00,"43,800.00"
2020-02-06,2020020601011874,IGI,19,34,140,438.00,"61,320.00"
2020-02-06,2020020601011735,IGI,45,55,90,437.00,"39,330.00"
2020-02-06,2020020601011807,ILBS,17,35,10,817.00,"8,170.00"
2020-02-06,2020020601011768,ILBS,17,52,10,817.00,"8,170.00"
2020-02-06,2020020601012046,JBBL,34,11,185,193.00,"35,705.00"
2020-02-06,2020020601012004,JBBL,34,49,100,193.00,"19,300.00"
2020-02-06,2020020601011950,JBBL,37,49,300,193.00,"57,900.00"
2020-02-06,2020020601011928,JBBL,45,49,500,193.00,"96,500.00"
2020-02-06,2020020601012082,JSLBB,34,34,10,"1,598.00","15,980.00"
2020-02-06,2020020601011866,JSLBB,45,28,70,"1,595.00","111,650.00"
2020-02-06,2020020601011719,JSLBB,36,28,20,"1,595.00","31,900.00"
2020-02-06,2020020601011683,JSLBB,34,28,10,"1,595.00","15,950.00"
2020-02-06,2020020601012057,KSBBL,40,33,"1,000",162.00,"162,000.00"
2020-02-06,2020020601011959,LBBL,1,44,30,197.00,"5,910.00"
2020-02-06,2020020601011821,LBBL,25,44,10,197.00,"1,970.00"
2020-02-06,2020020601012108,LBL,50,51,200,225.00,"45,000.00"
2020-02-06,2020020601011729,LBL,14,16,640,225.00,"144,000.00"
2020-02-06,2020020601011655,LBL,45,16,100,225.00,"22,500.00"
2020-02-06,2020020601011654,LBL,51,16,100,225.00,"22,500.00"
2020-02-06,2020020601011653,LBL,29,16,148,225.00,"33,300.00"
2020-02-06,2020020601012065,LGIL,45,21,200,494.00,"98,800.00"
2020-02-06,2020020601011946,LGIL,58,34,100,492.00,"49,200.00"
2020-02-06,2020020601012118,LICN,49,35,439,"1,225.00","537,775.00"
2020-02-06,2020020601012100,LICN,49,35,500,"1,225.00","612,500.00"
2020-02-06,2020020601012032,LICN,45,45,50,"1,230.00","61,500.00"
2020-02-06,2020020601012031,LICN,45,42,15,"1,230.00","18,450.00"
2020-02-06,2020020601011942,MBL,10,40,200,234.00,"46,800.00"
2020-02-06,2020020601012055,MDB,19,17,200,340.00,"68,000.00"
2020-02-06,2020020601012038,MDB,16,52,32,339.00,"10,848.00"
2020-02-06,2020020601012037,MDB,17,52,200,339.00,"67,800.00"
2020-02-06,2020020601012036,MDB,37,52,68,339.00,"23,052.00"
2020-02-06,2020020601011878,MDB,14,17,300,340.00,"102,000.00"
2020-02-06,2020020601011897,MEGA,38,52,400,206.00,"82,400.00"
2020-02-06,2020020601011867,MEGA,38,1,"1,000",206.00,"206,000.00"
2020-02-06,2020020601011857,MEGA,38,42,200,206.00,"41,200.00"
2020-02-06,2020020601011849,MEGA,25,26,10,207.00,"2,070.00"
2020-02-06,2020020601011703,MEGA,38,58,200,206.00,"41,200.00"
2020-02-06,2020020601011661,MEGA,38,45,167,206.00,"34,402.00"
2020-02-06,2020020601011660,MEGA,32,45,135,206.00,"27,810.00"
2020-02-06,2020020601011924,MERO,43,22,60,654.00,"39,240.00"
2020-02-06,2020020601011923,MERO,42,22,50,654.00,"32,700.00"
2020-02-06,2020020601012050,MFIL,57,55,200,193.00,"38,600.00"
2020-02-06,2020020601011986,MLBL,1,48,30,214.00,"6,420.00"
2020-02-06,2020020601011803,MLBL,21,22,200,213.00,"42,600.00"
2020-02-06,2020020601011728,MLBL,21,25,63,213.00,"13,419.00"
2020-02-06,2020020601012010,MNBBL,42,35,150,323.00,"48,450.00"
2020-02-06,2020020601011808,MNBBL,32,35,500,323.00,"161,500.00"
2020-02-06,2020020601011696,MNBBL,1,35,10,323.00,"3,230.00"
2020-02-06,2020020601012071,NABIL,38,11,23,727.00,"16,721.00"
2020-02-06,2020020601012070,NABIL,7,11,27,727.00,"19,629.00"
2020-02-06,2020020601012025,NABIL,7,48,150,727.00,"109,050.00"
2020-02-06,2020020601012024,NABIL,26,48,50,728.00,"36,400.00"
2020-02-06,2020020601011954,NABIL,7,4,68,727.00,"49,436.00"
2020-02-06,2020020601011953,NABIL,19,4,12,727.00,"8,724.00"
2020-02-06,2020020601011952,NABIL,6,4,20,728.00,"14,560.00"
2020-02-06,2020020601011945,NABIL,50,4,100,728.00,"72,800.00"
2020-02-06,2020020601011944,NABIL,44,4,100,728.00,"72,800.00"
2020-02-06,2020020601011686,NABIL,29,4,50,729.00,"36,450.00"
2020-02-06,2020020601012020,NADEP,25,17,78,700.00,"54,600.00"
2020-02-06,2020020601012019,NADEP,20,17,20,700.00,"14,000.00"
2020-02-06,2020020601012018,NADEP,54,17,20,700.00,"14,000.00"
2020-02-06,2020020601012017,NADEP,41,17,50,700.00,"35,000.00"
2020-02-06,2020020601012016,NADEP,41,17,50,700.00,"35,000.00"
2020-02-06,2020020601012015,NADEP,44,17,12,700.00,"8,400.00"
2020-02-06,2020020601011756,NADEP,17,48,300,704.00,"211,200.00"
2020-02-06,2020020601012014,NADEP,59,17,50,701.00,"35,050.00"
2020-02-06,2020020601011956,NBB,49,41,384,209.00,"80,256.00"
2020-02-06,2020020601011811,NBB,49,41,"1,000",209.00,"209,000.00"
2020-02-06,2020020601011810,NBB,49,41,16,209.00,"3,344.00"
2020-02-06,2020020601011927,NBL,1,7,240,270.00,"64,800.00"
2020-02-06,2020020601011926,NBL,28,7,200,270.00,"54,000.00"
2020-02-06,2020020601011925,NBL,6,7,60,270.00,"16,200.00"
2020-02-06,2020020601012132,NCCB,42,34,177,196.00,"34,692.00"
2020-02-06,2020020601012131,NCCB,55,34,100,196.00,"19,600.00"
2020-02-06,2020020601012130,NCCB,38,34,100,196.00,"19,600.00"
2020-02-06,2020020601012129,NCCB,58,34,84,196.00,"16,464.00"
2020-02-06,2020020601012128,NCCB,6,34,450,196.00,"88,200.00"
2020-02-06,2020020601012127,NCCB,49,34,42,196.00,"8,232.00"
2020-02-06,2020020601011784,NCCB,49,21,58,196.00,"11,368.00"
2020-02-06,2020020601011783,NCCB,58,21,100,196.00,"19,600.00"
2020-02-06,2020020601011780,NCCB,42,14,50,196.00,"9,800.00"
2020-02-06,2020020601011779,NCCB,25,14,195,196.00,"38,220.00"
2020-02-06,2020020601012011,NIB,25,25,10,396.00,"3,960.00"
2020-02-06,2020020601011865,NIB,55,57,118,394.00,"46,492.00"
2020-02-06,2020020601011864,NIB,40,57,300,394.00,"118,200.00"
2020-02-06,2020020601011863,NIB,38,57,100,394.00,"39,400.00"
2020-02-06,2020020601011862,NIB,38,57,100,394.00,"39,400.00"
2020-02-06,2020020601011861,NIB,28,57,20,394.00,"7,880.00"
2020-02-06,2020020601011860,NIB,40,57,50,394.00,"19,700.00"
2020-02-06,2020020601011859,NIB,36,57,315,394.00,"124,110.00"
2020-02-06,2020020601012035,NIBLPF,13,55,"2,209",7.69,"16,987.21"
2020-02-06,2020020601012034,NIBLPF,29,55,"4,949",7.70,"38,107.30"
2020-02-06,2020020601011991,NIBPO,46,4,150,351.00,"52,650.00"
2020-02-06,2020020601011990,NIBPO,52,4,50,351.00,"17,550.00"
2020-02-06,2020020601011989,NIBPO,34,4,200,351.00,"70,200.00"
2020-02-06,2020020601011988,NIBPO,13,4,100,351.00,"35,100.00"
2020-02-06,2020020601012122,NICA,40,11,18,481.00,"8,658.00"
2020-02-06,2020020601012121,NICA,26,11,140,482.00,"67,480.00"
2020-02-06,2020020601011987,NICA,5,28,200,483.00,"96,600.00"
2020-02-06,2020020601011983,NICA,26,25,10,482.00,"4,820.00"
2020-02-06,2020020601011913,NICA,25,28,10,483.00,"4,830.00"
2020-02-06,2020020601011806,NICA,48,28,280,483.00,"135,240.00"
2020-02-06,2020020601011805,NICA,48,57,220,482.00,"106,040.00"
2020-02-06,2020020601011697,NICA,40,41,35,481.00,"16,835.00"
2020-02-06,2020020601012045,NICL,29,4,11,439.00,"4,829.00"
2020-02-06,2020020601012044,NICL,42,4,50,440.00,"22,000.00"
2020-02-06,2020020601012043,NICL,44,4,50,440.00,"22,000.00"
2020-02-06,2020020601012042,NICL,17,4,109,440.00,"47,960.00"
2020-02-06,2020020601011705,NICL,54,8,420,440.00,"184,800.00"
2020-02-06,2020020601011704,NICL,54,45,"1,580",440.00,"695,200.00"
2020-02-06,2020020601011691,NICL,17,45,420,440.00,"184,800.00"
2020-02-06,2020020601011690,NICL,17,13,500,440.00,"220,000.00"
2020-02-06,2020020601011689,NICL,17,34,80,440.00,"35,200.00"
2020-02-06,2020020601011687,NICL,29,57,36,439.00,"15,804.00"
2020-02-06,2020020601011820,NICL,17,4,500,440.00,"220,000.00"
2020-02-06,2020020601011725,NICL,17,8,886,440.00,"389,840.00"
2020-02-06,2020020601011724,NICL,17,8,505,440.00,"222,200.00"
2020-02-06,2020020601011710,NICL,14,8,150,440.00,"66,000.00"
2020-02-06,2020020601012120,NIL,6,50,100,558.00,"55,800.00"
2020-02-06,2020020601012119,NIL,34,50,383,558.00,"213,714.00"
2020-02-06,2020020601012064,NIL,34,49,600,558.00,"334,800.00"
2020-02-06,2020020601012033,NIL,28,28,200,559.00,"111,800.00"
2020-02-06,2020020601011742,NIL,34,45,17,558.00,"9,486.00"
2020-02-06,2020020601011741,NIL,13,45,33,558.00,"18,414.00"
2020-02-06,2020020601011727,NIL,33,5,500,559.00,"279,500.00"
2020-02-06,2020020601011816,NLBBL,53,37,59,765.00,"45,135.00"
2020-02-06,2020020601011815,NLBBL,53,52,15,765.00,"11,475.00"
2020-02-06,2020020601011814,NLBBL,53,55,65,764.00,"49,660.00"
2020-02-06,2020020601011672,NLBBL,53,55,10,764.00,"7,640.00"
2020-02-06,2020020601012135,NLG,38,34,156,868.00,"135,408.00"
2020-02-06,2020020601012058,NLG,38,43,32,868.00,"27,776.00"
2020-02-06,2020020601011886,NLG,57,43,113,869.00,"98,197.00"
2020-02-06,2020020601011885,NLG,57,47,200,869.00,"173,800.00"
2020-02-06,2020020601011884,NLG,57,47,87,869.00,"75,603.00"
2020-02-06,2020020601011667,NLG,6,43,196,870.00,"170,520.00"
2020-02-06,2020020601011782,NLG,39,47,13,869.00,"11,297.00"
2020-02-06,2020020601011758,NLG,39,47,187,869.00,"162,503.00"
2020-02-06,2020020601011684,NLG,53,43,100,870.00,"87,000.00"
2020-02-06,2020020601011668,NLG,59,43,50,870.00,"43,500.00"
2020-02-06,2020020601011982,NLIC,34,38,500,"1,121.00","560,500.00"
2020-02-06,2020020601011981,NLIC,47,38,500,"1,121.00","560,500.00"
2020-02-06,2020020601011980,NLIC,26,38,50,"1,121.00","56,050.00"
2020-02-06,2020020601011979,NLIC,34,38,100,"1,121.00","112,100.00"
2020-02-06,2020020601011978,NLIC,20,38,100,"1,121.00","112,100.00"
2020-02-06,2020020601011977,NLIC,57,38,300,"1,122.00","336,600.00"
2020-02-06,2020020601011976,NLIC,26,38,50,"1,122.00","56,100.00"
2020-02-06,2020020601011975,NLIC,58,38,200,"1,122.00","224,400.00"
2020-02-06,2020020601011974,NLIC,28,38,200,"1,123.00","224,600.00"
2020-02-06,2020020601011940,NLIC,14,8,50,"1,125.00","56,250.00"
2020-02-06,2020020601011914,NLIC,57,28,100,"1,125.00","112,500.00"
2020-02-06,2020020601011881,NLIC,57,28,100,"1,125.00","112,500.00"
2020-02-06,2020020601012049,NLICL,42,51,321,654.00,"209,934.00"
2020-02-06,2020020601012026,NLICL,42,22,13,654.00,"8,502.00"
2020-02-06,2020020601011921,NLICL,26,19,40,656.00,"26,240.00"
2020-02-06,2020020601011934,NMB,25,50,10,368.00,"3,680.00"
2020-02-06,2020020601011656,NMB,26,53,35,367.00,"12,845.00"
2020-02-06,2020020601011721,NMBMF,37,32,90,882.00,"79,380.00"
2020-02-06,2020020601011720,NMBMF,35,32,10,883.00,"8,830.00"
2020-02-06,2020020601011833,NMFBS,40,43,200,"1,571.00","314,200.00"
2020-02-06,2020020601011832,NMFBS,29,43,20,"1,572.00","31,440.00"
2020-02-06,2020020601011831,NMFBS,7,43,10,"1,573.00","15,730.00"
2020-02-06,2020020601011830,NMFBS,16,43,20,"1,573.00","31,460.00"
2020-02-06,2020020601011794,NTC,43,22,"1,430",624.00,"892,320.00"
2020-02-06,2020020601011793,NTC,43,45,470,624.00,"293,280.00"
2020-02-06,2020020601011792,NTC,43,41,100,623.00,"62,300.00"
2020-02-06,2020020601011970,PCBL,29,42,200,278.00,"55,600.00"
2020-02-06,2020020601011965,PCBL,25,28,10,279.00,"2,790.00"
2020-02-06,2020020601011869,PCBL,34,28,10,279.00,"2,790.00"
2020-02-06,2020020601011868,PCBL,34,28,10,278.00,"2,780.00"
2020-02-06,2020020601011791,PCBL,1,28,"1,000",278.00,"278,000.00"
2020-02-06,2020020601011790,PCBL,32,28,100,278.00,"27,800.00"
2020-02-06,2020020601011789,PCBL,58,28,742,278.00,"206,276.00"
2020-02-06,2020020601011688,PCBL,45,28,18,279.00,"5,022.00"
2020-02-06,2020020601012102,PFL,41,55,161,159.00,"25,599.00"
2020-02-06,2020020601011917,PIC,36,50,500,564.00,"282,000.00"
2020-02-06,2020020601012112,PICL,45,6,500,730.00,"365,000.00"
2020-02-06,2020020601012111,PICL,41,6,155,730.00,"113,150.00"
2020-02-06,2020020601012099,PICL,41,11,45,730.00,"32,850.00"
2020-02-06,2020020601012012,PICL,34,46,144,730.00,"105,120.00"
2020-02-06,2020020601011955,PICL,16,46,200,730.00,"146,000.00"
2020-02-06,2020020601011916,PICL,42,46,10,730.00,"7,300.00"
2020-02-06,2020020601011851,PICL,8,46,11,730.00,"8,030.00"
2020-02-06,2020020601011827,PICL,51,45,50,728.00,"36,400.00"
2020-02-06,2020020601011673,PICL,16,38,493,729.00,"359,397.00"
2020-02-06,2020020601012109,PLIC,29,22,99,574.00,"56,826.00"
2020-02-06,2020020601012098,PLIC,29,14,200,574.00,"114,800.00"
2020-02-06,2020020601012097,PLIC,29,6,101,574.00,"57,974.00"
2020-02-06,2020020601012096,PLIC,29,38,100,574.00,"57,400.00"
2020-02-06,2020020601012066,PLIC,45,38,100,574.00,"57,400.00"
2020-02-06,2020020601012051,PLIC,57,1,222,573.00,"127,206.00"
2020-02-06,2020020601011922,PLIC,57,38,200,574.00,"114,800.00"
2020-02-06,2020020601011829,PLIC,57,45,70,573.00,"40,110.00"
2020-02-06,2020020601011757,PLIC,11,25,150,573.00,"85,950.00"
2020-02-06,2020020601011734,PLIC,11,25,100,573.00,"57,300.00"
2020-02-06,2020020601011733,PLIC,11,45,300,573.00,"171,900.00"
2020-02-06,2020020601011969,PRIN,45,37,100,444.00,"44,400.00"
2020-02-06,2020020601011951,PRIN,36,37,30,444.00,"13,320.00"
2020-02-06,2020020601011933,PRIN,28,42,200,441.00,"88,200.00"
2020-02-06,2020020601011765,PRIN,17,58,300,443.00,"132,900.00"
2020-02-06,2020020601011714,PRIN,28,48,390,441.00,"171,990.00"
2020-02-06,2020020601011713,PRIN,44,48,100,441.00,"44,100.00"
2020-02-06,2020020601012115,PRVU,54,59,227,246.00,"55,842.00"
2020-02-06,2020020601012114,PRVU,7,59,655,246.00,"161,130.00"
2020-02-06,2020020601011957,PRVU,7,34,12,246.00,"2,952.00"
2020-02-06,2020020601011947,PRVU,25,1,10,247.00,"2,470.00"
2020-02-06,2020020601012133,RHPL,45,14,520,168.00,"87,360.00"
2020-02-06,2020020601012101,RHPL,49,34,60,167.00,"10,020.00"
2020-02-06,2020020601012009,RHPL,49,49,260,167.00,"43,420.00"
2020-02-06,2020020601012008,RHPL,58,49,"1,500",167.00,"250,500.00"
2020-02-06,2020020601012007,RHPL,34,49,240,167.00,"40,080.00"
2020-02-06,2020020601011971,RHPL,34,8,30,167.00,"5,010.00"
2020-02-06,2020020601011772,RHPL,37,14,500,168.00,"84,000.00"
2020-02-06,2020020601011771,RHPL,59,14,500,168.00,"84,000.00"
2020-02-06,2020020601012113,RLFL,17,14,87,144.00,"12,528.00"
2020-02-06,2020020601012087,RLFL,17,14,148,144.00,"21,312.00"
2020-02-06,2020020601012041,RLFL,17,14,148,144.00,"21,312.00"
2020-02-06,2020020601011712,RSDC,22,36,246,477.00,"117,342.00"
2020-02-06,2020020601011711,RSDC,22,5,169,475.00,"80,275.00"
2020-02-06,2020020601011652,RSDC,22,5,283,475.00,"134,425.00"
2020-02-06,2020020601011651,RSDC,22,48,75,475.00,"35,625.00"
2020-02-06,2020020601011650,RSDC,22,33,88,474.00,"41,712.00"
2020-02-06,2020020601011649,RSDC,22,40,20,474.00,"9,480.00"
2020-02-06,2020020601011648,RSDC,22,52,34,474.00,"16,116.00"
2020-02-06,2020020601011644,RSDC,49,52,43,474.00,"20,382.00"
2020-02-06,2020020601011643,RSDC,49,22,57,473.00,"26,961.00"
2020-02-06,2020020601011699,SADBL,39,54,36,160.00,"5,760.00"
2020-02-06,2020020601011698,SADBL,58,54,270,160.00,"43,200.00"
2020-02-06,2020020601011898,SAPDBL,35,49,269,143.00,"38,467.00"
2020-02-06,2020020601011752,SAPDBL,1,25,60,142.00,"8,520.00"
2020-02-06,2020020601012125,SBI,13,6,500,415.00,"207,500.00"
2020-02-06,2020020601012124,SBI,26,6,200,415.00,"83,000.00"
2020-02-06,2020020601011879,SBI,25,16,10,418.00,"4,180.00"
2020-02-06,2020020601011702,SBL,4,28,738,314.00,"231,732.00"
2020-02-06,2020020601011701,SBL,34,28,40,314.00,"12,560.00"
2020-02-06,2020020601011700,SBL,41,28,322,314.00,"101,108.00"
2020-02-06,2020020601011935,SCB,10,45,400,612.00,"244,800.00"
2020-02-06,2020020601011743,SCB,1,14,150,613.00,"91,950.00"
2020-02-06,2020020601012002,SCB,52,55,38,612.00,"23,256.00"
2020-02-06,2020020601012001,SCB,19,55,15,612.00,"9,180.00"
2020-02-06,2020020601012000,SCB,40,55,100,612.00,"61,200.00"
2020-02-06,2020020601011999,SCB,35,55,10,612.00,"6,120.00"
2020-02-06,2020020601011998,SCB,10,55,37,612.00,"22,644.00"
2020-02-06,2020020601011876,SFCL,42,26,10,110.00,"1,100.00"
2020-02-06,2020020601011850,SFCL,41,42,60,109.00,"6,540.00"
2020-02-06,2020020601012059,SHINE,52,55,159,279.00,"44,361.00"
2020-02-06,2020020601011915,SHINE,13,4,400,280.00,"112,000.00"
2020-02-06,2020020601011962,SHIVM,14,28,"1,000",515.00,"515,000.00"
2020-02-06,2020020601012056,SHL,16,10,400,200.00,"80,000.00"
2020-02-06,2020020601012003,SHL,45,10,"1,500",200.00,"300,000.00"
2020-02-06,2020020601011911,SHL,17,10,100,200.00,"20,000.00"
2020-02-06,2020020601011910,SHL,14,10,500,200.00,"100,000.00"
2020-02-06,2020020601011909,SHL,56,10,100,200.00,"20,000.00"
2020-02-06,2020020601011908,SHL,17,10,200,200.00,"40,000.00"
2020-02-06,2020020601011901,SHL,10,10,300,200.00,"60,000.00"
2020-02-06,2020020601011900,SHL,14,10,300,200.00,"60,000.00"
2020-02-06,2020020601011870,SHL,14,16,600,201.00,"120,600.00"
2020-02-06,2020020601011907,SHL,39,10,500,200.00,"100,000.00"
2020-02-06,2020020601011906,SHL,11,10,100,200.00,"20,000.00"
2020-02-06,2020020601011905,SHL,7,10,600,200.00,"120,000.00"
2020-02-06,2020020601011904,SHL,50,10,500,200.00,"100,000.00"
2020-02-06,2020020601011903,SHL,53,10,300,200.00,"60,000.00"
2020-02-06,2020020601011902,SHL,11,10,100,200.00,"20,000.00"
2020-02-06,2020020601012054,SIC,29,45,100,741.00,"74,100.00"
2020-02-06,2020020601012053,SIC,44,45,50,741.00,"37,050.00"
2020-02-06,2020020601012052,SIC,28,45,28,741.00,"20,748.00"
2020-02-06,2020020601011819,SIC,34,52,286,744.00,"212,784.00"
2020-02-06,2020020601011994,SICL,44,5,50,"1,145.00","57,250.00"
2020-02-06,2020020601011993,SICL,44,25,240,"1,145.00","274,800.00"
2020-02-06,2020020601011992,SICL,44,13,100,"1,144.00","114,400.00"
2020-02-06,2020020601011973,SICL,59,33,200,"1,142.00","228,400.00"
2020-02-06,2020020601011912,SICL,44,58,300,"1,143.00","342,900.00"
2020-02-06,2020020601012134,SIL,46,57,100,582.00,"58,200.00"
2020-02-06,2020020601011968,SIL,42,57,300,583.00,"174,900.00"
2020-02-06,2020020601011967,SIL,58,57,100,583.00,"58,300.00"
2020-02-06,2020020601011899,SIL,59,4,200,585.00,"117,000.00"
2020-02-06,2020020601011871,SIL,10,25,473,587.00,"277,651.00"
2020-02-06,2020020601011963,SJCL,42,8,20,158.00,"3,160.00"
2020-02-06,2020020601011795,SJCL,42,14,330,158.00,"52,140.00"
2020-02-06,2020020601011658,SJCL,25,56,70,159.00,"11,130.00"
2020-02-06,2020020601011883,SLBSL,43,35,10,825.00,"8,250.00"
2020-02-06,2020020601011882,SLBSL,43,22,50,825.00,"41,250.00"
2020-02-06,2020020601012110,SLICL,8,44,500,463.00,"231,500.00"
2020-02-06,2020020601012081,SLICL,53,44,500,463.00,"231,500.00"
2020-02-06,2020020601012023,SLICL,44,56,12,465.00,"5,580.00"
2020-02-06,2020020601011764,SLICL,5,45,140,462.00,"64,680.00"
2020-02-06,2020020601011763,SLICL,44,52,12,464.00,"5,568.00"
2020-02-06,2020020601011753,SLICL,5,48,300,462.00,"138,600.00"
2020-02-06,2020020601011984,SLICL,40,49,100,464.00,"46,400.00"
2020-02-06,2020020601011856,SLICL,44,56,12,465.00,"5,580.00"
2020-02-06,2020020601011848,SLICL,17,52,204,464.00,"94,656.00"
2020-02-06,2020020601011812,SLICL,21,52,60,464.00,"27,840.00"
2020-02-06,2020020601011778,SLICL,44,52,12,464.00,"5,568.00"
2020-02-06,2020020601011813,SMATA,39,41,39,737.00,"28,743.00"
2020-02-06,2020020601011754,SMATA,49,28,100,740.00,"74,000.00"
2020-02-06,2020020601012040,SMB,33,28,10,995.00,"9,950.00"
2020-02-06,2020020601011997,SMB,28,48,105,993.00,"104,265.00"
2020-02-06,2020020601011996,SMB,28,21,100,992.00,"99,200.00"
2020-02-06,2020020601011995,SMB,28,34,90,991.00,"89,190.00"
2020-02-06,2020020601011846,STC,48,21,50,"2,498.00","124,900.00"
2020-02-06,2020020601012136,TRH,28,14,250,297.00,"74,250.00"
2020-02-06,2020020601011809,UIC,42,42,500,430.00,"215,000.00"
2020-02-06,2020020601011755,UIC,53,50,200,428.00,"85,600.00"
2020-02-06,2020020601011839,UPPER,42,40,17,243.00,"4,131.00"
2020-02-06,2020020601011838,UPPER,42,40,500,243.00,"121,500.00"
2020-02-06,2020020601011837,UPPER,1,40,460,243.00,"111,780.00"
2020-02-06,2020020601011836,UPPER,46,40,23,243.00,"5,589.00"
2020-02-06,2020020601011670,UPPER,46,34,10,243.00,"2,430.00"
2020-02-06,2020020601011669,UPPER,42,34,30,244.00,"7,320.00"
2020-02-06,2020020601011638,VLBS,17,17,91,"1,027.00","93,457.00"
2020-02-06,2020020601012095,WOMI,34,48,298,995.00,"296,510.00"
2020-02-06,2020020601012094,WOMI,34,57,104,995.00,"103,480.00"
2020-02-06,2020020601012093,WOMI,34,22,99,994.00,"98,406.00"
2020-02-06,2020020601012092,WOMI,34,40,300,994.00,"298,200.00"
2020-02-06,2020020601011852,WOMI,17,48,30,993.00,"29,790.00"
2020-02-06,2020020601011427,ADBL,48,51,170,384.00,"65,280.00"
2020-02-06,2020020601011273,AKJCL,34,48,10,55.00,550.00
2020-02-06,2020020601011241,AKJCL,45,48,20,56.00,"1,120.00"
2020-02-06,2020020601011216,AKJCL,45,48,20,56.00,"1,120.00"
2020-02-06,2020020601011547,ALBSL,50,59,20,722.00,"14,440.00"
2020-02-06,2020020601011320,ALBSL,45,34,10,718.00,"7,180.00"
2020-02-06,2020020601011466,ALICL,6,16,10,568.00,"5,680.00"
2020-02-06,2020020601011443,ALICL,6,42,300,567.00,"170,100.00"
2020-02-06,2020020601011442,ALICL,6,4,30,566.00,"16,980.00"
2020-02-06,2020020601011441,ALICL,6,54,19,566.00,"10,754.00"
2020-02-06,2020020601011395,ALICL,5,54,160,566.00,"90,560.00"
2020-02-06,2020020601011394,ALICL,5,33,40,566.00,"22,640.00"
2020-02-06,2020020601011232,ALICL,6,33,60,566.00,"33,960.00"
2020-02-06,2020020601011231,ALICL,6,7,100,566.00,"56,600.00"
2020-02-06,2020020601011481,API,25,13,"1,000",126.00,"126,000.00"
2020-02-06,2020020601011253,API,25,13,300,126.00,"37,800.00"
2020-02-06,2020020601011252,API,25,34,200,126.00,"25,200.00"
2020-02-06,2020020601011221,API,21,58,500,125.00,"62,500.00"
2020-02-06,2020020601011234,BARUN,58,57,100,98.00,"9,800.00"
2020-02-06,2020020601011233,BARUN,58,56,10,98.00,980.00
2020-02-06,2020020601011592,BFC,38,22,91,103.00,"9,373.00"
2020-02-06,2020020601011387,BFC,42,22,500,103.00,"51,500.00"
2020-02-06,2020020601011494,BOKL,38,55,274,234.00,"64,116.00"
2020-02-06,2020020601011493,BOKL,38,16,112,234.00,"26,208.00"
2020-02-06,2020020601011463,BOKL,56,11,10,233.00,"2,330.00"
2020-02-06,2020020601011425,BOKL,49,16,200,234.00,"46,800.00"
2020-02-06,2020020601011254,BOKL,25,52,10,235.00,"2,350.00"
2020-02-06,2020020601011544,BPCL,45,36,250,330.00,"82,500.00"
2020-02-06,2020020601011215,BPCL,41,6,200,329.00,"65,800.00"
2020-02-06,2020020601011149,BPCL,41,34,200,329.00,"65,800.00"
2020-02-06,2020020601011502,CBBL,55,8,200,990.00,"198,000.00"
2020-02-06,2020020601011294,CBBL,26,8,31,989.00,"30,659.00"
2020-02-06,2020020601011256,CBBL,26,39,170,990.00,"168,300.00"
2020-02-06,2020020601011219,CBBL,50,39,100,990.00,"99,000.00"
2020-02-06,2020020601011206,CBBL,26,39,100,990.00,"99,000.00"
2020-02-06,2020020601011586,CBL,59,22,"2,034",154.00,"313,236.00"
2020-02-06,2020020601011557,CBL,11,22,100,154.00,"15,400.00"
2020-02-06,2020020601011535,CBL,1,22,400,154.00,"61,600.00"
2020-02-06,2020020601011534,CBL,46,22,200,154.00,"30,800.00"
2020-02-06,2020020601011533,CBL,57,22,33,154.00,"5,082.00"
2020-02-06,2020020601011478,CBL,57,44,967,154.00,"148,918.00"
2020-02-06,2020020601011259,CBL,14,28,100,154.00,"15,400.00"
2020-02-06,2020020601011258,CBL,6,28,50,154.00,"7,700.00"
2020-02-06,2020020601011257,CBL,43,28,108,154.00,"16,632.00"
2020-02-06,2020020601011182,CBL,43,22,11,154.00,"1,694.00"
2020-02-06,2020020601011265,CBL,8,28,667,154.00,"102,718.00"
2020-02-06,2020020601011264,CBL,59,28,70,154.00,"10,780.00"
2020-02-06,2020020601011263,CBL,41,28,100,154.00,"15,400.00"
2020-02-06,2020020601011262,CBL,59,28,105,154.00,"16,170.00"
2020-02-06,2020020601011261,CBL,41,28,300,154.00,"46,200.00"
2020-02-06,2020020601011260,CBL,1,28,500,154.00,"77,000.00"
2020-02-06,2020020601011477,CBL,46,44,100,154.00,"15,400.00"
2020-02-06,2020020601011476,CBL,43,44,100,154.00,"15,400.00"
2020-02-06,2020020601011475,CBL,22,44,500,154.00,"77,000.00"
2020-02-06,2020020601011474,CBL,8,44,333,154.00,"51,282.00"
2020-02-06,2020020601011314,CBL,59,40,100,155.00,"15,500.00"
2020-02-06,2020020601011285,CBL,25,40,10,155.00,"1,550.00"
2020-02-06,2020020601011597,CCBL,52,57,50,188.00,"9,400.00"
2020-02-06,2020020601011596,CCBL,40,57,926,188.00,"174,088.00"
2020-02-06,2020020601011439,CCBL,40,28,74,188.00,"13,912.00"
2020-02-06,2020020601011438,CCBL,32,28,426,188.00,"80,088.00"
2020-02-06,2020020601011431,CCBL,32,28,574,188.00,"107,912.00"
2020-02-06,2020020601011430,CCBL,44,28,"1,000",188.00,"188,000.00"
2020-02-06,2020020601011429,CCBL,44,28,426,188.00,"80,088.00"
2020-02-06,2020020601011421,CCBL,44,22,160,188.00,"30,080.00"
2020-02-06,2020020601011378,CCBL,44,16,"1,000",188.00,"188,000.00"
2020-02-06,2020020601011205,CCBL,25,41,10,189.00,"1,890.00"
2020-02-06,2020020601011193,CCBL,44,34,164,188.00,"30,832.00"
2020-02-06,2020020601011178,CHCL,39,28,830,439.00,"364,370.00"
2020-02-06,2020020601011635,CIT,52,34,50,"2,484.00","124,200.00"
2020-02-06,2020020601011611,CIT,28,34,50,"2,484.00","124,200.00"
2020-02-06,2020020601011610,CIT,28,6,50,"2,480.00","124,000.00"
2020-02-06,2020020601011251,CZBIL,47,25,200,198.00,"39,600.00"
2020-02-06,2020020601011250,CZBIL,43,25,104,198.00,"20,592.00"
2020-02-06,2020020601011220,CZBIL,25,25,10,199.00,"1,990.00"
2020-02-06,2020020601011630,DDBL,19,34,100,823.00,"82,300.00"
2020-02-06,2020020601011629,DDBL,19,37,31,823.00,"25,513.00"
2020-02-06,2020020601011628,DDBL,19,17,100,822.00,"82,200.00"
2020-02-06,2020020601011513,DDBL,44,17,100,822.00,"82,200.00"
2020-02-06,2020020601011506,DDBL,39,37,20,823.00,"16,460.00"
2020-02-06,2020020601011446,DDBL,57,37,250,823.00,"205,750.00"
2020-02-06,2020020601011330,DDBL,45,37,30,823.00,"24,690.00"
2020-02-06,2020020601011268,DDBL,41,37,30,823.00,"24,690.00"
2020-02-06,2020020601011142,DDBL,22,42,240,822.00,"197,280.00"
2020-02-06,2020020601011575,EBL,11,5,350,640.00,"224,000.00"
2020-02-06,2020020601011574,EBL,11,57,150,640.00,"96,000.00"
2020-02-06,2020020601011191,EBL,35,25,410,639.00,"261,990.00"
2020-02-06,2020020601011381,EIC,35,44,49,444.00,"21,756.00"
2020-02-06,2020020601011380,EIC,42,44,451,444.00,"200,244.00"
2020-02-06,2020020601011229,EIC,42,57,49,444.00,"21,756.00"
2020-02-06,2020020601011223,EIC,35,37,60,448.00,"26,880.00"
2020-02-06,2020020601011141,EIC,22,22,50,448.00,"22,400.00"
2020-02-06,2020020601011588,FMDBL,49,42,100,456.00,"45,600.00"
2020-02-06,2020020601011572,FMDBL,55,21,100,457.00,"45,700.00"
2020-02-06,2020020601011510,FMDBL,6,53,351,456.00,"160,056.00"
2020-02-06,2020020601011509,FMDBL,6,57,63,456.00,"28,728.00"
2020-02-06,2020020601011490,FMDBL,43,1,200,455.00,"91,000.00"
2020-02-06,2020020601011449,FMDBL,38,57,150,456.00,"68,400.00"
2020-02-06,2020020601011198,FMDBL,43,26,60,455.00,"27,300.00"
2020-02-06,2020020601011459,FOWAD,29,38,150,"1,394.00","209,100.00"
2020-02-06,2020020601011458,FOWAD,59,38,10,"1,394.00","13,940.00"
2020-02-06,2020020601011457,FOWAD,16,38,300,"1,395.00","418,500.00"
2020-02-06,2020020601011456,FOWAD,45,38,100,"1,396.00","139,600.00"
2020-02-06,2020020601011455,FOWAD,37,38,100,"1,400.00","140,000.00"
2020-02-06,2020020601011454,FOWAD,59,38,33,"1,401.00","46,233.00"
2020-02-06,2020020601011595,GBBL,26,45,79,243.00,"19,197.00"
