Date,Transact. No.,Symbol,Buyer,Seller,Quantity,Rate,Amount
2021-01-07,2021010703018355,ALBSL,34,41,11,"1,224.00","13,464.00"
2021-01-07,2021010703018124,ALBSL,59,46,26,"1,215.00","31,590.00"
2021-01-07,2021010703018046,ALBSL,59,41,11,"1,215.00","13,365.00"
2021-01-07,2021010703018045,ALBSL,59,45,250,"1,215.00","303,750.00"
2021-01-07,2021010703018323,ALICL,56,50,170,964.00,"163,880.00"
2021-01-07,2021010703018322,ALICL,28,50,200,964.00,"192,800.00"
2021-01-07,2021010703018317,ALICL,26,10,250,965.00,"241,250.00"
2021-01-07,2021010703018215,ALICL,38,10,100,965.00,"96,500.00"
2021-01-07,2021010703018058,ALICL,41,10,100,965.00,"96,500.00"
2021-01-07,2021010703018057,ALICL,33,10,20,965.00,"19,300.00"
2021-01-07,2021010703017962,ALICL,32,10,20,965.00,"19,300.00"
2021-01-07,2021010703017961,ALICL,59,10,966,965.00,"932,190.00"
2021-01-07,2021010703018161,BBC,6,36,10,"2,805.00","28,050.00"
2021-01-07,2021010703017930,BBC,6,25,10,"2,800.00","28,000.00"
2021-01-07,2021010703018382,BFC,47,40,20,140.00,"2,800.00"
2021-01-07,2021010703017975,BFC,59,57,20,138.00,"2,760.00"
2021-01-07,2021010703018073,CFCL,33,38,100,172.00,"17,200.00"
2021-01-07,2021010703018354,CIT,34,41,23,"3,400.00","78,200.00"
2021-01-07,2021010703018348,CIT,45,41,20,"3,400.00","68,000.00"
2021-01-07,2021010703018314,CIT,6,41,50,"3,400.00","170,000.00"
2021-01-07,2021010703018122,CIT,6,45,20,"3,399.00","67,980.00"
2021-01-07,2021010703018080,CIT,34,42,13,"3,398.00","44,174.00"
2021-01-07,2021010703017942,CIT,58,41,50,"3,400.00","170,000.00"
2021-01-07,2021010703017934,CIT,33,41,50,"3,400.00","170,000.00"
2021-01-07,2021010703018380,CLBSL,28,34,30,903.00,"27,090.00"
2021-01-07,2021010703018252,CLBSL,28,34,150,903.00,"135,450.00"
2021-01-07,2021010703018251,CLBSL,28,34,20,903.00,"18,060.00"
2021-01-07,2021010703018175,CLBSL,28,29,180,903.00,"162,540.00"
2021-01-07,2021010703018174,CLBSL,52,29,20,904.00,"18,080.00"
2021-01-07,2021010703018043,CLBSL,21,54,113,905.00,"102,265.00"
2021-01-07,2021010703018042,CLBSL,21,34,50,905.00,"45,250.00"
2021-01-07,2021010703018041,CLBSL,21,53,18,905.00,"16,290.00"
2021-01-07,2021010703018040,CLBSL,21,33,19,905.00,"17,195.00"
2021-01-07,2021010703018264,CMF1,43,54,100,10.10,"1,010.00"
2021-01-07,2021010703018101,CMF2,43,26,100,10.00,"1,000.00"
2021-01-07,2021010703018100,CMF2,43,22,200,9.87,"1,974.00"
2021-01-07,2021010703018369,CORBL,13,13,10,234.00,"2,340.00"
2021-01-07,2021010703018178,DDBL,57,7,120,"1,458.00","174,960.00"
2021-01-07,2021010703018152,DDBL,45,11,25,"1,457.00","36,425.00"
2021-01-07,2021010703017940,DDBL,41,59,20,"1,455.00","29,100.00"
2021-01-07,2021010703017939,DDBL,34,59,30,"1,456.00","43,680.00"
2021-01-07,2021010703017917,DDBL,34,45,300,"1,456.00","436,800.00"
2021-01-07,2021010703018200,FMDBL,41,35,200,602.00,"120,400.00"
2021-01-07,2021010703018191,FMDBL,49,35,355,598.00,"212,290.00"
2021-01-07,2021010703018190,FMDBL,22,35,100,598.00,"59,800.00"
2021-01-07,2021010703018189,FMDBL,53,35,20,598.00,"11,960.00"
2021-01-07,2021010703018188,FMDBL,53,35,20,598.00,"11,960.00"
2021-01-07,2021010703018187,FMDBL,53,35,30,598.00,"17,940.00"
2021-01-07,2021010703018132,FMDBL,49,48,200,600.00,"120,000.00"
2021-01-07,2021010703018131,FMDBL,49,35,25,600.00,"15,000.00"
2021-01-07,2021010703018093,FMDBL,37,35,100,600.00,"60,000.00"
2021-01-07,2021010703018186,FMDBL,44,35,400,598.00,"239,200.00"
2021-01-07,2021010703018185,FMDBL,48,35,300,598.00,"179,400.00"
2021-01-07,2021010703018184,FMDBL,58,35,100,599.00,"59,900.00"
2021-01-07,2021010703018183,FMDBL,26,35,200,599.00,"119,800.00"
2021-01-07,2021010703018182,FMDBL,57,35,50,599.00,"29,950.00"
2021-01-07,2021010703018181,FMDBL,49,35,425,600.00,"255,000.00"
2021-01-07,2021010703018134,FOWAD,41,41,20,"2,327.00","46,540.00"
2021-01-07,2021010703018133,FOWAD,7,41,40,"2,328.00","93,120.00"
2021-01-07,2021010703018123,FOWAD,7,6,10,"2,327.00","23,270.00"
2021-01-07,2021010703018107,FOWAD,58,6,90,"2,327.00","209,430.00"
2021-01-07,2021010703018060,FOWAD,58,22,10,"2,327.00","23,270.00"
2021-01-07,2021010703018034,FOWAD,29,51,55,"2,327.00","127,985.00"
2021-01-07,2021010703017941,FOWAD,29,7,40,"2,327.00","93,080.00"
2021-01-07,2021010703018315,GBBL,4,58,"2,000",316.00,"632,000.00"
2021-01-07,2021010703018218,GBBL,49,19,100,317.00,"31,700.00"
2021-01-07,2021010703017923,GBBL,16,19,70,317.00,"22,190.00"
2021-01-07,2021010703018347,GBLBS,42,37,100,609.00,"60,900.00"
2021-01-07,2021010703018265,GBLBS,38,19,200,608.00,"121,600.00"
2021-01-07,2021010703018261,GBLBS,22,37,10,609.00,"6,090.00"
2021-01-07,2021010703018159,GBLBS,53,37,90,609.00,"54,810.00"
2021-01-07,2021010703018054,GBLBS,53,37,90,609.00,"54,810.00"
2021-01-07,2021010703017964,GBLBS,58,37,40,609.00,"24,360.00"
2021-01-07,2021010703017963,GBLBS,58,57,15,608.00,"9,120.00"
2021-01-07,2021010703018068,GFCL,42,22,150,195.00,"29,250.00"
2021-01-07,2021010703018176,GILB,38,42,14,"1,422.00","19,908.00"
2021-01-07,2021010703018393,GMFBS,58,10,100,"1,170.00","117,000.00"
2021-01-07,2021010703018392,GMFBS,28,10,500,"1,171.00","585,500.00"
2021-01-07,2021010703018391,GMFBS,25,10,10,"1,175.00","11,750.00"
2021-01-07,2021010703018390,GMFBS,59,10,50,"1,175.00","58,750.00"
2021-01-07,2021010703018389,GMFBS,49,10,230,"1,175.00","270,250.00"
2021-01-07,2021010703018388,GMFBS,49,10,90,"1,176.00","105,840.00"
2021-01-07,2021010703018079,GRDBL,37,42,50,155.00,"7,750.00"
2021-01-07,2021010703018078,GRDBL,37,42,210,155.00,"32,550.00"
2021-01-07,2021010703018327,GUFL,37,32,249,226.00,"56,274.00"
2021-01-07,2021010703018326,GUFL,37,32,200,226.00,"45,200.00"
2021-01-07,2021010703018325,GUFL,37,45,39,226.00,"8,814.00"
2021-01-07,2021010703018324,GUFL,37,4,18,225.00,"4,050.00"
2021-01-07,2021010703018306,GUFL,20,57,300,225.00,"67,500.00"
2021-01-07,2021010703017992,GUFL,33,45,11,226.00,"2,486.00"
2021-01-07,2021010703017991,GUFL,33,53,23,226.00,"5,198.00"
2021-01-07,2021010703017990,GUFL,33,17,100,225.00,"22,500.00"
2021-01-07,2021010703017989,GUFL,33,38,66,225.00,"14,850.00"
2021-01-07,2021010703017938,GUFL,32,38,200,225.00,"45,000.00"
2021-01-07,2021010703018358,HIDCL,56,37,"1,800",267.00,"480,600.00"
2021-01-07,2021010703018357,HIDCL,56,56,200,266.00,"53,200.00"
2021-01-07,2021010703018356,HIDCL,56,41,"1,000",266.00,"266,000.00"
2021-01-07,2021010703018156,HIDCL,11,57,22,265.00,"5,830.00"
2021-01-07,2021010703018077,HIDCL,35,57,250,265.00,"66,250.00"
2021-01-07,2021010703018028,HIDCL,38,57,50,265.00,"13,250.00"
2021-01-07,2021010703018003,HIDCL,55,57,100,265.00,"26,500.00"
2021-01-07,2021010703018002,HIDCL,32,57,100,265.00,"26,500.00"
2021-01-07,2021010703018001,HIDCL,50,57,100,265.00,"26,500.00"
2021-01-07,2021010703018000,HIDCL,36,57,365,265.00,"96,725.00"
2021-01-07,2021010703018009,HIDCL,58,57,50,265.00,"13,250.00"
2021-01-07,2021010703018008,HIDCL,11,57,100,265.00,"26,500.00"
2021-01-07,2021010703018007,HIDCL,1,57,30,265.00,"7,950.00"
2021-01-07,2021010703018006,HIDCL,36,57,200,265.00,"53,000.00"
2021-01-07,2021010703018005,HIDCL,45,57,33,265.00,"8,745.00"
2021-01-07,2021010703018004,HIDCL,57,57,100,265.00,"26,500.00"
2021-01-07,2021010703018379,ILBS,10,19,10,"1,135.00","11,350.00"
2021-01-07,2021010703018377,ILBS,34,36,11,"1,130.00","12,430.00"
2021-01-07,2021010703018072,ILBS,34,41,14,"1,130.00","15,820.00"
2021-01-07,2021010703017999,ILBS,34,41,11,"1,130.00","12,430.00"
2021-01-07,2021010703017929,ILBS,34,41,10,"1,130.00","11,300.00"
2021-01-07,2021010703017918,ILBS,34,41,44,"1,130.00","49,720.00"
2021-01-07,2021010703018343,JBBL,34,38,995,230.00,"228,850.00"
2021-01-07,2021010703018342,JBBL,57,38,100,230.00,"23,000.00"
2021-01-07,2021010703018341,JBBL,4,38,200,230.00,"46,000.00"
2021-01-07,2021010703018340,JBBL,49,38,50,230.00,"11,500.00"
2021-01-07,2021010703018339,JBBL,21,38,20,230.00,"4,600.00"
2021-01-07,2021010703018338,JBBL,59,38,500,230.00,"115,000.00"
2021-01-07,2021010703018018,JBBL,34,45,20,232.00,"4,640.00"
2021-01-07,2021010703017919,JBBL,14,45,500,232.00,"116,000.00"
2021-01-07,2021010703018088,JBBL,16,34,200,231.00,"46,200.00"
2021-01-07,2021010703018087,JBBL,53,34,250,231.00,"57,750.00"
2021-01-07,2021010703018086,JBBL,34,34,500,231.00,"115,500.00"
2021-01-07,2021010703018085,JBBL,1,34,721,231.00,"166,551.00"
2021-01-07,2021010703018037,JBBL,55,45,"1,000",232.00,"232,000.00"
2021-01-07,2021010703018030,JBBL,49,45,150,232.00,"34,800.00"
2021-01-07,2021010703018260,JBBL,38,34,"4,029",231.00,"930,699.00"
2021-01-07,2021010703018136,JBBL,38,34,"1,000",231.00,"231,000.00"
2021-01-07,2021010703018092,JBBL,22,34,100,231.00,"23,100.00"
2021-01-07,2021010703018091,JBBL,34,34,550,231.00,"127,050.00"
2021-01-07,2021010703018090,JBBL,49,34,200,231.00,"46,200.00"
2021-01-07,2021010703018089,JBBL,38,34,500,231.00,"115,500.00"
2021-01-07,2021010703018337,JBBL,58,38,30,230.00,"6,900.00"
2021-01-07,2021010703018336,JBBL,50,38,30,230.00,"6,900.00"
2021-01-07,2021010703018335,JBBL,38,38,500,230.00,"115,000.00"
2021-01-07,2021010703018334,JBBL,38,38,400,230.00,"92,000.00"
2021-01-07,2021010703018333,JBBL,11,38,100,231.00,"23,100.00"
2021-01-07,2021010703018332,JBBL,34,38,75,231.00,"17,325.00"
2021-01-07,2021010703018302,JFL,51,39,500,251.00,"125,500.00"
2021-01-07,2021010703018301,JFL,13,39,50,251.00,"12,550.00"
2021-01-07,2021010703018300,JFL,45,39,500,251.00,"125,500.00"
2021-01-07,2021010703018299,JFL,35,39,500,251.00,"125,500.00"
2021-01-07,2021010703018298,JFL,26,39,50,252.00,"12,600.00"
2021-01-07,2021010703018297,JFL,14,39,100,252.00,"25,200.00"
2021-01-07,2021010703018149,JFL,44,54,50,256.00,"12,800.00"
2021-01-07,2021010703018148,JFL,44,49,20,256.00,"5,120.00"
2021-01-07,2021010703018147,JFL,44,8,911,256.00,"233,216.00"
2021-01-07,2021010703018296,JFL,29,39,190,252.00,"47,880.00"
2021-01-07,2021010703018295,JFL,54,39,200,252.00,"50,400.00"
2021-01-07,2021010703018294,JFL,59,39,590,252.00,"148,680.00"
2021-01-07,2021010703018293,JFL,45,39,300,253.00,"75,900.00"
2021-01-07,2021010703018292,JFL,36,39,400,253.00,"101,200.00"
2021-01-07,2021010703018291,JFL,4,39,293,253.00,"74,129.00"
2021-01-07,2021010703018385,JSLBB,58,56,10,"2,230.00","22,300.00"
2021-01-07,2021010703018287,JSLBB,58,11,20,"2,226.00","44,520.00"
2021-01-07,2021010703018286,JSLBB,58,11,20,"2,226.00","44,520.00"
2021-01-07,2021010703018285,JSLBB,58,22,200,"2,225.00","445,000.00"
2021-01-07,2021010703018284,JSLBB,58,32,100,"2,224.00","222,400.00"
2021-01-07,2021010703018283,JSLBB,58,36,16,"2,222.00","35,552.00"
2021-01-07,2021010703018114,JSLBB,58,57,226,"2,200.00","497,200.00"
2021-01-07,2021010703018113,JSLBB,58,49,100,"2,190.00","219,000.00"
2021-01-07,2021010703018108,JSLBB,41,8,10,"2,182.00","21,820.00"
2021-01-07,2021010703018053,JSLBB,58,57,15,"2,200.00","33,000.00"
2021-01-07,2021010703018052,JSLBB,58,16,53,"2,197.00","116,441.00"
2021-01-07,2021010703018051,JSLBB,58,45,232,"2,195.00","509,240.00"
2021-01-07,2021010703018167,JSLBB,58,58,40,"2,217.00","88,680.00"
2021-01-07,2021010703018166,JSLBB,58,11,10,"2,210.00","22,100.00"
2021-01-07,2021010703018165,JSLBB,58,29,200,"2,208.00","441,600.00"
2021-01-07,2021010703018164,JSLBB,58,37,100,"2,205.00","220,500.00"
2021-01-07,2021010703018163,JSLBB,58,11,326,"2,200.00","717,200.00"
2021-01-07,2021010703018115,JSLBB,58,11,174,"2,200.00","382,800.00"
2021-01-07,2021010703018282,JSLBB,58,48,20,"2,222.00","44,440.00"
2021-01-07,2021010703018281,JSLBB,58,49,100,"2,220.00","222,000.00"
2021-01-07,2021010703018280,JSLBB,58,25,76,"2,219.00","168,644.00"
2021-01-07,2021010703018279,JSLBB,58,29,20,"2,218.00","44,360.00"
2021-01-07,2021010703018278,JSLBB,58,21,420,"2,200.00","924,000.00"
2021-01-07,2021010703018168,JSLBB,58,25,24,"2,219.00","53,256.00"
2021-01-07,2021010703018192,KLBSL,55,11,10,"1,182.00","11,820.00"
2021-01-07,2021010703018376,KMCDB,25,18,10,989.00,"9,890.00"
2021-01-07,2021010703018173,KMCDB,49,43,10,984.00,"9,840.00"
2021-01-07,2021010703018061,KMCDB,25,18,10,989.00,"9,890.00"
2021-01-07,2021010703018350,KRBL,34,57,10,136.00,"1,360.00"
2021-01-07,2021010703018375,KSBBL,48,8,200,219.00,"43,800.00"
2021-01-07,2021010703018331,KSBBL,42,8,320,219.00,"70,080.00"
2021-01-07,2021010703018011,KSBBL,42,22,180,219.00,"39,420.00"
2021-01-07,2021010703018010,KSBBL,4,22,20,220.00,"4,400.00"
2021-01-07,2021010703017969,KSBBL,4,39,30,220.00,"6,600.00"
2021-01-07,2021010703018151,LBBL,51,11,19,208.00,"3,952.00"
2021-01-07,2021010703018014,LICN,39,28,150,"2,000.00","300,000.00"
2021-01-07,2021010703018013,LICN,39,6,100,"2,000.00","200,000.00"
2021-01-07,2021010703018012,LICN,39,58,65,"2,000.00","130,000.00"
2021-01-07,2021010703018383,LLBS,55,45,10,"1,350.00","13,500.00"
2021-01-07,2021010703018387,MDB,1,41,108,330.00,"35,640.00"
2021-01-07,2021010703018106,MDB,1,51,17,330.00,"5,610.00"
2021-01-07,2021010703018105,MDB,42,51,50,330.00,"16,500.00"
2021-01-07,2021010703018104,MDB,33,51,200,330.00,"66,000.00"
2021-01-07,2021010703018103,MDB,42,51,33,330.00,"10,890.00"
2021-01-07,2021010703018244,MERO,49,20,"2,049",943.00,"1,932,207.00"
2021-01-07,2021010703018243,MERO,49,34,54,942.00,"50,868.00"
2021-01-07,2021010703018242,MERO,49,57,51,942.00,"48,042.00"
2021-01-07,2021010703018241,MERO,49,22,20,942.00,"18,840.00"
2021-01-07,2021010703018222,MERO,49,41,100,939.00,"93,900.00"
2021-01-07,2021010703018228,MERO,49,3,410,940.00,"385,400.00"
2021-01-07,2021010703018227,MERO,49,55,100,940.00,"94,000.00"
2021-01-07,2021010703018226,MERO,49,41,13,940.00,"12,220.00"
2021-01-07,2021010703018225,MERO,49,6,22,940.00,"20,680.00"
2021-01-07,2021010703018224,MERO,49,29,965,939.00,"906,135.00"
2021-01-07,2021010703018223,MERO,49,48,200,939.00,"187,800.00"
2021-01-07,2021010703018234,MERO,49,38,65,941.00,"61,165.00"
2021-01-07,2021010703018233,MERO,49,51,10,940.00,"9,400.00"
2021-01-07,2021010703018232,MERO,49,49,55,940.00,"51,700.00"
2021-01-07,2021010703018231,MERO,49,48,25,940.00,"23,500.00"
2021-01-07,2021010703018230,MERO,49,42,100,940.00,"94,000.00"
2021-01-07,2021010703018229,MERO,49,13,43,940.00,"40,420.00"
2021-01-07,2021010703018240,MERO,49,11,95,942.00,"89,490.00"
2021-01-07,2021010703018239,MERO,49,49,400,942.00,"376,800.00"
2021-01-07,2021010703018238,MERO,49,42,50,941.00,"47,050.00"
2021-01-07,2021010703018237,MERO,49,42,13,941.00,"12,233.00"
2021-01-07,2021010703018236,MERO,49,7,100,941.00,"94,100.00"
2021-01-07,2021010703018235,MERO,49,28,60,941.00,"56,460.00"
2021-01-07,2021010703018406,MFIL,55,45,10,334.00,"3,340.00"
2021-01-07,2021010703018303,MFIL,55,6,10,335.00,"3,350.00"
2021-01-07,2021010703018221,MFIL,55,11,57,334.00,"19,038.00"
2021-01-07,2021010703018220,MFIL,55,7,207,330.00,"68,310.00"
2021-01-07,2021010703018219,MFIL,55,48,99,329.00,"32,571.00"
2021-01-07,2021010703018384,MLBL,34,21,50,255.00,"12,750.00"
2021-01-07,2021010703018316,MLBL,52,5,50,254.00,"12,700.00"
2021-01-07,2021010703017971,MLBL,44,42,500,255.00,"127,500.00"
2021-01-07,2021010703017970,MLBL,44,50,344,255.00,"87,720.00"
2021-01-07,2021010703017916,MLBL,52,21,500,254.00,"127,000.00"
2021-01-07,2021010703017977,MLBL,45,57,75,253.00,"18,975.00"
2021-01-07,2021010703017976,MLBL,52,57,425,254.00,"107,950.00"
2021-01-07,2021010703017974,MLBL,44,34,111,255.00,"28,305.00"
2021-01-07,2021010703017973,MLBL,44,44,999,255.00,"254,745.00"
2021-01-07,2021010703017972,MLBL,44,11,46,255.00,"11,730.00"
2021-01-07,2021010703018290,MMFDB,4,50,49,"1,241.00","60,809.00"
2021-01-07,2021010703018289,MMFDB,45,50,20,"1,241.00","24,820.00"
2021-01-07,2021010703018288,MMFDB,42,50,31,"1,241.00","38,471.00"
2021-01-07,2021010703018155,MMFDB,42,29,20,"1,241.00","24,820.00"
2021-01-07,2021010703017948,MMFDB,42,52,18,"1,241.00","22,338.00"
2021-01-07,2021010703018386,MNBBL,28,52,10,353.00,"3,530.00"
2021-01-07,2021010703018076,MNBBL,6,42,192,352.00,"67,584.00"
2021-01-07,2021010703018075,MNBBL,49,42,100,352.00,"35,200.00"
2021-01-07,2021010703018074,MNBBL,49,42,208,352.00,"73,216.00"
2021-01-07,2021010703017996,MNBBL,14,52,280,353.00,"98,840.00"
2021-01-07,2021010703017960,MNBBL,49,26,330,352.00,"116,160.00"
2021-01-07,2021010703017959,MNBBL,39,26,170,352.00,"59,840.00"
2021-01-07,2021010703018345,MPFL,42,43,20,165.00,"3,300.00"
2021-01-07,2021010703018304,MPFL,45,43,50,165.00,"8,250.00"
2021-01-07,2021010703018320,MSMBS,20,14,20,935.00,"18,700.00"
2021-01-07,2021010703018319,MSMBS,20,6,22,935.00,"20,570.00"
2021-01-07,2021010703018318,MSMBS,20,38,11,934.00,"10,274.00"
2021-01-07,2021010703018063,MSMBS,36,5,98,930.00,"91,140.00"
2021-01-07,2021010703018035,MSMBS,36,51,11,930.00,"10,230.00"
2021-01-07,2021010703018096,NABBC,59,46,200,632.00,"126,400.00"
2021-01-07,2021010703018095,NABBC,8,46,300,632.00,"189,600.00"
2021-01-07,2021010703018022,NLBBL,6,34,597,"1,170.00","698,490.00"
2021-01-07,2021010703018021,NLBBL,43,34,200,"1,170.00","234,000.00"
2021-01-07,2021010703018020,NLBBL,6,34,103,"1,170.00","120,510.00"
2021-01-07,2021010703018019,NLBBL,6,34,100,"1,171.00","117,100.00"
2021-01-07,2021010703017957,NLBBL,33,55,100,"1,173.00","117,300.00"
2021-01-07,2021010703018381,NLIC,56,4,100,"2,383.00","238,300.00"
2021-01-07,2021010703018363,NLIC,10,45,455,"2,382.00","1,083,810.00"
2021-01-07,2021010703018362,NLIC,46,45,500,"2,382.00","1,191,000.00"
2021-01-07,2021010703018361,NLIC,49,45,100,"2,383.00","238,300.00"
2021-01-07,2021010703018360,NLIC,56,45,55,"2,383.00","131,065.00"
2021-01-07,2021010703018359,NLIC,50,45,40,"2,384.00","95,360.00"
2021-01-07,2021010703017932,NLIC,54,26,30,"2,384.00","71,520.00"
2021-01-07,2021010703017979,NLIC,44,4,300,"2,382.00","714,600.00"
2021-01-07,2021010703017978,NLIC,19,4,10,"2,382.00","23,820.00"
2021-01-07,2021010703017955,NLIC,58,19,30,"2,384.00","71,520.00"
2021-01-07,2021010703017937,NLIC,19,39,90,"2,382.00","214,380.00"
2021-01-07,2021010703017936,NLIC,8,39,10,"2,383.00","23,830.00"
2021-01-07,2021010703017933,NLIC,54,19,70,"2,384.00","166,880.00"
2021-01-07,2021010703018017,NLIC,56,19,100,"2,384.00","238,400.00"
2021-01-07,2021010703018016,NLIC,56,59,100,"2,383.00","238,300.00"
2021-01-07,2021010703017983,NLIC,55,4,30,"2,382.00","71,460.00"
2021-01-07,2021010703017982,NLIC,14,4,20,"2,382.00","47,640.00"
2021-01-07,2021010703017981,NLIC,29,4,100,"2,382.00","238,200.00"
2021-01-07,2021010703017980,NLIC,6,4,40,"2,382.00","95,280.00"
2021-01-07,2021010703018172,NLIC,56,45,45,"2,385.00","107,325.00"
2021-01-07,2021010703018171,NLIC,56,59,30,"2,385.00","71,550.00"
2021-01-07,2021010703018170,NLIC,56,38,10,"2,384.00","23,840.00"
2021-01-07,2021010703018169,NLIC,56,53,115,"2,384.00","274,160.00"
2021-01-07,2021010703018162,NLIC,14,51,15,"2,383.00","35,745.00"
2021-01-07,2021010703018059,NLIC,34,53,35,"2,384.00","83,440.00"
2021-01-07,2021010703018309,NLIC,28,57,120,"2,383.00","285,960.00"
2021-01-07,2021010703018308,NLIC,14,57,35,"2,383.00","83,405.00"
2021-01-07,2021010703018307,NLIC,39,57,50,"2,383.00","119,150.00"
2021-01-07,2021010703018305,NLIC,54,45,10,"2,385.00","23,850.00"
2021-01-07,2021010703018270,NLIC,16,45,380,"2,385.00","906,300.00"
2021-01-07,2021010703018269,NLIC,16,59,20,"2,384.00","47,680.00"
2021-01-07,2021010703018344,NLIC,45,45,200,"2,385.00","477,000.00"
2021-01-07,2021010703018328,NLIC,57,45,250,"2,385.00","596,250.00"
2021-01-07,2021010703018313,NLIC,56,57,45,"2,383.00","107,235.00"
2021-01-07,2021010703018312,NLIC,59,57,30,"2,383.00","71,490.00"
2021-01-07,2021010703018311,NLIC,49,57,200,"2,383.00","476,600.00"
2021-01-07,2021010703018310,NLIC,55,57,20,"2,383.00","47,660.00"
2021-01-07,2021010703018374,NLICL,58,46,29,"1,130.00","32,770.00"
2021-01-07,2021010703018373,NLICL,58,33,150,"1,130.00","169,500.00"
2021-01-07,2021010703018372,NLICL,58,38,200,"1,130.00","226,000.00"
2021-01-07,2021010703018371,NLICL,58,53,121,"1,129.00","136,609.00"
2021-01-07,2021010703018364,NLICL,44,10,100,"1,118.00","111,800.00"
2021-01-07,2021010703018277,NLICL,50,36,359,"1,116.00","400,644.00"
2021-01-07,2021010703018153,NLICL,33,36,"1,000","1,116.00","1,116,000.00"
2021-01-07,2021010703018150,NLICL,33,45,100,"1,115.00","111,500.00"
2021-01-07,2021010703018121,NLICL,40,36,200,"1,116.00","223,200.00"
2021-01-07,2021010703018112,NLICL,20,36,500,"1,116.00","558,000.00"
2021-01-07,2021010703018038,NLICL,33,45,90,"1,115.00","100,350.00"
2021-01-07,2021010703017924,NLICL,7,36,500,"1,116.00","558,000.00"
2021-01-07,2021010703018271,NLICL,44,36,200,"1,116.00","223,200.00"
2021-01-07,2021010703018255,NLICL,38,36,50,"1,116.00","55,800.00"
2021-01-07,2021010703018193,NLICL,41,22,90,"1,115.00","100,350.00"
2021-01-07,2021010703018177,NLICL,25,22,20,"1,115.00","22,300.00"
2021-01-07,2021010703018158,NLICL,59,22,80,"1,115.00","89,200.00"
2021-01-07,2021010703018157,NLICL,33,22,810,"1,115.00","903,150.00"
2021-01-07,2021010703018401,NMBMF,46,59,300,"1,021.00","306,300.00"
2021-01-07,2021010703018094,NMBMF,33,59,887,"1,021.00","905,627.00"
2021-01-07,2021010703018083,NMBMF,58,42,230,"1,025.00","235,750.00"
2021-01-07,2021010703018082,NMBMF,58,45,20,"1,025.00","20,500.00"
2021-01-07,2021010703018081,NMBMF,58,57,40,"1,025.00","41,000.00"
2021-01-07,2021010703018026,NMBMF,32,59,110,"1,022.00","112,420.00"
2021-01-07,2021010703018025,NMBMF,32,59,100,"1,022.00","102,200.00"
2021-01-07,2021010703018024,NMBMF,7,59,10,"1,022.00","10,220.00"
2021-01-07,2021010703018023,NMBMF,47,59,100,"1,022.00","102,200.00"
2021-01-07,2021010703017958,NMBMF,5,59,200,"1,023.00","204,600.00"
2021-01-07,2021010703017920,NMBMF,19,59,125,"1,024.00","128,000.00"
2021-01-07,2021010703018329,NRIC,40,41,12,"1,547.00","18,564.00"
2021-01-07,2021010703018321,NRIC,45,41,50,"1,547.00","77,350.00"
2021-01-07,2021010703018263,NRIC,25,41,50,"1,547.00","77,350.00"
2021-01-07,2021010703018262,NRIC,25,41,20,"1,547.00","30,940.00"
2021-01-07,2021010703018259,NRIC,45,41,20,"1,547.00","30,940.00"
2021-01-07,2021010703018247,NRIC,45,41,10,"1,547.00","15,470.00"
2021-01-07,2021010703017914,NRIC,55,6,25,"1,546.00","38,650.00"
2021-01-07,2021010703017913,NRIC,25,6,25,"1,546.00","38,650.00"
2021-01-07,2021010703017995,NRIC,28,38,15,"1,546.00","23,190.00"
2021-01-07,2021010703017994,NRIC,55,38,25,"1,546.00","38,650.00"
2021-01-07,2021010703017968,NRIC,42,59,40,"1,547.00","61,880.00"
2021-01-07,2021010703017966,NRIC,42,57,60,"1,547.00","92,820.00"
2021-01-07,2021010703017956,NRIC,25,57,30,"1,547.00","46,410.00"
2021-01-07,2021010703017951,NRIC,38,57,10,"1,547.00","15,470.00"
2021-01-07,2021010703018062,NRIC,28,38,40,"1,546.00","61,840.00"
2021-01-07,2021010703018050,NRIC,52,45,48,"1,548.00","74,304.00"
2021-01-07,2021010703018049,NRIC,52,45,187,"1,548.00","289,476.00"
2021-01-07,2021010703018048,NRIC,52,49,50,"1,547.00","77,350.00"
2021-01-07,2021010703018047,NRIC,52,59,15,"1,547.00","23,205.00"
2021-01-07,2021010703018015,NRIC,59,59,45,"1,547.00","69,615.00"
2021-01-07,2021010703018217,NRIC,28,48,100,"1,546.00","154,600.00"
2021-01-07,2021010703018137,NRIC,53,41,100,"1,547.00","154,700.00"
2021-01-07,2021010703018130,NRIC,25,41,45,"1,547.00","69,615.00"
2021-01-07,2021010703018111,NRIC,53,45,100,"1,548.00","154,800.00"
2021-01-07,2021010703018099,NRIC,28,44,40,"1,546.00","61,840.00"
2021-01-07,2021010703018098,NRIC,35,45,100,"1,548.00","154,800.00"
2021-01-07,2021010703018071,NRN,32,41,50,359.00,"17,950.00"
2021-01-07,2021010703018070,NRN,45,41,169,359.00,"60,671.00"
2021-01-07,2021010703017950,NRN,45,58,10,359.00,"3,590.00"
2021-01-07,2021010703017947,NRN,45,14,10,359.00,"3,590.00"
2021-01-07,2021010703017931,NRN,45,6,10,359.00,"3,590.00"
2021-01-07,2021010703018258,NTC,34,13,23,"1,268.00","29,164.00"
2021-01-07,2021010703018257,NTC,34,42,27,"1,267.00","34,209.00"
2021-01-07,2021010703018254,NTC,46,42,75,"1,267.00","95,025.00"
2021-01-07,2021010703018253,NTC,46,4,25,"1,267.00","31,675.00"
2021-01-07,2021010703018138,NTC,6,45,40,"1,265.00","50,600.00"
2021-01-07,2021010703018116,NTC,34,4,10,"1,267.00","12,670.00"
2021-01-07,2021010703018110,NTC,11,4,65,"1,267.00","82,355.00"
2021-01-07,2021010703018109,NTC,11,35,35,"1,267.00","44,345.00"
2021-01-07,2021010703018029,NTC,46,35,65,"1,267.00","82,355.00"
2021-01-07,2021010703017952,NTC,6,50,100,"1,265.00","126,500.00"
2021-01-07,2021010703017922,NTC,6,56,90,"1,265.00","113,850.00"
2021-01-07,2021010703017921,NTC,51,56,10,"1,267.00","12,670.00"
2021-01-07,2021010703017949,NUBL,50,41,20,"1,370.00","27,400.00"
2021-01-07,2021010703017928,NUBL,50,58,500,"1,362.00","681,000.00"
2021-01-07,2021010703017927,NUBL,58,58,500,"1,362.00","681,000.00"
2021-01-07,2021010703018208,PFL,13,41,669,187.00,"125,103.00"
2021-01-07,2021010703018207,PFL,13,39,32,186.00,"5,952.00"
2021-01-07,2021010703018206,PFL,13,42,593,186.00,"110,298.00"
2021-01-07,2021010703018205,PFL,13,33,409,185.00,"75,665.00"
2021-01-07,2021010703018204,PFL,13,52,86,185.00,"15,910.00"
2021-01-07,2021010703018203,PFL,13,40,42,185.00,"7,770.00"
2021-01-07,2021010703018202,PFL,13,28,200,184.00,"36,800.00"
2021-01-07,2021010703018201,PFL,13,54,400,184.00,"73,600.00"
2021-01-07,2021010703018139,PFL,13,54,50,184.00,"9,200.00"
2021-01-07,2021010704000006,PLI,34,41,10,190.00,"1,900.00"
2021-01-07,2021010704000005,PLI,47,32,10,188.00,"1,880.00"
2021-01-07,2021010704000004,PLI,3,35,10,185.00,"1,850.00"
2021-01-07,2021010704000003,PLI,48,33,10,182.00,"1,820.00"
2021-01-07,2021010704000002,PLI,48,41,10,179.00,"1,790.00"
2021-01-07,2021010704000001,PLI,32,48,10,176.00,"1,760.00"
2021-01-07,2021010703018135,PLIC,42,28,558,769.00,"429,102.00"
2021-01-07,2021010703017993,PLIC,35,28,52,769.00,"39,988.00"
2021-01-07,2021010703017953,PROFL,34,22,10,130.00,"1,300.00"
2021-01-07,2021010703018246,RLFL,44,25,10,173.00,"1,730.00"
2021-01-07,2021010703018368,RLI,55,58,50,617.00,"30,850.00"
2021-01-07,2021010703018367,RLI,7,58,10,617.00,"6,170.00"
2021-01-07,2021010703018366,RLI,22,58,20,617.00,"12,340.00"
2021-01-07,2021010703018346,RLI,22,51,10,617.00,"6,170.00"
2021-01-07,2021010703018330,RLI,22,42,20,617.00,"12,340.00"
2021-01-07,2021010703018268,RLI,22,41,50,617.00,"30,850.00"
2021-01-07,2021010703018267,RLI,22,41,100,617.00,"61,700.00"
2021-01-07,2021010703018266,RLI,58,41,50,617.00,"30,850.00"
2021-01-07,2021010703018146,RLI,58,36,10,617.00,"6,170.00"
2021-01-07,2021010703017954,RLI,58,11,10,617.00,"6,170.00"
2021-01-07,2021010703017926,RLI,58,10,50,617.00,"30,850.00"
2021-01-07,2021010703017988,RMDC,21,55,40,"1,199.00","47,960.00"
2021-01-07,2021010703017987,RMDC,21,58,50,"1,199.00","59,950.00"
2021-01-07,2021010703017986,RMDC,21,3,10,"1,199.00","11,990.00"
2021-01-07,2021010703017985,RMDC,21,35,200,"1,197.00","239,400.00"
2021-01-07,2021010703017984,RMDC,21,33,200,"1,196.00","239,200.00"
2021-01-07,2021010703018365,RSDC,34,49,200,607.00,"121,400.00"
2021-01-07,2021010703018248,RSDC,14,50,10,609.00,"6,090.00"
2021-01-07,2021010703018216,RSDC,33,50,200,609.00,"121,800.00"
2021-01-07,2021010703018180,RSDC,34,14,100,607.00,"60,700.00"
2021-01-07,2021010703018179,RSDC,21,14,100,608.00,"60,800.00"
2021-01-07,2021010703018160,RSDC,44,50,15,609.00,"9,135.00"
2021-01-07,2021010703018084,RSDC,49,33,100,608.00,"60,800.00"
2021-01-07,2021010703018198,SABSL,44,11,11,"1,100.00","12,100.00"
2021-01-07,2021010703018197,SABSL,44,54,11,"1,099.00","12,089.00"
2021-01-07,2021010703018196,SABSL,44,37,11,"1,095.00","12,045.00"
2021-01-07,2021010703018195,SABSL,44,6,11,"1,088.00","11,968.00"
2021-01-07,2021010703018194,SABSL,44,21,11,"1,088.00","11,968.00"
2021-01-07,2021010703018067,SABSL,44,38,11,"1,087.00","11,957.00"
2021-01-07,2021010703018066,SABSL,44,26,33,"1,086.00","35,838.00"
2021-01-07,2021010703018065,SABSL,44,10,10,"1,086.00","10,860.00"
2021-01-07,2021010703018064,SABSL,44,47,11,"1,086.00","11,946.00"
2021-01-07,2021010703018056,SABSL,57,17,1,"1,085.00","1,085.00"
2021-01-07,2021010703018055,SABSL,57,34,11,"1,085.00","11,935.00"
2021-01-07,2021010703017935,SADBL,57,52,45,183.00,"8,235.00"
2021-01-07,2021010703018213,SAPDBL,42,4,300,145.00,"43,500.00"
2021-01-07,2021010703018212,SAPDBL,56,4,100,145.00,"14,500.00"
2021-01-07,2021010703018211,SAPDBL,34,4,200,145.00,"29,000.00"
2021-01-07,2021010703018210,SAPDBL,42,4,300,145.00,"43,500.00"
2021-01-07,2021010703018209,SAPDBL,56,4,100,145.00,"14,500.00"
2021-01-07,2021010703017946,SAPDBL,45,48,50,146.00,"7,300.00"
2021-01-07,2021010703017945,SAPDBL,10,48,439,146.00,"64,094.00"
2021-01-07,2021010703017944,SAPDBL,51,48,100,146.00,"14,600.00"
2021-01-07,2021010703017943,SAPDBL,57,48,"1,000",146.00,"146,000.00"
2021-01-07,2021010703018404,SDLBSL,6,40,10,"1,115.00","11,150.00"
2021-01-07,2021010703018403,SDLBSL,6,22,30,"1,115.00","33,450.00"
2021-01-07,2021010703018402,SDLBSL,6,36,60,"1,115.00","66,900.00"
2021-01-07,2021010703018145,SDLBSL,6,36,130,"1,115.00","144,950.00"
2021-01-07,2021010703018144,SDLBSL,6,14,30,"1,112.00","33,360.00"
2021-01-07,2021010703018143,SDLBSL,6,48,30,"1,108.00","33,240.00"
2021-01-07,2021010703018142,SDLBSL,6,21,120,"1,108.00","132,960.00"
2021-01-07,2021010703018141,SDLBSL,6,29,10,"1,108.00","11,080.00"
2021-01-07,2021010703018140,SDLBSL,6,47,80,"1,107.00","88,560.00"
2021-01-07,2021010703017967,SDLBSL,6,59,100,"1,100.00","110,000.00"
2021-01-07,2021010703017965,SDLBSL,42,6,10,"1,084.00","10,840.00"
2021-01-07,2021010703018154,SFCL,57,56,313,130.00,"40,690.00"
2021-01-07,2021010703018032,SFCL,20,56,100,130.00,"13,000.00"
2021-01-07,2021010703018276,SHINE,54,41,30,240.00,"7,200.00"
2021-01-07,2021010703018275,SHINE,19,41,50,240.00,"12,000.00"
2021-01-07,2021010703018274,SHINE,41,41,100,240.00,"24,000.00"
2021-01-07,2021010703018273,SHINE,1,41,100,240.00,"24,000.00"
2021-01-07,2021010703018272,SHINE,46,41,195,240.00,"46,800.00"
2021-01-07,2021010703018214,SHINE,4,8,200,241.00,"48,200.00"
2021-01-07,2021010703018120,SHINE,21,57,113,241.00,"27,233.00"
2021-01-07,2021010703018119,SHINE,21,26,130,241.00,"31,330.00"
2021-01-07,2021010703018199,SHL,37,52,200,194.00,"38,800.00"
2021-01-07,2021010703018102,SINDU,26,22,400,154.00,"61,600.00"
2021-01-07,2021010703018027,SINDU,47,58,20,153.00,"3,060.00"
2021-01-07,2021010703018349,SKBBL,26,53,100,"1,441.00","144,100.00"
2021-01-07,2021010703018129,SKBBL,49,21,54,"1,440.00","77,760.00"
2021-01-07,2021010703018128,SKBBL,18,21,52,"1,441.00","74,932.00"
2021-01-07,2021010703018127,SKBBL,40,21,12,"1,441.00","17,292.00"
2021-01-07,2021010703018126,SKBBL,47,21,50,"1,441.00","72,050.00"
2021-01-07,2021010703018125,SKBBL,58,21,50,"1,441.00","72,050.00"
2021-01-07,2021010703018069,SKBBL,34,45,25,"1,442.00","36,050.00"
2021-01-07,2021010703018036,SKBBL,34,50,15,"1,442.00","21,630.00"
2021-01-07,2021010703018039,SLBBL,26,32,100,"1,168.00","116,800.00"
2021-01-07,2021010703018245,SLBS,13,42,28,"1,322.00","37,016.00"
2021-01-07,2021010703018405,SLBSL,11,47,50,"1,018.00","50,900.00"
2021-01-07,2021010703017915,SLBSL,21,47,30,"1,022.00","30,660.00"
2021-01-07,2021010703018370,SLICL,4,38,10,700.00,"7,000.00"
2021-01-07,2021010703018044,SLICL,17,32,50,699.00,"34,950.00"
2021-01-07,2021010703017925,SMB,57,45,11,"1,221.00","13,431.00"
2021-01-07,2021010703018400,SMFBS,6,41,12,"1,525.00","18,300.00"
2021-01-07,2021010703018399,SMFBS,6,39,12,"1,525.00","18,300.00"
2021-01-07,2021010703018398,SMFBS,6,59,10,"1,524.00","15,240.00"
2021-01-07,2021010703018397,SMFBS,6,5,12,"1,520.00","18,240.00"
2021-01-07,2021010703018396,SMFBS,6,26,68,"1,520.00","103,360.00"
2021-01-07,2021010703018395,SMFBS,6,45,50,"1,520.00","76,000.00"
2021-01-07,2021010703018394,SMFBS,6,56,103,"1,520.00","156,560.00"
2021-01-07,2021010703018378,SMFBS,51,38,12,"1,501.00","18,012.00"
2021-01-07,2021010703018256,SMFBS,34,56,10,"1,520.00","15,200.00"
2021-01-07,2021010703018118,SMFBS,14,25,50,"1,519.00","75,950.00"
2021-01-07,2021010703018117,SMFBS,14,56,46,"1,519.00","69,874.00"
2021-01-07,2021010703018033,SMFBS,57,41,202,"1,500.00","303,000.00"
2021-01-07,2021010703018250,SMFDB,45,21,10,"1,049.00","10,490.00"
2021-01-07,2021010703018097,SMFDB,50,58,354,"1,030.00","364,620.00"
2021-01-07,2021010703018031,SMFDB,52,57,100,"1,045.00","104,500.00"
2021-01-07,2021010703018249,SWBBL,34,7,10,"1,682.00","16,820.00"
2021-01-07,2021010703017998,SWBBL,47,41,50,"1,674.00","83,700.00"
2021-01-07,2021010703017997,SWBBL,42,41,78,"1,674.00","130,572.00"
2021-01-07,2021010703018353,TRH,39,38,40,295.00,"11,800.00"
2021-01-07,2021010703018352,TRH,57,38,300,295.00,"88,500.00"
2021-01-07,2021010703018351,TRH,52,38,160,295.00,"47,200.00"
2021-01-07,2021010703017513,ALBSL,28,45,50,"1,215.00","60,750.00"
2021-01-07,2021010703017905,ALICL,59,34,"1,034",965.00,"997,810.00"
2021-01-07,2021010703017904,ALICL,56,34,500,965.00,"482,500.00"
2021-01-07,2021010703017903,ALICL,51,34,50,966.00,"48,300.00"
2021-01-07,2021010703017902,ALICL,44,34,200,966.00,"193,200.00"
2021-01-07,2021010703017901,ALICL,45,34,20,967.00,"19,340.00"
2021-01-07,2021010703017900,ALICL,40,34,50,967.00,"48,350.00"
2021-01-07,2021010703017841,ALICL,40,34,50,967.00,"48,350.00"
2021-01-07,2021010703017840,ALICL,42,34,130,967.00,"125,710.00"
2021-01-07,2021010703017703,ALICL,42,57,70,967.00,"67,690.00"
2021-01-07,2021010703017702,ALICL,54,57,100,967.00,"96,700.00"
2021-01-07,2021010703017701,ALICL,49,57,70,967.00,"67,690.00"
2021-01-07,2021010703017719,CBBL,45,33,50,"1,198.00","59,900.00"
2021-01-07,2021010703017717,CBBL,1,1,211,"1,195.00","252,145.00"
2021-01-07,2021010703017616,CBBL,16,1,50,"1,195.00","59,750.00"
2021-01-07,2021010703017602,CBBL,47,1,60,"1,195.00","71,700.00"
2021-01-07,2021010703017583,CBBL,22,1,50,"1,195.00","59,750.00"
2021-01-07,2021010703017514,CBBL,42,1,32,"1,195.00","38,240.00"
2021-01-07,2021010703017483,CBBL,29,1,10,"1,195.00","11,950.00"
2021-01-07,2021010703017482,CBBL,42,1,17,"1,195.00","20,315.00"
2021-01-07,2021010703017460,CBBL,36,1,20,"1,195.00","23,900.00"
2021-01-07,2021010703017431,CBBL,35,1,100,"1,195.00","119,500.00"
2021-01-07,2021010703017430,CBBL,48,1,50,"1,197.00","59,850.00"
2021-01-07,2021010703017797,CIT,16,41,10,"3,400.00","34,000.00"
2021-01-07,2021010703017748,CIT,37,41,50,"3,400.00","170,000.00"
2021-01-07,2021010703017747,CIT,53,41,50,"3,400.00","170,000.00"
2021-01-07,2021010703017746,CIT,37,41,50,"3,400.00","170,000.00"
2021-01-07,2021010703017745,CIT,48,41,20,"3,400.00","68,000.00"
2021-01-07,2021010703017656,CIT,6,40,44,"3,400.00","149,600.00"
2021-01-07,2021010703017426,CIT,19,41,60,"3,401.00","204,060.00"
2021-01-07,2021010703017655,CIT,45,40,56,"3,400.00","190,400.00"
2021-01-07,2021010703017622,CIT,54,41,58,"3,401.00","197,258.00"
2021-01-07,2021010703017605,CIT,45,56,90,"3,400.00","306,000.00"
2021-01-07,2021010703017604,CIT,58,56,10,"3,400.00","34,000.00"
2021-01-07,2021010703017544,CIT,35,41,50,"3,401.00","170,050.00"
2021-01-07,2021010703017526,CIT,42,41,30,"3,401.00","102,030.00"
2021-01-07,2021010703017819,CLBSL,28,46,15,900.00,"13,500.00"
2021-01-07,2021010703017818,CLBSL,40,46,51,900.00,"45,900.00"
2021-01-07,2021010703017817,CLBSL,44,46,34,901.00,"30,634.00"
2021-01-07,2021010703017788,CLBSL,58,33,35,905.00,"31,675.00"
2021-01-07,2021010703017599,CLBSL,25,33,46,905.00,"41,630.00"
2021-01-07,2021010703017598,CLBSL,25,34,14,905.00,"12,670.00"
2021-01-07,2021010703017597,CLBSL,25,33,40,903.00,"36,120.00"
2021-01-07,2021010703017587,CLBSL,11,11,1,885.00,885.00
2021-01-07,2021010703017567,CLBSL,45,33,100,903.00,"90,300.00"
2021-01-07,2021010703017559,CLBSL,58,33,20,903.00,"18,060.00"
2021-01-07,2021010703017477,CLBSL,49,33,30,903.00,"27,090.00"
2021-01-07,2021010703017793,CORBL,51,44,375,230.00,"86,250.00"
2021-01-07,2021010703017738,CORBL,41,44,"1,000",230.00,"230,000.00"
2021-01-07,2021010703017737,CORBL,45,44,625,230.00,"143,750.00"
2021-01-07,2021010703017736,CORBL,45,49,25,230.00,"5,750.00"
2021-01-07,2021010703017735,CORBL,45,49,50,230.00,"11,500.00"
2021-01-07,2021010703017734,CORBL,45,14,200,230.00,"46,000.00"
2021-01-07,2021010703017424,CORBL,41,44,100,228.00,"22,800.00"
2021-01-07,2021010703017423,CORBL,41,34,780,228.00,"177,840.00"
2021-01-07,2021010703017637,CORBL,51,49,80,230.00,"18,400.00"
2021-01-07,2021010703017636,CORBL,51,29,40,230.00,"9,200.00"
2021-01-07,2021010703017506,CORBL,41,25,"1,000",229.00,"229,000.00"
2021-01-07,2021010703017505,CORBL,41,38,200,229.00,"45,800.00"
2021-01-07,2021010703017504,CORBL,41,42,110,229.00,"25,190.00"
2021-01-07,2021010703017503,CORBL,41,35,20,229.00,"4,580.00"
2021-01-07,2021010703017733,CORBL,45,6,100,230.00,"23,000.00"
2021-01-07,2021010703017642,CORBL,51,21,40,230.00,"9,200.00"
2021-01-07,2021010703017641,CORBL,51,45,30,230.00,"6,900.00"
2021-01-07,2021010703017640,CORBL,51,58,300,230.00,"69,000.00"
2021-01-07,2021010703017639,CORBL,51,51,100,230.00,"23,000.00"
2021-01-07,2021010703017638,CORBL,51,38,10,230.00,"2,300.00"
2021-01-07,2021010703017876,DDBL,49,45,10,"1,456.00","14,560.00"
2021-01-07,2021010703017875,DDBL,19,45,10,"1,456.00","14,560.00"
2021-01-07,2021010703017796,DDBL,41,32,80,"1,455.00","116,400.00"
2021-01-07,2021010703017795,DDBL,16,32,50,"1,455.00","72,750.00"
2021-01-07,2021010703017794,DDBL,19,32,50,"1,455.00","72,750.00"
2021-01-07,2021010703017566,DDBL,46,45,70,"1,456.00","101,920.00"
2021-01-07,2021010703017564,DDBL,22,45,100,"1,456.00","145,600.00"
2021-01-07,2021010703017501,DDBL,7,45,100,"1,456.00","145,600.00"
2021-01-07,2021010703017432,DDBL,42,45,20,"1,456.00","29,120.00"
2021-01-07,2021010703017454,EDBL,58,14,285,352.00,"100,320.00"
2021-01-07,2021010703017453,EDBL,58,14,300,352.00,"105,600.00"
2021-01-07,2021010703017857,FMDBL,45,35,100,600.00,"60,000.00"
2021-01-07,2021010703017856,FMDBL,26,35,200,600.00,"120,000.00"
2021-01-07,2021010703017855,FMDBL,34,35,85,600.00,"51,000.00"
2021-01-07,2021010703017854,FMDBL,14,35,100,600.00,"60,000.00"
2021-01-07,2021010703017853,FMDBL,58,35,120,600.00,"72,000.00"
2021-01-07,2021010703017852,FMDBL,10,35,500,600.00,"300,000.00"
2021-01-07,2021010703017462,FMDBL,45,35,25,603.00,"15,075.00"
2021-01-07,2021010703017461,FMDBL,58,35,236,603.00,"142,308.00"
2021-01-07,2021010703017607,FMDBL,56,35,50,601.00,"30,050.00"
2021-01-07,2021010703017606,FMDBL,51,35,477,601.00,"286,677.00"
2021-01-07,2021010703017466,FMDBL,46,35,100,602.00,"60,200.00"
2021-01-07,2021010703017465,FMDBL,6,35,100,602.00,"60,200.00"
2021-01-07,2021010703017464,FMDBL,58,35,200,602.00,"120,400.00"
2021-01-07,2021010703017463,FMDBL,49,35,100,602.00,"60,200.00"
2021-01-07,2021010703017613,FMDBL,50,35,200,601.00,"120,200.00"
2021-01-07,2021010703017612,FMDBL,53,35,50,601.00,"30,050.00"
2021-01-07,2021010703017611,FMDBL,22,35,100,601.00,"60,100.00"
2021-01-07,2021010703017610,FMDBL,48,35,300,601.00,"180,300.00"
2021-01-07,2021010703017609,FMDBL,48,35,100,601.00,"60,100.00"
2021-01-07,2021010703017608,FMDBL,14,35,500,601.00,"300,500.00"
2021-01-07,2021010703017845,FMDBL,53,35,50,600.00,"30,000.00"
2021-01-07,2021010703017844,FMDBL,25,35,300,600.00,"180,000.00"
2021-01-07,2021010703017843,FMDBL,48,35,300,600.00,"180,000.00"
2021-01-07,2021010703017842,FMDBL,1,35,50,601.00,"30,050.00"
2021-01-07,2021010703017740,FMDBL,52,35,16,602.00,"9,632.00"
2021-01-07,2021010703017739,FMDBL,52,35,223,601.00,"134,023.00"
2021-01-07,2021010703017851,FMDBL,26,35,20,600.00,"12,000.00"
2021-01-07,2021010703017850,FMDBL,43,35,50,600.00,"30,000.00"
2021-01-07,2021010703017849,FMDBL,49,35,100,600.00,"60,000.00"
2021-01-07,2021010703017848,FMDBL,48,35,300,600.00,"180,000.00"
2021-01-07,2021010703017847,FMDBL,46,35,500,600.00,"300,000.00"
2021-01-07,2021010703017846,FMDBL,17,35,100,600.00,"60,000.00"
2021-01-07,2021010703017769,FOWAD,57,25,44,"2,331.00","102,564.00"
2021-01-07,2021010703017768,FOWAD,57,41,15,"2,330.00","34,950.00"
2021-01-07,2021010703017767,FOWAD,57,10,42,"2,330.00","97,860.00"
2021-01-07,2021010703017766,FOWAD,57,14,64,"2,328.00","148,992.00"
2021-01-07,2021010703017765,FOWAD,57,1,35,"2,328.00","81,480.00"
2021-01-07,2021010703017456,FOWAD,42,1,80,"2,328.00","186,240.00"
2021-01-07,2021010703017455,FOWAD,42,45,20,"2,327.00","46,540.00"
2021-01-07,2021010703017595,GILB,6,11,20,"1,434.00","28,680.00"
2021-01-07,2021010703017543,GILB,6,47,28,"1,430.00","40,040.00"
2021-01-07,2021010703017542,GILB,6,44,49,"1,430.00","70,070.00"
2021-01-07,2021010703017541,GILB,6,17,53,"1,429.00","75,737.00"
2021-01-07,2021010703017421,GILB,6,17,45,"1,430.00","64,350.00"
2021-01-07,2021010703017420,GILB,6,34,53,"1,428.00","75,684.00"
2021-01-07,2021010703017419,GILB,6,21,19,"1,427.00","27,113.00"
2021-01-07,2021010703017418,GILB,6,51,34,"1,426.00","48,484.00"
2021-01-07,2021010703017417,GILB,6,56,25,"1,425.00","35,625.00"
2021-01-07,2021010703017416,GILB,6,22,54,"1,425.00","76,950.00"
2021-01-07,2021010703017415,GILB,6,42,40,"1,424.00","56,960.00"
2021-01-07,2021010703017414,GILB,6,42,30,"1,422.00","42,660.00"
2021-01-07,2021010703017478,GIMES1,21,10,"2,500",11.65,"29,125.00"
2021-01-07,2021010703017723,GLBSL,39,55,10,916.00,"9,160.00"
2021-01-07,2021010703017691,GLICL,7,34,58,630.00,"36,540.00"
2021-01-07,2021010703017690,GLICL,32,34,50,630.00,"31,500.00"
2021-01-07,2021010703017689,GLICL,4,34,500,630.00,"315,000.00"
2021-01-07,2021010703017688,GLICL,38,34,100,631.00,"63,100.00"
2021-01-07,2021010703017687,GLICL,19,34,200,631.00,"126,200.00"
2021-01-07,2021010703017686,GLICL,6,34,"1,482",631.00,"935,142.00"
2021-01-07,2021010703017570,GLICL,39,41,200,632.00,"126,400.00"
2021-01-07,2021010703017569,GLICL,39,52,185,632.00,"116,920.00"
2021-01-07,2021010703017429,GLICL,6,59,500,631.00,"315,500.00"
2021-01-07,2021010703017576,GLICL,39,25,10,633.00,"6,330.00"
2021-01-07,2021010703017575,GLICL,39,51,500,633.00,"316,500.00"
2021-01-07,2021010703017574,GLICL,39,46,207,633.00,"131,031.00"
2021-01-07,2021010703017573,GLICL,39,52,332,633.00,"210,156.00"
2021-01-07,2021010703017572,GLICL,39,22,143,633.00,"90,519.00"
2021-01-07,2021010703017571,GLICL,39,50,315,632.00,"199,080.00"
2021-01-07,2021010703017582,GLICL,39,48,179,634.00,"113,486.00"
2021-01-07,2021010703017581,GLICL,39,37,527,634.00,"334,118.00"
2021-01-07,2021010703017580,GLICL,39,57,63,634.00,"39,942.00"
2021-01-07,2021010703017579,GLICL,39,38,20,634.00,"12,680.00"
2021-01-07,2021010703017578,GLICL,39,49,130,634.00,"82,420.00"
2021-01-07,2021010703017577,GLICL,39,55,20,633.00,"12,660.00"
2021-01-07,2021010703017912,GMFBS,49,57,50,"1,175.00","58,750.00"
2021-01-07,2021010703017911,GMFBS,49,39,10,"1,175.00","11,750.00"
2021-01-07,2021010703017910,GMFBS,49,42,10,"1,175.00","11,750.00"
2021-01-07,2021010703017877,GMFBS,58,14,10,"1,174.00","11,740.00"
2021-01-07,2021010703017721,GMFBS,48,52,10,"1,174.00","11,740.00"
2021-01-07,2021010703017720,GMFBS,48,14,10,"1,174.00","11,740.00"
2021-01-07,2021010703017710,GMFBS,58,51,40,"1,173.00","46,920.00"
2021-01-07,2021010703017709,GMFBS,48,51,10,"1,173.00","11,730.00"
2021-01-07,2021010703017909,GMFIL,52,26,"1,000",186.00,"186,000.00"
2021-01-07,2021010703017744,GMFIL,46,26,627,184.00,"115,368.00"
2021-01-07,2021010703017743,GMFIL,14,26,163,184.00,"29,992.00"
2021-01-07,2021010703017632,GMFIL,28,26,448,185.00,"82,880.00"
2021-01-07,2021010703017540,GMFIL,43,26,500,186.00,"93,000.00"
2021-01-07,2021010703017742,GMFIL,52,26,10,185.00,"1,850.00"
2021-01-07,2021010703017741,GMFIL,21,26,200,186.00,"37,200.00"
2021-01-07,2021010703017635,GMFIL,14,26,37,184.00,"6,808.00"
2021-01-07,2021010703017634,GMFIL,7,26,275,185.00,"50,875.00"
2021-01-07,2021010703017633,GMFIL,52,26,240,185.00,"44,400.00"
2021-01-07,2021010703017889,GUFL,48,38,200,225.00,"45,000.00"
2021-01-07,2021010703017722,GUFL,4,38,18,225.00,"4,050.00"
2021-01-07,2021010703017726,HIDCL,36,14,605,265.00,"160,325.00"
2021-01-07,2021010703017725,HIDCL,14,14,10,266.00,"2,660.00"
2021-01-07,2021010703017623,HIDCL,14,57,362,266.00,"96,292.00"
2021-01-07,2021010703017479,HIDCL,7,57,10,266.00,"2,660.00"
2021-01-07,2021010703017434,HIDCL,56,57,28,266.00,"7,448.00"
2021-01-07,2021010703017646,ICFC,29,58,75,260.00,"19,500.00"
2021-01-07,2021010703017645,ICFC,29,8,100,259.00,"25,900.00"
2021-01-07,2021010703017644,ICFC,29,42,25,259.00,"6,475.00"
2021-01-07,2021010703017839,ILBS,34,25,11,"1,130.00","12,430.00"
2021-01-07,2021010703017838,ILBS,34,39,11,"1,130.00","12,430.00"
2021-01-07,2021010703017837,ILBS,34,21,11,"1,130.00","12,430.00"
2021-01-07,2021010703017836,ILBS,34,14,20,"1,127.00","22,540.00"
2021-01-07,2021010703017772,ILBS,39,52,10,"1,124.00","11,240.00"
2021-01-07,2021010703017708,ILBS,39,22,13,"1,124.00","14,612.00"
2021-01-07,2021010703017707,ILBS,10,22,78,"1,124.00","87,672.00"
2021-01-07,2021010703017481,ILBS,39,58,200,"1,125.00","225,000.00"
2021-01-07,2021010703017880,JBBL,41,45,50,232.00,"11,600.00"
2021-01-07,2021010703017716,JBBL,1,39,279,231.00,"64,449.00"
2021-01-07,2021010703017715,JBBL,46,39,250,231.00,"57,750.00"
2021-01-07,2021010703017714,JBBL,14,39,200,231.00,"46,200.00"
2021-01-07,2021010703017713,JBBL,44,39,471,231.00,"108,801.00"
2021-01-07,2021010703017433,JSLBB,58,22,40,"2,181.00","87,240.00"
2021-01-07,2021010703017780,KMCDB,49,41,10,984.00,"9,840.00"
2021-01-07,2021010703017778,KMCDB,25,18,15,989.00,"14,835.00"
2021-01-07,2021010703017777,KMCDB,25,34,10,985.00,"9,850.00"
2021-01-07,2021010703017776,KMCDB,25,47,75,985.00,"73,875.00"
2021-01-07,2021010703017811,KRBL,56,56,692,134.00,"92,728.00"
2021-01-07,2021010703017810,KRBL,34,56,471,134.00,"63,114.00"
2021-01-07,2021010703017809,KRBL,34,56,100,135.00,"13,500.00"
2021-01-07,2021010703017808,KRBL,1,56,100,135.00,"13,500.00"
2021-01-07,2021010703017807,KRBL,42,56,50,135.00,"6,750.00"
2021-01-07,2021010703017806,KRBL,55,56,100,135.00,"13,500.00"
2021-01-07,2021010703017449,KSBBL,58,39,20,220.00,"4,400.00"
2021-01-07,2021010703017448,KSBBL,58,49,100,220.00,"22,000.00"
2021-01-07,2021010703017447,KSBBL,58,38,200,220.00,"44,000.00"
2021-01-07,2021010703017446,KSBBL,58,22,20,219.00,"4,380.00"
2021-01-07,2021010703017445,KSBBL,58,6,300,219.00,"65,700.00"
2021-01-07,2021010703017444,KSBBL,58,39,360,219.00,"78,840.00"
2021-01-07,2021010703017615,LBBL,43,34,187,209.00,"39,083.00"
2021-01-07,2021010703017507,LBBL,45,34,59,209.00,"12,331.00"
2021-01-07,2021010703017452,LBBL,54,34,78,209.00,"16,302.00"
2021-01-07,2021010703017888,LICN,47,58,13,"2,000.00","26,000.00"
2021-01-07,2021010703017825,LICN,49,58,517,"2,000.00","1,034,000.00"
2021-01-07,2021010703017824,LICN,26,58,20,"2,002.00","40,040.00"
2021-01-07,2021010703017620,LICN,25,22,10,"2,002.00","20,020.00"
2021-01-07,2021010703017619,LICN,25,8,10,"2,001.00","20,010.00"
2021-01-07,2021010703017523,LICN,49,25,200,"2,000.00","400,000.00"
2021-01-07,2021010703017724,LICN,26,22,190,"2,002.00","380,380.00"
2021-01-07,2021010703017835,MDB,58,26,70,331.00,"23,170.00"
2021-01-07,2021010703017755,MERO,34,6,21,940.00,"19,740.00"
2021-01-07,2021010703017489,MERO,34,7,300,930.00,"279,000.00"
2021-01-07,2021010703017488,MERO,34,1,20,930.00,"18,600.00"
2021-01-07,2021010703017487,MERO,34,45,600,925.00,"555,000.00"
2021-01-07,2021010703017486,MERO,34,28,100,925.00,"92,500.00"
2021-01-07,2021010703017485,MERO,34,8,258,925.00,"238,650.00"
2021-01-07,2021010703017658,MERO,34,25,15,925.00,"13,875.00"
2021-01-07,2021010703017490,MERO,34,40,22,936.00,"20,592.00"
2021-01-07,2021010703017754,MERO,34,43,20,938.00,"18,760.00"
2021-01-07,2021010703017753,MERO,34,39,43,936.00,"40,248.00"
2021-01-07,2021010703017752,MERO,34,40,36,936.00,"33,696.00"
2021-01-07,2021010703017661,MERO,34,40,42,936.00,"39,312.00"
2021-01-07,2021010703017660,MERO,34,25,50,935.00,"46,750.00"
2021-01-07,2021010703017659,MERO,34,6,93,930.00,"86,490.00"
2021-01-07,2021010703017866,MFIL,38,57,175,328.00,"57,400.00"
2021-01-07,2021010703017908,MLBL,52,51,75,254.00,"19,050.00"
2021-01-07,2021010703017823,MLBL,52,55,80,254.00,"20,320.00"
2021-01-07,2021010703017822,MLBL,52,42,83,254.00,"21,082.00"
2021-01-07,2021010703017821,MLBL,52,44,500,254.00,"127,000.00"
2021-01-07,2021010703017785,MLBL,45,34,"3,000",253.00,"759,000.00"
2021-01-07,2021010703017443,MLBL,34,42,50,254.00,"12,700.00"
2021-01-07,2021010703017586,MLBL,45,42,807,253.00,"204,171.00"
2021-01-07,2021010703017585,MLBL,22,42,193,253.00,"48,829.00"
2021-01-07,2021010703017525,MLBL,22,56,807,253.00,"204,171.00"
2021-01-07,2021010703017524,MLBL,52,56,193,253.00,"48,829.00"
2021-01-07,2021010703017509,MNBBL,39,57,530,352.00,"186,560.00"
2021-01-07,2021010703017698,MPFL,4,45,190,165.00,"31,350.00"
2021-01-07,2021010703017697,MPFL,4,58,260,165.00,"42,900.00"
2021-01-07,2021010703017696,MPFL,4,25,50,165.00,"8,250.00"
2021-01-07,2021010703017522,MPFL,4,11,30,165.00,"4,950.00"
2021-01-07,2021010703017521,MPFL,4,20,500,165.00,"82,500.00"
2021-01-07,2021010703017520,MPFL,4,16,"1,000",165.00,"165,000.00"
2021-01-07,2021010703017519,MPFL,4,8,100,165.00,"16,500.00"
2021-01-07,2021010703017518,MPFL,4,39,530,165.00,"87,450.00"
2021-01-07,2021010703017517,MPFL,4,34,169,164.00,"27,716.00"
2021-01-07,2021010703017516,MPFL,4,17,963,163.00,"156,969.00"
2021-01-07,2021010703017515,MPFL,4,49,100,162.00,"16,200.00"
2021-01-07,2021010703017427,MPFL,45,20,10,162.00,"1,620.00"
2021-01-07,2021010703017860,NEF,32,11,"5,000",10.20,"51,000.00"
2021-01-07,2021010703017718,NEF,17,59,483,10.18,"4,916.94"
2021-01-07,2021010703017428,NIBLPF,11,59,505,10.39,"5,246.95"
2021-01-07,2021010703017872,NICGF,13,53,"5,000",10.60,"53,000.00"
2021-01-07,2021010703017871,NICGF,13,56,"1,000",10.60,"10,600.00"
2021-01-07,2021010703017870,NICGF,13,56,"1,000",10.60,"10,600.00"
2021-01-07,2021010703017869,NICGF,13,56,"1,000",10.60,"10,600.00"
2021-01-07,2021010703017868,NICGF,13,56,"1,000",10.60,"10,600.00"
2021-01-07,2021010703017867,NICGF,13,41,500,10.60,"5,300.00"
2021-01-07,2021010703017706,NLBBL,6,50,200,"1,170.00","234,000.00"
2021-01-07,2021010703017653,NLBBL,6,50,97,"1,170.00","113,490.00"
2021-01-07,2021010703017652,NLBBL,32,50,15,"1,170.00","17,550.00"
2021-01-07,2021010703017651,NLBBL,57,50,100,"1,170.00","117,000.00"
2021-01-07,2021010703017650,NLBBL,13,50,288,"1,170.00","336,960.00"
2021-01-07,2021010703017887,NLIC,50,21,15,"2,383.00","35,745.00"
2021-01-07,2021010703017791,NLIC,34,21,50,"2,383.00","119,150.00"
2021-01-07,2021010703017790,NLIC,20,21,10,"2,383.00","23,830.00"
2021-01-07,2021010703017789,NLIC,14,21,20,"2,383.00","47,660.00"
2021-01-07,2021010703017695,NLIC,6,26,20,"2,384.00","47,680.00"
2021-01-07,2021010703017694,NLIC,6,13,100,"2,384.00","238,400.00"
2021-01-07,2021010703017565,NLIC,28,46,200,"2,383.00","476,600.00"
2021-01-07,2021010703017484,NLIC,28,58,120,"2,383.00","285,960.00"
2021-01-07,2021010703017596,NLIC,19,13,26,"2,384.00","61,984.00"
2021-01-07,2021010703017593,NLIC,54,56,20,"2,383.00","47,660.00"
2021-01-07,2021010703017592,NLIC,38,56,40,"2,383.00","95,320.00"
2021-01-07,2021010703017591,NLIC,8,56,20,"2,383.00","47,660.00"
2021-01-07,2021010703017590,NLIC,34,56,100,"2,383.00","238,300.00"
2021-01-07,2021010703017589,NLIC,28,56,20,"2,383.00","47,660.00"
2021-01-07,2021010703017684,NLIC,14,39,30,"2,383.00","71,490.00"
2021-01-07,2021010703017683,NLIC,52,39,100,"2,383.00","238,300.00"
2021-01-07,2021010703017682,NLIC,54,39,180,"2,383.00","428,940.00"
2021-01-07,2021010703017681,NLIC,57,39,140,"2,383.00","333,620.00"
2021-01-07,2021010703017680,NLIC,46,39,50,"2,384.00","119,200.00"
2021-01-07,2021010703017618,NLIC,45,13,500,"2,384.00","1,192,000.00"
2021-01-07,2021010703017874,NLICL,52,34,421,"1,114.00","468,994.00"
2021-01-07,2021010703017873,NLICL,45,34,79,"1,115.00","88,085.00"
2021-01-07,2021010703017865,NLICL,26,36,100,"1,116.00","111,600.00"
2021-01-07,2021010703017862,NLICL,20,36,500,"1,116.00","558,000.00"
2021-01-07,2021010703017834,NLICL,45,45,121,"1,115.00","134,915.00"
2021-01-07,2021010703017833,NLICL,55,45,179,"1,115.00","199,585.00"
2021-01-07,2021010703017502,NLICL,33,45,100,"1,119.00","111,900.00"
2021-01-07,2021010703017498,NLICL,20,45,10,"1,119.00","11,190.00"
2021-01-07,2021010703017497,NLICL,20,41,300,"1,118.00","335,400.00"
2021-01-07,2021010703017469,NLICL,13,41,100,"1,118.00","111,800.00"
2021-01-07,2021010703017550,NLICL,4,36,200,"1,117.00","223,400.00"
2021-01-07,2021010703017549,NLICL,58,36,500,"1,117.00","558,500.00"
2021-01-07,2021010703017548,NLICL,43,36,50,"1,117.00","55,850.00"
2021-01-07,2021010703017547,NLICL,57,36,11,"1,117.00","12,287.00"
2021-01-07,2021010703017532,NLICL,47,57,10,"1,119.00","11,190.00"
2021-01-07,2021010703017531,NLICL,47,45,40,"1,119.00","44,760.00"
2021-01-07,2021010703017556,NLICL,28,36,100,"1,116.00","111,600.00"
2021-01-07,2021010703017555,NLICL,17,36,800,"1,116.00","892,800.00"
2021-01-07,2021010703017554,NLICL,38,36,30,"1,116.00","33,480.00"
2021-01-07,2021010703017553,NLICL,41,36,300,"1,116.00","334,800.00"
2021-01-07,2021010703017552,NLICL,19,36,300,"1,116.00","334,800.00"
2021-01-07,2021010703017551,NLICL,39,36,100,"1,116.00","111,600.00"
2021-01-07,2021010703017728,NLICL,51,36,100,"1,116.00","111,600.00"
2021-01-07,2021010703017692,NLICL,22,14,500,"1,115.00","557,500.00"
2021-01-07,2021010703017677,NLICL,22,4,400,"1,115.00","446,000.00"
2021-01-07,2021010703017654,NLICL,22,20,300,"1,115.00","334,500.00"
2021-01-07,2021010703017614,NLICL,22,50,500,"1,115.00","557,500.00"
2021-01-07,2021010703017557,NLICL,52,36,100,"1,116.00","111,600.00"
2021-01-07,2021010703017761,NLICL,39,57,300,"1,115.00","334,500.00"
2021-01-07,2021010703017760,NLICL,53,57,100,"1,115.00","111,500.00"
2021-01-07,2021010703017759,NLICL,51,57,500,"1,115.00","557,500.00"
2021-01-07,2021010703017758,NLICL,7,57,100,"1,115.00","111,500.00"
2021-01-07,2021010703017757,NLICL,13,57,40,"1,115.00","44,600.00"
2021-01-07,2021010703017756,NLICL,22,57,300,"1,115.00","334,500.00"
2021-01-07,2021010703017830,NLICL,55,57,150,"1,115.00","167,250.00"
2021-01-07,2021010703017792,NLICL,55,4,11,"1,115.00","12,265.00"
2021-01-07,2021010703017773,NLICL,55,47,50,"1,115.00","55,750.00"
2021-01-07,2021010703017764,NLICL,55,57,110,"1,115.00","122,650.00"
2021-01-07,2021010703017763,NLICL,42,57,100,"1,115.00","111,500.00"
2021-01-07,2021010703017762,NLICL,45,57,50,"1,115.00","55,750.00"
2021-01-07,2021010703017774,NMBMF,43,57,14,"1,025.00","14,350.00"
2021-01-07,2021010703017751,NMBMF,19,37,25,"1,024.00","25,600.00"
2021-01-07,2021010703017750,NMBMF,14,37,35,"1,024.00","35,840.00"
2021-01-07,2021010703017749,NMBMF,33,37,50,"1,024.00","51,200.00"
2021-01-07,2021010703017451,NMBMF,47,57,136,"1,025.00","139,400.00"
2021-01-07,2021010703017450,NMBMF,47,28,114,"1,025.00","116,850.00"
2021-01-07,2021010703017732,NMFBS,33,34,10,"2,300.00","23,000.00"
2021-01-07,2021010703017731,NMFBS,33,58,10,"2,299.00","22,990.00"
2021-01-07,2021010703017539,NMFBS,33,58,10,"2,298.00","22,980.00"
2021-01-07,2021010703017538,NMFBS,33,10,10,"2,295.00","22,950.00"
2021-01-07,2021010703017537,NMFBS,33,5,109,"2,289.00","249,501.00"
2021-01-07,2021010703017536,NMFBS,33,42,48,"2,280.00","109,440.00"
2021-01-07,2021010703017535,NMFBS,33,17,18,"2,280.00","41,040.00"
2021-01-07,2021010703017891,NRIC,29,45,30,"1,547.00","46,410.00"
2021-01-07,2021010703017890,NRIC,29,45,15,"1,547.00","23,205.00"
2021-01-07,2021010703017879,NRIC,25,38,25,"1,546.00","38,650.00"
2021-01-07,2021010703017878,NRIC,59,38,15,"1,546.00","23,190.00"
2021-01-07,2021010703017864,NRIC,28,45,220,"1,548.00","340,560.00"
2021-01-07,2021010703017863,NRIC,28,57,30,"1,547.00","46,410.00"
2021-01-07,2021010703017425,NRIC,51,57,50,"1,548.00","77,400.00"
2021-01-07,2021010703017558,NRIC,32,28,40,"1,547.00","61,880.00"
2021-01-07,2021010703017545,NRIC,32,57,45,"1,547.00","69,615.00"
2021-01-07,2021010703017499,NRIC,21,57,33,"1,548.00","51,084.00"
2021-01-07,2021010703017493,NRIC,32,36,40,"1,547.00","61,880.00"
2021-01-07,2021010703017492,NRIC,25,36,50,"1,547.00","77,350.00"
2021-01-07,2021010703017491,NRIC,43,36,30,"1,547.00","46,410.00"
2021-01-07,2021010703017617,NRIC,43,45,60,"1,547.00","92,820.00"
2021-01-07,2021010703017584,NRIC,29,45,50,"1,547.00","77,350.00"
2021-01-07,2021010703017563,NRIC,26,45,50,"1,547.00","77,350.00"
2021-01-07,2021010703017562,NRIC,45,45,60,"1,547.00","92,820.00"
2021-01-07,2021010703017561,NRIC,26,45,10,"1,547.00","15,470.00"
2021-01-07,2021010703017560,NRIC,32,45,75,"1,547.00","116,025.00"
2021-01-07,2021010703017700,NRIC,49,45,33,"1,548.00","51,084.00"
2021-01-07,2021010703017699,NRIC,49,57,17,"1,548.00","26,316.00"
2021-01-07,2021010703017676,NRIC,6,45,6,"1,547.00","9,282.00"
2021-01-07,2021010703017675,NRIC,50,45,10,"1,547.00","15,470.00"
2021-01-07,2021010703017657,NRIC,36,45,50,"1,547.00","77,350.00"
2021-01-07,2021010703017631,NRIC,19,38,40,"1,546.00","61,840.00"
2021-01-07,2021010703017802,NRIC,10,45,60,"1,548.00","92,880.00"
2021-01-07,2021010703017801,NRIC,10,56,200,"1,548.00","309,600.00"
2021-01-07,2021010703017800,NRIC,10,40,40,"1,547.00","61,880.00"
2021-01-07,2021010703017727,NRIC,26,55,500,"1,547.00","773,500.00"
2021-01-07,2021010703017712,NRIC,25,21,40,"1,546.00","61,840.00"
2021-01-07,2021010703017711,NRIC,19,21,10,"1,546.00","15,460.00"
2021-01-07,2021010703017861,NRIC,6,57,90,"1,547.00","139,230.00"
2021-01-07,2021010703017859,NRIC,59,26,30,"1,546.00","46,380.00"
2021-01-07,2021010703017858,NRIC,25,26,10,"1,546.00","15,460.00"
2021-01-07,2021010703017829,NRIC,52,54,5,"1,547.00","7,735.00"
2021-01-07,2021010703017828,NRIC,52,59,10,"1,547.00","15,470.00"
2021-01-07,2021010703017820,NRIC,52,3,35,"1,547.00","54,145.00"
2021-01-07,2021010703017805,NRN,45,32,51,359.00,"18,309.00"
2021-01-07,2021010703017804,NRN,38,32,359,359.00,"128,881.00"
2021-01-07,2021010703017803,NRN,52,32,90,359.00,"32,310.00"
2021-01-07,2021010703017594,NRN,52,22,10,359.00,"3,590.00"
2021-01-07,2021010703017546,NRN,52,39,10,359.00,"3,590.00"
2021-01-07,2021010703017906,NTC,6,6,50,"1,265.00","63,250.00"
2021-01-07,2021010703017886,NTC,6,6,70,"1,265.00","88,550.00"
2021-01-07,2021010703017832,NTC,45,13,10,"1,268.00","12,680.00"
2021-01-07,2021010703017784,NTC,33,1,52,"1,265.00","65,780.00"
2021-01-07,2021010703017783,NTC,46,1,18,"1,265.00","22,770.00"
2021-01-07,2021010703017782,NTC,50,1,30,"1,266.00","37,980.00"
2021-01-07,2021010703017473,NTC,38,1,10,"1,265.00","12,650.00"
2021-01-07,2021010703017472,NTC,21,1,15,"1,265.00","18,975.00"
2021-01-07,2021010703017471,NTC,38,1,100,"1,266.00","126,600.00"
2021-01-07,2021010703017470,NTC,3,1,100,"1,266.00","126,600.00"
2021-01-07,2021010703017647,NTC,35,1,200,"1,267.00","253,400.00"
2021-01-07,2021010703017621,NTC,26,25,100,"1,268.00","126,800.00"
2021-01-07,2021010703017568,NTC,49,25,50,"1,268.00","63,400.00"
2021-01-07,2021010703017476,NTC,48,1,20,"1,265.00","25,300.00"
2021-01-07,2021010703017475,NTC,58,1,25,"1,265.00","31,625.00"
2021-01-07,2021010703017474,NTC,38,1,30,"1,265.00","37,950.00"
2021-01-07,2021010703017781,NTC,38,1,200,"1,266.00","253,200.00"
2021-01-07,2021010703017771,NTC,36,13,100,"1,268.00","126,800.00"
2021-01-07,2021010703017705,NTC,38,13,80,"1,268.00","101,440.00"
2021-01-07,2021010703017704,NTC,38,25,70,"1,268.00","88,760.00"
2021-01-07,2021010703017649,NTC,46,1,82,"1,265.00","103,730.00"
2021-01-07,2021010703017648,NTC,38,1,18,"1,266.00","22,788.00"
2021-01-07,2021010703017770,NUBL,49,41,45,"1,370.00","61,650.00"
2021-01-07,2021010703017500,NUBL,47,38,47,"1,370.00","64,390.00"
2021-01-07,2021010703017827,PFL,13,54,50,184.00,"9,200.00"
2021-01-07,2021010703017601,PFL,5,54,300,184.00,"55,200.00"
2021-01-07,2021010703017600,PFL,5,54,200,184.00,"36,800.00"
2021-01-07,2021010703017512,PFL,13,52,14,185.00,"2,590.00"
2021-01-07,2021010703017511,PFL,13,4,14,185.00,"2,590.00"
2021-01-07,2021010703017510,PFL,13,41,22,185.00,"4,070.00"
2021-01-07,2021010703017799,PLIC,35,49,48,769.00,"36,912.00"
2021-01-07,2021010703017673,PROFL,7,6,40,128.00,"5,120.00"
2021-01-07,2021010703017672,PROFL,49,6,500,128.00,"64,000.00"
2021-01-07,2021010703017671,PROFL,36,6,200,128.00,"25,600.00"
2021-01-07,2021010703017670,PROFL,57,6,"1,000",128.00,"128,000.00"
2021-01-07,2021010703017669,PROFL,35,6,500,128.00,"64,000.00"
2021-01-07,2021010703017668,PROFL,45,6,"1,000",128.00,"128,000.00"
2021-01-07,2021010703017529,PROFL,57,6,"1,000",129.00,"129,000.00"
2021-01-07,2021010703017528,PROFL,13,6,250,129.00,"32,250.00"
2021-01-07,2021010703017527,PROFL,53,6,990,129.00,"127,710.00"
2021-01-07,2021010703017667,PROFL,10,6,"1,667",128.00,"213,376.00"
2021-01-07,2021010703017666,PROFL,45,6,"2,000",128.00,"256,000.00"
2021-01-07,2021010703017665,PROFL,58,6,500,128.00,"64,000.00"
2021-01-07,2021010703017664,PROFL,57,6,"1,000",128.00,"128,000.00"
2021-01-07,2021010703017663,PROFL,34,6,200,128.00,"25,600.00"
2021-01-07,2021010703017530,PROFL,42,6,200,129.00,"25,800.00"
2021-01-07,2021010703017884,RLI,58,37,10,617.00,"6,170.00"
2021-01-07,2021010703017831,RLI,58,21,10,617.00,"6,170.00"
2021-01-07,2021010703017798,RLI,58,51,20,617.00,"12,340.00"
2021-01-07,2021010703017679,RLI,5,42,25,618.00,"15,450.00"
2021-01-07,2021010703017678,RLI,19,42,30,618.00,"18,540.00"
2021-01-07,2021010703017674,RLI,19,49,10,618.00,"6,180.00"
2021-01-07,2021010703017440,RLI,51,4,10,618.00,"6,180.00"
2021-01-07,2021010703017439,RLI,51,1,10,618.00,"6,180.00"
2021-01-07,2021010703017438,RLI,51,57,210,618.00,"129,780.00"
2021-01-07,2021010703017437,RLI,51,57,10,618.00,"6,180.00"
2021-01-07,2021010703017436,RLI,51,32,10,618.00,"6,180.00"
2021-01-07,2021010703017435,RLI,51,39,10,618.00,"6,180.00"
2021-01-07,2021010703017643,RLI,19,42,10,618.00,"6,180.00"
2021-01-07,2021010703017480,RLI,58,58,10,617.00,"6,170.00"
2021-01-07,2021010703017458,RLI,58,53,30,617.00,"18,510.00"
2021-01-07,2021010703017457,RLI,55,53,20,617.00,"12,340.00"
2021-01-07,2021010703017442,RLI,51,38,140,619.00,"86,660.00"
2021-01-07,2021010703017441,RLI,51,45,50,618.00,"30,900.00"
2021-01-07,2021010703017882,RMDC,21,47,100,"1,195.00","119,500.00"
2021-01-07,2021010703017881,RMDC,21,25,100,"1,195.00","119,500.00"
2021-01-07,2021010703017467,RMDC,4,49,200,"1,193.00","238,600.00"
2021-01-07,2021010703017662,RSDC,34,1,198,607.00,"120,186.00"
2021-01-07,2021010703017588,SABSL,57,26,77,"1,085.00","83,545.00"
2021-01-07,2021010703017907,SDLBSL,42,6,38,"1,084.00","41,192.00"
2021-01-07,2021010703017826,SDLBSL,36,54,25,"1,087.00","27,175.00"
2021-01-07,2021010703017534,SDLBSL,36,34,100,"1,087.00","108,700.00"
2021-01-07,2021010703017533,SDLBSL,22,34,30,"1,088.00","32,640.00"
2021-01-07,2021010703017508,SDLBSL,22,56,10,"1,088.00","10,880.00"
2021-01-07,2021010703017779,SEF,13,45,"1,000",10.55,"10,550.00"
2021-01-07,2021010703017775,SEF,13,22,"50,000",10.55,"527,500.00"
2021-01-07,2021010703017468,SFCL,6,56,329,130.00,"42,770.00"
2021-01-07,2021010703017883,SHL,39,52,100,194.00,"19,400.00"
2021-01-07,2021010703017787,SHL,41,45,150,193.00,"28,950.00"
2021-01-07,2021010703017786,SHL,25,45,"1,000",193.00,"193,000.00"
2021-01-07,2021010703017899,SINDU,47,3,59,153.00,"9,027.00"
2021-01-07,2021010703017898,SINDU,8,3,100,153.00,"15,300.00"
2021-01-07,2021010703017897,SINDU,56,3,252,153.00,"38,556.00"
2021-01-07,2021010703017896,SINDU,28,3,89,153.00,"13,617.00"
2021-01-07,2021010703017422,SKBBL,54,50,10,"1,442.00","14,420.00"
2021-01-07,2021010703017413,SKBBL,36,50,20,"1,442.00","28,840.00"
2021-01-07,2021010703017630,SLBBL,34,34,18,"1,170.00","21,060.00"
2021-01-07,2021010703017629,SLBBL,34,47,182,"1,169.00","212,758.00"
2021-01-07,2021010703017459,SLBBL,46,47,10,"1,169.00","11,690.00"
2021-01-07,2021010703017885,SLBS,1,36,100,"1,323.00","132,300.00"
2021-01-07,2021010703017685,SLBSL,38,59,13,"1,017.00","13,221.00"
2021-01-07,2021010703017603,SLBSL,21,47,60,"1,024.00","61,440.00"
2021-01-07,2021010703017895,SLICL,17,45,800,699.00,"559,200.00"
2021-01-07,2021010703017894,SLICL,42,45,200,699.00,"139,800.00"
2021-01-07,2021010703017693,SLICL,1,38,27,700.00,"18,900.00"
2021-01-07,2021010703017893,SMFBS,56,53,25,"1,502.00","37,550.00"
2021-01-07,2021010703017892,SMFBS,51,53,75,"1,510.00","113,250.00"
2021-01-07,2021010703017730,SMFBS,51,11,25,"1,510.00","37,750.00"
2021-01-07,2021010703017729,SMFBS,56,11,75,"1,511.00","113,325.00"
2021-01-07,2021010703017628,SMFDB,8,58,500,"1,030.00","515,000.00"
2021-01-07,2021010703017627,SMFDB,50,58,200,"1,030.00","206,000.00"
2021-01-07,2021010703017626,SMFDB,41,58,113,"1,030.00","116,390.00"
2021-01-07,2021010703017625,SMFDB,21,58,100,"1,032.00","103,200.00"
2021-01-07,2021010703017624,SMFDB,48,58,50,"1,035.00","51,750.00"
2021-01-07,2021010703017496,STC,39,38,10,"6,740.00","67,400.00"
2021-01-07,2021010703017495,STC,39,6,100,"6,730.00","673,000.00"
2021-01-07,2021010703017494,STC,39,57,60,"6,730.00","403,800.00"
2021-01-07,2021010703017816,SWBBL,33,42,100,"1,680.00","168,000.00"
2021-01-07,2021010703017815,SWBBL,33,47,250,"1,676.00","419,000.00"
2021-01-07,2021010703017814,SWBBL,33,47,250,"1,675.00","418,750.00"
2021-01-07,2021010703017813,SWBBL,33,47,200,"1,675.00","335,000.00"
2021-01-07,2021010703017812,SWBBL,33,16,200,"1,674.00","334,800.00"
2021-01-07,2021010703017399,ALBSL,28,46,11,"1,215.00","13,365.00"
2021-01-07,2021010703017353,ALBSL,28,43,11,"1,215.00","13,365.00"
2021-01-07,2021010703017187,ALBSL,16,46,200,"1,217.00","243,400.00"
2021-01-07,2021010703017186,ALBSL,35,46,100,"1,217.00","121,700.00"
2021-01-07,2021010703017185,ALBSL,35,46,245,"1,217.00","298,165.00"
2021-01-07,2021010703017009,ALBSL,28,46,23,"1,225.00","28,175.00"
2021-01-07,2021010703016956,ALBSL,28,11,11,"1,225.00","13,475.00"
2021-01-07,2021010703017086,ALICL,11,28,117,968.00,"113,256.00"
2021-01-07,2021010703017073,ALICL,49,57,10,967.00,"9,670.00"
2021-01-07,2021010703016976,ALICL,35,28,250,968.00,"242,000.00"
2021-01-07,2021010703017382,BBC,58,39,10,"2,775.00","27,750.00"
2021-01-07,2021010703017141,BFC,51,57,89,138.00,"12,282.00"
2021-01-07,2021010703017140,BFC,51,39,11,138.00,"1,518.00"
2021-01-07,2021010703017329,CBBL,1,1,140,"1,197.00","167,580.00"
2021-01-07,2021010703017328,CBBL,1,33,10,"1,196.00","11,960.00"
2021-01-07,2021010703017410,CIT,6,41,10,"3,401.00","34,010.00"
2021-01-07,2021010703017398,CIT,34,41,500,"3,401.00","1,700,500.00"
2021-01-07,2021010703017397,CIT,37,41,100,"3,401.00","340,100.00"
2021-01-07,2021010703017396,CIT,51,41,20,"3,403.00","68,060.00"
2021-01-07,2021010703017395,CIT,37,41,50,"3,404.00","170,200.00"
2021-01-07,2021010703017394,CIT,58,41,10,"3,405.00","34,050.00"
2021-01-07,2021010703016934,CIT,34,38,55,"3,403.00","187,165.00"
2021-01-07,2021010703017194,CIT,40,42,10,"3,405.00","34,050.00"
2021-01-07,2021010703017190,CIT,6,40,35,"3,405.00","119,175.00"
2021-01-07,2021010703017061,CIT,42,40,15,"3,405.00","51,075.00"
2021-01-07,2021010703017044,CIT,22,22,20,"3,406.00","68,120.00"
2021-01-07,2021010703016968,CIT,34,28,50,"3,405.00","170,250.00"
2021-01-07,2021010703016967,CIT,34,8,41,"3,405.00","139,605.00"
2021-01-07,2021010703017308,CIT,34,39,17,"3,408.00","57,936.00"
2021-01-07,2021010703017307,CIT,34,3,15,"3,408.00","51,120.00"
2021-01-07,2021010703017306,CIT,34,50,20,"3,408.00","68,160.00"
2021-01-07,2021010703017220,CIT,19,38,10,"3,406.00","34,060.00"
2021-01-07,2021010703017219,CIT,19,16,50,"3,406.00","170,300.00"
2021-01-07,2021010703017218,CIT,19,22,30,"3,406.00","102,180.00"
2021-01-07,2021010703017393,CIT,16,41,27,"3,405.00","91,935.00"
2021-01-07,2021010703017392,CIT,58,41,10,"3,405.00","34,050.00"
2021-01-07,2021010703017391,CIT,40,41,10,"3,405.00","34,050.00"
2021-01-07,2021010703017390,CIT,21,41,10,"3,407.00","34,070.00"
2021-01-07,2021010703017386,CIT,58,39,10,"3,408.00","34,080.00"
2021-01-07,2021010703017383,CIT,48,49,15,"3,407.00","51,105.00"
2021-01-07,2021010703017377,CLBSL,46,33,10,903.00,"9,030.00"
2021-01-07,2021010703017337,CLBSL,26,34,11,905.00,"9,955.00"
2021-01-07,2021010703017336,CLBSL,26,34,30,905.00,"27,150.00"
2021-01-07,2021010703017335,CLBSL,26,1,45,905.00,"40,725.00"
2021-01-07,2021010703017334,CLBSL,26,49,65,905.00,"58,825.00"
2021-01-07,2021010703017333,CLBSL,26,34,50,905.00,"45,250.00"
2021-01-07,2021010703017028,CLBSL,22,17,30,904.00,"27,120.00"
2021-01-07,2021010703017027,CLBSL,22,57,200,904.00,"180,800.00"
2021-01-07,2021010703016990,CLBSL,46,6,40,903.00,"36,120.00"
2021-01-07,2021010703017153,CLBSL,48,41,26,904.00,"23,504.00"
2021-01-07,2021010703017124,CLBSL,11,11,1,886.00,886.00
2021-01-07,2021010703017095,CLBSL,48,6,10,904.00,"9,040.00"
2021-01-07,2021010703017031,CLBSL,22,29,151,905.00,"136,655.00"
2021-01-07,2021010703017030,CLBSL,22,54,50,905.00,"45,250.00"
2021-01-07,2021010703017029,CLBSL,22,57,69,905.00,"62,445.00"
2021-01-07,2021010703017332,CLBSL,26,1,60,905.00,"54,300.00"
2021-01-07,2021010703017331,CLBSL,26,29,149,905.00,"134,845.00"
2021-01-07,2021010703017330,CLBSL,26,53,90,904.00,"81,360.00"
2021-01-07,2021010703017243,CLBSL,44,11,16,901.00,"14,416.00"
2021-01-07,2021010703017166,CLBSL,48,53,64,904.00,"57,856.00"
2021-01-07,2021010703017154,CLBSL,48,29,100,905.00,"90,500.00"
2021-01-07,2021010703017189,CMF1,19,4,100,9.94,994.00
2021-01-07,2021010703017198,CMF2,38,38,"1,750",9.90,"17,325.00"
2021-01-07,2021010703017341,CORBL,45,17,30,227.00,"6,810.00"
2021-01-07,2021010703017340,CORBL,45,57,450,227.00,"102,150.00"
2021-01-07,2021010703017339,CORBL,45,45,303,227.00,"68,781.00"
2021-01-07,2021010703017227,CORBL,45,49,100,226.00,"22,600.00"
2021-01-07,2021010703017389,DDBL,32,45,150,"1,456.00","218,400.00"
2021-01-07,2021010703017321,DDBL,34,45,50,"1,456.00","72,800.00"
2021-01-07,2021010703017267,DDBL,14,45,100,"1,456.00","145,600.00"
2021-01-07,2021010703017246,DDBL,50,45,90,"1,456.00","131,040.00"
2021-01-07,2021010703017184,DDBL,42,7,80,"1,458.00","116,640.00"
2021-01-07,2021010703017183,DDBL,42,42,120,"1,458.00","174,960.00"
2021-01-07,2021010703017170,DDBL,50,5,10,"1,456.00","14,560.00"
2021-01-07,2021010703017097,DDBL,40,5,30,"1,456.00","43,680.00"
2021-01-07,2021010703017048,DDBL,29,5,50,"1,456.00","72,800.00"
2021-01-07,2021010703017020,DDBL,29,59,40,"1,456.00","58,240.00"
2021-01-07,2021010703016978,DDBL,29,48,10,"1,456.00","14,560.00"
2021-01-07,2021010703016918,DDBL,11,48,60,"1,456.00","87,360.00"
2021-01-07,2021010703017303,FMDBL,58,33,64,603.00,"38,592.00"
2021-01-07,2021010703017378,FOWAD,42,1,50,"2,328.00","116,400.00"
2021-01-07,2021010703017064,FOWAD,1,1,20,"2,328.00","46,560.00"
2021-01-07,2021010703017388,GBBL,34,19,"1,000",317.00,"317,000.00"
2021-01-07,2021010703017387,GBBL,50,19,200,317.00,"63,400.00"
2021-01-07,2021010703017351,GBBL,45,52,100,318.00,"31,800.00"
2021-01-07,2021010703017006,GBBL,4,25,428,316.00,"135,248.00"
2021-01-07,2021010703017005,GBBL,38,25,900,317.00,"285,300.00"
2021-01-07,2021010703017379,GBLBS,45,33,15,605.00,"9,075.00"
2021-01-07,2021010703017206,GBLBS,34,59,30,608.00,"18,240.00"
2021-01-07,2021010703017135,GBLBS,45,56,31,605.00,"18,755.00"
2021-01-07,2021010703017134,GBLBS,6,56,200,605.00,"121,000.00"
2021-01-07,2021010703017133,GBLBS,54,56,50,605.00,"30,250.00"
2021-01-07,2021010703017132,GBLBS,14,56,300,605.00,"181,500.00"
2021-01-07,2021010703017038,GBLBS,6,59,70,608.00,"42,560.00"
2021-01-07,2021010703017035,GBLBS,6,56,220,608.00,"133,760.00"
2021-01-07,2021010703016982,GBLBS,6,26,10,608.00,"6,080.00"
2021-01-07,2021010703017131,GBLBS,17,56,100,605.00,"60,500.00"
2021-01-07,2021010703017130,GBLBS,11,56,80,606.00,"48,480.00"
2021-01-07,2021010703017129,GBLBS,6,56,10,606.00,"6,060.00"
2021-01-07,2021010703017128,GBLBS,5,56,100,606.00,"60,600.00"
2021-01-07,2021010703017127,GBLBS,39,56,90,607.00,"54,630.00"
2021-01-07,2021010703017126,GBLBS,34,56,40,607.00,"24,280.00"
2021-01-07,2021010703017180,GILB,14,42,17,"1,422.00","24,174.00"
2021-01-07,2021010703017179,GILB,14,35,53,"1,420.00","75,260.00"
2021-01-07,2021010703017178,GILB,14,44,500,"1,420.00","710,000.00"
2021-01-07,2021010703017177,GILB,14,52,30,"1,420.00","42,600.00"
2021-01-07,2021010703017176,GILB,14,40,63,"1,419.00","89,397.00"
2021-01-07,2021010703017175,GILB,14,41,40,"1,418.00","56,720.00"
2021-01-07,2021010703017174,GILB,14,17,47,"1,418.00","66,646.00"
2021-01-07,2021010703017117,GILB,26,4,53,"1,415.00","74,995.00"
2021-01-07,2021010703017101,GIMES1,47,10,"2,500",11.65,"29,125.00"
2021-01-07,2021010703017100,GIMES1,47,25,"1,000",11.64,"11,640.00"
2021-01-07,2021010703017372,GLICL,52,52,115,632.00,"72,680.00"
2021-01-07,2021010703017371,GLICL,52,48,264,632.00,"166,848.00"
2021-01-07,2021010703017370,GLICL,52,45,100,632.00,"63,200.00"
2021-01-07,2021010703017369,GLICL,52,43,171,632.00,"108,072.00"
2021-01-07,2021010703017368,GLICL,52,57,50,632.00,"31,600.00"
2021-01-07,2021010703017365,GLICL,6,59,500,631.00,"315,500.00"
2021-01-07,2021010703017116,GLICL,41,14,50,632.00,"31,600.00"
2021-01-07,2021010703017346,GLICL,6,6,50,631.00,"31,550.00"
2021-01-07,2021010703017345,GLICL,29,6,50,631.00,"31,550.00"
2021-01-07,2021010703017320,GLICL,7,57,550,632.00,"347,600.00"
2021-01-07,2021010703017319,GLICL,7,14,150,632.00,"94,800.00"
2021-01-07,2021010703017297,GLICL,1,14,100,632.00,"63,200.00"
2021-01-07,2021010703017212,GLICL,54,14,100,632.00,"63,200.00"
2021-01-07,2021010703016991,GMFBS,48,25,10,"1,173.00","11,730.00"
2021-01-07,2021010703016985,GMFBS,48,44,10,"1,173.00","11,730.00"
2021-01-07,2021010703017261,GUFL,33,38,16,225.00,"3,600.00"
2021-01-07,2021010703017260,GUFL,33,49,"1,000",225.00,"225,000.00"
2021-01-07,2021010703017259,GUFL,33,4,344,225.00,"77,400.00"
2021-01-07,2021010703017233,GUFL,33,26,100,224.00,"22,400.00"
2021-01-07,2021010703017232,GUFL,33,4,500,224.00,"112,000.00"
2021-01-07,2021010703017231,GUFL,33,42,40,223.00,"8,920.00"
2021-01-07,2021010703017202,GUFL,49,45,200,220.00,"44,000.00"
2021-01-07,2021010703017201,GUFL,48,45,300,222.00,"66,600.00"
2021-01-07,2021010703017012,GUFL,34,42,50,223.00,"11,150.00"
2021-01-07,2021010703017011,GUFL,34,34,50,223.00,"11,150.00"
2021-01-07,2021010703017010,GUFL,34,34,100,223.00,"22,300.00"
2021-01-07,2021010703016964,GUFL,48,38,200,222.00,"44,400.00"
2021-01-07,2021010703017409,HIDCL,56,57,20,266.00,"5,320.00"
2021-01-07,2021010703017265,HIDCL,56,34,200,266.00,"53,200.00"
2021-01-07,2021010703017264,HIDCL,56,1,249,266.00,"66,234.00"
2021-01-07,2021010703017263,HIDCL,1,1,100,266.00,"26,600.00"
2021-01-07,2021010703017262,HIDCL,29,1,20,266.00,"5,320.00"
2021-01-07,2021010703017083,HIDCL,45,57,100,266.00,"26,600.00"
2021-01-07,2021010703017266,ICFC,20,8,200,256.00,"51,200.00"
2021-01-07,2021010703017118,ICFC,20,29,500,256.00,"128,000.00"
2021-01-07,2021010703017023,ICFC,20,33,160,256.00,"40,960.00"
2021-01-07,2021010703016944,ICFC,51,33,340,257.00,"87,380.00"
2021-01-07,2021010703017247,ILBS,10,34,11,"1,124.00","12,364.00"
2021-01-07,2021010703017229,ILBS,10,42,11,"1,124.00","12,364.00"
2021-01-07,2021010703017024,ILBS,28,56,11,"1,123.00","12,353.00"
2021-01-07,2021010703017019,ILBS,28,38,11,"1,123.00","12,353.00"
2021-01-07,2021010703017003,ILBS,28,11,71,"1,122.00","79,662.00"
2021-01-07,2021010703017363,JBBL,1,45,500,232.00,"116,000.00"
2021-01-07,2021010703017342,JBBL,50,45,100,232.00,"23,200.00"
2021-01-07,2021010703017309,JBBL,34,45,40,232.00,"9,280.00"
2021-01-07,2021010703016941,JBBL,44,39,"2,984",231.00,"689,304.00"
2021-01-07,2021010703017325,JSLBB,58,57,50,"2,181.00","109,050.00"
2021-01-07,2021010703017364,KMCDB,6,47,50,985.00,"49,250.00"
2021-01-07,2021010703017299,KMCDB,49,6,127,983.00,"124,841.00"
2021-01-07,2021010703017270,KMCDB,19,6,73,983.00,"71,759.00"
2021-01-07,2021010703017000,KRBL,8,57,730,136.00,"99,280.00"
2021-01-07,2021010703016999,KRBL,8,35,20,136.00,"2,720.00"
2021-01-07,2021010703017182,LBBL,50,33,"1,000",209.00,"209,000.00"
2021-01-07,2021010703017105,LBBL,25,49,12,210.00,"2,520.00"
2021-01-07,2021010703017074,LBBL,49,49,200,210.00,"42,000.00"
2021-01-07,2021010703017013,LBBL,45,54,54,209.00,"11,286.00"
2021-01-07,2021010703016953,LBBL,45,57,37,209.00,"7,733.00"
2021-01-07,2021010703017062,LEMF,46,4,500,10.00,"5,000.00"
2021-01-07,2021010703017338,LICN,49,50,200,"2,000.00","400,000.00"
2021-01-07,2021010703017230,LICN,49,50,200,"2,000.00","400,000.00"
2021-01-07,2021010703017205,LICN,49,28,13,"2,000.00","26,000.00"
2021-01-07,2021010703017195,LICN,49,6,60,"2,000.00","120,000.00"
2021-01-07,2021010703017138,LICN,49,25,90,"2,000.00","180,000.00"
2021-01-07,2021010703017039,LICN,49,42,20,"2,000.00","40,000.00"
2021-01-07,2021010703016940,LICN,49,53,200,"2,000.00","400,000.00"
2021-01-07,2021010703017197,LLBS,1,50,138,"1,342.00","185,196.00"
2021-01-07,2021010703017045,LLBS,18,50,200,"1,342.00","268,400.00"
2021-01-07,2021010703017207,MERO,54,26,43,921.00,"39,603.00"
2021-01-07,2021010703016981,MERO,54,8,20,925.00,"18,500.00"
2021-01-07,2021010703016980,MERO,39,8,111,925.00,"102,675.00"
2021-01-07,2021010703017181,MFIL,32,57,50,329.00,"16,450.00"
2021-01-07,2021010703016998,MFIL,55,57,275,329.00,"90,475.00"
2021-01-07,2021010703016933,MLBBL,28,4,50,"1,298.00","64,900.00"
2021-01-07,2021010703017242,MLBL,52,21,255,253.00,"64,515.00"
2021-01-07,2021010703017070,MLBL,37,42,100,254.00,"25,400.00"
2021-01-07,2021010703017002,MLBL,52,41,50,253.00,"12,650.00"
2021-01-07,2021010703017322,MMFDB,42,56,31,"1,241.00","38,471.00"
2021-01-07,2021010703017169,MMFDB,7,56,105,"1,241.00","130,305.00"
2021-01-07,2021010703017094,MMFDB,20,56,164,"1,241.00","203,524.00"
2021-01-07,2021010703017069,MMFDB,20,49,136,"1,241.00","168,776.00"
2021-01-07,2021010703017120,MNBBL,39,53,100,352.00,"35,200.00"
2021-01-07,2021010703017065,MNBBL,39,51,538,352.00,"189,376.00"
2021-01-07,2021010703016972,MNBBL,41,51,148,352.00,"52,096.00"
2021-01-07,2021010703016971,MNBBL,41,22,100,352.00,"35,200.00"
2021-01-07,2021010703016970,MNBBL,41,42,100,352.00,"35,200.00"
2021-01-07,2021010703016969,MNBBL,41,48,152,352.00,"53,504.00"
2021-01-07,2021010703016913,MNBBL,54,33,500,351.00,"175,500.00"
2021-01-07,2021010703017300,MPFL,4,17,37,165.00,"6,105.00"
2021-01-07,2021010703017237,MPFL,4,20,50,165.00,"8,250.00"
2021-01-07,2021010703017236,MPFL,4,25,913,165.00,"150,645.00"
2021-01-07,2021010703017235,MPFL,4,45,500,164.00,"82,000.00"
2021-01-07,2021010703017196,MPFL,4,25,37,165.00,"6,105.00"
2021-01-07,2021010703017193,MPFL,4,45,70,165.00,"11,550.00"
2021-01-07,2021010703016986,MPFL,4,34,83,163.00,"13,529.00"
2021-01-07,2021010703017053,MPFL,4,25,400,165.00,"66,000.00"
2021-01-07,2021010703017043,MPFL,4,48,100,165.00,"16,500.00"
2021-01-07,2021010703017042,MPFL,4,59,300,165.00,"49,500.00"
2021-01-07,2021010703017041,MPFL,4,1,46,165.00,"7,590.00"
2021-01-07,2021010703016988,MPFL,4,1,17,165.00,"2,805.00"
2021-01-07,2021010703016987,MPFL,4,39,100,165.00,"16,500.00"
2021-01-07,2021010703017192,MPFL,4,58,500,165.00,"82,500.00"
2021-01-07,2021010703017191,MPFL,4,33,400,165.00,"66,000.00"
2021-01-07,2021010703017108,MPFL,4,8,100,165.00,"16,500.00"
2021-01-07,2021010703017107,MPFL,4,59,593,165.00,"97,845.00"
2021-01-07,2021010703017106,MPFL,4,16,"1,000",162.00,"162,000.00"
2021-01-07,2021010703017068,MPFL,4,59,207,165.00,"34,155.00"
2021-01-07,2021010703017082,MSLB,1,5,21,"1,632.00","34,272.00"
2021-01-07,2021010703017081,MSLB,25,5,100,"1,634.00","163,400.00"
2021-01-07,2021010703017080,MSLB,1,5,30,"1,635.00","49,050.00"
2021-01-07,2021010703017079,MSLB,1,5,130,"1,635.00","212,550.00"
2021-01-07,2021010703017188,NABBC,8,38,200,632.00,"126,400.00"
2021-01-07,2021010703017248,NBF2,19,22,"1,000",9.83,"9,830.00"
2021-01-07,2021010703017327,NFS,14,33,39,230.00,"8,970.00"
2021-01-07,2021010703017315,NFS,14,48,402,228.00,"91,656.00"
2021-01-07,2021010703017314,NFS,45,48,40,228.00,"9,120.00"
2021-01-07,2021010703017313,NFS,54,48,100,230.00,"23,000.00"
2021-01-07,2021010703017137,NFS,49,33,30,230.00,"6,900.00"
2021-01-07,2021010703016943,NFS,14,34,"1,500",231.00,"346,500.00"
2021-01-07,2021010703017016,NLBBL,13,5,197,"1,170.00","230,490.00"
2021-01-07,2021010703017004,NLBBL,13,8,15,"1,170.00","17,550.00"
2021-01-07,2021010703017385,NLIC,45,13,112,"2,384.00","267,008.00"
2021-01-07,2021010703017384,NLIC,28,58,10,"2,383.00","23,830.00"
2021-01-07,2021010703017367,NLIC,28,3,100,"2,383.00","238,300.00"
2021-01-07,2021010703017366,NLIC,28,4,50,"2,383.00","119,150.00"
2021-01-07,2021010703017343,NLIC,4,4,100,"2,383.00","238,300.00"
2021-01-07,2021010703017317,NLIC,22,4,90,"2,383.00","214,470.00"
2021-01-07,2021010703016920,NLIC,48,48,10,"2,385.00","23,850.00"
2021-01-07,2021010703016974,NLIC,52,48,30,"2,385.00","71,550.00"
2021-01-07,2021010703016973,NLIC,52,42,100,"2,384.00","238,400.00"
2021-01-07,2021010703016951,NLIC,49,48,10,"2,385.00","23,850.00"
2021-01-07,2021010703016950,NLIC,34,25,35,"2,384.00","83,440.00"
2021-01-07,2021010703016925,NLIC,34,26,30,"2,384.00","71,520.00"
2021-01-07,2021010703016924,NLIC,47,26,20,"2,384.00","47,680.00"
2021-01-07,2021010703017051,NLIC,8,28,70,"2,384.00","166,880.00"
2021-01-07,2021010703017050,NLIC,40,28,30,"2,384.00","71,520.00"
2021-01-07,2021010703016995,NLIC,40,50,100,"2,384.00","238,400.00"
2021-01-07,2021010703016994,NLIC,33,50,30,"2,384.00","71,520.00"
2021-01-07,2021010703016993,NLIC,34,50,35,"2,384.00","83,440.00"
2021-01-07,2021010703016975,NLIC,52,59,70,"2,385.00","166,950.00"
2021-01-07,2021010703017122,NLIC,51,4,100,"2,383.00","238,300.00"
2021-01-07,2021010703017121,NLIC,57,4,178,"2,383.00","424,174.00"
2021-01-07,2021010703017115,NLIC,11,4,26,"2,384.00","61,984.00"
2021-01-07,2021010703017102,NLIC,42,4,10,"2,384.00","23,840.00"
2021-01-07,2021010703017075,NLIC,57,13,22,"2,383.00","52,426.00"
2021-01-07,2021010703017059,NLIC,8,4,30,"2,384.00","71,520.00"
2021-01-07,2021010703017215,NLIC,54,26,100,"2,384.00","238,400.00"
2021-01-07,2021010703017214,NLIC,54,4,24,"2,384.00","57,216.00"
2021-01-07,2021010703017203,NLIC,45,59,90,"2,383.00","214,470.00"
2021-01-07,2021010703017199,NLIC,34,59,10,"2,383.00","23,830.00"
2021-01-07,2021010703017167,NLIC,3,59,100,"2,383.00","238,300.00"
2021-01-07,2021010703017123,NLIC,22,4,40,"2,384.00","95,360.00"
2021-01-07,2021010703017254,NLIC,45,10,10,"2,383.00","23,830.00"
2021-01-07,2021010703017253,NLIC,54,13,88,"2,384.00","209,792.00"
2021-01-07,2021010703017252,NLIC,54,35,40,"2,384.00","95,360.00"
2021-01-07,2021010703017251,NLIC,54,26,72,"2,384.00","171,648.00"
2021-01-07,2021010703017217,NLIC,54,26,66,"2,384.00","157,344.00"
2021-01-07,2021010703017216,NLIC,54,8,10,"2,384.00","23,840.00"
2021-01-07,2021010703017316,NLIC,16,4,560,"2,383.00","1,334,480.00"
2021-01-07,2021010703017312,NLIC,5,13,30,"2,384.00","71,520.00"
2021-01-07,2021010703017305,NLIC,52,13,200,"2,384.00","476,800.00"
2021-01-07,2021010703017298,NLIC,35,13,110,"2,384.00","262,240.00"
2021-01-07,2021010703017271,NLIC,16,48,150,"2,383.00","357,450.00"
2021-01-07,2021010703017255,NLIC,16,10,290,"2,383.00","691,070.00"
2021-01-07,2021010703017380,NLICL,33,45,50,"1,119.00","55,950.00"
2021-01-07,2021010703017376,NLICL,42,47,100,"1,118.00","111,800.00"
2021-01-07,2021010703017310,NLICL,20,34,496,"1,119.00","555,024.00"
2021-01-07,2021010703017250,NLICL,20,34,150,"1,119.00","167,850.00"
2021-01-07,2021010703017249,NLICL,20,59,350,"1,119.00","391,650.00"
2021-01-07,2021010703017238,NLICL,50,59,300,"1,119.00","335,700.00"
2021-01-07,2021010703016938,NLICL,47,22,200,"1,117.00","223,400.00"
2021-01-07,2021010703016937,NLICL,4,22,80,"1,118.00","89,440.00"
2021-01-07,2021010703016936,NLICL,32,22,100,"1,118.00","111,800.00"
2021-01-07,2021010703017096,NLICL,50,57,11,"1,120.00","12,320.00"
2021-01-07,2021010703017093,NLICL,43,57,500,"1,120.00","560,000.00"
2021-01-07,2021010703017092,NLICL,25,57,200,"1,121.00","224,200.00"
2021-01-07,2021010703017018,NLICL,20,4,200,"1,120.00","224,000.00"
2021-01-07,2021010703016979,NLICL,19,58,368,"1,120.00","412,160.00"
2021-01-07,2021010703016939,NLICL,4,22,120,"1,117.00","134,040.00"
2021-01-07,2021010703017234,NLICL,59,59,100,"1,119.00","111,900.00"
2021-01-07,2021010703017208,NLICL,48,59,550,"1,119.00","615,450.00"
2021-01-07,2021010703017173,NLICL,48,47,250,"1,119.00","279,750.00"
2021-01-07,2021010703017142,NLICL,48,50,200,"1,119.00","223,800.00"
2021-01-07,2021010703017139,NLICL,32,47,50,"1,121.00","56,050.00"
2021-01-07,2021010703017119,NLICL,20,57,89,"1,120.00","99,680.00"
2021-01-07,2021010703017156,NMBMF,47,40,100,"1,025.00","102,500.00"
2021-01-07,2021010703017155,NMBMF,47,40,12,"1,025.00","12,300.00"
2021-01-07,2021010703017037,NMBMF,54,52,19,"1,025.00","19,475.00"
2021-01-07,2021010703016989,NMBMF,54,17,33,"1,025.00","33,825.00"
2021-01-07,2021010703016983,NMBMF,54,50,122,"1,025.00","125,050.00"
2021-01-07,2021010703017408,NMFBS,33,17,32,"2,280.00","72,960.00"
2021-01-07,2021010703017407,NMFBS,33,51,21,"2,279.00","47,859.00"
2021-01-07,2021010703017406,NMFBS,33,57,100,"2,274.00","227,400.00"
2021-01-07,2021010703017405,NMFBS,33,21,50,"2,273.00","113,650.00"
2021-01-07,2021010703017404,NMFBS,33,49,30,"2,273.00","68,190.00"
2021-01-07,2021010703017403,NMFBS,33,32,36,"2,273.00","81,828.00"
2021-01-07,2021010703017402,NMFBS,33,13,21,"2,270.00","47,670.00"
2021-01-07,2021010703017401,NMFBS,33,19,60,"2,261.00","135,660.00"
2021-01-07,2021010703017400,NMFBS,33,4,50,"2,261.00","113,050.00"
2021-01-07,2021010703017323,NMFBS,45,26,50,"2,258.00","112,900.00"
2021-01-07,2021010703017373,NRIC,43,1,30,"1,547.00","46,410.00"
2021-01-07,2021010703017362,NRIC,52,17,10,"1,548.00","15,480.00"
2021-01-07,2021010703017361,NRIC,52,39,40,"1,548.00","61,920.00"
2021-01-07,2021010703017360,NRIC,52,45,100,"1,548.00","154,800.00"
2021-01-07,2021010703017359,NRIC,52,49,50,"1,548.00","77,400.00"
2021-01-07,2021010703017358,NRIC,52,38,16,"1,547.00","24,752.00"
2021-01-07,2021010703016977,NRIC,16,55,10,"1,546.00","15,460.00"
2021-01-07,2021010703016957,NRIC,16,34,40,"1,546.00","61,840.00"
2021-01-07,2021010703016949,NRIC,16,39,20,"1,546.00","30,920.00"
2021-01-07,2021010703016948,NRIC,29,39,20,"1,548.00","30,960.00"
2021-01-07,2021010703016928,NRIC,29,42,40,"1,548.00","61,920.00"
2021-01-07,2021010703016927,NRIC,29,17,40,"1,548.00","61,920.00"
2021-01-07,2021010703017112,NRIC,58,42,50,"1,547.00","77,350.00"
2021-01-07,2021010703017111,NRIC,21,42,320,"1,547.00","495,040.00"
2021-01-07,2021010703017110,NRIC,21,42,26,"1,547.00","40,222.00"
2021-01-07,2021010703017066,NRIC,21,58,74,"1,547.00","114,478.00"
2021-01-07,2021010703017008,NRIC,22,3,200,"1,547.00","309,400.00"
2021-01-07,2021010703017007,NRIC,16,38,50,"1,546.00","77,300.00"
2021-01-07,2021010703017210,NRIC,28,51,90,"1,547.00","139,230.00"
2021-01-07,2021010703017209,NRIC,28,22,60,"1,547.00","92,820.00"
2021-01-07,2021010703017172,NRIC,6,34,50,"1,547.00","77,350.00"
2021-01-07,2021010703017171,NRIC,6,42,44,"1,547.00","68,068.00"
2021-01-07,2021010703017114,NRIC,58,42,20,"1,547.00","30,940.00"
2021-01-07,2021010703017113,NRIC,45,42,20,"1,547.00","30,940.00"
2021-01-07,2021010703017256,NRIC,16,42,40,"1,546.00","61,840.00"
2021-01-07,2021010703017245,NRIC,41,8,225,"1,547.00","348,075.00"
2021-01-07,2021010703017241,NRIC,41,48,75,"1,547.00","116,025.00"
2021-01-07,2021010703017240,NRIC,29,48,50,"1,547.00","77,350.00"
2021-01-07,2021010703017239,NRIC,6,48,75,"1,547.00","116,025.00"
2021-01-07,2021010703017211,NRIC,6,51,25,"1,547.00","38,675.00"
2021-01-07,2021010703017276,NRIC,45,17,75,"1,546.00","115,950.00"
2021-01-07,2021010703017275,NRIC,43,17,100,"1,546.00","154,600.00"
2021-01-07,2021010703017274,NRIC,33,17,30,"1,546.00","46,380.00"
2021-01-07,2021010703017273,NRIC,16,17,16,"1,546.00","24,736.00"
2021-01-07,2021010703017269,NRIC,1,8,100,"1,547.00","154,700.00"
2021-01-07,2021010703017268,NRIC,34,8,100,"1,547.00","154,700.00"
2021-01-07,2021010703017282,NRIC,47,17,100,"1,546.00","154,600.00"
2021-01-07,2021010703017281,NRIC,46,17,100,"1,546.00","154,600.00"
2021-01-07,2021010703017280,NRIC,38,17,100,"1,546.00","154,600.00"
2021-01-07,2021010703017279,NRIC,42,17,100,"1,546.00","154,600.00"
2021-01-07,2021010703017278,NRIC,57,17,50,"1,546.00","77,300.00"
2021-01-07,2021010703017277,NRIC,51,17,50,"1,546.00","77,300.00"
2021-01-07,2021010703017288,NRIC,38,17,100,"1,545.00","154,500.00"
2021-01-07,2021010703017287,NRIC,25,17,100,"1,545.00","154,500.00"
2021-01-07,2021010703017286,NRIC,26,17,60,"1,545.00","92,700.00"
2021-01-07,2021010703017285,NRIC,37,17,40,"1,545.00","61,800.00"
2021-01-07,2021010703017284,NRIC,20,17,20,"1,546.00","30,920.00"
2021-01-07,2021010703017283,NRIC,32,17,100,"1,546.00","154,600.00"
2021-01-07,2021010703017294,NRIC,51,17,20,"1,545.00","30,900.00"
2021-01-07,2021010703017293,NRIC,26,17,100,"1,545.00","154,500.00"
2021-01-07,2021010703017292,NRIC,13,17,10,"1,545.00","15,450.00"
2021-01-07,2021010703017291,NRIC,11,17,100,"1,545.00","154,500.00"
2021-01-07,2021010703017290,NRIC,57,17,15,"1,545.00","23,175.00"
2021-01-07,2021010703017289,NRIC,10,17,100,"1,545.00","154,500.00"
2021-01-07,2021010703017357,NRIC,52,4,50,"1,547.00","77,350.00"
2021-01-07,2021010703017356,NRIC,52,8,25,"1,547.00","38,675.00"
2021-01-07,2021010703017354,NRIC,51,42,20,"1,545.00","30,900.00"
2021-01-07,2021010703017304,NRIC,22,8,50,"1,547.00","77,350.00"
2021-01-07,2021010703017296,NRIC,22,17,10,"1,545.00","15,450.00"
2021-01-07,2021010703017295,NRIC,39,17,100,"1,545.00","154,500.00"
2021-01-07,2021010703017355,NRN,52,3,10,359.00,"3,590.00"
2021-01-07,2021010703017072,NRN,52,42,180,359.00,"64,620.00"
2021-01-07,2021010703017071,NRN,45,42,120,359.00,"43,080.00"
2021-01-07,2021010703017063,NRN,45,3,10,359.00,"3,590.00"
2021-01-07,2021010703017049,NRN,45,58,10,359.00,"3,590.00"
2021-01-07,2021010703016984,NRN,45,34,10,359.00,"3,590.00"
2021-01-07,2021010703016919,NRN,45,45,10,359.00,"3,590.00"
2021-01-07,2021010703017375,NTC,40,43,100,"1,269.00","126,900.00"
2021-01-07,2021010703017350,NTC,11,43,99,"1,269.00","125,631.00"
2021-01-07,2021010703017349,NTC,11,13,51,"1,266.00","64,566.00"
2021-01-07,2021010703017348,NTC,45,13,100,"1,266.00","126,600.00"
2021-01-07,2021010703017347,NTC,16,13,49,"1,268.00","62,132.00"
2021-01-07,2021010703017326,NTC,16,50,60,"1,268.00","76,080.00"
2021-01-07,2021010703016954,NTC,51,38,470,"1,270.00","596,900.00"
2021-01-07,2021010703016923,NTC,11,38,30,"1,270.00","38,100.00"
2021-01-07,2021010703016914,NTC,46,38,100,"1,270.00","127,000.00"
2021-01-07,2021010703016962,NTC,51,38,48,"1,269.00","60,912.00"
2021-01-07,2021010703016961,NTC,38,38,32,"1,270.00","40,640.00"
2021-01-07,2021010703016960,NTC,38,38,200,"1,270.00","254,000.00"
2021-01-07,2021010703016959,NTC,38,4,70,"1,270.00","88,900.00"
2021-01-07,2021010703016958,NTC,38,39,198,"1,270.00","251,460.00"
2021-01-07,2021010703016955,NTC,51,4,30,"1,270.00","38,100.00"
2021-01-07,2021010703017091,NTC,38,52,100,"1,268.00","126,800.00"
2021-01-07,2021010703017056,NTC,33,43,100,"1,269.00","126,900.00"
2021-01-07,2021010703017055,NTC,16,43,109,"1,269.00","138,321.00"
2021-01-07,2021010703017054,NTC,51,43,452,"1,269.00","573,588.00"
2021-01-07,2021010703017022,NTC,38,50,40,"1,271.00","50,840.00"
2021-01-07,2021010703017021,NTC,38,50,60,"1,270.00","76,200.00"
2021-01-07,2021010703017318,NTC,56,43,40,"1,269.00","50,760.00"
2021-01-07,2021010703017272,NTC,50,43,200,"1,269.00","253,800.00"
2021-01-07,2021010703017244,NTC,59,43,30,"1,269.00","38,070.00"
2021-01-07,2021010703017221,NTC,34,43,200,"1,269.00","253,800.00"
2021-01-07,2021010703017168,NTC,38,1,50,"1,268.00","63,400.00"
2021-01-07,2021010703017136,NTC,51,43,100,"1,269.00","126,900.00"
2021-01-07,2021010703017374,OHL,49,58,400,471.00,"188,400.00"
2021-01-07,2021010703017078,PFL,5,55,200,184.00,"36,800.00"
2021-01-07,2021010703017077,PFL,17,55,300,184.00,"55,200.00"
2021-01-07,2021010703017076,PFL,5,55,150,184.00,"27,600.00"
2021-01-07,2021010703017344,PLIC,1,51,48,770.00,"36,960.00"
2021-01-07,2021010703017052,PLIC,21,43,200,768.00,"153,600.00"
2021-01-07,2021010703017036,PLIC,6,52,100,767.00,"76,700.00"
2021-01-07,2021010703016952,PLIC,18,7,300,768.00,"230,400.00"
2021-01-07,2021010703017311,RLI,55,42,10,617.00,"6,170.00"
2021-01-07,2021010703017302,RLI,1,22,10,618.00,"6,180.00"
2021-01-07,2021010703017301,RLI,1,58,10,618.00,"6,180.00"
2021-01-07,2021010703017257,RLI,55,3,10,617.00,"6,170.00"
2021-01-07,2021010703017228,RLI,55,48,10,617.00,"6,170.00"
2021-01-07,2021010703017200,RLI,55,34,10,617.00,"6,170.00"
2021-01-07,2021010703016922,RLI,59,17,10,616.00,"6,160.00"
2021-01-07,2021010703016921,RLI,59,48,10,616.00,"6,160.00"
2021-01-07,2021010703017046,RLI,55,3,10,617.00,"6,170.00"
2021-01-07,2021010703017040,RLI,55,51,10,617.00,"6,170.00"
2021-01-07,2021010703017026,RLI,55,58,10,617.00,"6,170.00"
2021-01-07,2021010703017025,RLI,55,48,10,617.00,"6,170.00"
2021-01-07,2021010703017001,RLI,59,48,10,616.00,"6,160.00"
2021-01-07,2021010703016963,RLI,59,57,10,616.00,"6,160.00"
2021-01-07,2021010703017164,RLI,55,45,10,617.00,"6,170.00"
2021-01-07,2021010703017163,RLI,55,39,150,617.00,"92,550.00"
2021-01-07,2021010703017109,RLI,55,51,10,617.00,"6,170.00"
2021-01-07,2021010703017103,RLI,55,16,10,617.00,"6,170.00"
2021-01-07,2021010703017090,RLI,55,32,10,617.00,"6,170.00"
2021-01-07,2021010703017060,RLI,55,56,10,617.00,"6,170.00"
2021-01-07,2021010703017099,RMDC,4,38,10,"1,195.00","11,950.00"
2021-01-07,2021010703017017,RMDC,4,19,50,"1,195.00","59,750.00"
2021-01-07,2021010703017324,RSDC,34,49,216,607.00,"131,112.00"
2021-01-07,2021010703017258,RSDC,34,50,99,607.00,"60,093.00"
2021-01-07,2021010703016926,RSDC,17,39,100,608.00,"60,800.00"
2021-01-07,2021010703017165,SABSL,57,54,11,"1,085.00","11,935.00"
2021-01-07,2021010703017033,SABSL,34,48,10,"1,085.00","10,850.00"
2021-01-07,2021010703017032,SABSL,34,10,10,"1,085.00","10,850.00"
2021-01-07,2021010703017085,SAEF,47,45,"3,600",11.75,"42,300.00"
2021-01-07,2021010703017084,SAEF,47,29,400,11.70,"4,680.00"
2021-01-07,2021010703017162,SAPDBL,10,48,97,147.00,"14,259.00"
2021-01-07,2021010703017161,SAPDBL,51,48,100,147.00,"14,700.00"
2021-01-07,2021010703017160,SAPDBL,35,48,278,147.00,"40,866.00"
2021-01-07,2021010703017159,SAPDBL,36,48,204,147.00,"29,988.00"
2021-01-07,2021010703017158,SAPDBL,1,48,10,147.00,"1,470.00"
2021-01-07,2021010703017157,SAPDBL,6,48,564,147.00,"82,908.00"
2021-01-07,2021010703016996,SAPDBL,29,35,148,148.00,"21,904.00"
2021-01-07,2021010703017381,SDLBSL,22,3,10,"1,088.00","10,880.00"
2021-01-07,2021010703017204,SEF,13,45,"4,000",10.50,"42,000.00"
2021-01-07,2021010703017067,SEF,13,29,"1,000",10.50,"10,500.00"
2021-01-07,2021010703017224,SFCL,45,18,650,129.00,"83,850.00"
2021-01-07,2021010703017223,SFCL,44,18,50,129.00,"6,450.00"
2021-01-07,2021010703017089,SFCL,20,56,50,130.00,"6,500.00"
2021-01-07,2021010703017088,SFCL,8,56,50,130.00,"6,500.00"
2021-01-07,2021010703017087,SFCL,38,56,158,130.00,"20,540.00"
2021-01-07,2021010703017098,SHINE,38,26,170,241.00,"40,970.00"
2021-01-07,2021010703017014,SIFC,42,17,16,179.00,"2,864.00"
2021-01-07,2021010703016917,SINDU,43,50,44,155.00,"6,820.00"
2021-01-07,2021010703016916,SINDU,43,52,87,155.00,"13,485.00"
2021-01-07,2021010703016915,SINDU,43,6,69,154.00,"10,626.00"
2021-01-07,2021010703017412,SKBBL,35,50,55,"1,442.00","79,310.00"
2021-01-07,2021010703017411,SKBBL,35,10,45,"1,442.00","64,890.00"
2021-01-07,2021010703017034,SKBBL,1,10,250,"1,444.00","361,000.00"
2021-01-07,2021010703017015,SKBBL,1,10,50,"1,444.00","72,200.00"
2021-01-07,2021010703017143,SLBBL,17,42,56,"1,160.00","64,960.00"
2021-01-07,2021010703017222,SLBS,10,58,37,"1,326.00","49,062.00"
2021-01-07,2021010703016942,SLBS,34,48,100,"1,320.00","132,000.00"
2021-01-07,2021010703017352,SLBSL,19,19,50,"1,018.00","50,900.00"
2021-01-07,2021010703017226,SLBSL,34,19,50,"1,018.00","50,900.00"
2021-01-07,2021010703016997,SLBSL,42,32,200,"1,021.00","204,200.00"
2021-01-07,2021010703016935,SLBSL,22,47,300,"1,021.00","306,300.00"
2021-01-07,2021010703017225,SLICL,1,14,73,700.00,"51,100.00"
2021-01-07,2021010703017058,SLICL,25,14,100,700.00,"70,000.00"
2021-01-07,2021010703017057,SLICL,54,14,27,700.00,"18,900.00"
2021-01-07,2021010703016966,SLICL,54,33,50,700.00,"35,000.00"
2021-01-07,2021010703016965,SLICL,32,33,50,701.00,"35,050.00"
2021-01-07,2021010703016945,SLICL,32,44,20,702.00,"14,040.00"
2021-01-07,2021010703017152,SMB,57,42,200,"1,221.00","244,200.00"
2021-01-07,2021010703017151,SMB,57,3,60,"1,220.00","73,200.00"
2021-01-07,2021010703017150,SMB,57,48,11,"1,220.00","13,420.00"
2021-01-07,2021010703017149,SMB,57,43,26,"1,220.00","31,720.00"
2021-01-07,2021010703017148,SMB,57,40,22,"1,220.00","26,840.00"
2021-01-07,2021010703017147,SMB,57,42,11,"1,220.00","13,420.00"
2021-01-07,2021010703017146,SMB,57,34,80,"1,218.00","97,440.00"
2021-01-07,2021010703017145,SMB,57,34,11,"1,210.00","13,310.00"
2021-01-07,2021010703017144,SMB,57,28,10,"1,205.00","12,050.00"
2021-01-07,2021010703017104,SMB,10,10,11,"1,204.00","13,244.00"
2021-01-07,2021010703017047,SMB,25,28,20,"1,205.00","24,100.00"
2021-01-07,2021010703017125,SMFBS,34,52,10,"1,519.00","15,190.00"
2021-01-07,2021010703016932,SMFDB,41,56,87,"1,030.00","89,610.00"
2021-01-07,2021010703016931,SMFDB,38,56,34,"1,031.00","35,054.00"
2021-01-07,2021010703016930,SMFDB,38,56,50,"1,032.00","51,600.00"
2021-01-07,2021010703016929,SMFDB,38,56,50,"1,039.00","51,950.00"
2021-01-07,2021010703017213,STC,33,38,10,"6,720.00","67,200.00"
2021-01-07,2021010703016992,TRH,49,49,200,300.00,"60,000.00"
2021-01-07,2021010703016947,UFL,22,22,91,243.00,"22,113.00"
2021-01-07,2021010703016946,UFL,36,22,50,243.00,"12,150.00"
2021-01-07,2021010703016752,ALBSL,3,42,56,"1,230.00","68,880.00"
2021-01-07,2021010703016751,ALBSL,3,14,11,"1,230.00","13,530.00"
2021-01-07,2021010703016750,ALBSL,3,43,11,"1,228.00","13,508.00"
2021-01-07,2021010703016683,ALBSL,26,45,10,"1,226.00","12,260.00"
2021-01-07,2021010703016657,ALBSL,28,34,150,"1,225.00","183,750.00"
2021-01-07,2021010703016656,ALBSL,28,14,12,"1,225.00","14,700.00"
2021-01-07,2021010703016624,ALBSL,35,39,11,"1,217.00","13,387.00"
2021-01-07,2021010703016467,ALBSL,35,17,11,"1,217.00","13,387.00"
2021-01-07,2021010703016735,ALICL,35,7,150,968.00,"145,200.00"
2021-01-07,2021010703016421,ALICL,35,25,100,968.00,"96,800.00"
2021-01-07,2021010703016690,BFC,59,57,10,138.00,"1,380.00"
2021-01-07,2021010703016810,CBBL,29,33,10,"1,195.00","11,950.00"
2021-01-07,2021010703016631,CBBL,43,33,10,"1,195.00","11,950.00"
2021-01-07,2021010703016630,CBBL,52,33,21,"1,195.00","25,095.00"
2021-01-07,2021010703016564,CBBL,4,1,100,"1,197.00","119,700.00"
2021-01-07,2021010703016660,CFCL,10,14,"1,350",173.00,"233,550.00"
2021-01-07,2021010703016833,CIT,34,13,50,"3,403.00","170,150.00"
2021-01-07,2021010703016777,CIT,34,45,190,"3,403.00","646,570.00"
2021-01-07,2021010703016766,CIT,58,56,40,"3,400.00","136,000.00"
2021-01-07,2021010703016765,CIT,6,56,10,"3,401.00","34,010.00"
2021-01-07,2021010703016764,CIT,33,56,20,"3,401.00","68,020.00"
2021-01-07,2021010703016763,CIT,6,56,30,"3,401.00","102,030.00"
2021-01-07,2021010703016504,CIT,34,40,63,"3,401.00","214,263.00"
2021-01-07,2021010703016503,CIT,34,16,90,"3,401.00","306,090.00"
2021-01-07,2021010703016502,CIT,57,40,14,"3,401.00","47,614.00"
2021-01-07,2021010703016637,CIT,55,45,190,"3,403.00","646,570.00"
2021-01-07,2021010703016636,CIT,55,25,10,"3,402.00","34,020.00"
2021-01-07,2021010703016617,CIT,50,45,20,"3,403.00","68,060.00"
2021-01-07,2021010703016581,CIT,6,59,70,"3,401.00","238,070.00"
2021-01-07,2021010703016554,CIT,22,28,30,"3,403.00","102,090.00"
2021-01-07,2021010703016516,CIT,28,38,8,"3,401.00","27,208.00"
2021-01-07,2021010703016762,CLBSL,11,11,1,887.00,887.00
2021-01-07,2021010703016688,CLBSL,11,11,1,887.00,887.00
2021-01-07,2021010703016463,CLBSL,22,57,119,905.00,"107,695.00"
2021-01-07,2021010703016462,CLBSL,22,13,23,905.00,"20,815.00"
2021-01-07,2021010703016438,CLBSL,39,57,12,905.00,"10,860.00"
2021-01-07,2021010703016437,CLBSL,39,4,50,905.00,"45,250.00"
2021-01-07,2021010703016430,CLBSL,39,59,10,902.00,"9,020.00"
2021-01-07,2021010703016429,CLBSL,39,59,50,902.00,"45,100.00"
2021-01-07,2021010703016428,CLBSL,39,43,100,902.00,"90,200.00"
2021-01-07,2021010703016427,CLBSL,39,59,50,901.00,"45,050.00"
2021-01-07,2021010703016422,CLBSL,11,11,1,882.00,882.00
2021-01-07,2021010703016417,CLBSL,40,54,23,900.00,"20,700.00"
2021-01-07,2021010703016436,CLBSL,39,17,500,904.00,"452,000.00"
2021-01-07,2021010703016435,CLBSL,39,58,35,904.00,"31,640.00"
2021-01-07,2021010703016434,CLBSL,39,42,100,904.00,"90,400.00"
2021-01-07,2021010703016433,CLBSL,39,29,23,904.00,"20,792.00"
2021-01-07,2021010703016432,CLBSL,39,21,13,904.00,"11,752.00"
2021-01-07,2021010703016431,CLBSL,39,34,57,903.00,"51,471.00"
2021-01-07,2021010703016890,CMF1,19,35,"1,000",9.94,"9,940.00"
2021-01-07,2021010703016845,DDBL,19,48,30,"1,456.00","43,680.00"
2021-01-07,2021010703016844,DDBL,19,41,10,"1,456.00","14,560.00"
2021-01-07,2021010703016781,DDBL,37,42,100,"1,458.00","145,800.00"
2021-01-07,2021010703016729,DDBL,38,42,120,"1,458.00","174,960.00"
2021-01-07,2021010703016628,DDBL,14,42,60,"1,458.00","87,480.00"
2021-01-07,2021010703016627,DDBL,22,42,100,"1,458.00","145,800.00"
2021-01-07,2021010703016570,DDBL,22,14,200,"1,458.00","291,600.00"
2021-01-07,2021010703016569,DDBL,56,14,80,"1,458.00","116,640.00"
2021-01-07,2021010703016568,DDBL,34,14,70,"1,458.00","102,060.00"
2021-01-07,2021010703016493,DDBL,34,49,25,"1,458.00","36,450.00"
2021-01-07,2021010703016483,DDBL,34,22,20,"1,458.00","29,160.00"
2021-01-07,2021010703016566,FMDBL,58,52,40,605.00,"24,200.00"
2021-01-07,2021010703016486,FMDBL,58,57,100,604.00,"60,400.00"
2021-01-07,2021010703016485,FMDBL,58,47,100,604.00,"60,400.00"
2021-01-07,2021010703016869,FOWAD,33,41,22,"2,325.00","51,150.00"
