Date,Transact. No.,Symbol,Buyer,Seller,Quantity,Rate,Amount
2020-10-22,2020102204006921,BBC,45,18,50,"1,675.00","83,750.00"
2020-10-22,2020102204006913,BBC,50,37,20,"1,685.00","33,700.00"
2020-10-22,2020102204006566,BBC,18,55,10,"1,685.00","16,850.00"
2020-10-22,2020102204006954,CMF1,43,21,480,9.74,"4,675.20"
2020-10-22,2020102204006559,CMF1,45,38,100,9.64,964.00
2020-10-22,2020102204006951,GIC,45,16,10,589.00,"5,890.00"
2020-10-22,2020102204006949,GIC,45,44,10,589.00,"5,890.00"
2020-10-22,2020102204006948,GIC,45,18,10,589.00,"5,890.00"
2020-10-22,2020102204006947,GIC,45,21,10,589.00,"5,890.00"
2020-10-22,2020102204006946,GIC,45,16,10,589.00,"5,890.00"
2020-10-22,2020102204006945,GIC,45,18,10,589.00,"5,890.00"
2020-10-22,2020102204006458,GIC,33,40,10,589.00,"5,890.00"
2020-10-22,2020102204006457,GIC,33,40,10,589.00,"5,890.00"
2020-10-22,2020102204006456,GIC,33,41,10,589.00,"5,890.00"
2020-10-22,2020102204006455,GIC,33,41,10,589.00,"5,890.00"
2020-10-22,2020102204006465,GIC,33,20,10,589.00,"5,890.00"
2020-10-22,2020102204006464,GIC,33,40,10,589.00,"5,890.00"
2020-10-22,2020102204006463,GIC,33,1,10,589.00,"5,890.00"
2020-10-22,2020102204006462,GIC,33,40,10,589.00,"5,890.00"
2020-10-22,2020102204006460,GIC,33,4,10,589.00,"5,890.00"
2020-10-22,2020102204006459,GIC,33,42,10,589.00,"5,890.00"
2020-10-22,2020102204006471,GIC,5,40,10,589.00,"5,890.00"
2020-10-22,2020102204006470,GIC,5,1,10,589.00,"5,890.00"
2020-10-22,2020102204006469,GIC,33,14,10,589.00,"5,890.00"
2020-10-22,2020102204006468,GIC,33,38,10,589.00,"5,890.00"
2020-10-22,2020102204006467,GIC,33,40,10,589.00,"5,890.00"
2020-10-22,2020102204006466,GIC,33,56,10,589.00,"5,890.00"
2020-10-22,2020102204006477,GIC,5,17,10,589.00,"5,890.00"
2020-10-22,2020102204006476,GIC,5,34,10,589.00,"5,890.00"
2020-10-22,2020102204006475,GIC,5,58,10,589.00,"5,890.00"
2020-10-22,2020102204006474,GIC,5,38,10,589.00,"5,890.00"
2020-10-22,2020102204006473,GIC,5,4,10,589.00,"5,890.00"
2020-10-22,2020102204006472,GIC,5,38,10,589.00,"5,890.00"
2020-10-22,2020102204006483,GIC,26,41,10,589.00,"5,890.00"
2020-10-22,2020102204006482,GIC,26,4,10,589.00,"5,890.00"
2020-10-22,2020102204006481,GIC,26,21,10,589.00,"5,890.00"
2020-10-22,2020102204006480,GIC,26,20,10,589.00,"5,890.00"
2020-10-22,2020102204006479,GIC,5,44,10,589.00,"5,890.00"
2020-10-22,2020102204006478,GIC,5,42,10,589.00,"5,890.00"
2020-10-22,2020102204006489,GIC,26,56,10,589.00,"5,890.00"
2020-10-22,2020102204006488,GIC,26,42,10,589.00,"5,890.00"
2020-10-22,2020102204006487,GIC,26,38,10,589.00,"5,890.00"
2020-10-22,2020102204006486,GIC,26,38,10,589.00,"5,890.00"
2020-10-22,2020102204006485,GIC,26,56,10,589.00,"5,890.00"
2020-10-22,2020102204006484,GIC,26,46,10,589.00,"5,890.00"
2020-10-22,2020102204006495,GIC,26,22,10,589.00,"5,890.00"
2020-10-22,2020102204006494,GIC,26,19,10,589.00,"5,890.00"
2020-10-22,2020102204006493,GIC,26,56,10,589.00,"5,890.00"
2020-10-22,2020102204006492,GIC,26,50,10,589.00,"5,890.00"
2020-10-22,2020102204006491,GIC,26,56,10,589.00,"5,890.00"
2020-10-22,2020102204006490,GIC,26,50,10,589.00,"5,890.00"
2020-10-22,2020102204006503,GIC,26,38,10,589.00,"5,890.00"
2020-10-22,2020102204006502,GIC,26,6,10,589.00,"5,890.00"
2020-10-22,2020102204006499,GIC,26,38,10,589.00,"5,890.00"
2020-10-22,2020102204006498,GIC,26,20,10,589.00,"5,890.00"
2020-10-22,2020102204006497,GIC,26,38,10,589.00,"5,890.00"
2020-10-22,2020102204006496,GIC,26,20,10,589.00,"5,890.00"
2020-10-22,2020102204006509,GIC,26,16,10,589.00,"5,890.00"
2020-10-22,2020102204006508,GIC,26,56,10,589.00,"5,890.00"
2020-10-22,2020102204006507,GIC,26,42,10,589.00,"5,890.00"
2020-10-22,2020102204006506,GIC,26,4,10,589.00,"5,890.00"
2020-10-22,2020102204006505,GIC,26,38,10,589.00,"5,890.00"
2020-10-22,2020102204006504,GIC,26,56,10,589.00,"5,890.00"
2020-10-22,2020102204006518,GIC,26,17,10,589.00,"5,890.00"
2020-10-22,2020102204006517,GIC,26,38,10,589.00,"5,890.00"
2020-10-22,2020102204006513,GIC,26,1,10,589.00,"5,890.00"
2020-10-22,2020102204006512,GIC,26,56,10,589.00,"5,890.00"
2020-10-22,2020102204006511,GIC,26,56,10,589.00,"5,890.00"
2020-10-22,2020102204006510,GIC,26,13,10,589.00,"5,890.00"
2020-10-22,2020102204006528,GIC,26,41,10,589.00,"5,890.00"
2020-10-22,2020102204006527,GIC,26,56,10,589.00,"5,890.00"
2020-10-22,2020102204006526,GIC,26,1,10,589.00,"5,890.00"
2020-10-22,2020102204006524,GIC,26,56,10,589.00,"5,890.00"
2020-10-22,2020102204006520,GIC,26,38,10,589.00,"5,890.00"
2020-10-22,2020102204006519,GIC,26,46,10,589.00,"5,890.00"
2020-10-22,2020102204006536,GIC,26,41,10,589.00,"5,890.00"
2020-10-22,2020102204006535,GIC,26,56,10,589.00,"5,890.00"
2020-10-22,2020102204006532,GIC,26,56,10,589.00,"5,890.00"
2020-10-22,2020102204006531,GIC,26,56,10,589.00,"5,890.00"
2020-10-22,2020102204006530,GIC,26,56,10,589.00,"5,890.00"
2020-10-22,2020102204006529,GIC,26,42,10,589.00,"5,890.00"
2020-10-22,2020102204006544,GIC,26,56,10,589.00,"5,890.00"
2020-10-22,2020102204006543,GIC,26,40,10,589.00,"5,890.00"
2020-10-22,2020102204006542,GIC,26,41,10,589.00,"5,890.00"
2020-10-22,2020102204006541,GIC,26,56,10,589.00,"5,890.00"
2020-10-22,2020102204006538,GIC,26,38,10,589.00,"5,890.00"
2020-10-22,2020102204006537,GIC,26,56,10,589.00,"5,890.00"
2020-10-22,2020102204006551,GIC,26,41,10,589.00,"5,890.00"
2020-10-22,2020102204006549,GIC,26,29,10,589.00,"5,890.00"
2020-10-22,2020102204006548,GIC,26,1,10,589.00,"5,890.00"
2020-10-22,2020102204006547,GIC,26,41,10,589.00,"5,890.00"
2020-10-22,2020102204006546,GIC,26,5,10,589.00,"5,890.00"
2020-10-22,2020102204006545,GIC,26,40,10,589.00,"5,890.00"
2020-10-22,2020102204006560,GIC,26,41,10,589.00,"5,890.00"
2020-10-22,2020102204006558,GIC,26,22,10,589.00,"5,890.00"
2020-10-22,2020102204006557,GIC,26,55,10,589.00,"5,890.00"
2020-10-22,2020102204006554,GIC,26,41,10,589.00,"5,890.00"
2020-10-22,2020102204006553,GIC,26,11,10,589.00,"5,890.00"
2020-10-22,2020102204006552,GIC,26,6,10,589.00,"5,890.00"
2020-10-22,2020102204006570,GIC,26,51,10,589.00,"5,890.00"
2020-10-22,2020102204006569,GIC,26,57,10,589.00,"5,890.00"
2020-10-22,2020102204006568,GIC,26,41,10,589.00,"5,890.00"
2020-10-22,2020102204006567,GIC,26,57,10,589.00,"5,890.00"
2020-10-22,2020102204006565,GIC,26,41,10,589.00,"5,890.00"
2020-10-22,2020102204006564,GIC,26,41,10,589.00,"5,890.00"
2020-10-22,2020102204006576,GIC,26,57,10,589.00,"5,890.00"
2020-10-22,2020102204006575,GIC,26,44,10,589.00,"5,890.00"
2020-10-22,2020102204006574,GIC,26,41,10,589.00,"5,890.00"
2020-10-22,2020102204006573,GIC,26,44,10,589.00,"5,890.00"
2020-10-22,2020102204006572,GIC,26,44,10,589.00,"5,890.00"
2020-10-22,2020102204006571,GIC,26,44,10,589.00,"5,890.00"
2020-10-22,2020102204006583,GIC,26,57,10,589.00,"5,890.00"
2020-10-22,2020102204006581,GIC,26,4,10,589.00,"5,890.00"
2020-10-22,2020102204006580,GIC,26,57,10,589.00,"5,890.00"
2020-10-22,2020102204006579,GIC,26,41,10,589.00,"5,890.00"
2020-10-22,2020102204006578,GIC,26,57,10,589.00,"5,890.00"
2020-10-22,2020102204006577,GIC,26,44,10,589.00,"5,890.00"
2020-10-22,2020102204006594,GIC,26,45,10,589.00,"5,890.00"
2020-10-22,2020102204006593,GIC,26,57,10,589.00,"5,890.00"
2020-10-22,2020102204006591,GIC,26,34,10,589.00,"5,890.00"
2020-10-22,2020102204006590,GIC,26,57,10,589.00,"5,890.00"
2020-10-22,2020102204006588,GIC,26,4,10,589.00,"5,890.00"
2020-10-22,2020102204006587,GIC,26,41,10,589.00,"5,890.00"
2020-10-22,2020102204006601,GIC,26,41,10,589.00,"5,890.00"
2020-10-22,2020102204006600,GIC,26,45,10,589.00,"5,890.00"
2020-10-22,2020102204006599,GIC,26,57,10,589.00,"5,890.00"
2020-10-22,2020102204006598,GIC,26,14,10,589.00,"5,890.00"
2020-10-22,2020102204006596,GIC,26,43,10,589.00,"5,890.00"
2020-10-22,2020102204006595,GIC,26,57,10,589.00,"5,890.00"
2020-10-22,2020102204006607,GIC,26,29,10,589.00,"5,890.00"
2020-10-22,2020102204006606,GIC,26,19,10,589.00,"5,890.00"
2020-10-22,2020102204006605,GIC,26,45,10,589.00,"5,890.00"
2020-10-22,2020102204006604,GIC,26,41,10,589.00,"5,890.00"
2020-10-22,2020102204006603,GIC,26,56,10,589.00,"5,890.00"
2020-10-22,2020102204006602,GIC,26,41,10,589.00,"5,890.00"
2020-10-22,2020102204006613,GIC,26,42,10,589.00,"5,890.00"
2020-10-22,2020102204006612,GIC,26,56,10,589.00,"5,890.00"
2020-10-22,2020102204006611,GIC,26,41,10,589.00,"5,890.00"
2020-10-22,2020102204006610,GIC,26,45,10,589.00,"5,890.00"
2020-10-22,2020102204006609,GIC,26,19,10,589.00,"5,890.00"
2020-10-22,2020102204006608,GIC,26,45,10,589.00,"5,890.00"
2020-10-22,2020102204006619,GIC,26,45,10,589.00,"5,890.00"
2020-10-22,2020102204006618,GIC,26,19,10,589.00,"5,890.00"
2020-10-22,2020102204006617,GIC,26,45,10,589.00,"5,890.00"
2020-10-22,2020102204006616,GIC,26,38,10,589.00,"5,890.00"
2020-10-22,2020102204006615,GIC,26,45,10,589.00,"5,890.00"
2020-10-22,2020102204006614,GIC,26,45,10,589.00,"5,890.00"
2020-10-22,2020102204006626,GIC,26,56,10,589.00,"5,890.00"
2020-10-22,2020102204006625,GIC,26,19,10,589.00,"5,890.00"
2020-10-22,2020102204006624,GIC,26,19,10,589.00,"5,890.00"
2020-10-22,2020102204006623,GIC,26,45,10,589.00,"5,890.00"
2020-10-22,2020102204006622,GIC,26,45,10,589.00,"5,890.00"
2020-10-22,2020102204006620,GIC,26,13,10,589.00,"5,890.00"
2020-10-22,2020102204006634,GIC,26,28,10,589.00,"5,890.00"
2020-10-22,2020102204006633,GIC,26,34,10,589.00,"5,890.00"
2020-10-22,2020102204006631,GIC,26,34,10,589.00,"5,890.00"
2020-10-22,2020102204006630,GIC,26,48,10,589.00,"5,890.00"
2020-10-22,2020102204006628,GIC,26,34,10,589.00,"5,890.00"
2020-10-22,2020102204006627,GIC,26,19,10,589.00,"5,890.00"
2020-10-22,2020102204006641,GIC,26,57,10,589.00,"5,890.00"
2020-10-22,2020102204006640,GIC,26,56,10,589.00,"5,890.00"
2020-10-22,2020102204006639,GIC,26,21,10,589.00,"5,890.00"
2020-10-22,2020102204006638,GIC,26,38,10,589.00,"5,890.00"
2020-10-22,2020102204006636,GIC,26,28,10,589.00,"5,890.00"
2020-10-22,2020102204006635,GIC,26,38,10,589.00,"5,890.00"
2020-10-22,2020102204006648,GIC,26,7,10,589.00,"5,890.00"
2020-10-22,2020102204006647,GIC,26,48,10,589.00,"5,890.00"
2020-10-22,2020102204006646,GIC,26,57,10,589.00,"5,890.00"
2020-10-22,2020102204006645,GIC,26,28,10,589.00,"5,890.00"
2020-10-22,2020102204006644,GIC,26,58,10,589.00,"5,890.00"
2020-10-22,2020102204006643,GIC,26,57,10,589.00,"5,890.00"
2020-10-22,2020102204006654,GIC,26,19,10,589.00,"5,890.00"
2020-10-22,2020102204006653,GIC,26,19,10,589.00,"5,890.00"
2020-10-22,2020102204006652,GIC,26,39,10,589.00,"5,890.00"
2020-10-22,2020102204006651,GIC,26,44,10,589.00,"5,890.00"
2020-10-22,2020102204006650,GIC,26,6,10,589.00,"5,890.00"
2020-10-22,2020102204006649,GIC,26,28,10,589.00,"5,890.00"
2020-10-22,2020102204006661,GIC,26,57,10,589.00,"5,890.00"
2020-10-22,2020102204006660,GIC,26,58,10,589.00,"5,890.00"
2020-10-22,2020102204006659,GIC,26,57,10,589.00,"5,890.00"
2020-10-22,2020102204006657,GIC,26,5,10,589.00,"5,890.00"
2020-10-22,2020102204006656,GIC,26,5,10,589.00,"5,890.00"
2020-10-22,2020102204006655,GIC,26,42,10,589.00,"5,890.00"
2020-10-22,2020102204006669,GIC,50,56,10,589.00,"5,890.00"
2020-10-22,2020102204006667,GIC,50,57,10,589.00,"5,890.00"
2020-10-22,2020102204006666,GIC,50,56,10,589.00,"5,890.00"
2020-10-22,2020102204006665,GIC,50,57,10,589.00,"5,890.00"
2020-10-22,2020102204006663,GIC,26,1,10,589.00,"5,890.00"
2020-10-22,2020102204006662,GIC,26,21,10,589.00,"5,890.00"
2020-10-22,2020102204006675,GIC,50,56,10,589.00,"5,890.00"
2020-10-22,2020102204006674,GIC,50,48,10,589.00,"5,890.00"
2020-10-22,2020102204006673,GIC,50,48,10,589.00,"5,890.00"
2020-10-22,2020102204006672,GIC,50,47,10,589.00,"5,890.00"
2020-10-22,2020102204006671,GIC,50,49,10,589.00,"5,890.00"
2020-10-22,2020102204006670,GIC,50,47,10,589.00,"5,890.00"
2020-10-22,2020102204006683,GIC,50,29,10,589.00,"5,890.00"
2020-10-22,2020102204006682,GIC,50,29,10,589.00,"5,890.00"
2020-10-22,2020102204006681,GIC,50,49,10,589.00,"5,890.00"
2020-10-22,2020102204006678,GIC,50,56,10,589.00,"5,890.00"
2020-10-22,2020102204006677,GIC,50,29,10,589.00,"5,890.00"
2020-10-22,2020102204006676,GIC,50,29,10,589.00,"5,890.00"
2020-10-22,2020102204006690,GIC,45,51,10,589.00,"5,890.00"
2020-10-22,2020102204006689,GIC,58,57,10,589.00,"5,890.00"
2020-10-22,2020102204006688,GIC,50,57,10,589.00,"5,890.00"
2020-10-22,2020102204006687,GIC,50,38,10,589.00,"5,890.00"
2020-10-22,2020102204006686,GIC,50,29,10,589.00,"5,890.00"
2020-10-22,2020102204006685,GIC,50,29,10,589.00,"5,890.00"
2020-10-22,2020102204006696,GIC,20,4,10,589.00,"5,890.00"
2020-10-22,2020102204006695,GIC,20,4,10,589.00,"5,890.00"
2020-10-22,2020102204006694,GIC,20,54,10,589.00,"5,890.00"
2020-10-22,2020102204006693,GIC,20,41,10,589.00,"5,890.00"
2020-10-22,2020102204006692,GIC,45,57,10,589.00,"5,890.00"
2020-10-22,2020102204006691,GIC,45,56,10,589.00,"5,890.00"
2020-10-22,2020102204006702,GIC,20,29,10,589.00,"5,890.00"
2020-10-22,2020102204006701,GIC,20,29,10,589.00,"5,890.00"
2020-10-22,2020102204006700,GIC,20,58,10,589.00,"5,890.00"
2020-10-22,2020102204006699,GIC,20,59,10,589.00,"5,890.00"
2020-10-22,2020102204006698,GIC,20,41,10,589.00,"5,890.00"
2020-10-22,2020102204006697,GIC,20,4,10,589.00,"5,890.00"
2020-10-22,2020102204006709,GIC,51,57,10,589.00,"5,890.00"
2020-10-22,2020102204006708,GIC,51,18,10,589.00,"5,890.00"
2020-10-22,2020102204006707,GIC,29,49,10,589.00,"5,890.00"
2020-10-22,2020102204006706,GIC,29,29,10,589.00,"5,890.00"
2020-10-22,2020102204006705,GIC,29,29,10,589.00,"5,890.00"
2020-10-22,2020102204006704,GIC,29,29,10,589.00,"5,890.00"
2020-10-22,2020102204006718,GIC,51,22,10,589.00,"5,890.00"
2020-10-22,2020102204006717,GIC,51,36,10,589.00,"5,890.00"
2020-10-22,2020102204006716,GIC,51,45,10,589.00,"5,890.00"
2020-10-22,2020102204006712,GIC,51,18,10,589.00,"5,890.00"
2020-10-22,2020102204006711,GIC,51,38,10,589.00,"5,890.00"
2020-10-22,2020102204006710,GIC,51,42,10,589.00,"5,890.00"
2020-10-22,2020102204006724,GIC,57,36,10,589.00,"5,890.00"
2020-10-22,2020102204006723,GIC,57,58,10,589.00,"5,890.00"
2020-10-22,2020102204006722,GIC,49,58,10,589.00,"5,890.00"
2020-10-22,2020102204006721,GIC,49,29,10,589.00,"5,890.00"
2020-10-22,2020102204006720,GIC,51,58,10,589.00,"5,890.00"
2020-10-22,2020102204006719,GIC,51,18,10,589.00,"5,890.00"
2020-10-22,2020102204006732,GIC,34,47,10,589.00,"5,890.00"
2020-10-22,2020102204006731,GIC,34,45,10,589.00,"5,890.00"
2020-10-22,2020102204006730,GIC,34,28,10,589.00,"5,890.00"
2020-10-22,2020102204006729,GIC,57,49,10,589.00,"5,890.00"
2020-10-22,2020102204006726,GIC,57,28,10,589.00,"5,890.00"
2020-10-22,2020102204006725,GIC,57,58,10,589.00,"5,890.00"
2020-10-22,2020102204006743,GIC,34,18,10,589.00,"5,890.00"
2020-10-22,2020102204006740,GIC,34,58,10,589.00,"5,890.00"
2020-10-22,2020102204006739,GIC,34,47,10,589.00,"5,890.00"
2020-10-22,2020102204006737,GIC,34,58,10,589.00,"5,890.00"
2020-10-22,2020102204006736,GIC,34,47,10,589.00,"5,890.00"
2020-10-22,2020102204006735,GIC,34,18,10,589.00,"5,890.00"
2020-10-22,2020102204006755,GIC,51,48,10,589.00,"5,890.00"
2020-10-22,2020102204006754,GIC,51,45,10,589.00,"5,890.00"
2020-10-22,2020102204006753,GIC,51,51,10,589.00,"5,890.00"
2020-10-22,2020102204006748,GIC,34,18,10,589.00,"5,890.00"
2020-10-22,2020102204006747,GIC,34,58,10,589.00,"5,890.00"
2020-10-22,2020102204006745,GIC,34,18,10,589.00,"5,890.00"
2020-10-22,2020102204006764,GIC,26,53,10,589.00,"5,890.00"
2020-10-22,2020102204006760,GIC,26,57,10,589.00,"5,890.00"
2020-10-22,2020102204006759,GIC,26,29,10,589.00,"5,890.00"
2020-10-22,2020102204006758,GIC,26,21,10,589.00,"5,890.00"
2020-10-22,2020102204006757,GIC,26,51,10,589.00,"5,890.00"
2020-10-22,2020102204006756,GIC,26,21,10,589.00,"5,890.00"
2020-10-22,2020102204006775,GIC,26,1,10,589.00,"5,890.00"
2020-10-22,2020102204006774,GIC,26,5,10,589.00,"5,890.00"
2020-10-22,2020102204006773,GIC,26,38,10,589.00,"5,890.00"
2020-10-22,2020102204006772,GIC,26,7,10,589.00,"5,890.00"
2020-10-22,2020102204006771,GIC,26,38,10,589.00,"5,890.00"
2020-10-22,2020102204006767,GIC,26,40,10,589.00,"5,890.00"
2020-10-22,2020102204006781,GIC,26,38,10,589.00,"5,890.00"
2020-10-22,2020102204006780,GIC,26,38,10,589.00,"5,890.00"
2020-10-22,2020102204006779,GIC,26,38,10,589.00,"5,890.00"
2020-10-22,2020102204006778,GIC,26,38,10,589.00,"5,890.00"
2020-10-22,2020102204006777,GIC,26,49,10,589.00,"5,890.00"
2020-10-22,2020102204006776,GIC,26,38,10,589.00,"5,890.00"
2020-10-22,2020102204006787,GIC,26,49,10,589.00,"5,890.00"
2020-10-22,2020102204006786,GIC,26,58,10,589.00,"5,890.00"
2020-10-22,2020102204006785,GIC,26,14,10,589.00,"5,890.00"
2020-10-22,2020102204006784,GIC,26,38,10,589.00,"5,890.00"
2020-10-22,2020102204006783,GIC,26,38,10,589.00,"5,890.00"
2020-10-22,2020102204006782,GIC,26,38,10,589.00,"5,890.00"
2020-10-22,2020102204006798,GIC,26,38,10,589.00,"5,890.00"
2020-10-22,2020102204006795,GIC,26,38,10,589.00,"5,890.00"
2020-10-22,2020102204006794,GIC,26,38,10,589.00,"5,890.00"
2020-10-22,2020102204006791,GIC,26,38,10,589.00,"5,890.00"
2020-10-22,2020102204006790,GIC,26,47,10,589.00,"5,890.00"
2020-10-22,2020102204006788,GIC,26,38,10,589.00,"5,890.00"
2020-10-22,2020102204006805,GIC,26,58,10,589.00,"5,890.00"
2020-10-22,2020102204006804,GIC,26,34,10,589.00,"5,890.00"
2020-10-22,2020102204006803,GIC,26,34,10,589.00,"5,890.00"
2020-10-22,2020102204006801,GIC,26,38,10,589.00,"5,890.00"
2020-10-22,2020102204006800,GIC,26,58,10,589.00,"5,890.00"
2020-10-22,2020102204006799,GIC,26,36,10,589.00,"5,890.00"
2020-10-22,2020102204006814,GIC,26,43,10,589.00,"5,890.00"
2020-10-22,2020102204006812,GIC,26,58,10,589.00,"5,890.00"
2020-10-22,2020102204006810,GIC,26,56,10,589.00,"5,890.00"
2020-10-22,2020102204006808,GIC,26,58,10,589.00,"5,890.00"
2020-10-22,2020102204006807,GIC,26,35,10,589.00,"5,890.00"
2020-10-22,2020102204006806,GIC,26,35,10,589.00,"5,890.00"
2020-10-22,2020102204006822,GIC,26,26,10,589.00,"5,890.00"
2020-10-22,2020102204006820,GIC,26,58,10,589.00,"5,890.00"
2020-10-22,2020102204006818,GIC,26,42,10,589.00,"5,890.00"
2020-10-22,2020102204006817,GIC,26,14,10,589.00,"5,890.00"
2020-10-22,2020102204006816,GIC,26,49,10,589.00,"5,890.00"
2020-10-22,2020102204006815,GIC,26,17,10,589.00,"5,890.00"
2020-10-22,2020102204006830,GIC,33,19,10,589.00,"5,890.00"
2020-10-22,2020102204006829,GIC,33,41,10,589.00,"5,890.00"
2020-10-22,2020102204006828,GIC,33,38,10,589.00,"5,890.00"
2020-10-22,2020102204006826,GIC,33,43,10,589.00,"5,890.00"
2020-10-22,2020102204006825,GIC,26,1,10,589.00,"5,890.00"
2020-10-22,2020102204006824,GIC,26,41,10,589.00,"5,890.00"
2020-10-22,2020102204006836,GIC,3,55,10,589.00,"5,890.00"
2020-10-22,2020102204006835,GIC,3,55,10,589.00,"5,890.00"
2020-10-22,2020102204006834,GIC,3,16,10,589.00,"5,890.00"
2020-10-22,2020102204006833,GIC,3,55,10,589.00,"5,890.00"
2020-10-22,2020102204006832,GIC,3,57,10,589.00,"5,890.00"
2020-10-22,2020102204006831,GIC,33,55,10,589.00,"5,890.00"
2020-10-22,2020102204006844,GIC,29,58,10,589.00,"5,890.00"
2020-10-22,2020102204006843,GIC,3,1,10,589.00,"5,890.00"
2020-10-22,2020102204006842,GIC,3,3,10,589.00,"5,890.00"
2020-10-22,2020102204006841,GIC,3,34,10,589.00,"5,890.00"
2020-10-22,2020102204006839,GIC,3,25,10,589.00,"5,890.00"
2020-10-22,2020102204006837,GIC,3,55,10,589.00,"5,890.00"
2020-10-22,2020102204006851,GIC,49,6,10,589.00,"5,890.00"
2020-10-22,2020102204006850,GIC,49,56,10,589.00,"5,890.00"
2020-10-22,2020102204006849,GIC,29,29,10,589.00,"5,890.00"
2020-10-22,2020102204006848,GIC,36,29,10,589.00,"5,890.00"
2020-10-22,2020102204006847,GIC,36,29,10,589.00,"5,890.00"
2020-10-22,2020102204006846,GIC,29,29,10,589.00,"5,890.00"
2020-10-22,2020102204006860,GIC,16,57,10,589.00,"5,890.00"
2020-10-22,2020102204006857,GIC,16,29,10,589.00,"5,890.00"
2020-10-22,2020102204006856,GIC,21,57,10,589.00,"5,890.00"
2020-10-22,2020102204006855,GIC,49,59,10,589.00,"5,890.00"
2020-10-22,2020102204006853,GIC,49,57,10,589.00,"5,890.00"
2020-10-22,2020102204006852,GIC,49,59,10,589.00,"5,890.00"
2020-10-22,2020102204006868,GIC,16,40,10,589.00,"5,890.00"
2020-10-22,2020102204006867,GIC,16,40,10,589.00,"5,890.00"
2020-10-22,2020102204006866,GIC,16,58,10,589.00,"5,890.00"
2020-10-22,2020102204006865,GIC,16,40,10,589.00,"5,890.00"
2020-10-22,2020102204006864,GIC,16,49,10,589.00,"5,890.00"
2020-10-22,2020102204006861,GIC,16,57,10,589.00,"5,890.00"
2020-10-22,2020102204006874,GIC,16,40,10,589.00,"5,890.00"
2020-10-22,2020102204006873,GIC,16,29,10,589.00,"5,890.00"
2020-10-22,2020102204006872,GIC,16,38,10,589.00,"5,890.00"
2020-10-22,2020102204006871,GIC,16,40,10,589.00,"5,890.00"
2020-10-22,2020102204006870,GIC,16,40,10,589.00,"5,890.00"
2020-10-22,2020102204006869,GIC,16,58,10,589.00,"5,890.00"
2020-10-22,2020102204006881,GIC,16,35,10,589.00,"5,890.00"
2020-10-22,2020102204006879,GIC,16,29,10,589.00,"5,890.00"
2020-10-22,2020102204006878,GIC,16,21,10,589.00,"5,890.00"
2020-10-22,2020102204006877,GIC,16,36,10,589.00,"5,890.00"
2020-10-22,2020102204006876,GIC,16,58,10,589.00,"5,890.00"
2020-10-22,2020102204006875,GIC,16,21,10,589.00,"5,890.00"
2020-10-22,2020102204006891,GIC,19,44,10,589.00,"5,890.00"
2020-10-22,2020102204006889,GIC,19,44,10,589.00,"5,890.00"
2020-10-22,2020102204006888,GIC,19,45,10,589.00,"5,890.00"
2020-10-22,2020102204006887,GIC,19,58,10,589.00,"5,890.00"
2020-10-22,2020102204006885,GIC,19,45,10,589.00,"5,890.00"
2020-10-22,2020102204006882,GIC,41,45,10,589.00,"5,890.00"
2020-10-22,2020102204006904,GIC,19,52,10,589.00,"5,890.00"
2020-10-22,2020102204006898,GIC,19,32,10,589.00,"5,890.00"
2020-10-22,2020102204006897,GIC,19,52,10,589.00,"5,890.00"
2020-10-22,2020102204006894,GIC,19,29,10,589.00,"5,890.00"
2020-10-22,2020102204006893,GIC,19,44,10,589.00,"5,890.00"
2020-10-22,2020102204006892,GIC,19,44,10,589.00,"5,890.00"
2020-10-22,2020102204006911,GIC,19,18,10,589.00,"5,890.00"
2020-10-22,2020102204006910,GIC,19,53,10,589.00,"5,890.00"
2020-10-22,2020102204006909,GIC,19,18,10,589.00,"5,890.00"
2020-10-22,2020102204006908,GIC,19,36,10,589.00,"5,890.00"
2020-10-22,2020102204006907,GIC,19,58,10,589.00,"5,890.00"
2020-10-22,2020102204006905,GIC,19,42,10,589.00,"5,890.00"
2020-10-22,2020102204006918,GIC,21,50,10,589.00,"5,890.00"
2020-10-22,2020102204006917,GIC,21,32,10,589.00,"5,890.00"
2020-10-22,2020102204006916,GIC,21,18,10,589.00,"5,890.00"
2020-10-22,2020102204006915,GIC,21,43,10,589.00,"5,890.00"
2020-10-22,2020102204006914,GIC,21,18,10,589.00,"5,890.00"
2020-10-22,2020102204006912,GIC,19,55,10,589.00,"5,890.00"
2020-10-22,2020102204006927,GIC,45,21,10,589.00,"5,890.00"
2020-10-22,2020102204006925,GIC,45,21,10,589.00,"5,890.00"
2020-10-22,2020102204006924,GIC,45,21,10,589.00,"5,890.00"
2020-10-22,2020102204006922,GIC,45,18,10,589.00,"5,890.00"
2020-10-22,2020102204006920,GIC,45,38,10,589.00,"5,890.00"
2020-10-22,2020102204006919,GIC,45,18,10,589.00,"5,890.00"
2020-10-22,2020102204006944,GIC,45,44,10,589.00,"5,890.00"
2020-10-22,2020102204006939,GIC,45,43,10,589.00,"5,890.00"
2020-10-22,2020102204006938,GIC,45,18,10,589.00,"5,890.00"
2020-10-22,2020102204006937,GIC,45,58,10,589.00,"5,890.00"
2020-10-22,2020102204006935,GIC,45,58,10,589.00,"5,890.00"
2020-10-22,2020102204006928,GIC,45,18,10,589.00,"5,890.00"
2020-10-22,2020102204006555,GIMES1,57,38,100,9.65,965.00
2020-10-22,2020102204006461,LEMF,45,47,"20,000",9.25,"185,000.00"
2020-10-22,2020102204006950,LUK,38,41,250,9.05,"2,262.50"
2020-10-22,2020102204006926,LUK,38,4,100,9.05,905.00
2020-10-22,2020102204006923,LUK,38,4,100,9.05,905.00
2020-10-22,2020102204006906,LUK,38,4,100,9.05,905.00
2020-10-22,2020102204006827,LUK,38,45,100,9.05,905.00
2020-10-22,2020102204006770,LUK,38,53,100,9.05,905.00
2020-10-22,2020102204006589,LUK,51,57,"1,000",9.00,"9,000.00"
2020-10-22,2020102204006534,LUK,38,58,750,8.91,"6,682.50"
2020-10-22,2020102204006903,NBF2,29,38,200,9.18,"1,836.00"
2020-10-22,2020102204006902,NBF2,29,42,600,9.18,"5,508.00"
2020-10-22,2020102204006901,NBF2,29,26,200,9.17,"1,834.00"
2020-10-22,2020102204006802,NBF2,49,29,"1,000",9.10,"9,100.00"
2020-10-22,2020102204006744,NBF2,49,36,710,9.10,"6,461.00"
2020-10-22,2020102204006738,NBF2,49,6,"2,000",9.10,"18,200.00"
2020-10-22,2020102204006679,NBF2,11,45,"4,500",9.07,"40,815.00"
2020-10-22,2020102204006629,NBF2,34,36,600,9.10,"5,460.00"
2020-10-22,2020102204006637,NEF,8,49,"4,417",9.19,"40,592.23"
2020-10-22,2020102204006562,NEF,34,51,483,9.15,"4,419.45"
2020-10-22,2020102204006561,NEF,34,35,182,9.14,"1,663.48"
2020-10-22,2020102204006550,NEF,40,41,966,9.09,"8,780.94"
2020-10-22,2020102204006540,NEF,40,41,"2,414",9.09,"21,943.26"
2020-10-22,2020102204006749,NIBLPF,34,19,"1,010",9.25,"9,342.50"
2020-10-22,2020102204006746,NIBLPF,34,19,"1,010",9.25,"9,342.50"
2020-10-22,2020102204006703,NIBLPF,34,1,"1,227",9.25,"11,349.75"
2020-10-22,2020102204006621,NIBLPF,45,1,"1,298",9.25,"12,006.50"
2020-10-22,2020102204006563,NIBLPF,14,29,505,9.29,"4,691.45"
2020-10-22,2020102204006539,NIBLPF,45,25,"2,565",9.25,"23,726.25"
2020-10-22,2020102204006501,NIBLPF,45,19,"11,137",9.25,"103,017.25"
2020-10-22,2020102204006500,NIBLPF,45,19,"6,000",9.29,"55,740.00"
2020-10-22,2020102204006900,NIBPO,49,49,125,372.00,"46,500.00"
2020-10-22,2020102204006899,NIBPO,41,49,75,372.00,"27,900.00"
2020-10-22,2020102204006845,NIBPO,51,49,"1,000",373.00,"373,000.00"
2020-10-22,2020102204006823,NIBPO,6,49,244,373.00,"91,012.00"
2020-10-22,2020102204006821,NIBPO,16,49,10,373.00,"3,730.00"
2020-10-22,2020102204006811,NIBPO,44,49,89,373.00,"33,197.00"
2020-10-22,2020102204006597,NIBPO,41,46,25,372.00,"9,300.00"
2020-10-22,2020102204006592,NIBPO,19,55,100,374.00,"37,400.00"
2020-10-22,2020102204006586,NIBPO,8,56,"1,000",373.00,"373,000.00"
2020-10-22,2020102204006585,NIBPO,6,47,100,373.00,"37,300.00"
2020-10-22,2020102204006584,NIBPO,6,49,"1,000",373.00,"373,000.00"
2020-10-22,2020102204006797,NIBPO,19,49,"2,000",373.00,"746,000.00"
2020-10-22,2020102204006796,NIBPO,6,49,157,374.00,"58,718.00"
2020-10-22,2020102204006715,NIBPO,6,46,243,374.00,"90,882.00"
2020-10-22,2020102204006714,NIBPO,6,6,500,374.00,"187,000.00"
2020-10-22,2020102204006713,NIBPO,6,55,900,374.00,"336,600.00"
2020-10-22,2020102204006664,NIBPO,44,4,82,373.00,"30,586.00"
2020-10-22,2020102204006952,NIBSF1,56,47,"5,000",9.82,"49,100.00"
2020-10-22,2020102204006854,NICBF,28,29,600,9.05,"5,430.00"
2020-10-22,2020102204006813,NICBF,34,29,400,9.05,"3,620.00"
2020-10-22,2020102204006789,NICBF,34,45,100,9.05,905.00
2020-10-22,2020102204006642,NICGF,17,49,"8,300",9.70,"80,510.00"
2020-10-22,2020102204006582,NICGF,14,49,300,9.70,"2,910.00"
2020-10-22,2020102204006953,NMBHF1,40,56,"2,473",9.40,"23,246.20"
2020-10-22,2020102204006943,NMBHF1,22,56,"9,900",9.42,"93,258.00"
2020-10-22,2020102204006942,NMBHF1,1,56,"1,450",9.43,"13,673.50"
2020-10-22,2020102204006941,NMBHF1,21,56,"1,177",9.45,"11,122.65"
2020-10-22,2020102204006940,NMBHF1,51,56,"5,000",9.46,"47,300.00"
2020-10-22,2020102204006684,NMBHF1,21,17,"3,273",9.45,"30,929.85"
2020-10-22,2020102204006680,NMBHF1,25,17,550,9.46,"5,203.00"
2020-10-22,2020102204006934,RBCLPO,33,17,100,"10,790.00","1,079,000.00"
2020-10-22,2020102204006933,RBCLPO,33,59,10,"10,775.00","107,750.00"
2020-10-22,2020102204006932,RBCLPO,33,26,10,"10,770.00","107,700.00"
2020-10-22,2020102204006931,RBCLPO,33,25,10,"10,770.00","107,700.00"
2020-10-22,2020102204006930,RBCLPO,33,18,100,"10,750.00","1,075,000.00"
2020-10-22,2020102204006929,RBCLPO,33,33,10,"10,745.00","107,450.00"
2020-10-22,2020102204006728,RBCLPO,38,33,20,"10,700.00","214,000.00"
2020-10-22,2020102204006727,RBCLPO,38,33,10,"10,680.00","106,800.00"
2020-10-22,2020102204006768,RBCLPO,28,11,10,"10,800.00","108,000.00"
2020-10-22,2020102204006766,RBCLPO,28,19,20,"10,761.00","215,220.00"
2020-10-22,2020102204006765,RBCLPO,28,41,10,"10,750.00","107,500.00"
2020-10-22,2020102204006763,RBCLPO,28,17,50,"10,750.00","537,500.00"
2020-10-22,2020102204006762,RBCLPO,38,32,30,"10,740.00","322,200.00"
2020-10-22,2020102204006761,RBCLPO,38,41,10,"10,730.00","107,300.00"
2020-10-22,2020102204006863,RBCLPO,59,25,20,"10,770.00","215,400.00"
2020-10-22,2020102204006859,RBCLPO,59,25,20,"10,770.00","215,400.00"
2020-10-22,2020102204006858,RBCLPO,59,57,30,"10,770.00","323,100.00"
2020-10-22,2020102204006793,RBCLPO,28,50,25,"10,800.00","270,000.00"
2020-10-22,2020102204006792,RBCLPO,28,29,10,"10,800.00","108,000.00"
2020-10-22,2020102204006769,RBCLPO,28,47,10,"10,800.00","108,000.00"
2020-10-22,2020102204006936,SAEF,8,57,"3,500",10.63,"37,205.00"
2020-10-22,2020102204006880,SAEF,8,52,500,10.57,"5,285.00"
2020-10-22,2020102204006862,SAEF,17,57,"1,000",10.58,"10,580.00"
2020-10-22,2020102204006840,SAEF,8,58,225,10.64,"2,394.00"
2020-10-22,2020102204006838,SAEF,8,38,"3,275",10.63,"34,813.25"
2020-10-22,2020102204006819,SAEF,42,38,"1,725",10.63,"18,336.75"
2020-10-22,2020102204006515,SAEF,47,57,"4,450",10.60,"47,170.00"
2020-10-22,2020102204006514,SAEF,47,7,"7,000",10.59,"74,130.00"
2020-10-22,2020102204006809,SAEF,8,57,"1,000",10.57,"10,570.00"
2020-10-22,2020102204006752,SAEF,42,18,200,10.60,"2,120.00"
2020-10-22,2020102204006751,SAEF,42,44,250,10.60,"2,650.00"
2020-10-22,2020102204006750,SAEF,8,58,500,10.57,"5,285.00"
2020-10-22,2020102204006668,SAEF,8,25,"5,000",10.59,"52,950.00"
2020-10-22,2020102204006516,SAEF,47,44,"5,050",10.60,"53,530.00"
2020-10-22,2020102204006886,SEF,47,52,"1,000",9.38,"9,380.00"
2020-10-22,2020102204006533,SEF,47,57,"1,000",9.38,"9,380.00"
2020-10-22,2020102204006896,STC,5,3,20,"3,624.00","72,480.00"
2020-10-22,2020102204006895,STC,14,3,60,"3,624.00","217,440.00"
2020-10-22,2020102204006890,STC,14,7,50,"3,624.00","181,200.00"
2020-10-22,2020102204006884,STC,14,38,20,"3,624.00","72,480.00"
2020-10-22,2020102204006883,STC,14,1,20,"3,623.00","72,460.00"
2020-10-22,2020102204006742,STC,10,25,20,"3,620.00","72,400.00"
2020-10-22,2020102204006525,STC,59,3,50,"3,629.00","181,450.00"
2020-10-22,2020102204006523,STC,59,3,100,"3,629.00","362,900.00"
2020-10-22,2020102204006522,STC,59,3,50,"3,629.00","181,450.00"
2020-10-22,2020102204006521,STC,45,3,100,"3,628.00","362,800.00"
2020-10-22,2020102204006741,STC,10,45,50,"3,620.00","181,000.00"
2020-10-22,2020102204006734,STC,56,43,20,"3,617.00","72,340.00"
2020-10-22,2020102204006733,STC,56,3,50,"3,616.00","180,800.00"
2020-10-22,2020102204006658,STC,6,14,10,"3,617.00","36,170.00"
2020-10-22,2020102204006632,STC,14,3,50,"3,617.00","180,850.00"
2020-10-22,2020102204006556,STC,45,37,50,"3,600.00","180,000.00"
2020-10-22,2020102204006454,GIC,33,1,10,589.00,"5,890.00"
2020-10-22,2020102204006453,GIC,33,21,10,589.00,"5,890.00"
2020-10-22,2020102204006452,GIC,33,41,10,589.00,"5,890.00"
2020-10-22,2020102204006451,GIC,33,48,10,589.00,"5,890.00"
2020-10-22,2020102204006450,GIC,33,41,10,589.00,"5,890.00"
2020-10-22,2020102204006449,GIC,33,4,10,589.00,"5,890.00"
2020-10-22,2020102204005956,GIC,26,4,10,589.00,"5,890.00"
2020-10-22,2020102204005955,GIC,26,34,10,589.00,"5,890.00"
2020-10-22,2020102204005962,GIC,26,18,10,589.00,"5,890.00"
2020-10-22,2020102204005961,GIC,26,34,10,589.00,"5,890.00"
2020-10-22,2020102204005960,GIC,26,17,10,589.00,"5,890.00"
2020-10-22,2020102204005959,GIC,26,58,10,589.00,"5,890.00"
2020-10-22,2020102204005958,GIC,26,29,10,589.00,"5,890.00"
2020-10-22,2020102204005957,GIC,26,18,10,589.00,"5,890.00"
2020-10-22,2020102204005968,GIC,26,34,10,589.00,"5,890.00"
2020-10-22,2020102204005967,GIC,26,58,10,589.00,"5,890.00"
2020-10-22,2020102204005966,GIC,26,18,10,589.00,"5,890.00"
2020-10-22,2020102204005965,GIC,26,47,10,589.00,"5,890.00"
2020-10-22,2020102204005964,GIC,26,28,10,589.00,"5,890.00"
2020-10-22,2020102204005963,GIC,26,56,10,589.00,"5,890.00"
2020-10-22,2020102204005974,GIC,26,18,10,589.00,"5,890.00"
2020-10-22,2020102204005973,GIC,26,47,10,589.00,"5,890.00"
2020-10-22,2020102204005972,GIC,26,34,10,589.00,"5,890.00"
2020-10-22,2020102204005971,GIC,26,58,10,589.00,"5,890.00"
2020-10-22,2020102204005970,GIC,26,18,10,589.00,"5,890.00"
2020-10-22,2020102204005969,GIC,26,4,10,589.00,"5,890.00"
2020-10-22,2020102204005981,GIC,26,58,10,589.00,"5,890.00"
2020-10-22,2020102204005980,GIC,26,47,10,589.00,"5,890.00"
2020-10-22,2020102204005978,GIC,26,34,10,589.00,"5,890.00"
2020-10-22,2020102204005977,GIC,26,58,10,589.00,"5,890.00"
2020-10-22,2020102204005976,GIC,26,4,10,589.00,"5,890.00"
2020-10-22,2020102204005975,GIC,26,28,10,589.00,"5,890.00"
2020-10-22,2020102204005987,GIC,26,34,10,589.00,"5,890.00"
2020-10-22,2020102204005986,GIC,26,36,10,589.00,"5,890.00"
2020-10-22,2020102204005985,GIC,26,28,10,589.00,"5,890.00"
2020-10-22,2020102204005984,GIC,26,34,10,589.00,"5,890.00"
2020-10-22,2020102204005983,GIC,26,4,10,589.00,"5,890.00"
2020-10-22,2020102204005982,GIC,26,56,10,589.00,"5,890.00"
2020-10-22,2020102204005993,GIC,26,47,10,589.00,"5,890.00"
2020-10-22,2020102204005992,GIC,26,28,10,589.00,"5,890.00"
2020-10-22,2020102204005991,GIC,26,25,10,589.00,"5,890.00"
2020-10-22,2020102204005990,GIC,26,58,10,589.00,"5,890.00"
2020-10-22,2020102204005989,GIC,26,50,10,589.00,"5,890.00"
2020-10-22,2020102204005988,GIC,26,25,10,589.00,"5,890.00"
2020-10-22,2020102204006002,GIC,26,58,10,589.00,"5,890.00"
2020-10-22,2020102204006001,GIC,26,47,10,589.00,"5,890.00"
2020-10-22,2020102204005999,GIC,26,34,10,589.00,"5,890.00"
2020-10-22,2020102204005998,GIC,26,18,10,589.00,"5,890.00"
2020-10-22,2020102204005995,GIC,26,25,10,589.00,"5,890.00"
2020-10-22,2020102204005994,GIC,26,34,10,589.00,"5,890.00"
2020-10-22,2020102204006008,GIC,45,3,10,589.00,"5,890.00"
2020-10-22,2020102204006007,GIC,45,18,10,589.00,"5,890.00"
2020-10-22,2020102204006006,GIC,26,47,10,589.00,"5,890.00"
2020-10-22,2020102204006005,GIC,26,36,10,589.00,"5,890.00"
2020-10-22,2020102204006004,GIC,26,28,10,589.00,"5,890.00"
2020-10-22,2020102204006003,GIC,26,18,10,589.00,"5,890.00"
2020-10-22,2020102204006014,GIC,11,14,10,589.00,"5,890.00"
2020-10-22,2020102204006013,GIC,11,34,10,589.00,"5,890.00"
2020-10-22,2020102204006012,GIC,25,34,10,589.00,"5,890.00"
2020-10-22,2020102204006011,GIC,45,38,10,589.00,"5,890.00"
2020-10-22,2020102204006010,GIC,45,28,10,589.00,"5,890.00"
2020-10-22,2020102204006009,GIC,45,38,10,589.00,"5,890.00"
2020-10-22,2020102204006020,GIC,11,14,10,589.00,"5,890.00"
2020-10-22,2020102204006019,GIC,11,55,10,589.00,"5,890.00"
2020-10-22,2020102204006018,GIC,11,7,10,589.00,"5,890.00"
2020-10-22,2020102204006017,GIC,11,58,10,589.00,"5,890.00"
2020-10-22,2020102204006016,GIC,11,14,10,589.00,"5,890.00"
2020-10-22,2020102204006015,GIC,11,34,10,589.00,"5,890.00"
2020-10-22,2020102204006027,GIC,45,18,10,589.00,"5,890.00"
2020-10-22,2020102204006026,GIC,45,14,10,589.00,"5,890.00"
2020-10-22,2020102204006025,GIC,45,14,10,589.00,"5,890.00"
2020-10-22,2020102204006024,GIC,45,38,10,589.00,"5,890.00"
2020-10-22,2020102204006023,GIC,11,42,10,589.00,"5,890.00"
2020-10-22,2020102204006021,GIC,11,34,10,589.00,"5,890.00"
2020-10-22,2020102204006033,GIC,45,4,10,589.00,"5,890.00"
2020-10-22,2020102204006032,GIC,45,14,10,589.00,"5,890.00"
2020-10-22,2020102204006031,GIC,45,4,10,589.00,"5,890.00"
2020-10-22,2020102204006030,GIC,45,45,10,589.00,"5,890.00"
2020-10-22,2020102204006029,GIC,45,21,10,589.00,"5,890.00"
2020-10-22,2020102204006028,GIC,45,55,10,589.00,"5,890.00"
2020-10-22,2020102204006039,GIC,34,4,10,589.00,"5,890.00"
2020-10-22,2020102204006038,GIC,34,28,10,589.00,"5,890.00"
2020-10-22,2020102204006037,GIC,25,25,10,589.00,"5,890.00"
2020-10-22,2020102204006036,GIC,25,4,10,589.00,"5,890.00"
2020-10-22,2020102204006035,GIC,25,21,10,589.00,"5,890.00"
2020-10-22,2020102204006034,GIC,25,58,10,589.00,"5,890.00"
2020-10-22,2020102204006045,GIC,34,34,10,589.00,"5,890.00"
2020-10-22,2020102204006044,GIC,34,28,10,589.00,"5,890.00"
2020-10-22,2020102204006043,GIC,34,4,10,589.00,"5,890.00"
2020-10-22,2020102204006042,GIC,34,44,10,589.00,"5,890.00"
2020-10-22,2020102204006041,GIC,34,34,10,589.00,"5,890.00"
2020-10-22,2020102204006040,GIC,34,34,10,589.00,"5,890.00"
2020-10-22,2020102204006051,GIC,34,41,10,589.00,"5,890.00"
2020-10-22,2020102204006050,GIC,34,47,10,589.00,"5,890.00"
2020-10-22,2020102204006049,GIC,34,28,10,589.00,"5,890.00"
2020-10-22,2020102204006048,GIC,34,45,10,589.00,"5,890.00"
2020-10-22,2020102204006047,GIC,34,34,10,589.00,"5,890.00"
2020-10-22,2020102204006046,GIC,34,4,10,589.00,"5,890.00"
2020-10-22,2020102204006057,GIC,34,4,10,589.00,"5,890.00"
2020-10-22,2020102204006056,GIC,34,44,10,589.00,"5,890.00"
2020-10-22,2020102204006055,GIC,34,16,10,589.00,"5,890.00"
2020-10-22,2020102204006054,GIC,34,34,10,589.00,"5,890.00"
2020-10-22,2020102204006053,GIC,34,34,10,589.00,"5,890.00"
2020-10-22,2020102204006052,GIC,34,4,10,589.00,"5,890.00"
2020-10-22,2020102204006063,GIC,34,28,10,589.00,"5,890.00"
2020-10-22,2020102204006062,GIC,34,4,10,589.00,"5,890.00"
2020-10-22,2020102204006061,GIC,34,56,10,589.00,"5,890.00"
2020-10-22,2020102204006060,GIC,34,41,10,589.00,"5,890.00"
2020-10-22,2020102204006059,GIC,34,34,10,589.00,"5,890.00"
2020-10-22,2020102204006058,GIC,34,28,10,589.00,"5,890.00"
2020-10-22,2020102204006069,GIC,34,44,10,589.00,"5,890.00"
2020-10-22,2020102204006068,GIC,34,34,10,589.00,"5,890.00"
2020-10-22,2020102204006067,GIC,34,4,10,589.00,"5,890.00"
2020-10-22,2020102204006066,GIC,34,44,10,589.00,"5,890.00"
2020-10-22,2020102204006065,GIC,34,4,10,589.00,"5,890.00"
2020-10-22,2020102204006064,GIC,34,34,10,589.00,"5,890.00"
2020-10-22,2020102204006078,GIC,21,34,10,589.00,"5,890.00"
2020-10-22,2020102204006077,GIC,21,4,10,589.00,"5,890.00"
2020-10-22,2020102204006076,GIC,21,28,10,589.00,"5,890.00"
2020-10-22,2020102204006072,GIC,21,57,10,589.00,"5,890.00"
2020-10-22,2020102204006071,GIC,16,47,10,589.00,"5,890.00"
2020-10-22,2020102204006070,GIC,34,41,10,589.00,"5,890.00"
2020-10-22,2020102204006084,GIC,58,25,10,589.00,"5,890.00"
2020-10-22,2020102204006083,GIC,58,34,10,589.00,"5,890.00"
2020-10-22,2020102204006082,GIC,58,47,10,589.00,"5,890.00"
2020-10-22,2020102204006081,GIC,58,4,10,589.00,"5,890.00"
2020-10-22,2020102204006080,GIC,58,57,10,589.00,"5,890.00"
2020-10-22,2020102204006079,GIC,21,34,10,589.00,"5,890.00"
2020-10-22,2020102204006090,GIC,58,47,10,589.00,"5,890.00"
2020-10-22,2020102204006089,GIC,58,34,10,589.00,"5,890.00"
2020-10-22,2020102204006088,GIC,58,35,10,589.00,"5,890.00"
2020-10-22,2020102204006087,GIC,58,34,10,589.00,"5,890.00"
2020-10-22,2020102204006086,GIC,58,35,10,589.00,"5,890.00"
2020-10-22,2020102204006085,GIC,58,34,10,589.00,"5,890.00"
2020-10-22,2020102204006098,GIC,58,47,10,589.00,"5,890.00"
2020-10-22,2020102204006096,GIC,58,35,10,589.00,"5,890.00"
2020-10-22,2020102204006095,GIC,58,28,10,589.00,"5,890.00"
2020-10-22,2020102204006094,GIC,58,18,10,589.00,"5,890.00"
2020-10-22,2020102204006093,GIC,58,35,10,589.00,"5,890.00"
2020-10-22,2020102204006091,GIC,58,47,10,589.00,"5,890.00"
2020-10-22,2020102204006104,GIC,58,34,10,589.00,"5,890.00"
2020-10-22,2020102204006103,GIC,58,28,10,589.00,"5,890.00"
2020-10-22,2020102204006102,GIC,58,46,10,589.00,"5,890.00"
2020-10-22,2020102204006101,GIC,58,18,10,589.00,"5,890.00"
2020-10-22,2020102204006100,GIC,58,35,10,589.00,"5,890.00"
2020-10-22,2020102204006099,GIC,58,54,10,589.00,"5,890.00"
2020-10-22,2020102204006110,GIC,58,40,10,589.00,"5,890.00"
2020-10-22,2020102204006109,GIC,58,41,10,589.00,"5,890.00"
2020-10-22,2020102204006108,GIC,58,47,10,589.00,"5,890.00"
2020-10-22,2020102204006107,GIC,58,4,10,589.00,"5,890.00"
2020-10-22,2020102204006106,GIC,58,18,10,589.00,"5,890.00"
2020-10-22,2020102204006105,GIC,58,55,10,589.00,"5,890.00"
2020-10-22,2020102204006116,GIC,36,28,10,589.00,"5,890.00"
2020-10-22,2020102204006115,GIC,36,4,10,589.00,"5,890.00"
2020-10-22,2020102204006114,GIC,36,18,10,589.00,"5,890.00"
2020-10-22,2020102204006113,GIC,36,34,10,589.00,"5,890.00"
2020-10-22,2020102204006112,GIC,36,35,10,589.00,"5,890.00"
2020-10-22,2020102204006111,GIC,58,1,10,589.00,"5,890.00"
2020-10-22,2020102204006122,GIC,17,28,10,589.00,"5,890.00"
2020-10-22,2020102204006121,GIC,17,39,10,589.00,"5,890.00"
2020-10-22,2020102204006120,GIC,17,18,10,589.00,"5,890.00"
2020-10-22,2020102204006119,GIC,17,5,10,589.00,"5,890.00"
2020-10-22,2020102204006118,GIC,17,41,10,589.00,"5,890.00"
2020-10-22,2020102204006117,GIC,17,42,10,589.00,"5,890.00"
2020-10-22,2020102204006129,GIC,17,41,10,589.00,"5,890.00"
2020-10-22,2020102204006128,GIC,17,34,10,589.00,"5,890.00"
2020-10-22,2020102204006126,GIC,17,32,10,589.00,"5,890.00"
2020-10-22,2020102204006125,GIC,17,4,10,589.00,"5,890.00"
2020-10-22,2020102204006124,GIC,17,41,10,589.00,"5,890.00"
2020-10-22,2020102204006123,GIC,17,34,10,589.00,"5,890.00"
2020-10-22,2020102204006135,GIC,17,34,10,589.00,"5,890.00"
2020-10-22,2020102204006134,GIC,17,34,10,589.00,"5,890.00"
2020-10-22,2020102204006133,GIC,17,28,10,589.00,"5,890.00"
2020-10-22,2020102204006132,GIC,17,14,10,589.00,"5,890.00"
2020-10-22,2020102204006131,GIC,17,18,10,589.00,"5,890.00"
2020-10-22,2020102204006130,GIC,17,19,10,589.00,"5,890.00"
2020-10-22,2020102204006141,GIC,17,34,10,589.00,"5,890.00"
2020-10-22,2020102204006140,GIC,17,51,10,589.00,"5,890.00"
2020-10-22,2020102204006139,GIC,17,57,10,589.00,"5,890.00"
2020-10-22,2020102204006138,GIC,17,4,10,589.00,"5,890.00"
2020-10-22,2020102204006137,GIC,17,1,10,589.00,"5,890.00"
2020-10-22,2020102204006136,GIC,17,19,10,589.00,"5,890.00"
2020-10-22,2020102204006147,GIC,17,41,10,589.00,"5,890.00"
2020-10-22,2020102204006146,GIC,17,1,10,589.00,"5,890.00"
2020-10-22,2020102204006145,GIC,17,4,10,589.00,"5,890.00"
2020-10-22,2020102204006144,GIC,17,1,10,589.00,"5,890.00"
2020-10-22,2020102204006143,GIC,17,28,10,589.00,"5,890.00"
2020-10-22,2020102204006142,GIC,17,18,10,589.00,"5,890.00"
2020-10-22,2020102204006153,GIC,17,4,10,589.00,"5,890.00"
2020-10-22,2020102204006152,GIC,17,41,10,589.00,"5,890.00"
2020-10-22,2020102204006151,GIC,17,28,10,589.00,"5,890.00"
2020-10-22,2020102204006150,GIC,17,18,10,589.00,"5,890.00"
2020-10-22,2020102204006149,GIC,17,41,10,589.00,"5,890.00"
2020-10-22,2020102204006148,GIC,17,4,10,589.00,"5,890.00"
2020-10-22,2020102204006159,GIC,17,4,10,589.00,"5,890.00"
2020-10-22,2020102204006158,GIC,17,18,10,589.00,"5,890.00"
2020-10-22,2020102204006157,GIC,17,41,10,589.00,"5,890.00"
2020-10-22,2020102204006156,GIC,17,4,10,589.00,"5,890.00"
2020-10-22,2020102204006155,GIC,17,41,10,589.00,"5,890.00"
2020-10-22,2020102204006154,GIC,17,18,10,589.00,"5,890.00"
2020-10-22,2020102204006165,GIC,17,41,10,589.00,"5,890.00"
2020-10-22,2020102204006164,GIC,17,4,10,589.00,"5,890.00"
2020-10-22,2020102204006163,GIC,17,18,10,589.00,"5,890.00"
2020-10-22,2020102204006162,GIC,17,5,10,589.00,"5,890.00"
2020-10-22,2020102204006161,GIC,17,41,10,589.00,"5,890.00"
2020-10-22,2020102204006160,GIC,17,28,10,589.00,"5,890.00"
2020-10-22,2020102204006171,GIC,26,18,10,589.00,"5,890.00"
2020-10-22,2020102204006170,GIC,26,41,10,589.00,"5,890.00"
2020-10-22,2020102204006169,GIC,26,4,10,589.00,"5,890.00"
2020-10-22,2020102204006168,GIC,26,18,10,589.00,"5,890.00"
2020-10-22,2020102204006167,GIC,17,18,10,589.00,"5,890.00"
2020-10-22,2020102204006166,GIC,17,29,10,589.00,"5,890.00"
2020-10-22,2020102204006177,GIC,26,28,10,589.00,"5,890.00"
2020-10-22,2020102204006176,GIC,26,41,10,589.00,"5,890.00"
2020-10-22,2020102204006175,GIC,26,18,10,589.00,"5,890.00"
2020-10-22,2020102204006174,GIC,26,41,10,589.00,"5,890.00"
2020-10-22,2020102204006173,GIC,26,18,10,589.00,"5,890.00"
2020-10-22,2020102204006172,GIC,26,51,10,589.00,"5,890.00"
2020-10-22,2020102204006183,GIC,26,41,10,589.00,"5,890.00"
2020-10-22,2020102204006182,GIC,26,18,10,589.00,"5,890.00"
2020-10-22,2020102204006181,GIC,26,5,10,589.00,"5,890.00"
2020-10-22,2020102204006180,GIC,26,41,10,589.00,"5,890.00"
2020-10-22,2020102204006179,GIC,26,38,10,589.00,"5,890.00"
2020-10-22,2020102204006178,GIC,26,18,10,589.00,"5,890.00"
2020-10-22,2020102204006189,GIC,26,18,10,589.00,"5,890.00"
2020-10-22,2020102204006188,GIC,26,37,10,589.00,"5,890.00"
2020-10-22,2020102204006187,GIC,26,28,10,589.00,"5,890.00"
2020-10-22,2020102204006186,GIC,26,3,10,589.00,"5,890.00"
2020-10-22,2020102204006185,GIC,26,38,10,589.00,"5,890.00"
2020-10-22,2020102204006184,GIC,26,18,10,589.00,"5,890.00"
2020-10-22,2020102204006195,GIC,26,41,10,589.00,"5,890.00"
2020-10-22,2020102204006194,GIC,26,18,10,589.00,"5,890.00"
2020-10-22,2020102204006193,GIC,26,26,10,589.00,"5,890.00"
2020-10-22,2020102204006192,GIC,26,13,10,589.00,"5,890.00"
2020-10-22,2020102204006191,GIC,26,18,10,589.00,"5,890.00"
2020-10-22,2020102204006190,GIC,26,1,10,589.00,"5,890.00"
2020-10-22,2020102204006201,GIC,26,41,10,589.00,"5,890.00"
2020-10-22,2020102204006200,GIC,26,4,10,589.00,"5,890.00"
2020-10-22,2020102204006199,GIC,26,26,10,589.00,"5,890.00"
2020-10-22,2020102204006198,GIC,26,18,10,589.00,"5,890.00"
2020-10-22,2020102204006197,GIC,26,41,10,589.00,"5,890.00"
2020-10-22,2020102204006196,GIC,26,28,10,589.00,"5,890.00"
2020-10-22,2020102204006207,GIC,26,26,10,589.00,"5,890.00"
2020-10-22,2020102204006206,GIC,26,14,10,589.00,"5,890.00"
2020-10-22,2020102204006205,GIC,26,28,10,589.00,"5,890.00"
2020-10-22,2020102204006204,GIC,26,18,10,589.00,"5,890.00"
2020-10-22,2020102204006203,GIC,26,56,10,589.00,"5,890.00"
2020-10-22,2020102204006202,GIC,26,6,10,589.00,"5,890.00"
2020-10-22,2020102204006213,GIC,26,53,10,589.00,"5,890.00"
2020-10-22,2020102204006212,GIC,26,26,10,589.00,"5,890.00"
2020-10-22,2020102204006211,GIC,26,41,10,589.00,"5,890.00"
2020-10-22,2020102204006210,GIC,26,53,10,589.00,"5,890.00"
2020-10-22,2020102204006209,GIC,26,4,10,589.00,"5,890.00"
2020-10-22,2020102204006208,GIC,26,41,10,589.00,"5,890.00"
2020-10-22,2020102204006219,GIC,26,53,10,589.00,"5,890.00"
2020-10-22,2020102204006218,GIC,26,53,10,589.00,"5,890.00"
2020-10-22,2020102204006217,GIC,26,41,10,589.00,"5,890.00"
2020-10-22,2020102204006216,GIC,26,3,10,589.00,"5,890.00"
2020-10-22,2020102204006215,GIC,26,28,10,589.00,"5,890.00"
2020-10-22,2020102204006214,GIC,26,41,10,589.00,"5,890.00"
2020-10-22,2020102204006229,GIC,26,4,10,589.00,"5,890.00"
2020-10-22,2020102204006228,GIC,26,53,10,589.00,"5,890.00"
2020-10-22,2020102204006227,GIC,26,28,10,589.00,"5,890.00"
2020-10-22,2020102204006226,GIC,26,56,10,589.00,"5,890.00"
2020-10-22,2020102204006225,GIC,26,42,10,589.00,"5,890.00"
2020-10-22,2020102204006224,GIC,26,17,10,589.00,"5,890.00"
2020-10-22,2020102204006240,GIC,26,41,10,589.00,"5,890.00"
2020-10-22,2020102204006239,GIC,26,57,10,589.00,"5,890.00"
2020-10-22,2020102204006238,GIC,26,41,10,589.00,"5,890.00"
2020-10-22,2020102204006237,GIC,26,4,10,589.00,"5,890.00"
2020-10-22,2020102204006236,GIC,26,53,10,589.00,"5,890.00"
2020-10-22,2020102204006230,GIC,26,38,10,589.00,"5,890.00"
2020-10-22,2020102204006246,GIC,26,33,10,589.00,"5,890.00"
2020-10-22,2020102204006245,GIC,26,4,10,589.00,"5,890.00"
2020-10-22,2020102204006244,GIC,26,41,10,589.00,"5,890.00"
2020-10-22,2020102204006243,GIC,26,53,10,589.00,"5,890.00"
2020-10-22,2020102204006242,GIC,26,58,10,589.00,"5,890.00"
2020-10-22,2020102204006241,GIC,26,28,10,589.00,"5,890.00"
2020-10-22,2020102204006252,GIC,26,41,10,589.00,"5,890.00"
2020-10-22,2020102204006251,GIC,26,3,10,589.00,"5,890.00"
2020-10-22,2020102204006250,GIC,26,28,10,589.00,"5,890.00"
2020-10-22,2020102204006249,GIC,26,41,10,589.00,"5,890.00"
2020-10-22,2020102204006248,GIC,26,11,10,589.00,"5,890.00"
2020-10-22,2020102204006247,GIC,26,17,10,589.00,"5,890.00"
2020-10-22,2020102204006258,GIC,26,41,10,589.00,"5,890.00"
2020-10-22,2020102204006257,GIC,26,28,10,589.00,"5,890.00"
2020-10-22,2020102204006256,GIC,26,58,10,589.00,"5,890.00"
2020-10-22,2020102204006255,GIC,26,41,10,589.00,"5,890.00"
2020-10-22,2020102204006254,GIC,26,56,10,589.00,"5,890.00"
2020-10-22,2020102204006253,GIC,26,17,10,589.00,"5,890.00"
2020-10-22,2020102204006264,GIC,26,28,10,589.00,"5,890.00"
2020-10-22,2020102204006263,GIC,26,41,10,589.00,"5,890.00"
2020-10-22,2020102204006262,GIC,26,17,10,589.00,"5,890.00"
2020-10-22,2020102204006261,GIC,26,41,10,589.00,"5,890.00"
2020-10-22,2020102204006260,GIC,26,17,10,589.00,"5,890.00"
2020-10-22,2020102204006259,GIC,26,51,10,589.00,"5,890.00"
2020-10-22,2020102204006270,GIC,26,17,10,589.00,"5,890.00"
2020-10-22,2020102204006269,GIC,26,41,10,589.00,"5,890.00"
2020-10-22,2020102204006268,GIC,26,51,10,589.00,"5,890.00"
2020-10-22,2020102204006267,GIC,26,41,10,589.00,"5,890.00"
2020-10-22,2020102204006266,GIC,26,17,10,589.00,"5,890.00"
2020-10-22,2020102204006265,GIC,26,46,10,589.00,"5,890.00"
2020-10-22,2020102204006276,GIC,26,17,10,589.00,"5,890.00"
2020-10-22,2020102204006275,GIC,26,34,10,589.00,"5,890.00"
2020-10-22,2020102204006274,GIC,26,20,10,589.00,"5,890.00"
2020-10-22,2020102204006273,GIC,26,17,10,589.00,"5,890.00"
2020-10-22,2020102204006272,GIC,26,17,10,589.00,"5,890.00"
2020-10-22,2020102204006271,GIC,26,41,10,589.00,"5,890.00"
2020-10-22,2020102204006282,GIC,26,18,10,589.00,"5,890.00"
2020-10-22,2020102204006281,GIC,26,56,10,589.00,"5,890.00"
2020-10-22,2020102204006280,GIC,26,4,10,589.00,"5,890.00"
2020-10-22,2020102204006279,GIC,26,28,10,589.00,"5,890.00"
2020-10-22,2020102204006278,GIC,26,36,10,589.00,"5,890.00"
2020-10-22,2020102204006277,GIC,26,17,10,589.00,"5,890.00"
2020-10-22,2020102204006288,GIC,26,22,10,589.00,"5,890.00"
2020-10-22,2020102204006287,GIC,26,21,10,589.00,"5,890.00"
2020-10-22,2020102204006286,GIC,26,41,10,589.00,"5,890.00"
2020-10-22,2020102204006285,GIC,26,17,10,589.00,"5,890.00"
2020-10-22,2020102204006284,GIC,26,41,10,589.00,"5,890.00"
2020-10-22,2020102204006283,GIC,26,4,10,589.00,"5,890.00"
2020-10-22,2020102204006294,GIC,26,14,10,589.00,"5,890.00"
2020-10-22,2020102204006293,GIC,26,18,10,589.00,"5,890.00"
2020-10-22,2020102204006292,GIC,26,41,10,589.00,"5,890.00"
2020-10-22,2020102204006291,GIC,26,4,10,589.00,"5,890.00"
2020-10-22,2020102204006290,GIC,26,17,10,589.00,"5,890.00"
2020-10-22,2020102204006289,GIC,26,42,10,589.00,"5,890.00"
2020-10-22,2020102204006300,GIC,26,18,10,589.00,"5,890.00"
2020-10-22,2020102204006299,GIC,26,4,10,589.00,"5,890.00"
2020-10-22,2020102204006298,GIC,26,17,10,589.00,"5,890.00"
2020-10-22,2020102204006297,GIC,26,41,10,589.00,"5,890.00"
2020-10-22,2020102204006296,GIC,26,17,10,589.00,"5,890.00"
2020-10-22,2020102204006295,GIC,26,28,10,589.00,"5,890.00"
2020-10-22,2020102204006306,GIC,26,18,10,589.00,"5,890.00"
2020-10-22,2020102204006305,GIC,26,57,10,589.00,"5,890.00"
2020-10-22,2020102204006304,GIC,26,4,10,589.00,"5,890.00"
2020-10-22,2020102204006303,GIC,26,47,10,589.00,"5,890.00"
2020-10-22,2020102204006302,GIC,26,28,10,589.00,"5,890.00"
2020-10-22,2020102204006301,GIC,26,17,10,589.00,"5,890.00"
2020-10-22,2020102204006312,GIC,26,47,10,589.00,"5,890.00"
2020-10-22,2020102204006311,GIC,26,17,10,589.00,"5,890.00"
2020-10-22,2020102204006310,GIC,26,4,10,589.00,"5,890.00"
2020-10-22,2020102204006309,GIC,26,47,10,589.00,"5,890.00"
2020-10-22,2020102204006308,GIC,26,38,10,589.00,"5,890.00"
2020-10-22,2020102204006307,GIC,26,17,10,589.00,"5,890.00"
2020-10-22,2020102204006318,GIC,26,47,10,589.00,"5,890.00"
2020-10-22,2020102204006317,GIC,26,34,10,589.00,"5,890.00"
2020-10-22,2020102204006316,GIC,26,43,10,589.00,"5,890.00"
2020-10-22,2020102204006315,GIC,26,57,10,589.00,"5,890.00"
2020-10-22,2020102204006314,GIC,26,17,10,589.00,"5,890.00"
2020-10-22,2020102204006313,GIC,26,41,10,589.00,"5,890.00"
2020-10-22,2020102204006324,GIC,26,41,10,589.00,"5,890.00"
2020-10-22,2020102204006323,GIC,26,40,10,589.00,"5,890.00"
2020-10-22,2020102204006322,GIC,26,47,10,589.00,"5,890.00"
2020-10-22,2020102204006321,GIC,26,45,10,589.00,"5,890.00"
2020-10-22,2020102204006320,GIC,26,41,10,589.00,"5,890.00"
2020-10-22,2020102204006319,GIC,26,17,10,589.00,"5,890.00"
2020-10-22,2020102204006330,GIC,41,32,10,589.00,"5,890.00"
2020-10-22,2020102204006329,GIC,41,40,10,589.00,"5,890.00"
2020-10-22,2020102204006328,GIC,41,41,10,589.00,"5,890.00"
2020-10-22,2020102204006327,GIC,41,47,10,589.00,"5,890.00"
2020-10-22,2020102204006326,GIC,26,56,10,589.00,"5,890.00"
2020-10-22,2020102204006325,GIC,26,40,10,589.00,"5,890.00"
2020-10-22,2020102204006336,GIC,41,40,10,589.00,"5,890.00"
2020-10-22,2020102204006335,GIC,41,41,10,589.00,"5,890.00"
2020-10-22,2020102204006334,GIC,41,47,10,589.00,"5,890.00"
2020-10-22,2020102204006333,GIC,41,4,10,589.00,"5,890.00"
2020-10-22,2020102204006332,GIC,41,56,10,589.00,"5,890.00"
2020-10-22,2020102204006331,GIC,41,34,10,589.00,"5,890.00"
2020-10-22,2020102204006343,GIC,45,40,10,589.00,"5,890.00"
2020-10-22,2020102204006342,GIC,45,8,10,589.00,"5,890.00"
2020-10-22,2020102204006341,GIC,45,47,10,589.00,"5,890.00"
2020-10-22,2020102204006340,GIC,45,17,10,589.00,"5,890.00"
2020-10-22,2020102204006338,GIC,45,1,10,589.00,"5,890.00"
2020-10-22,2020102204006337,GIC,45,47,10,589.00,"5,890.00"
2020-10-22,2020102204006349,GIC,29,14,10,589.00,"5,890.00"
2020-10-22,2020102204006348,GIC,25,40,10,589.00,"5,890.00"
2020-10-22,2020102204006347,GIC,45,8,10,589.00,"5,890.00"
2020-10-22,2020102204006346,GIC,45,17,10,589.00,"5,890.00"
2020-10-22,2020102204006345,GIC,45,43,10,589.00,"5,890.00"
2020-10-22,2020102204006344,GIC,45,28,10,589.00,"5,890.00"
2020-10-22,2020102204006355,GIC,29,40,10,589.00,"5,890.00"
2020-10-22,2020102204006354,GIC,29,47,10,589.00,"5,890.00"
2020-10-22,2020102204006353,GIC,29,14,10,589.00,"5,890.00"
2020-10-22,2020102204006352,GIC,29,40,10,589.00,"5,890.00"
2020-10-22,2020102204006351,GIC,29,17,10,589.00,"5,890.00"
2020-10-22,2020102204006350,GIC,29,47,10,589.00,"5,890.00"
2020-10-22,2020102204006362,GIC,29,3,10,589.00,"5,890.00"
2020-10-22,2020102204006361,GIC,29,28,10,589.00,"5,890.00"
2020-10-22,2020102204006360,GIC,29,14,10,589.00,"5,890.00"
2020-10-22,2020102204006359,GIC,29,17,10,589.00,"5,890.00"
2020-10-22,2020102204006358,GIC,29,47,10,589.00,"5,890.00"
2020-10-22,2020102204006356,GIC,29,1,10,589.00,"5,890.00"
2020-10-22,2020102204006369,GIC,29,34,10,589.00,"5,890.00"
2020-10-22,2020102204006368,GIC,29,40,10,589.00,"5,890.00"
2020-10-22,2020102204006367,GIC,29,17,10,589.00,"5,890.00"
2020-10-22,2020102204006366,GIC,29,58,10,589.00,"5,890.00"
2020-10-22,2020102204006365,GIC,29,47,10,589.00,"5,890.00"
2020-10-22,2020102204006364,GIC,29,57,10,589.00,"5,890.00"
2020-10-22,2020102204006375,GIC,29,45,10,589.00,"5,890.00"
2020-10-22,2020102204006374,GIC,29,28,10,589.00,"5,890.00"
2020-10-22,2020102204006373,GIC,29,56,10,589.00,"5,890.00"
2020-10-22,2020102204006372,GIC,29,17,10,589.00,"5,890.00"
2020-10-22,2020102204006371,GIC,29,58,10,589.00,"5,890.00"
2020-10-22,2020102204006370,GIC,29,28,10,589.00,"5,890.00"
2020-10-22,2020102204006381,GIC,29,17,10,589.00,"5,890.00"
2020-10-22,2020102204006380,GIC,29,28,10,589.00,"5,890.00"
2020-10-22,2020102204006379,GIC,29,40,10,589.00,"5,890.00"
2020-10-22,2020102204006378,GIC,29,17,10,589.00,"5,890.00"
2020-10-22,2020102204006377,GIC,29,58,10,589.00,"5,890.00"
2020-10-22,2020102204006376,GIC,29,17,10,589.00,"5,890.00"
2020-10-22,2020102204006387,GIC,29,28,10,589.00,"5,890.00"
2020-10-22,2020102204006386,GIC,29,17,10,589.00,"5,890.00"
2020-10-22,2020102204006385,GIC,29,25,10,589.00,"5,890.00"
2020-10-22,2020102204006384,GIC,29,6,10,589.00,"5,890.00"
2020-10-22,2020102204006383,GIC,29,56,10,589.00,"5,890.00"
2020-10-22,2020102204006382,GIC,29,34,10,589.00,"5,890.00"
2020-10-22,2020102204006393,GIC,54,40,10,589.00,"5,890.00"
2020-10-22,2020102204006392,GIC,54,28,10,589.00,"5,890.00"
2020-10-22,2020102204006391,GIC,54,45,10,589.00,"5,890.00"
2020-10-22,2020102204006390,GIC,29,40,10,589.00,"5,890.00"
2020-10-22,2020102204006389,GIC,29,8,10,589.00,"5,890.00"
2020-10-22,2020102204006388,GIC,29,40,10,589.00,"5,890.00"
2020-10-22,2020102204006399,GIC,54,17,10,589.00,"5,890.00"
2020-10-22,2020102204006398,GIC,54,34,10,589.00,"5,890.00"
2020-10-22,2020102204006397,GIC,54,38,10,589.00,"5,890.00"
2020-10-22,2020102204006396,GIC,54,40,10,589.00,"5,890.00"
2020-10-22,2020102204006395,GIC,54,28,10,589.00,"5,890.00"
2020-10-22,2020102204006394,GIC,54,17,10,589.00,"5,890.00"
2020-10-22,2020102204006405,GIC,54,46,10,589.00,"5,890.00"
2020-10-22,2020102204006404,GIC,54,39,10,589.00,"5,890.00"
2020-10-22,2020102204006403,GIC,54,46,10,589.00,"5,890.00"
2020-10-22,2020102204006402,GIC,54,28,10,589.00,"5,890.00"
2020-10-22,2020102204006401,GIC,54,58,10,589.00,"5,890.00"
2020-10-22,2020102204006400,GIC,54,56,10,589.00,"5,890.00"
2020-10-22,2020102204006411,GIC,40,53,10,589.00,"5,890.00"
2020-10-22,2020102204006410,GIC,54,56,10,589.00,"5,890.00"
2020-10-22,2020102204006409,GIC,54,42,10,589.00,"5,890.00"
2020-10-22,2020102204006408,GIC,54,39,10,589.00,"5,890.00"
2020-10-22,2020102204006407,GIC,54,56,10,589.00,"5,890.00"
2020-10-22,2020102204006406,GIC,54,16,10,589.00,"5,890.00"
2020-10-22,2020102204006417,GIC,29,40,10,589.00,"5,890.00"
2020-10-22,2020102204006416,GIC,29,41,10,589.00,"5,890.00"
2020-10-22,2020102204006415,GIC,29,41,10,589.00,"5,890.00"
2020-10-22,2020102204006414,GIC,29,40,10,589.00,"5,890.00"
2020-10-22,2020102204006413,GIC,29,18,10,589.00,"5,890.00"
2020-10-22,2020102204006412,GIC,40,28,10,589.00,"5,890.00"
2020-10-22,2020102204006423,GIC,33,48,10,589.00,"5,890.00"
2020-10-22,2020102204006422,GIC,33,40,10,589.00,"5,890.00"
2020-10-22,2020102204006421,GIC,33,40,10,589.00,"5,890.00"
2020-10-22,2020102204006420,GIC,33,28,10,589.00,"5,890.00"
2020-10-22,2020102204006419,GIC,33,40,10,589.00,"5,890.00"
2020-10-22,2020102204006418,GIC,33,41,10,589.00,"5,890.00"
2020-10-22,2020102204006429,GIC,33,56,10,589.00,"5,890.00"
2020-10-22,2020102204006428,GIC,33,1,10,589.00,"5,890.00"
2020-10-22,2020102204006427,GIC,33,41,10,589.00,"5,890.00"
2020-10-22,2020102204006426,GIC,33,34,10,589.00,"5,890.00"
2020-10-22,2020102204006425,GIC,33,28,10,589.00,"5,890.00"
2020-10-22,2020102204006424,GIC,33,16,10,589.00,"5,890.00"
2020-10-22,2020102204006435,GIC,33,4,10,589.00,"5,890.00"
2020-10-22,2020102204006434,GIC,33,41,10,589.00,"5,890.00"
2020-10-22,2020102204006433,GIC,33,41,10,589.00,"5,890.00"
2020-10-22,2020102204006432,GIC,33,17,10,589.00,"5,890.00"
2020-10-22,2020102204006431,GIC,33,41,10,589.00,"5,890.00"
2020-10-22,2020102204006430,GIC,33,17,10,589.00,"5,890.00"
2020-10-22,2020102204006442,GIC,33,43,10,589.00,"5,890.00"
2020-10-22,2020102204006441,GIC,33,28,10,589.00,"5,890.00"
2020-10-22,2020102204006439,GIC,33,50,10,589.00,"5,890.00"
2020-10-22,2020102204006438,GIC,33,3,10,589.00,"5,890.00"
2020-10-22,2020102204006437,GIC,33,50,10,589.00,"5,890.00"
2020-10-22,2020102204006436,GIC,33,54,10,589.00,"5,890.00"
2020-10-22,2020102204006448,GIC,33,41,10,589.00,"5,890.00"
2020-10-22,2020102204006447,GIC,33,10,10,589.00,"5,890.00"
2020-10-22,2020102204006446,GIC,33,41,10,589.00,"5,890.00"
2020-10-22,2020102204006445,GIC,33,51,10,589.00,"5,890.00"
2020-10-22,2020102204006444,GIC,33,56,10,589.00,"5,890.00"
2020-10-22,2020102204006443,GIC,33,41,10,589.00,"5,890.00"
2020-10-22,2020102204006339,LEMF,45,17,"2,500",9.10,"22,750.00"
2020-10-22,2020102204005979,LEMF,57,57,"1,000",9.05,"9,050.00"
2020-10-22,2020102204006357,LUK,38,57,100,8.91,891.00
2020-10-22,2020102204006235,NEF,45,35,"11,818",9.23,"109,080.14"
2020-10-22,2020102204006234,NEF,45,22,"1,000",9.23,"9,230.00"
2020-10-22,2020102204006233,NEF,45,33,"2,414",9.23,"22,281.22"
2020-10-22,2020102204006232,NEF,45,42,"1,000",9.23,"9,230.00"
2020-10-22,2020102204006231,NEF,45,36,"8,768",9.23,"80,928.64"
2020-10-22,2020102204006223,NEF,45,36,"13,560",9.23,"125,158.80"
2020-10-22,2020102204006222,NEF,45,47,500,9.23,"4,615.00"
2020-10-22,2020102204006221,NEF,45,25,"6,343",9.22,"58,482.46"
2020-10-22,2020102204006220,NEF,45,8,"4,597",9.21,"42,338.37"
2020-10-22,2020102204006440,NIBPO,16,56,300,372.00,"111,600.00"
2020-10-22,2020102204006363,NIBPO,28,39,94,371.00,"34,874.00"
2020-10-22,2020102204006022,NIBPO,6,49,400,371.00,"148,400.00"
2020-10-22,2020102204006000,NIBPO,6,35,200,372.00,"74,400.00"
2020-10-22,2020102204006127,RBCLPO,50,16,121,"10,650.00","1,288,650.00"
2020-10-22,2020102204006075,RBCLPO,40,16,19,"10,650.00","202,350.00"
2020-10-22,2020102204006074,RBCLPO,40,41,10,"10,650.00","106,500.00"
2020-10-22,2020102204006073,RBCLPO,40,26,10,"10,600.00","106,000.00"
2020-10-22,2020102204005997,RBCLPO,33,17,50,"10,550.00","527,500.00"
2020-10-22,2020102204005996,RBCLPO,59,17,30,"10,560.00","316,800.00"
2020-10-22,2020102204006097,SFMF,17,55,"1,500",9.20,"13,800.00"
2020-10-22,2020102204006092,SFMF,17,55,"1,000",9.30,"9,300.00"
2020-10-22,2020102204005740,CMF1,45,6,500,9.64,"4,820.00"
2020-10-22,2020102204005954,GIC,26,58,10,589.00,"5,890.00"
2020-10-22,2020102204005953,GIC,26,57,10,589.00,"5,890.00"
2020-10-22,2020102204005952,GIC,26,18,10,589.00,"5,890.00"
2020-10-22,2020102204005951,GIC,26,47,10,589.00,"5,890.00"
2020-10-22,2020102204005950,GIC,26,4,10,589.00,"5,890.00"
2020-10-22,2020102204005949,GIC,26,34,10,589.00,"5,890.00"
2020-10-22,2020102204005456,GIC,28,21,10,589.00,"5,890.00"
2020-10-22,2020102204005455,GIC,28,21,10,589.00,"5,890.00"
2020-10-22,2020102204005462,GIC,28,7,10,589.00,"5,890.00"
2020-10-22,2020102204005461,GIC,28,35,10,589.00,"5,890.00"
2020-10-22,2020102204005460,GIC,28,14,10,589.00,"5,890.00"
2020-10-22,2020102204005459,GIC,28,44,10,589.00,"5,890.00"
2020-10-22,2020102204005458,GIC,28,47,10,589.00,"5,890.00"
2020-10-22,2020102204005457,GIC,28,43,10,589.00,"5,890.00"
2020-10-22,2020102204005468,GIC,28,35,10,589.00,"5,890.00"
2020-10-22,2020102204005467,GIC,28,34,10,589.00,"5,890.00"
2020-10-22,2020102204005466,GIC,28,33,10,589.00,"5,890.00"
2020-10-22,2020102204005465,GIC,28,26,10,589.00,"5,890.00"
2020-10-22,2020102204005464,GIC,28,44,10,589.00,"5,890.00"
2020-10-22,2020102204005463,GIC,28,21,10,589.00,"5,890.00"
2020-10-22,2020102204005474,GIC,58,56,10,589.00,"5,890.00"
2020-10-22,2020102204005473,GIC,58,21,10,589.00,"5,890.00"
2020-10-22,2020102204005472,GIC,28,14,10,589.00,"5,890.00"
2020-10-22,2020102204005471,GIC,28,44,10,589.00,"5,890.00"
2020-10-22,2020102204005470,GIC,28,43,10,589.00,"5,890.00"
2020-10-22,2020102204005469,GIC,28,26,10,589.00,"5,890.00"
2020-10-22,2020102204005480,GIC,52,32,10,589.00,"5,890.00"
2020-10-22,2020102204005479,GIC,52,44,10,589.00,"5,890.00"
2020-10-22,2020102204005478,GIC,52,26,10,589.00,"5,890.00"
2020-10-22,2020102204005477,GIC,52,52,10,589.00,"5,890.00"
2020-10-22,2020102204005476,GIC,52,59,10,589.00,"5,890.00"
2020-10-22,2020102204005475,GIC,58,34,10,589.00,"5,890.00"
2020-10-22,2020102204005486,GIC,57,59,10,589.00,"5,890.00"
2020-10-22,2020102204005485,GIC,57,26,10,589.00,"5,890.00"
2020-10-22,2020102204005484,GIC,57,44,10,589.00,"5,890.00"
2020-10-22,2020102204005483,GIC,57,14,10,589.00,"5,890.00"
2020-10-22,2020102204005482,GIC,57,7,10,589.00,"5,890.00"
2020-10-22,2020102204005481,GIC,16,21,10,589.00,"5,890.00"
2020-10-22,2020102204005492,GIC,4,43,10,589.00,"5,890.00"
2020-10-22,2020102204005491,GIC,57,14,10,589.00,"5,890.00"
2020-10-22,2020102204005490,GIC,57,52,10,589.00,"5,890.00"
2020-10-22,2020102204005489,GIC,57,55,10,589.00,"5,890.00"
2020-10-22,2020102204005488,GIC,57,44,10,589.00,"5,890.00"
2020-10-22,2020102204005487,GIC,57,34,10,589.00,"5,890.00"
2020-10-22,2020102204005499,GIC,1,43,10,589.00,"5,890.00"
2020-10-22,2020102204005498,GIC,1,44,10,589.00,"5,890.00"
2020-10-22,2020102204005497,GIC,1,21,10,589.00,"5,890.00"
2020-10-22,2020102204005495,GIC,1,14,10,589.00,"5,890.00"
2020-10-22,2020102204005494,GIC,1,56,10,589.00,"5,890.00"
2020-10-22,2020102204005493,GIC,1,44,10,589.00,"5,890.00"
2020-10-22,2020102204005505,GIC,1,34,10,589.00,"5,890.00"
2020-10-22,2020102204005504,GIC,1,44,10,589.00,"5,890.00"
2020-10-22,2020102204005503,GIC,1,14,10,589.00,"5,890.00"
2020-10-22,2020102204005502,GIC,1,14,10,589.00,"5,890.00"
2020-10-22,2020102204005501,GIC,1,7,10,589.00,"5,890.00"
2020-10-22,2020102204005500,GIC,1,58,10,589.00,"5,890.00"
2020-10-22,2020102204005511,GIC,1,48,10,589.00,"5,890.00"
2020-10-22,2020102204005510,GIC,1,14,10,589.00,"5,890.00"
2020-10-22,2020102204005509,GIC,1,58,10,589.00,"5,890.00"
2020-10-22,2020102204005508,GIC,1,43,10,589.00,"5,890.00"
2020-10-22,2020102204005507,GIC,1,14,10,589.00,"5,890.00"
2020-10-22,2020102204005506,GIC,1,59,10,589.00,"5,890.00"
2020-10-22,2020102204005517,GIC,14,14,10,589.00,"5,890.00"
2020-10-22,2020102204005516,GIC,14,48,10,589.00,"5,890.00"
2020-10-22,2020102204005515,GIC,14,21,10,589.00,"5,890.00"
2020-10-22,2020102204005514,GIC,14,43,10,589.00,"5,890.00"
2020-10-22,2020102204005513,GIC,1,59,10,589.00,"5,890.00"
2020-10-22,2020102204005512,GIC,1,58,10,589.00,"5,890.00"
2020-10-22,2020102204005523,GIC,14,43,10,589.00,"5,890.00"
2020-10-22,2020102204005522,GIC,14,57,10,589.00,"5,890.00"
2020-10-22,2020102204005521,GIC,14,48,10,589.00,"5,890.00"
2020-10-22,2020102204005520,GIC,14,14,10,589.00,"5,890.00"
2020-10-22,2020102204005519,GIC,14,58,10,589.00,"5,890.00"
2020-10-22,2020102204005518,GIC,14,48,10,589.00,"5,890.00"
2020-10-22,2020102204005529,GIC,38,48,10,589.00,"5,890.00"
2020-10-22,2020102204005528,GIC,38,42,10,589.00,"5,890.00"
2020-10-22,2020102204005527,GIC,38,36,10,589.00,"5,890.00"
2020-10-22,2020102204005526,GIC,38,52,10,589.00,"5,890.00"
2020-10-22,2020102204005525,GIC,38,17,10,589.00,"5,890.00"
2020-10-22,2020102204005524,GIC,38,48,10,589.00,"5,890.00"
2020-10-22,2020102204005535,GIC,38,42,10,589.00,"5,890.00"
2020-10-22,2020102204005534,GIC,38,14,10,589.00,"5,890.00"
2020-10-22,2020102204005533,GIC,38,34,10,589.00,"5,890.00"
2020-10-22,2020102204005532,GIC,38,48,10,589.00,"5,890.00"
2020-10-22,2020102204005531,GIC,38,50,10,589.00,"5,890.00"
2020-10-22,2020102204005530,GIC,38,40,10,589.00,"5,890.00"
2020-10-22,2020102204005542,GIC,38,48,10,589.00,"5,890.00"
2020-10-22,2020102204005541,GIC,38,59,10,589.00,"5,890.00"
2020-10-22,2020102204005540,GIC,38,40,10,589.00,"5,890.00"
2020-10-22,2020102204005538,GIC,38,14,10,589.00,"5,890.00"
2020-10-22,2020102204005537,GIC,38,10,10,589.00,"5,890.00"
2020-10-22,2020102204005536,GIC,38,48,10,589.00,"5,890.00"
2020-10-22,2020102204005548,GIC,38,48,10,589.00,"5,890.00"
2020-10-22,2020102204005547,GIC,38,14,10,589.00,"5,890.00"
2020-10-22,2020102204005546,GIC,38,48,10,589.00,"5,890.00"
2020-10-22,2020102204005545,GIC,38,42,10,589.00,"5,890.00"
2020-10-22,2020102204005544,GIC,38,34,10,589.00,"5,890.00"
2020-10-22,2020102204005543,GIC,38,14,10,589.00,"5,890.00"
2020-10-22,2020102204005554,GIC,38,14,10,589.00,"5,890.00"
2020-10-22,2020102204005553,GIC,38,40,10,589.00,"5,890.00"
2020-10-22,2020102204005552,GIC,38,14,10,589.00,"5,890.00"
2020-10-22,2020102204005551,GIC,38,34,10,589.00,"5,890.00"
2020-10-22,2020102204005550,GIC,38,48,10,589.00,"5,890.00"
2020-10-22,2020102204005549,GIC,38,38,10,589.00,"5,890.00"
2020-10-22,2020102204005560,GIC,38,39,10,589.00,"5,890.00"
2020-10-22,2020102204005559,GIC,38,14,10,589.00,"5,890.00"
2020-10-22,2020102204005558,GIC,38,34,10,589.00,"5,890.00"
2020-10-22,2020102204005557,GIC,38,40,10,589.00,"5,890.00"
2020-10-22,2020102204005556,GIC,38,48,10,589.00,"5,890.00"
2020-10-22,2020102204005555,GIC,38,42,10,589.00,"5,890.00"
2020-10-22,2020102204005566,GIC,38,38,10,589.00,"5,890.00"
2020-10-22,2020102204005565,GIC,38,42,10,589.00,"5,890.00"
2020-10-22,2020102204005564,GIC,38,59,10,589.00,"5,890.00"
2020-10-22,2020102204005563,GIC,38,14,10,589.00,"5,890.00"
2020-10-22,2020102204005562,GIC,38,19,10,589.00,"5,890.00"
2020-10-22,2020102204005561,GIC,38,48,10,589.00,"5,890.00"
2020-10-22,2020102204005572,GIC,38,14,10,589.00,"5,890.00"
2020-10-22,2020102204005571,GIC,38,43,10,589.00,"5,890.00"
2020-10-22,2020102204005570,GIC,38,47,10,589.00,"5,890.00"
2020-10-22,2020102204005569,GIC,38,57,10,589.00,"5,890.00"
2020-10-22,2020102204005568,GIC,38,14,10,589.00,"5,890.00"
2020-10-22,2020102204005567,GIC,38,58,10,589.00,"5,890.00"
2020-10-22,2020102204005578,GIC,38,42,10,589.00,"5,890.00"
2020-10-22,2020102204005577,GIC,38,57,10,589.00,"5,890.00"
2020-10-22,2020102204005576,GIC,38,59,10,589.00,"5,890.00"
2020-10-22,2020102204005575,GIC,38,7,10,589.00,"5,890.00"
2020-10-22,2020102204005574,GIC,38,32,10,589.00,"5,890.00"
2020-10-22,2020102204005573,GIC,38,34,10,589.00,"5,890.00"
2020-10-22,2020102204005584,GIC,38,34,10,589.00,"5,890.00"
2020-10-22,2020102204005583,GIC,38,14,10,589.00,"5,890.00"
2020-10-22,2020102204005582,GIC,38,43,10,589.00,"5,890.00"
2020-10-22,2020102204005581,GIC,38,47,10,589.00,"5,890.00"
2020-10-22,2020102204005580,GIC,38,16,10,589.00,"5,890.00"
2020-10-22,2020102204005579,GIC,38,8,10,589.00,"5,890.00"
2020-10-22,2020102204005590,GIC,38,22,10,589.00,"5,890.00"
2020-10-22,2020102204005589,GIC,38,1,10,589.00,"5,890.00"
2020-10-22,2020102204005588,GIC,38,14,10,589.00,"5,890.00"
2020-10-22,2020102204005587,GIC,38,42,10,589.00,"5,890.00"
2020-10-22,2020102204005586,GIC,38,59,10,589.00,"5,890.00"
2020-10-22,2020102204005585,GIC,38,16,10,589.00,"5,890.00"
2020-10-22,2020102204005597,GIC,38,42,10,589.00,"5,890.00"
2020-10-22,2020102204005596,GIC,38,5,10,589.00,"5,890.00"
2020-10-22,2020102204005595,GIC,38,16,10,589.00,"5,890.00"
2020-10-22,2020102204005594,GIC,38,8,10,589.00,"5,890.00"
2020-10-22,2020102204005593,GIC,38,14,10,589.00,"5,890.00"
2020-10-22,2020102204005591,GIC,38,16,10,589.00,"5,890.00"
2020-10-22,2020102204005603,GIC,38,14,10,589.00,"5,890.00"
2020-10-22,2020102204005602,GIC,38,57,10,589.00,"5,890.00"
2020-10-22,2020102204005601,GIC,38,38,10,589.00,"5,890.00"
2020-10-22,2020102204005600,GIC,38,16,10,589.00,"5,890.00"
2020-10-22,2020102204005599,GIC,38,43,10,589.00,"5,890.00"
2020-10-22,2020102204005598,GIC,38,14,10,589.00,"5,890.00"
2020-10-22,2020102204005611,GIC,38,59,10,589.00,"5,890.00"
2020-10-22,2020102204005610,GIC,38,26,10,589.00,"5,890.00"
2020-10-22,2020102204005609,GIC,38,43,10,589.00,"5,890.00"
2020-10-22,2020102204005608,GIC,38,6,10,589.00,"5,890.00"
2020-10-22,2020102204005606,GIC,38,16,10,589.00,"5,890.00"
2020-10-22,2020102204005605,GIC,38,58,10,589.00,"5,890.00"
2020-10-22,2020102204005617,GIC,38,59,10,589.00,"5,890.00"
2020-10-22,2020102204005616,GIC,38,57,10,589.00,"5,890.00"
2020-10-22,2020102204005615,GIC,38,14,10,589.00,"5,890.00"
2020-10-22,2020102204005614,GIC,38,4,10,589.00,"5,890.00"
2020-10-22,2020102204005613,GIC,38,14,10,589.00,"5,890.00"
2020-10-22,2020102204005612,GIC,38,53,10,589.00,"5,890.00"
2020-10-22,2020102204005623,GIC,38,53,10,589.00,"5,890.00"
2020-10-22,2020102204005622,GIC,38,32,10,589.00,"5,890.00"
2020-10-22,2020102204005621,GIC,38,14,10,589.00,"5,890.00"
2020-10-22,2020102204005620,GIC,38,59,10,589.00,"5,890.00"
2020-10-22,2020102204005619,GIC,38,49,10,589.00,"5,890.00"
2020-10-22,2020102204005618,GIC,38,7,10,589.00,"5,890.00"
2020-10-22,2020102204005629,GIC,8,18,10,589.00,"5,890.00"
2020-10-22,2020102204005628,GIC,8,14,10,589.00,"5,890.00"
2020-10-22,2020102204005627,GIC,38,48,10,589.00,"5,890.00"
2020-10-22,2020102204005626,GIC,38,59,10,589.00,"5,890.00"
2020-10-22,2020102204005625,GIC,38,16,10,589.00,"5,890.00"
2020-10-22,2020102204005624,GIC,38,7,10,589.00,"5,890.00"
2020-10-22,2020102204005636,GIC,35,16,10,589.00,"5,890.00"
2020-10-22,2020102204005635,GIC,35,7,10,589.00,"5,890.00"
2020-10-22,2020102204005634,GIC,35,18,10,589.00,"5,890.00"
2020-10-22,2020102204005632,GIC,8,34,10,589.00,"5,890.00"
2020-10-22,2020102204005631,GIC,8,48,10,589.00,"5,890.00"
2020-10-22,2020102204005630,GIC,8,55,10,589.00,"5,890.00"
2020-10-22,2020102204005643,GIC,42,16,10,589.00,"5,890.00"
2020-10-22,2020102204005641,GIC,42,14,10,589.00,"5,890.00"
2020-10-22,2020102204005640,GIC,16,47,10,589.00,"5,890.00"
2020-10-22,2020102204005639,GIC,35,18,10,589.00,"5,890.00"
2020-10-22,2020102204005638,GIC,35,45,10,589.00,"5,890.00"
2020-10-22,2020102204005637,GIC,35,14,10,589.00,"5,890.00"
2020-10-22,2020102204005649,GIC,52,37,10,589.00,"5,890.00"
2020-10-22,2020102204005648,GIC,52,45,10,589.00,"5,890.00"
2020-10-22,2020102204005647,GIC,52,59,10,589.00,"5,890.00"
2020-10-22,2020102204005646,GIC,52,42,10,589.00,"5,890.00"
2020-10-22,2020102204005645,GIC,42,37,10,589.00,"5,890.00"
2020-10-22,2020102204005644,GIC,42,45,10,589.00,"5,890.00"
2020-10-22,2020102204005655,GIC,52,59,10,589.00,"5,890.00"
2020-10-22,2020102204005654,GIC,52,37,10,589.00,"5,890.00"
2020-10-22,2020102204005653,GIC,52,14,10,589.00,"5,890.00"
2020-10-22,2020102204005652,GIC,52,45,10,589.00,"5,890.00"
2020-10-22,2020102204005651,GIC,52,16,10,589.00,"5,890.00"
2020-10-22,2020102204005650,GIC,52,48,10,589.00,"5,890.00"
2020-10-22,2020102204005661,GIC,49,45,10,589.00,"5,890.00"
2020-10-22,2020102204005660,GIC,55,14,10,589.00,"5,890.00"
2020-10-22,2020102204005659,GIC,55,50,10,589.00,"5,890.00"
2020-10-22,2020102204005658,GIC,55,49,10,589.00,"5,890.00"
2020-10-22,2020102204005657,GIC,55,37,10,589.00,"5,890.00"
2020-10-22,2020102204005656,GIC,55,22,10,589.00,"5,890.00"
2020-10-22,2020102204005667,GIC,29,37,10,589.00,"5,890.00"
2020-10-22,2020102204005666,GIC,29,59,10,589.00,"5,890.00"
2020-10-22,2020102204005665,GIC,29,14,10,589.00,"5,890.00"
2020-10-22,2020102204005664,GIC,29,22,10,589.00,"5,890.00"
2020-10-22,2020102204005663,GIC,29,37,10,589.00,"5,890.00"
2020-10-22,2020102204005662,GIC,49,35,10,589.00,"5,890.00"
2020-10-22,2020102204005673,GIC,29,48,10,589.00,"5,890.00"
2020-10-22,2020102204005672,GIC,29,37,10,589.00,"5,890.00"
2020-10-22,2020102204005671,GIC,29,42,10,589.00,"5,890.00"
2020-10-22,2020102204005670,GIC,29,14,10,589.00,"5,890.00"
2020-10-22,2020102204005669,GIC,29,57,10,589.00,"5,890.00"
2020-10-22,2020102204005668,GIC,29,22,10,589.00,"5,890.00"
2020-10-22,2020102204005679,GIC,29,38,10,589.00,"5,890.00"
2020-10-22,2020102204005678,GIC,29,48,10,589.00,"5,890.00"
2020-10-22,2020102204005677,GIC,29,59,10,589.00,"5,890.00"
2020-10-22,2020102204005676,GIC,29,14,10,589.00,"5,890.00"
2020-10-22,2020102204005675,GIC,29,22,10,589.00,"5,890.00"
2020-10-22,2020102204005674,GIC,29,39,10,589.00,"5,890.00"
2020-10-22,2020102204005685,GIC,29,37,10,589.00,"5,890.00"
2020-10-22,2020102204005684,GIC,29,38,10,589.00,"5,890.00"
2020-10-22,2020102204005683,GIC,29,14,10,589.00,"5,890.00"
2020-10-22,2020102204005682,GIC,29,59,10,589.00,"5,890.00"
2020-10-22,2020102204005681,GIC,29,48,10,589.00,"5,890.00"
2020-10-22,2020102204005680,GIC,29,37,10,589.00,"5,890.00"
2020-10-22,2020102204005691,GIC,29,38,10,589.00,"5,890.00"
2020-10-22,2020102204005690,GIC,29,22,10,589.00,"5,890.00"
2020-10-22,2020102204005689,GIC,29,59,10,589.00,"5,890.00"
2020-10-22,2020102204005688,GIC,29,42,10,589.00,"5,890.00"
2020-10-22,2020102204005687,GIC,29,48,10,589.00,"5,890.00"
2020-10-22,2020102204005686,GIC,29,22,10,589.00,"5,890.00"
2020-10-22,2020102204005697,GIC,29,59,10,589.00,"5,890.00"
2020-10-22,2020102204005696,GIC,29,22,10,589.00,"5,890.00"
2020-10-22,2020102204005695,GIC,29,48,10,589.00,"5,890.00"
2020-10-22,2020102204005694,GIC,29,37,10,589.00,"5,890.00"
2020-10-22,2020102204005693,GIC,29,48,10,589.00,"5,890.00"
2020-10-22,2020102204005692,GIC,29,14,10,589.00,"5,890.00"
2020-10-22,2020102204005703,GIC,29,48,10,589.00,"5,890.00"
2020-10-22,2020102204005702,GIC,29,37,10,589.00,"5,890.00"
2020-10-22,2020102204005701,GIC,29,38,10,589.00,"5,890.00"
2020-10-22,2020102204005700,GIC,29,25,10,589.00,"5,890.00"
2020-10-22,2020102204005699,GIC,29,48,10,589.00,"5,890.00"
2020-10-22,2020102204005698,GIC,29,14,10,589.00,"5,890.00"
2020-10-22,2020102204005709,GIC,29,48,10,589.00,"5,890.00"
2020-10-22,2020102204005708,GIC,29,25,10,589.00,"5,890.00"
2020-10-22,2020102204005707,GIC,29,58,10,589.00,"5,890.00"
2020-10-22,2020102204005706,GIC,29,37,10,589.00,"5,890.00"
2020-10-22,2020102204005705,GIC,29,59,10,589.00,"5,890.00"
2020-10-22,2020102204005704,GIC,29,14,10,589.00,"5,890.00"
2020-10-22,2020102204005715,GIC,29,55,10,589.00,"5,890.00"
2020-10-22,2020102204005714,GIC,29,48,10,589.00,"5,890.00"
2020-10-22,2020102204005713,GIC,29,37,10,589.00,"5,890.00"
2020-10-22,2020102204005712,GIC,29,38,10,589.00,"5,890.00"
2020-10-22,2020102204005711,GIC,29,44,10,589.00,"5,890.00"
2020-10-22,2020102204005710,GIC,29,14,10,589.00,"5,890.00"
2020-10-22,2020102204005721,GIC,29,14,10,589.00,"5,890.00"
2020-10-22,2020102204005720,GIC,29,48,10,589.00,"5,890.00"
2020-10-22,2020102204005719,GIC,29,37,10,589.00,"5,890.00"
2020-10-22,2020102204005718,GIC,29,39,10,589.00,"5,890.00"
2020-10-22,2020102204005717,GIC,29,38,10,589.00,"5,890.00"
2020-10-22,2020102204005716,GIC,29,44,10,589.00,"5,890.00"
2020-10-22,2020102204005727,GIC,29,42,10,589.00,"5,890.00"
2020-10-22,2020102204005726,GIC,29,38,10,589.00,"5,890.00"
2020-10-22,2020102204005725,GIC,29,48,10,589.00,"5,890.00"
2020-10-22,2020102204005724,GIC,29,37,10,589.00,"5,890.00"
2020-10-22,2020102204005723,GIC,29,37,10,589.00,"5,890.00"
2020-10-22,2020102204005722,GIC,29,38,10,589.00,"5,890.00"
2020-10-22,2020102204005733,GIC,29,55,10,589.00,"5,890.00"
2020-10-22,2020102204005732,GIC,29,14,10,589.00,"5,890.00"
2020-10-22,2020102204005731,GIC,29,48,10,589.00,"5,890.00"
2020-10-22,2020102204005730,GIC,29,41,10,589.00,"5,890.00"
2020-10-22,2020102204005729,GIC,29,48,10,589.00,"5,890.00"
2020-10-22,2020102204005728,GIC,29,37,10,589.00,"5,890.00"
2020-10-22,2020102204005739,GIC,29,21,10,589.00,"5,890.00"
2020-10-22,2020102204005738,GIC,29,37,10,589.00,"5,890.00"
2020-10-22,2020102204005737,GIC,29,14,10,589.00,"5,890.00"
2020-10-22,2020102204005736,GIC,29,37,10,589.00,"5,890.00"
2020-10-22,2020102204005735,GIC,29,8,10,589.00,"5,890.00"
2020-10-22,2020102204005734,GIC,29,37,10,589.00,"5,890.00"
2020-10-22,2020102204005746,GIC,29,38,10,589.00,"5,890.00"
2020-10-22,2020102204005745,GIC,29,8,10,589.00,"5,890.00"
2020-10-22,2020102204005744,GIC,29,58,10,589.00,"5,890.00"
2020-10-22,2020102204005743,GIC,29,48,10,589.00,"5,890.00"
2020-10-22,2020102204005742,GIC,29,33,10,589.00,"5,890.00"
2020-10-22,2020102204005741,GIC,29,55,10,589.00,"5,890.00"
2020-10-22,2020102204005752,GIC,29,5,10,589.00,"5,890.00"
2020-10-22,2020102204005751,GIC,29,42,10,589.00,"5,890.00"
2020-10-22,2020102204005750,GIC,29,47,10,589.00,"5,890.00"
2020-10-22,2020102204005749,GIC,29,36,10,589.00,"5,890.00"
2020-10-22,2020102204005748,GIC,29,21,10,589.00,"5,890.00"
2020-10-22,2020102204005747,GIC,29,48,10,589.00,"5,890.00"
2020-10-22,2020102204005758,GIC,29,33,10,589.00,"5,890.00"
2020-10-22,2020102204005757,GIC,29,5,10,589.00,"5,890.00"
2020-10-22,2020102204005756,GIC,29,48,10,589.00,"5,890.00"
2020-10-22,2020102204005755,GIC,29,19,10,589.00,"5,890.00"
2020-10-22,2020102204005754,GIC,29,33,10,589.00,"5,890.00"
2020-10-22,2020102204005753,GIC,29,29,10,589.00,"5,890.00"
2020-10-22,2020102204005764,GIC,43,42,10,589.00,"5,890.00"
2020-10-22,2020102204005763,GIC,29,34,10,589.00,"5,890.00"
2020-10-22,2020102204005762,GIC,29,48,10,589.00,"5,890.00"
2020-10-22,2020102204005761,GIC,29,47,10,589.00,"5,890.00"
2020-10-22,2020102204005760,GIC,29,14,10,589.00,"5,890.00"
2020-10-22,2020102204005759,GIC,29,8,10,589.00,"5,890.00"
2020-10-22,2020102204005770,GIC,43,38,10,589.00,"5,890.00"
2020-10-22,2020102204005769,GIC,43,48,10,589.00,"5,890.00"
2020-10-22,2020102204005768,GIC,43,14,10,589.00,"5,890.00"
2020-10-22,2020102204005767,GIC,43,5,10,589.00,"5,890.00"
2020-10-22,2020102204005766,GIC,43,48,10,589.00,"5,890.00"
2020-10-22,2020102204005765,GIC,43,47,10,589.00,"5,890.00"
2020-10-22,2020102204005776,GIC,43,38,10,589.00,"5,890.00"
2020-10-22,2020102204005775,GIC,43,34,10,589.00,"5,890.00"
2020-10-22,2020102204005774,GIC,43,48,10,589.00,"5,890.00"
2020-10-22,2020102204005773,GIC,43,14,10,589.00,"5,890.00"
2020-10-22,2020102204005772,GIC,43,8,10,589.00,"5,890.00"
2020-10-22,2020102204005771,GIC,43,57,10,589.00,"5,890.00"
2020-10-22,2020102204005782,GIC,43,48,10,589.00,"5,890.00"
2020-10-22,2020102204005781,GIC,43,5,10,589.00,"5,890.00"
2020-10-22,2020102204005780,GIC,43,38,10,589.00,"5,890.00"
2020-10-22,2020102204005779,GIC,43,48,10,589.00,"5,890.00"
2020-10-22,2020102204005778,GIC,43,57,10,589.00,"5,890.00"
2020-10-22,2020102204005777,GIC,43,48,10,589.00,"5,890.00"
2020-10-22,2020102204005788,GIC,13,18,10,589.00,"5,890.00"
2020-10-22,2020102204005787,GIC,13,35,10,589.00,"5,890.00"
2020-10-22,2020102204005786,GIC,13,21,10,589.00,"5,890.00"
2020-10-22,2020102204005785,GIC,13,48,10,589.00,"5,890.00"
2020-10-22,2020102204005784,GIC,13,58,10,589.00,"5,890.00"
2020-10-22,2020102204005783,GIC,43,8,10,589.00,"5,890.00"
2020-10-22,2020102204005794,GIC,13,33,10,589.00,"5,890.00"
2020-10-22,2020102204005793,GIC,13,18,10,589.00,"5,890.00"
2020-10-22,2020102204005792,GIC,13,5,10,589.00,"5,890.00"
2020-10-22,2020102204005791,GIC,13,57,10,589.00,"5,890.00"
2020-10-22,2020102204005790,GIC,13,33,10,589.00,"5,890.00"
2020-10-22,2020102204005789,GIC,13,5,10,589.00,"5,890.00"
2020-10-22,2020102204005800,GIC,13,5,10,589.00,"5,890.00"
2020-10-22,2020102204005799,GIC,13,33,10,589.00,"5,890.00"
2020-10-22,2020102204005798,GIC,13,5,10,589.00,"5,890.00"
2020-10-22,2020102204005797,GIC,13,21,10,589.00,"5,890.00"
2020-10-22,2020102204005796,GIC,13,57,10,589.00,"5,890.00"
2020-10-22,2020102204005795,GIC,13,58,10,589.00,"5,890.00"
2020-10-22,2020102204005806,GIC,13,18,10,589.00,"5,890.00"
2020-10-22,2020102204005805,GIC,13,25,10,589.00,"5,890.00"
2020-10-22,2020102204005804,GIC,13,5,10,589.00,"5,890.00"
2020-10-22,2020102204005803,GIC,13,33,10,589.00,"5,890.00"
2020-10-22,2020102204005802,GIC,13,57,10,589.00,"5,890.00"
2020-10-22,2020102204005801,GIC,13,18,10,589.00,"5,890.00"
2020-10-22,2020102204005813,GIC,13,25,10,589.00,"5,890.00"
2020-10-22,2020102204005812,GIC,13,18,10,589.00,"5,890.00"
2020-10-22,2020102204005811,GIC,13,14,10,589.00,"5,890.00"
2020-10-22,2020102204005810,GIC,13,21,10,589.00,"5,890.00"
2020-10-22,2020102204005808,GIC,13,21,10,589.00,"5,890.00"
2020-10-22,2020102204005807,GIC,13,4,10,589.00,"5,890.00"
2020-10-22,2020102204005819,GIC,13,18,10,589.00,"5,890.00"
2020-10-22,2020102204005818,GIC,13,25,10,589.00,"5,890.00"
2020-10-22,2020102204005817,GIC,13,48,10,589.00,"5,890.00"
2020-10-22,2020102204005816,GIC,13,18,10,589.00,"5,890.00"
2020-10-22,2020102204005815,GIC,13,57,10,589.00,"5,890.00"
2020-10-22,2020102204005814,GIC,13,4,10,589.00,"5,890.00"
2020-10-22,2020102204005825,GIC,13,48,10,589.00,"5,890.00"
2020-10-22,2020102204005824,GIC,13,57,10,589.00,"5,890.00"
2020-10-22,2020102204005823,GIC,13,25,10,589.00,"5,890.00"
2020-10-22,2020102204005822,GIC,13,4,10,589.00,"5,890.00"
2020-10-22,2020102204005821,GIC,13,48,10,589.00,"5,890.00"
2020-10-22,2020102204005820,GIC,13,21,10,589.00,"5,890.00"
2020-10-22,2020102204005831,GIC,13,18,10,589.00,"5,890.00"
2020-10-22,2020102204005830,GIC,13,25,10,589.00,"5,890.00"
2020-10-22,2020102204005829,GIC,13,57,10,589.00,"5,890.00"
2020-10-22,2020102204005828,GIC,13,21,10,589.00,"5,890.00"
2020-10-22,2020102204005827,GIC,13,48,10,589.00,"5,890.00"
2020-10-22,2020102204005826,GIC,13,39,10,589.00,"5,890.00"
2020-10-22,2020102204005837,GIC,57,48,10,589.00,"5,890.00"
2020-10-22,2020102204005836,GIC,57,34,10,589.00,"5,890.00"
2020-10-22,2020102204005835,GIC,57,28,10,589.00,"5,890.00"
2020-10-22,2020102204005834,GIC,13,18,10,589.00,"5,890.00"
2020-10-22,2020102204005833,GIC,13,21,10,589.00,"5,890.00"
2020-10-22,2020102204005832,GIC,13,48,10,589.00,"5,890.00"
2020-10-22,2020102204005843,GIC,57,43,10,589.00,"5,890.00"
2020-10-22,2020102204005842,GIC,57,25,10,589.00,"5,890.00"
2020-10-22,2020102204005841,GIC,57,14,10,589.00,"5,890.00"
2020-10-22,2020102204005840,GIC,57,59,10,589.00,"5,890.00"
2020-10-22,2020102204005839,GIC,57,18,10,589.00,"5,890.00"
2020-10-22,2020102204005838,GIC,57,25,10,589.00,"5,890.00"
2020-10-22,2020102204005849,GIC,20,14,10,589.00,"5,890.00"
2020-10-22,2020102204005848,GIC,20,29,10,589.00,"5,890.00"
2020-10-22,2020102204005847,GIC,20,5,10,589.00,"5,890.00"
2020-10-22,2020102204005846,GIC,20,48,10,589.00,"5,890.00"
2020-10-22,2020102204005845,GIC,20,8,10,589.00,"5,890.00"
2020-10-22,2020102204005844,GIC,57,21,10,589.00,"5,890.00"
2020-10-22,2020102204005857,GIC,26,14,10,589.00,"5,890.00"
2020-10-22,2020102204005856,GIC,26,16,10,589.00,"5,890.00"
2020-10-22,2020102204005855,GIC,26,25,10,589.00,"5,890.00"
2020-10-22,2020102204005854,GIC,26,21,10,589.00,"5,890.00"
2020-10-22,2020102204005853,GIC,26,48,10,589.00,"5,890.00"
2020-10-22,2020102204005852,GIC,26,8,10,589.00,"5,890.00"
2020-10-22,2020102204005863,GIC,26,8,10,589.00,"5,890.00"
2020-10-22,2020102204005862,GIC,26,48,10,589.00,"5,890.00"
2020-10-22,2020102204005861,GIC,26,25,10,589.00,"5,890.00"
2020-10-22,2020102204005860,GIC,26,5,10,589.00,"5,890.00"
2020-10-22,2020102204005859,GIC,26,8,10,589.00,"5,890.00"
2020-10-22,2020102204005858,GIC,26,48,10,589.00,"5,890.00"
2020-10-22,2020102204005869,GIC,26,25,10,589.00,"5,890.00"
2020-10-22,2020102204005868,GIC,26,5,10,589.00,"5,890.00"
2020-10-22,2020102204005867,GIC,26,8,10,589.00,"5,890.00"
2020-10-22,2020102204005866,GIC,26,18,10,589.00,"5,890.00"
2020-10-22,2020102204005865,GIC,26,25,10,589.00,"5,890.00"
2020-10-22,2020102204005864,GIC,26,5,10,589.00,"5,890.00"
2020-10-22,2020102204005875,GIC,26,6,10,589.00,"5,890.00"
2020-10-22,2020102204005874,GIC,26,25,10,589.00,"5,890.00"
2020-10-22,2020102204005873,GIC,26,58,10,589.00,"5,890.00"
2020-10-22,2020102204005872,GIC,26,45,10,589.00,"5,890.00"
2020-10-22,2020102204005871,GIC,26,6,10,589.00,"5,890.00"
2020-10-22,2020102204005870,GIC,26,18,10,589.00,"5,890.00"
2020-10-22,2020102204005881,GIC,26,6,10,589.00,"5,890.00"
2020-10-22,2020102204005880,GIC,26,1,10,589.00,"5,890.00"
2020-10-22,2020102204005879,GIC,26,16,10,589.00,"5,890.00"
2020-10-22,2020102204005878,GIC,26,5,10,589.00,"5,890.00"
2020-10-22,2020102204005877,GIC,26,21,10,589.00,"5,890.00"
2020-10-22,2020102204005876,GIC,26,44,10,589.00,"5,890.00"
2020-10-22,2020102204005887,GIC,26,17,10,589.00,"5,890.00"
2020-10-22,2020102204005886,GIC,26,21,10,589.00,"5,890.00"
2020-10-22,2020102204005885,GIC,26,44,10,589.00,"5,890.00"
2020-10-22,2020102204005884,GIC,26,58,10,589.00,"5,890.00"
2020-10-22,2020102204005883,GIC,26,18,10,589.00,"5,890.00"
2020-10-22,2020102204005882,GIC,26,57,10,589.00,"5,890.00"
2020-10-22,2020102204005893,GIC,26,44,10,589.00,"5,890.00"
2020-10-22,2020102204005892,GIC,26,42,10,589.00,"5,890.00"
2020-10-22,2020102204005891,GIC,26,25,10,589.00,"5,890.00"
2020-10-22,2020102204005890,GIC,26,18,10,589.00,"5,890.00"
2020-10-22,2020102204005889,GIC,26,57,10,589.00,"5,890.00"
2020-10-22,2020102204005888,GIC,26,58,10,589.00,"5,890.00"
2020-10-22,2020102204005899,GIC,26,18,10,589.00,"5,890.00"
2020-10-22,2020102204005898,GIC,26,18,10,589.00,"5,890.00"
2020-10-22,2020102204005897,GIC,26,48,10,589.00,"5,890.00"
2020-10-22,2020102204005896,GIC,26,28,10,589.00,"5,890.00"
2020-10-22,2020102204005895,GIC,26,56,10,589.00,"5,890.00"
2020-10-22,2020102204005894,GIC,26,25,10,589.00,"5,890.00"
2020-10-22,2020102204005905,GIC,26,48,10,589.00,"5,890.00"
2020-10-22,2020102204005904,GIC,26,25,10,589.00,"5,890.00"
2020-10-22,2020102204005903,GIC,26,18,10,589.00,"5,890.00"
2020-10-22,2020102204005902,GIC,26,48,10,589.00,"5,890.00"
2020-10-22,2020102204005901,GIC,26,25,10,589.00,"5,890.00"
2020-10-22,2020102204005900,GIC,26,48,10,589.00,"5,890.00"
2020-10-22,2020102204005911,GIC,26,48,10,589.00,"5,890.00"
2020-10-22,2020102204005910,GIC,26,25,10,589.00,"5,890.00"
2020-10-22,2020102204005909,GIC,26,29,10,589.00,"5,890.00"
2020-10-22,2020102204005908,GIC,26,18,10,589.00,"5,890.00"
2020-10-22,2020102204005907,GIC,26,25,10,589.00,"5,890.00"
2020-10-22,2020102204005906,GIC,26,52,10,589.00,"5,890.00"
2020-10-22,2020102204005917,GIC,26,18,10,589.00,"5,890.00"
2020-10-22,2020102204005916,GIC,26,17,10,589.00,"5,890.00"
2020-10-22,2020102204005915,GIC,26,13,10,589.00,"5,890.00"
2020-10-22,2020102204005914,GIC,26,45,10,589.00,"5,890.00"
2020-10-22,2020102204005913,GIC,26,18,10,589.00,"5,890.00"
2020-10-22,2020102204005912,GIC,26,18,10,589.00,"5,890.00"
2020-10-22,2020102204005923,GIC,26,39,10,589.00,"5,890.00"
2020-10-22,2020102204005922,GIC,26,47,10,589.00,"5,890.00"
2020-10-22,2020102204005921,GIC,26,18,10,589.00,"5,890.00"
2020-10-22,2020102204005920,GIC,26,29,10,589.00,"5,890.00"
2020-10-22,2020102204005919,GIC,26,39,10,589.00,"5,890.00"
2020-10-22,2020102204005918,GIC,26,18,10,589.00,"5,890.00"
2020-10-22,2020102204005930,GIC,26,57,10,589.00,"5,890.00"
2020-10-22,2020102204005929,GIC,26,39,10,589.00,"5,890.00"
2020-10-22,2020102204005928,GIC,26,47,10,589.00,"5,890.00"
2020-10-22,2020102204005927,GIC,26,18,10,589.00,"5,890.00"
2020-10-22,2020102204005926,GIC,26,18,10,589.00,"5,890.00"
2020-10-22,2020102204005925,GIC,26,18,10,589.00,"5,890.00"
2020-10-22,2020102204005936,GIC,26,34,10,589.00,"5,890.00"
2020-10-22,2020102204005935,GIC,26,18,10,589.00,"5,890.00"
2020-10-22,2020102204005934,GIC,26,34,10,589.00,"5,890.00"
2020-10-22,2020102204005933,GIC,26,34,10,589.00,"5,890.00"
2020-10-22,2020102204005932,GIC,26,18,10,589.00,"5,890.00"
2020-10-22,2020102204005931,GIC,26,34,10,589.00,"5,890.00"
2020-10-22,2020102204005942,GIC,26,36,10,589.00,"5,890.00"
2020-10-22,2020102204005941,GIC,26,21,10,589.00,"5,890.00"
2020-10-22,2020102204005940,GIC,26,34,10,589.00,"5,890.00"
2020-10-22,2020102204005939,GIC,26,41,10,589.00,"5,890.00"
2020-10-22,2020102204005938,GIC,26,18,10,589.00,"5,890.00"
2020-10-22,2020102204005937,GIC,26,18,10,589.00,"5,890.00"
2020-10-22,2020102204005948,GIC,26,18,10,589.00,"5,890.00"
2020-10-22,2020102204005947,GIC,26,21,10,589.00,"5,890.00"
2020-10-22,2020102204005946,GIC,26,58,10,589.00,"5,890.00"
2020-10-22,2020102204005945,GIC,26,18,10,589.00,"5,890.00"
2020-10-22,2020102204005944,GIC,26,13,10,589.00,"5,890.00"
2020-10-22,2020102204005943,GIC,26,40,10,589.00,"5,890.00"
2020-10-22,2020102204005924,LUK,44,29,100,8.85,885.00
2020-10-22,2020102204005633,NBF2,44,41,250,9.00,"2,250.00"
2020-10-22,2020102204005809,NEF,28,50,"1,100",9.05,"9,955.00"
2020-10-22,2020102204005592,NIBPO,6,1,399,371.00,"148,029.00"
2020-10-22,2020102204005539,NMBHF1,21,42,450,9.50,"4,275.00"
2020-10-22,2020102204005496,NMBHF1,25,42,450,9.47,"4,261.50"
2020-10-22,2020102204005642,RBCLPO,33,17,50,"10,550.00","527,500.00"
2020-10-22,2020102204005604,SAND2085,11,47,25,"1,045.00","26,125.00"
2020-10-22,2020102204005607,SEF,47,6,"5,000",9.35,"46,750.00"
2020-10-22,2020102204005851,STC,14,3,50,"3,641.00","182,050.00"
2020-10-22,2020102204005850,STC,14,28,30,"3,615.00","108,450.00"
2020-10-22,2020102204005454,GIC,28,52,10,589.00,"5,890.00"
2020-10-22,2020102204005453,GIC,28,55,10,589.00,"5,890.00"
2020-10-22,2020102204005452,GIC,53,14,10,589.00,"5,890.00"
2020-10-22,2020102204005451,GIC,53,34,10,589.00,"5,890.00"
2020-10-22,2020102204005450,GIC,53,58,10,589.00,"5,890.00"
2020-10-22,2020102204005449,GIC,53,44,10,589.00,"5,890.00"
2020-10-22,2020102204004955,GIC,49,47,10,589.00,"5,890.00"
2020-10-22,2020102204004962,GIC,49,21,10,589.00,"5,890.00"
2020-10-22,2020102204004961,GIC,49,39,10,589.00,"5,890.00"
2020-10-22,2020102204004959,GIC,49,38,10,589.00,"5,890.00"
2020-10-22,2020102204004958,GIC,49,20,10,589.00,"5,890.00"
2020-10-22,2020102204004957,GIC,49,3,10,589.00,"5,890.00"
2020-10-22,2020102204004956,GIC,49,19,10,589.00,"5,890.00"
2020-10-22,2020102204004968,GIC,49,47,10,589.00,"5,890.00"
2020-10-22,2020102204004967,GIC,49,38,10,589.00,"5,890.00"
2020-10-22,2020102204004966,GIC,49,3,10,589.00,"5,890.00"
2020-10-22,2020102204004965,GIC,49,16,10,589.00,"5,890.00"
2020-10-22,2020102204004964,GIC,49,43,10,589.00,"5,890.00"
2020-10-22,2020102204004963,GIC,49,38,10,589.00,"5,890.00"
2020-10-22,2020102204004974,GIC,49,39,10,589.00,"5,890.00"
2020-10-22,2020102204004973,GIC,49,21,10,589.00,"5,890.00"
2020-10-22,2020102204004972,GIC,49,40,10,589.00,"5,890.00"
2020-10-22,2020102204004971,GIC,49,20,10,589.00,"5,890.00"
2020-10-22,2020102204004970,GIC,49,8,10,589.00,"5,890.00"
2020-10-22,2020102204004969,GIC,49,41,10,589.00,"5,890.00"
2020-10-22,2020102204004980,GIC,49,20,10,589.00,"5,890.00"
2020-10-22,2020102204004979,GIC,49,8,10,589.00,"5,890.00"
2020-10-22,2020102204004978,GIC,49,51,10,589.00,"5,890.00"
2020-10-22,2020102204004977,GIC,49,38,10,589.00,"5,890.00"
2020-10-22,2020102204004976,GIC,49,38,10,589.00,"5,890.00"
2020-10-22,2020102204004975,GIC,49,47,10,589.00,"5,890.00"
2020-10-22,2020102204004986,GIC,49,38,10,589.00,"5,890.00"
2020-10-22,2020102204004985,GIC,49,39,10,589.00,"5,890.00"
2020-10-22,2020102204004984,GIC,49,40,10,589.00,"5,890.00"
2020-10-22,2020102204004983,GIC,49,47,10,589.00,"5,890.00"
2020-10-22,2020102204004982,GIC,49,38,10,589.00,"5,890.00"
2020-10-22,2020102204004981,GIC,49,16,10,589.00,"5,890.00"
2020-10-22,2020102204004992,GIC,49,39,10,589.00,"5,890.00"
2020-10-22,2020102204004991,GIC,49,8,10,589.00,"5,890.00"
2020-10-22,2020102204004990,GIC,49,38,10,589.00,"5,890.00"
2020-10-22,2020102204004989,GIC,49,29,10,589.00,"5,890.00"
2020-10-22,2020102204004988,GIC,49,7,10,589.00,"5,890.00"
2020-10-22,2020102204004987,GIC,49,40,10,589.00,"5,890.00"
2020-10-22,2020102204004998,GIC,49,47,10,589.00,"5,890.00"
2020-10-22,2020102204004997,GIC,49,41,10,589.00,"5,890.00"
2020-10-22,2020102204004996,GIC,49,54,10,589.00,"5,890.00"
2020-10-22,2020102204004995,GIC,49,38,10,589.00,"5,890.00"
2020-10-22,2020102204004994,GIC,49,20,10,589.00,"5,890.00"
2020-10-22,2020102204004993,GIC,49,58,10,589.00,"5,890.00"
2020-10-22,2020102204005004,GIC,49,38,10,589.00,"5,890.00"
2020-10-22,2020102204005003,GIC,49,38,10,589.00,"5,890.00"
2020-10-22,2020102204005002,GIC,49,20,10,589.00,"5,890.00"
2020-10-22,2020102204005001,GIC,49,45,10,589.00,"5,890.00"
2020-10-22,2020102204005000,GIC,49,16,10,589.00,"5,890.00"
2020-10-22,2020102204004999,GIC,49,38,10,589.00,"5,890.00"
2020-10-22,2020102204005010,GIC,49,59,10,589.00,"5,890.00"
2020-10-22,2020102204005009,GIC,49,47,10,589.00,"5,890.00"
2020-10-22,2020102204005008,GIC,49,55,10,589.00,"5,890.00"
2020-10-22,2020102204005007,GIC,49,38,10,589.00,"5,890.00"
2020-10-22,2020102204005006,GIC,49,57,10,589.00,"5,890.00"
2020-10-22,2020102204005005,GIC,49,39,10,589.00,"5,890.00"
2020-10-22,2020102204005016,GIC,49,39,10,589.00,"5,890.00"
2020-10-22,2020102204005015,GIC,49,41,10,589.00,"5,890.00"
2020-10-22,2020102204005014,GIC,49,38,10,589.00,"5,890.00"
2020-10-22,2020102204005013,GIC,49,40,10,589.00,"5,890.00"
2020-10-22,2020102204005012,GIC,49,8,10,589.00,"5,890.00"
2020-10-22,2020102204005011,GIC,49,43,10,589.00,"5,890.00"
2020-10-22,2020102204005022,GIC,49,3,10,589.00,"5,890.00"
2020-10-22,2020102204005021,GIC,49,55,10,589.00,"5,890.00"
2020-10-22,2020102204005020,GIC,49,38,10,589.00,"5,890.00"
2020-10-22,2020102204005019,GIC,49,51,10,589.00,"5,890.00"
2020-10-22,2020102204005018,GIC,49,47,10,589.00,"5,890.00"
2020-10-22,2020102204005017,GIC,49,51,10,589.00,"5,890.00"
2020-10-22,2020102204005028,GIC,49,55,10,589.00,"5,890.00"
2020-10-22,2020102204005027,GIC,49,38,10,589.00,"5,890.00"
2020-10-22,2020102204005026,GIC,49,10,10,589.00,"5,890.00"
2020-10-22,2020102204005025,GIC,49,39,10,589.00,"5,890.00"
2020-10-22,2020102204005024,GIC,49,16,10,589.00,"5,890.00"
2020-10-22,2020102204005023,GIC,49,7,10,589.00,"5,890.00"
2020-10-22,2020102204005035,GIC,49,38,10,589.00,"5,890.00"
2020-10-22,2020102204005034,GIC,49,38,10,589.00,"5,890.00"
2020-10-22,2020102204005033,GIC,49,57,10,589.00,"5,890.00"
2020-10-22,2020102204005031,GIC,49,10,10,589.00,"5,890.00"
2020-10-22,2020102204005030,GIC,49,8,10,589.00,"5,890.00"
2020-10-22,2020102204005029,GIC,49,35,10,589.00,"5,890.00"
2020-10-22,2020102204005041,GIC,17,22,10,589.00,"5,890.00"
2020-10-22,2020102204005040,GIC,17,21,10,589.00,"5,890.00"
2020-10-22,2020102204005039,GIC,49,47,10,589.00,"5,890.00"
2020-10-22,2020102204005038,GIC,49,55,10,589.00,"5,890.00"
2020-10-22,2020102204005037,GIC,49,35,10,589.00,"5,890.00"
2020-10-22,2020102204005036,GIC,49,16,10,589.00,"5,890.00"
2020-10-22,2020102204005047,GIC,17,17,10,589.00,"5,890.00"
2020-10-22,2020102204005046,GIC,17,38,10,589.00,"5,890.00"
2020-10-22,2020102204005045,GIC,17,35,10,589.00,"5,890.00"
2020-10-22,2020102204005044,GIC,17,10,10,589.00,"5,890.00"
2020-10-22,2020102204005043,GIC,17,38,10,589.00,"5,890.00"
2020-10-22,2020102204005042,GIC,17,53,10,589.00,"5,890.00"
2020-10-22,2020102204005053,GIC,17,8,10,589.00,"5,890.00"
2020-10-22,2020102204005052,GIC,17,11,10,589.00,"5,890.00"
2020-10-22,2020102204005051,GIC,17,55,10,589.00,"5,890.00"
2020-10-22,2020102204005050,GIC,17,36,10,589.00,"5,890.00"
2020-10-22,2020102204005049,GIC,17,21,10,589.00,"5,890.00"
2020-10-22,2020102204005048,GIC,17,32,10,589.00,"5,890.00"
2020-10-22,2020102204005059,GIC,42,3,10,589.00,"5,890.00"
2020-10-22,2020102204005058,GIC,42,38,10,589.00,"5,890.00"
2020-10-22,2020102204005057,GIC,42,16,10,589.00,"5,890.00"
2020-10-22,2020102204005056,GIC,42,49,10,589.00,"5,890.00"
2020-10-22,2020102204005055,GIC,42,22,10,589.00,"5,890.00"
2020-10-22,2020102204005054,GIC,17,35,10,589.00,"5,890.00"
2020-10-22,2020102204005065,GIC,42,55,10,589.00,"5,890.00"
2020-10-22,2020102204005064,GIC,42,38,10,589.00,"5,890.00"
2020-10-22,2020102204005063,GIC,42,36,10,589.00,"5,890.00"
2020-10-22,2020102204005062,GIC,42,10,10,589.00,"5,890.00"
2020-10-22,2020102204005061,GIC,42,4,10,589.00,"5,890.00"
2020-10-22,2020102204005060,GIC,42,42,10,589.00,"5,890.00"
2020-10-22,2020102204005071,GIC,42,57,10,589.00,"5,890.00"
2020-10-22,2020102204005070,GIC,42,53,10,589.00,"5,890.00"
2020-10-22,2020102204005069,GIC,42,46,10,589.00,"5,890.00"
2020-10-22,2020102204005068,GIC,42,20,10,589.00,"5,890.00"
2020-10-22,2020102204005067,GIC,42,40,10,589.00,"5,890.00"
2020-10-22,2020102204005066,GIC,42,17,10,589.00,"5,890.00"
2020-10-22,2020102204005077,GIC,53,38,10,589.00,"5,890.00"
2020-10-22,2020102204005076,GIC,42,39,10,589.00,"5,890.00"
2020-10-22,2020102204005075,GIC,42,22,10,589.00,"5,890.00"
2020-10-22,2020102204005074,GIC,42,16,10,589.00,"5,890.00"
2020-10-22,2020102204005073,GIC,42,10,10,589.00,"5,890.00"
2020-10-22,2020102204005072,GIC,42,16,10,589.00,"5,890.00"
2020-10-22,2020102204005083,GIC,53,39,10,589.00,"5,890.00"
2020-10-22,2020102204005082,GIC,53,19,10,589.00,"5,890.00"
2020-10-22,2020102204005081,GIC,53,4,10,589.00,"5,890.00"
2020-10-22,2020102204005080,GIC,53,57,10,589.00,"5,890.00"
2020-10-22,2020102204005079,GIC,53,55,10,589.00,"5,890.00"
2020-10-22,2020102204005078,GIC,53,52,10,589.00,"5,890.00"
2020-10-22,2020102204005089,GIC,45,11,10,589.00,"5,890.00"
2020-10-22,2020102204005088,GIC,44,39,10,589.00,"5,890.00"
2020-10-22,2020102204005087,GIC,44,21,10,589.00,"5,890.00"
2020-10-22,2020102204005086,GIC,53,35,10,589.00,"5,890.00"
2020-10-22,2020102204005085,GIC,53,22,10,589.00,"5,890.00"
2020-10-22,2020102204005084,GIC,53,16,10,589.00,"5,890.00"
2020-10-22,2020102204005095,GIC,25,10,10,589.00,"5,890.00"
2020-10-22,2020102204005094,GIC,25,17,10,589.00,"5,890.00"
2020-10-22,2020102204005093,GIC,25,4,10,589.00,"5,890.00"
2020-10-22,2020102204005092,GIC,25,42,10,589.00,"5,890.00"
2020-10-22,2020102204005091,GIC,25,22,10,589.00,"5,890.00"
2020-10-22,2020102204005090,GIC,14,38,10,589.00,"5,890.00"
2020-10-22,2020102204005101,GIC,25,10,10,589.00,"5,890.00"
2020-10-22,2020102204005100,GIC,25,8,10,589.00,"5,890.00"
2020-10-22,2020102204005099,GIC,25,38,10,589.00,"5,890.00"
2020-10-22,2020102204005098,GIC,25,56,10,589.00,"5,890.00"
2020-10-22,2020102204005097,GIC,25,16,10,589.00,"5,890.00"
2020-10-22,2020102204005096,GIC,25,13,10,589.00,"5,890.00"
2020-10-22,2020102204005107,GIC,25,39,10,589.00,"5,890.00"
2020-10-22,2020102204005106,GIC,25,35,10,589.00,"5,890.00"
2020-10-22,2020102204005105,GIC,25,58,10,589.00,"5,890.00"
2020-10-22,2020102204005104,GIC,25,50,10,589.00,"5,890.00"
2020-10-22,2020102204005103,GIC,25,32,10,589.00,"5,890.00"
2020-10-22,2020102204005102,GIC,25,8,10,589.00,"5,890.00"
2020-10-22,2020102204005113,GIC,25,4,10,589.00,"5,890.00"
2020-10-22,2020102204005112,GIC,25,21,10,589.00,"5,890.00"
2020-10-22,2020102204005111,GIC,25,10,10,589.00,"5,890.00"
2020-10-22,2020102204005110,GIC,25,58,10,589.00,"5,890.00"
2020-10-22,2020102204005109,GIC,25,3,10,589.00,"5,890.00"
2020-10-22,2020102204005108,GIC,25,51,10,589.00,"5,890.00"
2020-10-22,2020102204005119,GIC,25,10,10,589.00,"5,890.00"
2020-10-22,2020102204005118,GIC,25,39,10,589.00,"5,890.00"
2020-10-22,2020102204005117,GIC,25,8,10,589.00,"5,890.00"
2020-10-22,2020102204005116,GIC,25,32,10,589.00,"5,890.00"
2020-10-22,2020102204005115,GIC,25,56,10,589.00,"5,890.00"
2020-10-22,2020102204005114,GIC,25,39,10,589.00,"5,890.00"
2020-10-22,2020102204005125,GIC,25,39,10,589.00,"5,890.00"
2020-10-22,2020102204005124,GIC,25,11,10,589.00,"5,890.00"
2020-10-22,2020102204005123,GIC,25,39,10,589.00,"5,890.00"
2020-10-22,2020102204005122,GIC,25,11,10,589.00,"5,890.00"
2020-10-22,2020102204005121,GIC,25,47,10,589.00,"5,890.00"
2020-10-22,2020102204005120,GIC,25,42,10,589.00,"5,890.00"
2020-10-22,2020102204005131,GIC,25,8,10,589.00,"5,890.00"
2020-10-22,2020102204005130,GIC,25,39,10,589.00,"5,890.00"
2020-10-22,2020102204005129,GIC,25,53,10,589.00,"5,890.00"
2020-10-22,2020102204005128,GIC,25,45,10,589.00,"5,890.00"
2020-10-22,2020102204005127,GIC,25,10,10,589.00,"5,890.00"
2020-10-22,2020102204005126,GIC,25,50,10,589.00,"5,890.00"
2020-10-22,2020102204005137,GIC,25,45,10,589.00,"5,890.00"
2020-10-22,2020102204005136,GIC,25,3,10,589.00,"5,890.00"
2020-10-22,2020102204005135,GIC,25,21,10,589.00,"5,890.00"
2020-10-22,2020102204005134,GIC,25,45,10,589.00,"5,890.00"
