Date,Transact. No.,Symbol,Buyer,Seller,Quantity,Rate,Amount
2019-02-11,2019021101004922,ADBL,14,43,"1,000",332.00,"332,000.00"
2019-02-11,2019021101004789,ADBL,57,57,105,332.00,"34,860.00"
2019-02-11,2019021101004747,ADBL,34,43,267,330.00,"88,110.00"
2019-02-11,2019021101004746,ADBL,8,43,200,330.00,"66,000.00"
2019-02-11,2019021101004745,ADBL,36,43,33,330.00,"10,890.00"
2019-02-11,2019021101004733,ADBL,36,33,17,330.00,"5,610.00"
2019-02-11,2019021101004726,ADBL,29,33,200,331.00,"66,200.00"
2019-02-11,2019021101004725,ADBL,56,33,50,331.00,"16,550.00"
2019-02-11,2019021101004724,ADBL,16,33,10,331.00,"3,310.00"
2019-02-11,2019021101004732,ADBL,50,33,50,330.00,"16,500.00"
2019-02-11,2019021101004731,ADBL,14,33,35,330.00,"11,550.00"
2019-02-11,2019021101004730,ADBL,42,33,100,330.00,"33,000.00"
2019-02-11,2019021101004729,ADBL,59,33,50,330.00,"16,500.00"
2019-02-11,2019021101004728,ADBL,34,33,50,331.00,"16,550.00"
2019-02-11,2019021101004727,ADBL,34,33,50,331.00,"16,550.00"
2019-02-11,2019021101004750,AKJCL,45,39,10,81.00,810.00
2019-02-11,2019021101004640,AKJCL,45,39,10,81.00,810.00
2019-02-11,2019021101004687,AKPL,49,1,13,172.00,"2,236.00"
2019-02-11,2019021101004587,AKPL,49,1,13,172.00,"2,236.00"
2019-02-11,2019021101004533,AKPL,49,1,13,172.00,"2,236.00"
2019-02-11,2019021101004875,ALICL,50,28,100,583.00,"58,300.00"
2019-02-11,2019021101004874,ALICL,33,28,266,583.00,"155,078.00"
2019-02-11,2019021101004873,ALICL,34,28,100,584.00,"58,400.00"
2019-02-11,2019021101004872,ALICL,47,28,50,584.00,"29,200.00"
2019-02-11,2019021101004686,ALICL,33,21,234,583.00,"136,422.00"
2019-02-11,2019021101004685,ALICL,33,21,200,583.00,"116,600.00"
2019-02-11,2019021101004684,ALICL,38,21,100,584.00,"58,400.00"
2019-02-11,2019021101004683,ALICL,34,21,50,585.00,"29,250.00"
2019-02-11,2019021101004682,ALICL,49,21,10,585.00,"5,850.00"
2019-02-11,2019021101004590,ALICL,25,26,25,589.00,"14,725.00"
2019-02-11,2019021101004592,AMFI,1,1,10,710.00,"7,100.00"
2019-02-11,2019021101004893,API,57,38,125,135.00,"16,875.00"
2019-02-11,2019021101004647,API,25,38,40,135.00,"5,400.00"
2019-02-11,2019021101004585,API,21,21,18,134.00,"2,412.00"
2019-02-11,2019021101004953,BHBL,4,28,993,142.00,"141,006.00"
2019-02-11,2019021101004542,BOKL,46,42,10,240.00,"2,400.00"
2019-02-11,2019021101004878,CBBL,5,29,20,877.00,"17,540.00"
2019-02-11,2019021101004712,CBBL,5,21,17,877.00,"14,909.00"
2019-02-11,2019021101004569,CBBL,41,37,255,881.00,"224,655.00"
2019-02-11,2019021101004568,CBBL,41,38,25,881.00,"22,025.00"
2019-02-11,2019021101004567,CBBL,41,14,20,881.00,"17,620.00"
2019-02-11,2019021101004943,CBL,8,54,500,154.00,"77,000.00"
2019-02-11,2019021101004905,CBL,58,54,100,154.00,"15,400.00"
2019-02-11,2019021101004854,CBL,45,54,30,154.00,"4,620.00"
2019-02-11,2019021101004622,CBL,50,54,10,154.00,"1,540.00"
2019-02-11,2019021101004539,CBL,48,54,50,154.00,"7,700.00"
2019-02-11,2019021101004490,CBL,17,54,700,154.00,"107,800.00"
2019-02-11,2019021101004964,CCBL,56,39,173,162.00,"28,026.00"
2019-02-11,2019021101004859,CCBL,45,36,30,164.00,"4,920.00"
2019-02-11,2019021101004672,CCBL,22,48,620,162.00,"100,440.00"
2019-02-11,2019021101004650,CCBL,35,48,200,162.00,"32,400.00"
2019-02-11,2019021101004591,CCBL,48,56,50,164.00,"8,200.00"
2019-02-11,2019021101004617,CCBL,42,48,300,162.00,"48,600.00"
2019-02-11,2019021101004616,CCBL,46,48,500,162.00,"81,000.00"
2019-02-11,2019021101004615,CCBL,34,48,500,162.00,"81,000.00"
2019-02-11,2019021101004614,CCBL,26,48,50,163.00,"8,150.00"
2019-02-11,2019021101004613,CCBL,42,48,100,163.00,"16,300.00"
2019-02-11,2019021101004612,CCBL,5,48,730,163.00,"118,990.00"
2019-02-11,2019021101004857,CFCL,45,6,200,110.00,"22,000.00"
2019-02-11,2019021101004864,CHCL,4,39,437,506.00,"221,122.00"
2019-02-11,2019021101004863,CHCL,32,39,63,506.00,"31,878.00"
2019-02-11,2019021101004818,CHCL,32,45,37,506.00,"18,722.00"
2019-02-11,2019021101004595,CHCL,4,53,309,508.00,"156,972.00"
2019-02-11,2019021101004594,CHCL,4,36,50,507.00,"25,350.00"
2019-02-11,2019021101004593,CHCL,4,5,37,507.00,"18,759.00"
2019-02-11,2019021101004934,CIT,42,40,44,"2,627.00","115,588.00"
2019-02-11,2019021101004894,CIT,42,8,50,"2,627.00","131,350.00"
2019-02-11,2019021101004871,CIT,42,16,110,"2,627.00","288,970.00"
2019-02-11,2019021101004870,CIT,17,16,50,"2,628.00","131,400.00"
2019-02-11,2019021101004869,CIT,55,16,10,"2,628.00","26,280.00"
2019-02-11,2019021101004868,CIT,45,16,20,"2,628.00","52,560.00"
2019-02-11,2019021101004867,CIT,21,16,10,"2,630.00","26,300.00"
2019-02-11,2019021101004802,CIT,32,56,20,"2,631.00","52,620.00"
2019-02-11,2019021101004801,CIT,44,56,10,"2,635.00","26,350.00"
2019-02-11,2019021101004799,CIT,25,8,10,"2,640.00","26,400.00"
2019-02-11,2019021101004779,CIT,38,8,100,"2,640.00","264,000.00"
2019-02-11,2019021101004649,CLBSL,25,49,100,684.00,"68,400.00"
2019-02-11,2019021101004882,CZBIL,14,35,500,204.00,"102,000.00"
2019-02-11,2019021101004734,CZBIL,37,35,100,205.00,"20,500.00"
2019-02-11,2019021101004638,CZBIL,37,35,48,205.00,"9,840.00"
2019-02-11,2019021101004606,CZBIL,14,14,500,204.00,"102,000.00"
2019-02-11,2019021101004973,DDBL,44,17,10,578.00,"5,780.00"
2019-02-11,2019021101004906,EBL,58,25,200,516.00,"103,200.00"
2019-02-11,2019021101004783,EBL,39,25,50,516.00,"25,800.00"
2019-02-11,2019021101004777,EBL,41,25,10,516.00,"5,160.00"
2019-02-11,2019021101004764,FOWAD,58,6,10,"1,559.00","15,590.00"
2019-02-11,2019021101004698,GBBL,32,58,200,183.00,"36,600.00"
2019-02-11,2019021101004862,GBIME,42,33,77,261.00,"20,097.00"
2019-02-11,2019021101004861,GBIME,54,33,100,261.00,"26,100.00"
2019-02-11,2019021101004860,GBIME,44,33,183,261.00,"47,763.00"
2019-02-11,2019021101004833,GBIME,46,33,375,262.00,"98,250.00"
2019-02-11,2019021101004806,GBIME,39,33,100,262.00,"26,200.00"
2019-02-11,2019021101004948,GBLBS,13,42,10,439.00,"4,390.00"
2019-02-11,2019021101004602,GBLBS,5,1,10,436.00,"4,360.00"
2019-02-11,2019021101004537,GBLBS,5,1,10,436.00,"4,360.00"
2019-02-11,2019021101004611,GDBL,32,32,366,180.00,"65,880.00"
2019-02-11,2019021101004610,GDBL,42,32,150,180.00,"27,000.00"
2019-02-11,2019021101004609,GDBL,1,32,100,180.00,"18,000.00"
2019-02-11,2019021101004608,GDBL,13,32,500,180.00,"90,000.00"
2019-02-11,2019021101004607,GDBL,53,32,60,180.00,"10,800.00"
2019-02-11,2019021101004716,GILB,34,37,20,"1,142.00","22,840.00"
2019-02-11,2019021101004909,GLICL,52,41,100,683.00,"68,300.00"
2019-02-11,2019021101004762,GLICL,41,21,100,690.00,"69,000.00"
2019-02-11,2019021101004761,GLICL,42,21,120,690.00,"82,800.00"
2019-02-11,2019021101004742,GLICL,42,21,250,690.00,"172,500.00"
2019-02-11,2019021101004741,GLICL,42,21,50,691.00,"34,550.00"
2019-02-11,2019021101004646,GMFIL,50,21,740,126.00,"93,240.00"
2019-02-11,2019021101004634,GMFIL,50,14,34,126.00,"4,284.00"
2019-02-11,2019021101004558,GMFIL,50,41,"1,000",126.00,"126,000.00"
2019-02-11,2019021101004494,GMFIL,50,16,850,126.00,"107,100.00"
2019-02-11,2019021101004751,HGI,26,45,14,382.00,"5,348.00"
2019-02-11,2019021101004660,HGI,34,45,200,382.00,"76,400.00"
2019-02-11,2019021101004659,HGI,32,45,100,382.00,"38,200.00"
2019-02-11,2019021101004658,HGI,7,45,150,382.00,"57,300.00"
2019-02-11,2019021101004657,HGI,39,45,50,382.00,"19,100.00"
2019-02-11,2019021101004656,HGI,35,45,30,383.00,"11,490.00"
2019-02-11,2019021101004655,HGI,19,45,50,383.00,"19,150.00"
2019-02-11,2019021101004654,HGI,7,45,55,384.00,"21,120.00"
2019-02-11,2019021101004758,HIDCL,25,1,226,138.00,"31,188.00"
2019-02-11,2019021101004679,HIDCL,35,1,100,138.00,"13,800.00"
2019-02-11,2019021101004566,HIDCL,32,56,56,137.00,"7,672.00"
2019-02-11,2019021101004884,HPPL,43,41,10,172.00,"1,720.00"
2019-02-11,2019021101004693,HPPL,43,1,10,172.00,"1,720.00"
2019-02-11,2019021101004618,HPPL,43,1,10,172.00,"1,720.00"
2019-02-11,2019021101004543,HPPL,43,1,10,172.00,"1,720.00"
2019-02-11,2019021101004842,JBBL,57,58,200,136.00,"27,200.00"
2019-02-11,2019021101004499,JBBL,38,39,43,137.00,"5,891.00"
2019-02-11,2019021101004961,JBNL,7,34,300,167.00,"50,100.00"
2019-02-11,2019021101004492,JBNL,38,35,100,168.00,"16,800.00"
2019-02-11,2019021101004877,JEFL,4,1,500,131.00,"65,500.00"
2019-02-11,2019021101004876,JEFL,4,25,200,131.00,"26,200.00"
2019-02-11,2019021101004942,JFL,26,57,200,163.00,"32,600.00"
2019-02-11,2019021101004648,JSLBB,42,55,10,"2,490.00","24,900.00"
2019-02-11,2019021101004969,KBBL,57,49,100,210.00,"21,000.00"
2019-02-11,2019021101004843,KBBL,57,1,400,210.00,"84,000.00"
2019-02-11,2019021101004722,KBL,10,52,13,235.00,"3,055.00"
2019-02-11,2019021101004721,KBL,33,52,19,235.00,"4,465.00"
2019-02-11,2019021101004665,KBL,1,56,265,236.00,"62,540.00"
2019-02-11,2019021101004830,KMFL,17,48,50,970.00,"48,500.00"
2019-02-11,2019021101004952,KPCL,43,21,10,97.00,970.00
2019-02-11,2019021101004923,KPCL,6,21,10,97.00,970.00
2019-02-11,2019021101004528,KPCL,39,6,10,97.00,970.00
2019-02-11,2019021101004564,KPCL,21,39,60,97.00,"5,820.00"
2019-02-11,2019021101004529,KPCL,39,39,40,97.00,"3,880.00"
2019-02-11,2019021101004565,KPCL,21,21,170,97.00,"16,490.00"
2019-02-11,2019021101004680,KPCL,42,39,10,96.00,960.00
2019-02-11,2019021101004763,KPCL,42,43,170,96.00,"16,320.00"
2019-02-11,2019021101004744,KPCL,42,36,10,96.00,960.00
2019-02-11,2019021101004759,KRBL,42,11,50,97.00,"4,850.00"
2019-02-11,2019021101004736,KRBL,20,28,336,96.00,"32,256.00"
2019-02-11,2019021101004735,KRBL,59,28,161,96.00,"15,456.00"
2019-02-11,2019021101004790,LBBL,48,51,10,174.00,"1,740.00"
2019-02-11,2019021101004945,LGIL,21,45,127,516.00,"65,532.00"
2019-02-11,2019021101004913,LGIL,58,14,10,517.00,"5,170.00"
2019-02-11,2019021101004907,LGIL,51,14,50,517.00,"25,850.00"
2019-02-11,2019021101004900,LGIL,21,22,50,516.00,"25,800.00"
2019-02-11,2019021101004673,LGIL,21,37,123,516.00,"63,468.00"
2019-02-11,2019021101004950,LICN,59,14,62,"1,640.00","101,680.00"
2019-02-11,2019021101004949,LICN,35,14,38,"1,641.00","62,358.00"
2019-02-11,2019021101004619,LICN,35,49,62,"1,641.00","101,742.00"
2019-02-11,2019021101004757,LLBS,6,21,79,768.00,"60,672.00"
2019-02-11,2019021101004756,LLBS,50,21,76,769.00,"58,444.00"
2019-02-11,2019021101004853,MBL,8,55,12,208.00,"2,496.00"
2019-02-11,2019021101004921,MEGA,43,8,10,164.00,"1,640.00"
2019-02-11,2019021101004819,MEGA,50,44,80,163.00,"13,040.00"
2019-02-11,2019021101004637,MERO,6,28,20,620.00,"12,400.00"
2019-02-11,2019021101004636,MERO,42,28,30,621.00,"18,630.00"
2019-02-11,2019021101004580,MERO,38,38,16,622.00,"9,952.00"
2019-02-11,2019021101004520,MERO,54,46,50,622.00,"31,100.00"
2019-02-11,2019021101004901,MLBL,59,45,64,172.00,"11,008.00"
2019-02-11,2019021101004898,MLBL,33,13,661,170.00,"112,370.00"
2019-02-11,2019021101004829,MLBL,57,57,43,170.00,"7,310.00"
2019-02-11,2019021101004899,MMFDB,46,50,10,"1,028.00","10,280.00"
2019-02-11,2019021101004653,MMFDB,1,42,10,"1,010.00","10,100.00"
2019-02-11,2019021101004627,MMFDB,17,42,60,"1,011.00","60,660.00"
2019-02-11,2019021101004982,MSLB,58,17,10,"1,400.00","14,000.00"
2019-02-11,2019021101004588,MSLB,16,1,15,"1,385.00","20,775.00"
2019-02-11,2019021101004832,MSMBS,58,48,22,538.00,"11,836.00"
2019-02-11,2019021101004902,NABIL,5,29,33,825.00,"27,225.00"
2019-02-11,2019021101004955,NBB,45,55,193,183.00,"35,319.00"
2019-02-11,2019021101004954,NBB,39,55,898,183.00,"164,334.00"
2019-02-11,2019021101004550,NBB,41,40,200,184.00,"36,800.00"
2019-02-11,2019021101004493,NBB,55,40,150,184.00,"27,600.00"
2019-02-11,2019021101004626,NBB,17,40,113,184.00,"20,792.00"
2019-02-11,2019021101004560,NBB,37,40,200,184.00,"36,800.00"
2019-02-11,2019021101004559,NBB,49,40,64,184.00,"11,776.00"
2019-02-11,2019021101004848,NBB,39,5,102,183.00,"18,666.00"
2019-02-11,2019021101004847,NBB,56,5,100,183.00,"18,300.00"
2019-02-11,2019021101004846,NBB,20,5,298,183.00,"54,534.00"
2019-02-11,2019021101004941,NBBL,40,54,15,712.00,"10,680.00"
2019-02-11,2019021101004951,NBL,17,46,423,285.00,"120,555.00"
2019-02-11,2019021101004897,NBL,10,46,187,286.00,"53,482.00"
2019-02-11,2019021101004784,NBL,33,46,"1,000",286.00,"286,000.00"
2019-02-11,2019021101004688,NBL,17,56,62,285.00,"17,670.00"
2019-02-11,2019021101004629,NBL,47,46,500,286.00,"143,000.00"
2019-02-11,2019021101004604,NBL,5,46,200,286.00,"57,200.00"
2019-02-11,2019021101004603,NBL,46,46,100,286.00,"28,600.00"
2019-02-11,2019021101004896,NGPL,1,42,25,125.00,"3,125.00"
2019-02-11,2019021101004582,NHPC,58,1,"1,000",63.00,"63,000.00"
2019-02-11,2019021101004581,NHPC,58,28,"1,950",63.00,"122,850.00"
2019-02-11,2019021101004925,NIB,25,37,198,516.00,"102,168.00"
2019-02-11,2019021101004924,NIB,37,37,389,516.00,"200,724.00"
2019-02-11,2019021101004910,NIB,37,53,37,516.00,"19,092.00"
2019-02-11,2019021101004886,NIB,37,57,37,516.00,"19,092.00"
2019-02-11,2019021101004858,NIB,14,37,36,517.00,"18,612.00"
2019-02-11,2019021101004849,NIB,14,1,12,517.00,"6,204.00"
2019-02-11,2019021101004621,NIB,38,37,37,518.00,"19,166.00"
2019-02-11,2019021101004620,NIB,43,38,37,517.00,"19,129.00"
2019-02-11,2019021101004562,NIB,29,37,60,518.00,"31,080.00"
2019-02-11,2019021101004823,NIB,22,1,100,517.00,"51,700.00"
2019-02-11,2019021101004822,NIB,55,1,138,517.00,"71,346.00"
2019-02-11,2019021101004644,NIB,55,47,62,517.00,"32,054.00"
2019-02-11,2019021101004643,NIB,28,47,100,517.00,"51,700.00"
2019-02-11,2019021101004642,NIB,17,47,60,517.00,"31,020.00"
2019-02-11,2019021101004641,NIB,43,47,178,517.00,"92,026.00"
2019-02-11,2019021101004962,NICA,42,5,100,386.00,"38,600.00"
2019-02-11,2019021101004946,NICA,54,58,699,386.00,"269,814.00"
2019-02-11,2019021101004677,NICA,59,54,13,387.00,"5,031.00"
2019-02-11,2019021101004676,NICA,59,40,37,387.00,"14,319.00"
2019-02-11,2019021101004584,NICA,22,40,200,387.00,"77,400.00"
2019-02-11,2019021101004561,NICA,54,21,300,386.00,"115,800.00"
2019-02-11,2019021101004497,NICA,40,40,10,387.00,"3,870.00"
2019-02-11,2019021101004938,NICL,43,37,10,376.00,"3,760.00"
2019-02-11,2019021101004781,NICL,58,58,"7,000",375.00,"2,625,000.00"
2019-02-11,2019021101004780,NICL,25,37,150,376.00,"56,400.00"
2019-02-11,2019021101004483,NIL,34,45,170,517.00,"87,890.00"
2019-02-11,2019021101004933,NLG,37,56,100,805.00,"80,500.00"
2019-02-11,2019021101004932,NLG,53,56,20,805.00,"16,100.00"
2019-02-11,2019021101004931,NLG,34,56,40,806.00,"32,240.00"
2019-02-11,2019021101004930,NLG,34,56,100,806.00,"80,600.00"
2019-02-11,2019021101004929,NLG,53,56,50,806.00,"40,300.00"
2019-02-11,2019021101004928,NLG,35,56,10,806.00,"8,060.00"
2019-02-11,2019021101004766,NLG,13,56,200,812.00,"162,400.00"
2019-02-11,2019021101004772,NLG,26,56,100,808.00,"80,800.00"
2019-02-11,2019021101004771,NLG,59,56,200,808.00,"161,600.00"
2019-02-11,2019021101004770,NLG,26,56,100,808.00,"80,800.00"
2019-02-11,2019021101004769,NLG,59,56,100,809.00,"80,900.00"
2019-02-11,2019021101004768,NLG,46,56,100,810.00,"81,000.00"
2019-02-11,2019021101004767,NLG,35,56,20,811.00,"16,220.00"
2019-02-11,2019021101004927,NLG,52,56,100,807.00,"80,700.00"
2019-02-11,2019021101004926,NLG,59,56,10,807.00,"8,070.00"
2019-02-11,2019021101004865,NLG,58,56,300,807.00,"242,100.00"
2019-02-11,2019021101004845,NLG,53,56,300,807.00,"242,100.00"
2019-02-11,2019021101004844,NLG,33,56,10,807.00,"8,070.00"
2019-02-11,2019021101004817,NLG,26,56,100,812.00,"81,200.00"
2019-02-11,2019021101004920,NLIC,10,4,57,"1,025.00","58,425.00"
2019-02-11,2019021101004919,NLIC,17,4,50,"1,025.00","51,250.00"
2019-02-11,2019021101004918,NLIC,41,4,20,"1,025.00","20,500.00"
2019-02-11,2019021101004917,NLIC,34,4,150,"1,025.00","153,750.00"
2019-02-11,2019021101004916,NLIC,57,4,40,"1,025.00","41,000.00"
2019-02-11,2019021101004915,NLIC,50,4,50,"1,026.00","51,300.00"
2019-02-11,2019021101004625,NLIC,59,1,17,"1,029.00","17,493.00"
2019-02-11,2019021101004556,NLIC,59,1,17,"1,029.00","17,493.00"
2019-02-11,2019021101004524,NLIC,34,22,100,"1,031.00","103,100.00"
2019-02-11,2019021101004517,NLIC,59,4,190,"1,031.00","195,890.00"
2019-02-11,2019021101004704,NLIC,36,4,300,"1,028.00","308,400.00"
2019-02-11,2019021101004703,NLIC,14,4,25,"1,028.00","25,700.00"
2019-02-11,2019021101004702,NLIC,19,4,14,"1,028.00","14,392.00"
2019-02-11,2019021101004695,NLIC,19,52,52,"1,028.00","53,456.00"
2019-02-11,2019021101004694,NLIC,59,52,76,"1,029.00","78,204.00"
2019-02-11,2019021101004635,NLIC,38,38,17,"1,030.00","17,510.00"
2019-02-11,2019021101004711,NLIC,38,38,17,"1,030.00","17,510.00"
2019-02-11,2019021101004709,NLIC,42,4,200,"1,027.00","205,400.00"
2019-02-11,2019021101004708,NLIC,47,4,30,"1,027.00","30,810.00"
2019-02-11,2019021101004707,NLIC,48,4,50,"1,027.00","51,350.00"
2019-02-11,2019021101004706,NLIC,1,4,100,"1,027.00","102,700.00"
2019-02-11,2019021101004705,NLIC,45,4,79,"1,027.00","81,133.00"
2019-02-11,2019021101004914,NLIC,10,4,233,"1,026.00","239,058.00"
2019-02-11,2019021101004904,NLIC,10,57,17,"1,026.00","17,442.00"
2019-02-11,2019021101004841,NLIC,10,4,250,"1,026.00","256,500.00"
2019-02-11,2019021101004825,NLIC,25,59,22,"1,026.00","22,572.00"
2019-02-11,2019021101004824,NLIC,45,59,10,"1,027.00","10,270.00"
2019-02-11,2019021101004717,NLIC,25,1,17,"1,026.00","17,442.00"
2019-02-11,2019021101004831,NMB,54,13,780,311.00,"242,580.00"
2019-02-11,2019021101004821,NMB,54,1,11,311.00,"3,421.00"
2019-02-11,2019021101004813,NMB,54,29,550,311.00,"171,050.00"
2019-02-11,2019021101004812,NMB,42,29,500,311.00,"155,500.00"
2019-02-11,2019021101004811,NMB,6,29,400,311.00,"124,400.00"
2019-02-11,2019021101004670,NMB,58,13,200,311.00,"62,200.00"
2019-02-11,2019021101004586,NMB,13,13,213,311.00,"66,243.00"
2019-02-11,2019021101004555,NMB,33,42,185,311.00,"57,535.00"
2019-02-11,2019021101004541,NMB,5,42,100,311.00,"31,100.00"
2019-02-11,2019021101004523,NMB,33,13,800,311.00,"248,800.00"
2019-02-11,2019021101004507,NMB,33,42,200,311.00,"62,200.00"
2019-02-11,2019021101004971,NMBMF,58,37,77,"1,065.00","82,005.00"
2019-02-11,2019021101004970,NMBMF,43,37,30,"1,066.00","31,980.00"
2019-02-11,2019021101004496,NMBMF,1,37,10,"1,070.00","10,700.00"
2019-02-11,2019021101004852,NMFBS,58,37,10,"1,670.00","16,700.00"
2019-02-11,2019021101004980,NTC,43,1,10,705.00,"7,050.00"
2019-02-11,2019021101004940,NTC,6,46,320,701.00,"224,320.00"
2019-02-11,2019021101004851,NTC,59,51,60,703.00,"42,180.00"
2019-02-11,2019021101004850,NTC,59,25,50,702.00,"35,100.00"
2019-02-11,2019021101004662,NTC,6,43,20,701.00,"14,020.00"
2019-02-11,2019021101004661,NTC,35,43,30,701.00,"21,030.00"
2019-02-11,2019021101004601,NTC,42,5,100,702.00,"70,200.00"
2019-02-11,2019021101004743,NTC,59,51,10,703.00,"7,030.00"
2019-02-11,2019021101004714,NTC,6,43,750,701.00,"525,750.00"
2019-02-11,2019021101004663,NTC,59,51,10,703.00,"7,030.00"
2019-02-11,2019021101004752,NUBL,36,52,29,745.00,"21,605.00"
2019-02-11,2019021101004981,PCBL,40,13,349,316.00,"110,284.00"
2019-02-11,2019021101004978,PCBL,40,17,760,316.00,"240,160.00"
2019-02-11,2019021101004977,PCBL,49,17,200,316.00,"63,200.00"
2019-02-11,2019021101004976,PCBL,29,17,40,316.00,"12,640.00"
2019-02-11,2019021101004804,PCBL,29,57,60,316.00,"18,960.00"
2019-02-11,2019021101004803,PCBL,53,57,13,316.00,"4,108.00"
2019-02-11,2019021101004645,PCBL,40,13,20,317.00,"6,340.00"
2019-02-11,2019021101004628,PCBL,40,13,20,317.00,"6,340.00"
2019-02-11,2019021101004692,PFL,1,46,83,130.00,"10,790.00"
2019-02-11,2019021101004691,PFL,45,46,117,130.00,"15,210.00"
2019-02-11,2019021101004630,PFL,50,29,10,131.00,"1,310.00"
2019-02-11,2019021101004538,PFL,45,36,30,130.00,"3,900.00"
2019-02-11,2019021101004820,PIC,5,5,304,"1,033.00","314,032.00"
2019-02-11,2019021101004719,PIC,42,6,155,"1,033.00","160,115.00"
2019-02-11,2019021101004624,PIC,42,45,57,"1,030.00","58,710.00"
2019-02-11,2019021101004577,PIC,42,54,10,"1,030.00","10,300.00"
2019-02-11,2019021101004557,PIC,42,56,11,"1,030.00","11,330.00"
2019-02-11,2019021101004519,PIC,42,33,71,"1,030.00","73,130.00"
2019-02-11,2019021101004518,PIC,38,33,79,"1,031.00","81,449.00"
2019-02-11,2019021101004856,PICL,45,21,300,679.00,"203,700.00"
2019-02-11,2019021101004855,PICL,58,21,100,680.00,"68,000.00"
2019-02-11,2019021101004776,PICL,34,37,92,681.00,"62,652.00"
2019-02-11,2019021101004775,PICL,45,37,98,681.00,"66,738.00"
2019-02-11,2019021101004774,PICL,34,37,100,682.00,"68,200.00"
2019-02-11,2019021101004715,PICL,43,28,15,682.00,"10,230.00"
2019-02-11,2019021101004963,PLIC,57,57,146,450.00,"65,700.00"
2019-02-11,2019021101004839,PLIC,33,38,10,454.00,"4,540.00"
2019-02-11,2019021101004838,PLIC,50,21,85,446.00,"37,910.00"
2019-02-11,2019021101004837,PLIC,52,21,50,446.00,"22,300.00"
2019-02-11,2019021101004836,PLIC,53,21,30,446.00,"13,380.00"
2019-02-11,2019021101004573,PLIC,41,43,50,450.00,"22,500.00"
2019-02-11,2019021101004572,PLIC,49,43,10,450.00,"4,500.00"
2019-02-11,2019021101004571,PLIC,59,43,10,450.00,"4,500.00"
2019-02-11,2019021101004540,PLIC,22,38,100,454.00,"45,400.00"
2019-02-11,2019021101004835,PLIC,1,21,100,448.00,"44,800.00"
2019-02-11,2019021101004834,PLIC,14,21,100,448.00,"44,800.00"
2019-02-11,2019021101004827,PLIC,29,43,320,450.00,"144,000.00"
2019-02-11,2019021101004748,PLIC,35,28,100,449.00,"44,900.00"
2019-02-11,2019021101004681,PLIC,22,43,100,450.00,"45,000.00"
2019-02-11,2019021101004574,PLIC,45,43,10,450.00,"4,500.00"
2019-02-11,2019021101004701,PMHPL,14,39,10,108.00,"1,080.00"
2019-02-11,2019021101004633,PMHPL,16,16,10,109.00,"1,090.00"
2019-02-11,2019021101004632,PMHPL,16,59,10,109.00,"1,090.00"
2019-02-11,2019021101004631,PMHPL,16,59,10,109.00,"1,090.00"
2019-02-11,2019021101004960,PRIN,43,43,128,421.00,"53,888.00"
2019-02-11,2019021101004959,PRIN,1,43,137,422.00,"57,814.00"
2019-02-11,2019021101004958,PRIN,50,43,10,423.00,"4,230.00"
2019-02-11,2019021101004957,PRIN,59,43,175,423.00,"74,025.00"
2019-02-11,2019021101004956,PRIN,32,43,100,424.00,"42,400.00"
2019-02-11,2019021101004667,PRIN,59,50,25,423.00,"10,575.00"
2019-02-11,2019021101004975,PRVU,56,13,413,236.00,"97,468.00"
2019-02-11,2019021101004974,PRVU,46,13,87,236.00,"20,532.00"
2019-02-11,2019021101004908,PRVU,46,45,26,236.00,"6,136.00"
2019-02-11,2019021101004740,PRVU,46,59,387,236.00,"91,332.00"
2019-02-11,2019021101004739,PRVU,7,59,100,236.00,"23,600.00"
2019-02-11,2019021101004738,PRVU,42,59,200,236.00,"47,200.00"
2019-02-11,2019021101004501,PRVU,14,28,341,236.00,"80,476.00"
2019-02-11,2019021101004546,PRVU,36,38,15,238.00,"3,570.00"
2019-02-11,2019021101004506,PRVU,10,28,187,236.00,"44,132.00"
2019-02-11,2019021101004505,PRVU,57,28,159,236.00,"37,524.00"
2019-02-11,2019021101004504,PRVU,38,28,20,236.00,"4,720.00"
2019-02-11,2019021101004503,PRVU,34,28,200,236.00,"47,200.00"
2019-02-11,2019021101004502,PRVU,57,28,"1,000",236.00,"236,000.00"
2019-02-11,2019021101004737,PRVU,10,59,313,236.00,"73,868.00"
2019-02-11,2019021101004880,PURBL,58,59,172,151.00,"25,972.00"
2019-02-11,2019021101004522,RADHI,16,16,1,159.00,159.00
2019-02-11,2019021101004828,RBCL,14,42,10,"9,117.00","91,170.00"
2019-02-11,2019021101004671,RBCL,58,57,20,"9,115.00","182,300.00"
2019-02-11,2019021101004903,RBCLPO,59,32,10,"8,610.00","86,100.00"
2019-02-11,2019021101004979,RRHP,43,44,10,100.00,"1,000.00"
2019-02-11,2019021101004892,RSDC,41,56,83,380.00,"31,540.00"
2019-02-11,2019021101004891,RSDC,26,56,100,380.00,"38,000.00"
2019-02-11,2019021101004890,RSDC,19,56,10,380.00,"3,800.00"
2019-02-11,2019021101004889,RSDC,19,56,50,380.00,"19,000.00"
2019-02-11,2019021101004888,RSDC,53,56,81,381.00,"30,861.00"
2019-02-11,2019021101004936,SADBL,25,42,"1,336",139.00,"185,704.00"
2019-02-11,2019021101004664,SADBL,50,42,10,139.00,"1,390.00"
2019-02-11,2019021101004810,SANIMA,34,10,217,296.00,"64,232.00"
2019-02-11,2019021101004809,SANIMA,29,10,83,296.00,"24,568.00"
2019-02-11,2019021101004696,SANIMA,29,56,17,296.00,"5,032.00"
2019-02-11,2019021101004583,SANIMA,32,32,500,297.00,"148,500.00"
2019-02-11,2019021101004548,SBL,25,57,11,283.00,"3,113.00"
2019-02-11,2019021101004547,SBL,25,28,89,283.00,"25,187.00"
2019-02-11,2019021101004840,SCB,25,25,100,551.00,"55,100.00"
2019-02-11,2019021101004778,SCB,17,32,80,551.00,"44,080.00"
2019-02-11,2019021101004720,SCB,38,58,20,552.00,"11,040.00"
2019-02-11,2019021101004718,SCB,17,38,20,551.00,"11,020.00"
2019-02-11,2019021101004666,SCB,38,38,20,551.00,"11,020.00"
2019-02-11,2019021101004532,SCB,19,11,30,550.00,"16,500.00"
2019-02-11,2019021101004531,SCB,11,11,20,550.00,"11,000.00"
2019-02-11,2019021101004511,SCB,11,25,80,550.00,"44,000.00"
2019-02-11,2019021101004510,SCB,5,25,70,550.00,"38,500.00"
2019-02-11,2019021101004509,SCB,57,25,50,551.00,"27,550.00"
2019-02-11,2019021101004689,SDESI,33,57,20,606.00,"12,120.00"
2019-02-11,2019021101004639,SDESI,50,1,23,605.00,"13,915.00"
2019-02-11,2019021101004600,SDESI,33,57,200,606.00,"121,200.00"
2019-02-11,2019021101004599,SDESI,33,57,200,607.00,"121,400.00"
2019-02-11,2019021101004598,SDESI,58,57,10,607.00,"6,070.00"
2019-02-11,2019021101004597,SDESI,17,57,10,607.00,"6,070.00"
2019-02-11,2019021101004515,SDESI,33,57,200,606.00,"121,200.00"
2019-02-11,2019021101004514,SDESI,40,57,67,606.00,"40,602.00"
2019-02-11,2019021101004512,SDESI,16,16,1,596.00,596.00
2019-02-11,2019021101004491,SDESI,40,1,23,606.00,"13,938.00"
2019-02-11,2019021101004911,SHL,32,54,575,206.00,"118,450.00"
2019-02-11,2019021101004669,SHL,32,48,275,206.00,"56,650.00"
2019-02-11,2019021101004554,SHL,32,22,150,206.00,"30,900.00"
2019-02-11,2019021101004553,SHL,25,22,150,206.00,"30,900.00"
2019-02-11,2019021101004552,SHL,51,22,100,206.00,"20,600.00"
2019-02-11,2019021101004551,SHL,26,22,100,206.00,"20,600.00"
2019-02-11,2019021101004513,SHL,56,41,500,207.00,"103,500.00"
2019-02-11,2019021101004912,SHPC,6,42,22,221.00,"4,862.00"
2019-02-11,2019021101004623,SIC,55,25,10,"1,264.00","12,640.00"
2019-02-11,2019021101004935,SICL,42,49,50,869.00,"43,450.00"
2019-02-11,2019021101004570,SIFC,43,59,51,135.00,"6,885.00"
2019-02-11,2019021101004968,SIL,44,56,"1,000",601.00,"601,000.00"
2019-02-11,2019021101004967,SIL,34,56,200,603.00,"120,600.00"
2019-02-11,2019021101004966,SIL,48,56,200,603.00,"120,600.00"
2019-02-11,2019021101004965,SIL,39,56,11,603.00,"6,633.00"
2019-02-11,2019021101004787,SIL,14,56,100,613.00,"61,300.00"
2019-02-11,2019021101004786,SIL,7,56,200,614.00,"122,800.00"
2019-02-11,2019021101004785,SIL,42,56,100,615.00,"61,500.00"
2019-02-11,2019021101004788,SKBBL,57,47,10,862.00,"8,620.00"
2019-02-11,2019021101004713,SLBBL,51,57,12,505.00,"6,060.00"
2019-02-11,2019021101004939,SLBS,45,17,100,"1,000.00","100,000.00"
2019-02-11,2019021101004545,SLBS,16,16,1,"1,000.00","1,000.00"
2019-02-11,2019021101004947,SLBSL,33,39,10,806.00,"8,060.00"
2019-02-11,2019021101004944,SLBSL,43,48,10,806.00,"8,060.00"
2019-02-11,2019021101004826,SLBSL,33,47,10,806.00,"8,060.00"
2019-02-11,2019021101004805,SLBSL,22,46,10,806.00,"8,060.00"
2019-02-11,2019021101004773,SLBSL,22,16,10,806.00,"8,060.00"
2019-02-11,2019021101004516,SLBSL,21,21,10,806.00,"8,060.00"
2019-02-11,2019021101004498,SLBSL,21,1,10,806.00,"8,060.00"
2019-02-11,2019021101004576,SLBSL,33,21,10,807.00,"8,070.00"
2019-02-11,2019021101004544,SLBSL,21,21,10,806.00,"8,060.00"
2019-02-11,2019021101004534,SLBSL,21,21,10,806.00,"8,060.00"
2019-02-11,2019021101004527,SLBSL,21,21,10,806.00,"8,060.00"
2019-02-11,2019021101004697,SLBSL,34,28,10,805.00,"8,050.00"
2019-02-11,2019021101004678,SLBSL,34,58,10,805.00,"8,050.00"
2019-02-11,2019021101004675,SLBSL,33,21,10,807.00,"8,070.00"
2019-02-11,2019021101004674,SLBSL,33,21,10,807.00,"8,070.00"
2019-02-11,2019021101004668,SLBSL,34,16,10,805.00,"8,050.00"
2019-02-11,2019021101004651,SLBSL,46,16,10,805.00,"8,050.00"
2019-02-11,2019021101004883,SLICL,5,5,474,524.00,"248,376.00"
2019-02-11,2019021101004816,SMATA,28,1,18,"1,291.00","23,238.00"
2019-02-11,2019021101004815,SMATA,28,1,18,"1,291.00","23,238.00"
2019-02-11,2019021101004814,SMATA,28,1,18,"1,291.00","23,238.00"
2019-02-11,2019021101004484,SMB,16,16,10,680.00,"6,800.00"
2019-02-11,2019021101004749,SPDL,43,1,15,91.00,"1,365.00"
2019-02-11,2019021101004563,SPDL,45,1,15,90.00,"1,350.00"
2019-02-11,2019021101004521,SPDL,45,1,15,90.00,"1,350.00"
2019-02-11,2019021101004885,SRBL,28,57,10,210.00,"2,100.00"
2019-02-11,2019021101004489,SRBL,25,28,"1,000",207.00,"207,000.00"
2019-02-11,2019021101004488,SRBL,43,28,300,207.00,"62,100.00"
2019-02-11,2019021101004487,SRBL,56,28,100,207.00,"20,700.00"
2019-02-11,2019021101004486,SRBL,38,28,500,207.00,"103,500.00"
2019-02-11,2019021101004485,SRBL,37,28,100,208.00,"20,800.00"
2019-02-11,2019021101004723,SWBBL,41,40,80,830.00,"66,400.00"
2019-02-11,2019021101004690,SWBBL,41,36,60,830.00,"49,800.00"
2019-02-11,2019021101004866,TRH,28,57,10,239.00,"2,390.00"
2019-02-11,2019021101004500,UFL,8,22,300,156.00,"46,800.00"
2019-02-11,2019021101004937,UIC,44,45,20,775.00,"15,500.00"
2019-02-11,2019021101004710,UIC,43,50,10,775.00,"7,750.00"
2019-02-11,2019021101004895,UPPER,49,13,10,232.00,"2,320.00"
2019-02-11,2019021101004887,UPPER,57,6,50,231.00,"11,550.00"
2019-02-11,2019021101004881,UPPER,57,49,10,231.00,"2,310.00"
2019-02-11,2019021101004879,UPPER,57,4,40,231.00,"9,240.00"
2019-02-11,2019021101004526,UPPER,7,25,40,231.00,"9,240.00"
2019-02-11,2019021101004525,UPPER,7,1,40,231.00,"9,240.00"
2019-02-11,2019021101004508,UPPER,7,1,50,231.00,"11,550.00"
2019-02-11,2019021101004495,UPPER,7,16,40,231.00,"9,240.00"
2019-02-11,2019021101004549,UPPER,7,19,50,231.00,"11,550.00"
2019-02-11,2019021101004536,UPPER,7,19,50,231.00,"11,550.00"
2019-02-11,2019021101004535,UPPER,7,39,50,231.00,"11,550.00"
2019-02-11,2019021101004530,UPPER,7,19,50,231.00,"11,550.00"
2019-02-11,2019021101004596,UPPER,56,58,50,230.00,"11,500.00"
2019-02-11,2019021101004589,UPPER,6,41,267,231.00,"61,677.00"
2019-02-11,2019021101004579,UPPER,6,55,33,231.00,"7,623.00"
2019-02-11,2019021101004578,UPPER,7,55,260,231.00,"60,060.00"
2019-02-11,2019021101004575,UPPER,7,1,40,231.00,"9,240.00"
2019-02-11,2019021101004700,UPPER,25,57,10,231.00,"2,310.00"
2019-02-11,2019021101004699,UPPER,25,41,26,231.00,"6,006.00"
2019-02-11,2019021101004652,UPPER,56,1,50,230.00,"11,500.00"
2019-02-11,2019021101004605,UPPER,56,49,50,230.00,"11,500.00"
2019-02-11,2019021101004765,UPPER,19,49,40,231.00,"9,240.00"
2019-02-11,2019021101004760,UPPER,19,1,50,231.00,"11,550.00"
2019-02-11,2019021101004755,UPPER,19,50,14,231.00,"3,234.00"
2019-02-11,2019021101004754,UPPER,44,50,36,231.00,"8,316.00"
2019-02-11,2019021101004795,UPPER,1,21,200,230.00,"46,000.00"
2019-02-11,2019021101004794,UPPER,19,21,200,230.00,"46,000.00"
2019-02-11,2019021101004793,UPPER,45,21,50,230.00,"11,500.00"
2019-02-11,2019021101004792,UPPER,56,21,260,230.00,"59,800.00"
2019-02-11,2019021101004791,UPPER,19,21,51,231.00,"11,781.00"
2019-02-11,2019021101004782,UPPER,19,49,10,231.00,"2,310.00"
2019-02-11,2019021101004808,UPPER,49,56,50,232.00,"11,600.00"
2019-02-11,2019021101004807,UPPER,49,49,10,231.00,"2,310.00"
2019-02-11,2019021101004800,UPPER,49,55,50,230.00,"11,500.00"
2019-02-11,2019021101004798,UPPER,49,21,389,230.00,"89,470.00"
2019-02-11,2019021101004797,UPPER,32,21,400,230.00,"92,000.00"
2019-02-11,2019021101004796,UPPER,29,21,250,230.00,"57,500.00"
2019-02-11,2019021101004972,VLBS,32,22,10,710.00,"7,100.00"
2019-02-11,2019021101004384,ADBL,58,43,70,332.00,"23,240.00"
2019-02-11,2019021101004383,ADBL,32,43,150,332.00,"49,800.00"
2019-02-11,2019021101004382,ADBL,56,43,100,332.00,"33,200.00"
2019-02-11,2019021101004148,ADBL,14,16,64,333.00,"21,312.00"
2019-02-11,2019021101004105,ADBL,14,16,64,333.00,"21,312.00"
2019-02-11,2019021101004361,ADBL,38,46,30,333.00,"9,990.00"
2019-02-11,2019021101004360,ADBL,42,46,15,333.00,"4,995.00"
2019-02-11,2019021101004174,ADBL,42,43,85,333.00,"28,305.00"
2019-02-11,2019021101004173,ADBL,14,43,415,333.00,"138,195.00"
2019-02-11,2019021101004158,ADBL,43,36,22,334.00,"7,348.00"
2019-02-11,2019021101004153,ADBL,14,16,64,333.00,"21,312.00"
2019-02-11,2019021101004254,AHPC,52,1,20,99.00,"1,980.00"
2019-02-11,2019021101004253,AHPC,34,1,557,99.00,"55,143.00"
2019-02-11,2019021101004189,AKJCL,45,37,10,81.00,810.00
2019-02-11,2019021101004188,AKJCL,41,37,10,81.00,810.00
2019-02-11,2019021101004071,AKJCL,21,50,20,81.00,"1,620.00"
2019-02-11,2019021101004009,AKJCL,21,29,20,81.00,"1,620.00"
2019-02-11,2019021101004473,AKPL,49,1,13,172.00,"2,236.00"
2019-02-11,2019021101004428,AKPL,49,1,13,172.00,"2,236.00"
2019-02-11,2019021101004350,AKPL,49,1,13,172.00,"2,236.00"
2019-02-11,2019021101004197,AKPL,49,1,13,172.00,"2,236.00"
2019-02-11,2019021101004196,AKPL,45,37,10,173.00,"1,730.00"
2019-02-11,2019021101004109,AKPL,56,7,20,174.00,"3,480.00"
2019-02-11,2019021101004007,AKPL,49,1,13,172.00,"2,236.00"
2019-02-11,2019021101004122,ALICL,33,25,200,587.00,"117,400.00"
2019-02-11,2019021101004005,ALICL,45,25,100,585.00,"58,500.00"
2019-02-11,2019021101004354,AMFI,20,1,10,707.00,"7,070.00"
2019-02-11,2019021101004210,AMFI,25,43,10,708.00,"7,080.00"
2019-02-11,2019021101004179,AMFI,25,1,10,708.00,"7,080.00"
2019-02-11,2019021101004447,API,51,38,100,134.00,"13,400.00"
2019-02-11,2019021101003995,API,21,21,18,134.00,"2,412.00"
2019-02-11,2019021101004358,BARUN,52,10,300,97.00,"29,100.00"
2019-02-11,2019021101004357,BARUN,45,10,100,97.00,"9,700.00"
2019-02-11,2019021101004356,BARUN,46,10,200,97.00,"19,400.00"
2019-02-11,2019021101004104,BARUN,1,10,200,98.00,"19,600.00"
2019-02-11,2019021101004103,BARUN,35,10,50,98.00,"4,900.00"
2019-02-11,2019021101004102,BARUN,25,10,100,98.00,"9,800.00"
2019-02-11,2019021101004344,BOKL,51,59,"2,000",239.00,"478,000.00"
2019-02-11,2019021101004119,BOKL,49,59,70,237.00,"16,590.00"
2019-02-11,2019021101004076,BOKL,41,17,150,238.00,"35,700.00"
2019-02-11,2019021101004126,BPCL,14,5,160,344.00,"55,040.00"
2019-02-11,2019021101004125,BPCL,8,5,150,344.00,"51,600.00"
2019-02-11,2019021101004124,BPCL,40,5,30,345.00,"10,350.00"
2019-02-11,2019021101004123,BPCL,7,5,160,345.00,"55,200.00"
2019-02-11,2019021101004084,BPCL,7,59,10,345.00,"3,450.00"
2019-02-11,2019021101004075,BPCL,7,59,10,345.00,"3,450.00"
2019-02-11,2019021101004068,BPCL,7,59,10,345.00,"3,450.00"
2019-02-11,2019021101004227,CBBL,26,14,50,881.00,"44,050.00"
2019-02-11,2019021101004193,CBBL,46,14,30,881.00,"26,430.00"
2019-02-11,2019021101004027,CBBL,38,16,29,881.00,"25,549.00"
2019-02-11,2019021101004006,CBBL,33,35,700,880.00,"616,000.00"
2019-02-11,2019021101004470,CBL,26,54,200,154.00,"30,800.00"
2019-02-11,2019021101004432,CBL,44,6,500,153.00,"76,500.00"
2019-02-11,2019021101004381,CBL,44,46,44,153.00,"6,732.00"
2019-02-11,2019021101004380,CBL,39,46,56,153.00,"8,568.00"
2019-02-11,2019021101004304,CBL,40,54,100,154.00,"15,400.00"
2019-02-11,2019021101004226,CBL,39,41,31,153.00,"4,743.00"
2019-02-11,2019021101004255,CCBL,5,48,57,163.00,"9,291.00"
2019-02-11,2019021101004229,CCBL,5,41,51,163.00,"8,313.00"
2019-02-11,2019021101004016,CCBL,21,21,3,163.00,489.00
2019-02-11,2019021101004436,CEFL,58,47,"1,923",99.00,"190,377.00"
2019-02-11,2019021101004393,CORBL,41,33,60,94.00,"5,640.00"
2019-02-11,2019021101004300,CZBIL,41,38,39,203.00,"7,917.00"
2019-02-11,2019021101004299,CZBIL,56,38,20,204.00,"4,080.00"
2019-02-11,2019021101004298,CZBIL,28,38,200,204.00,"40,800.00"
2019-02-11,2019021101004297,CZBIL,16,38,200,204.00,"40,800.00"
2019-02-11,2019021101004296,CZBIL,54,38,200,204.00,"40,800.00"
2019-02-11,2019021101004295,CZBIL,10,38,39,204.00,"7,956.00"
2019-02-11,2019021101004241,CZBIL,10,41,615,204.00,"125,460.00"
2019-02-11,2019021101004217,CZBIL,46,35,"1,000",205.00,"205,000.00"
2019-02-11,2019021101004146,CZBIL,6,35,250,205.00,"51,250.00"
2019-02-11,2019021101004145,CZBIL,7,35,102,205.00,"20,910.00"
2019-02-11,2019021101004349,DBBL,58,8,17,126.00,"2,142.00"
2019-02-11,2019021101003983,DBBL,39,44,129,124.00,"15,996.00"
2019-02-11,2019021101004062,DDBL,21,28,58,573.00,"33,234.00"
2019-02-11,2019021101004032,EBL,6,35,271,515.00,"139,565.00"
2019-02-11,2019021101004172,EDBL,44,41,50,277.00,"13,850.00"
2019-02-11,2019021101004319,EIC,34,5,50,806.00,"40,300.00"
2019-02-11,2019021101004476,FOWAD,21,21,15,"1,555.00","23,325.00"
2019-02-11,2019021101004214,FOWAD,42,22,14,"1,549.00","21,686.00"
2019-02-11,2019021101004244,GBIME,44,41,43,261.00,"11,223.00"
2019-02-11,2019021101004186,GBIME,44,11,74,261.00,"19,314.00"
2019-02-11,2019021101004185,GBIME,57,11,176,261.00,"45,936.00"
2019-02-11,2019021101004135,GBIME,57,37,24,261.00,"6,264.00"
2019-02-11,2019021101004134,GBIME,53,37,976,261.00,"254,736.00"
2019-02-11,2019021101004477,GBLBS,5,1,10,436.00,"4,360.00"
2019-02-11,2019021101004435,GBLBS,5,1,10,436.00,"4,360.00"
2019-02-11,2019021101004261,GBLBS,5,22,100,436.00,"43,600.00"
2019-02-11,2019021101004252,GBLBS,5,41,10,436.00,"4,360.00"
2019-02-11,2019021101004003,GBLBS,36,16,300,439.00,"131,700.00"
2019-02-11,2019021101004225,GDBL,42,48,41,182.00,"7,462.00"
2019-02-11,2019021101004387,GILB,16,16,1,"1,150.00","1,150.00"
2019-02-11,2019021101004412,GMFIL,50,21,370,126.00,"46,620.00"
2019-02-11,2019021101004424,GUFL,13,38,60,104.00,"6,240.00"
2019-02-11,2019021101004002,GUFL,46,7,10,105.00,"1,050.00"
2019-02-11,2019021101004001,GUFL,46,11,340,105.00,"35,700.00"
2019-02-11,2019021101004151,HBL,51,13,50,430.00,"21,500.00"
2019-02-11,2019021101004074,HGI,7,14,30,384.00,"11,520.00"
2019-02-11,2019021101004113,HIDCL,32,51,56,137.00,"7,672.00"
2019-02-11,2019021101004112,HIDCL,32,51,56,137.00,"7,672.00"
2019-02-11,2019021101004480,HPPL,38,38,20,173.00,"3,460.00"
2019-02-11,2019021101004479,HPPL,43,1,20,172.00,"3,440.00"
2019-02-11,2019021101004364,HPPL,43,1,10,172.00,"1,720.00"
2019-02-11,2019021101004184,HPPL,43,1,20,172.00,"3,440.00"
2019-02-11,2019021101004106,HPPL,43,26,10,172.00,"1,720.00"
2019-02-11,2019021101004441,JBBL,38,38,154,136.00,"20,944.00"
2019-02-11,2019021101004314,JBBL,38,37,100,136.00,"13,600.00"
2019-02-11,2019021101004257,JBBL,38,41,123,135.00,"16,605.00"
2019-02-11,2019021101004256,JBBL,20,41,48,135.00,"6,480.00"
2019-02-11,2019021101004245,JBBL,20,43,226,135.00,"30,510.00"
2019-02-11,2019021101004230,JBBL,41,37,100,136.00,"13,600.00"
2019-02-11,2019021101003985,JBBL,38,39,115,137.00,"15,755.00"
2019-02-11,2019021101004398,JBNL,25,53,500,167.00,"83,500.00"
2019-02-11,2019021101004397,JBNL,57,33,25,166.00,"4,150.00"
2019-02-11,2019021101004343,JBNL,25,51,172,167.00,"28,724.00"
2019-02-11,2019021101004342,JBNL,25,33,83,167.00,"13,861.00"
2019-02-11,2019021101004341,JBNL,25,45,114,167.00,"19,038.00"
2019-02-11,2019021101004323,JBNL,26,51,28,167.00,"4,676.00"
2019-02-11,2019021101004264,JBNL,26,41,22,167.00,"3,674.00"
2019-02-11,2019021101004263,JBNL,32,41,20,167.00,"3,340.00"
2019-02-11,2019021101004359,JEFL,6,28,100,130.00,"13,000.00"
2019-02-11,2019021101004127,JEFL,4,55,45,129.00,"5,805.00"
2019-02-11,2019021101004220,JSLBB,38,38,48,"2,460.00","118,080.00"
2019-02-11,2019021101004219,JSLBB,57,38,10,"2,461.00","24,610.00"
2019-02-11,2019021101004004,JSLBB,16,16,2,"2,490.00","4,980.00"
2019-02-11,2019021101004120,KBBL,57,16,44,210.00,"9,240.00"
2019-02-11,2019021101004367,KKHC,56,1,10,89.00,890.00
2019-02-11,2019021101004187,KKHC,56,1,10,89.00,890.00
2019-02-11,2019021101004410,KMCDB,40,57,10,824.00,"8,240.00"
2019-02-11,2019021101004409,KMCDB,48,57,20,824.00,"16,480.00"
2019-02-11,2019021101004408,KMCDB,38,57,20,830.00,"16,600.00"
2019-02-11,2019021101004439,KPCL,42,43,10,96.00,960.00
2019-02-11,2019021101004033,KPCL,51,29,10,96.00,960.00
2019-02-11,2019021101004024,KPCL,51,29,10,96.00,960.00
2019-02-11,2019021101004020,KPCL,51,43,60,96.00,"5,760.00"
2019-02-11,2019021101004047,KPCL,6,43,10,96.00,960.00
2019-02-11,2019021101004040,KPCL,51,43,10,96.00,960.00
2019-02-11,2019021101004039,KPCL,51,29,10,96.00,960.00
2019-02-11,2019021101004107,KPCL,6,39,10,96.00,960.00
2019-02-11,2019021101004101,KPCL,6,39,10,96.00,960.00
2019-02-11,2019021101004079,KPCL,6,50,10,96.00,960.00
2019-02-11,2019021101004176,KPCL,6,44,10,96.00,960.00
2019-02-11,2019021101004205,KPCL,6,37,10,96.00,960.00
2019-02-11,2019021101004236,KPCL,6,44,10,96.00,960.00
2019-02-11,2019021101004270,KPCL,55,28,10,95.00,950.00
2019-02-11,2019021101004273,KSBBL,33,41,88,135.00,"11,880.00"
2019-02-11,2019021101004087,KSBBL,33,55,221,135.00,"29,835.00"
2019-02-11,2019021101004086,KSBBL,49,55,60,135.00,"8,100.00"
2019-02-11,2019021101004085,KSBBL,16,55,10,135.00,"1,350.00"
2019-02-11,2019021101004449,LBL,22,11,200,193.00,"38,600.00"
2019-02-11,2019021101004221,LBL,36,11,100,193.00,"19,300.00"
2019-02-11,2019021101004149,LBL,36,36,10,194.00,"1,940.00"
2019-02-11,2019021101004054,LBL,26,36,50,194.00,"9,700.00"
2019-02-11,2019021101004204,LGIL,42,14,50,517.00,"25,850.00"
2019-02-11,2019021101004346,MBL,25,57,14,209.00,"2,926.00"
2019-02-11,2019021101004345,MBL,25,45,46,209.00,"9,614.00"
2019-02-11,2019021101004034,MBL,57,45,"1,000",209.00,"209,000.00"
2019-02-11,2019021101004278,MEGA,50,41,35,163.00,"5,705.00"
2019-02-11,2019021101004133,MEGA,50,28,747,163.00,"121,761.00"
2019-02-11,2019021101004132,MEGA,42,28,100,163.00,"16,300.00"
2019-02-11,2019021101004131,MEGA,1,28,200,163.00,"32,600.00"
2019-02-11,2019021101004130,MEGA,59,28,"1,000",163.00,"163,000.00"
2019-02-11,2019021101004129,MEGA,44,28,66,163.00,"10,758.00"
2019-02-11,2019021101004063,MEGA,44,32,100,163.00,"16,300.00"
2019-02-11,2019021101004045,MEGA,50,8,258,164.00,"42,312.00"
2019-02-11,2019021101004044,MEGA,50,32,242,164.00,"39,688.00"
2019-02-11,2019021101004413,MERO,26,46,50,622.00,"31,100.00"
2019-02-11,2019021101004316,MERO,45,21,11,622.00,"6,842.00"
2019-02-11,2019021101004191,MERO,42,49,10,621.00,"6,210.00"
2019-02-11,2019021101004190,MERO,42,38,10,621.00,"6,210.00"
2019-02-11,2019021101004154,MERO,36,39,100,620.00,"62,000.00"
2019-02-11,2019021101004118,MERO,29,39,20,620.00,"12,400.00"
2019-02-11,2019021101004312,MLBL,59,35,500,170.00,"85,000.00"
2019-02-11,2019021101004281,MLBL,26,41,21,168.00,"3,528.00"
2019-02-11,2019021101004056,MLBL,1,32,32,167.00,"5,344.00"
2019-02-11,2019021101004077,MNBBL,26,42,10,343.00,"3,430.00"
2019-02-11,2019021101004057,MNBBL,6,42,200,343.00,"68,600.00"
2019-02-11,2019021101004010,MNBBL,38,42,65,343.00,"22,295.00"
2019-02-11,2019021101003998,MNBBL,38,42,25,343.00,"8,575.00"
2019-02-11,2019021101003997,MNBBL,38,35,30,343.00,"10,290.00"
2019-02-11,2019021101003993,MNBBL,38,35,60,343.00,"20,580.00"
2019-02-11,2019021101004222,MSLB,16,1,15,"1,385.00","20,775.00"
2019-02-11,2019021101004406,NABIL,19,8,100,825.00,"82,500.00"
2019-02-11,2019021101004405,NABIL,29,8,100,825.00,"82,500.00"
2019-02-11,2019021101004268,NABILP,41,11,50,734.00,"36,700.00"
2019-02-11,2019021101004267,NABILP,41,22,150,734.00,"110,100.00"
2019-02-11,2019021101004251,NABILP,41,22,50,734.00,"36,700.00"
2019-02-11,2019021101004250,NABILP,41,32,250,733.00,"183,250.00"
2019-02-11,2019021101004249,NABILP,41,32,200,733.00,"146,600.00"
2019-02-11,2019021101004111,NABILP,39,22,33,729.00,"24,057.00"
2019-02-11,2019021101004110,NABILP,44,22,60,730.00,"43,800.00"
2019-02-11,2019021101004097,NABILP,44,39,440,730.00,"321,200.00"
2019-02-11,2019021101004096,NABILP,43,39,60,730.00,"43,800.00"
2019-02-11,2019021101004232,NADEP,19,44,10,774.00,"7,740.00"
2019-02-11,2019021101004445,NBB,42,40,10,184.00,"1,840.00"
2019-02-11,2019021101004348,NBB,37,40,100,184.00,"18,400.00"
2019-02-11,2019021101004310,NBB,28,40,110,184.00,"20,240.00"
2019-02-11,2019021101004260,NBB,37,40,100,184.00,"18,400.00"
2019-02-11,2019021101004199,NBB,17,40,"1,000",184.00,"184,000.00"
2019-02-11,2019021101004198,NBB,32,40,50,184.00,"9,200.00"
2019-02-11,2019021101004050,NBB,7,32,25,184.00,"4,600.00"
2019-02-11,2019021101004422,NBL,46,36,38,286.00,"10,868.00"
2019-02-11,2019021101004355,NBL,47,36,200,286.00,"57,200.00"
2019-02-11,2019021101004228,NBL,17,37,300,285.00,"85,500.00"
2019-02-11,2019021101004078,NBL,33,36,150,286.00,"42,900.00"
2019-02-11,2019021101004460,NCCB,4,38,325,210.00,"68,250.00"
2019-02-11,2019021101004459,NCCB,4,37,750,210.00,"157,500.00"
2019-02-11,2019021101004458,NCCB,4,38,"1,000",210.00,"210,000.00"
2019-02-11,2019021101004457,NCCB,4,38,"2,000",210.00,"420,000.00"
2019-02-11,2019021101004456,NCCB,4,25,"1,600",210.00,"336,000.00"
2019-02-11,2019021101004455,NCCB,4,37,"2,000",209.00,"418,000.00"
2019-02-11,2019021101004142,NCCB,1,5,260,208.00,"54,080.00"
2019-02-11,2019021101004141,NCCB,44,5,30,208.00,"6,240.00"
2019-02-11,2019021101004454,NCCB,4,59,400,209.00,"83,600.00"
2019-02-11,2019021101004453,NCCB,4,28,50,209.00,"10,450.00"
2019-02-11,2019021101004452,NCCB,4,13,520,209.00,"108,680.00"
2019-02-11,2019021101004451,NCCB,4,57,500,209.00,"104,500.00"
2019-02-11,2019021101004450,NCCB,4,56,855,209.00,"178,695.00"
2019-02-11,2019021101004265,NCCB,58,56,75,209.00,"15,675.00"
2019-02-11,2019021101004065,NHPC,42,28,50,63.00,"3,150.00"
2019-02-11,2019021101004307,NIB,43,38,85,517.00,"43,945.00"
2019-02-11,2019021101004306,NIB,45,38,15,517.00,"7,755.00"
2019-02-11,2019021101004266,NIB,28,37,20,518.00,"10,360.00"
2019-02-11,2019021101004162,NIB,35,37,260,518.00,"134,680.00"
2019-02-11,2019021101004161,NIB,35,28,50,518.00,"25,900.00"
2019-02-11,2019021101004160,NIB,35,57,37,518.00,"19,166.00"
2019-02-11,2019021101004159,NIB,35,45,853,518.00,"441,854.00"
2019-02-11,2019021101004337,NICA,40,40,10,387.00,"3,870.00"
2019-02-11,2019021101004030,NICA,37,40,43,387.00,"16,641.00"
2019-02-11,2019021101004029,NICA,37,48,957,387.00,"370,359.00"
2019-02-11,2019021101004475,NICL,25,20,100,375.00,"37,500.00"
2019-02-11,2019021101004461,NICL,59,37,40,376.00,"15,040.00"
2019-02-11,2019021101004240,NICL,44,1,200,375.00,"75,000.00"
2019-02-11,2019021101004437,NIL,36,41,65,516.00,"33,540.00"
2019-02-11,2019021101004339,NIL,42,43,50,516.00,"25,800.00"
2019-02-11,2019021101004418,NLBBL,17,59,20,460.00,"9,200.00"
2019-02-11,2019021101004417,NLBBL,33,59,73,460.00,"33,580.00"
2019-02-11,2019021101004416,NLBBL,19,59,100,461.00,"46,100.00"
2019-02-11,2019021101004415,NLBBL,21,59,30,462.00,"13,860.00"
2019-02-11,2019021101004156,NLG,13,56,50,822.00,"41,100.00"
2019-02-11,2019021101004155,NLG,53,56,75,823.00,"61,725.00"
2019-02-11,2019021101004136,NLG,53,54,25,823.00,"20,575.00"
2019-02-11,2019021101004478,NLIC,38,4,100,"1,031.00","103,100.00"
2019-02-11,2019021101004446,NLIC,42,4,10,"1,031.00","10,310.00"
2019-02-11,2019021101004440,NLIC,19,1,17,"1,028.00","17,476.00"
2019-02-11,2019021101004369,NLIC,19,1,17,"1,028.00","17,476.00"
2019-02-11,2019021101004203,NLIC,45,1,17,"1,027.00","17,459.00"
2019-02-11,2019021101004200,NLIC,42,4,50,"1,032.00","51,600.00"
2019-02-11,2019021101004121,NLIC,45,1,17,"1,027.00","17,459.00"
2019-02-11,2019021101004088,NLIC,45,49,17,"1,027.00","17,459.00"
2019-02-11,2019021101004067,NLIC,45,19,22,"1,027.00","22,594.00"
2019-02-11,2019021101004066,NLIC,21,19,16,"1,028.00","16,448.00"
2019-02-11,2019021101004022,NLIC,45,1,17,"1,027.00","17,459.00"
2019-02-11,2019021101004021,NLIC,45,1,17,"1,027.00","17,459.00"
2019-02-11,2019021101004368,NLICL,42,28,10,646.00,"6,460.00"
2019-02-11,2019021101004362,NLICL,32,32,45,647.00,"29,115.00"
2019-02-11,2019021101004320,NLICL,49,32,50,647.00,"32,350.00"
2019-02-11,2019021101004195,NLICL,42,48,40,646.00,"25,840.00"
2019-02-11,2019021101004411,NMB,33,13,898,311.00,"279,278.00"
2019-02-11,2019021101004404,NMB,33,38,102,311.00,"31,722.00"
2019-02-11,2019021101004403,NMB,46,38,128,311.00,"39,808.00"
2019-02-11,2019021101004390,NMB,46,38,172,311.00,"53,492.00"
2019-02-11,2019021101004272,NMB,46,20,200,311.00,"62,200.00"
2019-02-11,2019021101004271,NMB,33,20,800,311.00,"248,800.00"
2019-02-11,2019021101004202,NMB,33,11,200,311.00,"62,200.00"
2019-02-11,2019021101004008,NMB,44,45,11,310.00,"3,410.00"
2019-02-11,2019021101004015,NSEWA,11,45,10,606.00,"6,060.00"
2019-02-11,2019021101004363,NTC,59,46,10,704.00,"7,040.00"
2019-02-11,2019021101004347,NTC,4,6,240,701.00,"168,240.00"
2019-02-11,2019021101004333,NTC,4,43,590,701.00,"413,590.00"
2019-02-11,2019021101004332,NTC,14,43,80,702.00,"56,160.00"
2019-02-11,2019021101004043,NTC,4,21,170,701.00,"119,170.00"
2019-02-11,2019021101004042,NTC,43,21,10,702.00,"7,020.00"
2019-02-11,2019021101004055,NTC,59,43,10,704.00,"7,040.00"
2019-02-11,2019021101004060,OHL,42,42,15,430.00,"6,450.00"
2019-02-11,2019021101004309,PCBL,51,13,111,317.00,"35,187.00"
2019-02-11,2019021101004308,PCBL,51,34,39,317.00,"12,363.00"
2019-02-11,2019021101004289,PCBL,53,41,17,316.00,"5,372.00"
2019-02-11,2019021101004407,PFL,45,33,25,130.00,"3,250.00"
2019-02-11,2019021101004049,PFL,45,33,25,130.00,"3,250.00"
2019-02-11,2019021101004046,PFL,45,32,100,130.00,"13,000.00"
2019-02-11,2019021101004482,PIC,38,1,11,"1,031.00","11,341.00"
2019-02-11,2019021101004238,PIC,42,38,11,"1,030.00","11,330.00"
2019-02-11,2019021101004206,PIC,42,1,11,"1,030.00","11,330.00"
2019-02-11,2019021101004164,PIC,55,51,34,"1,031.00","35,054.00"
2019-02-11,2019021101004140,PIC,44,51,50,"1,031.00","51,550.00"
2019-02-11,2019021101004139,PIC,32,51,43,"1,031.00","44,333.00"
2019-02-11,2019021101004041,PIC,45,45,1,"1,030.00","1,030.00"
2019-02-11,2019021101004223,PLIC,42,38,50,454.00,"22,700.00"
2019-02-11,2019021101004472,PMHPL,14,16,10,108.00,"1,080.00"
2019-02-11,2019021101004315,PMHPL,14,16,10,108.00,"1,080.00"
2019-02-11,2019021101004305,PMHPL,14,28,10,108.00,"1,080.00"
2019-02-11,2019021101004280,PMHPL,14,28,10,108.00,"1,080.00"
2019-02-11,2019021101004213,PMHPL,14,37,10,108.00,"1,080.00"
2019-02-11,2019021101004092,PMHPL,14,43,10,108.00,"1,080.00"
2019-02-11,2019021101004083,PMHPL,14,43,10,108.00,"1,080.00"
2019-02-11,2019021101004011,PMHPL,14,40,10,108.00,"1,080.00"
2019-02-11,2019021101003996,PMHPL,40,59,10,109.00,"1,090.00"
2019-02-11,2019021101004438,PRVU,25,28,54,237.00,"12,798.00"
2019-02-11,2019021101004388,PRVU,14,25,100,236.00,"23,600.00"
2019-02-11,2019021101004302,PRVU,14,59,69,236.00,"16,284.00"
2019-02-11,2019021101004301,PRVU,17,59,931,236.00,"219,716.00"
2019-02-11,2019021101004291,PRVU,17,41,19,236.00,"4,484.00"
2019-02-11,2019021101004277,PRVU,17,59,100,236.00,"23,600.00"
2019-02-11,2019021101004017,PRVU,38,28,65,237.00,"15,405.00"
2019-02-11,2019021101004276,PRVU,29,59,500,236.00,"118,000.00"
2019-02-11,2019021101004275,PRVU,16,59,"1,000",236.00,"236,000.00"
2019-02-11,2019021101004274,PRVU,48,59,400,236.00,"94,400.00"
2019-02-11,2019021101004100,PRVU,33,28,397,237.00,"94,089.00"
2019-02-11,2019021101004095,PURBL,58,59,500,150.00,"75,000.00"
2019-02-11,2019021101004434,RADHI,16,16,1,159.00,159.00
2019-02-11,2019021101004336,RADHI,45,21,11,161.00,"1,771.00"
2019-02-11,2019021101004218,RADHI,45,37,11,161.00,"1,771.00"
2019-02-11,2019021101004207,RADHI,45,21,11,161.00,"1,771.00"
2019-02-11,2019021101004053,RADHI,40,40,11,161.00,"1,771.00"
2019-02-11,2019021101004262,RHPC,21,21,1,95.00,95.00
2019-02-11,2019021101004208,RHPC,21,21,1,96.00,96.00
2019-02-11,2019021101004038,RHPC,21,21,1,96.00,96.00
2019-02-11,2019021101004471,RLFL,44,34,90,116.00,"10,440.00"
2019-02-11,2019021101004464,RLFL,44,34,466,116.00,"54,056.00"
2019-02-11,2019021101004463,RLFL,44,58,"1,775",116.00,"205,900.00"
2019-02-11,2019021101004462,RLFL,44,51,100,116.00,"11,600.00"
2019-02-11,2019021101004419,RRHP,58,33,10,99.00,990.00
2019-02-11,2019021101004324,RRHP,58,16,10,99.00,990.00
2019-02-11,2019021101004427,RSDC,34,41,10,382.00,"3,820.00"
2019-02-11,2019021101004391,RSDC,53,41,57,381.00,"21,717.00"
2019-02-11,2019021101004294,RSDC,26,41,100,382.00,"38,200.00"
2019-02-11,2019021101004081,RSDC,53,22,150,381.00,"57,150.00"
2019-02-11,2019021101004080,RSDC,39,22,50,382.00,"19,100.00"
2019-02-11,2019021101004031,RSDC,44,56,76,382.00,"29,032.00"
2019-02-11,2019021101003994,RSDC,44,22,12,382.00,"4,584.00"
2019-02-11,2019021101003986,RSDC,44,22,12,382.00,"4,584.00"
2019-02-11,2019021101004431,SADBL,50,43,300,138.00,"41,400.00"
2019-02-11,2019021101004430,SADBL,45,43,200,138.00,"27,600.00"
2019-02-11,2019021101004426,SANIMA,42,32,500,297.00,"148,500.00"
2019-02-11,2019021101004282,SANIMA,54,21,16,297.00,"4,752.00"
2019-02-11,2019021101004242,SANIMA,54,25,20,297.00,"5,940.00"
2019-02-11,2019021101004444,SBI,58,37,200,377.00,"75,400.00"
2019-02-11,2019021101004443,SBI,11,37,25,377.00,"9,425.00"
2019-02-11,2019021101004239,SBI,46,13,183,379.00,"69,357.00"
2019-02-11,2019021101004052,SBI,6,13,72,379.00,"27,288.00"
2019-02-11,2019021101004051,SBI,6,32,128,379.00,"48,512.00"
2019-02-11,2019021101004474,SBL,36,28,161,283.00,"45,563.00"
2019-02-11,2019021101004192,SCB,17,58,27,552.00,"14,904.00"
2019-02-11,2019021101004117,SCB,17,19,73,552.00,"40,296.00"
2019-02-11,2019021101004036,SCB,40,40,20,551.00,"11,020.00"
2019-02-11,2019021101004019,SCB,58,58,20,551.00,"11,020.00"
2019-02-11,2019021101004425,SDESI,16,16,1,596.00,596.00
2019-02-11,2019021101004401,SDESI,40,57,10,608.00,"6,080.00"
2019-02-11,2019021101004389,SDESI,16,16,1,596.00,596.00
2019-02-11,2019021101004386,SDESI,50,1,17,605.00,"10,285.00"
2019-02-11,2019021101004385,SDESI,33,1,10,605.00,"6,050.00"
2019-02-11,2019021101004370,SDESI,16,16,1,596.00,596.00
2019-02-11,2019021101003990,SDESI,33,22,11,613.00,"6,743.00"
2019-02-11,2019021101004318,SDESI,53,53,20,611.00,"12,220.00"
2019-02-11,2019021101004317,SDESI,19,53,10,612.00,"6,120.00"
2019-02-11,2019021101004099,SDESI,53,49,13,611.00,"7,943.00"
2019-02-11,2019021101004098,SDESI,45,49,10,611.00,"6,110.00"
2019-02-11,2019021101004061,SDESI,20,53,22,615.00,"13,530.00"
2019-02-11,2019021101003991,SDESI,33,22,11,613.00,"6,743.00"
2019-02-11,2019021101004330,SDESI,6,57,200,608.00,"121,600.00"
2019-02-11,2019021101004329,SDESI,21,57,100,610.00,"61,000.00"
2019-02-11,2019021101004328,SDESI,22,57,100,610.00,"61,000.00"
2019-02-11,2019021101004327,SDESI,33,57,23,611.00,"14,053.00"
2019-02-11,2019021101004326,SDESI,33,57,23,611.00,"14,053.00"
2019-02-11,2019021101004325,SDESI,53,57,44,611.00,"26,884.00"
2019-02-11,2019021101004247,SEF,34,34,"5,000",9.20,"46,000.00"
2019-02-11,2019021101004246,SEF,34,6,"5,000",9.20,"46,000.00"
2019-02-11,2019021101004353,SEOS,11,29,800,9.50,"7,600.00"
2019-02-11,2019021101004352,SEOS,38,29,"1,000",9.51,"9,510.00"
2019-02-11,2019021101004351,SEOS,46,29,200,9.60,"1,920.00"
2019-02-11,2019021101004429,SICL,36,53,40,870.00,"34,800.00"
2019-02-11,2019021101004212,SLBBL,42,57,50,509.00,"25,450.00"
2019-02-11,2019021101004465,SLBS,16,16,1,"1,000.00","1,000.00"
2019-02-11,2019021101004396,SLBS,16,16,1,"1,000.00","1,000.00"
2019-02-11,2019021101004231,SLBS,42,38,15,"1,015.00","15,225.00"
2019-02-11,2019021101004481,SLBSL,42,56,10,805.00,"8,050.00"
2019-02-11,2019021101004423,SLBSL,42,49,10,805.00,"8,050.00"
2019-02-11,2019021101004400,SLBSL,42,49,10,805.00,"8,050.00"
2019-02-11,2019021101004395,SLBSL,42,49,10,805.00,"8,050.00"
2019-02-11,2019021101004392,SLBSL,42,1,10,805.00,"8,050.00"
2019-02-11,2019021101004366,SLBSL,42,59,10,806.00,"8,060.00"
2019-02-11,2019021101004338,SLBSL,42,34,10,806.00,"8,060.00"
2019-02-11,2019021101004108,SLBSL,42,51,10,806.00,"8,060.00"
2019-02-11,2019021101004023,SLBSL,42,45,10,806.00,"8,060.00"
2019-02-11,2019021101004288,SLICL,32,4,500,520.00,"260,000.00"
2019-02-11,2019021101004287,SLICL,13,4,100,520.00,"52,000.00"
2019-02-11,2019021101004286,SLICL,26,4,100,521.00,"52,100.00"
2019-02-11,2019021101004285,SLICL,1,4,30,521.00,"15,630.00"
2019-02-11,2019021101004284,SLICL,56,4,164,522.00,"85,608.00"
2019-02-11,2019021101004224,SMB,42,37,10,678.00,"6,780.00"
2019-02-11,2019021101004183,SMB,58,46,50,677.00,"33,850.00"
2019-02-11,2019021101004399,SPDL,45,1,15,90.00,"1,350.00"
2019-02-11,2019021101004211,SPDL,45,1,15,90.00,"1,350.00"
2019-02-11,2019021101004025,SRBL,28,28,"1,000",207.00,"207,000.00"
2019-02-11,2019021101004000,SRBL,40,28,44,206.00,"9,064.00"
2019-02-11,2019021101003999,SRBL,46,28,200,206.00,"41,200.00"
2019-02-11,2019021101004258,SWBBL,41,52,60,830.00,"49,800.00"
2019-02-11,2019021101004321,UIC,47,59,20,780.00,"15,600.00"
2019-02-11,2019021101004028,UIC,47,59,210,780.00,"163,800.00"
2019-02-11,2019021101004468,UPPER,49,49,40,231.00,"9,240.00"
2019-02-11,2019021101004467,UPPER,49,49,50,231.00,"11,550.00"
2019-02-11,2019021101004466,UPPER,49,49,40,231.00,"9,240.00"
2019-02-11,2019021101004442,UPPER,56,1,50,230.00,"11,500.00"
2019-02-11,2019021101004433,UPPER,34,34,50,231.00,"11,550.00"
2019-02-11,2019021101003987,UPPER,58,7,40,231.00,"9,240.00"
2019-02-11,2019021101003984,UPPER,49,44,50,230.00,"11,500.00"
2019-02-11,2019021101004014,UPPER,49,1,50,230.00,"11,500.00"
2019-02-11,2019021101004013,UPPER,49,44,30,230.00,"6,900.00"
2019-02-11,2019021101004012,UPPER,58,44,20,231.00,"4,620.00"
2019-02-11,2019021101003992,UPPER,58,45,50,231.00,"11,550.00"
2019-02-11,2019021101003989,UPPER,58,44,50,231.00,"11,550.00"
2019-02-11,2019021101003988,UPPER,58,39,40,231.00,"9,240.00"
2019-02-11,2019021101004035,UPPER,46,44,50,230.00,"11,500.00"
2019-02-11,2019021101004026,UPPER,14,14,3,232.00,696.00
2019-02-11,2019021101004018,UPPER,49,44,50,230.00,"11,500.00"
2019-02-11,2019021101004058,UPPER,29,29,50,231.00,"11,550.00"
2019-02-11,2019021101004048,UPPER,59,39,50,231.00,"11,550.00"
2019-02-11,2019021101004037,UPPER,46,44,40,230.00,"9,200.00"
2019-02-11,2019021101004073,UPPER,57,4,10,231.00,"2,310.00"
2019-02-11,2019021101004072,UPPER,29,4,40,231.00,"9,240.00"
2019-02-11,2019021101004070,UPPER,29,29,40,231.00,"9,240.00"
2019-02-11,2019021101004069,UPPER,26,34,50,232.00,"11,600.00"
2019-02-11,2019021101004064,UPPER,29,29,50,231.00,"11,550.00"
2019-02-11,2019021101004059,UPPER,29,44,10,231.00,"2,310.00"
2019-02-11,2019021101004094,UPPER,28,50,40,230.00,"9,200.00"
2019-02-11,2019021101004093,UPPER,46,50,10,230.00,"2,300.00"
2019-02-11,2019021101004082,UPPER,57,45,40,231.00,"9,240.00"
2019-02-11,2019021101004144,UPPER,28,4,40,230.00,"9,200.00"
2019-02-11,2019021101004143,UPPER,28,1,40,230.00,"9,200.00"
2019-02-11,2019021101004138,UPPER,45,34,40,231.00,"9,240.00"
2019-02-11,2019021101004137,UPPER,45,45,10,231.00,"2,310.00"
2019-02-11,2019021101004128,UPPER,28,4,50,230.00,"11,500.00"
2019-02-11,2019021101004114,UPPER,28,49,40,230.00,"9,200.00"
2019-02-11,2019021101004165,UPPER,49,34,32,231.00,"7,392.00"
2019-02-11,2019021101004163,UPPER,28,1,50,230.00,"11,500.00"
2019-02-11,2019021101004157,UPPER,28,39,50,230.00,"11,500.00"
2019-02-11,2019021101004152,UPPER,28,39,40,230.00,"9,200.00"
2019-02-11,2019021101004150,UPPER,28,39,50,230.00,"11,500.00"
2019-02-11,2019021101004147,UPPER,28,1,40,230.00,"9,200.00"
2019-02-11,2019021101004171,UPPER,28,4,50,230.00,"11,500.00"
2019-02-11,2019021101004170,UPPER,49,49,28,231.00,"6,468.00"
2019-02-11,2019021101004169,UPPER,49,49,50,231.00,"11,550.00"
2019-02-11,2019021101004168,UPPER,49,7,40,231.00,"9,240.00"
2019-02-11,2019021101004167,UPPER,49,7,50,231.00,"11,550.00"
2019-02-11,2019021101004166,UPPER,49,49,50,231.00,"11,550.00"
2019-02-11,2019021101004182,UPPER,7,49,50,231.00,"11,550.00"
2019-02-11,2019021101004181,UPPER,7,49,50,231.00,"11,550.00"
2019-02-11,2019021101004178,UPPER,28,49,22,230.00,"5,060.00"
2019-02-11,2019021101004177,UPPER,28,39,50,230.00,"11,500.00"
2019-02-11,2019021101004175,UPPER,28,39,50,230.00,"11,500.00"
2019-02-11,2019021101004215,UPPER,7,1,50,231.00,"11,550.00"
2019-02-11,2019021101004209,UPPER,7,39,40,231.00,"9,240.00"
2019-02-11,2019021101004201,UPPER,7,39,40,231.00,"9,240.00"
2019-02-11,2019021101004194,UPPER,7,39,50,231.00,"11,550.00"
2019-02-11,2019021101004237,UPPER,28,39,40,230.00,"9,200.00"
2019-02-11,2019021101004235,UPPER,28,38,50,230.00,"11,500.00"
2019-02-11,2019021101004234,UPPER,28,39,40,230.00,"9,200.00"
2019-02-11,2019021101004233,UPPER,28,4,50,230.00,"11,500.00"
2019-02-11,2019021101004216,UPPER,7,39,50,231.00,"11,550.00"
2019-02-11,2019021101004279,UPPER,28,39,40,230.00,"9,200.00"
2019-02-11,2019021101004269,UPPER,28,39,50,230.00,"11,500.00"
2019-02-11,2019021101004259,UPPER,28,4,40,230.00,"9,200.00"
2019-02-11,2019021101004248,UPPER,28,39,50,230.00,"11,500.00"
2019-02-11,2019021101004243,UPPER,34,34,50,231.00,"11,550.00"
2019-02-11,2019021101004322,UPPER,56,28,50,230.00,"11,500.00"
2019-02-11,2019021101004313,UPPER,56,28,40,230.00,"9,200.00"
2019-02-11,2019021101004311,UPPER,56,4,40,230.00,"9,200.00"
2019-02-11,2019021101004293,UPPER,56,39,50,230.00,"11,500.00"
2019-02-11,2019021101004290,UPPER,56,8,50,230.00,"11,500.00"
2019-02-11,2019021101004283,UPPER,28,28,37,230.00,"8,510.00"
2019-02-11,2019021101004372,UPPER,49,39,50,231.00,"11,550.00"
2019-02-11,2019021101004371,UPPER,49,7,40,231.00,"9,240.00"
2019-02-11,2019021101004365,UPPER,56,38,50,230.00,"11,500.00"
2019-02-11,2019021101004340,UPPER,56,28,40,230.00,"9,200.00"
2019-02-11,2019021101004335,UPPER,56,28,50,230.00,"11,500.00"
2019-02-11,2019021101004334,UPPER,56,38,50,230.00,"11,500.00"
2019-02-11,2019021101004378,UPPER,49,49,40,231.00,"9,240.00"
2019-02-11,2019021101004377,UPPER,49,49,50,231.00,"11,550.00"
2019-02-11,2019021101004376,UPPER,49,49,40,231.00,"9,240.00"
2019-02-11,2019021101004375,UPPER,49,49,50,231.00,"11,550.00"
2019-02-11,2019021101004374,UPPER,49,49,50,231.00,"11,550.00"
2019-02-11,2019021101004373,UPPER,49,19,40,231.00,"9,240.00"
2019-02-11,2019021101004421,UPPER,16,44,40,231.00,"9,240.00"
2019-02-11,2019021101004420,UPPER,16,49,50,231.00,"11,550.00"
2019-02-11,2019021101004414,UPPER,56,49,40,230.00,"9,200.00"
2019-02-11,2019021101004402,UPPER,56,49,40,230.00,"9,200.00"
2019-02-11,2019021101004394,UPPER,56,49,40,230.00,"9,200.00"
2019-02-11,2019021101004379,UPPER,49,16,40,231.00,"9,240.00"
2019-02-11,2019021101004331,VLBS,58,42,180,705.00,"126,900.00"
2019-02-11,2019021101004303,VLBS,58,25,30,700.00,"21,000.00"
2019-02-11,2019021101004292,VLBS,58,37,100,700.00,"70,000.00"
2019-02-11,2019021101004091,VLBS,17,22,70,691.00,"48,370.00"
2019-02-11,2019021101004090,VLBS,32,22,20,692.00,"13,840.00"
2019-02-11,2019021101004089,VLBS,57,22,10,693.00,"6,930.00"
2019-02-11,2019021101003743,AHPC,38,50,150,100.00,"15,000.00"
2019-02-11,2019021101003982,AKJCL,25,42,20,82.00,"1,640.00"
2019-02-11,2019021101003981,AKJCL,25,39,10,82.00,820.00
2019-02-11,2019021101003980,AKJCL,25,39,20,82.00,"1,640.00"
2019-02-11,2019021101003877,AKJCL,40,39,20,82.00,"1,640.00"
2019-02-11,2019021101003596,AKJCL,40,40,20,83.00,"1,660.00"
2019-02-11,2019021101003907,AKPL,49,1,13,172.00,"2,236.00"
2019-02-11,2019021101003751,AKPL,49,1,13,172.00,"2,236.00"
2019-02-11,2019021101003582,AKPL,49,1,13,172.00,"2,236.00"
2019-02-11,2019021101003734,ALICL,52,25,41,584.00,"23,944.00"
2019-02-11,2019021101003709,ALICL,35,25,20,585.00,"11,700.00"
2019-02-11,2019021101003708,ALICL,16,25,200,587.00,"117,400.00"
2019-02-11,2019021101003707,ALICL,45,25,50,588.00,"29,400.00"
2019-02-11,2019021101003706,ALICL,44,25,50,588.00,"29,400.00"
2019-02-11,2019021101003977,API,21,21,18,134.00,"2,412.00"
2019-02-11,2019021101003963,API,21,21,18,134.00,"2,412.00"
2019-02-11,2019021101003939,API,21,21,18,134.00,"2,412.00"
2019-02-11,2019021101003826,API,33,42,10,133.00,"1,330.00"
2019-02-11,2019021101003952,BARUN,25,10,200,98.00,"19,600.00"
2019-02-11,2019021101003951,BARUN,25,10,200,98.00,"19,600.00"
2019-02-11,2019021101003844,BOKL,16,59,50,239.00,"11,950.00"
2019-02-11,2019021101003800,BOKL,16,16,778,238.00,"185,164.00"
2019-02-11,2019021101003799,BOKL,4,16,50,238.00,"11,900.00"
2019-02-11,2019021101003503,BOKL,7,42,31,240.00,"7,440.00"
2019-02-11,2019021101003499,BOKL,7,6,169,239.00,"40,391.00"
2019-02-11,2019021101003498,BOKL,7,25,100,238.00,"23,800.00"
2019-02-11,2019021101003821,BPCL,7,39,10,345.00,"3,450.00"
2019-02-11,2019021101003746,BPCL,38,39,10,345.00,"3,450.00"
2019-02-11,2019021101003702,BPCL,38,39,10,345.00,"3,450.00"
2019-02-11,2019021101003535,BPCL,40,8,20,347.00,"6,940.00"
2019-02-11,2019021101003971,CBBL,38,16,50,881.00,"44,050.00"
2019-02-11,2019021101003658,CBL,38,54,719,154.00,"110,726.00"
2019-02-11,2019021101003626,CBL,39,59,50,153.00,"7,650.00"
2019-02-11,2019021101003554,CBL,39,48,63,153.00,"9,639.00"
2019-02-11,2019021101003553,CBL,45,48,37,153.00,"5,661.00"
2019-02-11,2019021101003923,CCBL,5,42,229,163.00,"37,327.00"
2019-02-11,2019021101003817,CCBL,5,42,41,163.00,"6,683.00"
2019-02-11,2019021101003631,CCBL,5,59,50,163.00,"8,150.00"
2019-02-11,2019021101003814,CFCL,33,17,"1,709",111.00,"189,699.00"
2019-02-11,2019021101003813,CFCL,33,22,45,111.00,"4,995.00"
2019-02-11,2019021101003816,CHCL,16,16,61,507.00,"30,927.00"
2019-02-11,2019021101003786,CHCL,42,10,20,507.00,"10,140.00"
2019-02-11,2019021101003785,CHCL,4,10,306,507.00,"155,142.00"
2019-02-11,2019021101003609,CHL,40,40,10,100.00,"1,000.00"
2019-02-11,2019021101003825,CORBL,41,33,30,94.00,"2,820.00"
2019-02-11,2019021101003970,CZBIL,36,14,441,206.00,"90,846.00"
2019-02-11,2019021101003928,CZBIL,32,32,5,205.00,"1,025.00"
2019-02-11,2019021101003865,CZBIL,7,26,109,205.00,"22,345.00"
2019-02-11,2019021101003640,CZBIL,7,32,64,205.00,"13,120.00"
2019-02-11,2019021101003632,CZBIL,7,32,125,205.00,"25,625.00"
2019-02-11,2019021101003955,DBBL,14,58,200,123.00,"24,600.00"
2019-02-11,2019021101003918,DBBL,37,58,500,123.00,"61,500.00"
2019-02-11,2019021101003721,DBBL,7,58,200,123.00,"24,600.00"
2019-02-11,2019021101003630,DBBL,7,58,600,123.00,"73,800.00"
2019-02-11,2019021101003618,DBBL,25,58,200,123.00,"24,600.00"
2019-02-11,2019021101003617,DBBL,29,58,200,123.00,"24,600.00"
2019-02-11,2019021101003494,DBBL,45,58,100,125.00,"12,500.00"
2019-02-11,2019021101003947,EBL,51,35,30,515.00,"15,450.00"
2019-02-11,2019021101003647,EBL,33,28,34,514.00,"17,476.00"
2019-02-11,2019021101003646,EBL,50,28,10,514.00,"5,140.00"
2019-02-11,2019021101003547,EBL,6,25,100,515.00,"51,500.00"
2019-02-11,2019021101003546,EBL,39,25,50,515.00,"25,750.00"
2019-02-11,2019021101003545,EBL,39,25,35,515.00,"18,025.00"
2019-02-11,2019021101003645,EBL,6,28,30,514.00,"15,420.00"
2019-02-11,2019021101003644,EBL,36,28,20,514.00,"10,280.00"
2019-02-11,2019021101003622,EBL,42,25,100,516.00,"51,600.00"
2019-02-11,2019021101003550,EBL,11,25,100,515.00,"51,500.00"
2019-02-11,2019021101003549,EBL,17,25,50,515.00,"25,750.00"
2019-02-11,2019021101003548,EBL,28,25,200,515.00,"103,000.00"
2019-02-11,2019021101003505,EIC,33,22,23,800.00,"18,400.00"
2019-02-11,2019021101003870,GBIME,53,26,24,261.00,"6,264.00"
2019-02-11,2019021101003739,GBIME,38,33,75,262.00,"19,650.00"
2019-02-11,2019021101003495,GBIME,51,33,10,262.00,"2,620.00"
2019-02-11,2019021101003491,GBIME,46,33,50,262.00,"13,100.00"
2019-02-11,2019021101003490,GBIME,51,33,10,262.00,"2,620.00"
2019-02-11,2019021101003915,GBLBS,5,1,10,436.00,"4,360.00"
2019-02-11,2019021101003755,GBLBS,5,1,10,436.00,"4,360.00"
2019-02-11,2019021101003701,GBLBS,40,1,10,437.00,"4,370.00"
2019-02-11,2019021101003639,GBLBS,40,40,10,438.00,"4,380.00"
2019-02-11,2019021101003921,GDBL,32,32,27,181.00,"4,887.00"
2019-02-11,2019021101003805,GDBL,28,28,"1,049",181.00,"189,869.00"
2019-02-11,2019021101003671,GDBL,57,58,910,181.00,"164,710.00"
2019-02-11,2019021101003905,GRDBL,52,33,100,105.00,"10,500.00"
2019-02-11,2019021101003492,GUFL,40,11,140,105.00,"14,700.00"
2019-02-11,2019021101003663,HBL,13,33,90,427.00,"38,430.00"
2019-02-11,2019021101003634,HBL,13,59,50,427.00,"21,350.00"
2019-02-11,2019021101003628,HIDCL,44,17,56,136.00,"7,616.00"
2019-02-11,2019021101003607,HIDCL,44,41,32,136.00,"4,352.00"
2019-02-11,2019021101003606,HIDCL,29,41,24,136.00,"3,264.00"
2019-02-11,2019021101003959,HPPL,43,1,10,172.00,"1,720.00"
2019-02-11,2019021101003896,HPPL,43,40,10,172.00,"1,720.00"
2019-02-11,2019021101003895,HPPL,43,1,10,172.00,"1,720.00"
2019-02-11,2019021101003889,HPPL,40,1,10,173.00,"1,730.00"
2019-02-11,2019021101003682,HPPL,40,40,10,176.00,"1,760.00"
2019-02-11,2019021101003665,HPPL,17,38,37,178.00,"6,586.00"
2019-02-11,2019021101003664,HPPL,17,41,10,177.00,"1,770.00"
2019-02-11,2019021101003571,HPPL,17,19,10,175.00,"1,750.00"
2019-02-11,2019021101003570,HPPL,17,55,10,173.00,"1,730.00"
2019-02-11,2019021101003569,HPPL,17,57,10,173.00,"1,730.00"
2019-02-11,2019021101003486,HPPL,43,1,10,172.00,"1,720.00"
2019-02-11,2019021101003916,JBBL,32,32,1,135.00,135.00
2019-02-11,2019021101003831,JBBL,7,39,400,136.00,"54,400.00"
2019-02-11,2019021101003830,JBBL,25,39,127,136.00,"17,272.00"
2019-02-11,2019021101003819,JBBL,22,39,50,137.00,"6,850.00"
2019-02-11,2019021101003818,JBBL,42,39,127,137.00,"17,399.00"
2019-02-11,2019021101003662,JBBL,42,51,15,137.00,"2,055.00"
2019-02-11,2019021101003587,JBBL,35,51,15,138.00,"2,070.00"
2019-02-11,2019021101003909,JBNL,32,32,41,167.00,"6,847.00"
2019-02-11,2019021101003908,JBNL,38,32,20,167.00,"3,340.00"
2019-02-11,2019021101003750,JBNL,38,46,10,167.00,"1,670.00"
2019-02-11,2019021101003749,JBNL,38,46,10,167.00,"1,670.00"
2019-02-11,2019021101003748,JBNL,38,43,40,167.00,"6,680.00"
2019-02-11,2019021101003747,JBNL,38,34,20,167.00,"3,340.00"
2019-02-11,2019021101003718,JBNL,57,13,208,166.00,"34,528.00"
2019-02-11,2019021101003717,JBNL,28,13,92,166.00,"15,272.00"
2019-02-11,2019021101003641,JBNL,28,59,50,166.00,"8,300.00"
2019-02-11,2019021101003578,JEFL,6,41,100,128.00,"12,800.00"
2019-02-11,2019021101003950,JSLBB,16,16,2,"2,490.00","4,980.00"
2019-02-11,2019021101003812,KADBL,59,26,20,163.00,"3,260.00"
2019-02-11,2019021101003668,KKHC,56,51,10,89.00,890.00
2019-02-11,2019021101003577,KKHC,56,51,10,89.00,890.00
2019-02-11,2019021101003544,KKHC,56,16,10,89.00,890.00
2019-02-11,2019021101003507,KNBL,40,36,120,119.00,"14,280.00"
2019-02-11,2019021101003738,KPCL,19,40,10,94.00,940.00
2019-02-11,2019021101003732,KPCL,40,16,10,95.00,950.00
2019-02-11,2019021101003753,KPCL,19,39,10,94.00,940.00
2019-02-11,2019021101003780,KPCL,19,39,10,94.00,940.00
2019-02-11,2019021101003829,KPCL,55,39,10,95.00,950.00
2019-02-11,2019021101003906,KPCL,40,6,10,96.00,960.00
2019-02-11,2019021101003901,KPCL,55,40,10,95.00,950.00
2019-02-11,2019021101003934,KPCL,49,43,200,96.00,"19,200.00"
2019-02-11,2019021101003904,KRBL,32,28,43,97.00,"4,171.00"
2019-02-11,2019021101003903,KRBL,59,32,43,96.00,"4,128.00"
2019-02-11,2019021101003765,LBBL,33,32,"1,000",174.00,"174,000.00"
2019-02-11,2019021101003764,LBBL,33,1,797,174.00,"138,678.00"
2019-02-11,2019021101003598,LBBL,46,1,130,173.00,"22,490.00"
2019-02-11,2019021101003515,LBBL,46,34,200,173.00,"34,600.00"
2019-02-11,2019021101003719,LBL,36,17,400,193.00,"77,200.00"
2019-02-11,2019021101003633,LBL,16,17,500,193.00,"96,500.00"
2019-02-11,2019021101003611,LGIL,10,22,50,515.00,"25,750.00"
2019-02-11,2019021101003900,MEGA,32,32,44,164.00,"7,216.00"
2019-02-11,2019021101003899,MEGA,44,32,44,163.00,"7,172.00"
2019-02-11,2019021101003752,MEGA,38,32,100,164.00,"16,400.00"
2019-02-11,2019021101003643,MEGA,44,59,50,163.00,"8,150.00"
2019-02-11,2019021101003588,MMFDB,17,1,90,"1,020.00","91,800.00"
2019-02-11,2019021101003893,MNBBL,28,28,850,341.00,"289,850.00"
2019-02-11,2019021101003834,MSLB,16,1,15,"1,385.00","20,775.00"
2019-02-11,2019021101003684,MSLB,16,47,75,"1,395.00","104,625.00"
2019-02-11,2019021101003589,MSLB,55,1,15,"1,385.00","20,775.00"
2019-02-11,2019021101003657,MSMBS,11,29,20,535.00,"10,700.00"
2019-02-11,2019021101003924,NABIL,22,8,50,829.00,"41,450.00"
2019-02-11,2019021101003911,NABIL,22,8,50,829.00,"41,450.00"
2019-02-11,2019021101003615,NABIL,42,8,100,829.00,"82,900.00"
2019-02-11,2019021101003488,NABIL,33,8,61,828.00,"50,508.00"
2019-02-11,2019021101003898,NABILP,43,39,240,731.00,"175,440.00"
2019-02-11,2019021101003697,NABILP,35,32,200,730.00,"146,000.00"
2019-02-11,2019021101003954,NADEP,41,40,10,760.00,"7,600.00"
2019-02-11,2019021101003917,NADEP,40,1,10,765.00,"7,650.00"
2019-02-11,2019021101003888,NADEP,19,35,10,770.00,"7,700.00"
2019-02-11,2019021101003501,NADEP,41,16,10,760.00,"7,600.00"
2019-02-11,2019021101003612,NADEP,41,1,10,760.00,"7,600.00"
2019-02-11,2019021101003872,NBB,7,26,63,184.00,"11,592.00"
2019-02-11,2019021101003649,NBB,7,59,50,184.00,"9,200.00"
2019-02-11,2019021101003648,NBB,49,57,500,185.00,"92,500.00"
2019-02-11,2019021101003635,NBB,7,59,40,184.00,"7,360.00"
2019-02-11,2019021101003541,NBBL,8,18,71,715.00,"50,765.00"
2019-02-11,2019021101003540,NBBL,8,51,111,714.00,"79,254.00"
2019-02-11,2019021101003876,NBL,33,22,350,286.00,"100,100.00"
2019-02-11,2019021101003673,NBL,52,22,50,286.00,"14,300.00"
2019-02-11,2019021101003600,NBL,17,21,"2,500",285.00,"712,500.00"
2019-02-11,2019021101003502,NBL,5,22,100,286.00,"28,600.00"
2019-02-11,2019021101003956,NCCB,32,56,50,209.00,"10,450.00"
2019-02-11,2019021101003914,NCCB,47,56,120,209.00,"25,080.00"
2019-02-11,2019021101003722,NCDB,43,50,122,113.00,"13,786.00"
2019-02-11,2019021101003711,NCDB,43,50,358,113.00,"40,454.00"
2019-02-11,2019021101003846,NGPL,52,52,142,127.00,"18,034.00"
2019-02-11,2019021101003758,NGPL,38,35,100,126.00,"12,600.00"
2019-02-11,2019021101003677,NGPL,1,51,11,125.00,"1,375.00"
2019-02-11,2019021101003828,NHDL,40,33,10,126.00,"1,260.00"
2019-02-11,2019021101003733,NIB,51,45,20,518.00,"10,360.00"
2019-02-11,2019021101003655,NIB,45,13,"1,000",517.00,"517,000.00"
2019-02-11,2019021101003654,NIB,45,59,19,517.00,"9,823.00"
2019-02-11,2019021101003601,NIB,17,45,17,518.00,"8,806.00"
2019-02-11,2019021101003517,NIB,45,51,37,517.00,"19,129.00"
2019-02-11,2019021101003961,NIBPO,39,43,200,478.00,"95,600.00"
2019-02-11,2019021101003933,NIBPO,19,22,100,479.00,"47,900.00"
2019-02-11,2019021101003944,NICA,38,48,30,387.00,"11,610.00"
2019-02-11,2019021101003937,NICA,38,48,13,387.00,"5,031.00"
2019-02-11,2019021101003936,NICA,38,51,22,387.00,"8,514.00"
2019-02-11,2019021101003930,NICA,38,51,30,387.00,"11,610.00"
2019-02-11,2019021101003925,NICA,38,51,35,387.00,"13,545.00"
2019-02-11,2019021101003922,NICA,33,33,500,386.00,"193,000.00"
2019-02-11,2019021101003590,NICA,35,28,50,386.00,"19,300.00"
2019-02-11,2019021101003787,NICA,38,51,35,387.00,"13,545.00"
2019-02-11,2019021101003735,NICA,45,38,260,385.00,"100,100.00"
2019-02-11,2019021101003731,NICA,45,21,87,385.00,"33,495.00"
2019-02-11,2019021101003593,NICA,45,28,712,385.00,"274,120.00"
2019-02-11,2019021101003592,NICA,17,28,15,385.00,"5,775.00"
2019-02-11,2019021101003591,NICA,43,28,223,385.00,"85,855.00"
2019-02-11,2019021101003842,NICA,38,51,50,387.00,"19,350.00"
2019-02-11,2019021101003833,NICA,38,51,55,387.00,"21,285.00"
2019-02-11,2019021101003827,NICA,38,51,47,387.00,"18,189.00"
2019-02-11,2019021101003803,NICA,38,51,40,387.00,"15,480.00"
2019-02-11,2019021101003796,NICA,38,51,55,387.00,"21,285.00"
2019-02-11,2019021101003790,NICA,38,51,25,387.00,"9,675.00"
2019-02-11,2019021101003897,NICA,38,51,30,387.00,"11,610.00"
2019-02-11,2019021101003887,NICA,38,51,42,387.00,"16,254.00"
2019-02-11,2019021101003875,NICA,38,51,45,387.00,"17,415.00"
2019-02-11,2019021101003869,NICA,38,51,45,387.00,"17,415.00"
2019-02-11,2019021101003864,NICA,38,51,55,387.00,"21,285.00"
2019-02-11,2019021101003847,NICA,38,51,40,387.00,"15,480.00"
2019-02-11,2019021101003960,NICL,29,16,20,375.00,"7,500.00"
2019-02-11,2019021101003595,NICL,46,26,25,374.00,"9,350.00"
2019-02-11,2019021101003594,NICL,6,26,25,374.00,"9,350.00"
2019-02-11,2019021101003565,NICL,29,1,250,375.00,"93,750.00"
2019-02-11,2019021101003564,NICL,51,1,50,375.00,"18,750.00"
2019-02-11,2019021101003863,NLIC,45,1,17,"1,027.00","17,459.00"
2019-02-11,2019021101003862,NLIC,45,1,17,"1,027.00","17,459.00"
2019-02-11,2019021101003861,NLIC,45,1,17,"1,027.00","17,459.00"
2019-02-11,2019021101003672,NLIC,21,1,17,"1,028.00","17,476.00"
2019-02-11,2019021101003653,NLIC,21,1,17,"1,028.00","17,476.00"
2019-02-11,2019021101003614,NLIC,45,1,17,"1,029.00","17,493.00"
2019-02-11,2019021101003537,NLIC,45,51,17,"1,029.00","17,493.00"
2019-02-11,2019021101003489,NLIC,45,1,17,"1,029.00","17,493.00"
2019-02-11,2019021101003894,NLICL,26,48,25,645.00,"16,125.00"
2019-02-11,2019021101003557,NLICL,7,35,10,642.00,"6,420.00"
2019-02-11,2019021101003556,NLICL,17,35,50,642.00,"32,100.00"
2019-02-11,2019021101003824,NMB,38,28,40,311.00,"12,440.00"
2019-02-11,2019021101003823,NMB,21,28,50,311.00,"15,550.00"
2019-02-11,2019021101003822,NMB,34,28,154,311.00,"47,894.00"
2019-02-11,2019021101003775,NMB,34,38,24,311.00,"7,464.00"
2019-02-11,2019021101003586,NMBHF1,40,11,"2,080",9.07,"18,865.60"
2019-02-11,2019021101003669,NSEWA,25,59,10,605.00,"6,050.00"
2019-02-11,2019021101003883,NUBL,54,22,102,740.00,"75,480.00"
2019-02-11,2019021101003882,NUBL,59,22,148,740.00,"109,520.00"
2019-02-11,2019021101003881,NUBL,32,22,100,741.00,"74,100.00"
2019-02-11,2019021101003880,NUBL,7,22,100,742.00,"74,200.00"
2019-02-11,2019021101003879,NUBL,40,22,50,743.00,"37,150.00"
2019-02-11,2019021101003868,NUBL,26,41,25,743.00,"18,575.00"
2019-02-11,2019021101003867,OHL,35,42,100,430.00,"43,000.00"
2019-02-11,2019021101003886,PCBL,53,11,500,316.00,"158,000.00"
2019-02-11,2019021101003724,PCBL,51,34,40,317.00,"12,680.00"
2019-02-11,2019021101003938,PFL,1,29,12,131.00,"1,572.00"
2019-02-11,2019021101003845,PFL,45,33,25,130.00,"3,250.00"
2019-02-11,2019021101003976,PIC,40,40,11,"1,032.00","11,352.00"
2019-02-11,2019021101003949,PIC,55,25,1,"1,015.00","1,015.00"
2019-02-11,2019021101003757,PIC,40,40,11,"1,033.00","11,363.00"
2019-02-11,2019021101003629,PIC,32,43,12,"1,031.00","12,372.00"
2019-02-11,2019021101003620,PIC,32,43,12,"1,031.00","12,372.00"
2019-02-11,2019021101003552,PIC,32,51,11,"1,031.00","11,341.00"
2019-02-11,2019021101003506,PIC,32,1,11,"1,031.00","11,341.00"
2019-02-11,2019021101003516,PLIC,35,38,100,450.00,"45,000.00"
2019-02-11,2019021101003849,PMHPL,14,59,10,108.00,"1,080.00"
2019-02-11,2019021101003781,PMHPL,40,40,10,108.00,"1,080.00"
2019-02-11,2019021101003698,PMHPL,10,51,10,107.00,"1,070.00"
2019-02-11,2019021101003568,PMHPL,10,51,10,107.00,"1,070.00"
2019-02-11,2019021101003892,PRVU,32,32,8,236.00,"1,888.00"
2019-02-11,2019021101003810,PRVU,38,28,85,237.00,"20,145.00"
2019-02-11,2019021101003802,PRVU,48,52,100,236.00,"23,600.00"
2019-02-11,2019021101003527,PRVU,42,28,100,237.00,"23,700.00"
2019-02-11,2019021101003526,PRVU,42,28,"1,367",237.00,"323,979.00"
2019-02-11,2019021101003532,PRVU,1,28,200,237.00,"47,400.00"
2019-02-11,2019021101003531,PRVU,29,28,500,237.00,"118,500.00"
2019-02-11,2019021101003530,PRVU,47,28,100,237.00,"23,700.00"
2019-02-11,2019021101003529,PRVU,55,28,200,237.00,"47,400.00"
2019-02-11,2019021101003528,PRVU,59,28,25,237.00,"5,925.00"
2019-02-11,2019021101003878,PURBL,32,32,15,150.00,"2,250.00"
2019-02-11,2019021101003513,PURBL,14,59,500,151.00,"75,500.00"
2019-02-11,2019021101003958,RADHI,38,33,11,160.00,"1,760.00"
2019-02-11,2019021101003762,RADHI,38,46,11,160.00,"1,760.00"
2019-02-11,2019021101003761,RADHI,17,26,11,157.00,"1,727.00"
2019-02-11,2019021101003808,RBCL,28,54,10,"9,250.00","92,500.00"
2019-02-11,2019021101003902,RHPC,25,57,211,96.00,"20,256.00"
2019-02-11,2019021101003583,RLFL,39,28,35,114.00,"3,990.00"
2019-02-11,2019021101003839,RRHP,58,33,10,99.00,990.00
2019-02-11,2019021101003791,RRHP,40,44,10,100.00,"1,000.00"
2019-02-11,2019021101003789,RRHP,58,40,10,99.00,990.00
2019-02-11,2019021101003763,RRHP,58,39,10,99.00,990.00
2019-02-11,2019021101003716,RRHP,58,39,10,99.00,990.00
2019-02-11,2019021101003560,RRHP,42,59,50,100.00,"5,000.00"
2019-02-11,2019021101003509,RRHP,58,16,10,99.00,990.00
2019-02-11,2019021101003957,RSDC,53,22,12,381.00,"4,572.00"
2019-02-11,2019021101003756,RSDC,11,56,100,382.00,"38,200.00"
2019-02-11,2019021101003940,SADBL,59,42,50,139.00,"6,950.00"
2019-02-11,2019021101003975,SANIMA,54,22,500,297.00,"148,500.00"
2019-02-11,2019021101003974,SANIMA,54,32,522,297.00,"155,034.00"
2019-02-11,2019021101003705,SANIMA,45,32,10,297.00,"2,970.00"
2019-02-11,2019021101003874,SBI,21,11,146,377.00,"55,042.00"
2019-02-11,2019021101003840,SBI,21,14,290,377.00,"109,330.00"
2019-02-11,2019021101003766,SBI,21,32,63,377.00,"23,751.00"
2019-02-11,2019021101003624,SBI,29,32,100,377.00,"37,700.00"
2019-02-11,2019021101003623,SBI,7,32,137,377.00,"51,649.00"
2019-02-11,2019021101003972,SCB,5,1,20,550.00,"11,000.00"
2019-02-11,2019021101003929,SCB,5,1,20,550.00,"11,000.00"
2019-02-11,2019021101003848,SCB,49,45,25,553.00,"13,825.00"
2019-02-11,2019021101003534,SCB,7,43,20,549.00,"10,980.00"
2019-02-11,2019021101003512,SCB,7,1,20,549.00,"10,980.00"
2019-02-11,2019021101003801,SCB,40,40,20,551.00,"11,020.00"
2019-02-11,2019021101003676,SCB,5,1,20,550.00,"11,000.00"
2019-02-11,2019021101003616,SCB,5,1,20,550.00,"11,000.00"
2019-02-11,2019021101003580,SCB,16,55,20,550.00,"11,000.00"
2019-02-11,2019021101003579,SCB,16,43,20,549.00,"10,980.00"
2019-02-11,2019021101003948,SDESI,25,22,11,612.00,"6,732.00"
2019-02-11,2019021101003788,SDESI,53,1,23,611.00,"14,053.00"
2019-02-11,2019021101003688,SDESI,33,1,23,611.00,"14,053.00"
2019-02-11,2019021101003576,SDESI,33,1,23,611.00,"14,053.00"
2019-02-11,2019021101003794,SHINE,51,34,10,244.00,"2,440.00"
2019-02-11,2019021101003962,SHL,40,56,200,207.00,"41,400.00"
2019-02-11,2019021101003522,SIC,54,54,500,"1,260.00","630,000.00"
2019-02-11,2019021101003521,SIC,1,54,50,"1,266.00","63,300.00"
2019-02-11,2019021101003520,SIC,42,54,30,"1,267.00","38,010.00"
2019-02-11,2019021101003519,SIC,38,54,100,"1,268.00","126,800.00"
2019-02-11,2019021101003518,SIC,16,54,100,"1,270.00","127,000.00"
2019-02-11,2019021101003945,SKBBL,56,28,10,846.00,"8,460.00"
2019-02-11,2019021101003891,SKBBL,22,28,159,846.00,"134,514.00"
2019-02-11,2019021101003890,SKBBL,22,48,21,845.00,"17,745.00"
2019-02-11,2019021101003776,SKBBL,33,28,11,846.00,"9,306.00"
2019-02-11,2019021101003745,SLBBL,26,51,100,506.00,"50,600.00"
2019-02-11,2019021101003744,SLBBL,35,51,100,507.00,"50,700.00"
2019-02-11,2019021101003670,SLBS,20,45,18,"1,010.00","18,180.00"
2019-02-11,2019021101003935,SLBSL,42,1,10,806.00,"8,060.00"
2019-02-11,2019021101003932,SLBSL,43,43,20,807.00,"16,140.00"
2019-02-11,2019021101003931,SLBSL,34,43,70,807.00,"56,490.00"
2019-02-11,2019021101003605,SLBSL,38,38,10,810.00,"8,100.00"
2019-02-11,2019021101003597,SLBSL,38,44,10,810.00,"8,100.00"
2019-02-11,2019021101003575,SLBSL,38,55,10,810.00,"8,100.00"
2019-02-11,2019021101003566,SLBSL,38,51,10,810.00,"8,100.00"
2019-02-11,2019021101003514,SLBSL,5,1,10,811.00,"8,110.00"
2019-02-11,2019021101003667,SLBSL,33,35,10,809.00,"8,090.00"
2019-02-11,2019021101003666,SLBSL,33,59,10,809.00,"8,090.00"
2019-02-11,2019021101003638,SLBSL,49,44,10,810.00,"8,100.00"
2019-02-11,2019021101003637,SLBSL,44,44,20,810.00,"16,200.00"
2019-02-11,2019021101003636,SLBSL,46,44,30,810.00,"24,300.00"
2019-02-11,2019021101003625,SLBSL,46,44,10,810.00,"8,100.00"
2019-02-11,2019021101003714,SLBSL,21,42,10,808.00,"8,080.00"
2019-02-11,2019021101003712,SLBSL,21,1,10,808.00,"8,080.00"
2019-02-11,2019021101003695,SLBSL,21,34,40,808.00,"32,320.00"
2019-02-11,2019021101003683,SLBSL,45,44,20,810.00,"16,200.00"
2019-02-11,2019021101003681,SLBSL,21,39,10,808.00,"8,080.00"
2019-02-11,2019021101003675,SLBSL,33,35,10,809.00,"8,090.00"
2019-02-11,2019021101003804,SLBSL,33,44,125,808.00,"101,000.00"
2019-02-11,2019021101003793,SLBSL,34,44,100,808.00,"80,800.00"
2019-02-11,2019021101003792,SLBSL,48,44,50,808.00,"40,400.00"
2019-02-11,2019021101003754,SLBSL,43,44,10,810.00,"8,100.00"
2019-02-11,2019021101003728,SLBSL,21,42,10,808.00,"8,080.00"
2019-02-11,2019021101003723,SLBSL,42,44,35,810.00,"28,350.00"
2019-02-11,2019021101003920,SLBSL,34,43,100,807.00,"80,700.00"
2019-02-11,2019021101003913,SLBSL,49,51,10,810.00,"8,100.00"
2019-02-11,2019021101003912,SLBSL,49,51,10,810.00,"8,100.00"
2019-02-11,2019021101003811,SLBSL,34,51,10,807.00,"8,070.00"
2019-02-11,2019021101003806,SLBSL,34,51,10,807.00,"8,070.00"
2019-02-11,2019021101003774,SLICL,56,16,36,522.00,"18,792.00"
2019-02-11,2019021101003770,SLICL,35,16,41,523.00,"21,443.00"
2019-02-11,2019021101003769,SLICL,44,16,30,523.00,"15,690.00"
2019-02-11,2019021101003768,SLICL,39,16,50,524.00,"26,200.00"
2019-02-11,2019021101003767,SLICL,58,16,90,525.00,"47,250.00"
2019-02-11,2019021101003584,SLICL,39,5,90,525.00,"47,250.00"
2019-02-11,2019021101003815,SPDL,40,40,10,91.00,910.00
2019-02-11,2019021101003525,SPDL,45,1,15,90.00,"1,350.00"
2019-02-11,2019021101003969,SRBL,29,28,20,207.00,"4,140.00"
2019-02-11,2019021101003968,SRBL,36,28,200,207.00,"41,400.00"
2019-02-11,2019021101003967,SRBL,5,28,100,207.00,"20,700.00"
2019-02-11,2019021101003966,SRBL,25,28,200,207.00,"41,400.00"
2019-02-11,2019021101003965,SRBL,14,28,65,207.00,"13,455.00"
2019-02-11,2019021101003873,SRBL,32,28,13,208.00,"2,704.00"
2019-02-11,2019021101003871,SRBL,14,32,13,207.00,"2,691.00"
2019-02-11,2019021101003782,SRBL,14,28,288,207.00,"59,616.00"
2019-02-11,2019021101003760,UIC,47,5,70,780.00,"54,600.00"
2019-02-11,2019021101003838,UMHL,40,40,10,114.00,"1,140.00"
2019-02-11,2019021101003979,UPPER,49,1,11,230.00,"2,530.00"
2019-02-11,2019021101003978,UPPER,1,1,29,230.00,"6,670.00"
2019-02-11,2019021101003973,UPPER,1,44,50,230.00,"11,500.00"
2019-02-11,2019021101003964,UPPER,1,44,40,230.00,"9,200.00"
2019-02-11,2019021101003953,UPPER,1,44,40,230.00,"9,200.00"
2019-02-11,2019021101003946,UPPER,1,44,50,230.00,"11,500.00"
2019-02-11,2019021101003483,UPPER,1,21,10,231.00,"2,310.00"
2019-02-11,2019021101003497,UPPER,57,38,50,231.00,"11,550.00"
2019-02-11,2019021101003496,UPPER,57,21,50,231.00,"11,550.00"
2019-02-11,2019021101003493,UPPER,57,39,50,231.00,"11,550.00"
2019-02-11,2019021101003487,UPPER,57,38,50,231.00,"11,550.00"
2019-02-11,2019021101003485,UPPER,57,38,20,231.00,"4,620.00"
2019-02-11,2019021101003484,UPPER,1,38,30,231.00,"6,930.00"
2019-02-11,2019021101003523,UPPER,57,39,50,231.00,"11,550.00"
2019-02-11,2019021101003511,UPPER,57,38,50,231.00,"11,550.00"
2019-02-11,2019021101003510,UPPER,57,21,50,231.00,"11,550.00"
2019-02-11,2019021101003508,UPPER,57,38,50,231.00,"11,550.00"
2019-02-11,2019021101003504,UPPER,57,39,50,231.00,"11,550.00"
2019-02-11,2019021101003500,UPPER,57,38,50,231.00,"11,550.00"
2019-02-11,2019021101003542,UPPER,57,39,50,231.00,"11,550.00"
2019-02-11,2019021101003539,UPPER,57,21,40,231.00,"9,240.00"
2019-02-11,2019021101003538,UPPER,57,38,50,231.00,"11,550.00"
2019-02-11,2019021101003536,UPPER,57,1,50,231.00,"11,550.00"
2019-02-11,2019021101003533,UPPER,57,38,50,231.00,"11,550.00"
2019-02-11,2019021101003524,UPPER,57,21,50,231.00,"11,550.00"
2019-02-11,2019021101003561,UPPER,1,38,12,231.00,"2,772.00"
2019-02-11,2019021101003559,UPPER,1,39,25,231.00,"5,775.00"
2019-02-11,2019021101003558,UPPER,57,39,25,231.00,"5,775.00"
2019-02-11,2019021101003555,UPPER,57,21,50,231.00,"11,550.00"
2019-02-11,2019021101003551,UPPER,57,38,50,231.00,"11,550.00"
2019-02-11,2019021101003543,UPPER,57,38,50,231.00,"11,550.00"
2019-02-11,2019021101003574,UPPER,50,39,40,231.00,"9,240.00"
2019-02-11,2019021101003573,UPPER,50,7,50,231.00,"11,550.00"
2019-02-11,2019021101003572,UPPER,50,38,50,231.00,"11,550.00"
2019-02-11,2019021101003567,UPPER,50,7,50,231.00,"11,550.00"
2019-02-11,2019021101003563,UPPER,50,1,40,231.00,"9,240.00"
2019-02-11,2019021101003562,UPPER,50,38,38,231.00,"8,778.00"
2019-02-11,2019021101003604,UPPER,50,38,2,231.00,462.00
2019-02-11,2019021101003603,UPPER,50,1,50,231.00,"11,550.00"
2019-02-11,2019021101003602,UPPER,50,4,50,231.00,"11,550.00"
2019-02-11,2019021101003599,UPPER,50,4,50,231.00,"11,550.00"
2019-02-11,2019021101003585,UPPER,50,1,40,231.00,"9,240.00"
2019-02-11,2019021101003581,UPPER,50,21,40,231.00,"9,240.00"
2019-02-11,2019021101003642,UPPER,7,21,40,231.00,"9,240.00"
2019-02-11,2019021101003627,UPPER,7,21,50,231.00,"11,550.00"
2019-02-11,2019021101003621,UPPER,7,1,50,231.00,"11,550.00"
2019-02-11,2019021101003619,UPPER,7,55,50,231.00,"11,550.00"
2019-02-11,2019021101003613,UPPER,7,14,50,231.00,"11,550.00"
2019-02-11,2019021101003608,UPPER,7,4,40,231.00,"9,240.00"
2019-02-11,2019021101003674,UPPER,7,45,50,231.00,"11,550.00"
2019-02-11,2019021101003661,UPPER,7,1,50,231.00,"11,550.00"
2019-02-11,2019021101003660,UPPER,48,14,50,232.00,"11,600.00"
2019-02-11,2019021101003659,UPPER,48,14,50,232.00,"11,600.00"
2019-02-11,2019021101003656,UPPER,7,7,50,231.00,"11,550.00"
2019-02-11,2019021101003650,UPPER,7,44,40,231.00,"9,240.00"
2019-02-11,2019021101003687,UPPER,59,4,50,230.00,"11,500.00"
2019-02-11,2019021101003686,UPPER,59,1,50,230.00,"11,500.00"
2019-02-11,2019021101003685,UPPER,59,38,50,230.00,"11,500.00"
2019-02-11,2019021101003680,UPPER,59,38,50,230.00,"11,500.00"
2019-02-11,2019021101003679,UPPER,59,44,40,230.00,"9,200.00"
2019-02-11,2019021101003678,UPPER,7,7,30,231.00,"6,930.00"
2019-02-11,2019021101003694,UPPER,7,45,40,231.00,"9,240.00"
2019-02-11,2019021101003693,UPPER,7,57,501,231.00,"115,731.00"
2019-02-11,2019021101003692,UPPER,7,45,50,231.00,"11,550.00"
2019-02-11,2019021101003691,UPPER,7,7,40,231.00,"9,240.00"
2019-02-11,2019021101003690,UPPER,7,7,20,231.00,"4,620.00"
2019-02-11,2019021101003689,UPPER,59,38,50,230.00,"11,500.00"
2019-02-11,2019021101003710,UPPER,7,17,40,231.00,"9,240.00"
2019-02-11,2019021101003704,UPPER,7,4,50,231.00,"11,550.00"
2019-02-11,2019021101003703,UPPER,7,45,40,231.00,"9,240.00"
2019-02-11,2019021101003700,UPPER,34,14,50,232.00,"11,600.00"
2019-02-11,2019021101003699,UPPER,34,14,50,232.00,"11,600.00"
2019-02-11,2019021101003696,UPPER,7,14,16,231.00,"3,696.00"
2019-02-11,2019021101003727,UPPER,17,7,17,231.00,"3,927.00"
2019-02-11,2019021101003726,UPPER,7,7,33,231.00,"7,623.00"
2019-02-11,2019021101003725,UPPER,7,14,50,231.00,"11,550.00"
2019-02-11,2019021101003720,UPPER,7,44,40,231.00,"9,240.00"
2019-02-11,2019021101003715,UPPER,7,1,40,231.00,"9,240.00"
2019-02-11,2019021101003713,UPPER,7,4,40,231.00,"9,240.00"
2019-02-11,2019021101003737,UPPER,43,14,33,231.00,"7,623.00"
2019-02-11,2019021101003736,UPPER,43,7,40,231.00,"9,240.00"
2019-02-11,2019021101003730,UPPER,43,14,27,231.00,"6,237.00"
2019-02-11,2019021101003729,UPPER,17,14,23,231.00,"5,313.00"
2019-02-11,2019021101003742,UPPER,45,21,16,230.00,"3,680.00"
2019-02-11,2019021101003741,UPPER,59,21,24,230.00,"5,520.00"
2019-02-11,2019021101003740,UPPER,59,26,50,230.00,"11,500.00"
2019-02-11,2019021101003779,UPPER,1,4,11,230.00,"2,530.00"
2019-02-11,2019021101003778,UPPER,16,4,39,230.00,"8,970.00"
2019-02-11,2019021101003773,UPPER,16,7,40,230.00,"9,200.00"
2019-02-11,2019021101003772,UPPER,16,7,21,230.00,"4,830.00"
2019-02-11,2019021101003771,UPPER,45,7,29,230.00,"6,670.00"
2019-02-11,2019021101003759,UPPER,45,26,50,230.00,"11,500.00"
2019-02-11,2019021101003809,UPPER,1,7,50,230.00,"11,500.00"
2019-02-11,2019021101003807,UPPER,1,58,40,230.00,"9,200.00"
2019-02-11,2019021101003797,UPPER,1,1,50,230.00,"11,500.00"
2019-02-11,2019021101003795,UPPER,1,58,50,230.00,"11,500.00"
2019-02-11,2019021101003783,UPPER,1,1,50,230.00,"11,500.00"
2019-02-11,2019021101003843,UPPER,1,58,40,230.00,"9,200.00"
2019-02-11,2019021101003841,UPPER,1,35,30,230.00,"6,900.00"
2019-02-11,2019021101003837,UPPER,1,4,40,230.00,"9,200.00"
2019-02-11,2019021101003832,UPPER,1,42,50,230.00,"11,500.00"
2019-02-11,2019021101003820,UPPER,1,7,50,230.00,"11,500.00"
2019-02-11,2019021101003855,UPPER,50,7,40,231.00,"9,240.00"
2019-02-11,2019021101003854,UPPER,50,7,50,231.00,"11,550.00"
2019-02-11,2019021101003853,UPPER,50,7,40,231.00,"9,240.00"
2019-02-11,2019021101003852,UPPER,50,7,40,231.00,"9,240.00"
2019-02-11,2019021101003851,UPPER,50,14,50,231.00,"11,550.00"
2019-02-11,2019021101003850,UPPER,50,14,17,231.00,"3,927.00"
2019-02-11,2019021101003866,UPPER,50,45,40,231.00,"9,240.00"
2019-02-11,2019021101003860,UPPER,50,7,40,231.00,"9,240.00"
2019-02-11,2019021101003859,UPPER,50,14,40,231.00,"9,240.00"
2019-02-11,2019021101003858,UPPER,50,7,50,231.00,"11,550.00"
2019-02-11,2019021101003857,UPPER,50,7,50,231.00,"11,550.00"
2019-02-11,2019021101003856,UPPER,50,7,40,231.00,"9,240.00"
2019-02-11,2019021101003919,UPPER,7,7,50,231.00,"11,550.00"
2019-02-11,2019021101003910,UPPER,7,39,40,231.00,"9,240.00"
2019-02-11,2019021101003885,UPPER,1,4,40,230.00,"9,200.00"
2019-02-11,2019021101003884,UPPER,50,4,10,231.00,"2,310.00"
2019-02-11,2019021101003943,UPPER,1,1,50,230.00,"11,500.00"
2019-02-11,2019021101003942,UPPER,1,4,40,230.00,"9,200.00"
2019-02-11,2019021101003941,UPPER,1,58,50,230.00,"11,500.00"
2019-02-11,2019021101003927,UPPER,1,42,380,230.00,"87,400.00"
2019-02-11,2019021101003926,UPPER,7,42,10,231.00,"2,310.00"
2019-02-11,2019021101003777,VLBS,34,29,56,700.00,"39,200.00"
2019-02-11,2019021101003610,VLBS,34,51,12,700.00,"8,400.00"
2019-02-11,2019021101003365,ADBL,38,36,98,334.00,"32,732.00"
2019-02-11,2019021101003364,ADBL,38,34,62,334.00,"20,708.00"
2019-02-11,2019021101003361,ADBL,38,34,78,334.00,"26,052.00"
2019-02-11,2019021101003358,ADBL,38,34,32,334.00,"10,688.00"
2019-02-11,2019021101003357,ADBL,38,1,46,334.00,"15,364.00"
2019-02-11,2019021101003308,ADBL,14,38,160,333.00,"53,280.00"
2019-02-11,2019021101003304,ADBL,14,38,78,333.00,"25,974.00"
2019-02-11,2019021101003266,ADBL,14,38,78,333.00,"25,974.00"
2019-02-11,2019021101003173,ADBL,14,48,77,333.00,"25,641.00"
2019-02-11,2019021101003161,ADBL,48,34,27,334.00,"9,018.00"
2019-02-11,2019021101003160,ADBL,48,41,50,334.00,"16,700.00"
2019-02-11,2019021101003112,AHPC,34,54,143,99.00,"14,157.00"
2019-02-11,2019021101003473,AKJCL,51,16,10,82.00,820.00
2019-02-11,2019021101003328,AKJCL,51,16,10,82.00,820.00
2019-02-11,2019021101003291,AKJCL,51,16,20,82.00,"1,640.00"
2019-02-11,2019021101003249,AKJCL,51,16,20,82.00,"1,640.00"
2019-02-11,2019021101003237,AKJCL,51,43,10,82.00,820.00
2019-02-11,2019021101003228,AKJCL,51,16,10,82.00,820.00
2019-02-11,2019021101003225,AKJCL,51,43,20,82.00,"1,640.00"
2019-02-11,2019021101003209,AKJCL,6,43,10,82.00,820.00
2019-02-11,2019021101003185,AKJCL,6,43,20,82.00,"1,640.00"
2019-02-11,2019021101003176,AKJCL,6,43,20,82.00,"1,640.00"
2019-02-11,2019021101003156,AKJCL,6,16,20,82.00,"1,640.00"
2019-02-11,2019021101003102,AKJCL,6,11,10,82.00,820.00
2019-02-11,2019021101003471,AKPL,49,1,13,172.00,"2,236.00"
2019-02-11,2019021101003421,AKPL,49,33,13,172.00,"2,236.00"
2019-02-11,2019021101003280,AKPL,49,1,13,172.00,"2,236.00"
2019-02-11,2019021101003243,AKPL,49,1,13,172.00,"2,236.00"
2019-02-11,2019021101003188,AKPL,49,1,13,172.00,"2,236.00"
2019-02-11,2019021101003053,AKPL,49,1,13,172.00,"2,236.00"
2019-02-11,2019021101003027,AKPL,49,19,13,172.00,"2,236.00"
2019-02-11,2019021101002985,AKPL,49,1,13,172.00,"2,236.00"
2019-02-11,2019021101003294,ALICL,16,38,200,590.00,"118,000.00"
2019-02-11,2019021101003293,ALICL,58,38,10,590.00,"5,900.00"
2019-02-11,2019021101002993,ALICL,32,32,19,592.00,"11,248.00"
2019-02-11,2019021101003300,AMFI,42,16,10,705.00,"7,050.00"
2019-02-11,2019021101003057,AMFI,42,1,10,705.00,"7,050.00"
2019-02-11,2019021101003321,API,8,8,"1,130",133.00,"150,290.00"
2019-02-11,2019021101003115,BARUN,39,10,"4,000",98.00,"392,000.00"
2019-02-11,2019021101002988,BNT,57,38,10,"6,429.00","64,290.00"
2019-02-11,2019021101003356,BOKL,44,59,40,235.00,"9,400.00"
2019-02-11,2019021101003355,BOKL,42,59,20,235.00,"4,700.00"
2019-02-11,2019021101003354,BOKL,6,59,10,235.00,"2,350.00"
2019-02-11,2019021101003353,BOKL,45,59,20,235.00,"4,700.00"
2019-02-11,2019021101003352,BOKL,28,59,500,235.00,"117,500.00"
2019-02-11,2019021101003351,BOKL,42,59,500,235.00,"117,500.00"
2019-02-11,2019021101003253,BOKL,35,42,100,238.00,"23,800.00"
2019-02-11,2019021101003002,BOKL,45,41,80,236.00,"18,880.00"
2019-02-11,2019021101003001,BOKL,6,41,210,236.00,"49,560.00"
2019-02-11,2019021101003000,BOKL,57,41,100,236.00,"23,600.00"
2019-02-11,2019021101002999,BOKL,13,41,10,237.00,"2,370.00"
2019-02-11,2019021101003350,BOKL,16,59,50,235.00,"11,750.00"
2019-02-11,2019021101003349,BOKL,45,59,200,235.00,"47,000.00"
2019-02-11,2019021101003348,BOKL,59,59,500,235.00,"117,500.00"
2019-02-11,2019021101003347,BOKL,14,59,100,235.00,"23,500.00"
2019-02-11,2019021101003346,BOKL,58,59,40,236.00,"9,440.00"
2019-02-11,2019021101003345,BOKL,45,59,20,236.00,"4,720.00"
2019-02-11,2019021101003481,BPCL,38,16,10,345.00,"3,450.00"
2019-02-11,2019021101003334,BPCL,38,16,10,345.00,"3,450.00"
2019-02-11,2019021101003306,BPCL,38,16,10,345.00,"3,450.00"
2019-02-11,2019021101003252,BPCL,38,16,10,345.00,"3,450.00"
2019-02-11,2019021101003230,BPCL,38,16,10,345.00,"3,450.00"
2019-02-11,2019021101003163,BPCL,38,16,10,345.00,"3,450.00"
2019-02-11,2019021101003131,BPCL,38,42,20,345.00,"6,900.00"
2019-02-11,2019021101003130,BPCL,35,42,30,346.00,"10,380.00"
2019-02-11,2019021101003073,CBBL,21,16,179,876.00,"156,804.00"
2019-02-11,2019021101003072,CBBL,38,16,10,876.00,"8,760.00"
2019-02-11,2019021101003274,CBL,35,54,100,154.00,"15,400.00"
2019-02-11,2019021101003272,CBL,14,54,200,154.00,"30,800.00"
2019-02-11,2019021101003194,CBL,45,22,63,153.00,"9,639.00"
2019-02-11,2019021101003193,CBL,10,22,37,153.00,"5,661.00"
2019-02-11,2019021101003035,CBL,32,32,1,153.00,153.00
2019-02-11,2019021101002997,CBL,33,54,383,154.00,"58,982.00"
2019-02-11,2019021101003462,CCBL,10,25,26,164.00,"4,264.00"
2019-02-11,2019021101003456,CCBL,40,40,3,164.00,492.00
2019-02-11,2019021101003227,CCBL,10,56,274,164.00,"44,936.00"
2019-02-11,2019021101003158,CCBL,29,56,90,164.00,"14,760.00"
2019-02-11,2019021101003137,CCBL,29,29,"1,129",164.00,"185,156.00"
2019-02-11,2019021101003062,CCBL,32,42,100,165.00,"16,500.00"
2019-02-11,2019021101003049,CCBL,32,32,2,164.00,328.00
2019-02-11,2019021101003016,CCBL,52,52,3,162.00,486.00
2019-02-11,2019021101003136,CCBL,38,29,90,164.00,"14,760.00"
2019-02-11,2019021101003096,CCBL,38,54,10,164.00,"1,640.00"
2019-02-11,2019021101003095,CCBL,50,54,500,164.00,"82,000.00"
2019-02-11,2019021101003094,CCBL,44,54,960,164.00,"157,440.00"
2019-02-11,2019021101003088,CCBL,7,42,400,165.00,"66,000.00"
2019-02-11,2019021101003457,CFCL,40,22,130,111.00,"14,430.00"
2019-02-11,2019021101002987,CHCL,45,5,25,508.00,"12,700.00"
2019-02-11,2019021101003369,CHLBS,47,47,10,311.00,"3,110.00"
2019-02-11,2019021101003331,CIT,56,11,10,"2,635.00","26,350.00"
2019-02-11,2019021101003060,CZBIL,32,32,5,204.00,"1,020.00"
2019-02-11,2019021101003150,DDBL,19,17,200,575.00,"115,000.00"
2019-02-11,2019021101003240,EBL,7,13,50,517.00,"25,850.00"
2019-02-11,2019021101003187,EBL,22,13,63,517.00,"32,571.00"
2019-02-11,2019021101003186,EBL,22,42,37,517.00,"19,129.00"
2019-02-11,2019021101003011,EBL,7,11,100,516.00,"51,600.00"
2019-02-11,2019021101003010,EBL,36,11,78,516.00,"40,248.00"
2019-02-11,2019021101003443,EIC,44,22,37,800.00,"29,600.00"
2019-02-11,2019021101003373,EIC,39,22,50,795.00,"39,750.00"
2019-02-11,2019021101003400,FMDBL,36,56,153,357.00,"54,621.00"
2019-02-11,2019021101003399,FMDBL,28,56,30,357.00,"10,710.00"
2019-02-11,2019021101003398,FMDBL,34,56,50,358.00,"17,900.00"
2019-02-11,2019021101003397,FMDBL,20,56,100,358.00,"35,800.00"
2019-02-11,2019021101003393,FMDBL,41,56,100,361.00,"36,100.00"
2019-02-11,2019021101003392,FMDBL,44,56,200,362.00,"72,400.00"
2019-02-11,2019021101003391,FMDBL,42,56,40,363.00,"14,520.00"
2019-02-11,2019021101003415,GBBL,46,36,"1,000",183.00,"183,000.00"
2019-02-11,2019021101003381,GBBL,32,11,50,182.00,"9,100.00"
2019-02-11,2019021101003447,GBIME,52,33,20,262.00,"5,240.00"
2019-02-11,2019021101003299,GBIME,52,41,60,262.00,"15,720.00"
2019-02-11,2019021101003146,GBIME,29,45,20,263.00,"5,260.00"
2019-02-11,2019021101003110,GBIME,52,41,20,262.00,"5,240.00"
2019-02-11,2019021101003109,GBIME,11,41,200,262.00,"52,400.00"
2019-02-11,2019021101003108,GBIME,59,41,30,262.00,"7,860.00"
2019-02-11,2019021101003107,GBIME,56,41,50,262.00,"13,100.00"
2019-02-11,2019021101003475,GBLBS,40,1,10,437.00,"4,370.00"
2019-02-11,2019021101003472,GBLBS,40,57,10,437.00,"4,370.00"
2019-02-11,2019021101003408,GBLBS,5,37,150,436.00,"65,400.00"
2019-02-11,2019021101003337,GBLBS,5,45,10,436.00,"4,360.00"
2019-02-11,2019021101003314,GBLBS,5,1,10,436.00,"4,360.00"
2019-02-11,2019021101003208,GBLBS,5,1,10,436.00,"4,360.00"
2019-02-11,2019021101003159,GDBL,32,1,173,182.00,"31,486.00"
2019-02-11,2019021101003129,GDBL,11,1,327,182.00,"59,514.00"
2019-02-11,2019021101003128,GDBL,11,34,173,182.00,"31,486.00"
2019-02-11,2019021101003090,GDBL,32,34,27,182.00,"4,914.00"
2019-02-11,2019021101003075,GDBL,57,32,27,181.00,"4,887.00"
2019-02-11,2019021101002983,GDBL,57,14,63,181.00,"11,403.00"
2019-02-11,2019021101003434,GLICL,42,56,130,690.00,"89,700.00"
2019-02-11,2019021101003433,GLICL,52,56,25,690.00,"17,250.00"
2019-02-11,2019021101003432,GLICL,17,56,25,691.00,"17,275.00"
2019-02-11,2019021101003431,GLICL,58,56,20,691.00,"13,820.00"
2019-02-11,2019021101003157,GLICL,32,32,2,691.00,"1,382.00"
2019-02-11,2019021101003144,GLICL,58,42,50,691.00,"34,550.00"
2019-02-11,2019021101003170,HGI,7,42,115,384.00,"44,160.00"
2019-02-11,2019021101003149,HGI,17,42,35,385.00,"13,475.00"
2019-02-11,2019021101003292,HIDCL,29,26,12,136.00,"1,632.00"
2019-02-11,2019021101003195,HIDCL,41,5,500,137.00,"68,500.00"
2019-02-11,2019021101003155,HIDCL,29,26,56,136.00,"7,616.00"
2019-02-11,2019021101003111,HIDCL,29,26,56,136.00,"7,616.00"
2019-02-11,2019021101003047,HIDCL,29,26,12,136.00,"1,632.00"
2019-02-11,2019021101003046,HIDCL,57,26,44,136.00,"5,984.00"
2019-02-11,2019021101003441,HPPL,43,1,10,172.00,"1,720.00"
2019-02-11,2019021101003367,HPPL,43,42,110,172.00,"18,920.00"
2019-02-11,2019021101003317,HPPL,28,1,10,171.00,"1,710.00"
2019-02-11,2019021101003283,HPPL,28,1,20,171.00,"3,420.00"
2019-02-11,2019021101003214,HPPL,28,1,10,171.00,"1,710.00"
2019-02-11,2019021101003153,HPPL,41,42,10,172.00,"1,720.00"
2019-02-11,2019021101003004,HPPL,41,1,10,172.00,"1,720.00"
