Date,Transact. No.,Symbol,Buyer,Seller,Quantity,Rate,Amount
2019-03-10,2019031001001737,ADBL,42,19,159,294.00,"46,746.00"
2019-03-10,2019031001001737,ADBL,42,19,159,294.00,"46,746.00"
2019-03-10,2019031001001725,ADBL,14,48,12,292.00,"3,504.00"
2019-03-10,2019031001001724,ADBL,46,48,21,293.00,"6,153.00"
2019-03-10,2019031001001681,ADBL,46,58,50,293.00,"14,650.00"
2019-03-10,2019031001001693,AHPC,48,34,228,103.00,"23,484.00"
2019-03-10,2019031001001692,AHPC,48,53,22,102.00,"2,244.00"
2019-03-10,2019031001001687,AKJCL,14,21,20,81.00,"1,620.00"
2019-03-10,2019031001001674,AKJCL,14,36,10,80.00,800.00
2019-03-10,2019031001001673,AKJCL,14,22,10,80.00,800.00
2019-03-10,2019031001001642,AKPL,41,40,90,172.00,"15,480.00"
2019-03-10,2019031001001641,AKPL,41,41,20,172.00,"3,440.00"
2019-03-10,2019031001001640,AKPL,41,58,10,170.00,"1,700.00"
2019-03-10,2019031001001637,ALICL,33,57,100,398.00,"39,800.00"
2019-03-10,2019031001001444,ALICL,50,22,200,396.00,"79,200.00"
2019-03-10,2019031001001443,ALICL,50,19,41,396.00,"16,236.00"
2019-03-10,2019031001001449,API,41,22,284,129.00,"36,636.00"
2019-03-10,2019031001001448,API,41,22,56,129.00,"7,224.00"
2019-03-10,2019031001001618,BARUN,39,49,10,96.00,960.00
2019-03-10,2019031001001594,BOKL,50,38,200,246.00,"49,200.00"
2019-03-10,2019031001001522,BOKL,17,56,140,245.00,"34,300.00"
2019-03-10,2019031001001535,CBBL,11,35,200,895.00,"179,000.00"
2019-03-10,2019031001001534,CBBL,11,22,200,895.00,"179,000.00"
2019-03-10,2019031001001533,CBBL,11,41,100,890.00,"89,000.00"
2019-03-10,2019031001001532,CBBL,11,55,20,887.00,"17,740.00"
2019-03-10,2019031001001806,CBL,26,36,"1,000",151.00,"151,000.00"
2019-03-10,2019031001001454,CBL,36,44,500,151.00,"75,500.00"
2019-03-10,2019031001001828,CCBL,8,51,165,162.00,"26,730.00"
2019-03-10,2019031001001827,CCBL,8,25,121,162.00,"19,602.00"
2019-03-10,2019031001001826,CCBL,8,43,38,162.00,"6,156.00"
2019-03-10,2019031001001706,CEFL,4,26,300,96.00,"28,800.00"
2019-03-10,2019031001001586,CEFL,4,26,200,95.00,"19,000.00"
2019-03-10,2019031001001767,CHCL,11,42,371,504.00,"186,984.00"
2019-03-10,2019031001001767,CHCL,11,22,371,504.00,"186,984.00"
2019-03-10,2019031001001665,CHCL,20,42,371,504.00,"186,984.00"
2019-03-10,2019031001001664,CHCL,20,6,23,503.00,"11,569.00"
2019-03-10,2019031001001531,CHLBS,10,57,10,567.00,"5,670.00"
2019-03-10,2019031001001761,CIT,47,33,31,"2,589.00","80,259.00"
2019-03-10,2019031001001761,CIT,47,33,31,"2,589.00","80,259.00"
2019-03-10,2019031001001685,CIT,34,49,55,"2,594.00","142,670.00"
2019-03-10,2019031001001684,CIT,34,55,20,"2,590.00","51,800.00"
2019-03-10,2019031001001683,CIT,34,34,25,"2,590.00","64,750.00"
2019-03-10,2019031001001682,CIT,34,39,20,"2,589.00","51,780.00"
2019-03-10,2019031001001816,CZBIL,45,1,310,206.00,"63,860.00"
2019-03-10,2019031001001815,CZBIL,33,1,190,206.00,"39,140.00"
2019-03-10,2019031001001722,CZBIL,33,49,10,206.00,"2,060.00"
2019-03-10,2019031001001796,DBBL,40,8,500,124.00,"62,000.00"
2019-03-10,2019031001001795,DBBL,40,37,959,124.00,"118,916.00"
2019-03-10,2019031001001794,DBBL,40,22,290,124.00,"35,960.00"
2019-03-10,2019031001001789,DBBL,40,8,500,124.00,"62,000.00"
2019-03-10,2019031001001789,DBBL,40,17,500,124.00,"62,000.00"
2019-03-10,2019031001001788,DBBL,40,45,959,124.00,"118,916.00"
2019-03-10,2019031001001788,DBBL,40,37,959,124.00,"118,916.00"
2019-03-10,2019031001001787,DBBL,40,38,290,124.00,"35,960.00"
2019-03-10,2019031001001787,DBBL,40,22,290,124.00,"35,960.00"
2019-03-10,2019031001001749,DBBL,14,22,110,124.00,"13,640.00"
2019-03-10,2019031001001749,DBBL,14,22,110,124.00,"13,640.00"
2019-03-10,2019031001001812,DDBL,4,54,20,592.00,"11,840.00"
2019-03-10,2019031001001830,EBL,1,6,400,520.00,"208,000.00"
2019-03-10,2019031001001814,EBL,1,19,100,520.00,"52,000.00"
2019-03-10,2019031001001813,EBL,21,19,200,520.00,"104,000.00"
2019-03-10,2019031001001583,EBL,42,54,40,523.00,"20,920.00"
2019-03-10,2019031001001582,EBL,42,42,10,523.00,"5,230.00"
2019-03-10,2019031001001647,FMDBL,22,19,50,377.00,"18,850.00"
2019-03-10,2019031001001565,FMDBL,49,59,100,372.00,"37,200.00"
2019-03-10,2019031001001539,FMDBL,34,18,100,370.00,"37,000.00"
2019-03-10,2019031001001762,FOWAD,7,4,100,"1,540.00","154,000.00"
2019-03-10,2019031001001619,FOWAD,39,39,15,"1,550.00","23,250.00"
2019-03-10,2019031001001811,GBIME,28,1,500,263.00,"131,500.00"
2019-03-10,2019031001001694,GBIME,43,52,100,264.00,"26,400.00"
2019-03-10,2019031001001475,GBIME,16,52,400,264.00,"105,600.00"
2019-03-10,2019031001001474,GBIME,16,44,100,264.00,"26,400.00"
2019-03-10,2019031001001843,GBLBS,46,46,10,444.00,"4,440.00"
2019-03-10,2019031001001837,GDBL,22,21,75,182.00,"13,650.00"
2019-03-10,2019031001001469,GDBL,1,44,62,181.00,"11,222.00"
2019-03-10,2019031001001810,GLICL,49,58,200,720.00,"144,000.00"
2019-03-10,2019031001001809,GLICL,40,58,100,721.00,"72,100.00"
2019-03-10,2019031001001808,GLICL,5,58,54,725.00,"39,150.00"
2019-03-10,2019031001001677,GLICL,47,25,200,731.00,"146,200.00"
2019-03-10,2019031001001676,GLICL,47,58,200,729.00,"145,800.00"
2019-03-10,2019031001001461,GLICL,47,34,50,722.00,"36,100.00"
2019-03-10,2019031001001452,GLICL,47,44,206,721.00,"148,526.00"
2019-03-10,2019031001001658,HATH,5,21,140,125.00,"17,500.00"
2019-03-10,2019031001001657,HATH,5,21,140,125.00,"17,500.00"
2019-03-10,2019031001001844,HIDCL,5,46,56,130.00,"7,280.00"
2019-03-10,2019031001001616,HIDCL,48,45,56,132.00,"7,392.00"
2019-03-10,2019031001001615,HIDCL,48,45,56,132.00,"7,392.00"
2019-03-10,2019031001001606,HIDCL,51,41,145,131.00,"18,995.00"
2019-03-10,2019031001001605,HIDCL,51,39,28,131.00,"3,668.00"
2019-03-10,2019031001001604,HIDCL,51,22,29,131.00,"3,799.00"
2019-03-10,2019031001001451,HIDCL,56,48,186,130.00,"24,180.00"
2019-03-10,2019031001001845,HPPL,46,46,10,174.00,"1,740.00"
2019-03-10,2019031001001805,HPPL,52,25,10,173.00,"1,730.00"
2019-03-10,2019031001001599,HPPL,52,19,10,175.00,"1,750.00"
2019-03-10,2019031001001598,HPPL,52,51,10,175.00,"1,750.00"
2019-03-10,2019031001001463,JBBL,32,25,100,138.00,"13,800.00"
2019-03-10,2019031001001462,JBBL,32,35,200,138.00,"27,600.00"
2019-03-10,2019031001001759,JBNL,26,43,151,170.00,"25,670.00"
2019-03-10,2019031001001758,JBNL,26,8,49,170.00,"8,330.00"
2019-03-10,2019031001001661,JBNL,46,59,"1,600",169.00,"270,400.00"
2019-03-10,2019031001001646,JBNL,50,19,600,169.00,"101,400.00"
2019-03-10,2019031001001564,JBNL,13,59,28,169.00,"4,732.00"
2019-03-10,2019031001001471,JBNL,33,43,21,168.00,"3,528.00"
2019-03-10,2019031001001550,KADBL,17,59,100,153.00,"15,300.00"
2019-03-10,2019031001001818,KBL,14,1,440,233.00,"102,520.00"
2019-03-10,2019031001001734,KBL,14,16,100,234.00,"23,400.00"
2019-03-10,2019031001001690,KBL,14,22,60,233.00,"13,980.00"
2019-03-10,2019031001001645,KBL,49,22,300,233.00,"69,900.00"
2019-03-10,2019031001001799,KPCL,45,38,10,91.00,910.00
2019-03-10,2019031001001543,KPCL,42,51,10,92.00,920.00
2019-03-10,2019031001001542,KPCL,42,36,10,92.00,920.00
2019-03-10,2019031001001541,KPCL,42,45,10,92.00,920.00
2019-03-10,2019031001001540,KPCL,42,42,10,92.00,920.00
2019-03-10,2019031001001587,KPCL,39,51,10,92.00,920.00
2019-03-10,2019031001001548,KPCL,42,41,10,92.00,920.00
2019-03-10,2019031001001547,KPCL,42,38,10,92.00,920.00
2019-03-10,2019031001001546,KPCL,42,41,10,92.00,920.00
2019-03-10,2019031001001545,KPCL,42,41,10,92.00,920.00
2019-03-10,2019031001001544,KPCL,42,41,10,92.00,920.00
2019-03-10,2019031001001721,KPCL,5,32,480,92.00,"44,160.00"
2019-03-10,2019031001001710,KPCL,5,56,10,92.00,920.00
2019-03-10,2019031001001703,KPCL,5,39,10,92.00,920.00
2019-03-10,2019031001001766,KPCL,45,38,10,91.00,910.00
2019-03-10,2019031001001698,KRBL,44,59,100,97.00,"9,700.00"
2019-03-10,2019031001001776,KSBBL,32,57,100,137.00,"13,700.00"
2019-03-10,2019031001001776,KSBBL,32,19,100,137.00,"13,700.00"
2019-03-10,2019031001001763,KSBBL,14,57,41,137.00,"5,617.00"
2019-03-10,2019031001001639,KSBBL,14,41,159,137.00,"21,783.00"
2019-03-10,2019031001001558,KSBBL,11,41,500,137.00,"68,500.00"
2019-03-10,2019031001001458,KSBBL,57,41,25,137.00,"3,425.00"
2019-03-10,2019031001001772,LBL,32,51,"1,000",191.00,"191,000.00"
2019-03-10,2019031001001772,LBL,32,16,"1,000",191.00,"191,000.00"
2019-03-10,2019031001001770,LBL,32,56,"1,000",191.00,"191,000.00"
2019-03-10,2019031001001770,LBL,32,16,"1,000",191.00,"191,000.00"
2019-03-10,2019031001001493,LBL,32,21,19,193.00,"3,667.00"
2019-03-10,2019031001001492,LBL,32,34,300,193.00,"57,900.00"
2019-03-10,2019031001001491,LBL,32,25,100,193.00,"19,300.00"
2019-03-10,2019031001001731,LEMF,50,54,"5,000",7.34,"36,700.00"
2019-03-10,2019031001001464,LGIL,45,8,193,514.00,"99,202.00"
2019-03-10,2019031001001595,LICN,14,17,200,"1,465.00","293,000.00"
2019-03-10,2019031001001513,LICN,16,45,30,"1,460.00","43,800.00"
2019-03-10,2019031001001500,LICN,16,17,180,"1,459.00","262,620.00"
2019-03-10,2019031001001660,MBL,28,38,"1,000",214.00,"214,000.00"
2019-03-10,2019031001001659,MBL,51,38,"1,000",214.00,"214,000.00"
2019-03-10,2019031001001626,MEGA,57,57,"1,238",161.00,"199,318.00"
2019-03-10,2019031001001625,MEGA,34,57,"1,000",161.00,"161,000.00"
2019-03-10,2019031001001438,MEGA,42,19,"2,000",162.00,"324,000.00"
2019-03-10,2019031001001437,MEGA,42,38,500,162.00,"81,000.00"
2019-03-10,2019031001001436,MEGA,42,43,633,162.00,"102,546.00"
2019-03-10,2019031001001435,MEGA,42,44,50,162.00,"8,100.00"
2019-03-10,2019031001001434,MEGA,42,46,"1,000",162.00,"162,000.00"
2019-03-10,2019031001001433,MEGA,42,32,100,162.00,"16,200.00"
2019-03-10,2019031001001655,MERO,42,39,54,610.00,"32,940.00"
2019-03-10,2019031001001654,MERO,42,47,14,610.00,"8,540.00"
2019-03-10,2019031001001653,MERO,42,42,16,605.00,"9,680.00"
2019-03-10,2019031001001649,MERO,42,56,16,604.00,"9,664.00"
2019-03-10,2019031001001536,MLBL,39,44,11,163.00,"1,793.00"
2019-03-10,2019031001001672,MMFDB,49,36,30,965.00,"28,950.00"
2019-03-10,2019031001001671,MMFDB,49,25,15,964.00,"14,460.00"
2019-03-10,2019031001001825,MPFL,7,21,25,137.00,"3,425.00"
2019-03-10,2019031001001829,NABIL,55,57,200,691.00,"138,200.00"
2019-03-10,2019031001001754,NABIL,57,3,120,690.00,"82,800.00"
2019-03-10,2019031001001754,NABIL,57,3,120,690.00,"82,800.00"
2019-03-10,2019031001001670,NABIL,7,3,80,690.00,"55,200.00"
2019-03-10,2019031001001669,NABIL,7,43,70,690.00,"48,300.00"
2019-03-10,2019031001001585,NABIL,50,3,100,689.00,"68,900.00"
2019-03-10,2019031001001584,NABIL,32,3,100,689.00,"68,900.00"
2019-03-10,2019031001001561,NABIL,55,42,13,689.00,"8,957.00"
2019-03-10,2019031001001614,NABILP,7,28,50,659.00,"32,950.00"
2019-03-10,2019031001001775,NADEP,49,51,10,685.00,"6,850.00"
2019-03-10,2019031001001772,NADEP,49,51,10,685.00,"6,850.00"
2019-03-10,2019031001001772,NADEP,49,16,10,685.00,"6,850.00"
2019-03-10,2019031001001802,NBB,53,11,500,188.00,"94,000.00"
2019-03-10,2019031001001557,NBB,36,53,"1,000",188.00,"188,000.00"
2019-03-10,2019031001001556,NBB,36,16,"1,000",188.00,"188,000.00"
2019-03-10,2019031001001555,NBB,36,56,50,188.00,"9,400.00"
2019-03-10,2019031001001633,NBBL,32,21,20,648.00,"12,960.00"
2019-03-10,2019031001001768,NBL,52,58,50,287.00,"14,350.00"
2019-03-10,2019031001001768,NBL,52,22,50,287.00,"14,350.00"
2019-03-10,2019031001001767,NBL,52,42,50,287.00,"14,350.00"
2019-03-10,2019031001001767,NBL,52,22,50,287.00,"14,350.00"
2019-03-10,2019031001001505,NBL,55,45,100,286.00,"28,600.00"
2019-03-10,2019031001001477,NBL,11,45,100,286.00,"28,600.00"
2019-03-10,2019031001001760,NCCB,48,44,"1,520",209.00,"317,680.00"
2019-03-10,2019031001001760,NCCB,48,44,"1,520",209.00,"317,680.00"
2019-03-10,2019031001001730,NCCB,58,44,480,209.00,"100,320.00"
2019-03-10,2019031001001729,NCCB,58,38,520,209.00,"108,680.00"
2019-03-10,2019031001001720,NCCB,46,38,980,209.00,"204,820.00"
2019-03-10,2019031001001699,NCCB,46,44,"1,020",209.00,"213,180.00"
2019-03-10,2019031001001686,NCCB,37,44,200,209.00,"41,800.00"
2019-03-10,2019031001001666,NCCB,46,44,280,209.00,"58,520.00"
2019-03-10,2019031001001624,NCCB,14,44,500,209.00,"104,500.00"
2019-03-10,2019031001001712,NGPL,1,51,11,114.00,"1,254.00"
2019-03-10,2019031001001783,NHPC,19,59,70,65.00,"4,550.00"
2019-03-10,2019031001001783,NHPC,19,56,70,65.00,"4,550.00"
2019-03-10,2019031001001782,NHPC,19,17,30,65.00,"1,950.00"
2019-03-10,2019031001001782,NHPC,19,14,30,65.00,"1,950.00"
2019-03-10,2019031001001662,NHPC,54,35,400,64.00,"25,600.00"
2019-03-10,2019031001001644,NHPC,34,14,470,65.00,"30,550.00"
2019-03-10,2019031001001643,NHPC,34,53,30,65.00,"1,950.00"
2019-03-10,2019031001001489,NHPC,54,56,600,64.00,"38,400.00"
2019-03-10,2019031001001473,NHPC,21,56,400,64.00,"25,600.00"
2019-03-10,2019031001001770,NIB,32,56,100,520.00,"52,000.00"
2019-03-10,2019031001001770,NIB,32,16,100,520.00,"52,000.00"
2019-03-10,2019031001001769,NIB,32,58,100,520.00,"52,000.00"
2019-03-10,2019031001001769,NIB,32,58,19,520.00,"9,880.00"
2019-03-10,2019031001001769,NIB,32,56,100,520.00,"52,000.00"
2019-03-10,2019031001001769,NIB,32,56,19,520.00,"9,880.00"
2019-03-10,2019031001001609,NIB,36,47,141,520.00,"73,320.00"
2019-03-10,2019031001001608,NIB,36,22,24,520.00,"12,480.00"
2019-03-10,2019031001001581,NIB,32,29,800,519.00,"415,200.00"
2019-03-10,2019031001001768,NIB,32,58,19,520.00,"9,880.00"
2019-03-10,2019031001001768,NIB,32,22,19,520.00,"9,880.00"
2019-03-10,2019031001001613,NIB,36,39,195,520.00,"101,400.00"
2019-03-10,2019031001001612,NIB,36,6,300,520.00,"156,000.00"
2019-03-10,2019031001001611,NIB,36,44,37,520.00,"19,240.00"
2019-03-10,2019031001001610,NIB,36,29,100,520.00,"52,000.00"
2019-03-10,2019031001001460,NIBPO,38,43,100,470.00,"47,000.00"
2019-03-10,2019031001001459,NIBPO,38,39,12,470.00,"5,640.00"
2019-03-10,2019031001001853,NICA,44,52,36,394.00,"14,184.00"
2019-03-10,2019031001001675,NICA,45,19,200,395.00,"79,000.00"
2019-03-10,2019031001001650,NICA,47,19,200,396.00,"79,200.00"
2019-03-10,2019031001001620,NICA,45,14,200,395.00,"79,000.00"
2019-03-10,2019031001001538,NICA,45,38,100,395.00,"39,500.00"
2019-03-10,2019031001001537,NICA,38,38,400,395.00,"158,000.00"
2019-03-10,2019031001001495,NICA,59,33,500,393.00,"196,500.00"
2019-03-10,2019031001001447,NICA,45,38,100,392.00,"39,200.00"
2019-03-10,2019031001001523,NICA,45,33,500,394.00,"197,000.00"
2019-03-10,2019031001001521,NICA,48,34,10,393.00,"3,930.00"
2019-03-10,2019031001001499,NICA,59,34,200,393.00,"78,600.00"
2019-03-10,2019031001001498,NICA,59,16,100,393.00,"39,300.00"
2019-03-10,2019031001001497,NICA,59,49,100,393.00,"39,300.00"
2019-03-10,2019031001001496,NICA,59,53,100,393.00,"39,300.00"
2019-03-10,2019031001001697,NICL,56,40,350,387.00,"135,450.00"
2019-03-10,2019031001001696,NICL,56,58,300,387.00,"116,100.00"
2019-03-10,2019031001001695,NICL,47,58,350,387.00,"135,450.00"
2019-03-10,2019031001001679,NICL,47,53,50,386.00,"19,300.00"
2019-03-10,2019031001001678,NICL,47,40,300,385.00,"115,500.00"
2019-03-10,2019031001001656,NICL,56,40,300,382.00,"114,600.00"
2019-03-10,2019031001001638,NICL,42,19,970,382.00,"370,540.00"
2019-03-10,2019031001001597,NIL,11,43,200,537.00,"107,400.00"
2019-03-10,2019031001001580,NIL,11,43,670,537.00,"359,790.00"
2019-03-10,2019031001001579,NIL,11,40,200,537.00,"107,400.00"
2019-03-10,2019031001001578,NIL,11,35,100,535.00,"53,500.00"
2019-03-10,2019031001001577,NIL,11,49,30,534.00,"16,020.00"
2019-03-10,2019031001001554,NIL,53,53,100,527.00,"52,700.00"
2019-03-10,2019031001001553,NIL,53,45,30,527.00,"15,810.00"
2019-03-10,2019031001001517,NIL,45,44,200,525.00,"105,000.00"
2019-03-10,2019031001001516,NIL,45,8,58,520.00,"30,160.00"
2019-03-10,2019031001001838,NLIC,50,26,50,"1,120.00","56,000.00"
2019-03-10,2019031001001834,NLIC,10,37,62,"1,119.00","69,378.00"
2019-03-10,2019031001001822,NLIC,10,52,25,"1,119.00","27,975.00"
2019-03-10,2019031001001817,NLIC,45,58,80,"1,116.00","89,280.00"
2019-03-10,2019031001001808,NLIC,45,58,80,"1,116.00","89,280.00"
2019-03-10,2019031001001807,NLIC,51,58,300,"1,117.00","335,100.00"
2019-03-10,2019031001001457,NLIC,51,6,28,"1,110.00","31,080.00"
2019-03-10,2019031001001456,NLIC,51,44,100,"1,110.00","111,000.00"
2019-03-10,2019031001001439,NLIC,21,44,50,"1,110.00","55,500.00"
2019-03-10,2019031001001510,NLIC,33,56,17,"1,115.00","18,955.00"
2019-03-10,2019031001001509,NLIC,33,34,80,"1,113.00","89,040.00"
2019-03-10,2019031001001502,NLIC,52,34,50,"1,113.00","55,650.00"
2019-03-10,2019031001001490,NLIC,1,34,30,"1,113.00","33,390.00"
2019-03-10,2019031001001468,NLIC,5,34,40,"1,113.00","44,520.00"
2019-03-10,2019031001001467,NLIC,5,11,30,"1,112.00","33,360.00"
2019-03-10,2019031001001570,NLIC,33,59,24,"1,120.00","26,880.00"
2019-03-10,2019031001001569,NLIC,33,17,51,"1,120.00","57,120.00"
2019-03-10,2019031001001568,NLIC,33,21,120,"1,120.00","134,400.00"
2019-03-10,2019031001001567,NLIC,33,37,50,"1,120.00","56,000.00"
2019-03-10,2019031001001512,NLIC,33,25,150,"1,115.00","167,250.00"
2019-03-10,2019031001001511,NLIC,33,42,300,"1,115.00","334,500.00"
2019-03-10,2019031001001736,NLIC,33,37,19,"1,120.00","21,280.00"
2019-03-10,2019031001001735,NLIC,51,37,190,"1,120.00","212,800.00"
2019-03-10,2019031001001727,NLIC,51,5,10,"1,120.00","11,200.00"
2019-03-10,2019031001001689,NLIC,33,42,30,"1,120.00","33,600.00"
2019-03-10,2019031001001667,NLIC,33,58,225,"1,120.00","252,000.00"
2019-03-10,2019031001001636,NLIC,39,39,17,"1,121.00","19,057.00"
2019-03-10,2019031001001801,NLIC,33,26,206,"1,120.00","230,720.00"
2019-03-10,2019031001001790,NLIC,33,56,100,"1,120.00","112,000.00"
2019-03-10,2019031001001790,NLIC,33,28,100,"1,120.00","112,000.00"
2019-03-10,2019031001001783,NLIC,33,59,100,"1,120.00","112,000.00"
2019-03-10,2019031001001783,NLIC,33,56,100,"1,120.00","112,000.00"
2019-03-10,2019031001001750,NLIC,33,29,175,"1,120.00","196,000.00"
2019-03-10,2019031001001559,NLICL,42,34,50,654.00,"32,700.00"
2019-03-10,2019031001001441,NLICL,58,45,120,650.00,"78,000.00"
2019-03-10,2019031001001440,NLICL,58,43,100,649.00,"64,900.00"
2019-03-10,2019031001001824,NMB,14,6,100,318.00,"31,800.00"
2019-03-10,2019031001001823,NMB,28,6,50,319.00,"15,950.00"
2019-03-10,2019031001001821,NMB,28,49,50,319.00,"15,950.00"
2019-03-10,2019031001001718,NMB,47,45,62,320.00,"19,840.00"
2019-03-10,2019031001001717,NMB,47,21,"1,000",320.00,"320,000.00"
2019-03-10,2019031001001716,NMB,47,10,118,319.00,"37,642.00"
2019-03-10,2019031001001576,NMB,16,11,50,317.00,"15,850.00"
2019-03-10,2019031001001575,NMB,16,21,115,317.00,"36,455.00"
2019-03-10,2019031001001574,NMB,16,40,300,317.00,"95,100.00"
2019-03-10,2019031001001573,NMB,16,6,"1,500",317.00,"475,500.00"
2019-03-10,2019031001001572,NMB,16,41,100,316.00,"31,600.00"
2019-03-10,2019031001001571,NMB,16,38,11,316.00,"3,476.00"
2019-03-10,2019031001001715,NMB,47,21,300,318.00,"95,400.00"
2019-03-10,2019031001001714,NMB,47,11,20,318.00,"6,360.00"
2019-03-10,2019031001001713,NMB,47,19,500,317.00,"158,500.00"
2019-03-10,2019031001001652,NMB,59,56,76,317.00,"24,092.00"
2019-03-10,2019031001001651,NMB,16,56,24,317.00,"7,608.00"
2019-03-10,2019031001001621,NMB,47,55,100,318.00,"31,800.00"
2019-03-10,2019031001001518,NMBSF1,7,35,"6,957",10.12,"70,404.84"
2019-03-10,2019031001001757,NMFBS,33,21,23,"1,688.00","38,824.00"
2019-03-10,2019031001001757,NMFBS,33,21,23,"1,688.00","38,824.00"
2019-03-10,2019031001001478,NSEWA,39,39,30,559.00,"16,770.00"
2019-03-10,2019031001001702,NTC,7,7,100,682.00,"68,200.00"
2019-03-10,2019031001001701,NTC,42,7,50,682.00,"34,100.00"
2019-03-10,2019031001001728,PCBL,14,56,100,312.00,"31,200.00"
2019-03-10,2019031001001603,PCBL,34,38,500,312.00,"156,000.00"
2019-03-10,2019031001001602,PCBL,34,34,"1,000",312.00,"312,000.00"
2019-03-10,2019031001001601,PCBL,34,28,100,312.00,"31,200.00"
2019-03-10,2019031001001494,PCBL,46,38,100,311.00,"31,100.00"
2019-03-10,2019031001001836,PIC,45,5,11,"1,035.00","11,385.00"
2019-03-10,2019031001001835,PIC,33,5,48,"1,035.00","49,680.00"
2019-03-10,2019031001001789,PIC,33,8,12,"1,035.00","12,420.00"
2019-03-10,2019031001001789,PIC,33,17,12,"1,035.00","12,420.00"
2019-03-10,2019031001001782,PIC,33,17,12,"1,035.00","12,420.00"
2019-03-10,2019031001001782,PIC,33,14,12,"1,035.00","12,420.00"
2019-03-10,2019031001001527,PIC,33,8,90,"1,040.00","93,600.00"
2019-03-10,2019031001001514,PIC,29,43,12,"1,035.00","12,420.00"
2019-03-10,2019031001001552,PICL,58,32,10,718.00,"7,180.00"
2019-03-10,2019031001001551,PICL,58,57,59,705.00,"41,595.00"
2019-03-10,2019031001001507,PICL,58,57,10,705.00,"7,050.00"
2019-03-10,2019031001001504,PICL,58,6,300,698.00,"209,400.00"
2019-03-10,2019031001001711,PLIC,14,51,165,453.00,"74,745.00"
2019-03-10,2019031001001623,PLIC,28,57,100,449.00,"44,900.00"
2019-03-10,2019031001001622,PLIC,28,43,270,448.00,"120,960.00"
2019-03-10,2019031001001607,PLIC,46,43,15,448.00,"6,720.00"
2019-03-10,2019031001001600,PLIC,33,43,100,448.00,"44,800.00"
2019-03-10,2019031001001566,PLIC,35,43,15,448.00,"6,720.00"
2019-03-10,2019031001001784,PMHPL,10,59,10,109.00,"1,090.00"
2019-03-10,2019031001001784,PMHPL,10,38,10,109.00,"1,090.00"
2019-03-10,2019031001001771,PMHPL,10,7,10,109.00,"1,090.00"
2019-03-10,2019031001001771,PMHPL,10,38,10,109.00,"1,090.00"
2019-03-10,2019031001001819,PRIN,14,22,100,415.00,"41,500.00"
2019-03-10,2019031001001798,PRIN,56,53,525,419.00,"219,975.00"
2019-03-10,2019031001001797,PRIN,56,28,217,418.00,"90,706.00"
2019-03-10,2019031001001791,PRIN,56,59,525,419.00,"219,975.00"
2019-03-10,2019031001001791,PRIN,56,53,525,419.00,"219,975.00"
2019-03-10,2019031001001790,PRIN,56,56,217,418.00,"90,706.00"
2019-03-10,2019031001001589,PRIN,28,37,60,415.00,"24,900.00"
2019-03-10,2019031001001588,PRIN,28,8,19,414.00,"7,866.00"
2019-03-10,2019031001001790,PRIN,56,28,217,418.00,"90,706.00"
2019-03-10,2019031001001617,PRIN,53,28,200,418.00,"83,600.00"
2019-03-10,2019031001001593,PRIN,28,28,83,418.00,"34,694.00"
2019-03-10,2019031001001592,PRIN,28,55,15,418.00,"6,270.00"
2019-03-10,2019031001001591,PRIN,28,45,30,418.00,"12,540.00"
2019-03-10,2019031001001590,PRIN,28,58,293,416.00,"121,888.00"
2019-03-10,2019031001001852,PRVU,44,34,40,226.00,"9,040.00"
2019-03-10,2019031001001831,PRVU,14,43,694,225.00,"156,150.00"
2019-03-10,2019031001001786,PRVU,42,34,22,226.00,"4,972.00"
2019-03-10,2019031001001786,PRVU,42,18,22,226.00,"4,972.00"
2019-03-10,2019031001001780,PRVU,42,34,22,226.00,"4,972.00"
2019-03-10,2019031001001634,PRVU,14,52,217,225.00,"48,825.00"
2019-03-10,2019031001001743,PRVU,29,56,100,227.00,"22,700.00"
2019-03-10,2019031001001742,PRVU,29,40,178,227.00,"40,406.00"
2019-03-10,2019031001001742,PRVU,29,40,178,227.00,"40,406.00"
2019-03-10,2019031001001709,PRVU,46,43,500,226.00,"113,000.00"
2019-03-10,2019031001001708,PRVU,46,28,100,226.00,"22,600.00"
2019-03-10,2019031001001700,PRVU,54,28,200,226.00,"45,200.00"
2019-03-10,2019031001001746,PRVU,29,46,500,228.00,"114,000.00"
2019-03-10,2019031001001745,PRVU,29,17,"1,000",228.00,"228,000.00"
2019-03-10,2019031001001745,PRVU,29,17,"1,000",228.00,"228,000.00"
2019-03-10,2019031001001744,PRVU,29,28,100,227.00,"22,700.00"
2019-03-10,2019031001001744,PRVU,29,28,100,227.00,"22,700.00"
2019-03-10,2019031001001743,PRVU,29,56,100,227.00,"22,700.00"
2019-03-10,2019031001001780,PRVU,42,19,22,226.00,"4,972.00"
2019-03-10,2019031001001778,PRVU,7,48,515,227.00,"116,905.00"
2019-03-10,2019031001001778,PRVU,7,47,515,227.00,"116,905.00"
2019-03-10,2019031001001747,PRVU,29,22,122,228.00,"27,816.00"
2019-03-10,2019031001001747,PRVU,29,22,122,228.00,"27,816.00"
2019-03-10,2019031001001746,PRVU,29,46,500,228.00,"114,000.00"
2019-03-10,2019031001001850,RADHI,46,46,11,168.00,"1,848.00"
2019-03-10,2019031001001648,RADHI,39,39,11,170.00,"1,870.00"
2019-03-10,2019031001001787,RRHP,17,38,10,93.00,930.00
2019-03-10,2019031001001787,RRHP,17,22,10,93.00,930.00
2019-03-10,2019031001001773,RRHP,17,38,10,93.00,930.00
2019-03-10,2019031001001780,RSDC,39,34,100,383.00,"38,300.00"
2019-03-10,2019031001001780,RSDC,39,19,100,383.00,"38,300.00"
2019-03-10,2019031001001779,RSDC,45,19,130,383.00,"49,790.00"
2019-03-10,2019031001001779,RSDC,45,18,130,383.00,"49,790.00"
2019-03-10,2019031001001777,RSDC,39,19,100,383.00,"38,300.00"
2019-03-10,2019031001001777,RSDC,39,18,100,383.00,"38,300.00"
2019-03-10,2019031001001776,RSDC,45,57,130,383.00,"49,790.00"
2019-03-10,2019031001001776,RSDC,45,19,130,383.00,"49,790.00"
2019-03-10,2019031001001755,RSDC,45,19,48,383.00,"18,384.00"
2019-03-10,2019031001001442,RSDC,21,21,22,384.00,"8,448.00"
2019-03-10,2019031001001800,SADBL,59,17,10,139.00,"1,390.00"
2019-03-10,2019031001001791,SADBL,59,59,284,139.00,"39,476.00"
2019-03-10,2019031001001791,SADBL,59,53,284,139.00,"39,476.00"
2019-03-10,2019031001001784,SADBL,59,59,284,139.00,"39,476.00"
2019-03-10,2019031001001784,SADBL,59,38,284,139.00,"39,476.00"
2019-03-10,2019031001001841,SANIMA,38,50,36,300.00,"10,800.00"
2019-03-10,2019031001001781,SANIMA,21,47,58,301.00,"17,458.00"
2019-03-10,2019031001001781,SANIMA,21,45,58,301.00,"17,458.00"
2019-03-10,2019031001001778,SANIMA,21,48,58,301.00,"17,458.00"
2019-03-10,2019031001001778,SANIMA,21,47,58,301.00,"17,458.00"
2019-03-10,2019031001001663,SANIMA,36,19,400,299.00,"119,600.00"
2019-03-10,2019031001001632,SANIMA,19,35,476,300.00,"142,800.00"
2019-03-10,2019031001001631,SANIMA,19,57,524,300.00,"157,200.00"
2019-03-10,2019031001001563,SANIMA,45,57,976,300.00,"292,800.00"
2019-03-10,2019031001001562,SANIMA,45,6,24,300.00,"7,200.00"
2019-03-10,2019031001001774,SBI,41,7,200,380.00,"76,000.00"
2019-03-10,2019031001001771,SBI,41,7,200,380.00,"76,000.00"
2019-03-10,2019031001001771,SBI,41,38,200,380.00,"76,000.00"
2019-03-10,2019031001001635,SBI,25,7,200,380.00,"76,000.00"
2019-03-10,2019031001001596,SBI,45,7,288,380.00,"109,440.00"
2019-03-10,2019031001001846,SCB,46,46,20,536.00,"10,720.00"
2019-03-10,2019031001001820,SCB,28,10,100,540.00,"54,000.00"
2019-03-10,2019031001001680,SCB,45,58,20,535.00,"10,700.00"
2019-03-10,2019031001001453,SCB,14,38,20,535.00,"10,700.00"
2019-03-10,2019031001001446,SCB,14,44,20,533.00,"10,660.00"
2019-03-10,2019031001001445,SCB,14,51,10,533.00,"5,330.00"
2019-03-10,2019031001001488,SDESI,34,42,27,590.00,"15,930.00"
2019-03-10,2019031001001455,SHL,11,50,100,205.00,"20,500.00"
2019-03-10,2019031001001466,SHPC,11,53,50,233.00,"11,650.00"
2019-03-10,2019031001001465,SHPC,11,53,50,232.00,"11,600.00"
2019-03-10,2019031001001691,SICL,47,58,200,895.00,"179,000.00"
2019-03-10,2019031001001630,SICL,28,56,100,881.00,"88,100.00"
2019-03-10,2019031001001629,SICL,28,43,200,880.00,"176,000.00"
2019-03-10,2019031001001628,SICL,28,56,100,879.00,"87,900.00"
2019-03-10,2019031001001627,SICL,28,56,50,879.00,"43,950.00"
2019-03-10,2019031001001520,SICL,37,56,50,879.00,"43,950.00"
2019-03-10,2019031001001472,SICL,52,43,100,879.00,"87,900.00"
2019-03-10,2019031001001849,SIL,41,37,100,610.00,"61,000.00"
2019-03-10,2019031001001848,SIL,20,37,39,612.00,"23,868.00"
2019-03-10,2019031001001842,SIL,20,22,61,612.00,"37,332.00"
2019-03-10,2019031001001804,SIL,20,38,100,612.00,"61,200.00"
2019-03-10,2019031001001560,SLBSL,57,39,10,761.00,"7,610.00"
2019-03-10,2019031001001549,SLBSL,57,39,10,761.00,"7,610.00"
2019-03-10,2019031001001528,SLBSL,57,39,10,761.00,"7,610.00"
2019-03-10,2019031001001526,SLBSL,1,19,10,769.00,"7,690.00"
2019-03-10,2019031001001525,SLBSL,1,40,10,769.00,"7,690.00"
2019-03-10,2019031001001524,SLBSL,1,17,10,768.00,"7,680.00"
2019-03-10,2019031001001515,SLBSL,39,39,10,762.00,"7,620.00"
2019-03-10,2019031001001506,SLBSL,39,39,10,762.00,"7,620.00"
2019-03-10,2019031001001833,SLICL,41,28,10,536.00,"5,360.00"
2019-03-10,2019031001001832,SLICL,41,16,10,536.00,"5,360.00"
2019-03-10,2019031001001668,SMB,39,39,10,640.00,"6,400.00"
2019-03-10,2019031001001470,SMFDBP,46,36,"3,500",385.00,"1,347,500.00"
2019-03-10,2019031001001450,SMFDBP,46,36,"1,000",385.00,"385,000.00"
2019-03-10,2019031001001847,SPDL,46,46,10,91.00,910.00
2019-03-10,2019031001001705,TRH,59,34,500,247.00,"123,500.00"
2019-03-10,2019031001001688,TRH,42,54,20,243.00,"4,860.00"
2019-03-10,2019031001001530,UIC,25,57,400,770.00,"308,000.00"
2019-03-10,2019031001001851,UMHL,46,46,14,108.00,"1,512.00"
2019-03-10,2019031001001840,UPPER,41,50,200,230.00,"46,000.00"
2019-03-10,2019031001001839,UPPER,17,50,10,230.00,"2,300.00"
2019-03-10,2019031001001803,UPPER,17,38,40,230.00,"9,200.00"
2019-03-10,2019031001001793,UPPER,17,18,50,230.00,"11,500.00"
2019-03-10,2019031001001792,UPPER,13,29,50,231.00,"11,550.00"
2019-03-10,2019031001001476,UPPER,21,39,40,232.00,"9,280.00"
2019-03-10,2019031001001484,UPPER,20,59,50,234.00,"11,700.00"
2019-03-10,2019031001001483,UPPER,20,59,50,234.00,"11,700.00"
2019-03-10,2019031001001482,UPPER,20,33,200,234.00,"46,800.00"
2019-03-10,2019031001001481,UPPER,20,52,200,233.00,"46,600.00"
2019-03-10,2019031001001480,UPPER,20,21,40,232.00,"9,280.00"
2019-03-10,2019031001001479,UPPER,20,22,50,232.00,"11,600.00"
2019-03-10,2019031001001508,UPPER,56,56,400,232.00,"92,800.00"
2019-03-10,2019031001001503,UPPER,20,58,139,234.00,"32,526.00"
2019-03-10,2019031001001501,UPPER,20,42,50,234.00,"11,700.00"
2019-03-10,2019031001001487,UPPER,20,35,"2,000",234.00,"468,000.00"
2019-03-10,2019031001001486,UPPER,20,33,200,234.00,"46,800.00"
2019-03-10,2019031001001485,UPPER,20,59,40,234.00,"9,360.00"
2019-03-10,2019031001001529,UPPER,13,58,50,234.00,"11,700.00"
2019-03-10,2019031001001519,UPPER,38,36,50,231.00,"11,550.00"
2019-03-10,2019031001001719,UPPER,38,19,410,231.00,"94,710.00"
2019-03-10,2019031001001707,UPPER,38,29,40,231.00,"9,240.00"
2019-03-10,2019031001001704,UPPER,34,19,50,232.00,"11,600.00"
2019-03-10,2019031001001739,UPPER,16,29,40,230.00,"9,200.00"
2019-03-10,2019031001001738,UPPER,16,19,90,230.00,"20,700.00"
2019-03-10,2019031001001733,UPPER,16,42,50,230.00,"11,500.00"
2019-03-10,2019031001001732,UPPER,16,29,50,230.00,"11,500.00"
2019-03-10,2019031001001726,UPPER,16,29,40,230.00,"9,200.00"
2019-03-10,2019031001001723,UPPER,16,42,50,230.00,"11,500.00"
2019-03-10,2019031001001753,UPPER,39,29,50,230.00,"11,500.00"
2019-03-10,2019031001001752,UPPER,39,42,10,230.00,"2,300.00"
2019-03-10,2019031001001751,UPPER,16,42,30,230.00,"6,900.00"
2019-03-10,2019031001001748,UPPER,16,29,50,230.00,"11,500.00"
2019-03-10,2019031001001741,UPPER,16,42,50,230.00,"11,500.00"
2019-03-10,2019031001001740,UPPER,16,35,50,230.00,"11,500.00"
2019-03-10,2019031001001777,UPPER,59,19,50,229.00,"11,450.00"
2019-03-10,2019031001001777,UPPER,59,18,50,229.00,"11,450.00"
2019-03-10,2019031001001765,UPPER,39,45,60,230.00,"13,800.00"
2019-03-10,2019031001001764,UPPER,39,29,40,230.00,"9,200.00"
2019-03-10,2019031001001756,UPPER,39,29,40,230.00,"9,200.00"
2019-03-10,2019031001001785,UPPER,13,29,50,231.00,"11,550.00"
2019-03-10,2019031001001785,UPPER,13,18,50,231.00,"11,550.00"
2019-03-10,2019031001001781,UPPER,17,47,440,230.00,"101,200.00"
2019-03-10,2019031001001781,UPPER,17,45,440,230.00,"101,200.00"
2019-03-10,2019031001001779,UPPER,59,19,50,229.00,"11,450.00"
2019-03-10,2019031001001779,UPPER,59,18,50,229.00,"11,450.00"
2019-03-10,2019031001001788,UPPER,17,45,440,230.00,"101,200.00"
2019-03-10,2019031001001788,UPPER,17,37,440,230.00,"101,200.00"
2019-03-10,2019031001001786,UPPER,17,34,50,230.00,"11,500.00"
2019-03-10,2019031001001786,UPPER,17,18,50,230.00,"11,500.00"
2019-03-10,2019031001001785,UPPER,59,29,50,229.00,"11,450.00"
2019-03-10,2019031001001785,UPPER,59,18,50,229.00,"11,450.00"
2019-03-10,2019031001001357,ADBL,40,3,100,294.00,"29,400.00"
2019-03-10,2019031001001345,ADBL,7,3,50,294.00,"14,700.00"
2019-03-10,2019031001001344,ADBL,7,43,150,294.00,"44,100.00"
2019-03-10,2019031001001144,ADBL,46,54,29,293.00,"8,497.00"
2019-03-10,2019031001001143,ADBL,41,54,50,293.00,"14,650.00"
2019-03-10,2019031001001412,AHPC,20,17,440,101.00,"44,440.00"
2019-03-10,2019031001001090,AHPC,39,57,500,100.00,"50,000.00"
2019-03-10,2019031001001388,AKJCL,45,19,20,79.00,"1,580.00"
2019-03-10,2019031001001239,AKJCL,42,51,20,78.00,"1,560.00"
2019-03-10,2019031001001232,AKJCL,42,51,10,78.00,780.00
2019-03-10,2019031001001173,AKJCL,42,49,20,78.00,"1,560.00"
2019-03-10,2019031001001157,AKJCL,1,21,10,79.00,790.00
2019-03-10,2019031001001042,AKJCL,42,59,20,78.00,"1,560.00"
2019-03-10,2019031001001432,AKPL,22,41,30,169.00,"5,070.00"
2019-03-10,2019031001001229,AKPL,41,41,59,167.00,"9,853.00"
2019-03-10,2019031001001176,AKPL,39,39,10,169.00,"1,690.00"
2019-03-10,2019031001001175,AKPL,39,39,10,168.00,"1,680.00"
2019-03-10,2019031001001246,ALICL,45,43,50,396.00,"19,800.00"
2019-03-10,2019031001001227,ALICL,49,57,160,395.00,"63,200.00"
2019-03-10,2019031001001182,ALICL,49,22,13,393.00,"5,109.00"
2019-03-10,2019031001001430,API,41,42,44,129.00,"5,676.00"
2019-03-10,2019031001001363,API,37,44,10,127.00,"1,270.00"
2019-03-10,2019031001001210,API,37,48,18,127.00,"2,286.00"
2019-03-10,2019031001001235,BHBL,38,8,132,145.00,"19,140.00"
2019-03-10,2019031001001426,BOKL,16,56,10,245.00,"2,450.00"
2019-03-10,2019031001001066,BOKL,29,32,135,242.00,"32,670.00"
2019-03-10,2019031001001368,BPCL,52,51,20,345.00,"6,900.00"
2019-03-10,2019031001000974,BPCL,45,51,10,345.00,"3,450.00"
2019-03-10,2019031001001324,CBBL,34,42,50,886.00,"44,300.00"
2019-03-10,2019031001001297,CBBL,50,35,200,885.00,"177,000.00"
2019-03-10,2019031001001296,CBBL,50,6,30,885.00,"26,550.00"
2019-03-10,2019031001001295,CBBL,50,14,50,885.00,"44,250.00"
2019-03-10,2019031001000991,CBBL,50,21,100,880.00,"88,000.00"
2019-03-10,2019031001000947,CBBL,44,47,40,875.00,"35,000.00"
2019-03-10,2019031001001102,CBBL,14,14,50,885.00,"44,250.00"
2019-03-10,2019031001001247,CBL,36,8,230,150.00,"34,500.00"
2019-03-10,2019031001001241,CBL,1,11,22,149.00,"3,278.00"
2019-03-10,2019031001001225,CBL,1,42,157,149.00,"23,393.00"
2019-03-10,2019031001001020,CBL,26,32,400,150.00,"60,000.00"
2019-03-10,2019031001001425,CCBL,35,43,22,162.00,"3,564.00"
2019-03-10,2019031001001424,CCBL,35,55,28,162.00,"4,536.00"
2019-03-10,2019031001001038,CCBL,50,44,85,161.00,"13,685.00"
2019-03-10,2019031001001037,CCBL,50,48,97,161.00,"15,617.00"
2019-03-10,2019031001001032,CCBL,41,48,100,161.00,"16,100.00"
2019-03-10,2019031001000984,CCBL,50,48,300,161.00,"48,300.00"
2019-03-10,2019031001000983,CCBL,16,48,381,161.00,"61,341.00"
2019-03-10,2019031001000982,CCBL,52,48,12,161.00,"1,932.00"
2019-03-10,2019031001000973,CCBL,21,52,12,160.00,"1,920.00"
2019-03-10,2019031001000935,CEFL,58,43,380,94.00,"35,720.00"
2019-03-10,2019031001001311,CHCL,1,32,50,502.00,"25,100.00"
2019-03-10,2019031001001191,CHCL,1,42,71,500.00,"35,500.00"
2019-03-10,2019031001001190,CHCL,26,42,50,501.00,"25,050.00"
2019-03-10,2019031001001101,CHCL,38,38,69,502.00,"34,638.00"
2019-03-10,2019031001001237,CHL,58,48,10,102.00,"1,020.00"
2019-03-10,2019031001001230,CHL,58,41,34,102.00,"3,468.00"
2019-03-10,2019031001001411,CHLBS,46,49,10,562.00,"5,620.00"
2019-03-10,2019031001001400,CHLBS,21,21,10,565.00,"5,650.00"
2019-03-10,2019031001001371,CHLBS,21,21,10,565.00,"5,650.00"
2019-03-10,2019031001001316,CHLBS,46,35,10,562.00,"5,620.00"
2019-03-10,2019031001001267,CHLBS,41,49,10,565.00,"5,650.00"
2019-03-10,2019031001001249,CHLBS,41,49,10,565.00,"5,650.00"
2019-03-10,2019031001001245,CHLBS,41,41,10,565.00,"5,650.00"
2019-03-10,2019031001001233,CHLBS,41,13,10,565.00,"5,650.00"
2019-03-10,2019031001001071,CHLBS,41,59,10,565.00,"5,650.00"
2019-03-10,2019031001001043,CHLBS,41,36,10,565.00,"5,650.00"
2019-03-10,2019031001001030,CHLBS,41,36,10,565.00,"5,650.00"
2019-03-10,2019031001001427,CZBIL,45,39,100,207.00,"20,700.00"
2019-03-10,2019031001001215,CZBIL,21,42,302,205.00,"61,910.00"
2019-03-10,2019031001001214,CZBIL,29,42,200,206.00,"41,200.00"
2019-03-10,2019031001001213,CZBIL,50,42,400,206.00,"82,400.00"
2019-03-10,2019031001001212,CZBIL,17,42,50,206.00,"10,300.00"
2019-03-10,2019031001001362,DBBL,57,57,190,123.00,"23,370.00"
2019-03-10,2019031001001361,DBBL,42,57,200,123.00,"24,600.00"
2019-03-10,2019031001001360,DBBL,32,57,250,123.00,"30,750.00"
2019-03-10,2019031001001359,DBBL,36,57,360,123.00,"44,280.00"
2019-03-10,2019031001000951,EBL,41,7,20,520.00,"10,400.00"
2019-03-10,2019031001000950,EBL,41,55,200,520.00,"104,000.00"
2019-03-10,2019031001000949,EBL,41,44,83,520.00,"43,160.00"
2019-03-10,2019031001000948,EBL,41,40,247,520.00,"128,440.00"
2019-03-10,2019031001000937,EBL,56,28,900,519.00,"467,100.00"
2019-03-10,2019031001001386,EDBL,21,58,300,291.00,"87,300.00"
2019-03-10,2019031001001340,EDBL,39,38,200,290.00,"58,000.00"
2019-03-10,2019031001001135,GBBL,33,14,171,182.00,"31,122.00"
2019-03-10,2019031001001041,GBBL,41,14,100,182.00,"18,200.00"
2019-03-10,2019031001001031,GBBL,35,14,100,182.00,"18,200.00"
2019-03-10,2019031001001134,GBIME,42,57,450,262.00,"117,900.00"
2019-03-10,2019031001001133,GBIME,11,57,50,262.00,"13,100.00"
2019-03-10,2019031001001063,GBIME,42,42,148,263.00,"38,924.00"
2019-03-10,2019031001001370,GBLBS,34,51,260,447.00,"116,220.00"
2019-03-10,2019031001001305,GBLBS,34,56,10,447.00,"4,470.00"
2019-03-10,2019031001001304,GBLBS,34,45,10,445.00,"4,450.00"
2019-03-10,2019031001001303,GBLBS,34,22,10,444.00,"4,440.00"
2019-03-10,2019031001001302,GBLBS,34,42,20,444.00,"8,880.00"
2019-03-10,2019031001001195,GBLBS,34,56,45,442.00,"19,890.00"
2019-03-10,2019031001001194,GBLBS,38,56,40,443.00,"17,720.00"
2019-03-10,2019031001001193,GBLBS,38,56,40,443.00,"17,720.00"
2019-03-10,2019031001001234,GDBL,44,11,48,180.00,"8,640.00"
2019-03-10,2019031001001322,GLICL,57,44,30,721.00,"21,630.00"
2019-03-10,2019031001001192,GLICL,5,25,191,720.00,"137,520.00"
2019-03-10,2019031001001183,GLICL,48,51,50,719.00,"35,950.00"
2019-03-10,2019031001001178,GLICL,55,44,65,715.00,"46,475.00"
2019-03-10,2019031001001367,GRDBL,43,41,85,102.00,"8,670.00"
2019-03-10,2019031001001342,GRDBL,55,41,20,102.00,"2,040.00"
2019-03-10,2019031001001341,GRDBL,55,41,10,102.00,"1,020.00"
2019-03-10,2019031001000940,GUFL,52,52,3,106.00,318.00
2019-03-10,2019031001001399,HIDCL,44,48,56,130.00,"7,280.00"
2019-03-10,2019031001001292,HIDCL,34,48,44,130.00,"5,720.00"
2019-03-10,2019031001001138,HIDCL,34,44,56,130.00,"7,280.00"
2019-03-10,2019031001001347,HPPL,39,41,10,174.00,"1,740.00"
2019-03-10,2019031001001343,HPPL,52,39,10,173.00,"1,730.00"
2019-03-10,2019031001001310,HPPL,52,48,20,173.00,"3,460.00"
2019-03-10,2019031001001222,HPPL,39,39,10,174.00,"1,740.00"
2019-03-10,2019031001001221,HPPL,39,39,10,174.00,"1,740.00"
2019-03-10,2019031001001220,HPPL,39,39,10,174.00,"1,740.00"
2019-03-10,2019031001001080,HPPL,52,42,20,174.00,"3,480.00"
2019-03-10,2019031001001228,JBBL,32,11,33,136.00,"4,488.00"
2019-03-10,2019031001001219,JBBL,57,22,500,137.00,"68,500.00"
2019-03-10,2019031001001218,JBBL,57,28,798,137.00,"109,326.00"
2019-03-10,2019031001001002,JBBL,39,45,31,135.00,"4,185.00"
2019-03-10,2019031001001410,JBNL,10,59,50,169.00,"8,450.00"
2019-03-10,2019031001001394,JBNL,10,59,50,169.00,"8,450.00"
2019-03-10,2019031001001379,JBNL,10,59,50,169.00,"8,450.00"
2019-03-10,2019031001001146,JBNL,5,38,200,168.00,"33,600.00"
2019-03-10,2019031001001106,JBNL,6,59,72,169.00,"12,168.00"
2019-03-10,2019031001001140,KBBL,41,38,50,209.00,"10,450.00"
2019-03-10,2019031001001376,KBL,36,1,"3,000",232.00,"696,000.00"
2019-03-10,2019031001001323,KBL,46,1,"1,000",232.00,"232,000.00"
2019-03-10,2019031001000972,KBL,35,8,50,230.00,"11,500.00"
2019-03-10,2019031001000971,KBL,16,8,500,230.00,"115,000.00"
2019-03-10,2019031001000970,KBL,56,8,40,230.00,"9,200.00"
2019-03-10,2019031001001431,KKHC,11,45,10,71.00,710.00
2019-03-10,2019031001001189,KMFL,32,42,15,876.00,"13,140.00"
2019-03-10,2019031001001206,KPCL,1,11,10,92.00,920.00
2019-03-10,2019031001001205,KPCL,1,11,10,92.00,920.00
2019-03-10,2019031001001294,KPCL,45,49,10,91.00,910.00
2019-03-10,2019031001001240,KRBL,10,59,500,97.00,"48,500.00"
2019-03-10,2019031001001307,KSBBL,57,14,200,137.00,"27,400.00"
2019-03-10,2019031001001163,KSBBL,8,8,5,135.00,675.00
2019-03-10,2019031001001026,KSBBL,57,21,42,137.00,"5,754.00"
2019-03-10,2019031001001025,KSBBL,57,42,"2,000",137.00,"274,000.00"
2019-03-10,2019031001001024,KSBBL,57,21,148,137.00,"20,276.00"
2019-03-10,2019031001000989,KSBBL,46,14,20,136.00,"2,720.00"
2019-03-10,2019031001000988,KSBBL,46,29,126,136.00,"17,136.00"
2019-03-10,2019031001000987,KSBBL,46,38,"1,000",136.00,"136,000.00"
2019-03-10,2019031001001269,LBBL,35,32,500,172.00,"86,000.00"
2019-03-10,2019031001001268,LBBL,35,22,440,172.00,"75,680.00"
2019-03-10,2019031001001117,LBBL,59,25,"1,000",171.00,"171,000.00"
2019-03-10,2019031001001023,LICN,54,22,100,"1,455.00","145,500.00"
2019-03-10,2019031001001417,MBL,51,52,500,218.00,"109,000.00"
2019-03-10,2019031001001416,MBL,51,57,100,217.00,"21,700.00"
2019-03-10,2019031001001335,MBL,51,28,100,216.00,"21,600.00"
2019-03-10,2019031001001334,MBL,51,1,300,216.00,"64,800.00"
2019-03-10,2019031001001333,MBL,51,49,200,216.00,"43,200.00"
2019-03-10,2019031001001332,MBL,51,8,200,216.00,"43,200.00"
2019-03-10,2019031001001325,MBL,51,1,200,214.00,"42,800.00"
2019-03-10,2019031001001331,MBL,51,41,500,216.00,"108,000.00"
2019-03-10,2019031001001330,MBL,51,50,50,216.00,"10,800.00"
2019-03-10,2019031001001329,MBL,51,44,100,215.00,"21,500.00"
2019-03-10,2019031001001328,MBL,51,1,200,215.00,"43,000.00"
2019-03-10,2019031001001327,MBL,51,1,100,215.00,"21,500.00"
2019-03-10,2019031001001326,MBL,51,8,344,214.00,"73,616.00"
2019-03-10,2019031001001393,MEGA,42,34,611,161.00,"98,371.00"
2019-03-10,2019031001001108,MEGA,13,38,100,160.00,"16,000.00"
2019-03-10,2019031001001107,MEGA,28,38,512,160.00,"81,920.00"
2019-03-10,2019031001001003,MEGA,52,52,107,160.00,"17,120.00"
2019-03-10,2019031001000933,MEGA,48,1,"1,000",160.00,"160,000.00"
2019-03-10,2019031001001181,MERO,13,42,20,593.00,"11,860.00"
2019-03-10,2019031001001171,MNBBL,52,39,30,344.00,"10,320.00"
2019-03-10,2019031001001170,MNBBL,52,14,40,343.00,"13,720.00"
2019-03-10,2019031001001169,MNBBL,52,6,30,343.00,"10,290.00"
2019-03-10,2019031001001061,MNBBL,45,11,50,340.00,"17,000.00"
2019-03-10,2019031001000941,MSLB,6,6,15,"1,340.00","20,100.00"
2019-03-10,2019031001001035,MSMBS,6,6,22,540.00,"11,880.00"
2019-03-10,2019031001001318,NABIL,54,3,100,688.00,"68,800.00"
2019-03-10,2019031001001317,NABIL,11,3,100,688.00,"68,800.00"
2019-03-10,2019031001001160,NABIL,22,3,10,688.00,"6,880.00"
2019-03-10,2019031001001159,NABIL,32,3,41,688.00,"28,208.00"
2019-03-10,2019031001001100,NABIL,32,10,60,688.00,"41,280.00"
2019-03-10,2019031001001095,NABIL,32,13,100,688.00,"68,800.00"
2019-03-10,2019031001001094,NABIL,32,45,24,688.00,"16,512.00"
2019-03-10,2019031001001081,NABIL,17,45,15,688.00,"10,320.00"
2019-03-10,2019031001001077,NABIL,17,45,15,688.00,"10,320.00"
2019-03-10,2019031001001312,NADEP,29,38,200,685.00,"137,000.00"
2019-03-10,2019031001001164,NADEP,47,40,10,681.00,"6,810.00"
2019-03-10,2019031001001111,NADEP,6,6,10,685.00,"6,850.00"
2019-03-10,2019031001001301,NBB,14,58,257,187.00,"48,059.00"
2019-03-10,2019031001001300,NBB,14,34,140,187.00,"26,180.00"
2019-03-10,2019031001001204,NBB,17,38,82,186.00,"15,252.00"
2019-03-10,2019031001001188,NBB,48,38,30,186.00,"5,580.00"
2019-03-10,2019031001000997,NBB,53,22,295,185.00,"54,575.00"
2019-03-10,2019031001000996,NBB,42,22,35,185.00,"6,475.00"
2019-03-10,2019031001000995,NBB,10,22,200,186.00,"37,200.00"
2019-03-10,2019031001000994,NBB,17,22,200,186.00,"37,200.00"
2019-03-10,2019031001000993,NBB,19,22,244,186.00,"45,384.00"
2019-03-10,2019031001000957,NBB,45,34,100,187.00,"18,700.00"
2019-03-10,2019031001001000,NBB,56,22,977,184.00,"179,768.00"
2019-03-10,2019031001000999,NBB,17,22,"2,000",185.00,"370,000.00"
2019-03-10,2019031001000998,NBB,56,22,49,185.00,"9,065.00"
2019-03-10,2019031001001314,NBL,26,36,50,285.00,"14,250.00"
2019-03-10,2019031001001313,NBL,26,49,162,285.00,"46,170.00"
2019-03-10,2019031001001039,NBL,1,17,264,284.00,"74,976.00"
2019-03-10,2019031001001015,NBL,40,28,50,283.00,"14,150.00"
2019-03-10,2019031001001014,NBL,26,28,150,283.00,"42,450.00"
2019-03-10,2019031001000981,NBL,26,26,50,283.00,"14,150.00"
2019-03-10,2019031001001407,NCCB,33,8,200,209.00,"41,800.00"
2019-03-10,2019031001001129,NCCB,48,44,500,209.00,"104,500.00"
2019-03-10,2019031001001128,NCCB,48,4,"1,615",209.00,"337,535.00"
2019-03-10,2019031001001265,NEF,19,38,"2,253",7.85,"17,686.05"
2019-03-10,2019031001001034,NEF,19,45,725,7.99,"5,792.75"
2019-03-10,2019031001001145,NGPL,34,41,25,112.00,"2,800.00"
2019-03-10,2019031001001127,NGPL,6,6,126,114.00,"14,364.00"
2019-03-10,2019031001001266,NHDL,48,51,10,125.00,"1,250.00"
2019-03-10,2019031001001142,NHDL,45,21,10,125.00,"1,250.00"
2019-03-10,2019031001001366,NIB,25,29,200,519.00,"103,800.00"
2019-03-10,2019031001001299,NIB,55,6,350,518.00,"181,300.00"
2019-03-10,2019031001001298,NIB,11,6,10,519.00,"5,190.00"
2019-03-10,2019031001001278,NIB,11,21,91,519.00,"47,229.00"
2019-03-10,2019031001001277,NIB,22,21,10,519.00,"5,190.00"
2019-03-10,2019031001001079,NIB,55,14,50,518.00,"25,900.00"
2019-03-10,2019031001001078,NIB,55,25,100,518.00,"51,800.00"
2019-03-10,2019031001001047,NIB,22,22,58,516.00,"29,928.00"
2019-03-10,2019031001001046,NIB,22,37,20,516.00,"10,320.00"
2019-03-10,2019031001001375,NIBPO,11,8,500,468.00,"234,000.00"
2019-03-10,2019031001001387,NICA,14,14,"1,000",392.00,"392,000.00"
2019-03-10,2019031001001319,NICA,45,14,165,392.00,"64,680.00"
2019-03-10,2019031001001289,NICA,10,14,35,392.00,"13,720.00"
2019-03-10,2019031001001224,NICA,16,56,81,391.00,"31,671.00"
2019-03-10,2019031001001207,NICA,52,14,200,392.00,"78,400.00"
2019-03-10,2019031001001069,NICA,42,42,119,391.00,"46,529.00"
2019-03-10,2019031001001006,NICA,45,44,100,391.00,"39,100.00"
2019-03-10,2019031001001005,NICA,45,35,60,390.00,"23,400.00"
2019-03-10,2019031001001004,NICA,45,22,63,390.00,"24,570.00"
2019-03-10,2019031001001036,NICA,52,52,19,391.00,"7,429.00"
2019-03-10,2019031001001012,NICA,45,1,350,392.00,"137,200.00"
2019-03-10,2019031001001011,NICA,45,13,343,392.00,"134,456.00"
2019-03-10,2019031001001010,NICA,45,28,132,392.00,"51,744.00"
2019-03-10,2019031001001009,NICA,45,32,53,391.00,"20,723.00"
2019-03-10,2019031001001007,NICA,45,32,277,391.00,"108,307.00"
2019-03-10,2019031001001422,NICL,56,49,50,380.00,"19,000.00"
2019-03-10,2019031001001401,NICL,56,40,200,379.00,"75,800.00"
2019-03-10,2019031001001076,NICL,33,40,50,374.00,"18,700.00"
2019-03-10,2019031001001055,NICL,5,40,100,374.00,"37,400.00"
2019-03-10,2019031001001121,NICL,25,40,100,376.00,"37,600.00"
2019-03-10,2019031001001120,NICL,37,40,85,376.00,"31,960.00"
2019-03-10,2019031001001116,NICL,32,40,40,376.00,"15,040.00"
2019-03-10,2019031001001110,NICL,32,7,50,376.00,"18,800.00"
2019-03-10,2019031001001109,NICL,32,40,10,376.00,"3,760.00"
2019-03-10,2019031001001177,NICL,29,40,88,377.00,"33,176.00"
2019-03-10,2019031001001137,NICL,29,49,87,377.00,"32,799.00"
2019-03-10,2019031001001136,NICL,29,19,325,377.00,"122,525.00"
2019-03-10,2019031001001131,NICL,42,19,175,377.00,"65,975.00"
2019-03-10,2019031001001130,NICL,42,25,50,377.00,"18,850.00"
2019-03-10,2019031001001125,NICL,42,40,75,376.00,"28,200.00"
2019-03-10,2019031001001284,NLG,25,42,36,815.00,"29,340.00"
2019-03-10,2019031001001283,NLG,25,42,56,815.00,"45,640.00"
2019-03-10,2019031001001282,NLG,25,42,56,815.00,"45,640.00"
2019-03-10,2019031001001378,NLIC,13,11,20,"1,112.00","22,240.00"
2019-03-10,2019031001001337,NLIC,32,34,"1,000","1,110.00","1,110,000.00"
2019-03-10,2019031001001336,NLIC,32,39,34,"1,110.00","37,740.00"
2019-03-10,2019031001001321,NLIC,42,48,39,"1,105.00","43,095.00"
2019-03-10,2019031001001320,NLIC,26,48,17,"1,105.00","18,785.00"
2019-03-10,2019031001001315,NLIC,7,39,20,"1,110.00","22,200.00"
2019-03-10,2019031001000967,NLIC,32,45,60,"1,100.00","66,000.00"
2019-03-10,2019031001000966,NLIC,32,22,100,"1,100.00","110,000.00"
2019-03-10,2019031001000965,NLIC,32,13,117,"1,100.00","128,700.00"
2019-03-10,2019031001000964,NLIC,32,42,100,"1,100.00","110,000.00"
2019-03-10,2019031001000963,NLIC,32,45,106,"1,100.00","116,600.00"
2019-03-10,2019031001001141,NLIC,14,53,33,"1,109.00","36,597.00"
2019-03-10,2019031001001139,NLIC,6,6,17,"1,107.00","18,819.00"
2019-03-10,2019031001001132,NLIC,14,38,17,"1,105.00","18,785.00"
2019-03-10,2019031001001073,NLIC,17,53,20,"1,109.00","22,180.00"
2019-03-10,2019031001001027,NLIC,25,56,100,"1,104.00","110,400.00"
2019-03-10,2019031001000968,NLIC,32,13,17,"1,100.00","18,700.00"
2019-03-10,2019031001001306,NLIC,44,39,17,"1,110.00","18,870.00"
2019-03-10,2019031001001288,NLIC,36,21,69,"1,109.00","76,521.00"
2019-03-10,2019031001001287,NLIC,36,36,197,"1,109.00","218,473.00"
2019-03-10,2019031001001286,NLIC,36,53,62,"1,109.00","68,758.00"
2019-03-10,2019031001001280,NLIC,34,53,16,"1,109.00","17,744.00"
2019-03-10,2019031001001242,NLIC,29,44,10,"1,108.00","11,080.00"
2019-03-10,2019031001001414,NLICL,39,1,200,648.00,"129,600.00"
2019-03-10,2019031001001413,NLICL,39,17,400,647.00,"258,800.00"
2019-03-10,2019031001001385,NLICL,36,17,200,647.00,"129,400.00"
2019-03-10,2019031001001348,NLICL,36,21,200,645.00,"129,000.00"
2019-03-10,2019031001001209,NLICL,39,43,200,645.00,"129,000.00"
2019-03-10,2019031001001065,NLICL,39,34,150,645.00,"96,750.00"
2019-03-10,2019031001001064,NLICL,39,43,20,644.00,"12,880.00"
2019-03-10,2019031001001050,NLICL,17,43,50,644.00,"32,200.00"
2019-03-10,2019031001001013,NLICL,17,43,30,644.00,"19,320.00"
2019-03-10,2019031001001405,NMB,39,39,16,315.00,"5,040.00"
2019-03-10,2019031001001404,NMB,39,39,11,315.00,"3,465.00"
2019-03-10,2019031001001403,NMB,39,39,16,315.00,"5,040.00"
2019-03-10,2019031001001402,NMB,39,39,11,315.00,"3,465.00"
2019-03-10,2019031001001274,NMB,32,22,500,315.00,"157,500.00"
2019-03-10,2019031001001273,NMB,32,11,50,315.00,"15,750.00"
2019-03-10,2019031001000959,NMB,32,57,300,313.00,"93,900.00"
2019-03-10,2019031001000958,NMB,32,45,19,313.00,"5,947.00"
2019-03-10,2019031001001272,NMB,32,49,500,315.00,"157,500.00"
2019-03-10,2019031001001271,NMB,32,34,150,315.00,"47,250.00"
2019-03-10,2019031001001270,NMB,32,57,100,314.00,"31,400.00"
2019-03-10,2019031001001113,NMB,39,39,11,314.00,"3,454.00"
2019-03-10,2019031001001070,NMB,32,25,150,314.00,"47,100.00"
2019-03-10,2019031001000960,NMB,32,11,50,313.00,"15,650.00"
2019-03-10,2019031001001216,NMFBS,5,11,10,"1,655.00","16,550.00"
2019-03-10,2019031001001184,NNLB,34,42,20,461.00,"9,220.00"
2019-03-10,2019031001001045,NSEWA,39,17,10,549.00,"5,490.00"
2019-03-10,2019031001001365,NTC,22,7,10,682.00,"6,820.00"
2019-03-10,2019031001001364,NTC,22,20,90,682.00,"61,380.00"
2019-03-10,2019031001001161,NTC,25,20,10,682.00,"6,820.00"
2019-03-10,2019031001001104,NTC,41,20,100,682.00,"68,200.00"
2019-03-10,2019031001001040,NTC,42,7,100,680.00,"68,000.00"
2019-03-10,2019031001001423,PCBL,49,43,370,311.00,"115,070.00"
2019-03-10,2019031001001356,PCBL,52,38,243,310.00,"75,330.00"
2019-03-10,2019031001001290,PCBL,54,38,200,310.00,"62,000.00"
2019-03-10,2019031001001172,PCBL,28,38,30,310.00,"9,300.00"
2019-03-10,2019031001001167,PCBL,54,38,27,310.00,"8,370.00"
2019-03-10,2019031001001156,PCBL,28,43,30,311.00,"9,330.00"
2019-03-10,2019031001001089,PCBL,54,54,23,310.00,"7,130.00"
2019-03-10,2019031001001052,PCBL,42,42,668,309.00,"206,412.00"
2019-03-10,2019031001001051,PCBL,33,42,43,309.00,"13,287.00"
2019-03-10,2019031001001049,PCBL,33,52,27,309.00,"8,343.00"
2019-03-10,2019031001001048,PCBL,52,54,27,310.00,"8,370.00"
2019-03-10,2019031001000956,PCBL,33,22,130,309.00,"40,170.00"
2019-03-10,2019031001001429,PIC,57,17,12,"1,030.00","12,360.00"
2019-03-10,2019031001001428,PIC,57,39,11,"1,029.00","11,319.00"
2019-03-10,2019031001001126,PIC,45,38,11,"1,030.00","11,330.00"
2019-03-10,2019031001001044,PIC,42,7,11,"1,030.00","11,330.00"
2019-03-10,2019031001001285,PMHPL,10,38,10,109.00,"1,090.00"
2019-03-10,2019031001001211,PMHPL,10,49,10,109.00,"1,090.00"
2019-03-10,2019031001001208,PMHPL,10,41,10,109.00,"1,090.00"
2019-03-10,2019031001001185,PMHPL,10,41,10,109.00,"1,090.00"
2019-03-10,2019031001000985,PMHPL,10,51,10,109.00,"1,090.00"
2019-03-10,2019031001001248,PRIN,48,53,25,411.00,"10,275.00"
2019-03-10,2019031001001187,PRIN,42,53,50,410.00,"20,500.00"
2019-03-10,2019031001001179,PRIN,42,42,100,410.00,"41,000.00"
2019-03-10,2019031001001384,PRVU,32,48,200,224.00,"44,800.00"
2019-03-10,2019031001001383,PRVU,32,56,425,224.00,"95,200.00"
2019-03-10,2019031001001382,PRVU,32,17,500,224.00,"112,000.00"
2019-03-10,2019031001001381,PRVU,32,49,50,224.00,"11,200.00"
2019-03-10,2019031001001380,PRVU,32,28,140,224.00,"31,360.00"
2019-03-10,2019031001001351,PRVU,21,57,330,222.00,"73,260.00"
2019-03-10,2019031001000955,PRVU,14,8,468,222.00,"103,896.00"
2019-03-10,2019031001000954,PRVU,14,42,500,222.00,"111,000.00"
2019-03-10,2019031001000953,PRVU,14,22,232,222.00,"51,504.00"
2019-03-10,2019031001000952,PRVU,14,58,200,222.00,"44,400.00"
2019-03-10,2019031001001097,PRVU,36,52,200,223.00,"44,600.00"
2019-03-10,2019031001001096,PRVU,36,52,50,223.00,"11,150.00"
2019-03-10,2019031001001088,PRVU,36,54,30,222.00,"6,660.00"
2019-03-10,2019031001001087,PRVU,39,54,10,222.00,"2,220.00"
2019-03-10,2019031001001022,PRVU,39,8,22,222.00,"4,884.00"
2019-03-10,2019031001001021,PRVU,26,8,10,222.00,"2,220.00"
2019-03-10,2019031001001350,PRVU,32,57,100,222.00,"22,200.00"
2019-03-10,2019031001001349,PRVU,36,57,70,222.00,"15,540.00"
2019-03-10,2019031001001308,PRVU,25,44,14,223.00,"3,122.00"
2019-03-10,2019031001001099,PRVU,36,41,"1,000",223.00,"223,000.00"
2019-03-10,2019031001001098,PRVU,36,22,100,223.00,"22,300.00"
2019-03-10,2019031001001115,PURBL,34,43,"1,000",188.00,"188,000.00"
2019-03-10,2019031001001114,PURBL,34,21,500,187.00,"93,500.00"
2019-03-10,2019031001001075,RADHI,58,25,50,168.00,"8,400.00"
2019-03-10,2019031001001180,RHPC,8,8,3,91.00,273.00
2019-03-10,2019031001001291,RLFL,1,38,145,112.00,"16,240.00"
2019-03-10,2019031001001392,RMDC,34,45,30,540.00,"16,200.00"
2019-03-10,2019031001001391,RMDC,34,58,204,539.00,"109,956.00"
2019-03-10,2019031001001390,RMDC,34,34,300,538.00,"161,400.00"
2019-03-10,2019031001001389,RMDC,34,44,39,535.00,"20,865.00"
2019-03-10,2019031001001226,RRHP,17,49,10,93.00,930.00
2019-03-10,2019031001001165,RRHP,17,40,10,93.00,930.00
2019-03-10,2019031001000961,RRHP,57,47,50,94.00,"4,700.00"
2019-03-10,2019031001001067,RSDC,45,32,22,380.00,"8,360.00"
2019-03-10,2019031001001346,SANIMA,42,19,500,299.00,"149,500.00"
2019-03-10,2019031001001293,SANIMA,59,38,20,298.00,"5,960.00"
2019-03-10,2019031001001174,SANIMA,37,38,200,298.00,"59,600.00"
2019-03-10,2019031001001074,SANIMA,52,52,13,298.00,"3,874.00"
2019-03-10,2019031001001060,SANIMA,17,45,50,300.00,"15,000.00"
2019-03-10,2019031001001059,SANIMA,17,45,100,300.00,"30,000.00"
2019-03-10,2019031001001058,SANIMA,53,45,100,300.00,"30,000.00"
2019-03-10,2019031001000945,SANIMA,20,43,200,301.00,"60,200.00"
2019-03-10,2019031001000944,SANIMA,20,14,18,300.00,"5,400.00"
2019-03-10,2019031001000943,SANIMA,20,7,200,300.00,"60,000.00"
2019-03-10,2019031001001355,SBI,45,7,300,380.00,"114,000.00"
2019-03-10,2019031001001202,SBI,8,8,1,371.00,371.00
2019-03-10,2019031001000962,SBI,42,42,103,378.00,"38,934.00"
2019-03-10,2019031001001374,SBL,45,21,10,282.00,"2,820.00"
2019-03-10,2019031001001373,SBL,45,8,218,282.00,"61,476.00"
2019-03-10,2019031001001372,SBL,45,21,171,282.00,"48,222.00"
2019-03-10,2019031001001019,SBL,42,42,868,279.00,"242,172.00"
2019-03-10,2019031001001354,SDESI,46,41,27,585.00,"15,795.00"
2019-03-10,2019031001001309,SEF,53,38,180,9.05,"1,629.00"
2019-03-10,2019031001001168,SHINE,26,44,10,240.00,"2,400.00"
2019-03-10,2019031001001409,SHPC,45,49,450,230.00,"103,500.00"
2019-03-10,2019031001001408,SHPC,45,53,50,229.00,"11,450.00"
2019-03-10,2019031001001251,SHPC,33,43,310,228.00,"70,680.00"
2019-03-10,2019031001001250,SHPC,33,53,50,228.00,"11,400.00"
2019-03-10,2019031001001152,SHPC,34,21,326,224.00,"73,024.00"
2019-03-10,2019031001001151,SHPC,34,21,56,224.00,"12,544.00"
2019-03-10,2019031001001029,SHPC,20,21,270,224.00,"60,480.00"
2019-03-10,2019031001001028,SHPC,20,49,230,224.00,"51,520.00"
2019-03-10,2019031001001244,SHPC,33,17,500,227.00,"113,500.00"
2019-03-10,2019031001001243,SHPC,33,45,39,227.00,"8,853.00"
2019-03-10,2019031001001155,SHPC,34,38,556,225.00,"125,100.00"
2019-03-10,2019031001001154,SHPC,34,22,200,225.00,"45,000.00"
2019-03-10,2019031001001153,SHPC,34,21,326,224.00,"73,024.00"
2019-03-10,2019031001001236,SIC,42,1,10,"1,315.00","13,150.00"
2019-03-10,2019031001001033,SIFC,42,42,779,133.00,"103,607.00"
2019-03-10,2019031001001406,SINDU,46,22,780,118.00,"92,040.00"
2019-03-10,2019031001001353,SLBSL,10,17,10,765.00,"7,650.00"
2019-03-10,2019031001001352,SLBSL,10,46,10,765.00,"7,650.00"
2019-03-10,2019031001001082,SLBSL,32,42,10,760.00,"7,600.00"
2019-03-10,2019031001001338,SMATA,21,21,18,"1,305.00","23,490.00"
2019-03-10,2019031001001415,SMFDBP,46,36,"2,500",385.00,"962,500.00"
2019-03-10,2019031001001276,SPDL,39,39,14,90.00,"1,260.00"
2019-03-10,2019031001001275,SPDL,39,39,14,90.00,"1,260.00"
2019-03-10,2019031001001166,SPDL,45,41,88,89.00,"7,832.00"
2019-03-10,2019031001001001,SPDL,16,41,29,90.00,"2,610.00"
2019-03-10,2019031001001377,SRBL,40,44,500,213.00,"106,500.00"
2019-03-10,2019031001001369,SRBL,59,25,900,212.00,"190,800.00"
2019-03-10,2019031001001358,SRBL,34,34,500,212.00,"106,000.00"
2019-03-10,2019031001001119,SRBL,17,35,275,211.00,"58,025.00"
2019-03-10,2019031001001118,SRBL,17,42,120,210.00,"25,200.00"
2019-03-10,2019031001001112,SRBL,11,13,72,210.00,"15,120.00"
2019-03-10,2019031001001339,UMHL,46,48,14,107.00,"1,498.00"
2019-03-10,2019031001001281,UMHL,46,41,103,107.00,"11,021.00"
2019-03-10,2019031001001203,UMHL,46,41,10,107.00,"1,070.00"
2019-03-10,2019031001000936,UNL,34,22,10,"19,000.00","190,000.00"
2019-03-10,2019031001001421,UPPER,50,22,170,231.00,"39,270.00"
2019-03-10,2019031001001420,UPPER,50,21,50,231.00,"11,550.00"
2019-03-10,2019031001001419,UPPER,50,43,200,231.00,"46,200.00"
2019-03-10,2019031001001418,UPPER,50,21,40,231.00,"9,240.00"
2019-03-10,2019031001001398,UPPER,33,35,300,230.00,"69,000.00"
2019-03-10,2019031001001397,UPPER,33,26,50,230.00,"11,500.00"
2019-03-10,2019031001000969,UPPER,42,28,40,226.00,"9,040.00"
2019-03-10,2019031001000946,UPPER,39,10,293,227.00,"66,511.00"
2019-03-10,2019031001000942,UPPER,1,35,90,227.00,"20,430.00"
2019-03-10,2019031001000938,UPPER,1,42,50,227.00,"11,350.00"
2019-03-10,2019031001000934,UPPER,1,39,50,227.00,"11,350.00"
2019-03-10,2019031001000980,UPPER,45,42,40,227.00,"9,080.00"
2019-03-10,2019031001000979,UPPER,45,39,40,227.00,"9,080.00"
2019-03-10,2019031001000978,UPPER,45,38,40,227.00,"9,080.00"
2019-03-10,2019031001000977,UPPER,45,57,30,227.00,"6,810.00"
2019-03-10,2019031001000976,UPPER,45,39,40,227.00,"9,080.00"
2019-03-10,2019031001000975,UPPER,45,35,500,227.00,"113,500.00"
2019-03-10,2019031001001017,UPPER,57,35,500,227.00,"113,500.00"
2019-03-10,2019031001001016,UPPER,45,35,490,227.00,"111,230.00"
2019-03-10,2019031001001008,UPPER,45,28,50,227.00,"11,350.00"
2019-03-10,2019031001000992,UPPER,45,42,50,227.00,"11,350.00"
2019-03-10,2019031001000990,UPPER,45,51,50,227.00,"11,350.00"
2019-03-10,2019031001000986,UPPER,45,26,50,227.00,"11,350.00"
2019-03-10,2019031001001068,UPPER,44,39,40,227.00,"9,080.00"
2019-03-10,2019031001001062,UPPER,44,39,40,227.00,"9,080.00"
2019-03-10,2019031001001057,UPPER,32,25,50,228.00,"11,400.00"
2019-03-10,2019031001001056,UPPER,32,11,50,228.00,"11,400.00"
2019-03-10,2019031001001054,UPPER,44,28,50,227.00,"11,350.00"
2019-03-10,2019031001001018,UPPER,54,35,100,227.00,"22,700.00"
2019-03-10,2019031001001091,UPPER,44,40,10,227.00,"2,270.00"
2019-03-10,2019031001001086,UPPER,44,35,"4,810",227.00,"1,091,870.00"
2019-03-10,2019031001001085,UPPER,58,35,10,228.00,"2,280.00"
2019-03-10,2019031001001084,UPPER,58,28,50,228.00,"11,400.00"
2019-03-10,2019031001001083,UPPER,58,25,40,228.00,"9,120.00"
2019-03-10,2019031001001072,UPPER,44,39,50,227.00,"11,350.00"
2019-03-10,2019031001001123,UPPER,47,42,40,227.00,"9,080.00"
2019-03-10,2019031001001122,UPPER,47,38,40,227.00,"9,080.00"
2019-03-10,2019031001001105,UPPER,42,42,97,227.00,"22,019.00"
2019-03-10,2019031001001103,UPPER,42,42,97,227.00,"22,019.00"
2019-03-10,2019031001001093,UPPER,59,59,50,228.00,"11,400.00"
2019-03-10,2019031001001092,UPPER,42,40,40,226.00,"9,040.00"
2019-03-10,2019031001001158,UPPER,50,40,40,227.00,"9,080.00"
2019-03-10,2019031001001150,UPPER,50,19,259,227.00,"58,793.00"
2019-03-10,2019031001001149,UPPER,41,19,200,227.00,"45,400.00"
2019-03-10,2019031001001148,UPPER,57,19,400,227.00,"90,800.00"
2019-03-10,2019031001001147,UPPER,52,19,500,227.00,"113,500.00"
2019-03-10,2019031001001124,UPPER,42,40,50,226.00,"11,300.00"
2019-03-10,2019031001001199,UPPER,46,10,293,228.00,"66,804.00"
2019-03-10,2019031001001198,UPPER,46,10,293,228.00,"66,804.00"
2019-03-10,2019031001001197,UPPER,46,59,50,228.00,"11,400.00"
2019-03-10,2019031001001196,UPPER,46,59,50,228.00,"11,400.00"
2019-03-10,2019031001001186,UPPER,50,41,50,227.00,"11,350.00"
2019-03-10,2019031001001162,UPPER,50,28,50,227.00,"11,350.00"
2019-03-10,2019031001001223,UPPER,50,21,50,227.00,"11,350.00"
2019-03-10,2019031001001217,UPPER,50,41,40,227.00,"9,080.00"
2019-03-10,2019031001001201,UPPER,46,10,293,228.00,"66,804.00"
2019-03-10,2019031001001200,UPPER,46,10,293,228.00,"66,804.00"
2019-03-10,2019031001001256,UPPER,20,55,50,229.00,"11,450.00"
2019-03-10,2019031001001255,UPPER,20,45,50,229.00,"11,450.00"
2019-03-10,2019031001001254,UPPER,20,32,50,228.00,"11,400.00"
2019-03-10,2019031001001253,UPPER,20,51,40,228.00,"9,120.00"
2019-03-10,2019031001001238,UPPER,50,41,40,227.00,"9,080.00"
2019-03-10,2019031001001231,UPPER,50,41,40,227.00,"9,080.00"
2019-03-10,2019031001001262,UPPER,20,56,40,230.00,"9,200.00"
2019-03-10,2019031001001261,UPPER,20,58,997,230.00,"229,310.00"
2019-03-10,2019031001001260,UPPER,20,42,40,229.00,"9,160.00"
2019-03-10,2019031001001259,UPPER,20,42,72,229.00,"16,488.00"
2019-03-10,2019031001001258,UPPER,20,42,40,229.00,"9,160.00"
2019-03-10,2019031001001257,UPPER,20,22,472,229.00,"108,088.00"
2019-03-10,2019031001001396,UPPER,33,26,50,230.00,"11,500.00"
2019-03-10,2019031001001395,UPPER,33,41,"1,500",230.00,"345,000.00"
2019-03-10,2019031001001279,UPPER,20,34,40,230.00,"9,200.00"
2019-03-10,2019031001001264,UPPER,20,55,40,230.00,"9,200.00"
2019-03-10,2019031001001263,UPPER,20,11,50,230.00,"11,500.00"
2019-03-10,2019031001001252,VLBS,8,8,1,672.00,672.00
2019-03-10,2019031001000939,VLBS,57,57,28,685.00,"19,180.00"
2019-03-10,2019031001000723,ADBL,14,16,475,292.00,"138,700.00"
2019-03-10,2019031001000722,ADBL,41,16,25,293.00,"7,325.00"
2019-03-10,2019031001000537,ADBL,1,1,100,293.00,"29,300.00"
2019-03-10,2019031001000617,AHPC,29,25,"1,000",100.00,"100,000.00"
2019-03-10,2019031001000892,AKJCL,29,39,390,78.00,"30,420.00"
2019-03-10,2019031001000547,AKJCL,22,39,130,79.00,"10,270.00"
2019-03-10,2019031001000873,AKPL,22,41,11,166.00,"1,826.00"
2019-03-10,2019031001000799,AKPL,22,49,10,166.00,"1,660.00"
2019-03-10,2019031001000775,AKPL,41,41,166,169.00,"28,054.00"
2019-03-10,2019031001000774,AKPL,41,48,13,169.00,"2,197.00"
2019-03-10,2019031001000773,AKPL,41,56,71,168.00,"11,928.00"
2019-03-10,2019031001000709,AKPL,22,45,13,166.00,"2,158.00"
2019-03-10,2019031001000557,AKPL,22,5,20,166.00,"3,320.00"
2019-03-10,2019031001000548,AKPL,22,5,20,166.00,"3,320.00"
2019-03-10,2019031001000581,ALICL,1,1,9,379.00,"3,411.00"
2019-03-10,2019031001000711,API,33,42,53,129.00,"6,837.00"
2019-03-10,2019031001000635,API,37,34,100,127.00,"12,700.00"
2019-03-10,2019031001000865,BOKL,50,8,500,243.00,"121,500.00"
2019-03-10,2019031001000744,BOKL,50,45,500,244.00,"122,000.00"
2019-03-10,2019031001000562,BOKL,29,38,30,242.00,"7,260.00"
2019-03-10,2019031001000561,BOKL,32,38,20,243.00,"4,860.00"
2019-03-10,2019031001000903,BPCL,45,51,10,345.00,"3,450.00"
2019-03-10,2019031001000644,BPCL,45,7,20,345.00,"6,900.00"
2019-03-10,2019031001000634,BPCL,45,42,10,345.00,"3,450.00"
2019-03-10,2019031001000863,CBBL,42,42,535,873.00,"467,055.00"
2019-03-10,2019031001000914,CBL,1,22,79,149.00,"11,771.00"
2019-03-10,2019031001000913,CBL,11,22,200,149.00,"29,800.00"
2019-03-10,2019031001000922,CCBL,45,48,500,161.00,"80,500.00"
2019-03-10,2019031001000770,CCBL,8,8,1,157.00,157.00
2019-03-10,2019031001000540,CCBL,21,44,100,160.00,"16,000.00"
2019-03-10,2019031001000534,CCBL,21,22,329,160.00,"52,640.00"
2019-03-10,2019031001000898,CEFL,38,43,300,95.00,"28,500.00"
2019-03-10,2019031001000897,CEFL,4,43,100,95.00,"9,500.00"
2019-03-10,2019031001000772,CEFL,4,26,500,96.00,"48,000.00"
2019-03-10,2019031001000771,CEFL,4,35,50,96.00,"4,800.00"
2019-03-10,2019031001000450,CEFL,4,18,750,95.00,"71,250.00"
2019-03-10,2019031001000444,CEFL,5,18,50,95.00,"4,750.00"
2019-03-10,2019031001000868,CHCL,42,42,473,504.00,"238,392.00"
2019-03-10,2019031001000536,CHCL,53,53,3,490.00,"1,470.00"
2019-03-10,2019031001000508,CHCL,53,53,3,490.00,"1,470.00"
2019-03-10,2019031001000921,CHL,58,41,13,102.00,"1,326.00"
2019-03-10,2019031001000925,CHLBS,41,36,10,565.00,"5,650.00"
2019-03-10,2019031001000915,CHLBS,6,55,10,563.00,"5,630.00"
2019-03-10,2019031001000862,CHLBS,19,39,10,561.00,"5,610.00"
2019-03-10,2019031001000847,CHLBS,40,44,10,561.00,"5,610.00"
2019-03-10,2019031001000824,CHLBS,40,44,10,561.00,"5,610.00"
2019-03-10,2019031001000803,CHLBS,40,44,10,561.00,"5,610.00"
2019-03-10,2019031001000670,CHLBS,5,7,10,561.00,"5,610.00"
2019-03-10,2019031001000601,CHLBS,14,49,10,562.00,"5,620.00"
2019-03-10,2019031001000587,CHLBS,21,39,10,569.00,"5,690.00"
2019-03-10,2019031001000586,CHLBS,21,50,10,568.00,"5,680.00"
2019-03-10,2019031001000570,CHLBS,36,36,10,567.00,"5,670.00"
2019-03-10,2019031001000483,CHLBS,45,45,10,562.00,"5,620.00"
2019-03-10,2019031001000705,CHLBS,25,29,10,569.00,"5,690.00"
2019-03-10,2019031001000700,CHLBS,40,44,10,561.00,"5,610.00"
2019-03-10,2019031001000687,CHLBS,38,38,10,565.00,"5,650.00"
2019-03-10,2019031001000685,CHLBS,40,39,10,561.00,"5,610.00"
2019-03-10,2019031001000678,CHLBS,40,39,10,561.00,"5,610.00"
2019-03-10,2019031001000671,CHLBS,40,39,10,561.00,"5,610.00"
2019-03-10,2019031001000760,CHLBS,40,44,10,561.00,"5,610.00"
2019-03-10,2019031001000717,CHLBS,40,39,10,561.00,"5,610.00"
2019-03-10,2019031001000714,CHLBS,40,39,10,561.00,"5,610.00"
2019-03-10,2019031001000708,CHLBS,40,39,10,561.00,"5,610.00"
2019-03-10,2019031001000707,CHLBS,25,53,80,570.00,"45,600.00"
2019-03-10,2019031001000706,CHLBS,25,25,10,569.00,"5,690.00"
2019-03-10,2019031001000906,CZBIL,45,22,354,206.00,"72,924.00"
2019-03-10,2019031001000716,CZBIL,45,7,12,204.00,"2,448.00"
2019-03-10,2019031001000638,CZBIL,45,46,116,204.00,"23,664.00"
2019-03-10,2019031001000555,CZBIL,45,38,450,204.00,"91,800.00"
2019-03-10,2019031001000554,CZBIL,26,38,50,204.00,"10,200.00"
2019-03-10,2019031001000481,CZBIL,16,22,38,204.00,"7,752.00"
2019-03-10,2019031001000819,DBBL,14,14,1,121.00,121.00
2019-03-10,2019031001000445,DBBL,36,52,140,123.00,"17,220.00"
2019-03-10,2019031001000923,EBL,25,28,100,519.00,"51,900.00"
2019-03-10,2019031001000918,EBL,25,28,500,519.00,"259,500.00"
2019-03-10,2019031001000889,EBL,43,17,350,518.00,"181,300.00"
2019-03-10,2019031001000883,EBL,32,32,"6,000",516.00,"3,096,000.00"
2019-03-10,2019031001000882,EBL,1,32,"1,000",516.00,"516,000.00"
2019-03-10,2019031001000881,EBL,19,32,25,517.00,"12,925.00"
2019-03-10,2019031001000491,EBL,14,32,"2,000",517.00,"1,034,000.00"
2019-03-10,2019031001000490,EBL,57,32,20,518.00,"10,360.00"
2019-03-10,2019031001000437,EBL,57,35,80,518.00,"41,440.00"
2019-03-10,2019031001000880,EBL,48,32,100,517.00,"51,700.00"
2019-03-10,2019031001000879,EBL,41,32,100,517.00,"51,700.00"
2019-03-10,2019031001000785,EBL,8,8,3,508.00,"1,524.00"
2019-03-10,2019031001000755,EBL,36,17,50,518.00,"25,900.00"
2019-03-10,2019031001000730,EDBL,37,58,154,290.00,"44,660.00"
2019-03-10,2019031001000535,FMDBL,42,57,105,365.00,"38,325.00"
2019-03-10,2019031001000794,GBBL,58,4,300,180.00,"54,000.00"
2019-03-10,2019031001000793,GBBL,46,4,"1,000",180.00,"180,000.00"
2019-03-10,2019031001000792,GBBL,34,4,500,180.00,"90,000.00"
2019-03-10,2019031001000791,GBBL,39,4,100,180.00,"18,000.00"
2019-03-10,2019031001000790,GBBL,49,4,100,180.00,"18,000.00"
2019-03-10,2019031001000769,GBBL,49,22,100,180.00,"18,000.00"
2019-03-10,2019031001000688,GBBL,49,32,100,180.00,"18,000.00"
2019-03-10,2019031001000553,GBBL,28,4,800,182.00,"145,600.00"
2019-03-10,2019031001000552,GBBL,14,4,140,182.00,"25,480.00"
2019-03-10,2019031001000896,GBIME,11,37,100,262.00,"26,200.00"
2019-03-10,2019031001000826,GBIME,14,14,1,256.00,256.00
2019-03-10,2019031001000439,GBIME,51,22,257,261.00,"67,077.00"
2019-03-10,2019031001000895,GBLBS,34,41,10,440.00,"4,400.00"
2019-03-10,2019031001000503,GBLBS,1,19,10,439.00,"4,390.00"
2019-03-10,2019031001000496,GBLBS,8,8,1,431.00,431.00
2019-03-10,2019031001000845,GLICL,10,58,10,707.00,"7,070.00"
2019-03-10,2019031001000446,GLICL,5,51,50,694.00,"34,700.00"
2019-03-10,2019031001000840,HBL,46,1,200,431.00,"86,200.00"
2019-03-10,2019031001000462,HBL,42,47,158,430.00,"67,940.00"
2019-03-10,2019031001000689,HPPL,6,6,10,173.00,"1,730.00"
2019-03-10,2019031001000683,HPPL,41,13,20,172.00,"3,440.00"
2019-03-10,2019031001000876,JBBL,26,8,100,134.00,"13,400.00"
2019-03-10,2019031001000875,JBBL,1,8,200,134.00,"26,800.00"
2019-03-10,2019031001000874,JBBL,36,8,13,134.00,"1,742.00"
2019-03-10,2019031001000720,JBBL,36,45,37,134.00,"4,958.00"
2019-03-10,2019031001000928,JBNL,26,22,69,167.00,"11,523.00"
2019-03-10,2019031001000811,JBNL,17,22,200,166.00,"33,200.00"
2019-03-10,2019031001000718,JBNL,28,28,91,165.00,"15,015.00"
2019-03-10,2019031001000694,JBNL,28,32,50,165.00,"8,250.00"
2019-03-10,2019031001000546,JBNL,45,39,95,164.00,"15,580.00"
2019-03-10,2019031001000494,JBNL,45,51,332,164.00,"54,448.00"
2019-03-10,2019031001000493,JBNL,33,51,100,165.00,"16,500.00"
2019-03-10,2019031001000829,KBBL,14,14,1,205.00,205.00
2019-03-10,2019031001000917,KBL,41,14,25,231.00,"5,775.00"
2019-03-10,2019031001000916,KBL,49,14,33,231.00,"7,623.00"
2019-03-10,2019031001000801,KBL,8,8,4,227.00,908.00
2019-03-10,2019031001000756,KBL,49,17,67,231.00,"15,477.00"
2019-03-10,2019031001000721,KMFL,6,6,24,890.00,"21,360.00"
2019-03-10,2019031001000779,KRBL,58,59,50,98.00,"4,900.00"
2019-03-10,2019031001000887,KSBBL,57,22,434,135.00,"58,590.00"
2019-03-10,2019031001000509,KSBBL,8,8,5,133.00,665.00
2019-03-10,2019031001000814,LBBL,52,1,40,170.00,"6,800.00"
2019-03-10,2019031001000780,LBBL,52,39,12,170.00,"2,040.00"
2019-03-10,2019031001000886,LBL,36,13,115,190.00,"21,850.00"
2019-03-10,2019031001000850,LBL,36,48,200,190.00,"38,000.00"
2019-03-10,2019031001000737,LBL,36,16,950,190.00,"180,500.00"
2019-03-10,2019031001000767,LGIL,51,51,150,510.00,"76,500.00"
2019-03-10,2019031001000733,LGIL,51,51,56,503.00,"28,168.00"
2019-03-10,2019031001000762,MBL,52,52,900,212.00,"190,800.00"
2019-03-10,2019031001000467,MBL,57,7,500,211.00,"105,500.00"
2019-03-10,2019031001000466,MBL,32,7,500,211.00,"105,500.00"
2019-03-10,2019031001000465,MBL,41,7,50,211.00,"10,550.00"
2019-03-10,2019031001000464,MBL,32,7,20,211.00,"4,220.00"
2019-03-10,2019031001000460,MBL,57,7,80,212.00,"16,960.00"
2019-03-10,2019031001000932,MEGA,48,35,211,160.00,"33,760.00"
2019-03-10,2019031001000836,MEGA,14,14,8,159.00,"1,272.00"
2019-03-10,2019031001000834,MEGA,32,16,100,159.00,"15,900.00"
2019-03-10,2019031001000713,MEGA,32,7,59,159.00,"9,381.00"
2019-03-10,2019031001000543,MEGA,32,38,179,159.00,"28,461.00"
2019-03-10,2019031001000542,MEGA,51,38,50,159.00,"7,950.00"
2019-03-10,2019031001000541,MEGA,28,38,171,159.00,"27,189.00"
2019-03-10,2019031001000745,MERO,6,6,67,605.00,"40,535.00"
2019-03-10,2019031001000529,MERO,8,8,1,593.00,593.00
2019-03-10,2019031001000885,MFIL,46,49,200,111.00,"22,200.00"
2019-03-10,2019031001000884,MFIL,26,49,100,111.00,"11,100.00"
2019-03-10,2019031001000696,MLBL,42,44,21,160.00,"3,360.00"
2019-03-10,2019031001000502,MLBL,4,4,990,162.00,"160,380.00"
2019-03-10,2019031001000899,MNBBL,45,26,100,339.00,"33,900.00"
2019-03-10,2019031001000857,MNBBL,45,54,39,339.00,"13,221.00"
2019-03-10,2019031001000856,MNBBL,58,54,36,339.00,"12,204.00"
2019-03-10,2019031001000839,MNBBL,14,14,1,335.00,335.00
2019-03-10,2019031001000560,MNBBL,58,51,164,339.00,"55,596.00"
2019-03-10,2019031001000559,MNBBL,26,51,40,339.00,"13,560.00"
2019-03-10,2019031001000487,MNBBL,26,47,160,339.00,"54,240.00"
2019-03-10,2019031001000486,MNBBL,37,47,20,340.00,"6,800.00"
2019-03-10,2019031001000853,NABIL,10,45,200,688.00,"137,600.00"
2019-03-10,2019031001000833,NABIL,11,1,30,686.00,"20,580.00"
2019-03-10,2019031001000832,NABIL,45,1,200,686.00,"137,200.00"
2019-03-10,2019031001000831,NABIL,29,1,40,687.00,"27,480.00"
2019-03-10,2019031001000784,NABIL,44,45,30,688.00,"20,640.00"
2019-03-10,2019031001000783,NABIL,36,45,14,688.00,"9,632.00"
2019-03-10,2019031001000468,NABIL,42,43,30,690.00,"20,700.00"
2019-03-10,2019031001000440,NABIL,29,45,100,687.00,"68,700.00"
2019-03-10,2019031001000650,NADEP,45,44,10,685.00,"6,850.00"
2019-03-10,2019031001000911,NBB,17,34,60,187.00,"11,220.00"
2019-03-10,2019031001000704,NBB,19,22,36,186.00,"6,696.00"
2019-03-10,2019031001000691,NBB,19,51,100,186.00,"18,600.00"
2019-03-10,2019031001000633,NBB,42,21,70,185.00,"12,950.00"
2019-03-10,2019031001000591,NBB,42,22,534,185.00,"98,790.00"
2019-03-10,2019031001000566,NBB,42,51,161,185.00,"29,785.00"
2019-03-10,2019031001000702,NBBL,29,7,239,637.00,"152,243.00"
2019-03-10,2019031001000701,NBBL,51,7,100,638.00,"63,800.00"
2019-03-10,2019031001000576,NBBL,29,47,10,637.00,"6,370.00"
2019-03-10,2019031001000750,NBL,26,17,200,284.00,"56,800.00"
2019-03-10,2019031001000749,NBL,39,17,200,284.00,"56,800.00"
2019-03-10,2019031001000642,NBL,42,49,738,285.00,"210,330.00"
2019-03-10,2019031001000545,NBL,49,49,100,285.00,"28,500.00"
2019-03-10,2019031001000905,NCCB,25,8,100,208.00,"20,800.00"
2019-03-10,2019031001000904,NCCB,17,8,400,208.00,"83,200.00"
2019-03-10,2019031001000888,NCCB,6,4,85,209.00,"17,765.00"
2019-03-10,2019031001000878,NCCB,17,42,500,208.00,"104,000.00"
2019-03-10,2019031001000821,NCCB,17,26,100,208.00,"20,800.00"
2019-03-10,2019031001000820,NCCB,38,26,100,208.00,"20,800.00"
2019-03-10,2019031001000643,NCCB,34,49,900,208.00,"187,200.00"
2019-03-10,2019031001000901,NIB,40,37,50,516.00,"25,800.00"
2019-03-10,2019031001000877,NIB,41,37,30,516.00,"15,480.00"
2019-03-10,2019031001000632,NIB,41,43,30,516.00,"15,480.00"
2019-03-10,2019031001000631,NIB,39,43,30,517.00,"15,510.00"
2019-03-10,2019031001000602,NIB,34,22,100,517.00,"51,700.00"
2019-03-10,2019031001000533,NIB,22,22,50,516.00,"25,800.00"
2019-03-10,2019031001000838,NICA,41,22,213,390.00,"83,070.00"
2019-03-10,2019031001000837,NICA,41,57,37,390.00,"14,430.00"
2019-03-10,2019031001000830,NICA,44,35,50,389.00,"19,450.00"
2019-03-10,2019031001000728,NICA,16,28,250,388.00,"97,000.00"
2019-03-10,2019031001000695,NICA,44,57,63,390.00,"24,570.00"
2019-03-10,2019031001000677,NICA,44,57,25,390.00,"9,750.00"
2019-03-10,2019031001000597,NICA,6,32,100,389.00,"38,900.00"
2019-03-10,2019031001000589,NICA,54,17,146,388.00,"56,648.00"
2019-03-10,2019031001000565,NICA,10,48,50,387.00,"19,350.00"
2019-03-10,2019031001000668,NICA,44,14,12,390.00,"4,680.00"
2019-03-10,2019031001000667,NICA,54,14,188,390.00,"73,320.00"
2019-03-10,2019031001000614,NICA,54,51,188,390.00,"73,320.00"
2019-03-10,2019031001000613,NICA,54,8,264,390.00,"102,960.00"
2019-03-10,2019031001000612,NICA,54,49,100,390.00,"39,000.00"
2019-03-10,2019031001000598,NICA,6,37,500,389.00,"194,500.00"
2019-03-10,2019031001000639,NICGF,47,42,500,8.47,"4,235.00"
2019-03-10,2019031001000593,NICL,32,49,100,371.00,"37,100.00"
2019-03-10,2019031001000578,NICL,32,49,100,371.00,"37,100.00"
2019-03-10,2019031001000577,NICL,45,49,100,372.00,"37,200.00"
2019-03-10,2019031001000528,NICL,17,58,350,375.00,"131,250.00"
2019-03-10,2019031001000527,NICL,17,7,150,374.00,"56,100.00"
2019-03-10,2019031001000637,NIL,29,49,80,517.00,"41,360.00"
2019-03-10,2019031001000636,NIL,29,51,83,515.00,"42,745.00"
2019-03-10,2019031001000858,NLBBL,44,34,50,470.00,"23,500.00"
2019-03-10,2019031001000900,NLG,42,42,312,810.00,"252,720.00"
2019-03-10,2019031001000902,NLIC,28,47,30,"1,095.00","32,850.00"
2019-03-10,2019031001000893,NLIC,32,56,100,"1,099.00","109,900.00"
2019-03-10,2019031001000846,NLIC,50,45,94,"1,100.00","103,400.00"
2019-03-10,2019031001000815,NLIC,44,44,700,"1,099.00","769,300.00"
2019-03-10,2019031001000765,NLIC,32,42,500,"1,099.00","549,500.00"
2019-03-10,2019031001000764,NLIC,32,51,450,"1,099.00","494,550.00"
2019-03-10,2019031001000449,NLIC,22,1,30,"1,090.00","32,700.00"
2019-03-10,2019031001000448,NLIC,57,1,50,"1,091.00","54,550.00"
2019-03-10,2019031001000447,NLIC,25,1,20,"1,091.00","21,820.00"
2019-03-10,2019031001000488,NLIC,49,17,47,"1,091.00","51,277.00"
2019-03-10,2019031001000478,NLIC,44,22,100,"1,090.00","109,000.00"
2019-03-10,2019031001000477,NLIC,37,6,100,"1,090.00","109,000.00"
2019-03-10,2019031001000476,NLIC,32,6,26,"1,090.00","28,340.00"
2019-03-10,2019031001000475,NLIC,22,6,70,"1,090.00","76,300.00"
2019-03-10,2019031001000474,NLIC,51,6,100,"1,095.00","109,500.00"
2019-03-10,2019031001000607,NLIC,32,38,100,"1,091.00","109,100.00"
2019-03-10,2019031001000606,NLIC,45,38,17,"1,092.00","18,564.00"
2019-03-10,2019031001000605,NLIC,11,38,17,"1,095.00","18,615.00"
2019-03-10,2019031001000539,NLIC,32,48,400,"1,091.00","436,400.00"
2019-03-10,2019031001000538,NLIC,36,48,100,"1,092.00","109,200.00"
2019-03-10,2019031001000489,NLIC,44,45,100,"1,090.00","109,000.00"
2019-03-10,2019031001000757,NLIC,32,56,300,"1,098.00","329,400.00"
2019-03-10,2019031001000753,NLIC,32,25,49,"1,098.00","53,802.00"
2019-03-10,2019031001000752,NLIC,5,25,300,"1,098.00","329,400.00"
2019-03-10,2019031001000729,NLIC,32,45,17,"1,094.00","18,598.00"
2019-03-10,2019031001000719,NLIC,39,21,50,"1,097.00","54,850.00"
2019-03-10,2019031001000608,NLIC,39,38,66,"1,091.00","72,006.00"
2019-03-10,2019031001000926,NLICL,35,56,100,643.00,"64,300.00"
2019-03-10,2019031001000924,NMB,38,45,11,313.00,"3,443.00"
2019-03-10,2019031001000746,NMB,32,8,155,311.00,"48,205.00"
2019-03-10,2019031001000740,NMB,32,57,300,311.00,"93,300.00"
2019-03-10,2019031001000739,NMB,42,57,500,311.00,"155,500.00"
2019-03-10,2019031001000703,NMB,42,22,500,311.00,"155,500.00"
2019-03-10,2019031001000680,NMB,32,8,145,312.00,"45,240.00"
2019-03-10,2019031001000456,NMB,16,50,252,312.00,"78,624.00"
2019-03-10,2019031001000454,NMB,57,54,50,312.00,"15,600.00"
2019-03-10,2019031001000453,NMB,14,54,448,312.00,"139,776.00"
2019-03-10,2019031001000672,NMB,32,32,355,312.00,"110,760.00"
2019-03-10,2019031001000618,NMB,32,52,300,312.00,"93,600.00"
2019-03-10,2019031001000575,NMB,32,54,2,312.00,624.00
2019-03-10,2019031001000574,NMB,32,41,100,312.00,"31,200.00"
2019-03-10,2019031001000573,NMB,32,50,698,312.00,"217,776.00"
2019-03-10,2019031001000458,NMB,42,50,50,312.00,"15,600.00"
2019-03-10,2019031001000800,NMBHF1,47,35,"1,577",8.50,"13,404.50"
2019-03-10,2019031001000742,NMBSF1,42,48,"5,000",10.00,"50,000.00"
2019-03-10,2019031001000789,NSEWA,39,42,10,549.00,"5,490.00"
2019-03-10,2019031001000674,NSEWA,39,39,10,560.00,"5,600.00"
2019-03-10,2019031001000741,NTC,22,7,50,680.00,"34,000.00"
2019-03-10,2019031001000727,NTC,22,7,750,680.00,"510,000.00"
2019-03-10,2019031001000726,NTC,34,7,100,680.00,"68,000.00"
2019-03-10,2019031001000725,NTC,42,7,100,681.00,"68,100.00"
2019-03-10,2019031001000724,NTC,42,7,50,684.00,"34,200.00"
2019-03-10,2019031001000891,PCBL,16,22,500,309.00,"154,500.00"
2019-03-10,2019031001000798,PCBL,20,39,12,308.00,"3,696.00"
2019-03-10,2019031001000738,PCBL,20,51,127,308.00,"39,116.00"
2019-03-10,2019031001000732,PIC,33,45,11,"1,012.00","11,132.00"
2019-03-10,2019031001000507,PIC,6,45,11,"1,030.00","11,330.00"
2019-03-10,2019031001000506,PIC,6,42,11,"1,020.00","11,220.00"
2019-03-10,2019031001000505,PIC,6,59,11,"1,020.00","11,220.00"
2019-03-10,2019031001000782,PLIC,35,37,15,445.00,"6,675.00"
2019-03-10,2019031001000699,PLIC,29,51,500,440.00,"220,000.00"
2019-03-10,2019031001000522,PLIC,57,57,225,438.00,"98,550.00"
2019-03-10,2019031001000827,PMHPL,10,44,10,109.00,"1,090.00"
2019-03-10,2019031001000807,PMHPL,10,44,10,109.00,"1,090.00"
2019-03-10,2019031001000802,PMHPL,10,45,10,109.00,"1,090.00"
2019-03-10,2019031001000788,PMHPL,10,44,10,109.00,"1,090.00"
2019-03-10,2019031001000776,PMHPL,10,44,10,109.00,"1,090.00"
2019-03-10,2019031001000735,PMHPL,10,44,10,109.00,"1,090.00"
2019-03-10,2019031001000556,PMHPL,40,36,10,110.00,"1,100.00"
2019-03-10,2019031001000480,PMHPL,40,45,10,110.00,"1,100.00"
2019-03-10,2019031001000734,PMHPL,10,45,10,109.00,"1,090.00"
2019-03-10,2019031001000710,PMHPL,10,44,10,109.00,"1,090.00"
2019-03-10,2019031001000662,PMHPL,10,44,10,109.00,"1,090.00"
2019-03-10,2019031001000649,PMHPL,10,45,10,109.00,"1,090.00"
2019-03-10,2019031001000590,PMHPL,10,39,10,109.00,"1,090.00"
2019-03-10,2019031001000585,PMHPL,40,39,180,110.00,"19,800.00"
2019-03-10,2019031001000657,PRIN,28,51,87,403.00,"35,061.00"
2019-03-10,2019031001000531,PRIN,58,38,200,401.00,"80,200.00"
2019-03-10,2019031001000530,PRIN,46,38,100,402.00,"40,200.00"
2019-03-10,2019031001000521,PRIN,58,46,93,401.00,"37,293.00"
2019-03-10,2019031001000520,PRIN,57,46,50,402.00,"20,100.00"
2019-03-10,2019031001000519,PRIN,32,46,49,402.00,"19,698.00"
2019-03-10,2019031001000518,PRIN,32,46,500,402.00,"201,000.00"
2019-03-10,2019031001000517,PRIN,13,46,200,402.00,"80,400.00"
2019-03-10,2019031001000516,PRIN,38,46,200,403.00,"80,600.00"
2019-03-10,2019031001000515,PRIN,59,46,300,403.00,"120,900.00"
2019-03-10,2019031001000514,PRIN,28,46,500,404.00,"202,000.00"
2019-03-10,2019031001000513,PRIN,58,46,500,405.00,"202,500.00"
2019-03-10,2019031001000848,PRVU,46,19,500,221.00,"110,500.00"
2019-03-10,2019031001000804,PRVU,36,19,"1,000",221.00,"221,000.00"
2019-03-10,2019031001000795,PRVU,25,16,100,221.00,"22,100.00"
2019-03-10,2019031001000763,PRVU,25,54,200,221.00,"44,200.00"
2019-03-10,2019031001000754,PRVU,36,1,"1,000",222.00,"222,000.00"
2019-03-10,2019031001000641,PRVU,36,41,500,222.00,"111,000.00"
2019-03-10,2019031001000564,PRVU,46,1,14,219.00,"3,066.00"
2019-03-10,2019031001000551,PRVU,8,8,7,215.00,"1,505.00"
2019-03-10,2019031001000504,PRVU,19,11,100,219.00,"21,900.00"
2019-03-10,2019031001000471,PRVU,45,48,100,220.00,"22,000.00"
2019-03-10,2019031001000470,PRVU,47,48,40,220.00,"8,800.00"
2019-03-10,2019031001000640,PRVU,36,41,500,221.00,"110,500.00"
2019-03-10,2019031001000604,PRVU,19,44,328,220.00,"72,160.00"
2019-03-10,2019031001000603,PRVU,19,34,100,220.00,"22,000.00"
2019-03-10,2019031001000596,PRVU,42,44,14,219.00,"3,066.00"
2019-03-10,2019031001000572,PRVU,42,37,14,219.00,"3,066.00"
2019-03-10,2019031001000571,PRVU,46,37,986,219.00,"215,934.00"
2019-03-10,2019031001000870,PURBL,26,57,500,185.00,"92,500.00"
2019-03-10,2019031001000869,PURBL,26,49,111,185.00,"20,535.00"
2019-03-10,2019031001000867,PURBL,26,42,250,184.00,"46,000.00"
2019-03-10,2019031001000866,PURBL,26,39,16,183.00,"2,928.00"
2019-03-10,2019031001000810,PURBL,34,42,186,181.00,"33,666.00"
2019-03-10,2019031001000809,PURBL,26,42,120,181.00,"21,720.00"
2019-03-10,2019031001000568,PURBL,34,26,300,183.00,"54,900.00"
2019-03-10,2019031001000567,PURBL,34,11,50,183.00,"9,150.00"
2019-03-10,2019031001000842,RADHI,34,16,11,169.00,"1,859.00"
2019-03-10,2019031001000806,RADHI,34,49,11,169.00,"1,859.00"
2019-03-10,2019031001000736,RADHI,34,45,11,169.00,"1,859.00"
2019-03-10,2019031001000682,RADHI,34,47,11,170.00,"1,870.00"
2019-03-10,2019031001000651,RADHI,34,45,11,169.00,"1,859.00"
2019-03-10,2019031001000532,RADHI,34,50,10,171.00,"1,710.00"
2019-03-10,2019031001000436,RADHI,34,21,11,174.00,"1,914.00"
2019-03-10,2019031001000435,RADHI,34,44,45,168.00,"7,560.00"
2019-03-10,2019031001000434,RADHI,34,45,11,168.00,"1,848.00"
2019-03-10,2019031001000433,RADHI,34,22,11,168.00,"1,848.00"
2019-03-10,2019031001000712,RHPC,8,8,3,91.00,273.00
2019-03-10,2019031001000894,RRHP,17,42,10,93.00,930.00
2019-03-10,2019031001000828,RRHP,17,44,10,94.00,940.00
2019-03-10,2019031001000796,RRHP,17,44,10,94.00,940.00
2019-03-10,2019031001000786,RRHP,17,39,150,94.00,"14,100.00"
2019-03-10,2019031001000681,RRHP,17,7,10,94.00,940.00
2019-03-10,2019031001000659,RRHP,17,45,10,95.00,950.00
2019-03-10,2019031001000658,RRHP,17,42,10,95.00,950.00
2019-03-10,2019031001000777,SADBL,37,45,386,137.00,"52,882.00"
2019-03-10,2019031001000512,SANIMA,38,22,164,296.00,"48,544.00"
2019-03-10,2019031001000511,SANIMA,38,22,200,296.00,"59,200.00"
2019-03-10,2019031001000510,SANIMA,41,22,100,296.00,"29,600.00"
2019-03-10,2019031001000758,SBL,52,52,900,277.00,"249,300.00"
2019-03-10,2019031001000526,SBL,10,38,141,277.00,"39,057.00"
2019-03-10,2019031001000525,SBL,14,38,59,277.00,"16,343.00"
2019-03-10,2019031001000524,SBL,57,38,50,278.00,"13,900.00"
2019-03-10,2019031001000523,SBL,49,38,50,278.00,"13,900.00"
2019-03-10,2019031001000910,SCB,57,57,94,531.00,"49,914.00"
2019-03-10,2019031001000805,SCB,14,45,20,530.00,"10,600.00"
2019-03-10,2019031001000761,SCB,14,45,20,530.00,"10,600.00"
2019-03-10,2019031001000759,SCB,14,45,20,528.00,"10,560.00"
2019-03-10,2019031001000692,SHINE,44,10,126,240.00,"30,240.00"
2019-03-10,2019031001000438,SHINE,34,34,10,244.00,"2,440.00"
2019-03-10,2019031001000698,SHINE,34,10,574,236.00,"135,464.00"
2019-03-10,2019031001000697,SHINE,34,10,300,236.00,"70,800.00"
2019-03-10,2019031001000852,SHL,45,42,250,205.00,"51,250.00"
2019-03-10,2019031001000787,SHL,21,29,416,203.00,"84,448.00"
2019-03-10,2019031001000849,SKBBL,44,42,50,848.00,"42,400.00"
2019-03-10,2019031001000825,SLBSL,32,16,10,760.00,"7,600.00"
2019-03-10,2019031001000743,SLBSL,32,44,10,760.00,"7,600.00"
2019-03-10,2019031001000599,SLBSL,39,49,10,763.00,"7,630.00"
2019-03-10,2019031001000544,SLBSL,45,22,10,765.00,"7,650.00"
2019-03-10,2019031001000592,SLICL,34,34,70,526.00,"36,820.00"
2019-03-10,2019031001000583,SLICL,16,34,10,527.00,"5,270.00"
2019-03-10,2019031001000808,SPDL,16,45,10,90.00,900.00
2019-03-10,2019031001000747,SPDL,16,45,10,90.00,900.00
2019-03-10,2019031001000927,SRBL,36,42,201,209.00,"42,009.00"
2019-03-10,2019031001000920,SRBL,17,42,"1,000",209.00,"209,000.00"
2019-03-10,2019031001000919,SRBL,25,42,500,209.00,"104,500.00"
2019-03-10,2019031001000908,SRBL,28,13,28,210.00,"5,880.00"
2019-03-10,2019031001000907,SRBL,28,50,51,210.00,"10,710.00"
2019-03-10,2019031001000855,SRBL,56,50,43,210.00,"9,030.00"
2019-03-10,2019031001000854,SRBL,21,50,406,210.00,"85,260.00"
2019-03-10,2019031001000851,SRBL,41,35,25,211.00,"5,275.00"
2019-03-10,2019031001000609,SRBL,1,1,8,206.00,"1,648.00"
2019-03-10,2019031001000558,SRBL,21,1,94,210.00,"19,740.00"
2019-03-10,2019031001000844,TRH,35,57,990,243.00,"240,570.00"
2019-03-10,2019031001000813,TRH,35,49,10,243.00,"2,430.00"
2019-03-10,2019031001000931,UPPER,1,39,40,227.00,"9,080.00"
2019-03-10,2019031001000930,UPPER,1,10,293,227.00,"66,511.00"
2019-03-10,2019031001000929,UPPER,1,10,269,227.00,"61,063.00"
2019-03-10,2019031001000912,UPPER,42,51,40,226.00,"9,040.00"
2019-03-10,2019031001000909,UPPER,42,45,50,226.00,"11,300.00"
2019-03-10,2019031001000872,UPPER,42,28,40,226.00,"9,040.00"
2019-03-10,2019031001000457,UPPER,14,14,293,227.00,"66,511.00"
2019-03-10,2019031001000455,UPPER,14,14,293,227.00,"66,511.00"
2019-03-10,2019031001000452,UPPER,14,14,293,227.00,"66,511.00"
2019-03-10,2019031001000451,UPPER,14,45,66,227.00,"14,982.00"
2019-03-10,2019031001000443,UPPER,48,54,42,226.00,"9,492.00"
2019-03-10,2019031001000442,UPPER,8,54,30,226.00,"6,780.00"
2019-03-10,2019031001000473,UPPER,14,14,293,227.00,"66,511.00"
2019-03-10,2019031001000472,UPPER,14,14,293,227.00,"66,511.00"
2019-03-10,2019031001000469,UPPER,14,45,57,227.00,"12,939.00"
2019-03-10,2019031001000463,UPPER,45,10,60,228.00,"13,680.00"
2019-03-10,2019031001000461,UPPER,14,14,293,227.00,"66,511.00"
2019-03-10,2019031001000459,UPPER,14,14,293,227.00,"66,511.00"
2019-03-10,2019031001000495,UPPER,14,14,293,227.00,"66,511.00"
2019-03-10,2019031001000492,UPPER,14,14,293,227.00,"66,511.00"
2019-03-10,2019031001000485,UPPER,14,14,293,227.00,"66,511.00"
2019-03-10,2019031001000484,UPPER,14,48,10,227.00,"2,270.00"
2019-03-10,2019031001000482,UPPER,14,14,293,227.00,"66,511.00"
2019-03-10,2019031001000479,UPPER,14,14,293,227.00,"66,511.00"
2019-03-10,2019031001000549,UPPER,25,35,90,227.00,"20,430.00"
2019-03-10,2019031001000501,UPPER,25,33,227,227.00,"51,529.00"
2019-03-10,2019031001000500,UPPER,25,14,183,227.00,"41,541.00"
2019-03-10,2019031001000499,UPPER,14,14,110,227.00,"24,970.00"
2019-03-10,2019031001000498,UPPER,14,14,293,227.00,"66,511.00"
2019-03-10,2019031001000497,UPPER,14,45,50,227.00,"11,350.00"
2019-03-10,2019031001000584,UPPER,29,39,285,226.00,"64,410.00"
2019-03-10,2019031001000582,UPPER,29,41,40,226.00,"9,040.00"
2019-03-10,2019031001000580,UPPER,29,39,175,226.00,"39,550.00"
2019-03-10,2019031001000579,UPPER,48,39,118,226.00,"26,668.00"
2019-03-10,2019031001000563,UPPER,48,36,40,226.00,"9,040.00"
2019-03-10,2019031001000550,UPPER,38,35,490,227.00,"111,230.00"
2019-03-10,2019031001000611,UPPER,59,39,279,226.00,"63,054.00"
2019-03-10,2019031001000610,UPPER,19,39,14,226.00,"3,164.00"
2019-03-10,2019031001000600,UPPER,19,39,293,226.00,"66,218.00"
2019-03-10,2019031001000595,UPPER,19,39,193,226.00,"43,618.00"
2019-03-10,2019031001000594,UPPER,29,39,100,226.00,"22,600.00"
2019-03-10,2019031001000588,UPPER,39,38,40,227.00,"9,080.00"
2019-03-10,2019031001000622,UPPER,16,38,50,227.00,"11,350.00"
2019-03-10,2019031001000621,UPPER,16,22,50,227.00,"11,350.00"
2019-03-10,2019031001000620,UPPER,21,39,215,226.00,"48,590.00"
2019-03-10,2019031001000619,UPPER,51,39,78,226.00,"17,628.00"
2019-03-10,2019031001000616,UPPER,51,39,72,226.00,"16,272.00"
2019-03-10,2019031001000615,UPPER,59,39,221,226.00,"49,946.00"
2019-03-10,2019031001000628,UPPER,16,38,40,227.00,"9,080.00"
2019-03-10,2019031001000627,UPPER,16,38,40,227.00,"9,080.00"
2019-03-10,2019031001000626,UPPER,16,42,40,227.00,"9,080.00"
2019-03-10,2019031001000625,UPPER,16,38,40,227.00,"9,080.00"
2019-03-10,2019031001000624,UPPER,16,38,50,227.00,"11,350.00"
2019-03-10,2019031001000623,UPPER,16,38,50,227.00,"11,350.00"
2019-03-10,2019031001000648,UPPER,14,38,40,227.00,"9,080.00"
2019-03-10,2019031001000647,UPPER,14,38,50,227.00,"11,350.00"
2019-03-10,2019031001000646,UPPER,14,39,50,227.00,"11,350.00"
2019-03-10,2019031001000645,UPPER,14,39,50,227.00,"11,350.00"
2019-03-10,2019031001000630,UPPER,16,38,40,227.00,"9,080.00"
2019-03-10,2019031001000629,UPPER,16,42,50,227.00,"11,350.00"
2019-03-10,2019031001000660,UPPER,14,32,40,227.00,"9,080.00"
2019-03-10,2019031001000656,UPPER,14,25,52,227.00,"11,804.00"
2019-03-10,2019031001000655,UPPER,14,14,293,227.00,"66,511.00"
2019-03-10,2019031001000654,UPPER,16,10,24,228.00,"5,472.00"
2019-03-10,2019031001000653,UPPER,16,10,293,228.00,"66,804.00"
2019-03-10,2019031001000652,UPPER,16,10,233,228.00,"53,124.00"
2019-03-10,2019031001000669,UPPER,14,14,293,227.00,"66,511.00"
2019-03-10,2019031001000666,UPPER,14,45,50,227.00,"11,350.00"
2019-03-10,2019031001000665,UPPER,14,32,40,227.00,"9,080.00"
2019-03-10,2019031001000664,UPPER,14,14,293,227.00,"66,511.00"
2019-03-10,2019031001000663,UPPER,14,38,50,227.00,"11,350.00"
2019-03-10,2019031001000661,UPPER,14,14,293,227.00,"66,511.00"
2019-03-10,2019031001000686,UPPER,14,14,293,227.00,"66,511.00"
2019-03-10,2019031001000684,UPPER,14,14,293,227.00,"66,511.00"
2019-03-10,2019031001000679,UPPER,14,14,293,227.00,"66,511.00"
2019-03-10,2019031001000676,UPPER,14,7,50,227.00,"11,350.00"
2019-03-10,2019031001000675,UPPER,14,14,293,227.00,"66,511.00"
2019-03-10,2019031001000673,UPPER,14,32,40,227.00,"9,080.00"
2019-03-10,2019031001000766,UPPER,21,28,50,226.00,"11,300.00"
2019-03-10,2019031001000751,UPPER,21,45,50,226.00,"11,300.00"
2019-03-10,2019031001000748,UPPER,21,44,50,226.00,"11,300.00"
2019-03-10,2019031001000715,UPPER,21,44,50,226.00,"11,300.00"
2019-03-10,2019031001000693,UPPER,14,14,74,227.00,"16,798.00"
2019-03-10,2019031001000690,UPPER,14,14,293,227.00,"66,511.00"
2019-03-10,2019031001000816,UPPER,57,14,219,227.00,"49,713.00"
2019-03-10,2019031001000812,UPPER,11,44,40,226.00,"9,040.00"
2019-03-10,2019031001000797,UPPER,11,44,40,226.00,"9,040.00"
2019-03-10,2019031001000781,UPPER,11,44,40,226.00,"9,040.00"
2019-03-10,2019031001000778,UPPER,21,28,35,226.00,"7,910.00"
2019-03-10,2019031001000768,UPPER,21,44,50,226.00,"11,300.00"
2019-03-10,2019031001000841,UPPER,11,28,40,226.00,"9,040.00"
2019-03-10,2019031001000835,UPPER,11,44,50,226.00,"11,300.00"
2019-03-10,2019031001000823,UPPER,11,28,12,226.00,"2,712.00"
2019-03-10,2019031001000822,UPPER,57,28,38,227.00,"8,626.00"
2019-03-10,2019031001000818,UPPER,57,46,50,227.00,"11,350.00"
2019-03-10,2019031001000817,UPPER,57,14,293,227.00,"66,511.00"
2019-03-10,2019031001000871,UPPER,42,38,50,226.00,"11,300.00"
2019-03-10,2019031001000864,UPPER,42,28,50,226.00,"11,300.00"
2019-03-10,2019031001000861,UPPER,42,44,50,226.00,"11,300.00"
2019-03-10,2019031001000860,UPPER,42,28,12,226.00,"2,712.00"
2019-03-10,2019031001000859,UPPER,11,28,28,226.00,"6,328.00"
2019-03-10,2019031001000843,UPPER,11,44,50,226.00,"11,300.00"
2019-03-10,2019031001000731,VLBS,8,8,1,672.00,672.00
2019-03-10,2019031001000441,VLBS,8,8,1,672.00,672.00
2019-03-10,2019031001000360,ADBL,14,51,456,292.00,"133,152.00"
2019-03-10,2019031001000345,ADBL,29,51,944,292.00,"275,648.00"
2019-03-10,2019031001000341,ADBL,29,39,56,292.00,"16,352.00"
2019-03-10,2019031001000262,ADBL,41,51,100,294.00,"29,400.00"
2019-03-10,2019031001000410,AKJCL,22,42,20,79.00,"1,580.00"
2019-03-10,2019031001000380,AKJCL,22,39,20,79.00,"1,580.00"
2019-03-10,2019031001000185,AKJCL,22,11,10,79.00,790.00
2019-03-10,2019031001000121,AKJCL,22,11,20,79.00,"1,580.00"
2019-03-10,2019031001000382,AKPL,22,39,13,166.00,"2,158.00"
2019-03-10,2019031001000199,AKPL,22,45,13,166.00,"2,158.00"
2019-03-10,2019031001000377,ALICL,45,51,185,386.00,"71,410.00"
2019-03-10,2019031001000310,ALICL,47,26,200,392.00,"78,400.00"
2019-03-10,2019031001000285,ALICL,16,35,300,393.00,"117,900.00"
2019-03-10,2019031001000358,API,22,33,300,127.00,"38,100.00"
2019-03-10,2019031001000357,API,42,33,100,127.00,"12,700.00"
2019-03-10,2019031001000324,API,8,8,1,127.00,127.00
2019-03-10,2019031001000274,API,45,34,200,129.00,"25,800.00"
2019-03-10,2019031001000188,API,32,44,50,131.00,"6,550.00"
2019-03-10,2019031001000134,API,41,42,450,131.00,"58,950.00"
2019-03-10,2019031001000133,API,32,42,50,131.00,"6,550.00"
2019-03-10,2019031001000013,API,8,8,1,127.00,127.00
2019-03-10,2019031001000094,BOKL,42,56,50,245.00,"12,250.00"
2019-03-10,2019031001000412,BPCL,45,42,20,345.00,"6,900.00"
2019-03-10,2019031001000404,BPCL,45,45,10,345.00,"3,450.00"
2019-03-10,2019031001000401,BPCL,45,45,10,345.00,"3,450.00"
2019-03-10,2019031001000398,BPCL,45,45,10,345.00,"3,450.00"
2019-03-10,2019031001000388,BPCL,45,45,100,345.00,"34,500.00"
2019-03-10,2019031001000135,BPCL,39,39,10,346.00,"3,460.00"
2019-03-10,2019031001000425,CBBL,28,51,200,870.00,"174,000.00"
2019-03-10,2019031001000250,CBBL,58,47,100,870.00,"87,000.00"
2019-03-10,2019031001000238,CBBL,37,21,50,880.00,"44,000.00"
2019-03-10,2019031001000158,CBBL,52,21,50,886.00,"44,300.00"
2019-03-10,2019031001000421,CBL,14,22,88,149.00,"13,112.00"
2019-03-10,2019031001000420,CBL,26,22,283,149.00,"42,167.00"
2019-03-10,2019031001000386,CBL,26,39,132,149.00,"19,668.00"
2019-03-10,2019031001000355,CBL,26,43,85,149.00,"12,665.00"
2019-03-10,2019031001000354,CBL,52,43,75,149.00,"11,175.00"
2019-03-10,2019031001000281,CBL,52,55,132,149.00,"19,668.00"
2019-03-10,2019031001000004,CBL,45,45,30,152.00,"4,560.00"
2019-03-10,2019031001000174,CBL,32,32,1,152.00,152.00
2019-03-10,2019031001000120,CBL,32,32,1,152.00,152.00
2019-03-10,2019031001000069,CBL,32,32,3,152.00,456.00
2019-03-10,2019031001000043,CBL,32,32,1,152.00,152.00
2019-03-10,2019031001000035,CBL,32,32,1,152.00,152.00
2019-03-10,2019031001000010,CBL,32,32,3,149.00,447.00
2019-03-10,2019031001000390,CCBL,16,39,119,160.00,"19,040.00"
2019-03-10,2019031001000374,CCBL,28,34,200,161.00,"32,200.00"
2019-03-10,2019031001000142,CCBL,57,45,26,162.00,"4,212.00"
2019-03-10,2019031001000018,CCBL,32,32,3,163.00,489.00
2019-03-10,2019031001000267,CCBL,51,55,24,162.00,"3,888.00"
2019-03-10,2019031001000259,CCBL,51,38,76,162.00,"12,312.00"
2019-03-10,2019031001000258,CCBL,57,38,174,162.00,"28,188.00"
2019-03-10,2019031001000007,CFCL,59,49,10,109.00,"1,090.00"
2019-03-10,2019031001000307,CHCL,49,6,10,500.00,"5,000.00"
2019-03-10,2019031001000306,CHCL,49,6,26,500.00,"13,000.00"
2019-03-10,2019031001000397,CHL,58,39,10,102.00,"1,020.00"
2019-03-10,2019031001000416,CHLBS,5,51,60,561.00,"33,660.00"
2019-03-10,2019031001000411,CHLBS,5,45,210,561.00,"117,810.00"
2019-03-10,2019031001000359,CHLBS,5,58,10,561.00,"5,610.00"
2019-03-10,2019031001000315,CHLBS,5,57,10,561.00,"5,610.00"
2019-03-10,2019031001000207,CHLBS,14,42,10,566.00,"5,660.00"
2019-03-10,2019031001000148,CHLBS,39,39,10,562.00,"5,620.00"
2019-03-10,2019031001000119,CHLBS,25,36,10,560.00,"5,600.00"
2019-03-10,2019031001000118,CHLBS,25,42,10,560.00,"5,600.00"
2019-03-10,2019031001000110,CHLBS,25,11,10,560.00,"5,600.00"
2019-03-10,2019031001000080,CHLBS,16,16,130,570.00,"74,100.00"
2019-03-10,2019031001000001,CHLBS,39,39,10,566.00,"5,660.00"
2019-03-10,2019031001000391,CZBIL,16,17,12,204.00,"2,448.00"
2019-03-10,2019031001000308,CZBIL,51,17,988,204.00,"201,552.00"
2019-03-10,2019031001000289,CZBIL,51,28,12,204.00,"2,448.00"
2019-03-10,2019031001000163,CZBIL,39,39,10,207.00,"2,070.00"
2019-03-10,2019031001000016,CZBIL,45,45,69,208.00,"14,352.00"
2019-03-10,2019031001000415,DDBL,34,45,70,581.00,"40,670.00"
2019-03-10,2019031001000414,DDBL,46,45,30,582.00,"17,460.00"
2019-03-10,2019031001000314,DDBL,34,39,50,587.00,"29,350.00"
2019-03-10,2019031001000290,DDBL,34,17,131,587.00,"76,897.00"
2019-03-10,2019031001000266,DDBL,33,17,50,590.00,"29,500.00"
2019-03-10,2019031001000175,DDBL,42,25,100,600.00,"60,000.00"
2019-03-10,2019031001000011,EBL,42,42,108,520.00,"56,160.00"
2019-03-10,2019031001000400,EDBL,55,58,328,285.00,"93,480.00"
2019-03-10,2019031001000394,EDBL,55,29,172,285.00,"49,020.00"
2019-03-10,2019031001000321,EDBL,21,58,100,287.00,"28,700.00"
2019-03-10,2019031001000241,EDBL,45,58,100,290.00,"29,000.00"
2019-03-10,2019031001000101,EDBL,42,58,20,292.00,"5,840.00"
2019-03-10,2019031001000082,EDBL,41,29,10,293.00,"2,930.00"
2019-03-10,2019031001000074,EDBL,21,58,100,290.00,"29,000.00"
2019-03-10,2019031001000003,EDBL,57,29,199,295.00,"58,705.00"
2019-03-10,2019031001000389,FMDBL,47,17,215,363.00,"78,045.00"
2019-03-10,2019031001000210,GBBL,13,35,160,185.00,"29,600.00"
2019-03-10,2019031001000204,GBBL,13,45,139,185.00,"25,715.00"
2019-03-10,2019031001000141,GBBL,13,28,26,185.00,"4,810.00"
2019-03-10,2019031001000140,GBBL,45,28,100,185.00,"18,500.00"
2019-03-10,2019031001000406,GBIME,51,39,54,261.00,"14,094.00"
2019-03-10,2019031001000191,GBIME,45,45,194,264.00,"51,216.00"
2019-03-10,2019031001000161,GBIME,32,32,1,264.00,264.00
2019-03-10,2019031001000153,GBIME,45,45,194,264.00,"51,216.00"
2019-03-10,2019031001000136,GBIME,32,32,1,264.00,264.00
2019-03-10,2019031001000103,GBIME,32,32,1,264.00,264.00
2019-03-10,2019031001000019,GBIME,32,32,1,264.00,264.00
2019-03-10,2019031001000014,GBIME,32,32,1,264.00,264.00
2019-03-10,2019031001000371,GBLBS,1,33,180,439.00,"79,020.00"
2019-03-10,2019031001000370,GBLBS,52,33,20,440.00,"8,800.00"
2019-03-10,2019031001000311,GBLBS,52,42,10,440.00,"4,400.00"
2019-03-10,2019031001000295,GBLBS,52,45,10,440.00,"4,400.00"
2019-03-10,2019031001000287,GBLBS,52,45,10,440.00,"4,400.00"
2019-03-10,2019031001000299,GDBL,34,32,"1,000",179.00,"179,000.00"
2019-03-10,2019031001000059,GDBL,32,32,"2,000",176.00,"352,000.00"
2019-03-10,2019031001000055,GDBL,46,32,"2,000",179.00,"358,000.00"
2019-03-10,2019031001000054,GDBL,45,32,200,182.00,"36,400.00"
2019-03-10,2019031001000343,GILB,8,8,1,"1,088.00","1,088.00"
2019-03-10,2019031001000023,GILB,8,8,1,"1,088.00","1,088.00"
2019-03-10,2019031001000280,GLICL,58,38,50,694.00,"34,700.00"
2019-03-10,2019031001000279,GLICL,57,38,10,701.00,"7,010.00"
2019-03-10,2019031001000278,GLICL,37,38,30,708.00,"21,240.00"
2019-03-10,2019031001000251,GLICL,37,39,100,708.00,"70,800.00"
2019-03-10,2019031001000240,GLICL,37,42,70,708.00,"49,560.00"
2019-03-10,2019031001000203,GLICL,22,58,100,715.00,"71,500.00"
2019-03-10,2019031001000202,GLICL,52,58,81,717.00,"58,077.00"
2019-03-10,2019031001000154,GLICL,52,17,100,717.00,"71,700.00"
2019-03-10,2019031001000087,GLICL,45,25,100,722.00,"72,200.00"
2019-03-10,2019031001000029,GLICL,57,58,50,722.00,"36,100.00"
2019-03-10,2019031001000409,HIDCL,5,39,10,131.00,"1,310.00"
2019-03-10,2019031001000413,HPPL,41,39,10,172.00,"1,720.00"
2019-03-10,2019031001000216,HPPL,53,45,20,171.00,"3,420.00"
2019-03-10,2019031001000189,HPPL,53,45,10,171.00,"1,710.00"
2019-03-10,2019031001000076,HPPL,34,28,10,170.00,"1,700.00"
2019-03-10,2019031001000022,HPPL,41,45,10,167.00,"1,670.00"
