Date,Transact. No.,Symbol,Buyer,Seller,Quantity,Rate,Amount
2019-04-09,2019040901007041,ADBL,11,49,100,311.00,"31,100.00"
2019-04-09,2019040901006624,ADBL,11,49,100,311.00,"31,100.00"
2019-04-09,2019040901007046,AKPL,41,51,10,171.00,"1,710.00"
2019-04-09,2019040901006901,AKPL,56,40,35,168.00,"5,880.00"
2019-04-09,2019040901006900,AKPL,22,40,300,168.00,"50,400.00"
2019-04-09,2019040901006874,AKPL,37,10,13,168.00,"2,184.00"
2019-04-09,2019040901007069,ALBSL,41,4,10,474.00,"4,740.00"
2019-04-09,2019040901006993,ALBSL,41,48,10,474.00,"4,740.00"
2019-04-09,2019040901006887,ALBSL,41,10,10,474.00,"4,740.00"
2019-04-09,2019040901006881,ALBSL,58,29,10,478.00,"4,780.00"
2019-04-09,2019040901006880,ALBSL,58,29,10,478.00,"4,780.00"
2019-04-09,2019040901006725,ALBSL,32,19,10,478.00,"4,780.00"
2019-04-09,2019040901006724,ALBSL,32,19,10,478.00,"4,780.00"
2019-04-09,2019040901006679,ALBSL,45,10,10,475.00,"4,750.00"
2019-04-09,2019040901006997,API,25,40,20,134.00,"2,680.00"
2019-04-09,2019040901006805,API,6,6,18,133.00,"2,394.00"
2019-04-09,2019040901006981,BOKL,39,51,50,258.00,"12,900.00"
2019-04-09,2019040901006980,BOKL,39,33,19,258.00,"4,902.00"
2019-04-09,2019040901006868,BOKL,52,45,67,256.00,"17,152.00"
2019-04-09,2019040901006867,BOKL,5,45,300,256.00,"76,800.00"
2019-04-09,2019040901006866,BOKL,40,45,333,256.00,"85,248.00"
2019-04-09,2019040901006583,BOKL,52,42,44,257.00,"11,308.00"
2019-04-09,2019040901006878,BPCL,28,39,11,360.00,"3,960.00"
2019-04-09,2019040901006853,BPCL,28,39,11,360.00,"3,960.00"
2019-04-09,2019040901006708,BPCL,28,25,12,360.00,"4,320.00"
2019-04-09,2019040901006669,BPCL,28,32,20,360.00,"7,200.00"
2019-04-09,2019040901006649,BPCL,28,32,20,360.00,"7,200.00"
2019-04-09,2019040901006638,BPCL,28,32,20,360.00,"7,200.00"
2019-04-09,2019040901006603,BPCL,28,32,20,360.00,"7,200.00"
2019-04-09,2019040901007051,CBBL,41,53,90,907.00,"81,630.00"
2019-04-09,2019040901006754,CBBL,41,35,10,907.00,"9,070.00"
2019-04-09,2019040901006968,CBL,52,6,100,161.00,"16,100.00"
2019-04-09,2019040901006965,CBL,39,33,300,160.00,"48,000.00"
2019-04-09,2019040901006872,CBL,39,34,500,160.00,"80,000.00"
2019-04-09,2019040901006861,CBL,39,50,50,160.00,"8,000.00"
2019-04-09,2019040901006796,CBL,39,5,91,160.00,"14,560.00"
2019-04-09,2019040901006677,CBL,5,13,400,161.00,"64,400.00"
2019-04-09,2019040901006676,CBL,5,33,250,161.00,"40,250.00"
2019-04-09,2019040901006675,CBL,5,43,"1,000",161.00,"161,000.00"
2019-04-09,2019040901006674,CBL,5,19,670,161.00,"107,870.00"
2019-04-09,2019040901006928,CCBL,49,34,100,168.00,"16,800.00"
2019-04-09,2019040901006689,CCBL,29,29,500,169.00,"84,500.00"
2019-04-09,2019040901006712,CHCL,55,55,141,505.00,"71,205.00"
2019-04-09,2019040901006688,CHCL,55,43,22,505.00,"11,110.00"
2019-04-09,2019040901006695,CHL,13,10,10,102.00,"1,020.00"
2019-04-09,2019040901007066,CHLBS,29,43,10,498.00,"4,980.00"
2019-04-09,2019040901006795,CHLBS,29,13,10,498.00,"4,980.00"
2019-04-09,2019040901006794,CIT,43,33,100,"2,572.00","257,200.00"
2019-04-09,2019040901006793,CIT,1,33,50,"2,573.00","128,650.00"
2019-04-09,2019040901006764,CIT,5,42,22,"2,575.00","56,650.00"
2019-04-09,2019040901006648,CIT,17,42,52,"2,575.00","133,900.00"
2019-04-09,2019040901006647,CIT,54,42,30,"2,576.00","77,280.00"
2019-04-09,2019040901006601,CIT,11,26,50,"2,580.00","129,000.00"
2019-04-09,2019040901006973,CLBSL,20,54,10,579.00,"5,790.00"
2019-04-09,2019040901006916,CZBIL,17,39,19,220.00,"4,180.00"
2019-04-09,2019040901006915,CZBIL,14,39,500,220.00,"110,000.00"
2019-04-09,2019040901006914,CZBIL,41,39,100,220.00,"22,000.00"
2019-04-09,2019040901006913,CZBIL,49,39,69,220.00,"15,180.00"
2019-04-09,2019040901006803,CZBIL,49,22,106,220.00,"23,320.00"
2019-04-09,2019040901006828,DBBL,34,19,100,127.00,"12,700.00"
2019-04-09,2019040901006593,DBBL,42,5,20,127.00,"2,540.00"
2019-04-09,2019040901006736,DDBL,38,28,80,593.00,"47,440.00"
2019-04-09,2019040901006735,DDBL,54,28,20,595.00,"11,900.00"
2019-04-09,2019040901007064,EBL,35,1,30,607.00,"18,210.00"
2019-04-09,2019040901007063,EBL,35,42,40,607.00,"24,280.00"
2019-04-09,2019040901006912,EBL,22,42,410,607.00,"248,870.00"
2019-04-09,2019040901006770,EBL,41,42,50,607.00,"30,350.00"
2019-04-09,2019040901006629,EBL,57,7,170,606.00,"103,020.00"
2019-04-09,2019040901006824,EIC,51,28,50,855.00,"42,750.00"
2019-04-09,2019040901006655,FMDBL,26,21,40,375.00,"15,000.00"
2019-04-09,2019040901006618,FMDBL,26,54,50,375.00,"18,750.00"
2019-04-09,2019040901007049,FOWAD,5,3,100,"1,507.00","150,700.00"
2019-04-09,2019040901007057,GBIME,46,7,497,271.00,"134,687.00"
2019-04-09,2019040901007056,GBIME,8,7,545,271.00,"147,695.00"
2019-04-09,2019040901007042,GBIME,8,34,300,271.00,"81,300.00"
2019-04-09,2019040901006910,GBIME,8,29,158,271.00,"42,818.00"
2019-04-09,2019040901006909,GBIME,58,29,100,271.00,"27,100.00"
2019-04-09,2019040901006908,GBIME,59,29,82,271.00,"22,222.00"
2019-04-09,2019040901006740,GBIME,58,29,60,272.00,"16,320.00"
2019-04-09,2019040901006958,GBLBS,13,32,20,447.00,"8,940.00"
2019-04-09,2019040901006852,GBLBS,42,46,10,445.00,"4,450.00"
2019-04-09,2019040901007045,GDBL,25,1,53,188.00,"9,964.00"
2019-04-09,2019040901007044,GDBL,40,1,102,188.00,"19,176.00"
2019-04-09,2019040901006719,GDBL,33,33,500,188.00,"94,000.00"
2019-04-09,2019040901006718,GDBL,34,33,352,188.00,"66,176.00"
2019-04-09,2019040901006717,GDBL,25,33,100,189.00,"18,900.00"
2019-04-09,2019040901006721,GDBL,40,33,"1,098",188.00,"206,424.00"
2019-04-09,2019040901006720,GDBL,44,33,50,188.00,"9,400.00"
2019-04-09,2019040901006964,GLICL,51,52,200,510.00,"102,000.00"
2019-04-09,2019040901006963,GLICL,7,52,100,511.00,"51,100.00"
2019-04-09,2019040901006923,GLICL,51,58,142,510.00,"72,420.00"
2019-04-09,2019040901006922,GLICL,48,58,100,510.00,"51,000.00"
2019-04-09,2019040901006921,GLICL,10,58,50,510.00,"25,500.00"
2019-04-09,2019040901006920,GLICL,10,58,50,510.00,"25,500.00"
2019-04-09,2019040901006772,GLICL,51,58,150,511.00,"76,650.00"
2019-04-09,2019040901006760,GLICL,51,52,50,511.00,"25,550.00"
2019-04-09,2019040901006759,GLICL,45,52,50,511.00,"25,550.00"
2019-04-09,2019040901006907,GUFL,49,52,300,110.00,"33,000.00"
2019-04-09,2019040901006893,GUFL,49,49,167,110.00,"18,370.00"
2019-04-09,2019040901006996,HBL,26,35,100,488.00,"48,800.00"
2019-04-09,2019040901006918,HBL,36,50,20,490.00,"9,800.00"
2019-04-09,2019040901007000,HGI,51,40,236,387.00,"91,332.00"
2019-04-09,2019040901006821,HGI,51,58,14,387.00,"5,418.00"
2019-04-09,2019040901006926,HIDCL,49,1,56,136.00,"7,616.00"
2019-04-09,2019040901006865,HIDCL,49,5,34,136.00,"4,624.00"
2019-04-09,2019040901006833,HIDCL,49,5,34,136.00,"4,624.00"
2019-04-09,2019040901006825,HIDCL,49,49,500,136.00,"68,000.00"
2019-04-09,2019040901006633,HIDCL,49,49,203,136.00,"27,608.00"
2019-04-09,2019040901006597,HIDCL,49,49,173,136.00,"23,528.00"
2019-04-09,2019040901006596,HIDCL,56,49,88,136.00,"11,968.00"
2019-04-09,2019040901006705,HPPL,53,10,10,183.00,"1,830.00"
2019-04-09,2019040901006753,IGI,43,52,31,400.00,"12,400.00"
2019-04-09,2019040901006752,IGI,32,52,14,400.00,"5,600.00"
2019-04-09,2019040901006978,JBBL,52,34,100,141.00,"14,100.00"
2019-04-09,2019040901006762,JBBL,36,47,276,140.00,"38,640.00"
2019-04-09,2019040901007017,JBNL,42,26,500,180.00,"90,000.00"
2019-04-09,2019040901007009,JBNL,49,26,10,180.00,"1,800.00"
2019-04-09,2019040901006855,JBNL,28,32,470,179.00,"84,130.00"
2019-04-09,2019040901006714,JBNL,28,57,100,179.00,"17,900.00"
2019-04-09,2019040901006687,JBNL,49,49,"2,052",179.00,"367,308.00"
2019-04-09,2019040901006722,JFL,39,39,10,173.00,"1,730.00"
2019-04-09,2019040901007040,KADBL,57,59,200,153.00,"30,600.00"
2019-04-09,2019040901007043,KBL,50,4,685,254.00,"173,990.00"
2019-04-09,2019040901007039,KBL,50,10,"1,315",254.00,"334,010.00"
2019-04-09,2019040901007038,KBL,29,10,500,254.00,"127,000.00"
2019-04-09,2019040901007037,KBL,58,10,165,254.00,"41,910.00"
2019-04-09,2019040901006994,KBL,52,18,100,255.00,"25,500.00"
2019-04-09,2019040901006990,KBL,58,34,400,254.00,"101,600.00"
2019-04-09,2019040901006715,KBL,20,17,200,255.00,"51,000.00"
2019-04-09,2019040901006650,KBL,58,34,200,254.00,"50,800.00"
2019-04-09,2019040901006635,KBL,39,17,300,255.00,"76,500.00"
2019-04-09,2019040901006634,KBL,39,40,100,255.00,"25,500.00"
2019-04-09,2019040901006959,KBL,58,34,"1,000",254.00,"254,000.00"
2019-04-09,2019040901006851,KBL,43,47,100,255.00,"25,500.00"
2019-04-09,2019040901006784,KBL,58,32,20,254.00,"5,080.00"
2019-04-09,2019040901006769,KBL,39,41,500,255.00,"127,500.00"
2019-04-09,2019040901006768,KBL,39,22,300,255.00,"76,500.00"
2019-04-09,2019040901006767,KBL,39,35,200,255.00,"51,000.00"
2019-04-09,2019040901006774,KKHC,45,32,100,79.00,"7,900.00"
2019-04-09,2019040901006830,KMCDB,25,34,55,799.00,"43,945.00"
2019-04-09,2019040901006933,KSBBL,49,34,"1,000",144.00,"144,000.00"
2019-04-09,2019040901006885,KSBBL,1,34,"1,000",144.00,"144,000.00"
2019-04-09,2019040901006571,LBBL,33,19,11,171.00,"1,881.00"
2019-04-09,2019040901007054,LBL,34,35,"4,900",205.00,"1,004,500.00"
2019-04-09,2019040901007007,LBL,36,16,100,206.00,"20,600.00"
2019-04-09,2019040901006972,LBL,32,39,250,207.00,"51,750.00"
2019-04-09,2019040901006971,LBL,32,39,100,207.00,"20,700.00"
2019-04-09,2019040901006970,LBL,32,1,100,207.00,"20,700.00"
2019-04-09,2019040901006969,LBL,32,40,50,207.00,"10,350.00"
2019-04-09,2019040901006941,LBL,52,40,100,207.00,"20,700.00"
2019-04-09,2019040901006882,LBL,49,40,150,207.00,"31,050.00"
2019-04-09,2019040901006643,LBL,36,55,400,206.00,"82,400.00"
2019-04-09,2019040901006642,LBL,42,55,600,206.00,"123,600.00"
2019-04-09,2019040901006778,LGIL,34,52,100,515.00,"51,500.00"
2019-04-09,2019040901006743,LGIL,52,37,56,514.00,"28,784.00"
2019-04-09,2019040901006757,LICN,52,5,10,"1,520.00","15,200.00"
2019-04-09,2019040901006919,MBL,14,1,70,239.00,"16,730.00"
2019-04-09,2019040901006864,MBL,14,19,130,239.00,"31,070.00"
2019-04-09,2019040901007048,MEGA,32,25,284,168.00,"47,712.00"
2019-04-09,2019040901007047,MEGA,33,25,216,168.00,"36,288.00"
2019-04-09,2019040901007010,MEGA,52,19,100,169.00,"16,900.00"
2019-04-09,2019040901006967,MEGA,7,19,100,169.00,"16,900.00"
2019-04-09,2019040901006940,MEGA,7,34,100,169.00,"16,900.00"
2019-04-09,2019040901006657,MEGA,7,32,84,169.00,"14,196.00"
2019-04-09,2019040901006608,MEGA,39,39,7,168.00,"1,176.00"
2019-04-09,2019040901006931,MERO,25,40,819,561.00,"459,459.00"
2019-04-09,2019040901006822,MERO,22,5,16,559.00,"8,944.00"
2019-04-09,2019040901006773,MERO,22,5,16,559.00,"8,944.00"
2019-04-09,2019040901006750,MERO,45,40,16,561.00,"8,976.00"
2019-04-09,2019040901006744,MLBL,33,19,"2,000",170.00,"340,000.00"
2019-04-09,2019040901006730,MLBL,33,19,"1,603",170.00,"272,510.00"
2019-04-09,2019040901006729,MLBL,28,19,397,171.00,"67,887.00"
2019-04-09,2019040901006658,MLBL,28,49,200,171.00,"34,200.00"
2019-04-09,2019040901007065,MNBBL,47,17,31,358.00,"11,098.00"
2019-04-09,2019040901007018,MNBBL,47,17,13,358.00,"4,654.00"
2019-04-09,2019040901006873,MNBBL,52,41,220,355.00,"78,100.00"
2019-04-09,2019040901006599,MNBBL,34,38,556,358.00,"199,048.00"
2019-04-09,2019040901006827,MSMBS,6,22,10,530.00,"5,300.00"
2019-04-09,2019040901007002,NABIL,35,6,100,743.00,"74,300.00"
2019-04-09,2019040901006999,NABIL,1,50,154,740.00,"113,960.00"
2019-04-09,2019040901006998,NABIL,29,50,14,740.00,"10,360.00"
2019-04-09,2019040901006961,NABIL,5,6,138,743.00,"102,534.00"
2019-04-09,2019040901006960,NABIL,5,58,60,743.00,"44,580.00"
2019-04-09,2019040901006894,NABIL,41,58,40,743.00,"29,720.00"
2019-04-09,2019040901006681,NABIL,26,50,50,742.00,"37,100.00"
2019-04-09,2019040901006680,NABIL,29,50,50,742.00,"37,100.00"
2019-04-09,2019040901006652,NABIL,17,6,150,743.00,"111,450.00"
2019-04-09,2019040901006651,NABIL,17,14,100,743.00,"74,300.00"
2019-04-09,2019040901006889,NABIL,5,6,252,741.00,"186,732.00"
2019-04-09,2019040901006888,NABIL,33,6,140,742.00,"103,880.00"
2019-04-09,2019040901006826,NABIL,39,6,50,743.00,"37,150.00"
2019-04-09,2019040901006780,NABIL,35,6,10,743.00,"7,430.00"
2019-04-09,2019040901006683,NABIL,5,50,50,741.00,"37,050.00"
2019-04-09,2019040901006682,NABIL,34,50,200,741.00,"148,200.00"
2019-04-09,2019040901006582,NABILP,22,59,40,715.00,"28,600.00"
2019-04-09,2019040901006737,NABILP,59,16,50,715.00,"35,750.00"
2019-04-09,2019040901006701,NABILP,45,50,54,714.00,"38,556.00"
2019-04-09,2019040901006700,NABILP,43,50,346,714.00,"247,044.00"
2019-04-09,2019040901006641,NABILP,43,19,154,714.00,"109,956.00"
2019-04-09,2019040901006632,NABILP,22,19,110,715.00,"78,650.00"
2019-04-09,2019040901006751,NADEP,5,45,10,666.00,"6,660.00"
2019-04-09,2019040901006728,NADEP,21,10,10,667.00,"6,670.00"
2019-04-09,2019040901007062,NBB,57,48,100,209.00,"20,900.00"
2019-04-09,2019040901007058,NBB,32,52,500,209.00,"104,500.00"
2019-04-09,2019040901006985,NBB,53,17,550,208.00,"114,400.00"
2019-04-09,2019040901006975,NBB,29,17,500,208.00,"104,000.00"
2019-04-09,2019040901006924,NBB,50,17,500,208.00,"104,000.00"
2019-04-09,2019040901006884,NBB,22,17,150,208.00,"31,200.00"
2019-04-09,2019040901006856,NBB,38,17,50,208.00,"10,400.00"
2019-04-09,2019040901006711,NBB,52,17,200,208.00,"41,600.00"
2019-04-09,2019040901006710,NBB,53,17,50,208.00,"10,400.00"
2019-04-09,2019040901006619,NBB,7,42,126,208.00,"26,208.00"
2019-04-09,2019040901007036,NBL,33,51,100,298.00,"29,800.00"
2019-04-09,2019040901006984,NBL,13,58,"1,207",295.00,"356,065.00"
2019-04-09,2019040901006983,NBL,34,58,300,295.00,"88,500.00"
2019-04-09,2019040901006982,NBL,7,58,500,296.00,"148,000.00"
2019-04-09,2019040901006640,NBL,22,58,193,297.00,"57,321.00"
2019-04-09,2019040901006592,NBL,33,52,357,296.00,"105,672.00"
2019-04-09,2019040901007052,NCCB,49,28,10,224.00,"2,240.00"
2019-04-09,2019040901007001,NCCB,32,42,"2,074",223.00,"462,502.00"
2019-04-09,2019040901006986,NCCB,22,42,500,223.00,"111,500.00"
2019-04-09,2019040901006905,NCCB,7,42,200,223.00,"44,600.00"
2019-04-09,2019040901006904,NCCB,28,42,"1,226",223.00,"273,398.00"
2019-04-09,2019040901006879,NCCB,52,28,100,224.00,"22,400.00"
2019-04-09,2019040901006580,NCCB,46,58,500,224.00,"112,000.00"
2019-04-09,2019040901006579,NCCB,46,53,100,224.00,"22,400.00"
2019-04-09,2019040901006578,NCCB,46,18,500,224.00,"112,000.00"
2019-04-09,2019040901006577,NCCB,46,17,"1,365",224.00,"305,760.00"
2019-04-09,2019040901006639,NCCB,4,18,200,223.00,"44,600.00"
2019-04-09,2019040901006627,NCCB,4,34,"1,771",223.00,"394,933.00"
2019-04-09,2019040901006626,NCCB,52,34,500,223.00,"111,500.00"
2019-04-09,2019040901006625,NCCB,40,34,"3,778",223.00,"842,494.00"
2019-04-09,2019040901006606,NCCB,42,28,50,224.00,"11,200.00"
2019-04-09,2019040901006581,NCCB,46,28,535,224.00,"119,840.00"
2019-04-09,2019040901006785,NCCB,41,28,500,224.00,"112,000.00"
2019-04-09,2019040901006716,NCCB,16,53,600,223.00,"133,800.00"
2019-04-09,2019040901006697,NCCB,16,19,571,223.00,"127,333.00"
2019-04-09,2019040901006696,NCCB,41,19,429,223.00,"95,667.00"
2019-04-09,2019040901006673,NCCB,41,57,71,223.00,"15,833.00"
2019-04-09,2019040901006672,NCCB,4,57,29,223.00,"6,467.00"
2019-04-09,2019040901006815,NCCB,32,13,440,223.00,"98,120.00"
2019-04-09,2019040901006814,NCCB,19,13,40,223.00,"8,920.00"
2019-04-09,2019040901006813,NCCB,25,13,200,223.00,"44,600.00"
2019-04-09,2019040901006812,NCCB,16,13,"1,829",223.00,"407,867.00"
2019-04-09,2019040901006801,NCCB,16,38,171,223.00,"38,133.00"
2019-04-09,2019040901006800,NCCB,16,38,829,223.00,"184,867.00"
2019-04-09,2019040901006843,NCCB,4,34,"1,436",223.00,"320,228.00"
2019-04-09,2019040901006820,NCCB,4,13,564,223.00,"125,772.00"
2019-04-09,2019040901006819,NCCB,32,13,"2,000",223.00,"446,000.00"
2019-04-09,2019040901006818,NCCB,22,13,"1,000",223.00,"223,000.00"
2019-04-09,2019040901006817,NCCB,34,13,"1,000",223.00,"223,000.00"
2019-04-09,2019040901006816,NCCB,44,13,225,223.00,"50,175.00"
2019-04-09,2019040901006860,NCCB,28,34,774,223.00,"172,602.00"
2019-04-09,2019040901006859,NCCB,44,34,500,223.00,"111,500.00"
2019-04-09,2019040901006858,NCCB,47,34,200,223.00,"44,600.00"
2019-04-09,2019040901006857,NCCB,49,34,526,223.00,"117,298.00"
2019-04-09,2019040901006845,NCCB,49,34,474,223.00,"105,702.00"
2019-04-09,2019040901006844,NCCB,39,34,90,223.00,"20,070.00"
2019-04-09,2019040901006574,NHDL,56,53,10,123.00,"1,230.00"
2019-04-09,2019040901006979,NHPC,56,58,100,72.00,"7,200.00"
2019-04-09,2019040901006804,NHPC,11,58,120,72.00,"8,640.00"
2019-04-09,2019040901006771,NHPC,56,52,"1,000",71.00,"71,000.00"
2019-04-09,2019040901007070,NIB,48,34,10,555.00,"5,550.00"
2019-04-09,2019040901006939,NIB,29,28,141,551.00,"77,691.00"
2019-04-09,2019040901006938,NIB,22,28,20,551.00,"11,020.00"
2019-04-09,2019040901006937,NIB,13,28,198,552.00,"109,296.00"
2019-04-09,2019040901006811,NIB,13,49,402,552.00,"221,904.00"
2019-04-09,2019040901006810,NIB,45,49,200,552.00,"110,400.00"
2019-04-09,2019040901006809,NIB,22,49,40,552.00,"22,080.00"
2019-04-09,2019040901006806,NIB,22,25,400,552.00,"220,800.00"
2019-04-09,2019040901006704,NIB,22,41,60,552.00,"33,120.00"
2019-04-09,2019040901006699,NIB,38,49,15,553.00,"8,295.00"
2019-04-09,2019040901007035,NICA,45,6,76,458.00,"34,808.00"
2019-04-09,2019040901007034,NICA,16,6,132,458.00,"60,456.00"
2019-04-09,2019040901007033,NICA,16,6,"1,500",458.00,"687,000.00"
2019-04-09,2019040901007032,NICA,8,6,500,458.00,"229,000.00"
2019-04-09,2019040901007031,NICA,43,6,200,458.00,"91,600.00"
2019-04-09,2019040901007030,NICA,45,6,200,458.00,"91,600.00"
2019-04-09,2019040901006584,NICA,57,49,473,462.00,"218,526.00"
2019-04-09,2019040901006573,NICA,36,49,12,462.00,"5,544.00"
2019-04-09,2019040901006572,NICA,36,50,100,461.00,"46,100.00"
2019-04-09,2019040901006590,NICA,57,38,20,462.00,"9,240.00"
2019-04-09,2019040901006589,NICA,57,34,300,462.00,"138,600.00"
2019-04-09,2019040901006588,NICA,57,34,366,462.00,"169,092.00"
2019-04-09,2019040901006587,NICA,57,34,496,462.00,"229,152.00"
2019-04-09,2019040901006586,NICA,57,34,55,462.00,"25,410.00"
2019-04-09,2019040901006585,NICA,57,34,52,462.00,"24,024.00"
2019-04-09,2019040901006788,NICA,57,43,100,461.00,"46,100.00"
2019-04-09,2019040901006787,NICA,57,44,199,461.00,"91,739.00"
2019-04-09,2019040901006646,NICA,57,8,28,462.00,"12,936.00"
2019-04-09,2019040901006602,NICA,46,43,32,463.00,"14,816.00"
2019-04-09,2019040901006594,NICA,57,21,10,462.00,"4,620.00"
2019-04-09,2019040901006591,NICA,57,6,200,462.00,"92,400.00"
2019-04-09,2019040901006847,NICA,26,48,100,460.00,"46,000.00"
2019-04-09,2019040901006823,NICA,41,43,115,463.00,"53,245.00"
2019-04-09,2019040901006792,NICA,57,43,254,463.00,"117,602.00"
2019-04-09,2019040901006791,NICA,57,8,472,462.00,"218,064.00"
2019-04-09,2019040901006790,NICA,57,59,595,461.00,"274,295.00"
2019-04-09,2019040901006789,NICA,57,59,380,461.00,"175,180.00"
2019-04-09,2019040901006935,NICA,14,26,438,459.00,"201,042.00"
2019-04-09,2019040901006898,NICA,5,48,80,460.00,"36,800.00"
2019-04-09,2019040901006883,NICA,41,48,50,460.00,"23,000.00"
2019-04-09,2019040901006850,NICA,58,48,500,460.00,"230,000.00"
2019-04-09,2019040901006849,NICA,5,48,50,460.00,"23,000.00"
2019-04-09,2019040901006848,NICA,21,48,20,460.00,"9,200.00"
2019-04-09,2019040901007023,NICA,19,6,200,459.00,"91,800.00"
2019-04-09,2019040901007022,NICA,14,6,"1,562",459.00,"716,958.00"
2019-04-09,2019040901007021,NICA,46,6,210,460.00,"96,600.00"
2019-04-09,2019040901007020,NICA,5,6,50,460.00,"23,000.00"
2019-04-09,2019040901007019,NICA,57,6,"1,919",460.00,"882,740.00"
2019-04-09,2019040901006992,NICA,57,44,81,460.00,"37,260.00"
2019-04-09,2019040901007029,NICA,22,6,200,458.00,"91,600.00"
2019-04-09,2019040901007028,NICA,22,6,500,458.00,"229,000.00"
2019-04-09,2019040901007027,NICA,32,6,100,458.00,"45,800.00"
2019-04-09,2019040901007026,NICA,14,6,140,458.00,"64,120.00"
2019-04-09,2019040901007025,NICA,49,6,40,459.00,"18,360.00"
2019-04-09,2019040901007024,NICA,45,6,"1,000",459.00,"459,000.00"
2019-04-09,2019040901007053,NICL,52,34,100,385.00,"38,500.00"
2019-04-09,2019040901007050,NICL,5,34,20,385.00,"7,700.00"
2019-04-09,2019040901007015,NICL,5,25,30,384.00,"11,520.00"
2019-04-09,2019040901006903,NICL,44,1,500,382.00,"191,000.00"
2019-04-09,2019040901006660,NICL,44,34,"1,000",382.00,"382,000.00"
2019-04-09,2019040901007008,NIL,38,40,100,527.00,"52,700.00"
2019-04-09,2019040901007003,NIL,36,40,10,527.00,"5,270.00"
2019-04-09,2019040901006976,NIL,38,38,100,518.00,"51,800.00"
2019-04-09,2019040901006957,NIL,44,38,"1,000",518.00,"518,000.00"
2019-04-09,2019040901006956,NIL,44,38,"1,000",518.00,"518,000.00"
2019-04-09,2019040901006955,NIL,44,38,"5,000",518.00,"2,590,000.00"
2019-04-09,2019040901006942,NIL,34,38,200,523.00,"104,600.00"
2019-04-09,2019040901006656,NIL,21,38,83,520.00,"43,160.00"
2019-04-09,2019040901006948,NIL,25,38,100,520.00,"52,000.00"
2019-04-09,2019040901006947,NIL,45,38,500,520.00,"260,000.00"
2019-04-09,2019040901006946,NIL,21,38,167,520.00,"86,840.00"
2019-04-09,2019040901006945,NIL,14,38,500,521.00,"260,500.00"
2019-04-09,2019040901006944,NIL,55,38,200,522.00,"104,400.00"
2019-04-09,2019040901006943,NIL,17,38,300,522.00,"156,600.00"
2019-04-09,2019040901006954,NIL,38,38,"2,000",518.00,"1,036,000.00"
2019-04-09,2019040901006953,NIL,14,38,100,518.00,"51,800.00"
2019-04-09,2019040901006952,NIL,43,38,500,518.00,"259,000.00"
2019-04-09,2019040901006951,NIL,51,38,500,518.00,"259,000.00"
2019-04-09,2019040901006950,NIL,21,38,170,519.00,"88,230.00"
2019-04-09,2019040901006949,NIL,49,38,200,520.00,"104,000.00"
2019-04-09,2019040901006807,NLIC,35,44,10,"1,104.00","11,040.00"
2019-04-09,2019040901006742,NLIC,1,10,17,"1,096.00","18,632.00"
2019-04-09,2019040901006734,NLIC,1,50,145,"1,096.00","158,920.00"
2019-04-09,2019040901006733,NLIC,45,50,21,"1,097.00","23,037.00"
2019-04-09,2019040901006732,NLIC,52,50,34,"1,100.00","37,400.00"
2019-04-09,2019040901006670,NLIC,52,10,17,"1,100.00","18,700.00"
2019-04-09,2019040901006645,NLIC,52,10,49,"1,100.00","53,900.00"
2019-04-09,2019040901006609,NLIC,17,49,40,"1,100.00","44,000.00"
2019-04-09,2019040901006906,NLICL,16,6,730,575.00,"419,750.00"
2019-04-09,2019040901006902,NLICL,16,6,100,575.00,"57,500.00"
2019-04-09,2019040901006897,NLICL,53,6,100,576.00,"57,600.00"
2019-04-09,2019040901006896,NLICL,3,6,100,576.00,"57,600.00"
2019-04-09,2019040901006895,NLICL,1,6,70,578.00,"40,460.00"
2019-04-09,2019040901006637,NLICL,22,6,100,580.00,"58,000.00"
2019-04-09,2019040901007004,NMB,57,53,50,351.00,"17,550.00"
2019-04-09,2019040901006974,NMB,57,44,20,351.00,"7,020.00"
2019-04-09,2019040901006917,NMB,57,6,500,352.00,"176,000.00"
2019-04-09,2019040901006899,NMB,42,6,500,352.00,"176,000.00"
2019-04-09,2019040901006775,NMB,14,8,500,352.00,"176,000.00"
2019-04-09,2019040901006713,NMB,25,6,500,353.00,"176,500.00"
2019-04-09,2019040901006611,NMB,26,28,300,352.00,"105,600.00"
2019-04-09,2019040901006610,NMB,19,28,200,352.00,"70,400.00"
2019-04-09,2019040901006617,NMB,45,28,500,351.00,"175,500.00"
2019-04-09,2019040901006616,NMB,58,28,"2,000",351.00,"702,000.00"
2019-04-09,2019040901006615,NMB,52,28,200,351.00,"70,200.00"
2019-04-09,2019040901006614,NMB,38,28,200,351.00,"70,200.00"
2019-04-09,2019040901006613,NMB,49,28,869,351.00,"305,019.00"
2019-04-09,2019040901006612,NMB,32,28,500,352.00,"176,000.00"
2019-04-09,2019040901006802,NSEWA,41,4,10,500.00,"5,000.00"
2019-04-09,2019040901007006,NTC,56,57,100,678.00,"67,800.00"
2019-04-09,2019040901006756,NTC,32,5,10,679.00,"6,790.00"
2019-04-09,2019040901006877,NUBL,26,45,25,753.00,"18,825.00"
2019-04-09,2019040901006644,NUBL,26,54,60,753.00,"45,180.00"
2019-04-09,2019040901006995,PCBL,49,6,50,328.00,"16,400.00"
2019-04-09,2019040901006891,PCBL,52,6,105,329.00,"34,545.00"
2019-04-09,2019040901006890,PCBL,52,45,95,329.00,"31,255.00"
2019-04-09,2019040901006875,PCBL,49,4,550,328.00,"180,400.00"
2019-04-09,2019040901006738,PCBL,49,5,100,328.00,"32,800.00"
2019-04-09,2019040901006832,PFL,41,58,13,135.00,"1,755.00"
2019-04-09,2019040901006741,PIC,49,53,10,"1,022.00","10,220.00"
2019-04-09,2019040901006723,PICL,34,35,20,700.00,"14,000.00"
2019-04-09,2019040901006667,PICL,47,58,50,690.00,"34,500.00"
2019-04-09,2019040901006666,PICL,47,58,100,690.00,"69,000.00"
2019-04-09,2019040901006665,PICL,58,58,100,691.00,"69,100.00"
2019-04-09,2019040901006664,PICL,35,58,20,691.00,"13,820.00"
2019-04-09,2019040901006871,PLIC,28,28,20,465.00,"9,300.00"
2019-04-09,2019040901006870,PLIC,28,22,180,464.00,"83,520.00"
2019-04-09,2019040901006607,PLIC,35,22,20,464.00,"9,280.00"
2019-04-09,2019040901006595,PMHPL,56,53,10,109.00,"1,090.00"
2019-04-09,2019040901006991,PRVU,28,46,"1,000",247.00,"247,000.00"
2019-04-09,2019040901006927,PRVU,44,46,"2,600",247.00,"642,200.00"
2019-04-09,2019040901006925,PRVU,44,37,650,247.00,"160,550.00"
2019-04-09,2019040901006892,PRVU,17,6,300,248.00,"74,400.00"
2019-04-09,2019040901006808,PRVU,44,54,200,247.00,"49,400.00"
2019-04-09,2019040901006761,PRVU,32,32,28,248.00,"6,944.00"
2019-04-09,2019040901006748,PRVU,14,35,500,248.00,"124,000.00"
2019-04-09,2019040901006747,PRVU,14,49,"1,639",248.00,"406,472.00"
2019-04-09,2019040901007005,RADHI,50,45,11,168.00,"1,848.00"
2019-04-09,2019040901006702,RBCL,34,22,10,"9,026.00","90,260.00"
2019-04-09,2019040901006686,RBCL,45,22,15,"9,030.00","135,450.00"
2019-04-09,2019040901006685,RBCL,45,22,10,"9,100.00","91,000.00"
2019-04-09,2019040901006962,RLFL,49,26,"1,000",119.00,"119,000.00"
2019-04-09,2019040901006989,SANIMA,11,47,"1,000",318.00,"318,000.00"
2019-04-09,2019040901006930,SANIMA,32,47,500,318.00,"159,000.00"
2019-04-09,2019040901006783,SANIMA,40,47,"2,000",318.00,"636,000.00"
2019-04-09,2019040901006782,SANIMA,40,47,"1,500",318.00,"477,000.00"
2019-04-09,2019040901006781,SANIMA,56,47,78,318.00,"24,804.00"
2019-04-09,2019040901007014,SBI,36,36,434,412.00,"178,808.00"
2019-04-09,2019040901007013,SBI,41,36,50,413.00,"20,650.00"
2019-04-09,2019040901006932,SBL,25,45,92,310.00,"28,520.00"
2019-04-09,2019040901006631,SBL,25,49,320,310.00,"99,200.00"
2019-04-09,2019040901006630,SBL,13,49,100,310.00,"31,000.00"
2019-04-09,2019040901006988,SCB,26,25,170,592.00,"100,640.00"
2019-04-09,2019040901006987,SCB,11,25,30,592.00,"17,760.00"
2019-04-09,2019040901006929,SCB,5,39,22,595.00,"13,090.00"
2019-04-09,2019040901006911,SCB,5,43,100,595.00,"59,500.00"
2019-04-09,2019040901006863,SCB,5,35,378,595.00,"224,910.00"
2019-04-09,2019040901006755,SCB,17,10,20,593.00,"11,860.00"
2019-04-09,2019040901006727,SCB,45,50,30,594.00,"17,820.00"
2019-04-09,2019040901006726,SCB,26,50,40,594.00,"23,760.00"
2019-04-09,2019040901006840,SCB,21,35,22,595.00,"13,090.00"
2019-04-09,2019040901006839,SCB,21,35,400,595.00,"238,000.00"
2019-04-09,2019040901006838,SCB,21,51,70,595.00,"41,650.00"
2019-04-09,2019040901006837,SCB,21,28,100,595.00,"59,500.00"
2019-04-09,2019040901006836,SCB,21,43,88,593.00,"52,184.00"
2019-04-09,2019040901006779,SCB,17,43,412,593.00,"244,316.00"
2019-04-09,2019040901006763,SDESI,28,10,23,536.00,"12,328.00"
2019-04-09,2019040901006797,SHINE,55,14,210,233.00,"48,930.00"
2019-04-09,2019040901006600,SHINE,26,14,200,232.00,"46,400.00"
2019-04-09,2019040901006598,SHINE,26,59,35,232.00,"8,120.00"
2019-04-09,2019040901007012,SHIVM,6,13,30,310.00,"9,300.00"
2019-04-09,2019040901007011,SHIVM,58,13,20,310.00,"6,200.00"
2019-04-09,2019040901006746,SHIVM,57,47,260,309.00,"80,340.00"
2019-04-09,2019040901006745,SHIVM,38,47,40,309.00,"12,360.00"
2019-04-09,2019040901006709,SHIVM,38,34,50,309.00,"15,450.00"
2019-04-09,2019040901006706,SHIVM,38,42,50,309.00,"15,450.00"
2019-04-09,2019040901006698,SHIVM,38,42,50,309.00,"15,450.00"
2019-04-09,2019040901006694,SHIVM,38,34,10,309.00,"3,090.00"
2019-04-09,2019040901006693,SHIVM,38,34,40,309.00,"12,360.00"
2019-04-09,2019040901006671,SHIVM,36,44,20,313.00,"6,260.00"
2019-04-09,2019040901006659,SHIVM,36,46,50,312.00,"15,600.00"
2019-04-09,2019040901007016,SHPC,20,52,482,225.00,"108,450.00"
2019-04-09,2019040901006936,SHPC,20,47,800,225.00,"180,000.00"
2019-04-09,2019040901006829,SHPC,20,47,300,225.00,"67,500.00"
2019-04-09,2019040901006703,SHPC,34,47,200,226.00,"45,200.00"
2019-04-09,2019040901006691,SHPC,47,47,"1,000",226.00,"226,000.00"
2019-04-09,2019040901006684,SHPC,47,57,"1,000",226.00,"226,000.00"
2019-04-09,2019040901006575,SHPC,47,47,"1,000",226.00,"226,000.00"
2019-04-09,2019040901006663,SHPC,20,21,110,225.00,"24,750.00"
2019-04-09,2019040901006662,SHPC,47,47,200,226.00,"45,200.00"
2019-04-09,2019040901006661,SHPC,47,47,400,226.00,"90,400.00"
2019-04-09,2019040901006605,SHPC,47,47,"1,100",226.00,"248,600.00"
2019-04-09,2019040901006604,SHPC,47,47,500,226.00,"113,000.00"
2019-04-09,2019040901006576,SHPC,47,47,700,226.00,"158,200.00"
2019-04-09,2019040901006628,SIC,20,6,50,"1,296.00","64,800.00"
2019-04-09,2019040901006934,SICL,29,37,362,881.00,"318,922.00"
2019-04-09,2019040901006766,SICL,29,34,100,881.00,"88,100.00"
2019-04-09,2019040901006765,SICL,38,34,100,882.00,"88,200.00"
2019-04-09,2019040901007068,SIL,58,25,90,610.00,"54,900.00"
2019-04-09,2019040901007067,SIL,25,25,30,610.00,"18,300.00"
2019-04-09,2019040901006869,SIL,37,19,12,612.00,"7,344.00"
2019-04-09,2019040901006886,SKBBL,22,14,300,880.00,"264,000.00"
2019-04-09,2019040901006876,SKBBL,25,14,200,880.00,"176,000.00"
2019-04-09,2019040901006758,SKBBL,41,14,25,880.00,"22,000.00"
2019-04-09,2019040901006731,SKBBL,47,14,200,880.00,"176,000.00"
2019-04-09,2019040901007061,SLICL,51,58,302,530.00,"160,060.00"
2019-04-09,2019040901006862,SLICL,51,6,50,530.00,"26,500.00"
2019-04-09,2019040901006842,SLICL,1,6,50,531.00,"26,550.00"
2019-04-09,2019040901006831,SLICL,51,6,100,532.00,"53,200.00"
2019-04-09,2019040901006668,SMATA,58,33,20,"1,220.00","24,400.00"
2019-04-09,2019040901007060,SMB,16,3,10,594.00,"5,940.00"
2019-04-09,2019040901007059,SMFDB,17,19,10,644.00,"6,440.00"
2019-04-09,2019040901006777,SPDL,39,10,15,100.00,"1,500.00"
2019-04-09,2019040901007055,SRBL,39,39,1,232.00,232.00
2019-04-09,2019040901006977,SRBL,49,44,20,236.00,"4,720.00"
2019-04-09,2019040901006966,SRBL,49,34,333,234.00,"77,922.00"
2019-04-09,2019040901006799,SRBL,44,45,98,233.00,"22,834.00"
2019-04-09,2019040901006798,SRBL,44,49,400,233.00,"93,200.00"
2019-04-09,2019040901006786,SRBL,44,26,"1,271",232.00,"294,872.00"
2019-04-09,2019040901006739,SRBL,44,25,30,232.00,"6,960.00"
2019-04-09,2019040901006854,SWBBL,22,52,90,820.00,"73,800.00"
2019-04-09,2019040901006692,SWBBL,26,54,50,825.00,"41,250.00"
2019-04-09,2019040901006835,TRH,22,40,460,238.00,"109,480.00"
2019-04-09,2019040901006834,TRH,43,40,40,239.00,"9,560.00"
2019-04-09,2019040901006707,UPCL,7,50,100,94.00,"9,400.00"
2019-04-09,2019040901006846,UPPER,44,10,40,233.00,"9,320.00"
2019-04-09,2019040901006841,UPPER,44,47,"1,000",233.00,"233,000.00"
2019-04-09,2019040901006776,UPPER,44,43,40,233.00,"9,320.00"
2019-04-09,2019040901006749,UPPER,44,50,"1,000",233.00,"233,000.00"
2019-04-09,2019040901006622,UPPER,59,45,500,234.00,"117,000.00"
2019-04-09,2019040901006621,UPPER,44,45,200,234.00,"46,800.00"
2019-04-09,2019040901006620,UPPER,38,45,439,234.00,"102,726.00"
2019-04-09,2019040901006690,UPPER,44,47,50,233.00,"11,650.00"
2019-04-09,2019040901006678,UPPER,44,58,50,233.00,"11,650.00"
2019-04-09,2019040901006654,UPPER,40,48,100,234.00,"23,400.00"
2019-04-09,2019040901006653,UPPER,40,45,41,234.00,"9,594.00"
2019-04-09,2019040901006636,UPPER,44,47,50,233.00,"11,650.00"
2019-04-09,2019040901006623,UPPER,50,45,50,234.00,"11,700.00"
2019-04-09,2019040901006469,ADBL,11,51,120,311.00,"37,320.00"
2019-04-09,2019040901006463,ADBL,34,49,"1,483",312.00,"462,696.00"
2019-04-09,2019040901006370,ADBL,50,49,500,312.00,"156,000.00"
2019-04-09,2019040901006369,ADBL,4,49,"3,000",312.00,"936,000.00"
2019-04-09,2019040901006368,ADBL,1,49,200,312.00,"62,400.00"
2019-04-09,2019040901006367,ADBL,5,49,400,312.00,"124,800.00"
2019-04-09,2019040901006366,ADBL,46,49,50,313.00,"15,650.00"
2019-04-09,2019040901006081,AHPC,7,5,46,103.00,"4,738.00"
2019-04-09,2019040901006080,AHPC,7,6,"1,120",103.00,"115,360.00"
2019-04-09,2019040901006487,AKJCL,52,20,10,81.00,810.00
2019-04-09,2019040901006380,AKJCL,50,20,10,82.00,820.00
2019-04-09,2019040901006354,AKJCL,50,20,10,82.00,820.00
2019-04-09,2019040901006331,AKJCL,50,20,20,82.00,"1,640.00"
2019-04-09,2019040901006286,AKJCL,50,20,20,82.00,"1,640.00"
2019-04-09,2019040901006254,AKJCL,50,20,20,82.00,"1,640.00"
2019-04-09,2019040901006355,AKPL,37,6,10,168.00,"1,680.00"
2019-04-09,2019040901006411,ALICL,45,52,100,404.00,"40,400.00"
2019-04-09,2019040901006410,ALICL,39,52,200,405.00,"81,000.00"
2019-04-09,2019040901006351,AMFI,48,54,10,635.00,"6,350.00"
2019-04-09,2019040901006461,API,47,42,17,132.00,"2,244.00"
2019-04-09,2019040901006414,API,47,42,17,132.00,"2,244.00"
2019-04-09,2019040901006319,API,25,40,20,134.00,"2,680.00"
2019-04-09,2019040901006302,API,47,42,17,132.00,"2,244.00"
2019-04-09,2019040901006158,API,25,14,100,133.00,"13,300.00"
2019-04-09,2019040901006563,BOKL,26,42,200,257.00,"51,400.00"
2019-04-09,2019040901006555,BOKL,32,42,256,257.00,"65,792.00"
2019-04-09,2019040901006545,BOKL,32,21,15,257.00,"3,855.00"
2019-04-09,2019040901006522,BOKL,32,18,97,257.00,"24,929.00"
2019-04-09,2019040901006518,BOKL,32,18,32,257.00,"8,224.00"
2019-04-09,2019040901006503,BOKL,32,21,100,257.00,"25,700.00"
2019-04-09,2019040901006451,BOKL,45,45,"1,000",257.00,"257,000.00"
2019-04-09,2019040901006259,BOKL,40,29,200,256.00,"51,200.00"
2019-04-09,2019040901006118,BOKL,40,32,331,256.00,"84,736.00"
2019-04-09,2019040901006562,BPCL,28,7,22,360.00,"7,920.00"
2019-04-09,2019040901006155,BPCL,11,17,322,361.00,"116,242.00"
2019-04-09,2019040901006154,BPCL,11,44,11,361.00,"3,971.00"
2019-04-09,2019040901006153,BPCL,11,5,17,361.00,"6,137.00"
2019-04-09,2019040901006143,BPCL,28,43,155,360.00,"55,800.00"
2019-04-09,2019040901006142,BPCL,1,43,145,360.00,"52,200.00"
2019-04-09,2019040901006433,CBBL,53,48,71,906.00,"64,326.00"
2019-04-09,2019040901006432,CBBL,34,48,29,906.00,"26,274.00"
2019-04-09,2019040901006215,CBBL,34,29,15,906.00,"13,590.00"
2019-04-09,2019040901006111,CBBL,34,21,56,906.00,"50,736.00"
2019-04-09,2019040901006526,CBL,39,29,"1,016",160.00,"162,560.00"
2019-04-09,2019040901006485,CBL,39,45,55,160.00,"8,800.00"
2019-04-09,2019040901006467,CBL,39,42,40,160.00,"6,400.00"
2019-04-09,2019040901006421,CBL,39,42,50,160.00,"8,000.00"
2019-04-09,2019040901006413,CBL,39,39,"3,982",160.00,"637,120.00"
2019-04-09,2019040901006394,CBL,39,19,111,160.00,"17,760.00"
2019-04-09,2019040901006275,CBL,51,19,132,160.00,"21,120.00"
2019-04-09,2019040901006353,CBL,6,19,30,161.00,"4,830.00"
2019-04-09,2019040901006346,CBL,39,19,11,160.00,"1,760.00"
2019-04-09,2019040901006335,CBL,39,53,"3,102",160.00,"496,320.00"
2019-04-09,2019040901006334,CBL,48,53,100,160.00,"16,000.00"
2019-04-09,2019040901006333,CBL,53,53,300,160.00,"48,000.00"
2019-04-09,2019040901006332,CBL,51,53,"1,669",160.00,"267,040.00"
2019-04-09,2019040901006510,CCBL,1,28,17,168.00,"2,856.00"
2019-04-09,2019040901006509,CCBL,43,28,100,168.00,"16,800.00"
2019-04-09,2019040901006508,CCBL,16,28,108,168.00,"18,144.00"
2019-04-09,2019040901006477,CCBL,16,42,119,168.00,"19,992.00"
2019-04-09,2019040901006425,CCBL,16,42,119,168.00,"19,992.00"
2019-04-09,2019040901006381,CCBL,16,42,119,168.00,"19,992.00"
2019-04-09,2019040901006121,CCBL,33,43,"1,000",168.00,"168,000.00"
2019-04-09,2019040901006120,CCBL,48,43,483,168.00,"81,144.00"
2019-04-09,2019040901006268,CCBL,16,19,35,168.00,"5,880.00"
2019-04-09,2019040901006267,CCBL,48,19,83,168.00,"13,944.00"
2019-04-09,2019040901006125,CCBL,48,43,917,168.00,"154,056.00"
2019-04-09,2019040901006124,CCBL,48,43,200,168.00,"33,600.00"
2019-04-09,2019040901006123,CCBL,41,43,150,168.00,"25,200.00"
2019-04-09,2019040901006122,CCBL,57,43,250,168.00,"42,000.00"
2019-04-09,2019040901006535,CHCL,55,49,48,505.00,"24,240.00"
2019-04-09,2019040901006534,CHCL,56,49,100,505.00,"50,500.00"
2019-04-09,2019040901006533,CHCL,56,49,52,505.00,"26,260.00"
2019-04-09,2019040901006480,CHCL,56,42,28,505.00,"14,140.00"
2019-04-09,2019040901006434,CHCL,56,42,28,505.00,"14,140.00"
2019-04-09,2019040901006424,CHCL,25,42,80,507.00,"40,560.00"
2019-04-09,2019040901006097,CHCL,56,55,100,506.00,"50,600.00"
2019-04-09,2019040901006412,CHCL,25,25,53,507.00,"26,871.00"
2019-04-09,2019040901006388,CHCL,39,29,10,508.00,"5,080.00"
2019-04-09,2019040901006387,CHCL,39,29,40,508.00,"20,320.00"
2019-04-09,2019040901006314,CHCL,25,42,49,507.00,"24,843.00"
2019-04-09,2019040901006240,CHCL,25,45,18,507.00,"9,126.00"
2019-04-09,2019040901006239,CHCL,25,39,100,506.00,"50,600.00"
2019-04-09,2019040901006174,CIT,43,19,58,"2,571.00","149,118.00"
2019-04-09,2019040901006173,CIT,40,19,15,"2,572.00","38,580.00"
2019-04-09,2019040901006550,CZBIL,18,18,3,220.00,660.00
2019-04-09,2019040901006514,CZBIL,11,34,64,221.00,"14,144.00"
2019-04-09,2019040901006513,CZBIL,11,42,36,221.00,"7,956.00"
2019-04-09,2019040901006340,CZBIL,6,39,10,222.00,"2,220.00"
2019-04-09,2019040901006270,CZBIL,17,40,"1,048",221.00,"231,608.00"
2019-04-09,2019040901006248,CZBIL,17,55,952,221.00,"210,392.00"
2019-04-09,2019040901006210,CZBIL,49,29,825,220.00,"181,500.00"
2019-04-09,2019040901006209,CZBIL,34,29,75,220.00,"16,500.00"
2019-04-09,2019040901006093,CZBIL,34,57,69,220.00,"15,180.00"
2019-04-09,2019040901006360,DBBL,26,19,11,126.00,"1,386.00"
2019-04-09,2019040901006566,DDBL,35,54,300,592.00,"177,600.00"
2019-04-09,2019040901006297,DDBL,19,54,254,591.00,"150,114.00"
2019-04-09,2019040901006296,DDBL,44,54,"1,000",591.00,"591,000.00"
2019-04-09,2019040901006295,DDBL,17,54,50,591.00,"29,550.00"
2019-04-09,2019040901006294,DDBL,58,54,26,592.00,"15,392.00"
2019-04-09,2019040901006293,DDBL,25,54,200,592.00,"118,400.00"
2019-04-09,2019040901006468,EBL,36,7,30,606.00,"18,180.00"
2019-04-09,2019040901006329,EBL,22,36,290,605.00,"175,450.00"
2019-04-09,2019040901006264,EBL,7,32,20,604.00,"12,080.00"
2019-04-09,2019040901006547,EDBL,36,36,10,287.00,"2,870.00"
2019-04-09,2019040901006507,EIC,51,19,75,855.00,"64,125.00"
2019-04-09,2019040901006506,EIC,7,19,35,855.00,"29,925.00"
2019-04-09,2019040901006505,EIC,40,19,15,856.00,"12,840.00"
2019-04-09,2019040901006310,FMDBL,26,54,36,375.00,"13,500.00"
2019-04-09,2019040901006309,FMDBL,34,54,50,376.00,"18,800.00"
2019-04-09,2019040901006095,FMDBL,26,19,10,380.00,"3,800.00"
2019-04-09,2019040901006540,FOWAD,38,20,23,"1,506.00","34,638.00"
2019-04-09,2019040901006446,GBBL,39,42,40,192.00,"7,680.00"
2019-04-09,2019040901006445,GBBL,4,42,100,192.00,"19,200.00"
2019-04-09,2019040901006444,GBBL,14,42,20,192.00,"3,840.00"
2019-04-09,2019040901006320,GBBL,14,42,80,192.00,"15,360.00"
2019-04-09,2019040901006134,GBBL,44,20,235,191.00,"44,885.00"
2019-04-09,2019040901006133,GBBL,43,20,200,192.00,"38,400.00"
2019-04-09,2019040901006490,GBIME,59,42,13,271.00,"3,523.00"
2019-04-09,2019040901006386,GBIME,59,25,105,271.00,"28,455.00"
2019-04-09,2019040901006249,GBIME,7,10,10,274.00,"2,740.00"
2019-04-09,2019040901006137,GBIME,1,54,200,271.00,"54,200.00"
2019-04-09,2019040901006516,GBLBS,19,39,140,444.00,"62,160.00"
2019-04-09,2019040901006515,GBLBS,51,39,180,445.00,"80,100.00"
2019-04-09,2019040901006431,GBLBS,51,57,10,445.00,"4,450.00"
2019-04-09,2019040901006416,GBLBS,51,42,10,445.00,"4,450.00"
2019-04-09,2019040901006236,GBLBS,19,20,10,444.00,"4,440.00"
2019-04-09,2019040901006178,GBLBS,19,1,50,444.00,"22,200.00"
2019-04-09,2019040901006177,GBLBS,40,1,90,444.00,"39,960.00"
2019-04-09,2019040901006325,GDBL,34,42,41,188.00,"7,708.00"
2019-04-09,2019040901006546,HBL,52,35,100,492.00,"49,200.00"
2019-04-09,2019040901006357,HBL,45,35,50,492.00,"24,600.00"
2019-04-09,2019040901006349,HBL,36,3,100,491.00,"49,100.00"
2019-04-09,2019040901006339,HIDCL,56,42,12,136.00,"1,632.00"
2019-04-09,2019040901006442,HPPL,53,57,10,183.00,"1,830.00"
2019-04-09,2019040901006223,HPPL,45,3,500,185.00,"92,500.00"
2019-04-09,2019040901006127,ICFC,4,32,88,153.00,"13,464.00"
2019-04-09,2019040901006567,JBBL,52,22,407,141.00,"57,387.00"
2019-04-09,2019040901006348,JBBL,36,42,16,140.00,"2,240.00"
2019-04-09,2019040901006308,JBBL,36,33,314,140.00,"43,960.00"
2019-04-09,2019040901006307,JBBL,21,33,700,140.00,"98,000.00"
2019-04-09,2019040901006306,JBBL,39,33,100,140.00,"14,000.00"
2019-04-09,2019040901006305,JBBL,59,33,197,140.00,"27,580.00"
2019-04-09,2019040901006304,JBBL,14,33,100,141.00,"14,100.00"
2019-04-09,2019040901006391,JBNL,28,42,70,179.00,"12,530.00"
2019-04-09,2019040901006377,JBNL,28,19,11,179.00,"1,969.00"
2019-04-09,2019040901006364,JBNL,28,6,109,179.00,"19,511.00"
2019-04-09,2019040901006560,KBL,58,21,215,254.00,"54,610.00"
2019-04-09,2019040901006554,KBL,58,21,205,254.00,"52,070.00"
2019-04-09,2019040901006538,KBL,58,42,70,254.00,"17,780.00"
2019-04-09,2019040901006537,KBL,50,42,250,254.00,"63,500.00"
2019-04-09,2019040901006536,KBL,29,42,150,254.00,"38,100.00"
2019-04-09,2019040901006417,KBL,29,29,350,254.00,"88,900.00"
2019-04-09,2019040901006144,KBL,8,4,300,253.00,"75,900.00"
2019-04-09,2019040901006224,KBL,58,54,200,253.00,"50,600.00"
2019-04-09,2019040901006176,KBL,58,33,225,253.00,"56,925.00"
2019-04-09,2019040901006161,KBL,49,33,300,253.00,"75,900.00"
2019-04-09,2019040901006147,KBL,49,4,200,253.00,"50,600.00"
2019-04-09,2019040901006146,KBL,53,4,"1,000",253.00,"253,000.00"
2019-04-09,2019040901006145,KBL,33,4,500,253.00,"126,500.00"
2019-04-09,2019040901006362,KBL,39,13,20,254.00,"5,080.00"
2019-04-09,2019040901006313,KBL,39,26,500,254.00,"127,000.00"
2019-04-09,2019040901006312,KBL,39,46,25,254.00,"6,350.00"
2019-04-09,2019040901006311,KBL,39,45,148,254.00,"37,592.00"
2019-04-09,2019040901006262,KBL,47,45,200,254.00,"50,800.00"
2019-04-09,2019040901006247,KBL,58,22,300,253.00,"75,900.00"
2019-04-09,2019040901006539,KMCDB,33,34,10,796.00,"7,960.00"
2019-04-09,2019040901006401,KMCDB,25,58,145,781.00,"113,245.00"
2019-04-09,2019040901006409,KPCL,34,48,10,92.00,920.00
2019-04-09,2019040901006375,KPCL,34,48,10,92.00,920.00
2019-04-09,2019040901006365,KPCL,34,48,10,92.00,920.00
2019-04-09,2019040901006132,KRBL,38,34,431,101.00,"43,531.00"
2019-04-09,2019040901006570,LBBL,33,19,12,171.00,"2,052.00"
2019-04-09,2019040901006569,LBBL,33,19,12,171.00,"2,052.00"
2019-04-09,2019040901006568,LBBL,33,19,13,171.00,"2,223.00"
2019-04-09,2019040901006558,LBBL,1,45,160,170.00,"27,200.00"
2019-04-09,2019040901006281,LBL,42,34,300,206.00,"61,800.00"
2019-04-09,2019040901006101,LBL,42,22,100,206.00,"20,600.00"
2019-04-09,2019040901006323,LGIL,21,54,41,512.00,"20,992.00"
2019-04-09,2019040901006322,LGIL,42,54,15,512.00,"7,680.00"
2019-04-09,2019040901006553,MBL,57,55,200,239.00,"47,800.00"
2019-04-09,2019040901006552,MBL,57,52,500,239.00,"119,500.00"
2019-04-09,2019040901006551,MBL,57,16,200,238.00,"47,600.00"
2019-04-09,2019040901006303,MBL,46,14,15,239.00,"3,585.00"
2019-04-09,2019040901006237,MBL,52,48,100,237.00,"23,700.00"
2019-04-09,2019040901006408,MEGA,33,19,67,168.00,"11,256.00"
2019-04-09,2019040901006392,MEGA,33,42,10,168.00,"1,680.00"
2019-04-09,2019040901006359,MEGA,33,42,45,168.00,"7,560.00"
2019-04-09,2019040901006327,MEGA,33,28,662,168.00,"111,216.00"
2019-04-09,2019040901006326,MEGA,34,28,338,168.00,"56,784.00"
2019-04-09,2019040901006291,MEGA,34,26,150,168.00,"25,200.00"
2019-04-09,2019040901006283,MEGA,34,19,67,168.00,"11,256.00"
2019-04-09,2019040901006212,MEGA,19,32,19,169.00,"3,211.00"
2019-04-09,2019040901006403,MLBL,28,25,180,171.00,"30,780.00"
2019-04-09,2019040901006402,MLBL,14,25,25,172.00,"4,300.00"
2019-04-09,2019040901006371,MLBL,14,42,75,172.00,"12,900.00"
2019-04-09,2019040901006164,MLBL,4,48,44,173.00,"7,612.00"
2019-04-09,2019040901006108,MLBL,20,39,"1,990",174.00,"346,260.00"
2019-04-09,2019040901006234,MMFDB,37,34,300,906.00,"271,800.00"
2019-04-09,2019040901006439,MNBBL,14,22,65,354.00,"23,010.00"
2019-04-09,2019040901006504,NABIL,52,14,40,743.00,"29,720.00"
2019-04-09,2019040901006486,NABIL,5,10,500,744.00,"372,000.00"
2019-04-09,2019040901006466,NABIL,52,3,100,743.00,"74,300.00"
2019-04-09,2019040901006465,NABIL,52,19,60,743.00,"44,580.00"
2019-04-09,2019040901006455,NABIL,29,7,100,742.00,"74,200.00"
2019-04-09,2019040901006379,NABIL,29,3,50,742.00,"37,100.00"
2019-04-09,2019040901006106,NABIL,41,17,50,742.00,"37,100.00"
2019-04-09,2019040901006266,NABIL,34,54,133,741.00,"98,553.00"
2019-04-09,2019040901006185,NABIL,7,19,10,743.00,"7,430.00"
2019-04-09,2019040901006182,NABIL,37,37,"1,200",742.00,"890,400.00"
2019-04-09,2019040901006165,NABIL,34,41,100,741.00,"74,100.00"
2019-04-09,2019040901006136,NABIL,5,19,300,743.00,"222,900.00"
2019-04-09,2019040901006107,NABIL,51,17,150,742.00,"111,300.00"
2019-04-09,2019040901006519,NABILP,22,14,100,715.00,"71,500.00"
2019-04-09,2019040901006556,NBB,45,42,100,208.00,"20,800.00"
2019-04-09,2019040901006382,NBB,52,47,167,208.00,"34,736.00"
2019-04-09,2019040901006372,NBB,55,35,500,207.00,"103,500.00"
2019-04-09,2019040901006175,NBB,55,54,"1,000",207.00,"207,000.00"
2019-04-09,2019040901006099,NBB,38,51,50,208.00,"10,400.00"
2019-04-09,2019040901006098,NBB,38,51,83,208.00,"17,264.00"
2019-04-09,2019040901006115,NBB,55,47,"1,000",208.00,"208,000.00"
2019-04-09,2019040901006114,NBB,45,47,33,208.00,"6,864.00"
2019-04-09,2019040901006110,NBB,45,22,100,208.00,"20,800.00"
2019-04-09,2019040901006100,NBB,45,51,67,208.00,"13,936.00"
2019-04-09,2019040901006512,NBL,35,52,200,296.00,"59,200.00"
2019-04-09,2019040901006243,NBL,22,54,90,295.00,"26,550.00"
2019-04-09,2019040901006242,NBL,34,54,100,296.00,"29,600.00"
2019-04-09,2019040901006241,NBL,1,54,10,296.00,"2,960.00"
2019-04-09,2019040901006481,NCCB,40,5,"2,400",223.00,"535,200.00"
2019-04-09,2019040901006376,NCCB,40,49,100,223.00,"22,300.00"
2019-04-09,2019040901006328,NCCB,40,18,500,223.00,"111,500.00"
2019-04-09,2019040901006288,NCCB,40,45,"1,000",223.00,"223,000.00"
2019-04-09,2019040901006258,NCCB,40,36,"2,204",223.00,"491,492.00"
2019-04-09,2019040901006257,NCCB,40,54,18,223.00,"4,014.00"
2019-04-09,2019040901006256,NCCB,46,54,"1,482",223.00,"330,486.00"
2019-04-09,2019040901006233,NCCB,46,54,200,223.00,"44,600.00"
2019-04-09,2019040901006091,NCCB,46,28,100,223.00,"22,300.00"
2019-04-09,2019040901006086,NCCB,46,39,500,223.00,"111,500.00"
2019-04-09,2019040901006083,NCCB,11,17,135,224.00,"30,240.00"
2019-04-09,2019040901006082,NCCB,11,33,365,224.00,"81,760.00"
2019-04-09,2019040901006076,NHPC,52,7,500,70.00,"35,000.00"
2019-04-09,2019040901006528,NIB,52,49,200,553.00,"110,600.00"
2019-04-09,2019040901006527,NIB,51,49,143,553.00,"79,079.00"
2019-04-09,2019040901006525,NIB,36,34,20,555.00,"11,100.00"
2019-04-09,2019040901006521,NIB,51,49,57,553.00,"31,521.00"
2019-04-09,2019040901006520,NIB,42,49,393,553.00,"217,329.00"
2019-04-09,2019040901006356,NIB,42,57,200,553.00,"110,600.00"
2019-04-09,2019040901006321,NIB,42,32,100,553.00,"55,300.00"
2019-04-09,2019040901006213,NIB,42,7,10,553.00,"5,530.00"
2019-04-09,2019040901006179,NIB,42,32,247,553.00,"136,591.00"
2019-04-09,2019040901006119,NIB,21,4,137,553.00,"75,761.00"
2019-04-09,2019040901006189,NIBLPF,10,7,"1,525",7.20,"10,980.00"
2019-04-09,2019040901006565,NICA,17,50,400,461.00,"184,400.00"
2019-04-09,2019040901006564,NICA,17,26,100,461.00,"46,100.00"
2019-04-09,2019040901006529,NICA,50,43,500,461.00,"230,500.00"
2019-04-09,2019040901006502,NICA,44,38,500,460.00,"230,000.00"
2019-04-09,2019040901006501,NICA,44,7,197,460.00,"90,620.00"
2019-04-09,2019040901006500,NICA,44,54,50,460.00,"23,000.00"
2019-04-09,2019040901006104,NICA,14,28,200,458.00,"91,600.00"
2019-04-09,2019040901006226,NICA,42,42,113,459.00,"51,867.00"
2019-04-09,2019040901006225,NICA,53,42,77,459.00,"35,343.00"
2019-04-09,2019040901006217,NICA,7,19,10,460.00,"4,600.00"
2019-04-09,2019040901006149,NICA,53,22,323,459.00,"148,257.00"
2019-04-09,2019040901006130,NICA,53,19,300,459.00,"137,700.00"
2019-04-09,2019040901006116,NICA,14,22,50,458.00,"22,900.00"
2019-04-09,2019040901006324,NICA,55,41,100,459.00,"45,900.00"
2019-04-09,2019040901006318,NICA,55,25,500,459.00,"229,500.00"
2019-04-09,2019040901006317,NICA,55,43,113,459.00,"51,867.00"
2019-04-09,2019040901006315,NICA,45,43,400,459.00,"183,600.00"
2019-04-09,2019040901006299,NICA,19,43,100,459.00,"45,900.00"
2019-04-09,2019040901006251,NICA,42,43,887,459.00,"407,133.00"
2019-04-09,2019040901006459,NICA,55,22,33,459.00,"15,147.00"
2019-04-09,2019040901006453,NICA,55,22,41,459.00,"18,819.00"
2019-04-09,2019040901006393,NICA,14,53,10,460.00,"4,600.00"
2019-04-09,2019040901006383,NICA,36,53,25,460.00,"11,500.00"
2019-04-09,2019040901006378,NICA,55,50,100,459.00,"45,900.00"
2019-04-09,2019040901006344,NICA,55,19,113,459.00,"51,867.00"
2019-04-09,2019040901006493,NICA,44,6,300,460.00,"138,000.00"
2019-04-09,2019040901006492,NICA,44,53,31,460.00,"14,260.00"
2019-04-09,2019040901006483,NICA,45,6,529,459.00,"242,811.00"
2019-04-09,2019040901006478,NICA,17,6,100,459.00,"45,900.00"
2019-04-09,2019040901006476,NICA,36,6,394,459.00,"180,846.00"
2019-04-09,2019040901006460,NICA,36,22,106,459.00,"48,654.00"
2019-04-09,2019040901006499,NICA,44,51,500,460.00,"230,000.00"
2019-04-09,2019040901006498,NICA,44,36,50,460.00,"23,000.00"
2019-04-09,2019040901006497,NICA,44,25,23,460.00,"10,580.00"
2019-04-09,2019040901006496,NICA,44,46,500,460.00,"230,000.00"
2019-04-09,2019040901006495,NICA,44,21,200,460.00,"92,000.00"
2019-04-09,2019040901006494,NICA,44,57,220,460.00,"101,200.00"
2019-04-09,2019040901006385,NICL,44,53,230,383.00,"88,090.00"
2019-04-09,2019040901006338,NIL,21,54,80,519.00,"41,520.00"
2019-04-09,2019040901006263,NIL,38,38,100,528.00,"52,800.00"
2019-04-09,2019040901006205,NIL,49,38,"10,000",518.00,"5,180,000.00"
2019-04-09,2019040901006204,NIL,51,38,100,518.00,"51,800.00"
2019-04-09,2019040901006203,NIL,22,38,400,518.00,"207,200.00"
2019-04-09,2019040901006202,NIL,38,38,"15,000",518.00,"7,770,000.00"
2019-04-09,2019040901006195,NIL,57,38,100,520.00,"52,000.00"
2019-04-09,2019040901006194,NIL,48,38,100,520.00,"52,000.00"
2019-04-09,2019040901006193,NIL,21,38,50,520.00,"26,000.00"
2019-04-09,2019040901006192,NIL,39,38,60,520.00,"31,200.00"
2019-04-09,2019040901006191,NIL,55,38,"2,000",521.00,"1,042,000.00"
2019-04-09,2019040901006201,NIL,38,38,45,518.00,"23,310.00"
2019-04-09,2019040901006200,NIL,35,38,"10,000",519.00,"5,190,000.00"
2019-04-09,2019040901006199,NIL,45,38,700,519.00,"363,300.00"
2019-04-09,2019040901006198,NIL,45,38,25,519.00,"12,975.00"
2019-04-09,2019040901006197,NIL,51,38,200,519.00,"103,800.00"
2019-04-09,2019040901006196,NIL,48,38,200,519.00,"103,800.00"
2019-04-09,2019040901006430,NLIC,33,17,17,"1,105.00","18,785.00"
2019-04-09,2019040901006429,NLIC,33,44,16,"1,105.00","17,680.00"
2019-04-09,2019040901006428,NLIC,33,42,100,"1,104.00","110,400.00"
2019-04-09,2019040901006427,NLIC,33,25,50,"1,100.00","55,000.00"
2019-04-09,2019040901006426,NLIC,33,21,17,"1,100.00","18,700.00"
2019-04-09,2019040901006138,NLICL,35,33,133,580.00,"77,140.00"
2019-04-09,2019040901006530,NMB,4,26,100,352.00,"35,200.00"
2019-04-09,2019040901006464,NMB,5,6,150,353.00,"52,950.00"
2019-04-09,2019040901006456,NMB,4,57,400,352.00,"140,800.00"
2019-04-09,2019040901006438,NMB,49,33,131,351.00,"45,981.00"
2019-04-09,2019040901006437,NMB,5,33,800,351.00,"280,800.00"
2019-04-09,2019040901006436,NMB,58,33,69,351.00,"24,219.00"
2019-04-09,2019040901006072,NMB,25,28,500,351.00,"175,500.00"
2019-04-09,2019040901006071,NMB,22,28,113,351.00,"39,663.00"
2019-04-09,2019040901006156,NMB,42,33,100,352.00,"35,200.00"
2019-04-09,2019040901006152,NMB,42,20,371,352.00,"130,592.00"
2019-04-09,2019040901006077,NMB,52,52,2,353.00,706.00
2019-04-09,2019040901006075,NMB,42,19,500,352.00,"176,000.00"
2019-04-09,2019040901006074,NMB,51,28,187,351.00,"65,637.00"
2019-04-09,2019040901006073,NMB,17,28,200,351.00,"70,200.00"
2019-04-09,2019040901006172,NMB,14,56,50,351.00,"17,550.00"
2019-04-09,2019040901006171,NMB,11,56,100,351.00,"35,100.00"
2019-04-09,2019040901006170,NMB,17,56,100,351.00,"35,100.00"
2019-04-09,2019040901006169,NMB,45,56,100,351.00,"35,100.00"
2019-04-09,2019040901006168,NMB,51,56,13,351.00,"4,563.00"
2019-04-09,2019040901006167,NMB,42,56,29,352.00,"10,208.00"
2019-04-09,2019040901006341,NMB,58,41,100,351.00,"35,100.00"
2019-04-09,2019040901006336,NMB,58,48,291,351.00,"102,141.00"
2019-04-09,2019040901006277,NMB,58,48,500,351.00,"175,500.00"
2019-04-09,2019040901006272,NMB,58,32,40,351.00,"14,040.00"
2019-04-09,2019040901006214,NMB,36,56,238,351.00,"83,538.00"
2019-04-09,2019040901006188,NMB,57,56,20,351.00,"7,020.00"
2019-04-09,2019040901006399,NMFBS,33,59,10,"1,599.00","15,990.00"
2019-04-09,2019040901006532,NSEWA,41,22,10,500.00,"5,000.00"
2019-04-09,2019040901006531,NSEWA,41,41,10,500.00,"5,000.00"
2019-04-09,2019040901006361,NTC,55,5,100,679.00,"67,900.00"
2019-04-09,2019040901006131,NTC,56,5,10,679.00,"6,790.00"
2019-04-09,2019040901006113,NTC,49,45,648,677.00,"438,696.00"
2019-04-09,2019040901006112,NTC,49,45,655,677.00,"443,435.00"
2019-04-09,2019040901006419,NUBL,17,35,73,752.00,"54,896.00"
2019-04-09,2019040901006418,NUBL,26,35,19,752.00,"14,288.00"
2019-04-09,2019040901006561,PCBL,49,49,100,328.00,"32,800.00"
2019-04-09,2019040901006441,PCBL,6,6,144,329.00,"47,376.00"
2019-04-09,2019040901006350,PCBL,49,32,400,328.00,"131,200.00"
2019-04-09,2019040901006253,PCBL,49,19,994,328.00,"326,032.00"
2019-04-09,2019040901006208,PCBL,49,54,200,328.00,"65,600.00"
2019-04-09,2019040901006157,PCBL,49,32,200,328.00,"65,600.00"
2019-04-09,2019040901006088,PCBL,40,19,100,329.00,"32,900.00"
2019-04-09,2019040901006078,PCBL,56,25,98,328.00,"32,144.00"
2019-04-09,2019040901006290,PFL,47,34,11,133.00,"1,463.00"
2019-04-09,2019040901006166,PFL,49,1,433,132.00,"57,156.00"
2019-04-09,2019040901006407,PIC,5,33,50,"1,015.00","50,750.00"
2019-04-09,2019040901006406,PIC,43,33,100,"1,015.00","101,500.00"
2019-04-09,2019040901006405,PIC,42,33,100,"1,016.00","101,600.00"
2019-04-09,2019040901006404,PIC,42,33,78,"1,016.00","79,248.00"
2019-04-09,2019040901006345,PIC,42,4,11,"1,016.00","11,176.00"
2019-04-09,2019040901006285,PIC,42,39,11,"1,016.00","11,176.00"
2019-04-09,2019040901006229,PIC,5,39,11,"1,017.00","11,187.00"
2019-04-09,2019040901006218,PIC,5,20,11,"1,017.00","11,187.00"
2019-04-09,2019040901006211,PIC,5,39,11,"1,017.00","11,187.00"
2019-04-09,2019040901006187,PIC,5,39,11,"1,017.00","11,187.00"
2019-04-09,2019040901006096,PIC,1,14,11,"1,016.00","11,176.00"
2019-04-09,2019040901006278,PIC,1,39,11,"1,016.00","11,176.00"
2019-04-09,2019040901006274,PIC,5,39,11,"1,017.00","11,187.00"
2019-04-09,2019040901006261,PIC,5,39,11,"1,017.00","11,187.00"
2019-04-09,2019040901006250,PIC,5,39,11,"1,017.00","11,187.00"
2019-04-09,2019040901006244,PIC,5,39,11,"1,017.00","11,187.00"
2019-04-09,2019040901006235,PIC,5,39,11,"1,017.00","11,187.00"
2019-04-09,2019040901006544,PLIC,35,39,77,460.00,"35,420.00"
2019-04-09,2019040901006523,PLIC,35,42,100,460.00,"46,000.00"
2019-04-09,2019040901006511,PLIC,53,38,400,463.00,"185,200.00"
2019-04-09,2019040901006454,PLIC,35,38,100,463.00,"46,300.00"
2019-04-09,2019040901006141,PLIC,35,22,23,460.00,"10,580.00"
2019-04-09,2019040901006140,PLIC,17,22,27,461.00,"12,447.00"
2019-04-09,2019040901006475,PMHPL,56,57,10,109.00,"1,090.00"
2019-04-09,2019040901006443,PMHPL,56,21,10,109.00,"1,090.00"
2019-04-09,2019040901006330,PRIN,45,22,73,415.00,"30,295.00"
2019-04-09,2019040901006109,PRIN,45,34,400,415.00,"166,000.00"
2019-04-09,2019040901006489,PRVU,44,45,"1,550",247.00,"382,850.00"
2019-04-09,2019040901006488,PRVU,22,45,450,247.00,"111,150.00"
2019-04-09,2019040901006474,PRVU,22,45,550,247.00,"135,850.00"
2019-04-09,2019040901006473,PRVU,33,45,100,247.00,"24,700.00"
2019-04-09,2019040901006472,PRVU,20,45,200,247.00,"49,400.00"
2019-04-09,2019040901006471,PRVU,39,45,50,247.00,"12,350.00"
2019-04-09,2019040901006219,PRVU,42,13,600,247.00,"148,200.00"
2019-04-09,2019040901006126,PRVU,42,41,140,247.00,"34,580.00"
2019-04-09,2019040901006094,PRVU,42,58,260,247.00,"64,220.00"
2019-04-09,2019040901006470,PRVU,5,45,100,247.00,"24,700.00"
2019-04-09,2019040901006282,PRVU,5,29,500,247.00,"123,500.00"
2019-04-09,2019040901006255,PRVU,5,22,100,247.00,"24,700.00"
2019-04-09,2019040901006221,PRVU,5,13,100,247.00,"24,700.00"
2019-04-09,2019040901006220,PRVU,45,13,100,247.00,"24,700.00"
2019-04-09,2019040901006342,RADHI,1,6,11,165.00,"1,815.00"
2019-04-09,2019040901006301,RADHI,1,19,264,165.00,"43,560.00"
2019-04-09,2019040901006300,RADHI,50,19,36,165.00,"5,940.00"
2019-04-09,2019040901006216,RADHI,50,22,15,165.00,"2,475.00"
2019-04-09,2019040901006102,RADHI,50,14,16,165.00,"2,640.00"
2019-04-09,2019040901006479,RMDC,57,10,10,541.00,"5,410.00"
2019-04-09,2019040901006390,RMDC,47,10,56,541.00,"30,296.00"
2019-04-09,2019040901006389,RMDC,47,1,44,541.00,"23,804.00"
2019-04-09,2019040901006246,RSDC,7,40,100,367.00,"36,700.00"
2019-04-09,2019040901006245,RSDC,7,17,50,366.00,"18,300.00"
2019-04-09,2019040901006085,SADBL,14,35,100,145.00,"14,500.00"
2019-04-09,2019040901006373,SAEF,50,37,"50,000",9.30,"465,000.00"
2019-04-09,2019040901006484,SANIMA,56,19,60,318.00,"19,080.00"
2019-04-09,2019040901006458,SANIMA,56,6,62,318.00,"19,716.00"
2019-04-09,2019040901006457,SANIMA,40,6,138,318.00,"43,884.00"
2019-04-09,2019040901006452,SANIMA,40,39,308,318.00,"97,944.00"
2019-04-09,2019040901006129,SANIMA,40,34,200,318.00,"63,600.00"
2019-04-09,2019040901006079,SANIMA,40,28,157,318.00,"49,926.00"
2019-04-09,2019040901006252,SBI,36,45,66,412.00,"27,192.00"
2019-04-09,2019040901006090,SBI,40,25,190,411.00,"78,090.00"
2019-04-09,2019040901006524,SBL,13,26,100,310.00,"31,000.00"
2019-04-09,2019040901006517,SBL,13,36,500,310.00,"155,000.00"
2019-04-09,2019040901006482,SBL,36,39,500,311.00,"155,500.00"
2019-04-09,2019040901006289,SBL,56,14,28,311.00,"8,708.00"
2019-04-09,2019040901006232,SBL,56,21,170,311.00,"52,870.00"
2019-04-09,2019040901006231,SBL,32,21,100,311.00,"31,100.00"
2019-04-09,2019040901006230,SBL,57,21,30,311.00,"9,330.00"
2019-04-09,2019040901006207,SBL,57,4,"2,970",311.00,"923,670.00"
2019-04-09,2019040901006206,SBL,36,4,30,311.00,"9,330.00"
2019-04-09,2019040901006559,SCB,26,21,10,594.00,"5,940.00"
2019-04-09,2019040901006398,SCB,17,17,10,594.00,"5,940.00"
2019-04-09,2019040901006397,SCB,17,52,110,594.00,"65,340.00"
2019-04-09,2019040901006396,SCB,17,7,80,594.00,"47,520.00"
2019-04-09,2019040901006395,SCB,17,13,100,593.00,"59,300.00"
2019-04-09,2019040901006184,SCB,36,7,20,594.00,"11,880.00"
2019-04-09,2019040901006183,SCB,36,28,130,593.00,"77,090.00"
2019-04-09,2019040901006092,SCB,10,5,300,591.00,"177,300.00"
2019-04-09,2019040901006087,SCB,38,32,20,592.00,"11,840.00"
2019-04-09,2019040901006186,SHINE,26,20,132,232.00,"30,624.00"
2019-04-09,2019040901006128,SHINE,11,14,200,233.00,"46,600.00"
2019-04-09,2019040901006543,SHIVM,29,7,100,310.00,"31,000.00"
2019-04-09,2019040901006542,SHIVM,29,45,100,310.00,"31,000.00"
2019-04-09,2019040901006541,SHIVM,29,43,500,310.00,"155,000.00"
2019-04-09,2019040901006435,SHIVM,39,39,9,308.00,"2,772.00"
2019-04-09,2019040901006228,SHIVM,38,11,50,309.00,"15,450.00"
2019-04-09,2019040901006227,SHIVM,37,11,50,309.00,"15,450.00"
2019-04-09,2019040901006163,SHIVM,7,43,400,310.00,"124,000.00"
2019-04-09,2019040901006135,SHIVM,7,43,100,310.00,"31,000.00"
2019-04-09,2019040901006280,SHL,50,22,100,206.00,"20,600.00"
2019-04-09,2019040901006279,SHL,6,22,100,206.00,"20,600.00"
2019-04-09,2019040901006271,SHL,10,51,200,207.00,"41,400.00"
2019-04-09,2019040901006190,SHL,10,54,200,208.00,"41,600.00"
2019-04-09,2019040901006549,SHPC,47,47,"1,600",226.00,"361,600.00"
2019-04-09,2019040901006548,SHPC,47,47,"2,500",226.00,"565,000.00"
2019-04-09,2019040901006374,SHPC,20,42,22,225.00,"4,950.00"
2019-04-09,2019040901006358,SIC,20,13,100,"1,296.00","129,600.00"
2019-04-09,2019040901006337,SIC,20,40,102,"1,290.00","131,580.00"
2019-04-09,2019040901006298,SIC,20,37,30,"1,290.00","38,700.00"
2019-04-09,2019040901006287,SIC,20,45,40,"1,290.00","51,600.00"
2019-04-09,2019040901006491,SIFC,28,45,383,137.00,"52,471.00"
2019-04-09,2019040901006089,SIFC,7,45,917,137.00,"125,629.00"
2019-04-09,2019040901006447,SIL,19,14,42,613.00,"25,746.00"
2019-04-09,2019040901006148,SINDU,42,35,10,135.00,"1,350.00"
2019-04-09,2019040901006557,SKBBL,35,3,127,879.00,"111,633.00"
2019-04-09,2019040901006422,SKBBL,6,22,41,878.00,"35,998.00"
2019-04-09,2019040901006400,SKBBL,47,3,50,879.00,"43,950.00"
2019-04-09,2019040901006238,SKBBL,6,14,150,878.00,"131,700.00"
2019-04-09,2019040901006105,SKBBL,6,45,100,878.00,"87,800.00"
2019-04-09,2019040901006420,SLBSL,6,48,10,648.00,"6,480.00"
2019-04-09,2019040901006117,SLBSL,6,14,10,648.00,"6,480.00"
2019-04-09,2019040901006181,SLICL,51,18,200,532.00,"106,400.00"
2019-04-09,2019040901006180,SLICL,22,18,110,535.00,"58,850.00"
2019-04-09,2019040901006150,SMB,16,59,10,594.00,"5,940.00"
2019-04-09,2019040901006352,SRBL,26,39,165,233.00,"38,445.00"
2019-04-09,2019040901006151,SRBL,42,54,"1,000",232.00,"232,000.00"
2019-04-09,2019040901006139,SWBBL,26,35,200,825.00,"165,000.00"
2019-04-09,2019040901006084,SWBBL,42,52,200,829.00,"165,800.00"
2019-04-09,2019040901006347,TRH,22,58,10,240.00,"2,400.00"
2019-04-09,2019040901006316,TRH,22,10,10,244.00,"2,440.00"
2019-04-09,2019040901006343,UNL,3,25,10,"19,000.00","190,000.00"
2019-04-09,2019040901006160,UPCL,7,49,50,94.00,"4,700.00"
2019-04-09,2019040901006462,UPPER,38,40,50,234.00,"11,700.00"
2019-04-09,2019040901006450,UPPER,38,20,11,234.00,"2,574.00"
2019-04-09,2019040901006449,UPPER,35,20,39,234.00,"9,126.00"
2019-04-09,2019040901006448,UPPER,35,50,50,234.00,"11,700.00"
2019-04-09,2019040901006440,UPPER,33,47,100,235.00,"23,500.00"
2019-04-09,2019040901006423,UPPER,35,57,40,234.00,"9,360.00"
2019-04-09,2019040901006260,UPPER,29,44,40,234.00,"9,360.00"
2019-04-09,2019040901006222,UPPER,29,25,600,234.00,"140,400.00"
2019-04-09,2019040901006162,UPPER,29,44,40,234.00,"9,360.00"
2019-04-09,2019040901006159,UPPER,29,40,100,234.00,"23,400.00"
2019-04-09,2019040901006103,UPPER,29,19,29,234.00,"6,786.00"
2019-04-09,2019040901006292,UPPER,29,20,50,234.00,"11,700.00"
2019-04-09,2019040901006284,UPPER,29,44,40,234.00,"9,360.00"
2019-04-09,2019040901006276,UPPER,29,44,50,234.00,"11,700.00"
2019-04-09,2019040901006273,UPPER,29,20,40,234.00,"9,360.00"
2019-04-09,2019040901006269,UPPER,29,44,40,234.00,"9,360.00"
2019-04-09,2019040901006265,UPPER,29,20,40,234.00,"9,360.00"
2019-04-09,2019040901006415,UPPER,29,20,42,234.00,"9,828.00"
2019-04-09,2019040901006384,UPPER,29,20,50,234.00,"11,700.00"
2019-04-09,2019040901006363,UPPER,29,20,50,234.00,"11,700.00"
2019-04-09,2019040901006006,ADBL,5,48,100,312.00,"31,200.00"
2019-04-09,2019040901006005,ADBL,56,38,134,313.00,"41,942.00"
2019-04-09,2019040901006016,AKJCL,50,48,20,82.00,"1,640.00"
2019-04-09,2019040901006055,ALBSL,41,11,10,474.00,"4,740.00"
2019-04-09,2019040901006051,ALBSL,41,14,10,474.00,"4,740.00"
2019-04-09,2019040901006034,ALBSL,41,11,10,474.00,"4,740.00"
2019-04-09,2019040901005993,ALBSL,41,11,10,474.00,"4,740.00"
2019-04-09,2019040901005908,ALBSL,41,38,10,474.00,"4,740.00"
2019-04-09,2019040901005868,ALBSL,41,59,10,474.00,"4,740.00"
2019-04-09,2019040901005579,ALBSL,41,18,10,474.00,"4,740.00"
2019-04-09,2019040901005773,ALBSL,41,11,10,474.00,"4,740.00"
2019-04-09,2019040901005692,ALBSL,41,11,10,474.00,"4,740.00"
2019-04-09,2019040901005678,ALBSL,41,18,10,474.00,"4,740.00"
2019-04-09,2019040901005663,ALBSL,41,5,10,474.00,"4,740.00"
2019-04-09,2019040901005631,ALBSL,14,11,10,475.00,"4,750.00"
2019-04-09,2019040901005626,ALBSL,41,18,10,474.00,"4,740.00"
2019-04-09,2019040901005753,ALICL,45,36,486,404.00,"196,344.00"
2019-04-09,2019040901005752,ALICL,17,36,200,404.00,"80,800.00"
2019-04-09,2019040901005751,ALICL,16,36,164,405.00,"66,420.00"
2019-04-09,2019040901005750,ALICL,34,36,500,405.00,"202,500.00"
2019-04-09,2019040901005749,ALICL,7,36,500,406.00,"203,000.00"
2019-04-09,2019040901005748,ALICL,55,36,100,407.00,"40,700.00"
2019-04-09,2019040901005747,ALICL,49,36,50,409.00,"20,450.00"
2019-04-09,2019040901005965,API,52,57,18,131.00,"2,358.00"
2019-04-09,2019040901005869,API,52,57,11,131.00,"1,441.00"
2019-04-09,2019040901005812,API,52,25,10,131.00,"1,310.00"
2019-04-09,2019040901006057,BOKL,40,14,15,256.00,"3,840.00"
2019-04-09,2019040901006012,BOKL,35,1,100,258.00,"25,800.00"
2019-04-09,2019040901005939,BOKL,40,38,121,256.00,"30,976.00"
2019-04-09,2019040901005938,BOKL,28,38,100,256.00,"25,600.00"
2019-04-09,2019040901005937,BOKL,45,38,100,256.00,"25,600.00"
2019-04-09,2019040901005936,BOKL,44,38,142,256.00,"36,352.00"
2019-04-09,2019040901005736,BOKL,45,38,350,257.00,"89,950.00"
2019-04-09,2019040901005735,BOKL,32,38,500,258.00,"129,000.00"
2019-04-09,2019040901005734,BOKL,21,38,10,258.00,"2,580.00"
2019-04-09,2019040901005733,BOKL,32,38,26,258.00,"6,708.00"
2019-04-09,2019040901005684,BOKL,32,1,297,258.00,"76,626.00"
2019-04-09,2019040901005935,BOKL,52,38,451,256.00,"115,456.00"
2019-04-09,2019040901005826,BOKL,52,5,49,256.00,"12,544.00"
2019-04-09,2019040901005740,BOKL,13,38,100,257.00,"25,700.00"
2019-04-09,2019040901005739,BOKL,59,38,300,257.00,"77,100.00"
2019-04-09,2019040901005738,BOKL,25,38,200,257.00,"51,400.00"
2019-04-09,2019040901005737,BOKL,53,38,100,257.00,"25,700.00"
2019-04-09,2019040901005880,CBBL,34,48,100,906.00,"90,600.00"
2019-04-09,2019040901005722,CBBL,42,38,100,907.00,"90,700.00"
2019-04-09,2019040901005707,CBBL,42,26,100,907.00,"90,700.00"
2019-04-09,2019040901005715,CBL,7,53,300,161.00,"48,300.00"
2019-04-09,2019040901005708,CBL,51,58,"3,000",160.00,"480,000.00"
2019-04-09,2019040901005696,CBL,51,14,100,160.00,"16,000.00"
2019-04-09,2019040901005671,CBL,51,13,99,160.00,"15,840.00"
2019-04-09,2019040901005670,CBL,51,13,401,160.00,"64,160.00"
2019-04-09,2019040901005644,CBL,51,19,66,160.00,"10,560.00"
2019-04-09,2019040901005956,CCBL,48,45,500,168.00,"84,000.00"
2019-04-09,2019040901005934,CCBL,48,22,17,168.00,"2,856.00"
2019-04-09,2019040901005697,CCBL,39,39,100,169.00,"16,900.00"
2019-04-09,2019040901005643,CFCL,28,11,50,107.00,"5,350.00"
2019-04-09,2019040901005615,CHCL,56,34,392,505.00,"197,960.00"
2019-04-09,2019040901005614,CHCL,45,34,500,505.00,"252,500.00"
2019-04-09,2019040901005613,CHCL,44,34,50,505.00,"25,250.00"
2019-04-09,2019040901005612,CHCL,22,34,900,505.00,"454,500.00"
2019-04-09,2019040901005611,CHCL,25,34,100,505.00,"50,500.00"
2019-04-09,2019040901005610,CHCL,22,34,200,505.00,"101,000.00"
2019-04-09,2019040901005609,CHCL,1,34,150,505.00,"75,750.00"
2019-04-09,2019040901005608,CHCL,17,34,594,505.00,"299,970.00"
2019-04-09,2019040901005607,CHCL,56,34,500,506.00,"253,000.00"
2019-04-09,2019040901005606,CHCL,1,34,114,506.00,"57,684.00"
2019-04-09,2019040901006064,CHLBS,29,14,10,496.00,"4,960.00"
2019-04-09,2019040901005972,CHLBS,29,57,10,496.00,"4,960.00"
2019-04-09,2019040901005894,CHLBS,29,38,10,496.00,"4,960.00"
2019-04-09,2019040901005887,CHLBS,29,59,10,496.00,"4,960.00"
2019-04-09,2019040901005877,CHLBS,29,59,10,496.00,"4,960.00"
2019-04-09,2019040901005874,CHLBS,29,57,10,496.00,"4,960.00"
2019-04-09,2019040901005903,CIT,43,17,12,"2,571.00","30,852.00"
2019-04-09,2019040901005900,CIT,40,44,15,"2,580.00","38,700.00"
2019-04-09,2019040901005838,CIT,43,3,30,"2,571.00","77,130.00"
2019-04-09,2019040901005837,CIT,20,3,20,"2,572.00","51,440.00"
2019-04-09,2019040901005911,CZBIL,34,28,356,220.00,"78,320.00"
2019-04-09,2019040901005910,CZBIL,41,28,94,220.00,"20,680.00"
2019-04-09,2019040901005624,CZBIL,57,55,48,221.00,"10,608.00"
2019-04-09,2019040901005623,CZBIL,57,39,402,221.00,"88,842.00"
2019-04-09,2019040901005622,CZBIL,57,1,50,221.00,"11,050.00"
2019-04-09,2019040901005945,EBL,36,36,10,605.00,"6,050.00"
2019-04-09,2019040901005944,EBL,36,28,23,601.00,"13,823.00"
2019-04-09,2019040901005915,EBL,19,28,127,601.00,"76,327.00"
2019-04-09,2019040901005902,EBL,36,13,50,605.00,"30,250.00"
2019-04-09,2019040901005832,EBL,19,50,100,601.00,"60,100.00"
2019-04-09,2019040901005721,EBL,19,37,"1,232",601.00,"740,432.00"
2019-04-09,2019040901005720,EBL,35,37,50,601.00,"30,050.00"
2019-04-09,2019040901005719,EBL,45,37,48,601.00,"28,848.00"
2019-04-09,2019040901006059,EIC,40,45,35,856.00,"29,960.00"
2019-04-09,2019040901006058,EIC,3,45,65,856.00,"55,640.00"
2019-04-09,2019040901005758,EIC,3,38,35,856.00,"29,960.00"
2019-04-09,2019040901005757,EIC,56,38,20,857.00,"17,140.00"
2019-04-09,2019040901005628,EIC,19,34,90,858.00,"77,220.00"
2019-04-09,2019040901005797,GBBL,38,35,200,192.00,"38,400.00"
2019-04-09,2019040901005955,GBIME,8,50,197,272.00,"53,584.00"
2019-04-09,2019040901005921,GBIME,8,52,100,272.00,"27,200.00"
2019-04-09,2019040901005635,GBLBS,51,42,10,445.00,"4,450.00"
2019-04-09,2019040901005897,GFCL,33,25,100,121.00,"12,100.00"
2019-04-09,2019040901006003,GLICL,11,58,40,511.00,"20,440.00"
2019-04-09,2019040901006002,GLICL,21,58,200,511.00,"102,200.00"
2019-04-09,2019040901005873,GLICL,6,58,100,511.00,"51,100.00"
2019-04-09,2019040901005835,GUFL,47,1,500,111.00,"55,500.00"
2019-04-09,2019040901006063,HBL,40,25,30,487.00,"14,610.00"
2019-04-09,2019040901006027,HBL,21,5,58,494.00,"28,652.00"
2019-04-09,2019040901006026,HBL,21,3,50,494.00,"24,700.00"
2019-04-09,2019040901006025,HBL,21,45,67,494.00,"33,098.00"
2019-04-09,2019040901006010,HBL,40,25,240,487.00,"116,880.00"
2019-04-09,2019040901005975,HBL,36,45,33,494.00,"16,302.00"
2019-04-09,2019040901005914,HBL,40,25,500,487.00,"243,500.00"
2019-04-09,2019040901005679,HBL,46,25,350,488.00,"170,800.00"
2019-04-09,2019040901005648,HBL,46,5,"1,000",488.00,"488,000.00"
2019-04-09,2019040901005594,HBL,46,1,50,488.00,"24,400.00"
2019-04-09,2019040901005593,HBL,13,1,150,488.00,"73,200.00"
2019-04-09,2019040901006069,HGI,47,52,300,385.00,"115,500.00"
2019-04-09,2019040901006032,HGI,47,28,137,385.00,"52,745.00"
2019-04-09,2019040901006031,HGI,32,28,10,387.00,"3,870.00"
2019-04-09,2019040901006030,HGI,26,28,10,388.00,"3,880.00"
2019-04-09,2019040901005586,HPPL,45,40,"2,835",185.00,"524,475.00"
2019-04-09,2019040901005987,JBBL,59,34,112,141.00,"15,792.00"
2019-04-09,2019040901005656,JBNL,56,45,64,178.00,"11,392.00"
2019-04-09,2019040901005655,JBNL,20,45,100,178.00,"17,800.00"
2019-04-09,2019040901005654,JBNL,28,45,"2,000",178.00,"356,000.00"
2019-04-09,2019040901005653,JBNL,42,45,100,178.00,"17,800.00"
2019-04-09,2019040901005652,JBNL,28,45,"2,000",178.00,"356,000.00"
2019-04-09,2019040901005651,JBNL,42,45,"1,000",178.00,"178,000.00"
2019-04-09,2019040901005650,JBNL,45,45,736,178.00,"131,008.00"
2019-04-09,2019040901005842,KBBL,33,52,200,213.00,"42,600.00"
2019-04-09,2019040901006070,KBL,8,36,200,253.00,"50,600.00"
2019-04-09,2019040901005966,KBL,26,45,152,254.00,"38,608.00"
2019-04-09,2019040901005860,KBL,26,1,348,254.00,"88,392.00"
2019-04-09,2019040901005859,KBL,50,1,152,254.00,"38,608.00"
2019-04-09,2019040901005817,KBL,50,34,500,254.00,"127,000.00"
2019-04-09,2019040901005806,KBL,52,40,100,255.00,"25,500.00"
2019-04-09,2019040901005761,KBL,50,10,348,254.00,"88,392.00"
2019-04-09,2019040901005760,KBL,58,10,"1,652",254.00,"419,608.00"
2019-04-09,2019040901005639,KBL,58,46,348,254.00,"88,392.00"
2019-04-09,2019040901005638,KBL,52,46,192,254.00,"48,768.00"
2019-04-09,2019040901005686,KMCDB,6,58,100,781.00,"78,100.00"
2019-04-09,2019040901005685,KMCDB,17,58,230,782.00,"179,860.00"
2019-04-09,2019040901006037,KPCL,34,48,10,92.00,920.00
2019-04-09,2019040901005850,KRBL,38,59,300,101.00,"30,300.00"
2019-04-09,2019040901005959,LBBL,1,59,20,170.00,"3,400.00"
2019-04-09,2019040901005958,LBBL,32,59,100,170.00,"17,000.00"
2019-04-09,2019040901005699,LBBL,52,52,3,172.00,516.00
2019-04-09,2019040901005634,LBBL,14,43,100,172.00,"17,200.00"
2019-04-09,2019040901005917,LBBL,35,34,10,171.00,"1,710.00"
2019-04-09,2019040901005916,LBBL,51,34,370,171.00,"63,270.00"
2019-04-09,2019040901005784,LBBL,51,34,630,171.00,"107,730.00"
2019-04-09,2019040901005783,LBBL,43,34,250,171.00,"42,750.00"
2019-04-09,2019040901005782,LBBL,16,34,120,171.00,"20,520.00"
2019-04-09,2019040901005957,LBBL,49,59,80,170.00,"13,600.00"
2019-04-09,2019040901005928,LBBL,49,59,920,170.00,"156,400.00"
2019-04-09,2019040901005927,LBBL,59,59,80,171.00,"13,680.00"
2019-04-09,2019040901005918,LBBL,59,34,120,171.00,"20,520.00"
2019-04-09,2019040901006023,LBL,40,16,100,205.00,"20,500.00"
2019-04-09,2019040901006022,LBL,32,16,100,205.00,"20,500.00"
2019-04-09,2019040901006021,LBL,14,16,500,205.00,"102,500.00"
2019-04-09,2019040901006020,LBL,42,16,100,205.00,"20,500.00"
2019-04-09,2019040901006019,LBL,46,16,400,205.00,"82,000.00"
2019-04-09,2019040901006018,LBL,29,16,250,205.00,"51,250.00"
2019-04-09,2019040901006017,LBL,22,16,100,205.00,"20,500.00"
2019-04-09,2019040901005843,LBL,22,34,300,205.00,"61,500.00"
2019-04-09,2019040901005823,LBL,22,19,100,205.00,"20,500.00"
2019-04-09,2019040901005822,LBL,11,19,200,205.00,"41,000.00"
2019-04-09,2019040901005776,LBL,11,35,300,205.00,"61,500.00"
2019-04-09,2019040901005775,LBL,22,35,200,205.00,"41,000.00"
2019-04-09,2019040901005816,LGIL,42,45,10,512.00,"5,120.00"
2019-04-09,2019040901005815,LGIL,39,45,100,512.00,"51,200.00"
2019-04-09,2019040901005814,LGIL,56,45,190,512.00,"97,280.00"
2019-04-09,2019040901005974,LICN,34,45,13,"1,515.00","19,695.00"
2019-04-09,2019040901005973,LICN,48,45,17,"1,516.00","25,772.00"
2019-04-09,2019040901006054,MBL,43,58,415,237.00,"98,355.00"
2019-04-09,2019040901006015,MBL,28,58,85,237.00,"20,145.00"
2019-04-09,2019040901006011,MBL,28,28,245,237.00,"58,065.00"
2019-04-09,2019040901005929,MBL,28,49,170,237.00,"40,290.00"
2019-04-09,2019040901005821,MBL,32,49,500,237.00,"118,500.00"
2019-04-09,2019040901005820,MBL,13,49,200,237.00,"47,400.00"
2019-04-09,2019040901005819,MBL,58,49,130,237.00,"30,810.00"
2019-04-09,2019040901005660,MBL,58,33,200,237.00,"47,400.00"
2019-04-09,2019040901005596,MBL,58,11,"1,670",237.00,"395,790.00"
2019-04-09,2019040901005595,MBL,43,11,"1,130",237.00,"267,810.00"
2019-04-09,2019040901006062,MEGA,34,19,37,168.00,"6,216.00"
2019-04-09,2019040901006053,MEGA,34,18,100,168.00,"16,800.00"
2019-04-09,2019040901006047,MEGA,34,35,308,168.00,"51,744.00"
2019-04-09,2019040901006035,MEGA,49,35,100,168.00,"16,800.00"
2019-04-09,2019040901006024,MEGA,32,35,92,168.00,"15,456.00"
2019-04-09,2019040901005986,MEGA,32,22,18,168.00,"3,024.00"
2019-04-09,2019040901005598,MEGA,19,32,19,169.00,"3,211.00"
2019-04-09,2019040901005985,MEGA,32,45,390,168.00,"65,520.00"
2019-04-09,2019040901005984,MEGA,21,45,100,168.00,"16,800.00"
2019-04-09,2019040901005983,MEGA,16,45,10,168.00,"1,680.00"
2019-04-09,2019040901005924,MEGA,16,45,100,168.00,"16,800.00"
2019-04-09,2019040901005896,MEGA,16,47,390,168.00,"65,520.00"
2019-04-09,2019040901005895,MEGA,34,47,210,168.00,"35,280.00"
2019-04-09,2019040901005878,MFIL,43,6,"4,084",112.00,"457,408.00"
2019-04-09,2019040901005804,MLBL,4,4,500,173.00,"86,500.00"
2019-04-09,2019040901005803,MLBL,4,52,79,173.00,"13,667.00"
2019-04-09,2019040901005802,MLBL,4,37,64,172.00,"11,008.00"
2019-04-09,2019040901006000,MNBBL,32,59,500,354.00,"177,000.00"
2019-04-09,2019040901005999,MNBBL,6,59,150,355.00,"53,250.00"
2019-04-09,2019040901005998,MNBBL,43,59,31,355.00,"11,005.00"
2019-04-09,2019040901005997,MNBBL,13,59,100,355.00,"35,500.00"
2019-04-09,2019040901005702,MNBBL,48,11,150,356.00,"53,400.00"
2019-04-09,2019040901005701,MNBBL,48,11,200,356.00,"71,200.00"
2019-04-09,2019040901005700,MNBBL,11,11,50,356.00,"17,800.00"
2019-04-09,2019040901005703,MNBBL,29,11,100,355.00,"35,500.00"
2019-04-09,2019040901005933,MNBBL,17,57,200,357.00,"71,400.00"
2019-04-09,2019040901005930,MNBBL,49,52,50,356.00,"17,800.00"
2019-04-09,2019040901005942,NABIL,21,19,130,743.00,"96,590.00"
2019-04-09,2019040901005932,NABIL,34,45,67,741.00,"49,647.00"
2019-04-09,2019040901005931,NABIL,29,45,133,742.00,"98,686.00"
2019-04-09,2019040901005922,NABIL,29,1,50,742.00,"37,100.00"
2019-04-09,2019040901005890,NABIL,29,19,617,742.00,"457,814.00"
2019-04-09,2019040901005885,NABIL,29,39,200,742.00,"148,400.00"
2019-04-09,2019040901005649,NABIL,17,7,10,744.00,"7,440.00"
2019-04-09,2019040901005829,NABIL,32,3,177,743.00,"131,511.00"
2019-04-09,2019040901005780,NABIL,32,37,23,743.00,"17,089.00"
2019-04-09,2019040901005732,NABIL,49,10,100,744.00,"74,400.00"
2019-04-09,2019040901005731,NABIL,49,10,120,744.00,"89,280.00"
2019-04-09,2019040901005730,NABIL,52,10,100,744.00,"74,400.00"
2019-04-09,2019040901005681,NABIL,49,16,50,746.00,"37,300.00"
2019-04-09,2019040901005884,NABIL,5,39,100,742.00,"74,200.00"
2019-04-09,2019040901005883,NABIL,58,39,150,742.00,"111,300.00"
2019-04-09,2019040901005882,NABIL,17,39,50,742.00,"37,100.00"
2019-04-09,2019040901005881,NABIL,5,39,500,742.00,"371,000.00"
2019-04-09,2019040901005831,NABIL,34,3,300,743.00,"222,900.00"
2019-04-09,2019040901005830,NABIL,17,3,500,743.00,"371,500.00"
2019-04-09,2019040901006039,NABILP,22,4,250,715.00,"178,750.00"
2019-04-09,2019040901006038,NABILP,35,4,250,715.00,"178,750.00"
2019-04-09,2019040901005632,NABILP,33,28,100,716.00,"71,600.00"
2019-04-09,2019040901006007,NADEP,5,53,10,666.00,"6,660.00"
2019-04-09,2019040901005800,NBB,38,22,117,208.00,"24,336.00"
2019-04-09,2019040901005799,NBB,32,22,123,208.00,"25,584.00"
2019-04-09,2019040901005941,NBL,22,58,317,295.00,"93,515.00"
2019-04-09,2019040901005893,NBL,22,45,400,295.00,"118,000.00"
2019-04-09,2019040901005892,NBL,59,45,200,295.00,"59,000.00"
2019-04-09,2019040901005891,NBL,13,45,400,295.00,"118,000.00"
2019-04-09,2019040901005698,NBL,13,45,900,295.00,"265,500.00"
2019-04-09,2019040901005690,NBL,49,45,100,295.00,"29,500.00"
2019-04-09,2019040901005574,NBL,25,25,300,295.00,"88,500.00"
2019-04-09,2019040901005573,NBL,1,25,200,295.00,"59,000.00"
2019-04-09,2019040901005572,NBL,18,25,"3,000",295.00,"885,000.00"
2019-04-09,2019040901005571,NBL,35,25,20,295.00,"5,900.00"
2019-04-09,2019040901005689,NBL,4,45,500,295.00,"147,500.00"
2019-04-09,2019040901005688,NBL,37,45,500,295.00,"147,500.00"
2019-04-09,2019040901005578,NBL,39,25,200,295.00,"59,000.00"
2019-04-09,2019040901005577,NBL,10,25,"4,000",295.00,"1,180,000.00"
2019-04-09,2019040901005576,NBL,42,25,50,295.00,"14,750.00"
2019-04-09,2019040901005575,NBL,34,25,100,295.00,"29,500.00"
2019-04-09,2019040901006009,NCCB,53,33,35,224.00,"7,840.00"
2019-04-09,2019040901005963,NCCB,46,48,"1,000",223.00,"223,000.00"
2019-04-09,2019040901005940,NCCB,51,33,100,224.00,"22,400.00"
2019-04-09,2019040901005919,NCCB,46,42,300,223.00,"66,900.00"
2019-04-09,2019040901005813,NCCB,46,32,18,223.00,"4,014.00"
2019-04-09,2019040901005718,NCCB,46,11,100,223.00,"22,300.00"
2019-04-09,2019040901005683,NCCB,46,4,500,223.00,"111,500.00"
2019-04-09,2019040901005977,NHPC,52,1,150,70.00,"10,500.00"
2019-04-09,2019040901005976,NHPC,34,1,350,70.00,"24,500.00"
2019-04-09,2019040901006060,NIB,42,25,50,553.00,"27,650.00"
2019-04-09,2019040901005995,NIB,21,7,37,553.00,"20,461.00"
2019-04-09,2019040901005661,NIB,42,51,500,553.00,"276,500.00"
2019-04-09,2019040901005920,NIBLPF,19,7,"1,000",7.29,"7,290.00"
2019-04-09,2019040901005996,NICA,36,19,45,460.00,"20,700.00"
2019-04-09,2019040901005970,NICA,50,42,300,459.00,"137,700.00"
2019-04-09,2019040901005901,NICA,14,56,10,458.00,"4,580.00"
2019-04-09,2019040901005898,NICA,25,48,50,459.00,"22,950.00"
2019-04-09,2019040901005888,NICA,14,57,100,458.00,"45,800.00"
2019-04-09,2019040901005851,NICA,59,19,20,460.00,"9,200.00"
2019-04-09,2019040901005620,NICA,34,22,280,457.00,"127,960.00"
2019-04-09,2019040901005617,NICA,34,45,20,457.00,"9,140.00"
2019-04-09,2019040901005616,NICA,53,45,100,457.00,"45,700.00"
2019-04-09,2019040901005588,NICA,53,21,200,457.00,"91,400.00"
2019-04-09,2019040901005587,NICA,28,21,50,457.00,"22,850.00"
2019-04-09,2019040901005676,NICA,45,38,500,456.00,"228,000.00"
2019-04-09,2019040901005675,NICA,45,38,267,456.00,"121,752.00"
2019-04-09,2019040901005642,NICA,45,58,433,456.00,"197,448.00"
2019-04-09,2019040901005641,NICA,58,58,67,456.00,"30,552.00"
2019-04-09,2019040901005640,NICA,58,22,233,456.00,"106,248.00"
2019-04-09,2019040901005621,NICA,22,22,300,457.00,"137,100.00"
2019-04-09,2019040901005729,NICA,33,43,152,459.00,"69,768.00"
2019-04-09,2019040901005711,NICA,46,43,66,459.00,"30,294.00"
2019-04-09,2019040901005710,NICA,46,29,50,458.00,"22,900.00"
2019-04-09,2019040901005693,NICA,49,29,50,458.00,"22,900.00"
2019-04-09,2019040901005691,NICA,46,38,84,456.00,"38,304.00"
2019-04-09,2019040901005677,NICA,14,38,10,456.00,"4,560.00"
2019-04-09,2019040901005836,NICA,59,38,"2,000",459.00,"918,000.00"
2019-04-09,2019040901005824,NICA,45,11,100,457.00,"45,700.00"
2019-04-09,2019040901005793,NICA,59,58,300,456.00,"136,800.00"
2019-04-09,2019040901005792,NICA,52,58,100,456.00,"45,600.00"
2019-04-09,2019040901005774,NICA,46,19,12,460.00,"5,520.00"
2019-04-09,2019040901005762,NICA,33,45,30,458.00,"13,740.00"
2019-04-09,2019040901005923,NICL,42,40,400,381.00,"152,400.00"
2019-04-09,2019040901005952,NIL,39,25,100,520.00,"52,000.00"
2019-04-09,2019040901005951,NIL,56,25,500,520.00,"260,000.00"
2019-04-09,2019040901005950,NIL,25,25,500,520.00,"260,000.00"
2019-04-09,2019040901005949,NIL,22,25,50,521.00,"26,050.00"
2019-04-09,2019040901005948,NIL,50,25,200,521.00,"104,200.00"
2019-04-09,2019040901005947,NIL,7,25,245,521.00,"127,645.00"
2019-04-09,2019040901005946,NIL,45,25,100,521.00,"52,100.00"
2019-04-09,2019040901006045,NLIC,34,59,157,"1,095.00","171,915.00"
2019-04-09,2019040901006044,NLIC,6,59,20,"1,096.00","21,920.00"
2019-04-09,2019040901006043,NLIC,34,59,50,"1,096.00","54,800.00"
2019-04-09,2019040901006042,NLIC,5,59,83,"1,097.00","91,051.00"
2019-04-09,2019040901006041,NLIC,22,59,30,"1,098.00","32,940.00"
2019-04-09,2019040901005988,NLIC,5,22,17,"1,097.00","18,649.00"
2019-04-09,2019040901006036,NLICL,3,35,200,576.00,"115,200.00"
2019-04-09,2019040901005605,NLICL,37,33,67,580.00,"38,860.00"
2019-04-09,2019040901005604,NLICL,37,14,83,580.00,"48,140.00"
2019-04-09,2019040901006067,NMB,45,6,100,353.00,"35,300.00"
2019-04-09,2019040901006033,NMB,52,52,2,353.00,706.00
2019-04-09,2019040901006029,NMB,21,21,"1,561",352.00,"549,472.00"
2019-04-09,2019040901005991,NMB,41,6,30,352.00,"10,560.00"
2019-04-09,2019040901005990,NMB,22,6,719,352.00,"253,088.00"
2019-04-09,2019040901005989,NMB,22,6,500,353.00,"176,500.00"
2019-04-09,2019040901005599,NMB,35,16,500,353.00,"176,500.00"
2019-04-09,2019040901005794,NMB,34,49,500,352.00,"176,000.00"
2019-04-09,2019040901005746,NMB,47,13,500,353.00,"176,500.00"
2019-04-09,2019040901005745,NMB,35,13,437,353.00,"154,261.00"
2019-04-09,2019040901005682,NMB,35,37,200,353.00,"70,600.00"
2019-04-09,2019040901005664,NMB,35,43,"1,500",353.00,"529,500.00"
2019-04-09,2019040901005630,NMB,52,52,2,354.00,708.00
2019-04-09,2019040901005828,NMB,38,50,450,352.00,"158,400.00"
2019-04-09,2019040901005827,NMB,38,50,50,352.00,"17,600.00"
2019-04-09,2019040901005805,NMB,38,43,500,352.00,"176,000.00"
2019-04-09,2019040901005798,NMB,52,57,200,353.00,"70,600.00"
2019-04-09,2019040901005796,NMB,38,49,450,352.00,"158,400.00"
2019-04-09,2019040901005795,NMB,25,49,50,352.00,"17,600.00"
2019-04-09,2019040901005856,NMB,36,22,20,354.00,"7,080.00"
2019-04-09,2019040901005855,NMB,36,53,50,354.00,"17,700.00"
2019-04-09,2019040901005847,NMB,22,59,950,352.00,"334,400.00"
2019-04-09,2019040901005846,NMB,38,59,550,352.00,"193,600.00"
2019-04-09,2019040901005845,NMB,36,57,317,353.00,"111,901.00"
2019-04-09,2019040901005844,NMB,36,13,760,353.00,"268,280.00"
2019-04-09,2019040901005925,NMB,52,52,2,354.00,708.00
2019-04-09,2019040901005886,NMB,46,58,16,355.00,"5,680.00"
2019-04-09,2019040901005876,NMB,52,52,2,354.00,708.00
2019-04-09,2019040901005872,NMB,22,41,31,352.00,"10,912.00"
2019-04-09,2019040901005867,NMB,22,51,300,352.00,"105,600.00"
2019-04-09,2019040901005857,NMB,36,58,10,355.00,"3,550.00"
2019-04-09,2019040901005979,NMFBS,33,5,165,"1,573.00","259,545.00"
2019-04-09,2019040901005960,NMFBS,33,28,15,"1,571.00","23,565.00"
2019-04-09,2019040901005912,NSEWA,47,44,10,495.00,"4,950.00"
2019-04-09,2019040901006061,NTC,59,5,10,679.00,"6,790.00"
2019-04-09,2019040901005709,NTC,49,50,100,677.00,"67,700.00"
2019-04-09,2019040901005866,NUBL,26,32,101,752.00,"75,952.00"
2019-04-09,2019040901005754,NUBL,26,26,30,752.00,"22,560.00"
2019-04-09,2019040901005603,NUBL,26,20,100,752.00,"75,200.00"
2019-04-09,2019040901005602,NUBL,16,20,80,752.00,"60,160.00"
2019-04-09,2019040901005601,NUBL,49,20,20,753.00,"15,060.00"
2019-04-09,2019040901005907,PCBL,47,6,500,329.00,"164,500.00"
2019-04-09,2019040901005906,PCBL,48,6,"1,000",329.00,"329,000.00"
2019-04-09,2019040901005905,PCBL,39,6,100,329.00,"32,900.00"
2019-04-09,2019040901005904,PCBL,59,6,500,329.00,"164,500.00"
2019-04-09,2019040901005871,PCBL,59,49,500,329.00,"164,500.00"
2019-04-09,2019040901005870,PCBL,58,6,419,330.00,"138,270.00"
2019-04-09,2019040901005742,PCBL,6,40,300,330.00,"99,000.00"
2019-04-09,2019040901005741,PCBL,25,40,519,330.00,"171,270.00"
2019-04-09,2019040901005705,PCBL,49,4,50,331.00,"16,550.00"
2019-04-09,2019040901005861,PCBL,58,58,100,330.00,"33,000.00"
2019-04-09,2019040901005841,PCBL,58,49,481,330.00,"158,730.00"
2019-04-09,2019040901005840,PCBL,5,49,19,330.00,"6,270.00"
2019-04-09,2019040901005791,PCBL,5,21,100,330.00,"33,000.00"
2019-04-09,2019040901005744,PCBL,5,40,81,330.00,"26,730.00"
2019-04-09,2019040901005743,PCBL,42,40,100,330.00,"33,000.00"
2019-04-09,2019040901005978,PIC,1,7,11,"1,016.00","11,176.00"
2019-04-09,2019040901005592,PIC,1,10,17,"1,016.00","17,272.00"
2019-04-09,2019040901005591,PIC,35,10,11,"1,018.00","11,198.00"
2019-04-09,2019040901005590,PIC,35,10,48,"1,020.00","48,960.00"
2019-04-09,2019040901005717,PLIC,35,21,25,464.00,"11,600.00"
2019-04-09,2019040901005619,PLIC,17,58,228,461.00,"105,108.00"
2019-04-09,2019040901005600,PLIC,35,56,170,464.00,"78,880.00"
2019-04-09,2019040901006052,PMHPL,56,22,10,109.00,"1,090.00"
2019-04-09,2019040901006050,PMHPL,56,48,10,109.00,"1,090.00"
2019-04-09,2019040901005865,PMHPL,56,25,10,109.00,"1,090.00"
2019-04-09,2019040901005858,PMHPL,56,25,10,109.00,"1,090.00"
2019-04-09,2019040901006056,PRVU,22,59,500,247.00,"123,500.00"
2019-04-09,2019040901005756,PRVU,7,49,200,248.00,"49,600.00"
2019-04-09,2019040901005657,PRVU,6,6,14,247.00,"3,458.00"
2019-04-09,2019040901005982,RBCLPO,33,14,20,"8,340.00","166,800.00"
2019-04-09,2019040901005981,RBCLPO,45,14,10,"8,345.00","83,450.00"
2019-04-09,2019040901005980,RBCLPO,50,14,10,"8,346.00","83,460.00"
2019-04-09,2019040901005909,RSDC,34,20,73,361.00,"26,353.00"
2019-04-09,2019040901005889,RSDC,34,20,12,361.00,"4,332.00"
2019-04-09,2019040901005967,SANIMA,40,25,100,318.00,"31,800.00"
2019-04-09,2019040901005854,SANIMA,40,45,316,318.00,"100,488.00"
2019-04-09,2019040901005759,SANIMA,40,53,"1,000",318.00,"318,000.00"
2019-04-09,2019040901005969,SBI,40,33,300,411.00,"123,300.00"
2019-04-09,2019040901005968,SBI,40,7,14,411.00,"5,754.00"
2019-04-09,2019040901005962,SBI,37,45,100,412.00,"41,200.00"
2019-04-09,2019040901005961,SBI,42,45,34,412.00,"14,008.00"
2019-04-09,2019040901005849,SBI,42,52,466,412.00,"191,992.00"
2019-04-09,2019040901005848,SBI,48,52,34,413.00,"14,042.00"
2019-04-09,2019040901005833,SBI,48,36,500,413.00,"206,500.00"
2019-04-09,2019040901005818,SBI,48,50,200,413.00,"82,600.00"
2019-04-09,2019040901005694,SBI,48,45,500,413.00,"206,500.00"
2019-04-09,2019040901006001,SBL,35,33,"4,428",312.00,"1,381,536.00"
2019-04-09,2019040901005992,SBL,40,33,63,312.00,"19,656.00"
2019-04-09,2019040901005943,SBL,40,7,18,312.00,"5,616.00"
2019-04-09,2019040901005913,SBL,40,48,19,312.00,"5,928.00"
2019-04-09,2019040901005779,SCB,10,33,107,591.00,"63,237.00"
2019-04-09,2019040901005778,SCB,38,33,73,591.00,"43,143.00"
2019-04-09,2019040901005633,SCB,19,33,320,592.00,"189,440.00"
2019-04-09,2019040901005585,SCB,19,28,180,592.00,"106,560.00"
2019-04-09,2019040901005584,SCB,49,28,120,592.00,"71,040.00"
2019-04-09,2019040901005853,SDESI,57,45,97,540.00,"52,380.00"
2019-04-09,2019040901005834,SDESI,28,20,27,536.00,"14,472.00"
2019-04-09,2019040901005801,SDESI,28,20,27,536.00,"14,472.00"
2019-04-09,2019040901005852,SFFIL,59,22,40,211.00,"8,440.00"
2019-04-09,2019040901005825,SFFIL,6,22,40,212.00,"8,480.00"
2019-04-09,2019040901005647,SHINE,26,49,200,232.00,"46,400.00"
2019-04-09,2019040901005646,SHINE,26,49,830,232.00,"192,560.00"
2019-04-09,2019040901005629,SHINE,37,19,20,233.00,"4,660.00"
2019-04-09,2019040901005875,SHIVM,29,25,500,310.00,"155,000.00"
2019-04-09,2019040901005790,SHIVM,39,43,344,308.00,"105,952.00"
2019-04-09,2019040901005789,SHIVM,29,43,200,309.00,"61,800.00"
2019-04-09,2019040901005788,SHIVM,56,43,216,309.00,"66,744.00"
2019-04-09,2019040901005787,SHIVM,29,43,30,309.00,"9,270.00"
2019-04-09,2019040901005786,SHIVM,47,43,50,309.00,"15,450.00"
2019-04-09,2019040901005625,SHIVM,45,13,50,310.00,"15,500.00"
2019-04-09,2019040901005597,SHIVM,45,13,50,310.00,"15,500.00"
2019-04-09,2019040901005725,SHIVM,47,43,300,310.00,"93,000.00"
2019-04-09,2019040901005724,SHIVM,41,43,300,310.00,"93,000.00"
2019-04-09,2019040901005723,SHIVM,55,43,50,310.00,"15,500.00"
2019-04-09,2019040901005716,SHIVM,55,19,50,310.00,"15,500.00"
2019-04-09,2019040901005712,SHIVM,55,1,50,310.00,"15,500.00"
2019-04-09,2019040901005658,SHIVM,55,19,50,310.00,"15,500.00"
2019-04-09,2019040901005765,SHIVM,51,43,100,309.00,"30,900.00"
2019-04-09,2019040901005764,SHIVM,45,43,50,309.00,"15,450.00"
2019-04-09,2019040901005763,SHIVM,59,43,60,310.00,"18,600.00"
2019-04-09,2019040901005728,SHIVM,59,43,140,310.00,"43,400.00"
2019-04-09,2019040901005727,SHIVM,50,43,50,310.00,"15,500.00"
2019-04-09,2019040901005726,SHIVM,22,43,160,310.00,"49,600.00"
2019-04-09,2019040901005785,SHIVM,57,43,260,309.00,"80,340.00"
2019-04-09,2019040901005770,SHIVM,57,43,440,309.00,"135,960.00"
2019-04-09,2019040901005769,SHIVM,47,43,50,309.00,"15,450.00"
2019-04-09,2019040901005768,SHIVM,47,43,100,309.00,"30,900.00"
2019-04-09,2019040901005767,SHIVM,56,43,200,309.00,"61,800.00"
2019-04-09,2019040901005766,SHIVM,8,43,100,309.00,"30,900.00"
2019-04-09,2019040901005583,SIC,20,34,20,"1,290.00","25,800.00"
2019-04-09,2019040901005899,SIFC,7,53,83,137.00,"11,371.00"
2019-04-09,2019040901005862,SKBBL,6,35,97,878.00,"85,166.00"
2019-04-09,2019040901005668,SKBBL,6,22,67,878.00,"58,826.00"
2019-04-09,2019040901005667,SKBBL,22,22,83,880.00,"73,040.00"
2019-04-09,2019040901005964,SLBBL,1,32,10,509.00,"5,090.00"
2019-04-09,2019040901005926,SLBS,26,57,18,915.00,"16,470.00"
2019-04-09,2019040901005673,SMB,11,17,10,605.00,"6,050.00"
2019-04-09,2019040901005672,SMB,11,58,10,605.00,"6,050.00"
2019-04-09,2019040901005811,SMB,14,58,100,600.00,"60,000.00"
2019-04-09,2019040901005810,SMB,1,58,10,601.00,"6,010.00"
2019-04-09,2019040901006014,SRBL,44,29,500,231.00,"115,500.00"
2019-04-09,2019040901005864,SRBL,21,52,355,232.00,"82,360.00"
2019-04-09,2019040901005863,SRBL,49,52,"1,645",232.00,"381,640.00"
2019-04-09,2019040901005777,SRBL,49,45,50,232.00,"11,600.00"
2019-04-09,2019040901005714,SRBL,49,34,"1,000",232.00,"232,000.00"
2019-04-09,2019040901005666,SRBL,49,45,305,232.00,"70,760.00"
2019-04-09,2019040901005665,SRBL,46,45,195,232.00,"45,240.00"
2019-04-09,2019040901006068,SWBBL,22,34,300,830.00,"249,000.00"
2019-04-09,2019040901005582,SWBBL,49,34,200,830.00,"166,000.00"
2019-04-09,2019040901005581,SWBBL,54,34,300,832.00,"249,600.00"
2019-04-09,2019040901005580,SWBBL,35,34,196,833.00,"163,268.00"
2019-04-09,2019040901006065,UPCL,7,56,50,94.00,"4,700.00"
2019-04-09,2019040901006049,UPCL,7,56,50,94.00,"4,700.00"
2019-04-09,2019040901006046,UPCL,7,11,50,94.00,"4,700.00"
2019-04-09,2019040901006004,UPCL,7,11,50,94.00,"4,700.00"
2019-04-09,2019040901005839,UPCL,7,52,10,94.00,940.00
2019-04-09,2019040901005781,UPCL,32,26,50,93.00,"4,650.00"
2019-04-09,2019040901005662,UPCL,25,11,50,93.00,"4,650.00"
2019-04-09,2019040901005645,UPCL,25,26,50,93.00,"4,650.00"
2019-04-09,2019040901005637,UPCL,25,5,50,93.00,"4,650.00"
2019-04-09,2019040901005636,UPCL,25,26,50,93.00,"4,650.00"
2019-04-09,2019040901005627,UPCL,25,26,50,93.00,"4,650.00"
2019-04-09,2019040901005618,UPCL,25,26,50,93.00,"4,650.00"
2019-04-09,2019040901005771,UPCL,32,26,50,93.00,"4,650.00"
2019-04-09,2019040901005755,UPCL,32,26,50,93.00,"4,650.00"
2019-04-09,2019040901005713,UPCL,32,11,50,93.00,"4,650.00"
2019-04-09,2019040901005706,UPCL,32,26,50,93.00,"4,650.00"
2019-04-09,2019040901005695,UPCL,32,26,50,93.00,"4,650.00"
2019-04-09,2019040901005680,UPCL,25,26,50,93.00,"4,650.00"
2019-04-09,2019040901006066,UPPER,14,19,11,235.00,"2,585.00"
2019-04-09,2019040901006048,UPPER,29,44,40,234.00,"9,360.00"
2019-04-09,2019040901006040,UPPER,29,22,50,234.00,"11,700.00"
2019-04-09,2019040901006028,UPPER,29,44,50,234.00,"11,700.00"
2019-04-09,2019040901006013,UPPER,29,22,40,234.00,"9,360.00"
2019-04-09,2019040901005687,UPPER,11,16,50,234.00,"11,700.00"
2019-04-09,2019040901005674,UPPER,11,16,40,234.00,"9,360.00"
2019-04-09,2019040901005669,UPPER,11,11,50,234.00,"11,700.00"
2019-04-09,2019040901005659,UPPER,11,16,40,234.00,"9,360.00"
2019-04-09,2019040901005589,UPPER,11,10,40,234.00,"9,360.00"
2019-04-09,2019040901005879,UPPER,29,38,40,234.00,"9,360.00"
2019-04-09,2019040901005809,UPPER,29,48,349,234.00,"81,666.00"
2019-04-09,2019040901005808,UPPER,45,48,50,234.00,"11,700.00"
2019-04-09,2019040901005807,UPPER,11,48,101,234.00,"23,634.00"
2019-04-09,2019040901005772,UPPER,11,47,50,234.00,"11,700.00"
2019-04-09,2019040901005704,UPPER,11,16,40,234.00,"9,360.00"
2019-04-09,2019040901006008,UPPER,29,44,50,234.00,"11,700.00"
2019-04-09,2019040901005994,UPPER,29,44,50,234.00,"11,700.00"
2019-04-09,2019040901005971,UPPER,29,53,40,234.00,"9,360.00"
2019-04-09,2019040901005954,UPPER,29,5,40,234.00,"9,360.00"
2019-04-09,2019040901005953,UPPER,29,53,40,234.00,"9,360.00"
2019-04-09,2019040901005432,ADBL,59,59,147,313.00,"46,011.00"
2019-04-09,2019040901005252,ADBL,5,59,500,312.00,"156,000.00"
2019-04-09,2019040901005188,ADBL,25,38,200,313.00,"62,600.00"
2019-04-09,2019040901005187,ADBL,8,38,116,313.00,"36,308.00"
2019-04-09,2019040901005186,ADBL,4,38,550,313.00,"172,150.00"
2019-04-09,2019040901005172,ADBL,4,43,"1,450",313.00,"453,850.00"
2019-04-09,2019040901005171,ADBL,14,43,50,313.00,"15,650.00"
2019-04-09,2019040901005170,ADBL,26,43,500,314.00,"157,000.00"
2019-04-09,2019040901005126,ADBL,26,21,500,314.00,"157,000.00"
2019-04-09,2019040901005417,AKJCL,57,38,10,83.00,830.00
2019-04-09,2019040901005416,AKJCL,29,38,10,83.00,830.00
2019-04-09,2019040901005177,AKJCL,45,8,10,84.00,840.00
2019-04-09,2019040901005176,AKJCL,45,39,10,84.00,840.00
2019-04-09,2019040901005537,ALBSL,41,45,10,474.00,"4,740.00"
2019-04-09,2019040901005530,ALBSL,41,11,10,474.00,"4,740.00"
2019-04-09,2019040901005528,ALBSL,41,18,10,474.00,"4,740.00"
2019-04-09,2019040901005476,ALBSL,41,10,10,474.00,"4,740.00"
2019-04-09,2019040901005368,ALBSL,41,29,10,474.00,"4,740.00"
2019-04-09,2019040901005286,ALBSL,41,45,10,474.00,"4,740.00"
2019-04-09,2019040901005175,ALBSL,41,11,10,474.00,"4,740.00"
2019-04-09,2019040901005154,ALBSL,41,45,10,474.00,"4,740.00"
2019-04-09,2019040901005118,ALBSL,41,11,10,474.00,"4,740.00"
2019-04-09,2019040901005084,ALBSL,41,11,10,474.00,"4,740.00"
2019-04-09,2019040901005495,ALICL,20,28,200,410.00,"82,000.00"
2019-04-09,2019040901005300,ALICL,16,34,200,412.00,"82,400.00"
2019-04-09,2019040901005225,ALICL,16,48,150,412.00,"61,800.00"
2019-04-09,2019040901005147,ALICL,16,34,100,412.00,"41,200.00"
2019-04-09,2019040901005184,AMFI,48,45,10,634.00,"6,340.00"
2019-04-09,2019040901005507,API,25,46,623,130.00,"80,990.00"
2019-04-09,2019040901005506,API,25,46,200,130.00,"26,000.00"
2019-04-09,2019040901005505,API,57,46,200,131.00,"26,200.00"
2019-04-09,2019040901005504,API,58,46,700,131.00,"91,700.00"
2019-04-09,2019040901005503,API,46,46,200,131.00,"26,200.00"
2019-04-09,2019040901005502,API,25,46,300,131.00,"39,300.00"
2019-04-09,2019040901005379,API,36,46,200,132.00,"26,400.00"
2019-04-09,2019040901005378,API,19,46,50,132.00,"6,600.00"
2019-04-09,2019040901005377,API,45,46,10,132.00,"1,320.00"
2019-04-09,2019040901005501,API,41,46,33,131.00,"4,323.00"
2019-04-09,2019040901005500,API,25,46,300,131.00,"39,300.00"
2019-04-09,2019040901005499,API,34,46,500,131.00,"65,500.00"
2019-04-09,2019040901005381,API,7,46,600,132.00,"79,200.00"
2019-04-09,2019040901005380,API,39,46,"1,000",132.00,"132,000.00"
2019-04-09,2019040901005310,BARUN,39,3,75,95.00,"7,125.00"
2019-04-09,2019040901005309,BARUN,43,3,100,95.00,"9,500.00"
2019-04-09,2019040901005308,BARUN,34,3,200,95.00,"19,000.00"
2019-04-09,2019040901005307,BARUN,46,3,30,96.00,"2,880.00"
2019-04-09,2019040901005468,BOKL,32,28,177,258.00,"45,666.00"
2019-04-09,2019040901005467,BOKL,22,28,50,258.00,"12,900.00"
2019-04-09,2019040901005466,BOKL,21,28,273,258.00,"70,434.00"
2019-04-09,2019040901005402,BOKL,21,45,600,258.00,"154,800.00"
2019-04-09,2019040901005353,BOKL,21,43,64,258.00,"16,512.00"
2019-04-09,2019040901005165,BOKL,21,36,63,258.00,"16,254.00"
2019-04-09,2019040901005096,BPCL,1,40,22,360.00,"7,920.00"
2019-04-09,2019040901005544,CBBL,42,20,100,907.00,"90,700.00"
2019-04-09,2019040901005431,CBBL,42,26,50,907.00,"45,350.00"
2019-04-09,2019040901005472,CCBL,16,34,500,169.00,"84,500.00"
2019-04-09,2019040901005471,CCBL,47,34,500,169.00,"84,500.00"
2019-04-09,2019040901005443,CCBL,34,21,187,169.00,"31,603.00"
2019-04-09,2019040901005370,CCBL,34,19,20,169.00,"3,380.00"
2019-04-09,2019040901005369,CCBL,34,58,94,169.00,"15,886.00"
2019-04-09,2019040901005128,CEFL,39,51,50,100.00,"5,000.00"
2019-04-09,2019040901005238,CHCL,1,13,235,507.00,"119,145.00"
2019-04-09,2019040901005237,CHCL,1,49,265,507.00,"134,355.00"
2019-04-09,2019040901005104,CHCL,36,14,87,507.00,"44,109.00"
2019-04-09,2019040901005080,CHCL,36,14,89,507.00,"45,123.00"
2019-04-09,2019040901005447,CHLBS,29,10,10,496.00,"4,960.00"
2019-04-09,2019040901005393,CIT,17,59,10,"2,570.00","25,700.00"
2019-04-09,2019040901005384,CIT,17,34,138,"2,570.00","354,660.00"
2019-04-09,2019040901005383,CIT,35,34,10,"2,570.00","25,700.00"
2019-04-09,2019040901005382,CIT,25,34,250,"2,571.00","642,750.00"
2019-04-09,2019040901005297,CIT,41,59,40,"2,573.00","102,920.00"
2019-04-09,2019040901005278,CIT,41,59,60,"2,573.00","154,380.00"
2019-04-09,2019040901005539,CLBSL,45,58,80,588.00,"47,040.00"
2019-04-09,2019040901005433,CLBSL,45,1,10,588.00,"5,880.00"
2019-04-09,2019040901005415,CLBSL,45,54,200,588.00,"117,600.00"
2019-04-09,2019040901005459,CZBIL,48,1,50,221.00,"11,050.00"
2019-04-09,2019040901005444,CZBIL,41,21,106,220.00,"23,320.00"
2019-04-09,2019040901005277,CZBIL,41,39,100,221.00,"22,100.00"
2019-04-09,2019040901005276,CZBIL,54,39,100,221.00,"22,100.00"
2019-04-09,2019040901005275,CZBIL,58,39,295,221.00,"65,195.00"
2019-04-09,2019040901005236,CZBIL,58,53,100,221.00,"22,100.00"
2019-04-09,2019040901005143,DBBL,34,5,100,127.00,"12,700.00"
2019-04-09,2019040901005142,DBBL,17,5,191,127.00,"24,257.00"
2019-04-09,2019040901005461,EBL,52,28,200,602.00,"120,400.00"
2019-04-09,2019040901005460,EBL,34,28,50,603.00,"30,150.00"
2019-04-09,2019040901005413,EBL,25,19,100,604.00,"60,400.00"
2019-04-09,2019040901005250,EBL,19,19,300,605.00,"181,500.00"
2019-04-09,2019040901005249,EBL,19,19,108,605.00,"65,340.00"
2019-04-09,2019040901005248,EBL,19,36,133,605.00,"80,465.00"
2019-04-09,2019040901005089,EBL,22,36,117,605.00,"70,785.00"
2019-04-09,2019040901005073,EBL,22,25,53,605.00,"32,065.00"
2019-04-09,2019040901005108,EBL,20,19,40,604.00,"24,160.00"
2019-04-09,2019040901005107,EBL,49,19,100,604.00,"60,400.00"
2019-04-09,2019040901005106,EBL,22,19,300,604.00,"181,200.00"
2019-04-09,2019040901005105,EBL,44,19,200,604.00,"120,800.00"
2019-04-09,2019040901005169,EBL,35,19,100,604.00,"60,400.00"
2019-04-09,2019040901005166,EBL,35,52,100,604.00,"60,400.00"
2019-04-09,2019040901005303,EIC,19,45,20,858.00,"17,160.00"
2019-04-09,2019040901005387,FMDBL,26,28,344,375.00,"129,000.00"
2019-04-09,2019040901005386,FMDBL,6,28,500,375.00,"187,500.00"
2019-04-09,2019040901005338,FMDBL,17,34,200,376.00,"75,200.00"
2019-04-09,2019040901005279,FMDBL,20,34,110,377.00,"41,470.00"
2019-04-09,2019040901005233,FMDBL,14,21,10,380.00,"3,800.00"
2019-04-09,2019040901005072,GBBL,1,40,100,194.00,"19,400.00"
2019-04-09,2019040901005071,GBBL,43,40,50,194.00,"9,700.00"
2019-04-09,2019040901005559,GBIME,34,43,675,272.00,"183,600.00"
2019-04-09,2019040901005558,GBIME,42,43,20,273.00,"5,460.00"
2019-04-09,2019040901005557,GBIME,32,43,100,273.00,"27,300.00"
2019-04-09,2019040901005556,GBIME,48,43,50,273.00,"13,650.00"
2019-04-09,2019040901005555,GBIME,26,43,150,273.00,"40,950.00"
2019-04-09,2019040901005554,GBIME,25,43,200,273.00,"54,600.00"
2019-04-09,2019040901005457,GBIME,4,8,22,274.00,"6,028.00"
2019-04-09,2019040901005419,GBIME,4,19,100,274.00,"27,400.00"
2019-04-09,2019040901005553,GBIME,33,43,300,273.00,"81,900.00"
2019-04-09,2019040901005552,GBIME,22,43,"1,000",273.00,"273,000.00"
2019-04-09,2019040901005551,GBIME,32,43,500,274.00,"137,000.00"
2019-04-09,2019040901005550,GBIME,35,43,30,274.00,"8,220.00"
2019-04-09,2019040901005549,GBIME,41,43,500,274.00,"137,000.00"
