Date,Transact. No.,Symbol,Buyer,Seller,Quantity,Rate,Amount
2020-09-20,2020092002005173,LEC,51,38,10,270.00,"2,700.00"
2020-09-20,2020092002005172,LEC,51,29,10,270.00,"2,700.00"
2020-09-20,2020092002005171,LEC,51,42,10,270.00,"2,700.00"
2020-09-20,2020092002005170,LEC,51,16,10,270.00,"2,700.00"
2020-09-20,2020092002005169,LEC,51,16,20,270.00,"5,400.00"
2020-09-20,2020092002005168,LEC,51,32,10,270.00,"2,700.00"
2020-09-20,2020092002004759,LEC,55,32,20,286.00,"5,720.00"
2020-09-20,2020092002004765,LEC,55,42,20,286.00,"5,720.00"
2020-09-20,2020092002004764,LEC,55,47,10,286.00,"2,860.00"
2020-09-20,2020092002004763,LEC,55,35,20,286.00,"5,720.00"
2020-09-20,2020092002004762,LEC,55,34,20,286.00,"5,720.00"
2020-09-20,2020092002004761,LEC,55,6,10,286.00,"2,860.00"
2020-09-20,2020092002004760,LEC,55,45,30,286.00,"8,580.00"
2020-09-20,2020092002004771,LEC,22,6,20,281.00,"5,620.00"
2020-09-20,2020092002004770,LEC,22,49,10,281.00,"2,810.00"
2020-09-20,2020092002004769,LEC,16,33,10,286.00,"2,860.00"
2020-09-20,2020092002004768,LEC,16,41,10,286.00,"2,860.00"
2020-09-20,2020092002004767,LEC,55,41,10,286.00,"2,860.00"
2020-09-20,2020092002004766,LEC,55,35,10,286.00,"2,860.00"
2020-09-20,2020092002004777,LEC,22,47,10,281.00,"2,810.00"
2020-09-20,2020092002004776,LEC,22,16,20,281.00,"5,620.00"
2020-09-20,2020092002004775,LEC,22,32,40,281.00,"11,240.00"
2020-09-20,2020092002004774,LEC,22,38,10,281.00,"2,810.00"
2020-09-20,2020092002004773,LEC,22,56,10,281.00,"2,810.00"
2020-09-20,2020092002004772,LEC,22,28,40,281.00,"11,240.00"
2020-09-20,2020092002004783,LEC,22,49,20,276.00,"5,520.00"
2020-09-20,2020092002004782,LEC,22,56,10,276.00,"2,760.00"
2020-09-20,2020092002004781,LEC,22,41,20,276.00,"5,520.00"
2020-09-20,2020092002004780,LEC,22,39,30,276.00,"8,280.00"
2020-09-20,2020092002004779,LEC,22,20,30,281.00,"8,430.00"
2020-09-20,2020092002004778,LEC,22,32,10,281.00,"2,810.00"
2020-09-20,2020092002004789,LEC,22,52,10,276.00,"2,760.00"
2020-09-20,2020092002004788,LEC,22,50,10,276.00,"2,760.00"
2020-09-20,2020092002004787,LEC,22,6,10,276.00,"2,760.00"
2020-09-20,2020092002004786,LEC,22,38,10,276.00,"2,760.00"
2020-09-20,2020092002004785,LEC,22,38,10,276.00,"2,760.00"
2020-09-20,2020092002004784,LEC,22,26,20,276.00,"5,520.00"
2020-09-20,2020092002004795,LEC,22,55,30,271.00,"8,130.00"
2020-09-20,2020092002004794,LEC,22,1,10,276.00,"2,760.00"
2020-09-20,2020092002004793,LEC,22,38,10,276.00,"2,760.00"
2020-09-20,2020092002004792,LEC,22,59,10,276.00,"2,760.00"
2020-09-20,2020092002004791,LEC,22,3,10,276.00,"2,760.00"
2020-09-20,2020092002004790,LEC,22,45,10,276.00,"2,760.00"
2020-09-20,2020092002004801,LEC,22,28,10,271.00,"2,710.00"
2020-09-20,2020092002004800,LEC,22,32,30,271.00,"8,130.00"
2020-09-20,2020092002004799,LEC,22,19,10,271.00,"2,710.00"
2020-09-20,2020092002004798,LEC,22,20,30,271.00,"8,130.00"
2020-09-20,2020092002004797,LEC,22,50,10,271.00,"2,710.00"
2020-09-20,2020092002004796,LEC,22,49,20,271.00,"5,420.00"
2020-09-20,2020092002004807,LEC,43,53,10,270.00,"2,700.00"
2020-09-20,2020092002004806,LEC,43,1,10,270.00,"2,700.00"
2020-09-20,2020092002004805,LEC,43,21,10,270.00,"2,700.00"
2020-09-20,2020092002004804,LEC,43,34,10,270.00,"2,700.00"
2020-09-20,2020092002004803,LEC,22,45,40,271.00,"10,840.00"
2020-09-20,2020092002004802,LEC,22,52,20,271.00,"5,420.00"
2020-09-20,2020092002004813,LEC,55,1,10,270.00,"2,700.00"
2020-09-20,2020092002004812,LEC,29,38,30,270.00,"8,100.00"
2020-09-20,2020092002004811,LEC,29,32,10,270.00,"2,700.00"
2020-09-20,2020092002004810,LEC,29,42,30,270.00,"8,100.00"
2020-09-20,2020092002004809,LEC,29,4,30,270.00,"8,100.00"
2020-09-20,2020092002004808,LEC,43,4,10,270.00,"2,700.00"
2020-09-20,2020092002004819,LEC,53,47,10,270.00,"2,700.00"
2020-09-20,2020092002004818,LEC,17,47,10,270.00,"2,700.00"
2020-09-20,2020092002004817,LEC,17,44,10,270.00,"2,700.00"
2020-09-20,2020092002004816,LEC,17,41,20,270.00,"5,400.00"
2020-09-20,2020092002004815,LEC,32,44,10,270.00,"2,700.00"
2020-09-20,2020092002004814,LEC,32,59,30,270.00,"8,100.00"
2020-09-20,2020092002004825,LEC,37,55,10,270.00,"2,700.00"
2020-09-20,2020092002004824,LEC,52,55,30,270.00,"8,100.00"
2020-09-20,2020092002004823,LEC,52,37,20,270.00,"5,400.00"
2020-09-20,2020092002004822,LEC,11,37,20,270.00,"5,400.00"
2020-09-20,2020092002004821,LEC,11,29,10,270.00,"2,700.00"
2020-09-20,2020092002004820,LEC,53,51,10,270.00,"2,700.00"
2020-09-20,2020092002004831,LEC,53,45,10,270.00,"2,700.00"
2020-09-20,2020092002004830,LEC,53,21,30,270.00,"8,100.00"
2020-09-20,2020092002004829,LEC,35,53,10,270.00,"2,700.00"
2020-09-20,2020092002004828,LEC,35,51,20,270.00,"5,400.00"
2020-09-20,2020092002004827,LEC,35,53,20,270.00,"5,400.00"
2020-09-20,2020092002004826,LEC,37,53,20,270.00,"5,400.00"
2020-09-20,2020092002004837,LEC,17,43,20,270.00,"5,400.00"
2020-09-20,2020092002004836,LEC,17,21,20,270.00,"5,400.00"
2020-09-20,2020092002004835,LEC,53,21,20,270.00,"5,400.00"
2020-09-20,2020092002004834,LEC,53,16,10,270.00,"2,700.00"
2020-09-20,2020092002004833,LEC,53,45,10,270.00,"2,700.00"
2020-09-20,2020092002004832,LEC,53,16,20,270.00,"5,400.00"
2020-09-20,2020092002004843,LEC,38,41,10,270.00,"2,700.00"
2020-09-20,2020092002004842,LEC,38,41,20,270.00,"5,400.00"
2020-09-20,2020092002004841,LEC,38,8,10,270.00,"2,700.00"
2020-09-20,2020092002004840,LEC,38,32,20,270.00,"5,400.00"
2020-09-20,2020092002004839,LEC,17,32,20,270.00,"5,400.00"
2020-09-20,2020092002004838,LEC,17,45,40,270.00,"10,800.00"
2020-09-20,2020092002004849,LEC,17,52,30,270.00,"8,100.00"
2020-09-20,2020092002004848,LEC,17,6,10,270.00,"2,700.00"
2020-09-20,2020092002004847,LEC,17,8,10,270.00,"2,700.00"
2020-09-20,2020092002004846,LEC,38,53,10,270.00,"2,700.00"
2020-09-20,2020092002004845,LEC,18,59,10,270.00,"2,700.00"
2020-09-20,2020092002004844,LEC,45,41,10,270.00,"2,700.00"
2020-09-20,2020092002004855,LEC,16,45,10,270.00,"2,700.00"
2020-09-20,2020092002004854,LEC,51,45,10,270.00,"2,700.00"
2020-09-20,2020092002004853,LEC,51,38,10,270.00,"2,700.00"
2020-09-20,2020092002004852,LEC,51,33,10,270.00,"2,700.00"
2020-09-20,2020092002004851,LEC,33,16,10,270.00,"2,700.00"
2020-09-20,2020092002004850,LEC,33,50,10,270.00,"2,700.00"
2020-09-20,2020092002004861,LEC,56,34,10,270.00,"2,700.00"
2020-09-20,2020092002004860,LEC,56,34,20,270.00,"5,400.00"
2020-09-20,2020092002004859,LEC,56,49,40,270.00,"10,800.00"
2020-09-20,2020092002004858,LEC,56,19,10,270.00,"2,700.00"
2020-09-20,2020092002004857,LEC,52,19,10,270.00,"2,700.00"
2020-09-20,2020092002004856,LEC,16,19,20,270.00,"5,400.00"
2020-09-20,2020092002004867,LEC,56,50,40,270.00,"10,800.00"
2020-09-20,2020092002004866,LEC,56,49,20,270.00,"5,400.00"
2020-09-20,2020092002004865,LEC,56,29,20,270.00,"5,400.00"
2020-09-20,2020092002004864,LEC,56,16,10,270.00,"2,700.00"
2020-09-20,2020092002004863,LEC,56,46,20,270.00,"5,400.00"
2020-09-20,2020092002004862,LEC,56,33,10,270.00,"2,700.00"
2020-09-20,2020092002004873,LEC,56,16,20,270.00,"5,400.00"
2020-09-20,2020092002004872,LEC,56,42,10,270.00,"2,700.00"
2020-09-20,2020092002004871,LEC,56,19,10,270.00,"2,700.00"
2020-09-20,2020092002004870,LEC,56,5,30,270.00,"8,100.00"
2020-09-20,2020092002004869,LEC,56,32,30,270.00,"8,100.00"
2020-09-20,2020092002004868,LEC,56,4,10,270.00,"2,700.00"
2020-09-20,2020092002004879,LEC,56,49,30,270.00,"8,100.00"
2020-09-20,2020092002004878,LEC,56,33,30,270.00,"8,100.00"
2020-09-20,2020092002004877,LEC,56,33,30,270.00,"8,100.00"
2020-09-20,2020092002004876,LEC,56,32,40,270.00,"10,800.00"
2020-09-20,2020092002004875,LEC,56,56,40,270.00,"10,800.00"
2020-09-20,2020092002004874,LEC,56,25,10,270.00,"2,700.00"
2020-09-20,2020092002004885,LEC,17,42,10,270.00,"2,700.00"
2020-09-20,2020092002004884,LEC,17,37,40,270.00,"10,800.00"
2020-09-20,2020092002004883,LEC,17,37,20,270.00,"5,400.00"
2020-09-20,2020092002004882,LEC,17,40,10,270.00,"2,700.00"
2020-09-20,2020092002004881,LEC,17,49,10,270.00,"2,700.00"
2020-09-20,2020092002004880,LEC,56,16,10,270.00,"2,700.00"
2020-09-20,2020092002004891,LEC,41,16,10,270.00,"2,700.00"
2020-09-20,2020092002004890,LEC,41,54,10,270.00,"2,700.00"
2020-09-20,2020092002004889,LEC,41,51,20,270.00,"5,400.00"
2020-09-20,2020092002004888,LEC,41,49,30,270.00,"8,100.00"
2020-09-20,2020092002004887,LEC,41,20,30,270.00,"8,100.00"
2020-09-20,2020092002004886,LEC,17,20,10,270.00,"2,700.00"
2020-09-20,2020092002004897,LEC,34,38,10,270.00,"2,700.00"
2020-09-20,2020092002004896,LEC,34,49,30,270.00,"8,100.00"
2020-09-20,2020092002004895,LEC,34,25,20,270.00,"5,400.00"
2020-09-20,2020092002004894,LEC,34,16,20,270.00,"5,400.00"
2020-09-20,2020092002004893,LEC,34,34,40,270.00,"10,800.00"
2020-09-20,2020092002004892,LEC,34,26,20,270.00,"5,400.00"
2020-09-20,2020092002004903,LEC,34,19,10,270.00,"2,700.00"
2020-09-20,2020092002004902,LEC,34,17,20,270.00,"5,400.00"
2020-09-20,2020092002004901,LEC,34,59,30,270.00,"8,100.00"
2020-09-20,2020092002004900,LEC,34,35,20,270.00,"5,400.00"
2020-09-20,2020092002004899,LEC,34,11,20,270.00,"5,400.00"
2020-09-20,2020092002004898,LEC,34,1,30,270.00,"8,100.00"
2020-09-20,2020092002004909,LEC,34,45,10,270.00,"2,700.00"
2020-09-20,2020092002004908,LEC,34,55,10,270.00,"2,700.00"
2020-09-20,2020092002004907,LEC,34,49,30,270.00,"8,100.00"
2020-09-20,2020092002004906,LEC,34,59,20,270.00,"5,400.00"
2020-09-20,2020092002004905,LEC,34,16,10,270.00,"2,700.00"
2020-09-20,2020092002004904,LEC,34,6,40,270.00,"10,800.00"
2020-09-20,2020092002004915,LEC,34,1,10,270.00,"2,700.00"
2020-09-20,2020092002004914,LEC,34,29,10,270.00,"2,700.00"
2020-09-20,2020092002004913,LEC,34,52,40,270.00,"10,800.00"
2020-09-20,2020092002004912,LEC,34,49,20,270.00,"5,400.00"
2020-09-20,2020092002004911,LEC,34,38,10,270.00,"2,700.00"
2020-09-20,2020092002004910,LEC,34,47,20,270.00,"5,400.00"
2020-09-20,2020092002004921,LEC,55,19,10,270.00,"2,700.00"
2020-09-20,2020092002004920,LEC,55,54,10,270.00,"2,700.00"
2020-09-20,2020092002004919,LEC,55,41,10,270.00,"2,700.00"
2020-09-20,2020092002004918,LEC,55,59,20,270.00,"5,400.00"
2020-09-20,2020092002004917,LEC,55,26,20,270.00,"5,400.00"
2020-09-20,2020092002004916,LEC,20,1,20,270.00,"5,400.00"
2020-09-20,2020092002004927,LEC,50,6,10,270.00,"2,700.00"
2020-09-20,2020092002004926,LEC,50,32,40,270.00,"10,800.00"
2020-09-20,2020092002004925,LEC,50,11,10,270.00,"2,700.00"
2020-09-20,2020092002004924,LEC,55,3,10,270.00,"2,700.00"
2020-09-20,2020092002004923,LEC,55,48,40,270.00,"10,800.00"
2020-09-20,2020092002004922,LEC,55,16,20,270.00,"5,400.00"
2020-09-20,2020092002004933,LEC,52,20,40,270.00,"10,800.00"
2020-09-20,2020092002004932,LEC,52,42,10,270.00,"2,700.00"
2020-09-20,2020092002004931,LEC,50,42,10,270.00,"2,700.00"
2020-09-20,2020092002004930,LEC,50,34,20,270.00,"5,400.00"
2020-09-20,2020092002004929,LEC,50,1,10,270.00,"2,700.00"
2020-09-20,2020092002004928,LEC,50,52,10,270.00,"2,700.00"
2020-09-20,2020092002004939,LEC,50,43,10,270.00,"2,700.00"
2020-09-20,2020092002004938,LEC,44,43,30,270.00,"8,100.00"
2020-09-20,2020092002004937,LEC,44,38,30,270.00,"8,100.00"
2020-09-20,2020092002004936,LEC,44,54,40,270.00,"10,800.00"
2020-09-20,2020092002004935,LEC,52,13,40,270.00,"10,800.00"
2020-09-20,2020092002004934,LEC,52,45,10,270.00,"2,700.00"
2020-09-20,2020092002004945,LEC,14,52,10,270.00,"2,700.00"
2020-09-20,2020092002004944,LEC,14,1,10,270.00,"2,700.00"
2020-09-20,2020092002004943,LEC,14,57,20,270.00,"5,400.00"
2020-09-20,2020092002004942,LEC,50,57,40,270.00,"10,800.00"
2020-09-20,2020092002004941,LEC,50,55,40,270.00,"10,800.00"
2020-09-20,2020092002004940,LEC,50,29,10,270.00,"2,700.00"
2020-09-20,2020092002004951,LEC,28,42,20,270.00,"5,400.00"
2020-09-20,2020092002004950,LEC,28,25,40,270.00,"10,800.00"
2020-09-20,2020092002004949,LEC,28,1,30,270.00,"8,100.00"
2020-09-20,2020092002004948,LEC,28,13,40,270.00,"10,800.00"
2020-09-20,2020092002004947,LEC,28,41,10,270.00,"2,700.00"
2020-09-20,2020092002004946,LEC,14,19,10,270.00,"2,700.00"
2020-09-20,2020092002004957,LEC,28,38,10,270.00,"2,700.00"
2020-09-20,2020092002004956,LEC,28,40,20,270.00,"5,400.00"
2020-09-20,2020092002004955,LEC,28,45,10,270.00,"2,700.00"
2020-09-20,2020092002004954,LEC,28,45,10,270.00,"2,700.00"
2020-09-20,2020092002004953,LEC,28,8,10,270.00,"2,700.00"
2020-09-20,2020092002004952,LEC,28,51,10,270.00,"2,700.00"
2020-09-20,2020092002004963,LEC,28,32,40,270.00,"10,800.00"
2020-09-20,2020092002004962,LEC,28,38,20,270.00,"5,400.00"
2020-09-20,2020092002004961,LEC,28,51,30,270.00,"8,100.00"
2020-09-20,2020092002004960,LEC,28,21,10,270.00,"2,700.00"
2020-09-20,2020092002004959,LEC,28,45,40,270.00,"10,800.00"
2020-09-20,2020092002004958,LEC,28,1,30,270.00,"8,100.00"
2020-09-20,2020092002004969,LEC,53,17,30,270.00,"8,100.00"
2020-09-20,2020092002004968,LEC,53,32,10,270.00,"2,700.00"
2020-09-20,2020092002004967,LEC,53,54,30,270.00,"8,100.00"
2020-09-20,2020092002004966,LEC,53,29,10,270.00,"2,700.00"
2020-09-20,2020092002004965,LEC,53,56,20,270.00,"5,400.00"
2020-09-20,2020092002004964,LEC,28,48,20,270.00,"5,400.00"
2020-09-20,2020092002004975,LEC,53,53,10,270.00,"2,700.00"
2020-09-20,2020092002004974,LEC,53,45,10,270.00,"2,700.00"
2020-09-20,2020092002004973,LEC,53,49,40,270.00,"10,800.00"
2020-09-20,2020092002004972,LEC,53,57,10,270.00,"2,700.00"
2020-09-20,2020092002004971,LEC,53,38,20,270.00,"5,400.00"
2020-09-20,2020092002004970,LEC,53,32,20,270.00,"5,400.00"
2020-09-20,2020092002004981,LEC,53,6,30,270.00,"8,100.00"
2020-09-20,2020092002004980,LEC,53,59,20,270.00,"5,400.00"
2020-09-20,2020092002004979,LEC,53,11,40,270.00,"10,800.00"
2020-09-20,2020092002004978,LEC,53,56,20,270.00,"5,400.00"
2020-09-20,2020092002004977,LEC,53,19,10,270.00,"2,700.00"
2020-09-20,2020092002004976,LEC,53,20,40,270.00,"10,800.00"
2020-09-20,2020092002004987,LEC,53,37,10,270.00,"2,700.00"
2020-09-20,2020092002004986,LEC,53,41,40,270.00,"10,800.00"
2020-09-20,2020092002004985,LEC,53,43,20,270.00,"5,400.00"
2020-09-20,2020092002004984,LEC,53,21,10,270.00,"2,700.00"
2020-09-20,2020092002004983,LEC,53,1,30,270.00,"8,100.00"
2020-09-20,2020092002004982,LEC,53,47,10,270.00,"2,700.00"
2020-09-20,2020092002004993,LEC,3,57,10,270.00,"2,700.00"
2020-09-20,2020092002004992,LEC,3,38,10,270.00,"2,700.00"
2020-09-20,2020092002004991,LEC,3,44,10,270.00,"2,700.00"
2020-09-20,2020092002004990,LEC,3,34,20,270.00,"5,400.00"
2020-09-20,2020092002004989,LEC,45,34,10,270.00,"2,700.00"
2020-09-20,2020092002004988,LEC,53,34,10,270.00,"2,700.00"
2020-09-20,2020092002004999,LEC,44,37,30,270.00,"8,100.00"
2020-09-20,2020092002004998,LEC,44,56,20,270.00,"5,400.00"
2020-09-20,2020092002004997,LEC,3,37,10,270.00,"2,700.00"
2020-09-20,2020092002004996,LEC,3,53,10,270.00,"2,700.00"
2020-09-20,2020092002004995,LEC,3,36,20,270.00,"5,400.00"
2020-09-20,2020092002004994,LEC,3,41,10,270.00,"2,700.00"
2020-09-20,2020092002005005,LEC,44,55,10,270.00,"2,700.00"
2020-09-20,2020092002005004,LEC,44,25,30,270.00,"8,100.00"
2020-09-20,2020092002005003,LEC,44,42,30,270.00,"8,100.00"
2020-09-20,2020092002005002,LEC,44,32,10,270.00,"2,700.00"
2020-09-20,2020092002005001,LEC,44,25,30,270.00,"8,100.00"
2020-09-20,2020092002005000,LEC,44,52,20,270.00,"5,400.00"
2020-09-20,2020092002005011,LEC,44,57,10,270.00,"2,700.00"
2020-09-20,2020092002005010,LEC,44,3,20,270.00,"5,400.00"
2020-09-20,2020092002005009,LEC,44,49,10,270.00,"2,700.00"
2020-09-20,2020092002005008,LEC,44,25,40,270.00,"10,800.00"
2020-09-20,2020092002005007,LEC,44,36,30,270.00,"8,100.00"
2020-09-20,2020092002005006,LEC,44,36,40,270.00,"10,800.00"
2020-09-20,2020092002005017,LEC,44,56,10,270.00,"2,700.00"
2020-09-20,2020092002005016,LEC,44,53,10,270.00,"2,700.00"
2020-09-20,2020092002005015,LEC,44,42,10,270.00,"2,700.00"
2020-09-20,2020092002005014,LEC,44,57,30,270.00,"8,100.00"
2020-09-20,2020092002005013,LEC,44,34,20,270.00,"5,400.00"
2020-09-20,2020092002005012,LEC,44,29,10,270.00,"2,700.00"
2020-09-20,2020092002005023,LEC,44,29,10,270.00,"2,700.00"
2020-09-20,2020092002005022,LEC,44,10,20,270.00,"5,400.00"
2020-09-20,2020092002005021,LEC,44,29,10,270.00,"2,700.00"
2020-09-20,2020092002005020,LEC,44,45,20,270.00,"5,400.00"
2020-09-20,2020092002005019,LEC,44,38,10,270.00,"2,700.00"
2020-09-20,2020092002005018,LEC,44,35,20,270.00,"5,400.00"
2020-09-20,2020092002005029,LEC,54,42,10,270.00,"2,700.00"
2020-09-20,2020092002005028,LEC,44,42,20,270.00,"5,400.00"
2020-09-20,2020092002005027,LEC,44,14,10,270.00,"2,700.00"
2020-09-20,2020092002005026,LEC,44,38,10,270.00,"2,700.00"
2020-09-20,2020092002005025,LEC,44,40,20,270.00,"5,400.00"
2020-09-20,2020092002005024,LEC,44,50,30,270.00,"8,100.00"
2020-09-20,2020092002005035,LEC,29,57,10,270.00,"2,700.00"
2020-09-20,2020092002005034,LEC,45,42,10,270.00,"2,700.00"
2020-09-20,2020092002005033,LEC,45,50,10,270.00,"2,700.00"
2020-09-20,2020092002005032,LEC,45,4,20,270.00,"5,400.00"
2020-09-20,2020092002005031,LEC,46,37,30,270.00,"8,100.00"
2020-09-20,2020092002005030,LEC,52,14,10,270.00,"2,700.00"
2020-09-20,2020092002005041,LEC,38,28,10,270.00,"2,700.00"
2020-09-20,2020092002005040,LEC,38,14,30,270.00,"8,100.00"
2020-09-20,2020092002005039,LEC,38,57,10,270.00,"2,700.00"
2020-09-20,2020092002005038,LEC,52,57,20,270.00,"5,400.00"
2020-09-20,2020092002005037,LEC,51,57,10,270.00,"2,700.00"
2020-09-20,2020092002005036,LEC,29,52,20,270.00,"5,400.00"
2020-09-20,2020092002005047,LEC,53,59,10,270.00,"2,700.00"
2020-09-20,2020092002005046,LEC,53,56,20,270.00,"5,400.00"
2020-09-20,2020092002005045,LEC,53,36,10,270.00,"2,700.00"
2020-09-20,2020092002005044,LEC,53,38,10,270.00,"2,700.00"
2020-09-20,2020092002005043,LEC,53,29,10,270.00,"2,700.00"
2020-09-20,2020092002005042,LEC,53,57,20,270.00,"5,400.00"
2020-09-20,2020092002005053,LEC,53,49,10,270.00,"2,700.00"
2020-09-20,2020092002005052,LEC,53,22,40,270.00,"10,800.00"
2020-09-20,2020092002005051,LEC,53,53,10,270.00,"2,700.00"
2020-09-20,2020092002005050,LEC,53,55,40,270.00,"10,800.00"
2020-09-20,2020092002005049,LEC,53,34,10,270.00,"2,700.00"
2020-09-20,2020092002005048,LEC,53,35,10,270.00,"2,700.00"
2020-09-20,2020092002005059,LEC,53,40,10,270.00,"2,700.00"
2020-09-20,2020092002005058,LEC,53,29,10,270.00,"2,700.00"
2020-09-20,2020092002005057,LEC,53,41,10,270.00,"2,700.00"
2020-09-20,2020092002005056,LEC,53,5,30,270.00,"8,100.00"
2020-09-20,2020092002005055,LEC,53,33,20,270.00,"5,400.00"
2020-09-20,2020092002005054,LEC,53,29,10,270.00,"2,700.00"
2020-09-20,2020092002005065,LEC,17,41,20,270.00,"5,400.00"
2020-09-20,2020092002005064,LEC,17,29,10,270.00,"2,700.00"
2020-09-20,2020092002005063,LEC,17,51,10,270.00,"2,700.00"
2020-09-20,2020092002005062,LEC,17,52,30,270.00,"8,100.00"
2020-09-20,2020092002005061,LEC,17,46,10,270.00,"2,700.00"
2020-09-20,2020092002005060,LEC,53,41,10,270.00,"2,700.00"
2020-09-20,2020092002005071,LEC,17,49,10,270.00,"2,700.00"
2020-09-20,2020092002005070,LEC,17,25,10,270.00,"2,700.00"
2020-09-20,2020092002005069,LEC,17,21,40,270.00,"10,800.00"
2020-09-20,2020092002005068,LEC,17,33,30,270.00,"8,100.00"
2020-09-20,2020092002005067,LEC,17,51,10,270.00,"2,700.00"
2020-09-20,2020092002005066,LEC,17,34,10,270.00,"2,700.00"
2020-09-20,2020092002005077,LEC,51,50,30,270.00,"8,100.00"
2020-09-20,2020092002005076,LEC,51,38,20,270.00,"5,400.00"
2020-09-20,2020092002005075,LEC,51,38,10,270.00,"2,700.00"
2020-09-20,2020092002005074,LEC,51,39,30,270.00,"8,100.00"
2020-09-20,2020092002005073,LEC,51,34,10,270.00,"2,700.00"
2020-09-20,2020092002005072,LEC,17,34,10,270.00,"2,700.00"
2020-09-20,2020092002005083,LEC,51,11,20,270.00,"5,400.00"
2020-09-20,2020092002005082,LEC,51,26,30,270.00,"8,100.00"
2020-09-20,2020092002005081,LEC,51,42,10,270.00,"2,700.00"
2020-09-20,2020092002005080,LEC,51,34,10,270.00,"2,700.00"
2020-09-20,2020092002005079,LEC,51,39,30,270.00,"8,100.00"
2020-09-20,2020092002005078,LEC,51,19,40,270.00,"10,800.00"
2020-09-20,2020092002005089,LEC,51,29,20,270.00,"5,400.00"
2020-09-20,2020092002005088,LEC,51,55,20,270.00,"5,400.00"
2020-09-20,2020092002005087,LEC,51,29,10,270.00,"2,700.00"
2020-09-20,2020092002005086,LEC,51,42,20,270.00,"5,400.00"
2020-09-20,2020092002005085,LEC,51,25,10,270.00,"2,700.00"
2020-09-20,2020092002005084,LEC,51,42,40,270.00,"10,800.00"
2020-09-20,2020092002005095,LEC,51,22,10,270.00,"2,700.00"
2020-09-20,2020092002005094,LEC,51,16,10,270.00,"2,700.00"
2020-09-20,2020092002005093,LEC,51,42,10,270.00,"2,700.00"
2020-09-20,2020092002005092,LEC,51,52,20,270.00,"5,400.00"
2020-09-20,2020092002005091,LEC,51,42,20,270.00,"5,400.00"
2020-09-20,2020092002005090,LEC,51,6,40,270.00,"10,800.00"
2020-09-20,2020092002005101,LEC,51,25,10,270.00,"2,700.00"
2020-09-20,2020092002005100,LEC,51,54,20,270.00,"5,400.00"
2020-09-20,2020092002005099,LEC,51,45,10,270.00,"2,700.00"
2020-09-20,2020092002005098,LEC,51,57,10,270.00,"2,700.00"
2020-09-20,2020092002005097,LEC,51,56,10,270.00,"2,700.00"
2020-09-20,2020092002005096,LEC,51,38,10,270.00,"2,700.00"
2020-09-20,2020092002005107,LEC,10,21,20,270.00,"5,400.00"
2020-09-20,2020092002005106,LEC,34,42,10,270.00,"2,700.00"
2020-09-20,2020092002005105,LEC,34,34,30,270.00,"8,100.00"
2020-09-20,2020092002005104,LEC,34,29,20,270.00,"5,400.00"
2020-09-20,2020092002005103,LEC,51,17,40,270.00,"10,800.00"
2020-09-20,2020092002005102,LEC,51,55,20,270.00,"5,400.00"
2020-09-20,2020092002005113,LEC,10,34,10,270.00,"2,700.00"
2020-09-20,2020092002005112,LEC,10,41,10,270.00,"2,700.00"
2020-09-20,2020092002005111,LEC,10,57,10,270.00,"2,700.00"
2020-09-20,2020092002005110,LEC,10,29,10,270.00,"2,700.00"
2020-09-20,2020092002005109,LEC,10,1,20,270.00,"5,400.00"
2020-09-20,2020092002005108,LEC,10,55,20,270.00,"5,400.00"
2020-09-20,2020092002005119,LEC,51,29,10,270.00,"2,700.00"
2020-09-20,2020092002005118,LEC,51,10,10,270.00,"2,700.00"
2020-09-20,2020092002005117,LEC,51,50,10,270.00,"2,700.00"
2020-09-20,2020092002005116,LEC,34,50,10,270.00,"2,700.00"
2020-09-20,2020092002005115,LEC,34,50,20,270.00,"5,400.00"
2020-09-20,2020092002005114,LEC,34,34,20,270.00,"5,400.00"
2020-09-20,2020092002005125,LEC,51,45,10,270.00,"2,700.00"
2020-09-20,2020092002005124,LEC,51,14,20,270.00,"5,400.00"
2020-09-20,2020092002005123,LEC,51,1,40,270.00,"10,800.00"
2020-09-20,2020092002005122,LEC,51,48,10,270.00,"2,700.00"
2020-09-20,2020092002005121,LEC,51,14,10,270.00,"2,700.00"
2020-09-20,2020092002005120,LEC,51,51,10,270.00,"2,700.00"
2020-09-20,2020092002005131,LEC,1,42,10,270.00,"2,700.00"
2020-09-20,2020092002005130,LEC,51,55,10,270.00,"2,700.00"
2020-09-20,2020092002005129,LEC,51,55,10,270.00,"2,700.00"
2020-09-20,2020092002005128,LEC,51,35,40,270.00,"10,800.00"
2020-09-20,2020092002005127,LEC,51,42,10,270.00,"2,700.00"
2020-09-20,2020092002005126,LEC,51,20,10,270.00,"2,700.00"
2020-09-20,2020092002005137,LEC,44,59,10,270.00,"2,700.00"
2020-09-20,2020092002005136,LEC,44,41,10,270.00,"2,700.00"
2020-09-20,2020092002005135,LEC,44,29,10,270.00,"2,700.00"
2020-09-20,2020092002005134,LEC,44,44,40,270.00,"10,800.00"
2020-09-20,2020092002005133,LEC,44,1,40,270.00,"10,800.00"
2020-09-20,2020092002005132,LEC,44,42,10,270.00,"2,700.00"
2020-09-20,2020092002005143,LEC,44,34,20,270.00,"5,400.00"
2020-09-20,2020092002005142,LEC,44,50,40,270.00,"10,800.00"
2020-09-20,2020092002005141,LEC,44,50,20,270.00,"5,400.00"
2020-09-20,2020092002005140,LEC,44,34,10,270.00,"2,700.00"
2020-09-20,2020092002005139,LEC,44,20,30,270.00,"8,100.00"
2020-09-20,2020092002005138,LEC,44,44,40,270.00,"10,800.00"
2020-09-20,2020092002005149,LEC,44,51,10,270.00,"2,700.00"
2020-09-20,2020092002005148,LEC,44,51,20,270.00,"5,400.00"
2020-09-20,2020092002005147,LEC,44,48,10,270.00,"2,700.00"
2020-09-20,2020092002005146,LEC,44,35,20,270.00,"5,400.00"
2020-09-20,2020092002005145,LEC,44,42,40,270.00,"10,800.00"
2020-09-20,2020092002005144,LEC,44,13,10,270.00,"2,700.00"
2020-09-20,2020092002005155,LEC,44,52,10,270.00,"2,700.00"
2020-09-20,2020092002005154,LEC,44,21,20,270.00,"5,400.00"
2020-09-20,2020092002005153,LEC,44,34,10,270.00,"2,700.00"
2020-09-20,2020092002005152,LEC,44,16,20,270.00,"5,400.00"
2020-09-20,2020092002005151,LEC,44,29,10,270.00,"2,700.00"
2020-09-20,2020092002005150,LEC,44,56,20,270.00,"5,400.00"
2020-09-20,2020092002005161,LEC,36,1,20,270.00,"5,400.00"
2020-09-20,2020092002005160,LEC,51,1,10,270.00,"2,700.00"
2020-09-20,2020092002005159,LEC,51,14,10,270.00,"2,700.00"
2020-09-20,2020092002005158,LEC,51,51,20,270.00,"5,400.00"
2020-09-20,2020092002005157,LEC,53,55,20,270.00,"5,400.00"
2020-09-20,2020092002005156,LEC,44,29,20,270.00,"5,400.00"
2020-09-20,2020092002005167,LEC,51,50,20,270.00,"5,400.00"
2020-09-20,2020092002005166,LEC,51,16,10,270.00,"2,700.00"
2020-09-20,2020092002005165,LEC,51,20,20,270.00,"5,400.00"
2020-09-20,2020092002005164,LEC,51,35,20,270.00,"5,400.00"
2020-09-20,2020092002005163,LEC,51,35,10,270.00,"2,700.00"
2020-09-20,2020092002005162,LEC,51,1,10,270.00,"2,700.00"
2020-09-20,2020092003000083,SIC,40,26,100,945.00,"94,500.00"
2020-09-20,2020092003000080,SIC,44,40,80,946.00,"75,680.00"
2020-09-20,2020092003000079,SIC,44,54,100,945.00,"94,500.00"
2020-09-20,2020092003000078,SIC,44,35,20,940.00,"18,800.00"
2020-09-20,2020092003000076,SIC,56,35,20,940.00,"18,800.00"
2020-09-20,2020092003000075,SIC,57,35,10,940.00,"9,400.00"
2020-09-20,2020092003000004,SIC,25,51,100,985.00,"98,500.00"
2020-09-20,2020092003000003,SIC,49,47,200,983.00,"196,600.00"
2020-09-20,2020092003000024,SIC,44,21,37,951.00,"35,187.00"
2020-09-20,2020092003000022,SIC,44,33,700,951.00,"665,700.00"
2020-09-20,2020092003000017,SIC,16,33,30,950.00,"28,500.00"
2020-09-20,2020092003000016,SIC,33,33,70,950.00,"66,500.00"
2020-09-20,2020092003000007,SIC,33,50,30,950.00,"28,500.00"
2020-09-20,2020092003000005,SIC,25,59,50,966.00,"48,300.00"
2020-09-20,2020092003000030,SIC,49,59,230,950.00,"218,500.00"
2020-09-20,2020092003000029,SIC,51,59,100,950.00,"95,000.00"
2020-09-20,2020092003000028,SIC,57,59,40,950.00,"38,000.00"
2020-09-20,2020092003000027,SIC,16,59,20,950.00,"19,000.00"
2020-09-20,2020092003000026,SIC,44,59,"1,163",951.00,"1,106,010.00"
2020-09-20,2020092003000025,SIC,44,41,100,951.00,"95,100.00"
2020-09-20,2020092003000038,SIC,35,38,500,945.00,"472,500.00"
2020-09-20,2020092003000037,SIC,18,38,50,947.00,"47,350.00"
2020-09-20,2020092003000036,SIC,59,33,50,948.00,"47,400.00"
2020-09-20,2020092003000033,SIC,39,33,50,948.00,"47,400.00"
2020-09-20,2020092003000032,SIC,50,28,196,950.00,"186,200.00"
2020-09-20,2020092003000031,SIC,50,59,804,950.00,"763,800.00"
2020-09-20,2020092003000058,SIC,36,14,70,941.00,"65,870.00"
2020-09-20,2020092003000057,SIC,34,14,430,941.00,"404,630.00"
2020-09-20,2020092003000055,SIC,34,25,70,941.00,"65,870.00"
2020-09-20,2020092003000054,SIC,35,25,30,941.00,"28,230.00"
2020-09-20,2020092003000050,SIC,35,11,70,941.00,"65,870.00"
2020-09-20,2020092003000049,SIC,51,11,30,941.00,"28,230.00"
2020-09-20,2020092003000065,SIC,33,10,247,941.00,"232,427.00"
2020-09-20,2020092003000064,SIC,33,7,250,941.00,"235,250.00"
2020-09-20,2020092003000062,SIC,44,14,70,940.00,"65,800.00"
2020-09-20,2020092003000061,SIC,16,14,100,940.00,"94,000.00"
2020-09-20,2020092003000060,SIC,16,14,100,940.00,"94,000.00"
2020-09-20,2020092003000059,SIC,36,14,30,941.00,"28,230.00"
2020-09-20,2020092003000074,SIC,57,5,80,940.00,"75,200.00"
2020-09-20,2020092003000073,SIC,57,5,100,940.00,"94,000.00"
2020-09-20,2020092003000072,SIC,36,5,20,940.00,"18,800.00"
2020-09-20,2020092003000070,SIC,36,5,80,940.00,"75,200.00"
2020-09-20,2020092003000069,SIC,44,5,20,940.00,"18,800.00"
2020-09-20,2020092003000066,SIC,44,46,10,940.00,"9,400.00"
2020-09-20,2020092003000085,UFL,45,52,143,200.00,"28,600.00"
2020-09-20,2020092003000068,UFL,56,54,70,200.00,"14,000.00"
2020-09-20,2020092003000067,UFL,56,54,400,200.00,"80,000.00"
2020-09-20,2020092003000052,UFL,55,54,500,200.00,"100,000.00"
2020-09-20,2020092003000051,UFL,48,54,100,201.00,"20,100.00"
2020-09-20,2020092003000045,UFL,32,7,60,202.00,"12,120.00"
2020-09-20,2020092003000013,UFL,35,38,10,202.00,"2,020.00"
2020-09-20,2020092003000010,UFL,43,43,383,199.00,"76,217.00"
2020-09-20,2020092003000009,UFL,43,51,196,198.00,"38,808.00"
2020-09-20,2020092003000034,UFL,45,32,100,204.00,"20,400.00"
2020-09-20,2020092003000023,UFL,34,54,"1,000",204.00,"204,000.00"
2020-09-20,2020092003000020,UFL,34,50,100,205.00,"20,500.00"
2020-09-20,2020092003000019,UFL,34,44,"2,060",205.00,"422,300.00"
2020-09-20,2020092003000015,UFL,8,28,"1,000",202.00,"202,000.00"
2020-09-20,2020092003000014,UFL,8,38,264,202.00,"53,328.00"
2020-09-20,2020092003000044,UFL,32,59,440,202.00,"88,880.00"
2020-09-20,2020092003000043,UFL,42,59,60,202.00,"12,120.00"
2020-09-20,2020092003000042,UFL,53,46,41,204.00,"8,364.00"
2020-09-20,2020092003000041,UFL,53,1,300,204.00,"61,200.00"
2020-09-20,2020092003000040,UFL,53,51,33,204.00,"6,732.00"
2020-09-20,2020092003000039,UFL,53,32,126,204.00,"25,704.00"
2020-09-20,2020092003000084,USLB,52,38,22,"1,133.00","24,926.00"
2020-09-20,2020092003000082,USLB,45,26,10,"1,132.00","11,320.00"
2020-09-20,2020092003000081,USLB,4,44,10,"1,133.00","11,330.00"
2020-09-20,2020092003000077,USLB,45,7,12,"1,132.00","13,584.00"
2020-09-20,2020092003000071,USLB,57,7,10,"1,134.00","11,340.00"
2020-09-20,2020092003000063,USLB,57,56,17,"1,134.00","19,278.00"
2020-09-20,2020092003000002,USLB,22,44,5,"1,092.00","5,460.00"
2020-09-20,2020092003000001,USLB,58,44,15,"1,092.00","16,380.00"
2020-09-20,2020092003000021,USLB,33,5,19,"1,131.00","21,489.00"
2020-09-20,2020092003000018,USLB,51,39,19,"1,130.00","21,470.00"
2020-09-20,2020092003000012,USLB,19,34,19,"1,120.00","21,280.00"
2020-09-20,2020092003000011,USLB,19,40,22,"1,120.00","24,640.00"
2020-09-20,2020092003000008,USLB,13,41,10,"1,120.00","11,200.00"
2020-09-20,2020092003000006,USLB,13,58,10,"1,113.00","11,130.00"
2020-09-20,2020092003000056,USLB,45,58,22,"1,134.00","24,948.00"
2020-09-20,2020092003000053,USLB,57,52,22,"1,135.00","24,970.00"
2020-09-20,2020092003000048,USLB,45,32,22,"1,134.00","24,948.00"
2020-09-20,2020092003000047,USLB,1,36,22,"1,135.00","24,970.00"
2020-09-20,2020092003000046,USLB,1,7,22,"1,135.00","24,970.00"
2020-09-20,2020092003000035,USLB,20,35,44,"1,135.00","49,940.00"
2020-09-20,2020092002004758,LEC,55,19,10,286.00,"2,860.00"
2020-09-20,2020092002004757,LEC,55,49,40,286.00,"11,440.00"
2020-09-20,2020092002004756,LEC,55,57,10,286.00,"2,860.00"
2020-09-20,2020092002004755,LEC,55,49,10,286.00,"2,860.00"
2020-09-20,2020092002004754,LEC,55,38,10,286.00,"2,860.00"
2020-09-20,2020092002004753,LEC,55,59,10,286.00,"2,860.00"
2020-09-20,2020092002004260,LEC,22,29,20,300.00,"6,000.00"
2020-09-20,2020092002004259,LEC,22,53,10,300.00,"3,000.00"
2020-09-20,2020092002004266,LEC,22,35,20,300.00,"6,000.00"
2020-09-20,2020092002004265,LEC,22,57,20,300.00,"6,000.00"
2020-09-20,2020092002004264,LEC,22,20,40,300.00,"12,000.00"
2020-09-20,2020092002004263,LEC,22,46,10,300.00,"3,000.00"
2020-09-20,2020092002004262,LEC,22,16,10,300.00,"3,000.00"
2020-09-20,2020092002004261,LEC,22,59,20,300.00,"6,000.00"
2020-09-20,2020092002004272,LEC,22,10,10,300.00,"3,000.00"
2020-09-20,2020092002004271,LEC,22,55,30,300.00,"9,000.00"
2020-09-20,2020092002004270,LEC,22,26,40,300.00,"12,000.00"
2020-09-20,2020092002004269,LEC,22,51,40,300.00,"12,000.00"
2020-09-20,2020092002004268,LEC,22,1,10,300.00,"3,000.00"
2020-09-20,2020092002004267,LEC,22,26,30,300.00,"9,000.00"
2020-09-20,2020092002004278,LEC,22,52,30,300.00,"9,000.00"
2020-09-20,2020092002004277,LEC,22,47,10,300.00,"3,000.00"
2020-09-20,2020092002004276,LEC,22,4,40,300.00,"12,000.00"
2020-09-20,2020092002004275,LEC,22,38,10,300.00,"3,000.00"
2020-09-20,2020092002004274,LEC,22,50,30,300.00,"9,000.00"
2020-09-20,2020092002004273,LEC,22,49,30,300.00,"9,000.00"
2020-09-20,2020092002004284,LEC,22,48,40,300.00,"12,000.00"
2020-09-20,2020092002004283,LEC,22,59,20,300.00,"6,000.00"
2020-09-20,2020092002004282,LEC,22,10,10,300.00,"3,000.00"
2020-09-20,2020092002004281,LEC,22,48,10,300.00,"3,000.00"
2020-09-20,2020092002004280,LEC,22,41,30,300.00,"9,000.00"
2020-09-20,2020092002004279,LEC,22,52,20,300.00,"6,000.00"
2020-09-20,2020092002004290,LEC,7,16,10,300.00,"3,000.00"
2020-09-20,2020092002004289,LEC,7,32,10,300.00,"3,000.00"
2020-09-20,2020092002004288,LEC,58,32,20,300.00,"6,000.00"
2020-09-20,2020092002004287,LEC,58,42,10,300.00,"3,000.00"
2020-09-20,2020092002004286,LEC,58,41,10,300.00,"3,000.00"
2020-09-20,2020092002004285,LEC,58,49,30,300.00,"9,000.00"
2020-09-20,2020092002004296,LEC,7,58,20,300.00,"6,000.00"
2020-09-20,2020092002004295,LEC,7,17,20,300.00,"6,000.00"
2020-09-20,2020092002004294,LEC,7,3,30,300.00,"9,000.00"
2020-09-20,2020092002004293,LEC,7,52,20,300.00,"6,000.00"
2020-09-20,2020092002004292,LEC,7,50,10,300.00,"3,000.00"
2020-09-20,2020092002004291,LEC,7,20,10,300.00,"3,000.00"
2020-09-20,2020092002004302,LEC,25,29,10,300.00,"3,000.00"
2020-09-20,2020092002004301,LEC,45,46,10,300.00,"3,000.00"
2020-09-20,2020092002004300,LEC,45,41,40,300.00,"12,000.00"
2020-09-20,2020092002004299,LEC,7,55,20,300.00,"6,000.00"
2020-09-20,2020092002004298,LEC,7,48,40,300.00,"12,000.00"
2020-09-20,2020092002004297,LEC,7,1,10,300.00,"3,000.00"
2020-09-20,2020092002004308,LEC,34,57,10,300.00,"3,000.00"
2020-09-20,2020092002004307,LEC,34,34,20,300.00,"6,000.00"
2020-09-20,2020092002004306,LEC,26,34,20,300.00,"6,000.00"
2020-09-20,2020092002004305,LEC,26,45,40,300.00,"12,000.00"
2020-09-20,2020092002004304,LEC,26,36,20,300.00,"6,000.00"
2020-09-20,2020092002004303,LEC,26,29,20,300.00,"6,000.00"
2020-09-20,2020092002004314,LEC,56,45,10,300.00,"3,000.00"
2020-09-20,2020092002004313,LEC,56,47,10,300.00,"3,000.00"
2020-09-20,2020092002004312,LEC,56,20,40,300.00,"12,000.00"
2020-09-20,2020092002004311,LEC,56,57,10,300.00,"3,000.00"
2020-09-20,2020092002004310,LEC,34,57,30,300.00,"9,000.00"
2020-09-20,2020092002004309,LEC,34,13,40,300.00,"12,000.00"
2020-09-20,2020092002004320,LEC,38,57,30,300.00,"9,000.00"
2020-09-20,2020092002004319,LEC,38,42,10,300.00,"3,000.00"
2020-09-20,2020092002004318,LEC,25,42,10,300.00,"3,000.00"
2020-09-20,2020092002004317,LEC,25,49,10,300.00,"3,000.00"
2020-09-20,2020092002004316,LEC,56,49,20,300.00,"6,000.00"
2020-09-20,2020092002004315,LEC,56,16,10,300.00,"3,000.00"
2020-09-20,2020092002004326,LEC,34,51,20,300.00,"6,000.00"
2020-09-20,2020092002004325,LEC,35,51,10,300.00,"3,000.00"
2020-09-20,2020092002004324,LEC,42,51,10,300.00,"3,000.00"
2020-09-20,2020092002004323,LEC,38,11,20,300.00,"6,000.00"
2020-09-20,2020092002004322,LEC,38,49,30,300.00,"9,000.00"
2020-09-20,2020092002004321,LEC,38,38,10,300.00,"3,000.00"
2020-09-20,2020092002004332,LEC,32,10,10,300.00,"3,000.00"
2020-09-20,2020092002004331,LEC,34,22,20,300.00,"6,000.00"
2020-09-20,2020092002004330,LEC,34,48,20,300.00,"6,000.00"
2020-09-20,2020092002004329,LEC,34,18,10,300.00,"3,000.00"
2020-09-20,2020092002004328,LEC,34,1,20,300.00,"6,000.00"
2020-09-20,2020092002004327,LEC,34,38,10,300.00,"3,000.00"
2020-09-20,2020092002004338,LEC,51,16,10,300.00,"3,000.00"
2020-09-20,2020092002004337,LEC,51,39,20,300.00,"6,000.00"
2020-09-20,2020092002004336,LEC,34,39,20,300.00,"6,000.00"
2020-09-20,2020092002004335,LEC,35,44,10,300.00,"3,000.00"
2020-09-20,2020092002004334,LEC,32,57,20,300.00,"6,000.00"
2020-09-20,2020092002004333,LEC,32,17,20,300.00,"6,000.00"
2020-09-20,2020092002004344,LEC,51,54,20,300.00,"6,000.00"
2020-09-20,2020092002004343,LEC,51,50,10,300.00,"3,000.00"
2020-09-20,2020092002004342,LEC,51,1,10,300.00,"3,000.00"
2020-09-20,2020092002004341,LEC,51,29,10,300.00,"3,000.00"
2020-09-20,2020092002004340,LEC,51,21,10,300.00,"3,000.00"
2020-09-20,2020092002004339,LEC,51,1,10,300.00,"3,000.00"
2020-09-20,2020092002004350,LEC,51,47,10,300.00,"3,000.00"
2020-09-20,2020092002004349,LEC,51,38,30,300.00,"9,000.00"
2020-09-20,2020092002004348,LEC,51,33,10,300.00,"3,000.00"
2020-09-20,2020092002004347,LEC,51,50,20,300.00,"6,000.00"
2020-09-20,2020092002004346,LEC,51,52,10,300.00,"3,000.00"
2020-09-20,2020092002004345,LEC,51,45,20,300.00,"6,000.00"
2020-09-20,2020092002004356,LEC,51,59,10,300.00,"3,000.00"
2020-09-20,2020092002004355,LEC,51,17,10,300.00,"3,000.00"
2020-09-20,2020092002004354,LEC,51,6,30,300.00,"9,000.00"
2020-09-20,2020092002004353,LEC,51,47,10,300.00,"3,000.00"
2020-09-20,2020092002004352,LEC,51,6,40,300.00,"12,000.00"
2020-09-20,2020092002004351,LEC,51,44,40,300.00,"12,000.00"
2020-09-20,2020092002004362,LEC,51,4,10,300.00,"3,000.00"
2020-09-20,2020092002004361,LEC,51,45,10,300.00,"3,000.00"
2020-09-20,2020092002004360,LEC,51,16,10,300.00,"3,000.00"
2020-09-20,2020092002004359,LEC,51,46,20,300.00,"6,000.00"
2020-09-20,2020092002004358,LEC,51,22,20,300.00,"6,000.00"
2020-09-20,2020092002004357,LEC,51,40,10,300.00,"3,000.00"
2020-09-20,2020092002004368,LEC,51,52,20,300.00,"6,000.00"
2020-09-20,2020092002004367,LEC,51,21,20,300.00,"6,000.00"
2020-09-20,2020092002004366,LEC,51,4,40,300.00,"12,000.00"
2020-09-20,2020092002004365,LEC,51,25,10,300.00,"3,000.00"
2020-09-20,2020092002004364,LEC,51,14,20,300.00,"6,000.00"
2020-09-20,2020092002004363,LEC,51,47,10,300.00,"3,000.00"
2020-09-20,2020092002004374,LEC,45,34,40,300.00,"12,000.00"
2020-09-20,2020092002004373,LEC,45,16,10,300.00,"3,000.00"
2020-09-20,2020092002004372,LEC,51,57,20,300.00,"6,000.00"
2020-09-20,2020092002004371,LEC,51,14,10,300.00,"3,000.00"
2020-09-20,2020092002004370,LEC,51,45,20,300.00,"6,000.00"
2020-09-20,2020092002004369,LEC,51,38,10,300.00,"3,000.00"
2020-09-20,2020092002004380,LEC,34,58,10,300.00,"3,000.00"
2020-09-20,2020092002004379,LEC,34,44,10,300.00,"3,000.00"
2020-09-20,2020092002004378,LEC,36,44,30,300.00,"9,000.00"
2020-09-20,2020092002004377,LEC,36,55,20,300.00,"6,000.00"
2020-09-20,2020092002004376,LEC,34,59,20,300.00,"6,000.00"
2020-09-20,2020092002004375,LEC,34,48,10,300.00,"3,000.00"
2020-09-20,2020092002004386,LEC,47,48,10,300.00,"3,000.00"
2020-09-20,2020092002004385,LEC,47,59,10,300.00,"3,000.00"
2020-09-20,2020092002004384,LEC,47,51,20,300.00,"6,000.00"
2020-09-20,2020092002004383,LEC,47,36,20,300.00,"6,000.00"
2020-09-20,2020092002004382,LEC,47,36,10,300.00,"3,000.00"
2020-09-20,2020092002004381,LEC,34,32,30,300.00,"9,000.00"
2020-09-20,2020092002004392,LEC,47,40,40,300.00,"12,000.00"
2020-09-20,2020092002004391,LEC,47,1,10,300.00,"3,000.00"
2020-09-20,2020092002004390,LEC,47,41,30,300.00,"9,000.00"
2020-09-20,2020092002004389,LEC,47,55,10,300.00,"3,000.00"
2020-09-20,2020092002004388,LEC,47,53,10,300.00,"3,000.00"
2020-09-20,2020092002004387,LEC,47,21,30,300.00,"9,000.00"
2020-09-20,2020092002004398,LEC,10,26,20,300.00,"6,000.00"
2020-09-20,2020092002004397,LEC,42,26,10,300.00,"3,000.00"
2020-09-20,2020092002004396,LEC,47,39,40,300.00,"12,000.00"
2020-09-20,2020092002004395,LEC,47,16,20,300.00,"6,000.00"
2020-09-20,2020092002004394,LEC,47,42,40,300.00,"12,000.00"
2020-09-20,2020092002004393,LEC,47,17,10,300.00,"3,000.00"
2020-09-20,2020092002004404,LEC,25,47,10,300.00,"3,000.00"
2020-09-20,2020092002004403,LEC,25,47,10,300.00,"3,000.00"
2020-09-20,2020092002004402,LEC,25,8,10,300.00,"3,000.00"
2020-09-20,2020092002004401,LEC,10,45,10,300.00,"3,000.00"
2020-09-20,2020092002004400,LEC,10,1,10,300.00,"3,000.00"
2020-09-20,2020092002004399,LEC,10,16,10,300.00,"3,000.00"
2020-09-20,2020092002004410,LEC,25,45,30,300.00,"9,000.00"
2020-09-20,2020092002004409,LEC,25,45,20,300.00,"6,000.00"
2020-09-20,2020092002004408,LEC,25,17,30,300.00,"9,000.00"
2020-09-20,2020092002004407,LEC,25,59,10,300.00,"3,000.00"
2020-09-20,2020092002004406,LEC,25,59,10,300.00,"3,000.00"
2020-09-20,2020092002004405,LEC,25,43,10,300.00,"3,000.00"
2020-09-20,2020092002004416,LEC,38,41,10,301.00,"3,010.00"
2020-09-20,2020092002004415,LEC,38,5,40,301.00,"12,040.00"
2020-09-20,2020092002004414,LEC,38,36,10,301.00,"3,010.00"
2020-09-20,2020092002004413,LEC,38,56,20,301.00,"6,020.00"
2020-09-20,2020092002004412,LEC,38,19,10,301.00,"3,010.00"
2020-09-20,2020092002004411,LEC,38,57,10,301.00,"3,010.00"
2020-09-20,2020092002004422,LEC,38,41,10,301.00,"3,010.00"
2020-09-20,2020092002004421,LEC,38,38,10,301.00,"3,010.00"
2020-09-20,2020092002004420,LEC,38,51,10,301.00,"3,010.00"
2020-09-20,2020092002004419,LEC,42,51,20,302.00,"6,040.00"
2020-09-20,2020092002004418,LEC,42,56,10,302.00,"3,020.00"
2020-09-20,2020092002004417,LEC,38,35,30,301.00,"9,030.00"
2020-09-20,2020092002004428,LEC,38,14,20,301.00,"6,020.00"
2020-09-20,2020092002004427,LEC,38,16,10,301.00,"3,010.00"
2020-09-20,2020092002004426,LEC,38,45,10,301.00,"3,010.00"
2020-09-20,2020092002004425,LEC,38,51,30,301.00,"9,030.00"
2020-09-20,2020092002004424,LEC,38,29,30,301.00,"9,030.00"
2020-09-20,2020092002004423,LEC,38,54,40,301.00,"12,040.00"
2020-09-20,2020092002004434,LEC,25,35,30,300.00,"9,000.00"
2020-09-20,2020092002004433,LEC,25,34,20,300.00,"6,000.00"
2020-09-20,2020092002004432,LEC,25,59,10,300.00,"3,000.00"
2020-09-20,2020092002004431,LEC,25,22,10,300.00,"3,000.00"
2020-09-20,2020092002004430,LEC,25,1,10,300.00,"3,000.00"
2020-09-20,2020092002004429,LEC,25,6,10,300.00,"3,000.00"
2020-09-20,2020092002004440,LEC,25,47,10,300.00,"3,000.00"
2020-09-20,2020092002004439,LEC,25,4,40,300.00,"12,000.00"
2020-09-20,2020092002004438,LEC,25,36,10,300.00,"3,000.00"
2020-09-20,2020092002004437,LEC,25,47,10,300.00,"3,000.00"
2020-09-20,2020092002004436,LEC,25,55,20,300.00,"6,000.00"
2020-09-20,2020092002004435,LEC,25,46,10,300.00,"3,000.00"
2020-09-20,2020092002004446,LEC,25,54,10,300.00,"3,000.00"
2020-09-20,2020092002004445,LEC,25,48,20,300.00,"6,000.00"
2020-09-20,2020092002004444,LEC,25,50,40,300.00,"12,000.00"
2020-09-20,2020092002004443,LEC,25,32,10,300.00,"3,000.00"
2020-09-20,2020092002004442,LEC,25,38,10,300.00,"3,000.00"
2020-09-20,2020092002004441,LEC,25,57,10,300.00,"3,000.00"
2020-09-20,2020092002004452,LEC,25,13,40,300.00,"12,000.00"
2020-09-20,2020092002004451,LEC,25,45,30,300.00,"9,000.00"
2020-09-20,2020092002004450,LEC,25,26,30,300.00,"9,000.00"
2020-09-20,2020092002004449,LEC,25,3,10,300.00,"3,000.00"
2020-09-20,2020092002004448,LEC,25,10,20,300.00,"6,000.00"
2020-09-20,2020092002004447,LEC,25,18,10,300.00,"3,000.00"
2020-09-20,2020092002004458,LEC,34,43,10,301.00,"3,010.00"
2020-09-20,2020092002004457,LEC,34,46,10,301.00,"3,010.00"
2020-09-20,2020092002004456,LEC,34,40,20,301.00,"6,020.00"
2020-09-20,2020092002004455,LEC,25,57,20,300.00,"6,000.00"
2020-09-20,2020092002004454,LEC,25,45,20,300.00,"6,000.00"
2020-09-20,2020092002004453,LEC,25,39,30,300.00,"9,000.00"
2020-09-20,2020092002004464,LEC,34,20,10,302.00,"3,020.00"
2020-09-20,2020092002004463,LEC,34,40,20,302.00,"6,040.00"
2020-09-20,2020092002004462,LEC,34,10,10,302.00,"3,020.00"
2020-09-20,2020092002004461,LEC,34,6,10,302.00,"3,020.00"
2020-09-20,2020092002004460,LEC,34,34,10,302.00,"3,020.00"
2020-09-20,2020092002004459,LEC,34,38,10,301.00,"3,010.00"
2020-09-20,2020092002004470,LEC,34,21,20,302.00,"6,040.00"
2020-09-20,2020092002004469,LEC,34,21,30,302.00,"9,060.00"
2020-09-20,2020092002004468,LEC,34,48,40,302.00,"12,080.00"
2020-09-20,2020092002004467,LEC,34,14,20,302.00,"6,040.00"
2020-09-20,2020092002004466,LEC,34,47,10,302.00,"3,020.00"
2020-09-20,2020092002004465,LEC,34,3,30,302.00,"9,060.00"
2020-09-20,2020092002004476,LEC,34,43,10,302.00,"3,020.00"
2020-09-20,2020092002004475,LEC,34,28,30,302.00,"9,060.00"
2020-09-20,2020092002004474,LEC,34,55,20,302.00,"6,040.00"
2020-09-20,2020092002004473,LEC,34,6,10,302.00,"3,020.00"
2020-09-20,2020092002004472,LEC,34,57,10,302.00,"3,020.00"
2020-09-20,2020092002004471,LEC,34,43,10,302.00,"3,020.00"
2020-09-20,2020092002004482,LEC,34,58,10,302.00,"3,020.00"
2020-09-20,2020092002004481,LEC,34,36,30,302.00,"9,060.00"
2020-09-20,2020092002004480,LEC,34,36,10,302.00,"3,020.00"
2020-09-20,2020092002004479,LEC,34,51,30,302.00,"9,060.00"
2020-09-20,2020092002004478,LEC,34,51,30,302.00,"9,060.00"
2020-09-20,2020092002004477,LEC,34,10,10,302.00,"3,020.00"
2020-09-20,2020092002004488,LEC,34,52,10,302.00,"3,020.00"
2020-09-20,2020092002004487,LEC,34,55,10,302.00,"3,020.00"
2020-09-20,2020092002004486,LEC,34,58,30,302.00,"9,060.00"
2020-09-20,2020092002004485,LEC,34,10,40,302.00,"12,080.00"
2020-09-20,2020092002004484,LEC,34,49,20,302.00,"6,040.00"
2020-09-20,2020092002004483,LEC,34,38,30,302.00,"9,060.00"
2020-09-20,2020092002004494,LEC,34,55,40,302.00,"12,080.00"
2020-09-20,2020092002004493,LEC,34,35,40,302.00,"12,080.00"
2020-09-20,2020092002004492,LEC,34,26,30,302.00,"9,060.00"
2020-09-20,2020092002004491,LEC,34,47,10,302.00,"3,020.00"
2020-09-20,2020092002004490,LEC,34,14,20,302.00,"6,040.00"
2020-09-20,2020092002004489,LEC,34,32,30,302.00,"9,060.00"
2020-09-20,2020092002004500,LEC,34,42,20,302.00,"6,040.00"
2020-09-20,2020092002004499,LEC,34,49,30,302.00,"9,060.00"
2020-09-20,2020092002004498,LEC,34,48,20,302.00,"6,040.00"
2020-09-20,2020092002004497,LEC,34,45,30,302.00,"9,060.00"
2020-09-20,2020092002004496,LEC,34,41,20,302.00,"6,040.00"
2020-09-20,2020092002004495,LEC,34,1,20,302.00,"6,040.00"
2020-09-20,2020092002004506,LEC,25,57,10,300.00,"3,000.00"
2020-09-20,2020092002004505,LEC,25,34,10,300.00,"3,000.00"
2020-09-20,2020092002004504,LEC,34,19,40,302.00,"12,080.00"
2020-09-20,2020092002004503,LEC,34,59,10,302.00,"3,020.00"
2020-09-20,2020092002004502,LEC,34,10,20,302.00,"6,040.00"
2020-09-20,2020092002004501,LEC,34,48,10,302.00,"3,020.00"
2020-09-20,2020092002004512,LEC,25,26,30,300.00,"9,000.00"
2020-09-20,2020092002004511,LEC,25,42,30,300.00,"9,000.00"
2020-09-20,2020092002004510,LEC,25,19,20,300.00,"6,000.00"
2020-09-20,2020092002004509,LEC,25,47,10,300.00,"3,000.00"
2020-09-20,2020092002004508,LEC,25,51,20,300.00,"6,000.00"
2020-09-20,2020092002004507,LEC,25,36,20,300.00,"6,000.00"
2020-09-20,2020092002004518,LEC,25,37,20,300.00,"6,000.00"
2020-09-20,2020092002004517,LEC,25,13,10,300.00,"3,000.00"
2020-09-20,2020092002004516,LEC,25,21,20,300.00,"6,000.00"
2020-09-20,2020092002004515,LEC,25,18,10,300.00,"3,000.00"
2020-09-20,2020092002004514,LEC,25,17,20,300.00,"6,000.00"
2020-09-20,2020092002004513,LEC,25,38,20,300.00,"6,000.00"
2020-09-20,2020092002004524,LEC,52,17,30,300.00,"9,000.00"
2020-09-20,2020092002004523,LEC,25,17,10,300.00,"3,000.00"
2020-09-20,2020092002004522,LEC,25,45,20,300.00,"6,000.00"
2020-09-20,2020092002004521,LEC,25,45,30,300.00,"9,000.00"
2020-09-20,2020092002004520,LEC,25,16,10,300.00,"3,000.00"
2020-09-20,2020092002004519,LEC,25,54,40,300.00,"12,000.00"
2020-09-20,2020092002004530,LEC,46,45,10,300.00,"3,000.00"
2020-09-20,2020092002004529,LEC,46,45,20,300.00,"6,000.00"
2020-09-20,2020092002004528,LEC,25,45,10,300.00,"3,000.00"
2020-09-20,2020092002004527,LEC,34,19,10,300.00,"3,000.00"
2020-09-20,2020092002004526,LEC,42,19,10,300.00,"3,000.00"
2020-09-20,2020092002004525,LEC,52,19,20,300.00,"6,000.00"
2020-09-20,2020092002004536,LEC,52,35,30,300.00,"9,000.00"
2020-09-20,2020092002004535,LEC,52,47,10,300.00,"3,000.00"
2020-09-20,2020092002004534,LEC,52,52,30,300.00,"9,000.00"
2020-09-20,2020092002004533,LEC,52,49,10,300.00,"3,000.00"
2020-09-20,2020092002004532,LEC,46,38,10,300.00,"3,000.00"
2020-09-20,2020092002004531,LEC,46,19,20,300.00,"6,000.00"
2020-09-20,2020092002004542,LEC,34,56,20,301.00,"6,020.00"
2020-09-20,2020092002004541,LEC,34,53,30,301.00,"9,030.00"
2020-09-20,2020092002004540,LEC,34,29,10,301.00,"3,010.00"
2020-09-20,2020092002004539,LEC,38,35,10,300.00,"3,000.00"
2020-09-20,2020092002004538,LEC,52,48,10,300.00,"3,000.00"
2020-09-20,2020092002004537,LEC,52,38,10,300.00,"3,000.00"
2020-09-20,2020092002004548,LEC,34,18,30,301.00,"9,030.00"
2020-09-20,2020092002004547,LEC,34,44,10,301.00,"3,010.00"
2020-09-20,2020092002004546,LEC,34,22,20,301.00,"6,020.00"
2020-09-20,2020092002004545,LEC,34,37,40,301.00,"12,040.00"
2020-09-20,2020092002004544,LEC,34,53,30,301.00,"9,030.00"
2020-09-20,2020092002004543,LEC,34,41,10,301.00,"3,010.00"
2020-09-20,2020092002004554,LEC,38,43,20,300.00,"6,000.00"
2020-09-20,2020092002004553,LEC,38,42,20,300.00,"6,000.00"
2020-09-20,2020092002004552,LEC,38,25,10,300.00,"3,000.00"
2020-09-20,2020092002004551,LEC,38,55,30,300.00,"9,000.00"
2020-09-20,2020092002004550,LEC,38,53,30,300.00,"9,000.00"
2020-09-20,2020092002004549,LEC,38,34,10,300.00,"3,000.00"
2020-09-20,2020092002004560,LEC,34,38,40,296.00,"11,840.00"
2020-09-20,2020092002004559,LEC,34,16,10,296.00,"2,960.00"
2020-09-20,2020092002004558,LEC,39,16,30,295.00,"8,850.00"
2020-09-20,2020092002004557,LEC,34,19,10,296.00,"2,960.00"
2020-09-20,2020092002004556,LEC,38,34,20,300.00,"6,000.00"
2020-09-20,2020092002004555,LEC,38,45,10,300.00,"3,000.00"
2020-09-20,2020092002004566,LEC,35,41,20,300.00,"6,000.00"
2020-09-20,2020092002004565,LEC,35,51,10,300.00,"3,000.00"
2020-09-20,2020092002004564,LEC,35,26,30,300.00,"9,000.00"
2020-09-20,2020092002004563,LEC,35,43,10,300.00,"3,000.00"
2020-09-20,2020092002004562,LEC,35,45,30,300.00,"9,000.00"
2020-09-20,2020092002004561,LEC,35,34,20,300.00,"6,000.00"
2020-09-20,2020092002004572,LEC,34,34,20,296.00,"5,920.00"
2020-09-20,2020092002004571,LEC,35,44,30,300.00,"9,000.00"
2020-09-20,2020092002004570,LEC,35,48,10,300.00,"3,000.00"
2020-09-20,2020092002004569,LEC,35,41,10,300.00,"3,000.00"
2020-09-20,2020092002004568,LEC,35,47,10,300.00,"3,000.00"
2020-09-20,2020092002004567,LEC,35,16,20,300.00,"6,000.00"
2020-09-20,2020092002004578,LEC,22,43,40,300.00,"12,000.00"
2020-09-20,2020092002004577,LEC,22,45,20,300.00,"6,000.00"
2020-09-20,2020092002004576,LEC,22,34,10,300.00,"3,000.00"
2020-09-20,2020092002004575,LEC,22,44,10,300.00,"3,000.00"
2020-09-20,2020092002004574,LEC,34,43,10,296.00,"2,960.00"
2020-09-20,2020092002004573,LEC,34,21,20,296.00,"5,920.00"
2020-09-20,2020092002004584,LEC,22,45,30,300.00,"9,000.00"
2020-09-20,2020092002004583,LEC,22,25,20,300.00,"6,000.00"
2020-09-20,2020092002004582,LEC,22,44,20,300.00,"6,000.00"
2020-09-20,2020092002004581,LEC,22,19,30,300.00,"9,000.00"
2020-09-20,2020092002004580,LEC,22,35,10,300.00,"3,000.00"
2020-09-20,2020092002004579,LEC,22,22,10,300.00,"3,000.00"
2020-09-20,2020092002004590,LEC,34,52,20,296.00,"5,920.00"
2020-09-20,2020092002004589,LEC,34,19,40,296.00,"11,840.00"
2020-09-20,2020092002004588,LEC,34,42,10,296.00,"2,960.00"
2020-09-20,2020092002004587,LEC,34,43,10,296.00,"2,960.00"
2020-09-20,2020092002004586,LEC,34,45,30,296.00,"8,880.00"
2020-09-20,2020092002004585,LEC,34,47,10,296.00,"2,960.00"
2020-09-20,2020092002004596,LEC,34,46,10,296.00,"2,960.00"
2020-09-20,2020092002004595,LEC,34,34,10,296.00,"2,960.00"
2020-09-20,2020092002004594,LEC,34,51,10,296.00,"2,960.00"
2020-09-20,2020092002004593,LEC,34,56,10,296.00,"2,960.00"
2020-09-20,2020092002004592,LEC,34,26,30,296.00,"8,880.00"
2020-09-20,2020092002004591,LEC,34,52,10,296.00,"2,960.00"
2020-09-20,2020092002004602,LEC,34,47,10,296.00,"2,960.00"
2020-09-20,2020092002004601,LEC,34,50,30,296.00,"8,880.00"
2020-09-20,2020092002004600,LEC,34,36,20,296.00,"5,920.00"
2020-09-20,2020092002004599,LEC,34,51,10,296.00,"2,960.00"
2020-09-20,2020092002004598,LEC,34,32,30,296.00,"8,880.00"
2020-09-20,2020092002004597,LEC,34,37,20,296.00,"5,920.00"
2020-09-20,2020092002004608,LEC,34,45,20,296.00,"5,920.00"
2020-09-20,2020092002004607,LEC,34,38,10,296.00,"2,960.00"
2020-09-20,2020092002004606,LEC,34,34,20,296.00,"5,920.00"
2020-09-20,2020092002004605,LEC,34,52,10,296.00,"2,960.00"
2020-09-20,2020092002004604,LEC,34,47,10,296.00,"2,960.00"
2020-09-20,2020092002004603,LEC,34,13,10,296.00,"2,960.00"
2020-09-20,2020092002004614,LEC,39,6,30,295.00,"8,850.00"
2020-09-20,2020092002004613,LEC,39,19,10,295.00,"2,950.00"
2020-09-20,2020092002004612,LEC,39,54,10,295.00,"2,950.00"
2020-09-20,2020092002004611,LEC,39,45,20,295.00,"5,900.00"
2020-09-20,2020092002004610,LEC,39,29,10,295.00,"2,950.00"
2020-09-20,2020092002004609,LEC,34,45,10,296.00,"2,960.00"
2020-09-20,2020092002004620,LEC,39,49,10,295.00,"2,950.00"
2020-09-20,2020092002004619,LEC,39,38,40,295.00,"11,800.00"
2020-09-20,2020092002004618,LEC,39,39,10,295.00,"2,950.00"
2020-09-20,2020092002004617,LEC,39,25,10,295.00,"2,950.00"
2020-09-20,2020092002004616,LEC,39,51,10,295.00,"2,950.00"
2020-09-20,2020092002004615,LEC,39,47,10,295.00,"2,950.00"
2020-09-20,2020092002004626,LEC,39,45,20,295.00,"5,900.00"
2020-09-20,2020092002004625,LEC,39,13,10,295.00,"2,950.00"
2020-09-20,2020092002004624,LEC,39,8,10,295.00,"2,950.00"
2020-09-20,2020092002004623,LEC,39,36,10,295.00,"2,950.00"
2020-09-20,2020092002004622,LEC,39,45,30,295.00,"8,850.00"
2020-09-20,2020092002004621,LEC,39,38,20,295.00,"5,900.00"
2020-09-20,2020092002004632,LEC,26,52,20,296.00,"5,920.00"
2020-09-20,2020092002004631,LEC,26,16,20,296.00,"5,920.00"
2020-09-20,2020092002004630,LEC,26,42,10,296.00,"2,960.00"
2020-09-20,2020092002004629,LEC,39,50,40,295.00,"11,800.00"
2020-09-20,2020092002004628,LEC,39,19,20,295.00,"5,900.00"
2020-09-20,2020092002004627,LEC,39,52,20,295.00,"5,900.00"
2020-09-20,2020092002004638,LEC,39,38,30,295.00,"8,850.00"
2020-09-20,2020092002004637,LEC,26,55,10,296.00,"2,960.00"
2020-09-20,2020092002004636,LEC,26,57,10,296.00,"2,960.00"
2020-09-20,2020092002004635,LEC,26,11,40,296.00,"11,840.00"
2020-09-20,2020092002004634,LEC,26,41,10,296.00,"2,960.00"
2020-09-20,2020092002004633,LEC,26,44,40,296.00,"11,840.00"
2020-09-20,2020092002004644,LEC,39,19,20,295.00,"5,900.00"
2020-09-20,2020092002004643,LEC,39,22,10,295.00,"2,950.00"
2020-09-20,2020092002004642,LEC,39,5,30,295.00,"8,850.00"
2020-09-20,2020092002004641,LEC,39,21,20,295.00,"5,900.00"
2020-09-20,2020092002004640,LEC,39,42,20,295.00,"5,900.00"
2020-09-20,2020092002004639,LEC,39,59,10,295.00,"2,950.00"
2020-09-20,2020092002004650,LEC,39,56,20,295.00,"5,900.00"
2020-09-20,2020092002004649,LEC,39,47,10,295.00,"2,950.00"
2020-09-20,2020092002004648,LEC,39,45,10,295.00,"2,950.00"
2020-09-20,2020092002004647,LEC,39,38,20,295.00,"5,900.00"
2020-09-20,2020092002004646,LEC,39,38,10,295.00,"2,950.00"
2020-09-20,2020092002004645,LEC,39,57,20,295.00,"5,900.00"
2020-09-20,2020092002004656,LEC,39,25,20,295.00,"5,900.00"
2020-09-20,2020092002004655,LEC,39,49,10,295.00,"2,950.00"
2020-09-20,2020092002004654,LEC,39,53,20,295.00,"5,900.00"
2020-09-20,2020092002004653,LEC,39,43,10,295.00,"2,950.00"
2020-09-20,2020092002004652,LEC,39,49,10,295.00,"2,950.00"
2020-09-20,2020092002004651,LEC,39,52,10,295.00,"2,950.00"
2020-09-20,2020092002004662,LEC,39,45,40,295.00,"11,800.00"
2020-09-20,2020092002004661,LEC,39,35,10,295.00,"2,950.00"
2020-09-20,2020092002004660,LEC,39,19,10,295.00,"2,950.00"
2020-09-20,2020092002004659,LEC,39,55,20,295.00,"5,900.00"
2020-09-20,2020092002004658,LEC,39,45,10,295.00,"2,950.00"
2020-09-20,2020092002004657,LEC,39,48,10,295.00,"2,950.00"
2020-09-20,2020092002004668,LEC,39,16,10,295.00,"2,950.00"
2020-09-20,2020092002004667,LEC,39,59,10,295.00,"2,950.00"
2020-09-20,2020092002004666,LEC,39,11,40,295.00,"11,800.00"
2020-09-20,2020092002004665,LEC,39,45,30,295.00,"8,850.00"
2020-09-20,2020092002004664,LEC,39,7,10,295.00,"2,950.00"
2020-09-20,2020092002004663,LEC,39,16,10,295.00,"2,950.00"
2020-09-20,2020092002004674,LEC,39,7,20,295.00,"5,900.00"
2020-09-20,2020092002004673,LEC,39,47,20,295.00,"5,900.00"
2020-09-20,2020092002004672,LEC,39,47,10,295.00,"2,950.00"
2020-09-20,2020092002004671,LEC,39,34,20,295.00,"5,900.00"
2020-09-20,2020092002004670,LEC,39,32,10,295.00,"2,950.00"
2020-09-20,2020092002004669,LEC,39,38,20,295.00,"5,900.00"
2020-09-20,2020092002004680,LEC,37,34,10,294.00,"2,940.00"
2020-09-20,2020092002004679,LEC,37,45,20,294.00,"5,880.00"
2020-09-20,2020092002004678,LEC,37,1,10,294.00,"2,940.00"
2020-09-20,2020092002004677,LEC,37,25,10,294.00,"2,940.00"
2020-09-20,2020092002004676,LEC,37,25,30,294.00,"8,820.00"
2020-09-20,2020092002004675,LEC,45,36,10,294.00,"2,940.00"
2020-09-20,2020092002004686,LEC,37,38,20,294.00,"5,880.00"
2020-09-20,2020092002004685,LEC,37,41,20,294.00,"5,880.00"
2020-09-20,2020092002004684,LEC,37,25,40,294.00,"11,760.00"
2020-09-20,2020092002004683,LEC,37,36,10,294.00,"2,940.00"
2020-09-20,2020092002004682,LEC,37,59,10,294.00,"2,940.00"
2020-09-20,2020092002004681,LEC,37,47,10,294.00,"2,940.00"
2020-09-20,2020092002004692,LEC,37,32,10,294.00,"2,940.00"
2020-09-20,2020092002004691,LEC,37,57,40,294.00,"11,760.00"
2020-09-20,2020092002004690,LEC,37,11,10,294.00,"2,940.00"
2020-09-20,2020092002004689,LEC,37,36,20,294.00,"5,880.00"
2020-09-20,2020092002004688,LEC,37,10,20,294.00,"5,880.00"
2020-09-20,2020092002004687,LEC,37,38,10,294.00,"2,940.00"
2020-09-20,2020092002004698,LEC,37,49,20,294.00,"5,880.00"
2020-09-20,2020092002004697,LEC,37,42,10,294.00,"2,940.00"
2020-09-20,2020092002004696,LEC,37,52,10,294.00,"2,940.00"
2020-09-20,2020092002004695,LEC,37,17,30,294.00,"8,820.00"
2020-09-20,2020092002004694,LEC,37,53,10,294.00,"2,940.00"
2020-09-20,2020092002004693,LEC,37,54,20,294.00,"5,880.00"
2020-09-20,2020092002004704,LEC,52,38,10,291.00,"2,910.00"
2020-09-20,2020092002004703,LEC,52,47,10,291.00,"2,910.00"
2020-09-20,2020092002004702,LEC,37,17,30,294.00,"8,820.00"
2020-09-20,2020092002004701,LEC,37,6,10,294.00,"2,940.00"
2020-09-20,2020092002004700,LEC,37,34,40,294.00,"11,760.00"
2020-09-20,2020092002004699,LEC,37,55,20,294.00,"5,880.00"
2020-09-20,2020092002004710,LEC,8,38,30,290.00,"8,700.00"
2020-09-20,2020092002004709,LEC,8,6,30,290.00,"8,700.00"
2020-09-20,2020092002004708,LEC,17,19,10,291.00,"2,910.00"
2020-09-20,2020092002004707,LEC,8,17,20,290.00,"5,800.00"
2020-09-20,2020092002004706,LEC,46,17,10,291.00,"2,910.00"
2020-09-20,2020092002004705,LEC,52,17,10,291.00,"2,910.00"
2020-09-20,2020092002004716,LEC,44,47,10,290.00,"2,900.00"
2020-09-20,2020092002004715,LEC,44,26,40,290.00,"11,600.00"
2020-09-20,2020092002004714,LEC,44,17,40,290.00,"11,600.00"
2020-09-20,2020092002004713,LEC,44,51,10,290.00,"2,900.00"
2020-09-20,2020092002004712,LEC,8,51,10,290.00,"2,900.00"
2020-09-20,2020092002004711,LEC,8,45,10,290.00,"2,900.00"
2020-09-20,2020092002004722,LEC,44,45,20,290.00,"5,800.00"
2020-09-20,2020092002004721,LEC,44,16,10,290.00,"2,900.00"
2020-09-20,2020092002004720,LEC,44,44,40,290.00,"11,600.00"
2020-09-20,2020092002004719,LEC,44,25,20,290.00,"5,800.00"
2020-09-20,2020092002004718,LEC,44,50,10,290.00,"2,900.00"
2020-09-20,2020092002004717,LEC,44,25,10,290.00,"2,900.00"
2020-09-20,2020092002004728,LEC,44,1,30,290.00,"8,700.00"
2020-09-20,2020092002004727,LEC,44,49,10,290.00,"2,900.00"
2020-09-20,2020092002004726,LEC,44,53,10,290.00,"2,900.00"
2020-09-20,2020092002004725,LEC,44,49,30,290.00,"8,700.00"
2020-09-20,2020092002004724,LEC,44,41,20,290.00,"5,800.00"
2020-09-20,2020092002004723,LEC,44,45,10,290.00,"2,900.00"
2020-09-20,2020092002004734,LEC,44,43,30,290.00,"8,700.00"
2020-09-20,2020092002004733,LEC,44,38,10,290.00,"2,900.00"
2020-09-20,2020092002004732,LEC,44,21,10,290.00,"2,900.00"
2020-09-20,2020092002004731,LEC,44,19,20,290.00,"5,800.00"
2020-09-20,2020092002004730,LEC,44,25,10,290.00,"2,900.00"
2020-09-20,2020092002004729,LEC,44,13,30,290.00,"8,700.00"
2020-09-20,2020092002004740,LEC,55,47,10,286.00,"2,860.00"
2020-09-20,2020092002004739,LEC,1,51,10,290.00,"2,900.00"
2020-09-20,2020092002004738,LEC,1,26,10,290.00,"2,900.00"
2020-09-20,2020092002004737,LEC,44,26,20,290.00,"5,800.00"
2020-09-20,2020092002004736,LEC,44,32,10,290.00,"2,900.00"
2020-09-20,2020092002004735,LEC,44,49,40,290.00,"11,600.00"
2020-09-20,2020092002004746,LEC,55,54,10,286.00,"2,860.00"
2020-09-20,2020092002004745,LEC,55,34,20,286.00,"5,720.00"
2020-09-20,2020092002004744,LEC,55,13,40,286.00,"11,440.00"
2020-09-20,2020092002004743,LEC,55,49,20,286.00,"5,720.00"
2020-09-20,2020092002004742,LEC,55,34,20,286.00,"5,720.00"
2020-09-20,2020092002004741,LEC,55,49,10,286.00,"2,860.00"
2020-09-20,2020092002004752,LEC,55,29,10,286.00,"2,860.00"
2020-09-20,2020092002004751,LEC,55,29,10,286.00,"2,860.00"
2020-09-20,2020092002004750,LEC,55,11,30,286.00,"8,580.00"
2020-09-20,2020092002004749,LEC,55,6,40,286.00,"11,440.00"
2020-09-20,2020092002004748,LEC,55,17,30,286.00,"8,580.00"
2020-09-20,2020092002004747,LEC,55,38,10,286.00,"2,860.00"
2020-09-20,2020092002004258,LEC,22,45,10,300.00,"3,000.00"
2020-09-20,2020092002004257,LEC,22,55,40,300.00,"12,000.00"
2020-09-20,2020092002004256,LEC,22,57,10,300.00,"3,000.00"
2020-09-20,2020092002004255,LEC,22,21,20,300.00,"6,000.00"
2020-09-20,2020092002004254,LEC,22,20,40,300.00,"12,000.00"
2020-09-20,2020092002004253,LEC,22,16,20,300.00,"6,000.00"
2020-09-20,2020092002003760,LEC,10,17,20,329.00,"6,580.00"
2020-09-20,2020092002003759,LEC,10,16,10,329.00,"3,290.00"
2020-09-20,2020092002003766,LEC,16,51,10,330.00,"3,300.00"
2020-09-20,2020092002003765,LEC,16,29,10,330.00,"3,300.00"
2020-09-20,2020092002003764,LEC,16,41,10,330.00,"3,300.00"
2020-09-20,2020092002003763,LEC,10,58,10,329.00,"3,290.00"
2020-09-20,2020092002003762,LEC,10,58,20,329.00,"6,580.00"
2020-09-20,2020092002003761,LEC,10,34,10,329.00,"3,290.00"
2020-09-20,2020092002003772,LEC,16,11,30,330.00,"9,900.00"
2020-09-20,2020092002003771,LEC,16,51,10,330.00,"3,300.00"
2020-09-20,2020092002003770,LEC,16,42,10,330.00,"3,300.00"
2020-09-20,2020092002003769,LEC,16,41,10,330.00,"3,300.00"
2020-09-20,2020092002003768,LEC,16,39,30,330.00,"9,900.00"
2020-09-20,2020092002003767,LEC,16,17,40,330.00,"13,200.00"
2020-09-20,2020092002003778,LEC,16,7,30,330.00,"9,900.00"
2020-09-20,2020092002003777,LEC,16,38,10,330.00,"3,300.00"
2020-09-20,2020092002003776,LEC,16,21,40,330.00,"13,200.00"
2020-09-20,2020092002003775,LEC,16,44,10,330.00,"3,300.00"
2020-09-20,2020092002003774,LEC,16,29,20,330.00,"6,600.00"
2020-09-20,2020092002003773,LEC,16,47,40,330.00,"13,200.00"
2020-09-20,2020092002003784,LEC,16,56,20,330.00,"6,600.00"
2020-09-20,2020092002003783,LEC,16,34,10,330.00,"3,300.00"
2020-09-20,2020092002003782,LEC,16,45,40,330.00,"13,200.00"
2020-09-20,2020092002003781,LEC,16,41,10,330.00,"3,300.00"
2020-09-20,2020092002003780,LEC,16,39,20,330.00,"6,600.00"
2020-09-20,2020092002003779,LEC,16,34,10,330.00,"3,300.00"
2020-09-20,2020092002003790,LEC,10,17,40,329.00,"13,160.00"
2020-09-20,2020092002003789,LEC,10,58,10,329.00,"3,290.00"
2020-09-20,2020092002003788,LEC,16,56,10,330.00,"3,300.00"
2020-09-20,2020092002003787,LEC,16,18,20,330.00,"6,600.00"
2020-09-20,2020092002003786,LEC,16,52,20,330.00,"6,600.00"
2020-09-20,2020092002003785,LEC,16,47,10,330.00,"3,300.00"
2020-09-20,2020092002003796,LEC,16,36,20,330.00,"6,600.00"
2020-09-20,2020092002003795,LEC,16,56,20,330.00,"6,600.00"
2020-09-20,2020092002003794,LEC,10,52,30,329.00,"9,870.00"
2020-09-20,2020092002003793,LEC,10,38,40,329.00,"13,160.00"
2020-09-20,2020092002003792,LEC,10,26,30,329.00,"9,870.00"
2020-09-20,2020092002003791,LEC,10,45,20,329.00,"6,580.00"
2020-09-20,2020092002003802,LEC,16,34,30,330.00,"9,900.00"
2020-09-20,2020092002003801,LEC,16,6,10,330.00,"3,300.00"
2020-09-20,2020092002003800,LEC,16,38,10,330.00,"3,300.00"
2020-09-20,2020092002003799,LEC,16,45,20,330.00,"6,600.00"
2020-09-20,2020092002003798,LEC,16,11,10,330.00,"3,300.00"
2020-09-20,2020092002003797,LEC,16,55,30,330.00,"9,900.00"
2020-09-20,2020092002003808,LEC,16,13,30,330.00,"9,900.00"
2020-09-20,2020092002003807,LEC,16,59,20,330.00,"6,600.00"
2020-09-20,2020092002003806,LEC,16,41,10,330.00,"3,300.00"
2020-09-20,2020092002003805,LEC,16,17,10,330.00,"3,300.00"
2020-09-20,2020092002003804,LEC,16,14,20,330.00,"6,600.00"
2020-09-20,2020092002003803,LEC,16,56,30,330.00,"9,900.00"
2020-09-20,2020092002003814,LEC,16,22,10,330.00,"3,300.00"
2020-09-20,2020092002003813,LEC,16,59,10,330.00,"3,300.00"
2020-09-20,2020092002003812,LEC,16,56,20,330.00,"6,600.00"
2020-09-20,2020092002003811,LEC,16,58,20,330.00,"6,600.00"
2020-09-20,2020092002003810,LEC,16,25,40,330.00,"13,200.00"
2020-09-20,2020092002003809,LEC,16,59,20,330.00,"6,600.00"
2020-09-20,2020092002003820,LEC,16,38,10,330.00,"3,300.00"
2020-09-20,2020092002003819,LEC,16,58,20,330.00,"6,600.00"
2020-09-20,2020092002003818,LEC,16,34,20,330.00,"6,600.00"
2020-09-20,2020092002003817,LEC,16,6,10,330.00,"3,300.00"
2020-09-20,2020092002003816,LEC,16,53,10,330.00,"3,300.00"
2020-09-20,2020092002003815,LEC,16,52,20,330.00,"6,600.00"
2020-09-20,2020092002003826,LEC,10,58,30,329.00,"9,870.00"
2020-09-20,2020092002003825,LEC,10,34,10,329.00,"3,290.00"
2020-09-20,2020092002003824,LEC,10,58,10,329.00,"3,290.00"
2020-09-20,2020092002003823,LEC,10,43,20,329.00,"6,580.00"
2020-09-20,2020092002003822,LEC,10,18,10,329.00,"3,290.00"
2020-09-20,2020092002003821,LEC,10,47,10,329.00,"3,290.00"
2020-09-20,2020092002003832,LEC,10,42,30,329.00,"9,870.00"
2020-09-20,2020092002003831,LEC,10,47,10,329.00,"3,290.00"
2020-09-20,2020092002003830,LEC,10,45,20,329.00,"6,580.00"
2020-09-20,2020092002003829,LEC,10,41,10,329.00,"3,290.00"
2020-09-20,2020092002003828,LEC,10,21,40,329.00,"13,160.00"
2020-09-20,2020092002003827,LEC,10,43,20,329.00,"6,580.00"
2020-09-20,2020092002003838,LEC,10,28,20,329.00,"6,580.00"
2020-09-20,2020092002003837,LEC,10,42,30,329.00,"9,870.00"
2020-09-20,2020092002003836,LEC,10,28,30,329.00,"9,870.00"
2020-09-20,2020092002003835,LEC,10,36,10,329.00,"3,290.00"
2020-09-20,2020092002003834,LEC,10,17,10,329.00,"3,290.00"
2020-09-20,2020092002003833,LEC,10,58,20,329.00,"6,580.00"
2020-09-20,2020092002003844,LEC,10,34,10,329.00,"3,290.00"
2020-09-20,2020092002003843,LEC,10,11,20,329.00,"6,580.00"
2020-09-20,2020092002003842,LEC,10,51,10,329.00,"3,290.00"
2020-09-20,2020092002003841,LEC,10,14,30,329.00,"9,870.00"
2020-09-20,2020092002003840,LEC,10,33,10,329.00,"3,290.00"
2020-09-20,2020092002003839,LEC,10,37,40,329.00,"13,160.00"
2020-09-20,2020092002003850,LEC,10,38,10,329.00,"3,290.00"
2020-09-20,2020092002003849,LEC,10,39,10,329.00,"3,290.00"
2020-09-20,2020092002003848,LEC,10,54,30,329.00,"9,870.00"
2020-09-20,2020092002003847,LEC,10,49,30,329.00,"9,870.00"
2020-09-20,2020092002003846,LEC,10,33,30,329.00,"9,870.00"
2020-09-20,2020092002003845,LEC,10,45,30,329.00,"9,870.00"
2020-09-20,2020092002003856,LEC,10,14,30,329.00,"9,870.00"
2020-09-20,2020092002003855,LEC,10,21,20,329.00,"6,580.00"
2020-09-20,2020092002003854,LEC,10,18,20,329.00,"6,580.00"
2020-09-20,2020092002003853,LEC,10,53,40,329.00,"13,160.00"
2020-09-20,2020092002003852,LEC,10,8,20,329.00,"6,580.00"
2020-09-20,2020092002003851,LEC,10,42,30,329.00,"9,870.00"
2020-09-20,2020092002003862,LEC,42,6,10,329.00,"3,290.00"
2020-09-20,2020092002003861,LEC,42,41,10,329.00,"3,290.00"
2020-09-20,2020092002003860,LEC,42,6,10,329.00,"3,290.00"
2020-09-20,2020092002003859,LEC,42,45,30,329.00,"9,870.00"
2020-09-20,2020092002003858,LEC,42,34,10,329.00,"3,290.00"
2020-09-20,2020092002003857,LEC,42,36,10,329.00,"3,290.00"
2020-09-20,2020092002003868,LEC,42,42,30,329.00,"9,870.00"
2020-09-20,2020092002003867,LEC,42,47,10,329.00,"3,290.00"
2020-09-20,2020092002003866,LEC,42,33,10,329.00,"3,290.00"
2020-09-20,2020092002003865,LEC,42,42,30,329.00,"9,870.00"
2020-09-20,2020092002003864,LEC,42,32,10,329.00,"3,290.00"
2020-09-20,2020092002003863,LEC,42,1,20,329.00,"6,580.00"
2020-09-20,2020092002003874,LEC,42,40,40,329.00,"13,160.00"
2020-09-20,2020092002003873,LEC,42,41,20,329.00,"6,580.00"
2020-09-20,2020092002003872,LEC,42,57,20,329.00,"6,580.00"
2020-09-20,2020092002003871,LEC,42,54,40,329.00,"13,160.00"
2020-09-20,2020092002003870,LEC,42,58,40,329.00,"13,160.00"
2020-09-20,2020092002003869,LEC,42,8,40,329.00,"13,160.00"
2020-09-20,2020092002003880,LEC,42,44,10,329.00,"3,290.00"
2020-09-20,2020092002003879,LEC,42,45,30,329.00,"9,870.00"
2020-09-20,2020092002003878,LEC,42,56,30,329.00,"9,870.00"
2020-09-20,2020092002003877,LEC,42,43,10,329.00,"3,290.00"
2020-09-20,2020092002003876,LEC,42,59,20,329.00,"6,580.00"
2020-09-20,2020092002003875,LEC,42,45,10,329.00,"3,290.00"
2020-09-20,2020092002003886,LEC,48,14,30,329.00,"9,870.00"
2020-09-20,2020092002003885,LEC,48,38,10,329.00,"3,290.00"
2020-09-20,2020092002003884,LEC,48,34,10,329.00,"3,290.00"
2020-09-20,2020092002003883,LEC,48,52,40,329.00,"13,160.00"
2020-09-20,2020092002003882,LEC,48,36,10,329.00,"3,290.00"
2020-09-20,2020092002003881,LEC,48,44,30,329.00,"9,870.00"
2020-09-20,2020092002003892,LEC,6,54,10,328.00,"3,280.00"
2020-09-20,2020092002003891,LEC,21,13,10,329.00,"3,290.00"
2020-09-20,2020092002003890,LEC,21,34,10,329.00,"3,290.00"
2020-09-20,2020092002003889,LEC,48,11,10,329.00,"3,290.00"
2020-09-20,2020092002003888,LEC,48,1,40,329.00,"13,160.00"
2020-09-20,2020092002003887,LEC,48,49,30,329.00,"9,870.00"
2020-09-20,2020092002003898,LEC,51,14,20,328.00,"6,560.00"
2020-09-20,2020092002003897,LEC,17,14,10,328.00,"3,280.00"
2020-09-20,2020092002003896,LEC,17,45,40,328.00,"13,120.00"
2020-09-20,2020092002003895,LEC,17,47,10,328.00,"3,280.00"
2020-09-20,2020092002003894,LEC,17,34,10,328.00,"3,280.00"
2020-09-20,2020092002003893,LEC,17,54,10,328.00,"3,280.00"
2020-09-20,2020092002003904,LEC,45,34,10,327.00,"3,270.00"
2020-09-20,2020092002003903,LEC,45,14,10,327.00,"3,270.00"
2020-09-20,2020092002003902,LEC,45,35,20,327.00,"6,540.00"
2020-09-20,2020092002003901,LEC,35,18,15,328.00,"4,920.00"
2020-09-20,2020092002003900,LEC,51,18,25,328.00,"8,200.00"
2020-09-20,2020092002003899,LEC,51,14,30,328.00,"9,840.00"
2020-09-20,2020092002003910,LEC,45,35,20,327.00,"6,540.00"
2020-09-20,2020092002003909,LEC,45,58,30,327.00,"9,810.00"
2020-09-20,2020092002003908,LEC,45,38,30,327.00,"9,810.00"
2020-09-20,2020092002003907,LEC,45,52,40,327.00,"13,080.00"
2020-09-20,2020092002003906,LEC,42,36,10,328.00,"3,280.00"
2020-09-20,2020092002003905,LEC,45,32,40,327.00,"13,080.00"
2020-09-20,2020092002003916,LEC,33,1,10,327.00,"3,270.00"
2020-09-20,2020092002003915,LEC,33,8,20,327.00,"6,540.00"
2020-09-20,2020092002003914,LEC,38,8,10,327.00,"3,270.00"
2020-09-20,2020092002003913,LEC,38,56,20,327.00,"6,540.00"
2020-09-20,2020092002003912,LEC,38,43,10,327.00,"3,270.00"
2020-09-20,2020092002003911,LEC,38,35,10,327.00,"3,270.00"
2020-09-20,2020092002003922,LEC,33,58,20,327.00,"6,540.00"
2020-09-20,2020092002003921,LEC,33,19,10,327.00,"3,270.00"
2020-09-20,2020092002003920,LEC,33,36,10,327.00,"3,270.00"
2020-09-20,2020092002003919,LEC,33,13,30,327.00,"9,810.00"
2020-09-20,2020092002003918,LEC,33,22,30,327.00,"9,810.00"
2020-09-20,2020092002003917,LEC,33,14,30,327.00,"9,810.00"
2020-09-20,2020092002003928,LEC,49,41,10,326.00,"3,260.00"
2020-09-20,2020092002003927,LEC,26,41,10,326.00,"3,260.00"
2020-09-20,2020092002003926,LEC,14,40,20,327.00,"6,540.00"
2020-09-20,2020092002003925,LEC,14,59,30,327.00,"9,810.00"
2020-09-20,2020092002003924,LEC,33,14,30,327.00,"9,810.00"
2020-09-20,2020092002003923,LEC,33,47,10,327.00,"3,270.00"
2020-09-20,2020092002003934,LEC,42,39,20,325.00,"6,500.00"
2020-09-20,2020092002003933,LEC,34,16,10,325.00,"3,250.00"
2020-09-20,2020092002003932,LEC,34,48,10,325.00,"3,250.00"
2020-09-20,2020092002003931,LEC,34,51,20,325.00,"6,500.00"
2020-09-20,2020092002003930,LEC,34,58,10,325.00,"3,250.00"
2020-09-20,2020092002003929,LEC,41,41,10,325.00,"3,250.00"
2020-09-20,2020092002003940,LEC,17,47,10,325.00,"3,250.00"
2020-09-20,2020092002003939,LEC,17,41,10,325.00,"3,250.00"
2020-09-20,2020092002003938,LEC,17,52,10,325.00,"3,250.00"
2020-09-20,2020092002003937,LEC,57,59,10,325.00,"3,250.00"
2020-09-20,2020092002003936,LEC,57,14,30,325.00,"9,750.00"
2020-09-20,2020092002003935,LEC,57,40,10,325.00,"3,250.00"
2020-09-20,2020092002003946,LEC,41,42,10,325.00,"3,250.00"
2020-09-20,2020092002003945,LEC,17,42,30,325.00,"9,750.00"
2020-09-20,2020092002003944,LEC,17,28,10,325.00,"3,250.00"
2020-09-20,2020092002003943,LEC,17,38,10,325.00,"3,250.00"
2020-09-20,2020092002003942,LEC,17,14,10,325.00,"3,250.00"
2020-09-20,2020092002003941,LEC,17,36,10,325.00,"3,250.00"
2020-09-20,2020092002003952,LEC,33,38,10,324.00,"3,240.00"
2020-09-20,2020092002003951,LEC,8,21,10,324.00,"3,240.00"
2020-09-20,2020092002003950,LEC,8,20,40,324.00,"12,960.00"
2020-09-20,2020092002003949,LEC,35,34,30,325.00,"9,750.00"
2020-09-20,2020092002003948,LEC,35,45,20,325.00,"6,500.00"
2020-09-20,2020092002003947,LEC,41,45,10,325.00,"3,250.00"
2020-09-20,2020092002003958,LEC,33,38,10,324.00,"3,240.00"
2020-09-20,2020092002003957,LEC,33,22,20,324.00,"6,480.00"
2020-09-20,2020092002003956,LEC,33,1,10,324.00,"3,240.00"
2020-09-20,2020092002003955,LEC,33,48,10,324.00,"3,240.00"
2020-09-20,2020092002003954,LEC,45,8,10,325.00,"3,250.00"
2020-09-20,2020092002003953,LEC,45,34,10,325.00,"3,250.00"
2020-09-20,2020092002003964,LEC,33,21,20,324.00,"6,480.00"
2020-09-20,2020092002003963,LEC,33,13,30,324.00,"9,720.00"
2020-09-20,2020092002003962,LEC,33,51,10,324.00,"3,240.00"
2020-09-20,2020092002003961,LEC,33,13,10,324.00,"3,240.00"
2020-09-20,2020092002003960,LEC,33,21,30,324.00,"9,720.00"
2020-09-20,2020092002003959,LEC,33,21,40,324.00,"12,960.00"
2020-09-20,2020092002003970,LEC,41,43,10,324.00,"3,240.00"
2020-09-20,2020092002003969,LEC,41,52,10,324.00,"3,240.00"
2020-09-20,2020092002003968,LEC,41,17,40,324.00,"12,960.00"
2020-09-20,2020092002003967,LEC,41,58,20,324.00,"6,480.00"
2020-09-20,2020092002003966,LEC,41,55,30,324.00,"9,720.00"
2020-09-20,2020092002003965,LEC,41,21,20,324.00,"6,480.00"
2020-09-20,2020092002003976,LEC,41,48,10,324.00,"3,240.00"
2020-09-20,2020092002003975,LEC,41,32,20,324.00,"6,480.00"
2020-09-20,2020092002003974,LEC,41,50,10,324.00,"3,240.00"
2020-09-20,2020092002003973,LEC,41,8,30,324.00,"9,720.00"
2020-09-20,2020092002003972,LEC,41,16,10,324.00,"3,240.00"
2020-09-20,2020092002003971,LEC,41,14,40,324.00,"12,960.00"
2020-09-20,2020092002003982,LEC,14,57,20,325.00,"6,500.00"
2020-09-20,2020092002003981,LEC,41,52,20,324.00,"6,480.00"
2020-09-20,2020092002003980,LEC,41,36,20,324.00,"6,480.00"
2020-09-20,2020092002003979,LEC,41,47,10,324.00,"3,240.00"
2020-09-20,2020092002003978,LEC,41,32,10,324.00,"3,240.00"
2020-09-20,2020092002003977,LEC,41,42,30,324.00,"9,720.00"
2020-09-20,2020092002003988,LEC,14,42,30,325.00,"9,750.00"
2020-09-20,2020092002003987,LEC,14,6,10,325.00,"3,250.00"
2020-09-20,2020092002003986,LEC,14,54,10,325.00,"3,250.00"
2020-09-20,2020092002003985,LEC,14,20,40,325.00,"13,000.00"
2020-09-20,2020092002003984,LEC,14,21,30,325.00,"9,750.00"
2020-09-20,2020092002003983,LEC,14,14,20,325.00,"6,500.00"
2020-09-20,2020092002003994,LEC,38,13,20,325.00,"6,500.00"
2020-09-20,2020092002003993,LEC,38,14,10,325.00,"3,250.00"
2020-09-20,2020092002003992,LEC,38,52,40,325.00,"13,000.00"
2020-09-20,2020092002003991,LEC,38,58,30,325.00,"9,750.00"
2020-09-20,2020092002003990,LEC,41,28,10,324.00,"3,240.00"
2020-09-20,2020092002003989,LEC,14,58,10,325.00,"3,250.00"
2020-09-20,2020092002004000,LEC,41,28,40,324.00,"12,960.00"
2020-09-20,2020092002003999,LEC,41,21,40,324.00,"12,960.00"
2020-09-20,2020092002003998,LEC,41,32,10,324.00,"3,240.00"
2020-09-20,2020092002003997,LEC,41,42,20,324.00,"6,480.00"
2020-09-20,2020092002003996,LEC,41,38,10,324.00,"3,240.00"
2020-09-20,2020092002003995,LEC,41,56,30,324.00,"9,720.00"
2020-09-20,2020092002004006,LEC,35,39,40,324.00,"12,960.00"
2020-09-20,2020092002004005,LEC,35,4,20,324.00,"6,480.00"
2020-09-20,2020092002004004,LEC,35,38,10,324.00,"3,240.00"
2020-09-20,2020092002004003,LEC,35,42,10,324.00,"3,240.00"
2020-09-20,2020092002004002,LEC,35,25,10,324.00,"3,240.00"
2020-09-20,2020092002004001,LEC,35,36,10,324.00,"3,240.00"
2020-09-20,2020092002004012,LEC,35,46,10,324.00,"3,240.00"
2020-09-20,2020092002004011,LEC,25,35,10,325.00,"3,250.00"
2020-09-20,2020092002004010,LEC,25,13,10,325.00,"3,250.00"
2020-09-20,2020092002004009,LEC,35,57,30,324.00,"9,720.00"
2020-09-20,2020092002004008,LEC,35,5,30,324.00,"9,720.00"
2020-09-20,2020092002004007,LEC,35,58,20,324.00,"6,480.00"
2020-09-20,2020092002004018,LEC,35,47,10,324.00,"3,240.00"
2020-09-20,2020092002004017,LEC,35,55,30,324.00,"9,720.00"
2020-09-20,2020092002004016,LEC,35,1,20,324.00,"6,480.00"
2020-09-20,2020092002004015,LEC,35,1,30,324.00,"9,720.00"
2020-09-20,2020092002004014,LEC,35,43,10,324.00,"3,240.00"
2020-09-20,2020092002004013,LEC,35,41,10,324.00,"3,240.00"
2020-09-20,2020092002004024,LEC,35,20,40,324.00,"12,960.00"
2020-09-20,2020092002004023,LEC,35,41,20,324.00,"6,480.00"
2020-09-20,2020092002004022,LEC,35,13,20,324.00,"6,480.00"
2020-09-20,2020092002004021,LEC,35,32,10,324.00,"3,240.00"
2020-09-20,2020092002004020,LEC,35,38,30,324.00,"9,720.00"
2020-09-20,2020092002004019,LEC,35,13,20,324.00,"6,480.00"
2020-09-20,2020092002004030,LEC,41,56,10,324.00,"3,240.00"
2020-09-20,2020092002004029,LEC,35,16,10,324.00,"3,240.00"
2020-09-20,2020092002004028,LEC,35,58,10,324.00,"3,240.00"
2020-09-20,2020092002004027,LEC,35,42,10,324.00,"3,240.00"
2020-09-20,2020092002004026,LEC,35,48,10,324.00,"3,240.00"
2020-09-20,2020092002004025,LEC,35,41,20,324.00,"6,480.00"
2020-09-20,2020092002004036,LEC,41,25,10,324.00,"3,240.00"
2020-09-20,2020092002004035,LEC,41,39,20,324.00,"6,480.00"
2020-09-20,2020092002004034,LEC,41,38,10,324.00,"3,240.00"
2020-09-20,2020092002004033,LEC,41,28,20,324.00,"6,480.00"
2020-09-20,2020092002004032,LEC,41,4,40,324.00,"12,960.00"
2020-09-20,2020092002004031,LEC,41,26,30,324.00,"9,720.00"
2020-09-20,2020092002004042,LEC,41,1,10,324.00,"3,240.00"
2020-09-20,2020092002004041,LEC,41,58,10,324.00,"3,240.00"
2020-09-20,2020092002004040,LEC,41,46,40,324.00,"12,960.00"
2020-09-20,2020092002004039,LEC,41,13,40,324.00,"12,960.00"
2020-09-20,2020092002004038,LEC,41,48,20,324.00,"6,480.00"
2020-09-20,2020092002004037,LEC,41,16,30,324.00,"9,720.00"
2020-09-20,2020092002004048,LEC,41,46,30,324.00,"9,720.00"
2020-09-20,2020092002004047,LEC,41,41,20,324.00,"6,480.00"
2020-09-20,2020092002004046,LEC,41,48,10,324.00,"3,240.00"
2020-09-20,2020092002004045,LEC,41,49,40,324.00,"12,960.00"
2020-09-20,2020092002004044,LEC,41,6,10,324.00,"3,240.00"
2020-09-20,2020092002004043,LEC,41,41,10,324.00,"3,240.00"
2020-09-20,2020092002004054,LEC,45,34,10,324.00,"3,240.00"
2020-09-20,2020092002004053,LEC,45,41,10,324.00,"3,240.00"
2020-09-20,2020092002004052,LEC,45,42,30,324.00,"9,720.00"
2020-09-20,2020092002004051,LEC,41,21,20,324.00,"6,480.00"
2020-09-20,2020092002004050,LEC,41,26,40,324.00,"12,960.00"
2020-09-20,2020092002004049,LEC,41,14,30,324.00,"9,720.00"
2020-09-20,2020092002004060,LEC,22,19,20,324.00,"6,480.00"
2020-09-20,2020092002004059,LEC,22,36,20,324.00,"6,480.00"
2020-09-20,2020092002004058,LEC,22,41,40,324.00,"12,960.00"
2020-09-20,2020092002004057,LEC,22,25,40,324.00,"12,960.00"
2020-09-20,2020092002004056,LEC,45,38,10,324.00,"3,240.00"
2020-09-20,2020092002004055,LEC,45,49,30,324.00,"9,720.00"
2020-09-20,2020092002004066,LEC,49,47,10,324.00,"3,240.00"
2020-09-20,2020092002004065,LEC,49,1,10,324.00,"3,240.00"
2020-09-20,2020092002004064,LEC,49,8,10,324.00,"3,240.00"
2020-09-20,2020092002004063,LEC,22,21,40,324.00,"12,960.00"
2020-09-20,2020092002004062,LEC,22,8,30,324.00,"9,720.00"
2020-09-20,2020092002004061,LEC,22,32,10,324.00,"3,240.00"
2020-09-20,2020092002004072,LEC,35,49,30,324.00,"9,720.00"
2020-09-20,2020092002004071,LEC,26,29,10,324.00,"3,240.00"
2020-09-20,2020092002004070,LEC,26,21,10,324.00,"3,240.00"
2020-09-20,2020092002004069,LEC,49,45,30,324.00,"9,720.00"
2020-09-20,2020092002004068,LEC,49,45,20,324.00,"6,480.00"
2020-09-20,2020092002004067,LEC,49,13,20,324.00,"6,480.00"
2020-09-20,2020092002004078,LEC,33,34,20,320.00,"6,400.00"
2020-09-20,2020092002004077,LEC,33,36,10,320.00,"3,200.00"
2020-09-20,2020092002004076,LEC,41,36,10,324.00,"3,240.00"
2020-09-20,2020092002004075,LEC,35,41,30,324.00,"9,720.00"
2020-09-20,2020092002004074,LEC,35,1,30,324.00,"9,720.00"
2020-09-20,2020092002004073,LEC,35,16,10,324.00,"3,240.00"
2020-09-20,2020092002004084,LEC,53,48,10,318.00,"3,180.00"
2020-09-20,2020092002004083,LEC,33,4,10,320.00,"3,200.00"
2020-09-20,2020092002004082,LEC,33,58,20,320.00,"6,400.00"
2020-09-20,2020092002004081,LEC,33,42,30,320.00,"9,600.00"
2020-09-20,2020092002004080,LEC,33,18,30,320.00,"9,600.00"
2020-09-20,2020092002004079,LEC,33,26,40,320.00,"12,800.00"
2020-09-20,2020092002004090,LEC,58,39,10,320.00,"3,200.00"
2020-09-20,2020092002004089,LEC,58,49,40,320.00,"12,800.00"
2020-09-20,2020092002004088,LEC,58,39,30,320.00,"9,600.00"
2020-09-20,2020092002004087,LEC,58,4,20,320.00,"6,400.00"
2020-09-20,2020092002004086,LEC,16,21,20,318.00,"6,360.00"
2020-09-20,2020092002004085,LEC,16,48,10,318.00,"3,180.00"
2020-09-20,2020092002004096,LEC,45,45,30,312.00,"9,360.00"
2020-09-20,2020092002004095,LEC,45,54,40,312.00,"12,480.00"
2020-09-20,2020092002004094,LEC,45,58,20,312.00,"6,240.00"
2020-09-20,2020092002004093,LEC,45,1,10,312.00,"3,120.00"
2020-09-20,2020092002004092,LEC,16,46,20,318.00,"6,360.00"
2020-09-20,2020092002004091,LEC,16,52,10,318.00,"3,180.00"
2020-09-20,2020092002004102,LEC,33,26,40,306.00,"12,240.00"
2020-09-20,2020092002004101,LEC,33,48,20,306.00,"6,120.00"
2020-09-20,2020092002004100,LEC,33,14,20,306.00,"6,120.00"
2020-09-20,2020092002004099,LEC,33,25,20,306.00,"6,120.00"
2020-09-20,2020092002004098,LEC,33,55,30,306.00,"9,180.00"
2020-09-20,2020092002004097,LEC,33,41,10,306.00,"3,060.00"
2020-09-20,2020092002004108,LEC,33,14,10,306.00,"3,060.00"
2020-09-20,2020092002004107,LEC,33,29,10,306.00,"3,060.00"
2020-09-20,2020092002004106,LEC,33,20,30,306.00,"9,180.00"
2020-09-20,2020092002004105,LEC,33,52,10,306.00,"3,060.00"
2020-09-20,2020092002004104,LEC,33,40,10,306.00,"3,060.00"
2020-09-20,2020092002004103,LEC,33,39,20,306.00,"6,120.00"
2020-09-20,2020092002004114,LEC,33,38,20,306.00,"6,120.00"
2020-09-20,2020092002004113,LEC,33,17,10,306.00,"3,060.00"
2020-09-20,2020092002004112,LEC,33,41,20,306.00,"6,120.00"
2020-09-20,2020092002004111,LEC,33,42,30,306.00,"9,180.00"
2020-09-20,2020092002004110,LEC,33,7,30,306.00,"9,180.00"
2020-09-20,2020092002004109,LEC,33,56,30,306.00,"9,180.00"
2020-09-20,2020092002004120,LEC,33,48,20,306.00,"6,120.00"
2020-09-20,2020092002004119,LEC,33,47,10,306.00,"3,060.00"
2020-09-20,2020092002004118,LEC,33,50,20,306.00,"6,120.00"
2020-09-20,2020092002004117,LEC,33,16,20,306.00,"6,120.00"
2020-09-20,2020092002004116,LEC,33,39,20,306.00,"6,120.00"
2020-09-20,2020092002004115,LEC,33,8,30,306.00,"9,180.00"
2020-09-20,2020092002004126,LEC,33,41,10,306.00,"3,060.00"
2020-09-20,2020092002004125,LEC,33,34,10,306.00,"3,060.00"
2020-09-20,2020092002004124,LEC,33,35,40,306.00,"12,240.00"
2020-09-20,2020092002004123,LEC,33,58,40,306.00,"12,240.00"
2020-09-20,2020092002004122,LEC,33,58,10,306.00,"3,060.00"
2020-09-20,2020092002004121,LEC,33,41,10,306.00,"3,060.00"
2020-09-20,2020092002004132,LEC,33,40,10,306.00,"3,060.00"
2020-09-20,2020092002004131,LEC,33,38,10,306.00,"3,060.00"
2020-09-20,2020092002004130,LEC,33,19,10,306.00,"3,060.00"
2020-09-20,2020092002004129,LEC,33,17,40,306.00,"12,240.00"
2020-09-20,2020092002004128,LEC,33,57,30,306.00,"9,180.00"
2020-09-20,2020092002004127,LEC,33,48,20,306.00,"6,120.00"
2020-09-20,2020092002004138,LEC,33,36,10,306.00,"3,060.00"
2020-09-20,2020092002004137,LEC,33,34,30,306.00,"9,180.00"
2020-09-20,2020092002004136,LEC,33,48,20,306.00,"6,120.00"
2020-09-20,2020092002004135,LEC,33,54,10,306.00,"3,060.00"
2020-09-20,2020092002004134,LEC,33,49,30,306.00,"9,180.00"
2020-09-20,2020092002004133,LEC,33,48,20,306.00,"6,120.00"
2020-09-20,2020092002004144,LEC,41,1,10,306.00,"3,060.00"
2020-09-20,2020092002004143,LEC,41,42,20,306.00,"6,120.00"
2020-09-20,2020092002004142,LEC,33,42,10,306.00,"3,060.00"
2020-09-20,2020092002004141,LEC,33,13,10,306.00,"3,060.00"
2020-09-20,2020092002004140,LEC,33,52,20,306.00,"6,120.00"
2020-09-20,2020092002004139,LEC,33,53,40,306.00,"12,240.00"
2020-09-20,2020092002004150,LEC,41,51,20,306.00,"6,120.00"
2020-09-20,2020092002004149,LEC,41,28,10,306.00,"3,060.00"
2020-09-20,2020092002004148,LEC,41,45,30,306.00,"9,180.00"
2020-09-20,2020092002004147,LEC,41,36,20,306.00,"6,120.00"
2020-09-20,2020092002004146,LEC,41,48,10,306.00,"3,060.00"
2020-09-20,2020092002004145,LEC,41,55,30,306.00,"9,180.00"
2020-09-20,2020092002004156,LEC,41,48,10,306.00,"3,060.00"
2020-09-20,2020092002004155,LEC,41,41,10,306.00,"3,060.00"
2020-09-20,2020092002004154,LEC,41,40,10,306.00,"3,060.00"
2020-09-20,2020092002004153,LEC,41,44,30,306.00,"9,180.00"
2020-09-20,2020092002004152,LEC,41,32,10,306.00,"3,060.00"
2020-09-20,2020092002004151,LEC,41,47,30,306.00,"9,180.00"
2020-09-20,2020092002004162,LEC,41,57,40,306.00,"12,240.00"
2020-09-20,2020092002004161,LEC,41,21,40,306.00,"12,240.00"
2020-09-20,2020092002004160,LEC,41,16,10,306.00,"3,060.00"
2020-09-20,2020092002004159,LEC,41,52,20,306.00,"6,120.00"
2020-09-20,2020092002004158,LEC,41,21,20,306.00,"6,120.00"
2020-09-20,2020092002004157,LEC,41,17,10,306.00,"3,060.00"
2020-09-20,2020092002004168,LEC,41,4,10,306.00,"3,060.00"
2020-09-20,2020092002004167,LEC,41,35,20,306.00,"6,120.00"
2020-09-20,2020092002004166,LEC,41,41,20,306.00,"6,120.00"
2020-09-20,2020092002004165,LEC,41,59,20,306.00,"6,120.00"
2020-09-20,2020092002004164,LEC,41,22,10,306.00,"3,060.00"
2020-09-20,2020092002004163,LEC,41,40,10,306.00,"3,060.00"
2020-09-20,2020092002004174,LEC,41,8,10,306.00,"3,060.00"
2020-09-20,2020092002004173,LEC,41,34,10,306.00,"3,060.00"
2020-09-20,2020092002004172,LEC,41,50,30,306.00,"9,180.00"
2020-09-20,2020092002004171,LEC,41,34,10,306.00,"3,060.00"
2020-09-20,2020092002004170,LEC,41,49,10,306.00,"3,060.00"
2020-09-20,2020092002004169,LEC,41,49,20,306.00,"6,120.00"
2020-09-20,2020092002004180,LEC,41,21,10,306.00,"3,060.00"
2020-09-20,2020092002004179,LEC,41,50,30,306.00,"9,180.00"
2020-09-20,2020092002004178,LEC,41,45,30,306.00,"9,180.00"
2020-09-20,2020092002004177,LEC,41,47,30,306.00,"9,180.00"
2020-09-20,2020092002004176,LEC,41,48,20,306.00,"6,120.00"
2020-09-20,2020092002004175,LEC,41,45,40,306.00,"12,240.00"
2020-09-20,2020092002004186,LEC,41,25,10,306.00,"3,060.00"
2020-09-20,2020092002004185,LEC,41,29,10,306.00,"3,060.00"
2020-09-20,2020092002004184,LEC,41,51,40,306.00,"12,240.00"
2020-09-20,2020092002004183,LEC,41,46,10,306.00,"3,060.00"
2020-09-20,2020092002004182,LEC,41,34,10,306.00,"3,060.00"
2020-09-20,2020092002004181,LEC,41,57,20,306.00,"6,120.00"
2020-09-20,2020092002004192,LEC,41,46,20,306.00,"6,120.00"
2020-09-20,2020092002004191,LEC,41,34,40,306.00,"12,240.00"
2020-09-20,2020092002004190,LEC,41,35,30,306.00,"9,180.00"
2020-09-20,2020092002004189,LEC,41,36,20,306.00,"6,120.00"
2020-09-20,2020092002004188,LEC,41,38,10,306.00,"3,060.00"
2020-09-20,2020092002004187,LEC,41,55,30,306.00,"9,180.00"
2020-09-20,2020092002004198,LEC,22,22,10,300.00,"3,000.00"
2020-09-20,2020092002004197,LEC,22,47,10,300.00,"3,000.00"
2020-09-20,2020092002004196,LEC,22,20,40,300.00,"12,000.00"
2020-09-20,2020092002004195,LEC,22,48,20,300.00,"6,000.00"
2020-09-20,2020092002004194,LEC,22,45,10,300.00,"3,000.00"
2020-09-20,2020092002004193,LEC,41,57,20,306.00,"6,120.00"
2020-09-20,2020092002004204,LEC,22,41,10,300.00,"3,000.00"
2020-09-20,2020092002004203,LEC,22,29,20,300.00,"6,000.00"
2020-09-20,2020092002004202,LEC,22,57,10,300.00,"3,000.00"
2020-09-20,2020092002004201,LEC,22,1,10,300.00,"3,000.00"
2020-09-20,2020092002004200,LEC,22,17,20,300.00,"6,000.00"
2020-09-20,2020092002004199,LEC,22,39,10,300.00,"3,000.00"
2020-09-20,2020092002004210,LEC,22,40,10,300.00,"3,000.00"
2020-09-20,2020092002004209,LEC,22,8,20,300.00,"6,000.00"
2020-09-20,2020092002004208,LEC,22,14,40,300.00,"12,000.00"
2020-09-20,2020092002004207,LEC,22,46,10,300.00,"3,000.00"
2020-09-20,2020092002004206,LEC,22,35,20,300.00,"6,000.00"
2020-09-20,2020092002004205,LEC,22,21,10,300.00,"3,000.00"
2020-09-20,2020092002004216,LEC,22,58,20,300.00,"6,000.00"
2020-09-20,2020092002004215,LEC,22,34,10,300.00,"3,000.00"
2020-09-20,2020092002004214,LEC,22,38,10,300.00,"3,000.00"
2020-09-20,2020092002004213,LEC,22,4,30,300.00,"9,000.00"
2020-09-20,2020092002004212,LEC,22,45,10,300.00,"3,000.00"
2020-09-20,2020092002004211,LEC,22,58,40,300.00,"12,000.00"
2020-09-20,2020092002004222,LEC,22,5,30,300.00,"9,000.00"
2020-09-20,2020092002004221,LEC,22,8,30,300.00,"9,000.00"
2020-09-20,2020092002004220,LEC,22,58,20,300.00,"6,000.00"
2020-09-20,2020092002004219,LEC,22,54,10,300.00,"3,000.00"
2020-09-20,2020092002004218,LEC,22,18,20,300.00,"6,000.00"
2020-09-20,2020092002004217,LEC,22,39,20,300.00,"6,000.00"
2020-09-20,2020092002004228,LEC,22,56,40,300.00,"12,000.00"
2020-09-20,2020092002004227,LEC,22,21,30,300.00,"9,000.00"
2020-09-20,2020092002004226,LEC,22,34,10,300.00,"3,000.00"
2020-09-20,2020092002004225,LEC,22,43,10,300.00,"3,000.00"
2020-09-20,2020092002004224,LEC,22,45,10,300.00,"3,000.00"
2020-09-20,2020092002004223,LEC,22,55,30,300.00,"9,000.00"
2020-09-20,2020092002004234,LEC,22,46,10,300.00,"3,000.00"
2020-09-20,2020092002004233,LEC,22,50,10,300.00,"3,000.00"
2020-09-20,2020092002004232,LEC,22,29,20,300.00,"6,000.00"
2020-09-20,2020092002004231,LEC,22,5,30,300.00,"9,000.00"
2020-09-20,2020092002004230,LEC,22,57,40,300.00,"12,000.00"
2020-09-20,2020092002004229,LEC,22,14,10,300.00,"3,000.00"
2020-09-20,2020092002004240,LEC,41,48,20,306.00,"6,120.00"
2020-09-20,2020092002004239,LEC,41,52,20,306.00,"6,120.00"
2020-09-20,2020092002004238,LEC,41,59,20,306.00,"6,120.00"
2020-09-20,2020092002004237,LEC,22,14,20,300.00,"6,000.00"
2020-09-20,2020092002004236,LEC,22,45,10,300.00,"3,000.00"
2020-09-20,2020092002004235,LEC,22,47,10,300.00,"3,000.00"
2020-09-20,2020092002004246,LEC,22,48,10,300.00,"3,000.00"
2020-09-20,2020092002004245,LEC,22,29,10,300.00,"3,000.00"
2020-09-20,2020092002004244,LEC,22,49,30,300.00,"9,000.00"
2020-09-20,2020092002004243,LEC,22,50,10,300.00,"3,000.00"
2020-09-20,2020092002004242,LEC,41,39,20,306.00,"6,120.00"
2020-09-20,2020092002004241,LEC,41,17,20,306.00,"6,120.00"
2020-09-20,2020092002004252,LEC,22,53,20,300.00,"6,000.00"
2020-09-20,2020092002004251,LEC,22,29,20,300.00,"6,000.00"
2020-09-20,2020092002004250,LEC,22,3,10,300.00,"3,000.00"
2020-09-20,2020092002004249,LEC,22,49,20,300.00,"6,000.00"
2020-09-20,2020092002004248,LEC,22,17,20,300.00,"6,000.00"
2020-09-20,2020092002004247,LEC,22,49,30,300.00,"9,000.00"
2020-09-20,2020092002003758,LEC,35,16,20,329.00,"6,580.00"
2020-09-20,2020092002003757,LEC,6,16,10,329.00,"3,290.00"
2020-09-20,2020092002003756,LEC,39,52,10,330.00,"3,300.00"
2020-09-20,2020092002003755,LEC,39,29,20,330.00,"6,600.00"
2020-09-20,2020092002003754,LEC,39,41,10,330.00,"3,300.00"
2020-09-20,2020092002003753,LEC,39,14,20,330.00,"6,600.00"
2020-09-20,2020092002003260,LEC,16,48,30,330.00,"9,900.00"
2020-09-20,2020092002003259,LEC,16,33,40,330.00,"13,200.00"
2020-09-20,2020092002003266,LEC,41,58,40,330.00,"13,200.00"
2020-09-20,2020092002003265,LEC,41,14,30,330.00,"9,900.00"
2020-09-20,2020092002003264,LEC,41,51,40,330.00,"13,200.00"
2020-09-20,2020092002003263,LEC,41,1,30,330.00,"9,900.00"
2020-09-20,2020092002003262,LEC,41,36,30,330.00,"9,900.00"
2020-09-20,2020092002003261,LEC,41,48,10,330.00,"3,300.00"
2020-09-20,2020092002003272,LEC,38,6,10,330.00,"3,300.00"
2020-09-20,2020092002003271,LEC,38,56,20,330.00,"6,600.00"
2020-09-20,2020092002003270,LEC,38,57,30,330.00,"9,900.00"
2020-09-20,2020092002003269,LEC,38,41,10,330.00,"3,300.00"
2020-09-20,2020092002003268,LEC,38,46,20,330.00,"6,600.00"
2020-09-20,2020092002003267,LEC,41,46,20,330.00,"6,600.00"
2020-09-20,2020092002003278,LEC,34,37,10,330.00,"3,300.00"
2020-09-20,2020092002003277,LEC,34,41,30,330.00,"9,900.00"
2020-09-20,2020092002003276,LEC,34,34,10,330.00,"3,300.00"
2020-09-20,2020092002003275,LEC,34,42,10,330.00,"3,300.00"
2020-09-20,2020092002003274,LEC,34,11,10,330.00,"3,300.00"
2020-09-20,2020092002003273,LEC,38,49,10,330.00,"3,300.00"
2020-09-20,2020092002003284,LEC,34,38,10,330.00,"3,300.00"
2020-09-20,2020092002003283,LEC,34,14,40,330.00,"13,200.00"
2020-09-20,2020092002003282,LEC,34,51,10,330.00,"3,300.00"
2020-09-20,2020092002003281,LEC,34,34,10,330.00,"3,300.00"
2020-09-20,2020092002003280,LEC,34,52,30,330.00,"9,900.00"
2020-09-20,2020092002003279,LEC,34,6,20,330.00,"6,600.00"
2020-09-20,2020092002003290,LEC,36,3,10,330.00,"3,300.00"
2020-09-20,2020092002003289,LEC,36,57,30,330.00,"9,900.00"
2020-09-20,2020092002003288,LEC,36,38,20,330.00,"6,600.00"
2020-09-20,2020092002003287,LEC,36,43,30,330.00,"9,900.00"
2020-09-20,2020092002003286,LEC,36,25,10,330.00,"3,300.00"
2020-09-20,2020092002003285,LEC,34,25,20,330.00,"6,600.00"
2020-09-20,2020092002003296,LEC,1,36,30,330.00,"9,900.00"
2020-09-20,2020092002003295,LEC,1,41,10,330.00,"3,300.00"
2020-09-20,2020092002003294,LEC,1,40,10,330.00,"3,300.00"
2020-09-20,2020092002003293,LEC,36,56,30,330.00,"9,900.00"
2020-09-20,2020092002003292,LEC,36,14,30,330.00,"9,900.00"
2020-09-20,2020092002003291,LEC,36,1,40,330.00,"13,200.00"
2020-09-20,2020092002003302,LEC,45,34,30,330.00,"9,900.00"
2020-09-20,2020092002003301,LEC,45,43,10,330.00,"3,300.00"
2020-09-20,2020092002003300,LEC,45,53,20,330.00,"6,600.00"
2020-09-20,2020092002003299,LEC,42,39,10,330.00,"3,300.00"
2020-09-20,2020092002003298,LEC,1,39,20,330.00,"6,600.00"
2020-09-20,2020092002003297,LEC,1,19,30,330.00,"9,900.00"
2020-09-20,2020092002003308,LEC,22,38,10,330.00,"3,300.00"
2020-09-20,2020092002003307,LEC,22,25,30,330.00,"9,900.00"
2020-09-20,2020092002003306,LEC,29,25,10,330.00,"3,300.00"
2020-09-20,2020092002003305,LEC,29,54,10,330.00,"3,300.00"
2020-09-20,2020092002003304,LEC,45,54,30,330.00,"9,900.00"
2020-09-20,2020092002003303,LEC,45,34,10,330.00,"3,300.00"
2020-09-20,2020092002003314,LEC,22,14,30,330.00,"9,900.00"
2020-09-20,2020092002003313,LEC,22,28,20,330.00,"6,600.00"
2020-09-20,2020092002003312,LEC,22,34,40,330.00,"13,200.00"
2020-09-20,2020092002003311,LEC,22,38,20,330.00,"6,600.00"
2020-09-20,2020092002003310,LEC,22,35,30,330.00,"9,900.00"
2020-09-20,2020092002003309,LEC,22,38,10,330.00,"3,300.00"
2020-09-20,2020092002003320,LEC,22,17,10,330.00,"3,300.00"
2020-09-20,2020092002003319,LEC,22,6,10,330.00,"3,300.00"
2020-09-20,2020092002003318,LEC,22,22,10,330.00,"3,300.00"
2020-09-20,2020092002003317,LEC,22,25,40,330.00,"13,200.00"
2020-09-20,2020092002003316,LEC,22,38,40,330.00,"13,200.00"
2020-09-20,2020092002003315,LEC,22,56,10,330.00,"3,300.00"
2020-09-20,2020092002003326,LEC,22,55,40,330.00,"13,200.00"
2020-09-20,2020092002003325,LEC,22,1,30,330.00,"9,900.00"
2020-09-20,2020092002003324,LEC,22,56,20,330.00,"6,600.00"
2020-09-20,2020092002003323,LEC,22,51,10,330.00,"3,300.00"
2020-09-20,2020092002003322,LEC,22,35,30,330.00,"9,900.00"
2020-09-20,2020092002003321,LEC,22,57,30,330.00,"9,900.00"
2020-09-20,2020092002003332,LEC,19,28,10,330.00,"3,300.00"
2020-09-20,2020092002003331,LEC,22,28,30,330.00,"9,900.00"
2020-09-20,2020092002003330,LEC,22,3,30,330.00,"9,900.00"
2020-09-20,2020092002003329,LEC,22,14,10,330.00,"3,300.00"
2020-09-20,2020092002003328,LEC,22,34,40,330.00,"13,200.00"
2020-09-20,2020092002003327,LEC,22,48,20,330.00,"6,600.00"
2020-09-20,2020092002003338,LEC,54,58,10,330.00,"3,300.00"
2020-09-20,2020092002003337,LEC,19,58,30,330.00,"9,900.00"
2020-09-20,2020092002003336,LEC,19,38,20,330.00,"6,600.00"
2020-09-20,2020092002003335,LEC,19,3,10,330.00,"3,300.00"
2020-09-20,2020092002003334,LEC,19,38,10,330.00,"3,300.00"
2020-09-20,2020092002003333,LEC,19,34,20,330.00,"6,600.00"
2020-09-20,2020092002003344,LEC,54,6,10,330.00,"3,300.00"
2020-09-20,2020092002003343,LEC,54,38,20,330.00,"6,600.00"
2020-09-20,2020092002003342,LEC,54,52,10,330.00,"3,300.00"
2020-09-20,2020092002003341,LEC,54,43,10,330.00,"3,300.00"
2020-09-20,2020092002003340,LEC,54,43,20,330.00,"6,600.00"
2020-09-20,2020092002003339,LEC,54,57,10,330.00,"3,300.00"
2020-09-20,2020092002003350,LEC,17,17,20,330.00,"6,600.00"
2020-09-20,2020092002003349,LEC,17,50,20,330.00,"6,600.00"
2020-09-20,2020092002003348,LEC,17,1,30,330.00,"9,900.00"
2020-09-20,2020092002003347,LEC,17,40,10,330.00,"3,300.00"
2020-09-20,2020092002003346,LEC,17,56,10,330.00,"3,300.00"
2020-09-20,2020092002003345,LEC,54,56,10,330.00,"3,300.00"
2020-09-20,2020092002003356,LEC,52,57,10,330.00,"3,300.00"
2020-09-20,2020092002003355,LEC,52,4,10,330.00,"3,300.00"
2020-09-20,2020092002003354,LEC,52,52,20,330.00,"6,600.00"
2020-09-20,2020092002003353,LEC,52,36,30,330.00,"9,900.00"
2020-09-20,2020092002003352,LEC,52,14,20,330.00,"6,600.00"
2020-09-20,2020092002003351,LEC,17,14,10,330.00,"3,300.00"
2020-09-20,2020092002003362,LEC,1,51,10,330.00,"3,300.00"
2020-09-20,2020092002003361,LEC,1,36,30,330.00,"9,900.00"
2020-09-20,2020092002003360,LEC,1,48,20,330.00,"6,600.00"
2020-09-20,2020092002003359,LEC,1,38,10,330.00,"3,300.00"
2020-09-20,2020092002003358,LEC,1,35,40,330.00,"13,200.00"
2020-09-20,2020092002003357,LEC,1,57,20,330.00,"6,600.00"
2020-09-20,2020092002003368,LEC,52,21,10,330.00,"3,300.00"
2020-09-20,2020092002003367,LEC,52,42,20,330.00,"6,600.00"
2020-09-20,2020092002003366,LEC,52,53,40,330.00,"13,200.00"
2020-09-20,2020092002003365,LEC,1,46,10,330.00,"3,300.00"
2020-09-20,2020092002003364,LEC,1,52,10,330.00,"3,300.00"
2020-09-20,2020092002003363,LEC,1,6,10,330.00,"3,300.00"
2020-09-20,2020092002003374,LEC,38,38,10,330.00,"3,300.00"
2020-09-20,2020092002003373,LEC,52,1,40,330.00,"13,200.00"
2020-09-20,2020092002003372,LEC,52,32,40,330.00,"13,200.00"
2020-09-20,2020092002003371,LEC,52,22,10,330.00,"3,300.00"
2020-09-20,2020092002003370,LEC,52,49,20,330.00,"6,600.00"
2020-09-20,2020092002003369,LEC,52,35,20,330.00,"6,600.00"
2020-09-20,2020092002003380,LEC,44,54,30,330.00,"9,900.00"
2020-09-20,2020092002003379,LEC,44,14,30,330.00,"9,900.00"
2020-09-20,2020092002003378,LEC,44,40,10,330.00,"3,300.00"
2020-09-20,2020092002003377,LEC,44,34,40,330.00,"13,200.00"
2020-09-20,2020092002003376,LEC,51,57,20,330.00,"6,600.00"
2020-09-20,2020092002003375,LEC,38,57,10,330.00,"3,300.00"
2020-09-20,2020092002003386,LEC,44,1,40,330.00,"13,200.00"
2020-09-20,2020092002003385,LEC,44,34,20,330.00,"6,600.00"
2020-09-20,2020092002003384,LEC,44,45,30,330.00,"9,900.00"
2020-09-20,2020092002003383,LEC,44,25,20,330.00,"6,600.00"
2020-09-20,2020092002003382,LEC,44,6,10,330.00,"3,300.00"
2020-09-20,2020092002003381,LEC,44,17,10,330.00,"3,300.00"
2020-09-20,2020092002003392,LEC,44,34,40,330.00,"13,200.00"
2020-09-20,2020092002003391,LEC,44,29,10,330.00,"3,300.00"
2020-09-20,2020092002003390,LEC,44,53,40,330.00,"13,200.00"
2020-09-20,2020092002003389,LEC,44,29,10,330.00,"3,300.00"
2020-09-20,2020092002003388,LEC,44,46,30,330.00,"9,900.00"
2020-09-20,2020092002003387,LEC,44,57,30,330.00,"9,900.00"
2020-09-20,2020092002003398,LEC,44,21,10,330.00,"3,300.00"
2020-09-20,2020092002003397,LEC,44,22,10,330.00,"3,300.00"
2020-09-20,2020092002003396,LEC,44,8,20,330.00,"6,600.00"
2020-09-20,2020092002003395,LEC,44,40,10,330.00,"3,300.00"
2020-09-20,2020092002003394,LEC,44,45,40,330.00,"13,200.00"
2020-09-20,2020092002003393,LEC,44,38,10,330.00,"3,300.00"
2020-09-20,2020092002003404,LEC,49,46,10,330.00,"3,300.00"
2020-09-20,2020092002003403,LEC,49,14,30,330.00,"9,900.00"
2020-09-20,2020092002003402,LEC,49,3,10,330.00,"3,300.00"
2020-09-20,2020092002003401,LEC,49,53,20,330.00,"6,600.00"
2020-09-20,2020092002003400,LEC,49,13,20,330.00,"6,600.00"
2020-09-20,2020092002003399,LEC,58,13,10,330.00,"3,300.00"
2020-09-20,2020092002003410,LEC,49,38,10,330.00,"3,300.00"
2020-09-20,2020092002003409,LEC,49,21,10,330.00,"3,300.00"
2020-09-20,2020092002003408,LEC,49,35,40,330.00,"13,200.00"
2020-09-20,2020092002003407,LEC,49,49,40,330.00,"13,200.00"
2020-09-20,2020092002003406,LEC,49,28,20,330.00,"6,600.00"
2020-09-20,2020092002003405,LEC,49,56,30,330.00,"9,900.00"
2020-09-20,2020092002003416,LEC,49,6,10,330.00,"3,300.00"
2020-09-20,2020092002003415,LEC,49,52,10,330.00,"3,300.00"
2020-09-20,2020092002003414,LEC,49,5,30,330.00,"9,900.00"
2020-09-20,2020092002003413,LEC,49,52,30,330.00,"9,900.00"
2020-09-20,2020092002003412,LEC,49,43,10,330.00,"3,300.00"
2020-09-20,2020092002003411,LEC,49,8,20,330.00,"6,600.00"
2020-09-20,2020092002003422,LEC,53,26,10,330.00,"3,300.00"
2020-09-20,2020092002003421,LEC,53,35,10,330.00,"3,300.00"
2020-09-20,2020092002003420,LEC,49,35,10,330.00,"3,300.00"
2020-09-20,2020092002003419,LEC,49,3,10,330.00,"3,300.00"
2020-09-20,2020092002003418,LEC,49,37,10,330.00,"3,300.00"
2020-09-20,2020092002003417,LEC,49,8,20,330.00,"6,600.00"
2020-09-20,2020092002003428,LEC,53,38,10,330.00,"3,300.00"
2020-09-20,2020092002003427,LEC,53,19,20,330.00,"6,600.00"
2020-09-20,2020092002003426,LEC,53,21,40,330.00,"13,200.00"
2020-09-20,2020092002003425,LEC,53,21,10,330.00,"3,300.00"
2020-09-20,2020092002003424,LEC,53,48,10,330.00,"3,300.00"
2020-09-20,2020092002003423,LEC,53,49,20,330.00,"6,600.00"
2020-09-20,2020092002003434,LEC,53,45,40,330.00,"13,200.00"
2020-09-20,2020092002003433,LEC,53,41,20,330.00,"6,600.00"
2020-09-20,2020092002003432,LEC,53,45,30,330.00,"9,900.00"
2020-09-20,2020092002003431,LEC,53,57,10,330.00,"3,300.00"
2020-09-20,2020092002003430,LEC,53,57,10,330.00,"3,300.00"
2020-09-20,2020092002003429,LEC,53,52,20,330.00,"6,600.00"
2020-09-20,2020092002003440,LEC,53,47,30,330.00,"9,900.00"
2020-09-20,2020092002003439,LEC,53,44,10,330.00,"3,300.00"
2020-09-20,2020092002003438,LEC,53,43,20,330.00,"6,600.00"
2020-09-20,2020092002003437,LEC,53,8,20,330.00,"6,600.00"
2020-09-20,2020092002003436,LEC,53,34,30,330.00,"9,900.00"
2020-09-20,2020092002003435,LEC,53,29,10,330.00,"3,300.00"
2020-09-20,2020092002003446,LEC,53,49,20,330.00,"6,600.00"
2020-09-20,2020092002003445,LEC,53,34,20,330.00,"6,600.00"
