Date,Transact. No.,Symbol,Buyer,Seller,Quantity,Rate,Amount
2020-02-18,2020021801020819,ADBL,39,58,10,398.00,"3,980.00"
2020-02-18,2020021801020802,ADBL,43,53,300,395.00,"118,500.00"
2020-02-18,2020021801020801,ADBL,14,53,700,396.00,"277,200.00"
2020-02-18,2020021801020844,AKPL,45,45,500,137.00,"68,500.00"
2020-02-18,2020021801020843,AKPL,13,45,100,137.00,"13,700.00"
2020-02-18,2020021801020842,AKPL,43,45,500,137.00,"68,500.00"
2020-02-18,2020021801020840,AKPL,5,40,"2,000",138.00,"276,000.00"
2020-02-18,2020021801020657,AKPL,58,40,"1,000",138.00,"138,000.00"
2020-02-18,2020021801020604,AKPL,45,40,100,138.00,"13,800.00"
2020-02-18,2020021801020778,ALBSL,34,25,128,780.00,"99,840.00"
2020-02-18,2020021801020777,ALBSL,34,7,500,780.00,"390,000.00"
2020-02-18,2020021801020770,ALBSL,34,1,50,775.00,"38,750.00"
2020-02-18,2020021801020776,ALBSL,34,36,50,780.00,"39,000.00"
2020-02-18,2020021801020775,ALBSL,34,28,50,779.00,"38,950.00"
2020-02-18,2020021801020774,ALBSL,34,1,20,777.00,"15,540.00"
2020-02-18,2020021801020773,ALBSL,34,33,52,777.00,"40,404.00"
2020-02-18,2020021801020772,ALBSL,34,1,50,776.00,"38,800.00"
2020-02-18,2020021801020771,ALBSL,34,40,100,776.00,"77,600.00"
2020-02-18,2020021801020804,ALICL,5,26,200,632.00,"126,400.00"
2020-02-18,2020021801020735,ALICL,45,26,200,630.00,"126,000.00"
2020-02-18,2020021801020734,ALICL,32,7,10,629.00,"6,290.00"
2020-02-18,2020021801020639,ALICL,22,7,410,629.00,"257,890.00"
2020-02-18,2020021801020638,ALICL,22,45,90,628.00,"56,520.00"
2020-02-18,2020021801020586,ALICL,16,45,110,628.00,"69,080.00"
2020-02-18,2020021801020585,ALICL,58,45,100,628.00,"62,800.00"
2020-02-18,2020021801020553,ALICL,36,7,80,629.00,"50,320.00"
2020-02-18,2020021801020539,ALICL,36,43,52,629.00,"32,708.00"
2020-02-18,2020021801020423,ALICL,16,16,90,630.00,"56,700.00"
2020-02-18,2020021801020607,API,25,45,50,139.00,"6,950.00"
2020-02-18,2020021801020584,API,49,25,"1,500",138.00,"207,000.00"
2020-02-18,2020021801020494,API,11,25,500,138.00,"69,000.00"
2020-02-18,2020021801020741,BFC,55,32,449,109.00,"48,941.00"
2020-02-18,2020021801020788,BPCL,28,37,10,347.00,"3,470.00"
2020-02-18,2020021801020650,BPCL,53,3,300,345.00,"103,500.00"
2020-02-18,2020021801020592,BPCL,45,3,100,345.00,"34,500.00"
2020-02-18,2020021801020591,BPCL,36,3,100,345.00,"34,500.00"
2020-02-18,2020021801020652,CBL,32,40,20,154.00,"3,080.00"
2020-02-18,2020021801020421,CCBL,45,45,373,187.00,"69,751.00"
2020-02-18,2020021801020420,CCBL,45,22,127,187.00,"23,749.00"
2020-02-18,2020021801020471,CFCL,45,43,173,150.00,"25,950.00"
2020-02-18,2020021801020374,CFCL,4,43,316,150.00,"47,400.00"
2020-02-18,2020021801020462,CHCL,35,53,100,424.00,"42,400.00"
2020-02-18,2020021801020748,CIT,33,46,20,"2,750.00","55,000.00"
2020-02-18,2020021801020690,CIT,33,3,80,"2,750.00","220,000.00"
2020-02-18,2020021801020535,CIT,49,37,20,"2,755.00","55,100.00"
2020-02-18,2020021801020534,CIT,49,51,25,"2,754.00","68,850.00"
2020-02-18,2020021801020848,DDBL,21,14,67,885.00,"59,295.00"
2020-02-18,2020021801020847,DDBL,21,1,33,885.00,"29,205.00"
2020-02-18,2020021801020846,DDBL,49,1,167,885.00,"147,795.00"
2020-02-18,2020021801020808,DDBL,3,6,32,886.00,"28,352.00"
2020-02-18,2020021801020807,DDBL,39,6,300,886.00,"265,800.00"
2020-02-18,2020021801020762,DDBL,39,29,200,886.00,"177,200.00"
2020-02-18,2020021801020683,DDBL,29,6,40,888.00,"35,520.00"
2020-02-18,2020021801020605,DDBL,29,17,100,888.00,"88,800.00"
2020-02-18,2020021801020583,DDBL,3,17,40,888.00,"35,520.00"
2020-02-18,2020021801020526,DDBL,49,17,60,888.00,"53,280.00"
2020-02-18,2020021801020525,DDBL,39,17,50,888.00,"44,400.00"
2020-02-18,2020021801020380,DDBL,21,14,100,890.00,"89,000.00"
2020-02-18,2020021801020610,EBL,36,44,800,665.00,"532,000.00"
2020-02-18,2020021801020609,EBL,25,44,100,666.00,"66,600.00"
2020-02-18,2020021801020608,EBL,58,44,100,666.00,"66,600.00"
2020-02-18,2020021801020733,EBL,50,44,500,669.00,"334,500.00"
2020-02-18,2020021801020706,EBL,50,44,10,669.00,"6,690.00"
2020-02-18,2020021801020780,EBL,6,35,10,670.00,"6,700.00"
2020-02-18,2020021801020779,EBL,6,44,490,669.00,"327,810.00"
2020-02-18,2020021801020791,EDBL,4,57,100,365.00,"36,500.00"
2020-02-18,2020021801020707,EDBL,4,43,50,365.00,"18,250.00"
2020-02-18,2020021801020766,EIC,17,17,50,448.00,"22,400.00"
2020-02-18,2020021801020698,EIC,10,17,100,448.00,"44,800.00"
2020-02-18,2020021801020597,EIC,51,17,220,445.00,"97,900.00"
2020-02-18,2020021801020596,EIC,16,17,300,445.00,"133,500.00"
2020-02-18,2020021801020595,EIC,37,17,480,446.00,"214,080.00"
2020-02-18,2020021801020446,EIC,45,17,55,448.00,"24,640.00"
2020-02-18,2020021801020437,EIC,37,3,20,446.00,"8,920.00"
2020-02-18,2020021801020397,EIC,58,17,120,448.00,"53,760.00"
2020-02-18,2020021801020633,FMDBL,22,34,500,488.00,"244,000.00"
2020-02-18,2020021801020594,FMDBL,57,51,500,487.00,"243,500.00"
2020-02-18,2020021801020505,FMDBL,57,14,49,486.00,"23,814.00"
2020-02-18,2020021801020504,FMDBL,57,6,149,485.00,"72,265.00"
2020-02-18,2020021801020503,FMDBL,57,34,10,485.00,"4,850.00"
2020-02-18,2020021801020502,FMDBL,57,56,90,484.00,"43,560.00"
2020-02-18,2020021801020450,FMDBL,43,34,"1,000",483.00,"483,000.00"
2020-02-18,2020021801020419,FMDBL,39,58,351,480.00,"168,480.00"
2020-02-18,2020021801020378,FMDBL,39,28,500,480.00,"240,000.00"
2020-02-18,2020021801020377,FMDBL,39,16,100,480.00,"48,000.00"
2020-02-18,2020021801020376,FMDBL,39,36,100,480.00,"48,000.00"
2020-02-18,2020021801020790,FOWAD,5,57,48,"1,576.00","75,648.00"
2020-02-18,2020021801020458,GBIME,32,45,200,286.00,"57,200.00"
2020-02-18,2020021801020455,GBIME,37,45,50,286.00,"14,300.00"
2020-02-18,2020021801020747,GBLBS,16,26,10,499.00,"4,990.00"
2020-02-18,2020021801020497,GFCL,34,26,210,152.00,"31,920.00"
2020-02-18,2020021801020496,GFCL,34,44,290,152.00,"44,080.00"
2020-02-18,2020021801020611,GGBSL,39,25,10,903.00,"9,030.00"
2020-02-18,2020021801020551,GGBSL,38,25,30,905.00,"27,150.00"
2020-02-18,2020021801020477,GGBSL,38,25,40,905.00,"36,200.00"
2020-02-18,2020021801020813,GLICL,34,45,82,813.00,"66,666.00"
2020-02-18,2020021801020794,GLICL,45,45,300,813.00,"243,900.00"
2020-02-18,2020021801020793,GLICL,45,45,100,813.00,"81,300.00"
2020-02-18,2020021801020792,GLICL,53,45,10,817.00,"8,170.00"
2020-02-18,2020021801020536,GLICL,6,22,50,812.00,"40,600.00"
2020-02-18,2020021801020528,GLICL,6,16,80,812.00,"64,960.00"
2020-02-18,2020021801020491,GLICL,7,16,100,812.00,"81,200.00"
2020-02-18,2020021801020478,GLICL,45,22,50,811.00,"40,550.00"
2020-02-18,2020021801020448,GLICL,45,22,50,811.00,"40,550.00"
2020-02-18,2020021801020439,GLICL,42,16,20,812.00,"16,240.00"
2020-02-18,2020021801020373,GLICL,6,16,300,812.00,"243,600.00"
2020-02-18,2020021801020830,GMFBS,54,43,10,976.00,"9,760.00"
2020-02-18,2020021801020701,GMFBS,34,28,10,995.00,"9,950.00"
2020-02-18,2020021801020662,GMFBS,34,38,25,984.00,"24,600.00"
2020-02-18,2020021801020661,GMFBS,34,57,100,980.00,"98,000.00"
2020-02-18,2020021801020760,HBL,39,45,20,569.00,"11,380.00"
2020-02-18,2020021801020580,HBL,32,45,10,569.00,"5,690.00"
2020-02-18,2020021801020481,HBL,34,55,200,566.00,"113,200.00"
2020-02-18,2020021801020480,HBL,34,55,500,566.00,"283,000.00"
2020-02-18,2020021801020395,HBL,55,55,500,566.00,"283,000.00"
2020-02-18,2020021801020712,HDL,14,6,155,"1,429.00","221,495.00"
2020-02-18,2020021801020711,HDL,14,48,45,"1,425.00","64,125.00"
2020-02-18,2020021801020616,HDL,58,48,65,"1,425.00","92,625.00"
2020-02-18,2020021801020615,HDL,22,48,20,"1,428.00","28,560.00"
2020-02-18,2020021801020614,HDL,14,48,50,"1,429.00","71,450.00"
2020-02-18,2020021801020613,HDL,57,48,20,"1,429.00","28,580.00"
2020-02-18,2020021801020417,HDL,29,57,40,"1,430.00","57,200.00"
2020-02-18,2020021801020500,HDL,57,20,10,"1,429.00","14,290.00"
2020-02-18,2020021801020483,HDL,57,22,20,"1,429.00","28,580.00"
2020-02-18,2020021801020482,HDL,25,22,180,"1,429.00","257,220.00"
2020-02-18,2020021801020472,HDL,25,17,100,"1,429.00","142,900.00"
2020-02-18,2020021801020427,HDL,45,44,50,"1,430.00","71,500.00"
2020-02-18,2020021801020418,HDL,29,44,60,"1,430.00","85,800.00"
2020-02-18,2020021801020718,HGI,45,46,30,444.00,"13,320.00"
2020-02-18,2020021801020715,HGI,33,25,100,440.00,"44,000.00"
2020-02-18,2020021801020714,HGI,57,25,400,440.00,"176,000.00"
2020-02-18,2020021801020490,HGI,57,3,100,440.00,"44,000.00"
2020-02-18,2020021801020489,HGI,52,3,100,440.00,"44,000.00"
2020-02-18,2020021801020466,HGI,16,3,200,442.00,"88,400.00"
2020-02-18,2020021801020465,HGI,51,3,200,443.00,"88,600.00"
2020-02-18,2020021801020663,HIDCL,29,35,150,139.00,"20,850.00"
2020-02-18,2020021801020533,HIDCL,25,17,63,138.00,"8,694.00"
2020-02-18,2020021801020511,HIDCL,25,22,61,138.00,"8,418.00"
2020-02-18,2020021801020365,HIDCL,50,26,798,137.00,"109,326.00"
2020-02-18,2020021801020364,HIDCL,51,26,200,138.00,"27,600.00"
2020-02-18,2020021801020623,ICFC,48,4,183,182.00,"33,306.00"
2020-02-18,2020021801020379,ICFC,47,4,200,182.00,"36,400.00"
2020-02-18,2020021801020845,IGI,3,55,10,477.00,"4,770.00"
2020-02-18,2020021801020818,ILBS,10,13,10,917.00,"9,170.00"
2020-02-18,2020021801020498,JBBL,57,22,270,191.00,"51,570.00"
2020-02-18,2020021801020694,KBL,34,28,778,197.00,"153,266.00"
2020-02-18,2020021801020593,KBL,49,35,100,196.00,"19,600.00"
2020-02-18,2020021801020366,KBL,19,28,45,197.00,"8,865.00"
2020-02-18,2020021801020362,KBL,49,28,41,197.00,"8,077.00"
2020-02-18,2020021801020612,KSBBL,33,44,607,168.00,"101,976.00"
2020-02-18,2020021801020636,LBBL,46,6,339,194.00,"65,766.00"
2020-02-18,2020021801020635,LBBL,46,44,832,194.00,"161,408.00"
2020-02-18,2020021801020634,LBBL,46,13,200,194.00,"38,800.00"
2020-02-18,2020021801020460,LBBL,57,44,168,194.00,"32,592.00"
2020-02-18,2020021801020459,LBBL,57,29,32,194.00,"6,208.00"
2020-02-18,2020021801020685,LBL,28,44,100,232.00,"23,200.00"
2020-02-18,2020021801020571,LBL,14,44,100,232.00,"23,200.00"
2020-02-18,2020021801020422,LBL,58,6,609,231.00,"140,679.00"
2020-02-18,2020021801020532,LGIL,1,43,145,523.00,"75,835.00"
2020-02-18,2020021801020531,LGIL,32,43,25,523.00,"13,075.00"
2020-02-18,2020021801020468,LGIL,45,32,20,525.00,"10,500.00"
2020-02-18,2020021801020765,LICN,17,53,480,"1,390.00","667,200.00"
2020-02-18,2020021801020764,LICN,17,34,10,"1,390.00","13,900.00"
2020-02-18,2020021801020763,LICN,17,11,10,"1,390.00","13,900.00"
2020-02-18,2020021801020757,LICN,25,11,10,"1,390.00","13,900.00"
2020-02-18,2020021801020660,LICN,52,36,100,"1,387.00","138,700.00"
2020-02-18,2020021801020689,LVF1,51,43,"4,732",9.61,"45,474.52"
2020-02-18,2020021801020688,LVF1,51,43,"1,700",9.61,"16,337.00"
2020-02-18,2020021801020857,MBL,34,45,"1,000",241.00,"241,000.00"
2020-02-18,2020021801020567,MBL,57,55,35,240.00,"8,400.00"
2020-02-18,2020021801020732,MDB,34,29,527,356.00,"187,612.00"
2020-02-18,2020021801020620,MDB,43,29,100,356.00,"35,600.00"
2020-02-18,2020021801020598,MDB,43,29,100,356.00,"35,600.00"
2020-02-18,2020021801020640,MEGA,43,34,10,212.00,"2,120.00"
2020-02-18,2020021801020456,MEGA,1,29,99,211.00,"20,889.00"
2020-02-18,2020021801020398,MEGA,47,29,141,211.00,"29,751.00"
2020-02-18,2020021801020649,MERO,25,29,130,676.00,"87,880.00"
2020-02-18,2020021801020648,MERO,25,34,30,676.00,"20,280.00"
2020-02-18,2020021801020647,MERO,25,45,100,676.00,"67,600.00"
2020-02-18,2020021801020746,MHNL,35,29,10,97.00,970.00
2020-02-18,2020021801020740,MLBL,6,6,100,220.00,"22,000.00"
2020-02-18,2020021801020559,MLBL,4,48,203,219.00,"44,457.00"
2020-02-18,2020021801020558,MLBL,4,48,297,219.00,"65,043.00"
2020-02-18,2020021801020499,MLBL,4,1,122,219.00,"26,718.00"
2020-02-18,2020021801020812,MNBBL,54,16,100,330.00,"33,000.00"
2020-02-18,2020021801020805,MNBBL,57,16,10,330.00,"3,300.00"
2020-02-18,2020021801020752,MNBBL,49,14,630,328.00,"206,640.00"
2020-02-18,2020021801020447,MNBBL,49,10,40,328.00,"13,120.00"
2020-02-18,2020021801020445,MNBBL,13,16,10,330.00,"3,300.00"
2020-02-18,2020021801020441,MNBBL,49,34,330,328.00,"108,240.00"
2020-02-18,2020021801020561,NABIL,50,35,10,753.00,"7,530.00"
2020-02-18,2020021801020821,NADEP,53,1,39,769.00,"29,991.00"
2020-02-18,2020021801020820,NADEP,53,19,11,769.00,"8,459.00"
2020-02-18,2020021801020582,NADEP,44,58,173,765.00,"132,345.00"
2020-02-18,2020021801020581,NADEP,49,58,20,766.00,"15,320.00"
2020-02-18,2020021801020745,NBB,25,48,200,212.00,"42,400.00"
2020-02-18,2020021801020710,NBB,26,48,23,212.00,"4,876.00"
2020-02-18,2020021801020709,NBB,26,59,77,212.00,"16,324.00"
2020-02-18,2020021801020603,NBB,6,48,130,211.00,"27,430.00"
2020-02-18,2020021801020579,NBB,6,48,70,211.00,"14,770.00"
2020-02-18,2020021801020476,NBB,44,45,321,210.00,"67,410.00"
2020-02-18,2020021801020475,NBB,6,45,79,210.00,"16,590.00"
2020-02-18,2020021801020578,NBB,6,57,100,211.00,"21,100.00"
2020-02-18,2020021801020577,NBB,6,19,200,211.00,"42,200.00"
2020-02-18,2020021801020576,NBB,6,32,"1,000",211.00,"211,000.00"
2020-02-18,2020021801020575,NBB,6,13,100,211.00,"21,100.00"
2020-02-18,2020021801020574,NBB,6,54,500,211.00,"105,500.00"
2020-02-18,2020021801020573,NBB,6,41,130,211.00,"27,430.00"
2020-02-18,2020021801020849,NBL,33,28,10,272.00,"2,720.00"
2020-02-18,2020021801020754,NBL,33,39,50,271.00,"13,550.00"
2020-02-18,2020021801020360,NCCB,52,6,100,197.00,"19,700.00"
2020-02-18,2020021801020568,NGPL,21,34,10,140.00,"1,400.00"
2020-02-18,2020021801020796,NHPC,58,33,10,60.00,600.00
2020-02-18,2020021801020590,NHPC,25,36,"5,000",59.00,"295,000.00"
2020-02-18,2020021801020731,NIB,53,37,100,387.00,"38,700.00"
2020-02-18,2020021801020700,NIB,36,37,368,387.00,"142,416.00"
2020-02-18,2020021801020699,NIB,36,22,172,387.00,"66,564.00"
2020-02-18,2020021801020557,NIB,36,58,"1,000",386.00,"386,000.00"
2020-02-18,2020021801020556,NIB,36,49,200,386.00,"77,200.00"
2020-02-18,2020021801020555,NIB,36,6,30,385.00,"11,550.00"
2020-02-18,2020021801020506,NIB,6,48,100,383.00,"38,300.00"
2020-02-18,2020021801020554,NIB,36,26,230,384.00,"88,320.00"
2020-02-18,2020021801020552,NIB,49,26,100,384.00,"38,400.00"
2020-02-18,2020021801020510,NIB,49,48,60,383.00,"22,980.00"
2020-02-18,2020021801020509,NIB,35,48,100,383.00,"38,300.00"
2020-02-18,2020021801020508,NIB,51,48,40,383.00,"15,320.00"
2020-02-18,2020021801020507,NIB,6,48,100,383.00,"38,300.00"
2020-02-18,2020021801020599,NIBPO,20,4,366,335.00,"122,610.00"
2020-02-18,2020021801020530,NIBPO,25,4,"1,000",335.00,"335,000.00"
2020-02-18,2020021801020529,NIBPO,45,4,634,335.00,"212,390.00"
2020-02-18,2020021801020434,NIBPO,14,42,200,337.00,"67,400.00"
2020-02-18,2020021801020369,NIBPO,14,42,250,337.00,"84,250.00"
2020-02-18,2020021801020487,NIBPO,45,4,366,335.00,"122,610.00"
2020-02-18,2020021801020486,NIBPO,14,4,100,335.00,"33,500.00"
2020-02-18,2020021801020485,NIBPO,45,4,"1,000",335.00,"335,000.00"
2020-02-18,2020021801020484,NIBPO,22,4,534,335.00,"178,890.00"
2020-02-18,2020021801020464,NIBPO,14,49,50,337.00,"16,850.00"
2020-02-18,2020021801020463,NIBPO,14,42,50,337.00,"16,850.00"
2020-02-18,2020021801020756,NICA,49,58,40,548.00,"21,920.00"
2020-02-18,2020021801020717,NICA,50,55,50,549.00,"27,450.00"
2020-02-18,2020021801020716,NICA,28,55,63,549.00,"34,587.00"
2020-02-18,2020021801020560,NICA,28,38,10,550.00,"5,500.00"
2020-02-18,2020021801020440,NICA,28,45,86,549.00,"47,214.00"
2020-02-18,2020021801020438,NICA,28,25,300,549.00,"164,700.00"
2020-02-18,2020021801020412,NICA,28,48,51,549.00,"27,999.00"
2020-02-18,2020021801020411,NICA,28,48,249,549.00,"136,701.00"
2020-02-18,2020021801020408,NICA,28,22,100,549.00,"54,900.00"
2020-02-18,2020021801020750,NICAD8283,17,48,100,"1,003.00","100,300.00"
2020-02-18,2020021801020600,NICGF,7,1,500,9.43,"4,715.00"
2020-02-18,2020021801020781,NICL,49,26,"1,315",469.00,"616,735.00"
2020-02-18,2020021801020767,NICL,43,22,10,470.00,"4,700.00"
2020-02-18,2020021801020749,NICL,49,57,100,469.00,"46,900.00"
2020-02-18,2020021801020670,NICL,51,57,200,470.00,"94,000.00"
2020-02-18,2020021801020631,NICL,49,44,"2,000",469.00,"938,000.00"
2020-02-18,2020021801020630,NICL,49,45,"1,000",468.00,"468,000.00"
2020-02-18,2020021801020493,NICL,34,26,548,466.00,"255,368.00"
2020-02-18,2020021801020467,NICL,34,57,100,466.00,"46,600.00"
2020-02-18,2020021801020629,NICL,49,59,528,467.00,"246,576.00"
2020-02-18,2020021801020628,NICL,49,42,110,467.00,"51,370.00"
2020-02-18,2020021801020627,NICL,49,7,365,467.00,"170,455.00"
2020-02-18,2020021801020626,NICL,49,51,30,467.00,"14,010.00"
2020-02-18,2020021801020625,NICL,49,50,"1,500",466.00,"699,000.00"
2020-02-18,2020021801020624,NICL,49,26,52,466.00,"24,232.00"
2020-02-18,2020021801020858,NIL,50,43,10,602.00,"6,020.00"
2020-02-18,2020021801020426,NIL,57,16,100,609.00,"60,900.00"
2020-02-18,2020021801020837,NLG,34,35,20,723.00,"14,460.00"
2020-02-18,2020021801020836,NLG,52,35,20,723.00,"14,460.00"
2020-02-18,2020021801020835,NLG,48,35,30,723.00,"21,690.00"
2020-02-18,2020021801020736,NLG,48,35,70,723.00,"50,610.00"
2020-02-18,2020021801020518,NLG,5,35,7,713.00,"4,991.00"
2020-02-18,2020021801020517,NLG,54,35,33,719.00,"23,727.00"
2020-02-18,2020021801020442,NLG,54,35,17,719.00,"12,223.00"
2020-02-18,2020021801020368,NLG,35,35,70,723.00,"50,610.00"
2020-02-18,2020021801020827,NLIC,32,34,72,"1,195.00","86,040.00"
2020-02-18,2020021801020826,NLIC,32,26,44,"1,193.00","52,492.00"
2020-02-18,2020021801020825,NLIC,32,51,50,"1,192.00","59,600.00"
2020-02-18,2020021801020824,NLIC,32,33,28,"1,192.00","33,376.00"
2020-02-18,2020021801020823,NLIC,32,10,106,"1,190.00","126,140.00"
2020-02-18,2020021801020789,NLIC,55,10,50,"1,190.00","59,500.00"
2020-02-18,2020021801020668,NLIC,34,10,44,"1,190.00","52,360.00"
2020-02-18,2020021801020667,NLIC,19,10,50,"1,190.00","59,500.00"
2020-02-18,2020021801020666,NLIC,34,10,50,"1,190.00","59,500.00"
2020-02-18,2020021801020436,NLIC,17,33,600,"1,192.00","715,200.00"
2020-02-18,2020021801020363,NLIC,33,33,100,"1,192.00","119,200.00"
2020-02-18,2020021801020538,NLICL,3,33,100,695.00,"69,500.00"
2020-02-18,2020021801020537,NLICL,3,40,11,695.00,"7,645.00"
2020-02-18,2020021801020755,NMB,55,1,145,410.00,"59,450.00"
2020-02-18,2020021801020587,NMB,28,58,10,411.00,"4,110.00"
2020-02-18,2020021801020492,NMB,58,1,381,410.00,"156,210.00"
2020-02-18,2020021801020416,NMB,58,10,40,410.00,"16,400.00"
2020-02-18,2020021801020394,NMB,58,10,700,410.00,"287,000.00"
2020-02-18,2020021801020393,NMB,58,25,10,410.00,"4,100.00"
2020-02-18,2020021801020386,NMB,58,44,"1,000",410.00,"410,000.00"
2020-02-18,2020021801020385,NMB,58,52,200,410.00,"82,000.00"
2020-02-18,2020021801020384,NMB,58,16,960,410.00,"393,600.00"
2020-02-18,2020021801020383,NMB,58,14,"1,798",409.00,"735,382.00"
2020-02-18,2020021801020382,NMB,58,35,49,409.00,"20,041.00"
2020-02-18,2020021801020381,NMB,58,41,"1,000",409.00,"409,000.00"
2020-02-18,2020021801020392,NMB,58,45,"1,000",410.00,"410,000.00"
2020-02-18,2020021801020391,NMB,58,29,"1,000",410.00,"410,000.00"
2020-02-18,2020021801020390,NMB,58,34,100,410.00,"41,000.00"
2020-02-18,2020021801020389,NMB,58,17,200,410.00,"82,000.00"
2020-02-18,2020021801020388,NMB,58,8,25,410.00,"10,250.00"
2020-02-18,2020021801020387,NMB,58,34,37,410.00,"15,170.00"
2020-02-18,2020021801020451,NMBMF,58,1,89,943.00,"83,927.00"
2020-02-18,2020021801020658,NTC,19,34,100,624.00,"62,400.00"
2020-02-18,2020021801020479,NTC,50,34,10,624.00,"6,240.00"
2020-02-18,2020021801020372,NTC,28,34,10,622.00,"6,220.00"
2020-02-18,2020021801020828,OHL,29,7,50,480.00,"24,000.00"
2020-02-18,2020021801020841,PCBL,50,28,"2,000",285.00,"570,000.00"
2020-02-18,2020021801020815,PCBL,50,28,"2,000",285.00,"570,000.00"
2020-02-18,2020021801020806,PCBL,4,22,"2,045",284.00,"580,780.00"
2020-02-18,2020021801020739,PCBL,4,49,100,284.00,"28,400.00"
2020-02-18,2020021801020852,PFL,13,6,107,162.00,"17,334.00"
2020-02-18,2020021801020851,PFL,13,13,39,162.00,"6,318.00"
2020-02-18,2020021801020850,PFL,13,52,54,161.00,"8,694.00"
2020-02-18,2020021801020832,PFL,35,52,120,161.00,"19,320.00"
2020-02-18,2020021801020470,PFL,1,1,365,160.00,"58,400.00"
2020-02-18,2020021801020469,PFL,34,1,248,160.00,"39,680.00"
2020-02-18,2020021801020444,PFL,34,58,26,160.00,"4,160.00"
2020-02-18,2020021801020443,PFL,34,58,26,160.00,"4,160.00"
2020-02-18,2020021801020758,PIC,32,45,200,654.00,"130,800.00"
2020-02-18,2020021801020527,PIC,25,45,16,654.00,"10,464.00"
2020-02-18,2020021801020524,PIC,49,45,379,650.00,"246,350.00"
2020-02-18,2020021801020523,PIC,25,45,100,650.00,"65,000.00"
2020-02-18,2020021801020522,PIC,48,45,171,650.00,"111,150.00"
2020-02-18,2020021801020521,PIC,48,45,150,651.00,"97,650.00"
2020-02-18,2020021801020520,PIC,49,45,100,651.00,"65,100.00"
2020-02-18,2020021801020519,PIC,52,45,100,652.00,"65,200.00"
2020-02-18,2020021801020424,PIC,53,45,200,653.00,"130,600.00"
2020-02-18,2020021801020399,PIC,53,45,250,653.00,"163,250.00"
2020-02-18,2020021801020665,PICL,45,43,37,525.00,"19,425.00"
2020-02-18,2020021801020664,PICL,45,39,63,525.00,"33,075.00"
2020-02-18,2020021801020768,PLIC,54,7,50,615.00,"30,750.00"
2020-02-18,2020021801020713,PLIC,54,6,300,614.00,"184,200.00"
2020-02-18,2020021801020651,PLIC,54,6,100,614.00,"61,400.00"
2020-02-18,2020021801020602,PLIC,29,6,100,614.00,"61,400.00"
2020-02-18,2020021801020548,PLIC,54,7,50,615.00,"30,750.00"
2020-02-18,2020021801020512,PLIC,54,33,100,614.00,"61,400.00"
2020-02-18,2020021801020396,PLIC,54,47,190,614.00,"116,660.00"
2020-02-18,2020021801020361,PLIC,54,47,10,614.00,"6,140.00"
2020-02-18,2020021801020795,PRIN,48,39,85,494.00,"41,990.00"
2020-02-18,2020021801020643,PRIN,7,39,15,494.00,"7,410.00"
2020-02-18,2020021801020642,PRIN,7,26,450,494.00,"222,300.00"
2020-02-18,2020021801020641,PRIN,7,3,35,493.00,"17,255.00"
2020-02-18,2020021801020727,PRVU,17,45,77,251.00,"19,327.00"
2020-02-18,2020021801020606,PRVU,28,49,10,252.00,"2,520.00"
2020-02-18,2020021801020547,PRVU,17,56,23,251.00,"5,773.00"
2020-02-18,2020021801020454,PRVU,33,56,400,251.00,"100,400.00"
2020-02-18,2020021801020453,PRVU,33,35,300,251.00,"75,300.00"
2020-02-18,2020021801020452,PRVU,33,45,800,251.00,"200,800.00"
2020-02-18,2020021801020742,RADHI,33,45,10,182.00,"1,820.00"
2020-02-18,2020021801020719,RADHI,33,49,12,179.00,"2,148.00"
2020-02-18,2020021801020684,RADHI,33,38,11,178.00,"1,958.00"
2020-02-18,2020021801020646,RADHI,33,1,12,176.00,"2,112.00"
2020-02-18,2020021801020645,RADHI,33,49,11,176.00,"1,936.00"
2020-02-18,2020021801020644,RADHI,33,39,11,176.00,"1,936.00"
2020-02-18,2020021801020367,RBCLPO,32,32,20,"9,550.00","191,000.00"
2020-02-18,2020021801020473,RHPL,49,14,40,166.00,"6,640.00"
2020-02-18,2020021801020811,RMDC,6,56,50,755.00,"37,750.00"
2020-02-18,2020021801020810,RMDC,6,7,229,753.00,"172,437.00"
2020-02-18,2020021801020809,RMDC,6,6,12,753.00,"9,036.00"
2020-02-18,2020021801020744,RMDC,6,6,300,753.00,"225,900.00"
2020-02-18,2020021801020743,RMDC,6,49,200,752.00,"150,400.00"
2020-02-18,2020021801020703,RMDC,6,19,300,751.00,"225,300.00"
2020-02-18,2020021801020702,RMDC,6,46,50,750.00,"37,500.00"
2020-02-18,2020021801020562,RMDC,6,45,42,750.00,"31,500.00"
2020-02-18,2020021801020669,SADBL,45,35,36,170.00,"6,120.00"
2020-02-18,2020021801020751,SANIMA,44,51,165,357.00,"58,905.00"
2020-02-18,2020021801020405,SANIMA,32,17,150,357.00,"53,550.00"
2020-02-18,2020021801020404,SANIMA,32,39,50,357.00,"17,850.00"
2020-02-18,2020021801020403,SANIMA,32,13,50,357.00,"17,850.00"
2020-02-18,2020021801020402,SANIMA,32,58,10,357.00,"3,570.00"
2020-02-18,2020021801020401,SANIMA,32,47,165,357.00,"58,905.00"
2020-02-18,2020021801020501,SBI,53,56,500,429.00,"214,500.00"
2020-02-18,2020021801020410,SBI,13,37,"1,000",426.00,"426,000.00"
2020-02-18,2020021801020409,SBI,13,52,156,426.00,"66,456.00"
2020-02-18,2020021801020705,SBL,34,6,20,322.00,"6,440.00"
2020-02-18,2020021801020704,SBL,34,38,41,322.00,"13,202.00"
2020-02-18,2020021801020856,SCB,11,28,190,652.00,"123,880.00"
2020-02-18,2020021801020803,SCB,35,35,300,650.00,"195,000.00"
2020-02-18,2020021801020753,SCB,32,28,10,652.00,"6,520.00"
2020-02-18,2020021801020693,SCB,35,32,333,650.00,"216,450.00"
2020-02-18,2020021801020637,SCB,45,32,208,651.00,"135,408.00"
2020-02-18,2020021801020589,SCB,45,22,100,651.00,"65,100.00"
2020-02-18,2020021801020457,SCB,45,13,192,651.00,"124,992.00"
2020-02-18,2020021801020853,SDESI,45,25,30,974.00,"29,220.00"
2020-02-18,2020021801020407,SDESI,45,25,20,959.00,"19,180.00"
2020-02-18,2020021801020697,SEF,48,49,"10,000",9.69,"96,900.00"
2020-02-18,2020021801020696,SEF,48,37,"10,000",9.69,"96,900.00"
2020-02-18,2020021801020695,SEF,48,41,"2,000",9.68,"19,360.00"
2020-02-18,2020021801020854,SHINE,7,4,100,299.00,"29,900.00"
2020-02-18,2020021801020839,SHINE,58,42,500,304.00,"152,000.00"
2020-02-18,2020021801020834,SHINE,7,57,300,299.00,"89,700.00"
2020-02-18,2020021801020833,SHINE,45,57,100,302.00,"30,200.00"
2020-02-18,2020021801020816,SHINE,45,4,100,302.00,"30,200.00"
2020-02-18,2020021801020787,SHINE,58,42,722,304.00,"219,488.00"
2020-02-18,2020021801020542,SHINE,5,58,407,301.00,"122,507.00"
2020-02-18,2020021801020516,SHINE,14,58,93,301.00,"27,993.00"
2020-02-18,2020021801020515,SHINE,14,10,407,301.00,"122,507.00"
2020-02-18,2020021801020371,SHINE,58,26,75,300.00,"22,500.00"
2020-02-18,2020021801020370,SHINE,58,45,430,300.00,"129,000.00"
2020-02-18,2020021801020601,SHINE,58,43,"1,000",302.00,"302,000.00"
2020-02-18,2020021801020572,SHINE,57,43,500,302.00,"151,000.00"
2020-02-18,2020021801020546,SHINE,5,43,983,302.00,"296,866.00"
2020-02-18,2020021801020545,SHINE,5,45,500,302.00,"151,000.00"
2020-02-18,2020021801020544,SHINE,5,42,10,302.00,"3,020.00"
2020-02-18,2020021801020543,SHINE,5,32,100,302.00,"30,200.00"
2020-02-18,2020021801020673,SHINE,58,43,17,302.00,"5,134.00"
2020-02-18,2020021801020621,SHINE,58,57,495,300.00,"148,500.00"
2020-02-18,2020021801020619,SHINE,22,45,200,301.00,"60,200.00"
2020-02-18,2020021801020679,SHINE,58,41,200,304.00,"60,800.00"
2020-02-18,2020021801020678,SHINE,58,57,100,303.00,"30,300.00"
2020-02-18,2020021801020677,SHINE,58,37,200,303.00,"60,600.00"
2020-02-18,2020021801020676,SHINE,58,57,100,303.00,"30,300.00"
2020-02-18,2020021801020675,SHINE,58,41,451,303.00,"136,653.00"
2020-02-18,2020021801020674,SHINE,58,26,30,303.00,"9,090.00"
2020-02-18,2020021801020708,SHINE,57,33,200,298.00,"59,600.00"
2020-02-18,2020021801020682,SHINE,58,32,222,304.00,"67,488.00"
2020-02-18,2020021801020681,SHINE,58,47,180,304.00,"54,720.00"
2020-02-18,2020021801020680,SHINE,58,1,500,304.00,"152,000.00"
2020-02-18,2020021801020786,SHINE,58,32,778,304.00,"236,512.00"
2020-02-18,2020021801020785,SHINE,58,4,500,302.00,"151,000.00"
2020-02-18,2020021801020761,SHINE,52,4,500,302.00,"151,000.00"
2020-02-18,2020021801020737,SHINE,57,57,200,298.00,"59,600.00"
2020-02-18,2020021801020859,SHIVM,28,6,50,623.00,"31,150.00"
2020-02-18,2020021801020855,SHIVM,34,28,500,622.00,"311,000.00"
2020-02-18,2020021801020817,SHIVM,34,58,"1,000",622.00,"622,000.00"
2020-02-18,2020021801020814,SHIVM,34,25,500,621.00,"310,500.00"
2020-02-18,2020021801020800,SHIVM,48,28,500,622.00,"311,000.00"
2020-02-18,2020021801020799,SHIVM,48,1,50,622.00,"31,100.00"
2020-02-18,2020021801020430,SHIVM,25,45,100,616.00,"61,600.00"
2020-02-18,2020021801020429,SHIVM,29,45,100,616.00,"61,600.00"
2020-02-18,2020021801020428,SHIVM,45,45,200,616.00,"123,200.00"
2020-02-18,2020021801020414,SHIVM,29,29,100,616.00,"61,600.00"
2020-02-18,2020021801020413,SHIVM,29,29,50,616.00,"30,800.00"
2020-02-18,2020021801020406,SHIVM,36,37,500,619.00,"309,500.00"
2020-02-18,2020021801020618,SHIVM,58,26,50,619.00,"30,950.00"
2020-02-18,2020021801020617,SHIVM,58,37,500,619.00,"309,500.00"
2020-02-18,2020021801020566,SHIVM,58,37,500,619.00,"309,500.00"
2020-02-18,2020021801020488,SHIVM,1,45,100,616.00,"61,600.00"
2020-02-18,2020021801020431,SHIVM,1,45,100,616.00,"61,600.00"
2020-02-18,2020021801020672,SHIVM,21,43,203,621.00,"126,063.00"
2020-02-18,2020021801020671,SHIVM,21,7,297,621.00,"184,437.00"
2020-02-18,2020021801020656,SHIVM,45,29,500,620.00,"310,000.00"
2020-02-18,2020021801020655,SHIVM,45,37,"1,000",620.00,"620,000.00"
2020-02-18,2020021801020654,SHIVM,45,21,500,620.00,"310,000.00"
2020-02-18,2020021801020653,SHIVM,45,28,500,620.00,"310,000.00"
2020-02-18,2020021801020726,SHIVM,48,19,"1,000",621.00,"621,000.00"
2020-02-18,2020021801020725,SHIVM,48,43,500,621.00,"310,500.00"
2020-02-18,2020021801020724,SHIVM,48,43,310,621.00,"192,510.00"
2020-02-18,2020021801020692,SHIVM,45,43,190,621.00,"117,990.00"
2020-02-18,2020021801020691,SHIVM,45,43,110,621.00,"68,310.00"
2020-02-18,2020021801020798,SHIVM,48,34,150,622.00,"93,300.00"
2020-02-18,2020021801020797,SHIVM,48,56,200,622.00,"124,400.00"
2020-02-18,2020021801020769,SHIVM,17,1,100,622.00,"62,200.00"
2020-02-18,2020021801020738,SHIVM,21,6,400,621.00,"248,400.00"
2020-02-18,2020021801020375,SIC,34,50,30,795.00,"23,850.00"
2020-02-18,2020021801020686,SICL,20,33,100,"1,248.00","124,800.00"
2020-02-18,2020021801020659,SICL,14,33,10,"1,248.00","12,480.00"
2020-02-18,2020021801020564,SICL,57,58,156,"1,246.00","194,376.00"
2020-02-18,2020021801020563,SICL,32,58,50,"1,247.00","62,350.00"
2020-02-18,2020021801020415,SICL,33,25,100,"1,248.00","124,800.00"
2020-02-18,2020021801020723,SIFC,17,59,100,168.00,"16,800.00"
2020-02-18,2020021801020549,SIL,28,13,13,587.00,"7,631.00"
2020-02-18,2020021801020495,SJCL,56,14,20,158.00,"3,160.00"
2020-02-18,2020021801020565,SKBBL,53,14,200,"1,181.00","236,200.00"
2020-02-18,2020021801020400,SKBBL,43,21,10,"1,182.00","11,820.00"
2020-02-18,2020021801020622,SLBBL,39,29,100,965.00,"96,500.00"
2020-02-18,2020021801020588,SLBBL,34,34,190,964.00,"183,160.00"
2020-02-18,2020021801020435,SLBBL,6,47,95,955.00,"90,725.00"
2020-02-18,2020021801020829,SLICL,57,28,300,498.00,"149,400.00"
2020-02-18,2020021801020541,SLICL,21,28,128,498.00,"63,744.00"
2020-02-18,2020021801020540,SLICL,21,26,372,498.00,"185,256.00"
2020-02-18,2020021801020433,SLICL,32,37,87,497.00,"43,239.00"
2020-02-18,2020021801020432,SLICL,34,37,38,497.00,"18,886.00"
2020-02-18,2020021801020831,SMATA,34,22,10,835.00,"8,350.00"
2020-02-18,2020021801020722,SMFBS,47,25,50,"1,144.00","57,200.00"
2020-02-18,2020021801020721,SMFBS,48,25,30,"1,144.00","34,320.00"
2020-02-18,2020021801020720,SMFBS,6,25,50,"1,146.00","57,300.00"
2020-02-18,2020021801020838,SPARS,13,16,50,958.00,"47,900.00"
2020-02-18,2020021801020822,SPARS,13,45,100,940.00,"94,000.00"
2020-02-18,2020021801020461,SPARS,19,39,10,936.00,"9,360.00"
2020-02-18,2020021801020570,SPDL,13,6,10,100.00,"1,000.00"
2020-02-18,2020021801020569,SPDL,13,51,100,100.00,"10,000.00"
2020-02-18,2020021801020513,SRBL,34,52,500,256.00,"128,000.00"
2020-02-18,2020021801020474,SRBL,34,52,500,256.00,"128,000.00"
2020-02-18,2020021801020759,STC,33,49,10,"2,783.00","27,830.00"
2020-02-18,2020021801020449,STC,34,28,150,"2,771.00","415,650.00"
2020-02-18,2020021801020550,TRH,3,56,500,306.00,"153,000.00"
2020-02-18,2020021801020784,UIC,57,5,123,447.00,"54,981.00"
2020-02-18,2020021801020783,UIC,57,41,217,446.00,"96,782.00"
2020-02-18,2020021801020782,UIC,57,42,160,445.00,"71,200.00"
2020-02-18,2020021801020632,UIC,13,13,200,444.00,"88,800.00"
2020-02-18,2020021801020425,UIC,48,3,163,443.00,"72,209.00"
2020-02-18,2020021801020687,UPPER,33,57,50,240.00,"12,000.00"
2020-02-18,2020021801020514,VLBS,34,11,15,"1,140.00","17,100.00"
2020-02-18,2020021801020728,VLBS,49,11,35,"1,140.00","39,900.00"
2020-02-18,2020021801020730,VLBS,49,56,32,"1,140.00","36,480.00"
2020-02-18,2020021801020729,VLBS,49,45,13,"1,140.00","14,820.00"
2020-02-18,2020021801020008,ADBL,14,42,20,397.00,"7,940.00"
2020-02-18,2020021801020007,ADBL,14,40,111,397.00,"44,067.00"
2020-02-18,2020021801020006,ADBL,14,36,100,397.00,"39,700.00"
2020-02-18,2020021801020005,ADBL,14,20,174,397.00,"69,078.00"
2020-02-18,2020021801019977,ADBL,39,16,500,396.00,"198,000.00"
2020-02-18,2020021801019976,ADBL,39,35,100,396.00,"39,600.00"
2020-02-18,2020021801019975,ADBL,39,45,100,396.00,"39,600.00"
2020-02-18,2020021801020261,AKPL,35,40,200,138.00,"27,600.00"
2020-02-18,2020021801020176,AKPL,13,40,100,138.00,"13,800.00"
2020-02-18,2020021801019936,AKPL,43,40,"1,200",137.00,"164,400.00"
2020-02-18,2020021801019920,AKPL,45,40,500,137.00,"68,500.00"
2020-02-18,2020021801019872,AKPL,45,40,300,137.00,"41,100.00"
2020-02-18,2020021801020206,ALBSL,57,16,11,775.00,"8,525.00"
2020-02-18,2020021801020201,ALICL,35,16,100,634.00,"63,400.00"
2020-02-18,2020021801020106,ALICL,11,16,300,634.00,"190,200.00"
2020-02-18,2020021801020090,ALICL,11,16,10,634.00,"6,340.00"
2020-02-18,2020021801019869,ALICL,58,16,10,634.00,"6,340.00"
2020-02-18,2020021801020225,API,7,34,"1,700",138.00,"234,600.00"
2020-02-18,2020021801019979,API,36,34,100,138.00,"13,800.00"
2020-02-18,2020021801019910,API,33,34,200,138.00,"27,600.00"
2020-02-18,2020021801019909,API,33,17,30,138.00,"4,140.00"
2020-02-18,2020021801019908,API,33,7,770,138.00,"106,260.00"
2020-02-18,2020021801020325,BFC,55,29,300,109.00,"32,700.00"
2020-02-18,2020021801019963,CBBL,33,37,500,"1,111.00","555,500.00"
2020-02-18,2020021801020107,CBL,49,52,85,153.00,"13,005.00"
2020-02-18,2020021801020011,CCBL,34,44,350,186.00,"65,100.00"
2020-02-18,2020021801019917,CFCL,4,21,20,150.00,"3,000.00"
2020-02-18,2020021801020141,CIT,7,37,70,"2,755.00","192,850.00"
2020-02-18,2020021801020130,CIT,50,37,10,"2,755.00","27,550.00"
2020-02-18,2020021801020035,CIT,36,37,100,"2,755.00","275,500.00"
2020-02-18,2020021801020004,CIT,7,38,40,"2,750.00","110,000.00"
2020-02-18,2020021801020003,CIT,7,19,145,"2,750.00","398,750.00"
2020-02-18,2020021801020317,CZBIL,49,54,60,198.00,"11,880.00"
2020-02-18,2020021801020316,CZBIL,49,55,28,198.00,"5,544.00"
2020-02-18,2020021801020315,CZBIL,49,56,162,198.00,"32,076.00"
2020-02-18,2020021801019953,CZBIL,4,56,78,198.00,"15,444.00"
2020-02-18,2020021801020045,DDBL,6,14,168,890.00,"149,520.00"
2020-02-18,2020021801020044,DDBL,6,17,32,890.00,"28,480.00"
2020-02-18,2020021801019947,DDBL,37,28,50,888.00,"44,400.00"
2020-02-18,2020021801019878,EBL,49,58,20,670.00,"13,400.00"
2020-02-18,2020021801019877,EBL,49,49,472,670.00,"316,240.00"
2020-02-18,2020021801019876,EBL,49,39,100,669.00,"66,900.00"
2020-02-18,2020021801019875,EBL,49,49,90,668.00,"60,120.00"
2020-02-18,2020021801019874,EBL,49,36,459,667.00,"306,153.00"
2020-02-18,2020021801019890,EBL,58,48,10,674.00,"6,740.00"
2020-02-18,2020021801019889,EBL,58,21,35,672.00,"23,520.00"
2020-02-18,2020021801019881,EBL,49,25,20,670.00,"13,400.00"
2020-02-18,2020021801019880,EBL,49,16,200,670.00,"134,000.00"
2020-02-18,2020021801019879,EBL,49,38,66,670.00,"44,220.00"
2020-02-18,2020021801020048,EBL,57,57,10,675.00,"6,750.00"
2020-02-18,2020021801020047,EBL,57,48,90,674.00,"60,660.00"
2020-02-18,2020021801020341,EBL,49,35,73,670.00,"48,910.00"
2020-02-18,2020021801020242,EDBL,35,36,100,368.00,"36,800.00"
2020-02-18,2020021801020086,EIC,50,57,100,448.00,"44,800.00"
2020-02-18,2020021801020085,EIC,50,57,100,448.00,"44,800.00"
2020-02-18,2020021801020084,EIC,50,17,400,447.00,"178,800.00"
2020-02-18,2020021801019962,EIC,32,17,100,447.00,"44,700.00"
2020-02-18,2020021801019959,EIC,45,49,45,445.00,"20,025.00"
2020-02-18,2020021801019958,EIC,47,49,30,445.00,"13,350.00"
2020-02-18,2020021801019957,EIC,47,49,100,445.00,"44,500.00"
2020-02-18,2020021801020231,FOWAD,5,38,10,"1,577.00","15,770.00"
2020-02-18,2020021801020194,FOWAD,5,42,13,"1,575.00","20,475.00"
2020-02-18,2020021801020193,FOWAD,5,22,19,"1,575.00","29,925.00"
2020-02-18,2020021801020192,FOWAD,5,42,10,"1,575.00","15,750.00"
2020-02-18,2020021801019900,FOWAD,50,34,80,"1,574.00","125,920.00"
2020-02-18,2020021801020359,GBIME,57,45,160,286.00,"45,760.00"
2020-02-18,2020021801020337,GBIME,1,45,100,286.00,"28,600.00"
2020-02-18,2020021801020172,GBIME,39,1,386,285.00,"110,010.00"
2020-02-18,2020021801020171,GBIME,4,1,"3,060",285.00,"872,100.00"
2020-02-18,2020021801020170,GBIME,34,1,40,286.00,"11,440.00"
2020-02-18,2020021801020169,GBIME,7,1,500,286.00,"143,000.00"
2020-02-18,2020021801019943,GBIME,4,59,150,286.00,"42,900.00"
2020-02-18,2020021801019942,GBIME,4,44,42,286.00,"12,012.00"
2020-02-18,2020021801019938,GBIME,32,44,100,286.00,"28,600.00"
2020-02-18,2020021801020168,GBIME,57,1,200,286.00,"57,200.00"
2020-02-18,2020021801020167,GBIME,4,1,14,286.00,"4,004.00"
2020-02-18,2020021801020028,GBIME,4,54,24,287.00,"6,888.00"
2020-02-18,2020021801019987,GBIME,53,54,720,287.00,"206,640.00"
2020-02-18,2020021801019986,GBIME,53,1,280,287.00,"80,360.00"
2020-02-18,2020021801019944,GBIME,4,33,294,286.00,"84,084.00"
2020-02-18,2020021801020281,GBLBS,50,13,100,496.00,"49,600.00"
2020-02-18,2020021801020280,GBLBS,32,13,100,497.00,"49,700.00"
2020-02-18,2020021801020260,GBLBS,52,34,181,500.00,"90,500.00"
2020-02-18,2020021801020259,GBLBS,52,20,19,499.00,"9,481.00"
2020-02-18,2020021801020241,GBLBS,7,20,81,499.00,"40,419.00"
2020-02-18,2020021801020076,GBLBS,7,34,500,500.00,"250,000.00"
2020-02-18,2020021801020247,GLBSL,22,32,10,798.00,"7,980.00"
2020-02-18,2020021801020237,GLBSL,22,48,80,790.00,"63,200.00"
2020-02-18,2020021801020236,GLBSL,22,58,20,789.00,"15,780.00"
2020-02-18,2020021801020135,GMFBS,34,16,10,980.00,"9,800.00"
2020-02-18,2020021801020134,GMFBS,34,1,50,975.00,"48,750.00"
2020-02-18,2020021801020133,GMFBS,34,22,10,974.00,"9,740.00"
2020-02-18,2020021801020072,GMFBS,32,57,150,970.00,"145,500.00"
2020-02-18,2020021801020013,GMFBS,34,16,300,969.00,"290,700.00"
2020-02-18,2020021801020012,GMFBS,34,22,10,967.00,"9,670.00"
2020-02-18,2020021801019954,GMFBS,26,6,80,961.00,"76,880.00"
2020-02-18,2020021801019919,GMFBS,45,6,20,961.00,"19,220.00"
2020-02-18,2020021801020180,GUFL,29,26,10,130.00,"1,300.00"
2020-02-18,2020021801020243,HBL,55,1,500,568.00,"284,000.00"
2020-02-18,2020021801020358,HDL,25,4,120,"1,429.00","171,480.00"
2020-02-18,2020021801020338,HDL,25,4,80,"1,429.00","114,320.00"
2020-02-18,2020021801020329,HDL,25,45,20,"1,429.00","28,580.00"
2020-02-18,2020021801020287,HDL,26,45,80,"1,429.00","114,320.00"
2020-02-18,2020021801019898,HDL,26,53,420,"1,429.00","600,180.00"
2020-02-18,2020021801019887,HDL,22,21,80,"1,428.00","114,240.00"
2020-02-18,2020021801020203,HGI,22,33,100,443.00,"44,300.00"
2020-02-18,2020021801020199,HGI,7,34,100,443.00,"44,300.00"
2020-02-18,2020021801019914,HIDCL,16,34,717,138.00,"98,946.00"
2020-02-18,2020021801020330,ICFC,48,4,500,182.00,"91,000.00"
2020-02-18,2020021801020152,IGI,39,37,500,475.00,"237,500.00"
2020-02-18,2020021801020029,ILBS,10,40,100,911.00,"91,100.00"
2020-02-18,2020021801020040,JBBL,57,45,100,191.00,"19,100.00"
2020-02-18,2020021801020023,JOSHI,21,39,290,63.00,"18,270.00"
2020-02-18,2020021801019922,JOSHI,35,39,300,63.00,"18,900.00"
2020-02-18,2020021801020102,JSLBB,7,32,132,"1,830.00","241,560.00"
2020-02-18,2020021801020010,JSLBB,37,32,32,"1,830.00","58,560.00"
2020-02-18,2020021801019907,JSLBB,29,32,208,"1,830.00","380,640.00"
2020-02-18,2020021801020089,KBL,1,28,300,197.00,"59,100.00"
2020-02-18,2020021801020077,KBL,13,28,"1,000",197.00,"197,000.00"
2020-02-18,2020021801020001,KBL,28,28,"2,000",197.00,"394,000.00"
2020-02-18,2020021801019981,KBL,28,28,836,197.00,"164,692.00"
2020-02-18,2020021801019896,KBL,28,19,500,197.00,"98,500.00"
2020-02-18,2020021801019895,KBL,28,17,84,197.00,"16,548.00"
2020-02-18,2020021801019894,KBL,28,28,580,197.00,"114,260.00"
2020-02-18,2020021801020062,KMCDB,43,47,10,768.00,"7,680.00"
2020-02-18,2020021801019974,KPCL,59,47,10,106.00,"1,060.00"
2020-02-18,2020021801020340,KSBBL,34,44,100,168.00,"16,800.00"
2020-02-18,2020021801020339,KSBBL,34,49,100,168.00,"16,800.00"
2020-02-18,2020021801020272,LBL,33,6,71,231.00,"16,401.00"
2020-02-18,2020021801020271,LBL,33,45,929,231.00,"214,599.00"
2020-02-18,2020021801020321,LGIL,32,32,200,525.00,"105,000.00"
2020-02-18,2020021801020163,LGIL,52,32,200,525.00,"105,000.00"
2020-02-18,2020021801020151,LGIL,34,38,500,525.00,"262,500.00"
2020-02-18,2020021801020150,LGIL,34,7,50,525.00,"26,250.00"
2020-02-18,2020021801019940,LGIL,59,55,200,524.00,"104,800.00"
2020-02-18,2020021801019939,LGIL,59,16,150,524.00,"78,600.00"
2020-02-18,2020021801020297,LICN,36,56,70,"1,383.00","96,810.00"
2020-02-18,2020021801020071,LVF1,48,48,"10,000",9.80,"98,000.00"
2020-02-18,2020021801020209,MBL,57,44,235,240.00,"56,400.00"
2020-02-18,2020021801020197,MBL,11,44,20,240.00,"4,800.00"
2020-02-18,2020021801020139,MBL,49,44,745,240.00,"178,800.00"
2020-02-18,2020021801020138,MBL,49,39,50,240.00,"12,000.00"
2020-02-18,2020021801020137,MBL,49,34,205,240.00,"49,200.00"
2020-02-18,2020021801020070,MBL,22,55,250,239.00,"59,750.00"
2020-02-18,2020021801019924,MBL,36,45,500,240.00,"120,000.00"
2020-02-18,2020021801020224,MEGA,28,34,20,212.00,"4,240.00"
2020-02-18,2020021801020066,MEGA,47,48,359,211.00,"75,749.00"
2020-02-18,2020021801020065,MEGA,43,48,141,211.00,"29,751.00"
2020-02-18,2020021801019995,MEGA,43,45,400,211.00,"84,400.00"
2020-02-18,2020021801019994,MEGA,43,39,100,211.00,"21,100.00"
2020-02-18,2020021801019993,MEGA,43,57,100,211.00,"21,100.00"
2020-02-18,2020021801019992,MEGA,43,54,259,211.00,"54,649.00"
2020-02-18,2020021801019945,MEGA,45,54,100,211.00,"21,100.00"
2020-02-18,2020021801019951,MERO,50,19,42,677.00,"28,434.00"
2020-02-18,2020021801019950,MERO,50,34,100,676.00,"67,600.00"
2020-02-18,2020021801019952,MERO,50,34,58,677.00,"39,266.00"
2020-02-18,2020021801020288,MFIL,17,6,50,197.00,"9,850.00"
2020-02-18,2020021801020264,MFIL,28,32,15,198.00,"2,970.00"
2020-02-18,2020021801020251,MFIL,28,47,10,196.00,"1,960.00"
2020-02-18,2020021801020177,MNBBL,45,34,100,328.00,"32,800.00"
2020-02-18,2020021801020058,MNBBL,49,34,250,328.00,"82,000.00"
2020-02-18,2020021801020057,MNBBL,49,17,50,328.00,"16,400.00"
2020-02-18,2020021801019973,MNBBL,37,17,50,328.00,"16,400.00"
2020-02-18,2020021801019972,MNBBL,37,38,50,328.00,"16,400.00"
2020-02-18,2020021801019888,MSMBS,48,45,100,835.00,"83,500.00"
2020-02-18,2020021801020335,NABIL,58,35,10,753.00,"7,530.00"
2020-02-18,2020021801020303,NABIL,58,46,15,752.00,"11,280.00"
2020-02-18,2020021801020302,NABIL,58,29,129,750.00,"96,750.00"
2020-02-18,2020021801020148,NABIL,50,29,871,750.00,"653,250.00"
2020-02-18,2020021801020147,NABIL,50,4,500,750.00,"375,000.00"
2020-02-18,2020021801020146,NABIL,50,4,200,749.00,"149,800.00"
2020-02-18,2020021801019912,NABIL,29,32,500,747.00,"373,500.00"
2020-02-18,2020021801019867,NABIL,58,50,20,748.00,"14,960.00"
2020-02-18,2020021801020145,NABIL,50,45,100,749.00,"74,900.00"
2020-02-18,2020021801020144,NABIL,50,39,50,748.00,"37,400.00"
2020-02-18,2020021801020143,NABIL,50,50,80,748.00,"59,840.00"
2020-02-18,2020021801020142,NABIL,50,32,199,747.00,"148,653.00"
2020-02-18,2020021801020092,NABIL,21,32,70,747.00,"52,290.00"
2020-02-18,2020021801020078,NABIL,4,32,56,747.00,"41,832.00"
2020-02-18,2020021801020245,NBF2,52,39,"1,500",9.35,"14,025.00"
2020-02-18,2020021801020244,NBF2,52,39,500,9.35,"4,675.00"
2020-02-18,2020021801020097,NBL,36,10,"1,168",272.00,"317,696.00"
2020-02-18,2020021801020096,NBL,36,34,202,272.00,"54,944.00"
2020-02-18,2020021801020081,NBL,53,34,"2,000",272.00,"544,000.00"
2020-02-18,2020021801020068,NBL,22,34,100,272.00,"27,200.00"
2020-02-18,2020021801020042,NBL,36,34,"2,698",272.00,"733,856.00"
2020-02-18,2020021801020041,NBL,36,58,302,272.00,"82,144.00"
2020-02-18,2020021801019978,NBL,57,58,100,272.00,"27,200.00"
2020-02-18,2020021801019923,NBL,17,58,20,272.00,"5,440.00"
2020-02-18,2020021801019863,NBL,44,58,978,272.00,"266,016.00"
2020-02-18,2020021801019862,NBL,44,39,100,272.00,"27,200.00"
2020-02-18,2020021801019861,NBL,44,34,600,272.00,"163,200.00"
2020-02-18,2020021801019860,NBL,44,28,"3,322",272.00,"903,584.00"
2020-02-18,2020021801020270,NCCB,10,39,118,196.00,"23,128.00"
2020-02-18,2020021801020234,NCCB,7,39,200,196.00,"39,200.00"
2020-02-18,2020021801020064,NCCB,59,39,"1,000",196.00,"196,000.00"
2020-02-18,2020021801020063,NCCB,35,39,182,196.00,"35,672.00"
2020-02-18,2020021801020186,NGPL,21,58,300,140.00,"42,000.00"
2020-02-18,2020021801020185,NGPL,21,16,100,140.00,"14,000.00"
2020-02-18,2020021801020184,NGPL,21,21,170,140.00,"23,800.00"
2020-02-18,2020021801020183,NGPL,21,19,100,140.00,"14,000.00"
2020-02-18,2020021801020182,NGPL,33,21,10,140.00,"1,400.00"
2020-02-18,2020021801019929,NGPL,21,1,"1,000",139.00,"139,000.00"
2020-02-18,2020021801019928,NGPL,21,6,11,139.00,"1,529.00"
2020-02-18,2020021801019927,NGPL,21,1,150,139.00,"20,850.00"
2020-02-18,2020021801019926,NGPL,21,1,100,139.00,"13,900.00"
2020-02-18,2020021801019925,NGPL,21,33,190,139.00,"26,410.00"
2020-02-18,2020021801019921,NHPC,58,33,10,60.00,600.00
2020-02-18,2020021801020233,NIB,22,26,100,384.00,"38,400.00"
2020-02-18,2020021801020098,NIB,33,26,70,384.00,"26,880.00"
2020-02-18,2020021801020069,NIB,55,26,20,384.00,"7,680.00"
2020-02-18,2020021801020000,NIB,4,26,45,384.00,"17,280.00"
2020-02-18,2020021801019941,NIB,25,26,39,384.00,"14,976.00"
2020-02-18,2020021801019932,NIB,25,42,17,383.00,"6,511.00"
2020-02-18,2020021801020299,NIBPO,45,4,"2,000",336.00,"672,000.00"
2020-02-18,2020021801019985,NIBPO,22,44,191,335.00,"63,985.00"
2020-02-18,2020021801019984,NIBPO,22,47,35,335.00,"11,725.00"
2020-02-18,2020021801019983,NIBPO,22,48,240,335.00,"80,400.00"
2020-02-18,2020021801019966,NIBSF1,48,26,"3,000",9.84,"29,520.00"
2020-02-18,2020021801019965,NIBSF1,48,26,"5,000",9.84,"49,200.00"
2020-02-18,2020021801019964,NIBSF1,48,39,"2,000",9.83,"19,660.00"
2020-02-18,2020021801020324,NICA,28,49,151,549.00,"82,899.00"
2020-02-18,2020021801020301,NICA,6,49,79,549.00,"43,371.00"
2020-02-18,2020021801020295,NICA,43,38,40,550.00,"22,000.00"
2020-02-18,2020021801020294,NICA,43,6,440,550.00,"242,000.00"
2020-02-18,2020021801020293,NICA,43,41,20,550.00,"11,000.00"
2020-02-18,2020021801020279,NICA,6,22,121,549.00,"66,429.00"
2020-02-18,2020021801019911,NICA,38,47,35,547.00,"19,145.00"
2020-02-18,2020021801019883,NICA,38,47,80,547.00,"43,760.00"
2020-02-18,2020021801019866,NICA,38,47,77,547.00,"42,119.00"
2020-02-18,2020021801019865,NICA,44,47,23,547.00,"12,581.00"
2020-02-18,2020021801020189,NICA,57,56,680,550.00,"374,000.00"
2020-02-18,2020021801020181,NICA,6,34,200,549.00,"109,800.00"
2020-02-18,2020021801020105,NICA,28,17,50,548.00,"27,400.00"
2020-02-18,2020021801020027,NICA,28,56,320,550.00,"176,000.00"
2020-02-18,2020021801020026,NICA,28,17,180,550.00,"99,000.00"
2020-02-18,2020021801019913,NICA,37,28,100,549.00,"54,900.00"
2020-02-18,2020021801020267,NICA,6,37,100,549.00,"54,900.00"
2020-02-18,2020021801020219,NICA,28,41,120,550.00,"66,000.00"
2020-02-18,2020021801020218,NICA,28,29,50,550.00,"27,500.00"
2020-02-18,2020021801020217,NICA,28,38,280,550.00,"154,000.00"
2020-02-18,2020021801020191,NICA,57,38,220,550.00,"121,000.00"
2020-02-18,2020021801020190,NICA,57,48,100,550.00,"55,000.00"
2020-02-18,2020021801020328,NICL,45,51,20,467.00,"9,340.00"
2020-02-18,2020021801020258,NICL,34,14,150,466.00,"69,900.00"
2020-02-18,2020021801020257,NICL,34,58,202,466.00,"94,132.00"
2020-02-18,2020021801020103,NICL,10,32,500,464.00,"232,000.00"
2020-02-18,2020021801020039,NICL,21,29,500,463.00,"231,500.00"
2020-02-18,2020021801020038,NICL,21,28,420,463.00,"194,460.00"
2020-02-18,2020021801020037,NICL,57,28,500,463.00,"231,500.00"
2020-02-18,2020021801020314,NIL,44,25,850,601.00,"510,850.00"
2020-02-18,2020021801020313,NIL,29,25,150,602.00,"90,300.00"
2020-02-18,2020021801020312,NIL,58,25,200,602.00,"120,400.00"
2020-02-18,2020021801020311,NIL,18,25,200,602.00,"120,400.00"
2020-02-18,2020021801020310,NIL,53,25,50,602.00,"30,100.00"
2020-02-18,2020021801020309,NIL,45,25,500,603.00,"301,500.00"
2020-02-18,2020021801020308,NIL,45,25,150,603.00,"90,450.00"
2020-02-18,2020021801020307,NIL,39,25,100,604.00,"60,400.00"
2020-02-18,2020021801020025,NIL,16,16,200,609.00,"121,800.00"
2020-02-18,2020021801020318,NLBBL,14,58,100,838.00,"83,800.00"
2020-02-18,2020021801020156,NLBBL,29,58,100,838.00,"83,800.00"
2020-02-18,2020021801020091,NLBBL,6,58,300,838.00,"251,400.00"
2020-02-18,2020021801020327,NLG,57,5,50,723.00,"36,150.00"
2020-02-18,2020021801020326,NLG,57,38,47,723.00,"33,981.00"
2020-02-18,2020021801020223,NLG,19,38,30,723.00,"21,690.00"
2020-02-18,2020021801020216,NLG,48,35,55,718.00,"39,490.00"
2020-02-18,2020021801020174,NLG,48,35,362,718.00,"259,916.00"
2020-02-18,2020021801020131,NLG,54,35,20,720.00,"14,400.00"
2020-02-18,2020021801020278,NLIC,58,33,200,"1,192.00","238,400.00"
2020-02-18,2020021801020273,NLIC,54,33,44,"1,192.00","52,448.00"
2020-02-18,2020021801020232,NLIC,14,33,28,"1,192.00","33,376.00"
2020-02-18,2020021801020166,NLIC,50,53,72,"1,193.00","85,896.00"
2020-02-18,2020021801020165,NLIC,50,28,22,"1,192.00","26,224.00"
2020-02-18,2020021801020034,NLIC,39,53,78,"1,193.00","93,054.00"
2020-02-18,2020021801019946,NLIC,25,20,200,"1,193.00","238,600.00"
2020-02-18,2020021801019915,NLIC,19,56,45,"1,192.00","53,640.00"
2020-02-18,2020021801019897,NLIC,33,53,240,"1,191.00","285,840.00"
2020-02-18,2020021801019893,NLIC,34,53,950,"1,190.00","1,130,500.00"
2020-02-18,2020021801019892,NLIC,54,53,10,"1,190.00","11,900.00"
2020-02-18,2020021801019891,NLIC,33,53,40,"1,190.00","47,600.00"
2020-02-18,2020021801020099,NLICL,25,36,231,692.00,"159,852.00"
2020-02-18,2020021801020095,NLICL,17,36,29,692.00,"20,068.00"
2020-02-18,2020021801020094,NLICL,17,36,471,692.00,"325,932.00"
2020-02-18,2020021801020093,NLICL,50,36,100,692.00,"69,200.00"
2020-02-18,2020021801020021,NLICL,14,36,22,692.00,"15,224.00"
2020-02-18,2020021801019991,NLICL,20,36,90,692.00,"62,280.00"
2020-02-18,2020021801019980,NLICL,4,36,17,692.00,"11,764.00"
2020-02-18,2020021801019931,NLICL,1,36,500,692.00,"346,000.00"
2020-02-18,2020021801019864,NLICL,50,36,350,692.00,"242,200.00"
2020-02-18,2020021801020060,NMB,36,35,500,409.00,"204,500.00"
2020-02-18,2020021801020022,NMB,22,35,100,409.00,"40,900.00"
2020-02-18,2020021801019956,NMB,43,1,100,408.00,"40,800.00"
2020-02-18,2020021801019886,NMB,45,7,351,407.00,"142,857.00"
2020-02-18,2020021801019885,NMB,21,7,100,408.00,"40,800.00"
2020-02-18,2020021801019884,NMB,39,7,129,408.00,"52,632.00"
2020-02-18,2020021801019882,NMB,53,35,500,409.00,"204,500.00"
2020-02-18,2020021801020222,NMBHF1,48,53,"5,000",9.60,"48,000.00"
2020-02-18,2020021801020088,NTC,17,34,10,624.00,"6,240.00"
2020-02-18,2020021801020030,NTC,28,52,100,622.00,"62,200.00"
2020-02-18,2020021801020322,NUBL,34,50,50,"1,048.00","52,400.00"
2020-02-18,2020021801020075,NUBL,33,50,360,"1,048.00","377,280.00"
2020-02-18,2020021801020074,NUBL,33,42,100,"1,046.00","104,600.00"
2020-02-18,2020021801020073,NUBL,33,55,140,"1,045.00","146,300.00"
2020-02-18,2020021801020246,PCBL,4,48,200,284.00,"56,800.00"
2020-02-18,2020021801020205,PCBL,43,28,300,285.00,"85,500.00"
2020-02-18,2020021801020226,PIC,16,45,500,653.00,"326,500.00"
2020-02-18,2020021801020202,PIC,25,45,50,653.00,"32,650.00"
2020-02-18,2020021801020220,PLIC,54,42,30,613.00,"18,390.00"
2020-02-18,2020021801020212,PLIC,45,53,300,612.00,"183,600.00"
2020-02-18,2020021801020179,PLIC,26,38,50,613.00,"30,650.00"
2020-02-18,2020021801020043,PLIC,47,38,500,613.00,"306,500.00"
2020-02-18,2020021801020015,PLIC,45,33,100,612.00,"61,200.00"
2020-02-18,2020021801020014,PLIC,45,42,20,612.00,"12,240.00"
2020-02-18,2020021801019870,PLIC,50,28,62,610.00,"37,820.00"
2020-02-18,2020021801019982,PLIC,16,6,340,611.00,"207,740.00"
2020-02-18,2020021801019949,PLIC,45,6,160,611.00,"97,760.00"
2020-02-18,2020021801019948,PLIC,45,58,340,611.00,"207,740.00"
2020-02-18,2020021801019933,PLIC,54,58,10,611.00,"6,110.00"
2020-02-18,2020021801019871,PLIC,50,43,100,610.00,"61,000.00"
2020-02-18,2020021801020140,PRIN,48,32,34,493.00,"16,762.00"
2020-02-18,2020021801019935,PROFL,7,1,940,112.00,"105,280.00"
2020-02-18,2020021801019934,PROFL,7,57,300,111.00,"33,300.00"
2020-02-18,2020021801019930,PRVU,16,43,80,250.00,"20,000.00"
2020-02-18,2020021801020210,RBCL,34,45,10,"11,340.00","113,400.00"
2020-02-18,2020021801020188,RBCL,45,34,20,"11,350.00","227,000.00"
2020-02-18,2020021801020173,RBCL,45,13,30,"11,350.00","340,500.00"
2020-02-18,2020021801020336,RBCLPO,32,37,19,"9,549.00","181,431.00"
2020-02-18,2020021801020235,RBCLPO,34,32,20,"9,550.00","191,000.00"
2020-02-18,2020021801020200,RBCLPO,34,32,15,"9,500.00","142,500.00"
2020-02-18,2020021801020304,RHPL,49,36,40,166.00,"6,640.00"
2020-02-18,2020021801020136,RLFL,17,58,20,141.00,"2,820.00"
2020-02-18,2020021801020277,RMDC,6,6,"4,688",753.00,"3,530,064.00"
2020-02-18,2020021801020276,RMDC,6,44,300,753.00,"225,900.00"
2020-02-18,2020021801020275,RMDC,6,13,12,753.00,"9,036.00"
2020-02-18,2020021801020230,RMDC,6,42,41,750.00,"30,750.00"
2020-02-18,2020021801020229,RMDC,6,49,250,750.00,"187,500.00"
2020-02-18,2020021801020228,RMDC,6,19,67,750.00,"50,250.00"
2020-02-18,2020021801020227,RMDC,6,26,100,749.00,"74,900.00"
2020-02-18,2020021801019918,RMDC,53,16,306,745.00,"227,970.00"
2020-02-18,2020021801019988,RRHP,14,47,10,102.00,"1,020.00"
2020-02-18,2020021801020109,RSDC,13,17,53,484.00,"25,652.00"
2020-02-18,2020021801020108,RSDC,47,17,10,484.00,"4,840.00"
2020-02-18,2020021801020263,SABSL,21,34,20,948.00,"18,960.00"
2020-02-18,2020021801019899,SABSL,34,42,100,940.00,"94,000.00"
2020-02-18,2020021801020240,SADBL,45,6,200,170.00,"34,000.00"
2020-02-18,2020021801020067,SAEF,54,38,200,9.36,"1,872.00"
2020-02-18,2020021801020198,SANIMA,11,34,45,357.00,"16,065.00"
2020-02-18,2020021801020104,SANIMA,11,34,50,357.00,"17,850.00"
2020-02-18,2020021801020046,SANIMA,4,34,15,357.00,"5,355.00"
2020-02-18,2020021801020213,SAPDBL,37,55,509,144.00,"73,296.00"
2020-02-18,2020021801020274,SBI,47,52,"1,250",426.00,"532,500.00"
2020-02-18,2020021801020300,SBL,58,38,100,322.00,"32,200.00"
2020-02-18,2020021801020291,SBL,51,38,150,322.00,"48,300.00"
2020-02-18,2020021801020290,SBL,51,21,50,322.00,"16,100.00"
2020-02-18,2020021801020289,SBL,51,13,300,322.00,"96,600.00"
2020-02-18,2020021801020323,SCB,35,29,200,650.00,"130,000.00"
2020-02-18,2020021801020207,SCB,35,48,90,650.00,"58,500.00"
2020-02-18,2020021801020164,SCB,39,48,100,650.00,"65,000.00"
2020-02-18,2020021801020149,SCB,25,48,10,650.00,"6,500.00"
2020-02-18,2020021801020036,SCB,37,52,190,648.00,"123,120.00"
2020-02-18,2020021801020024,SCB,25,19,100,647.00,"64,700.00"
2020-02-18,2020021801020002,SCB,32,52,10,648.00,"6,480.00"
2020-02-18,2020021801020215,SDESI,45,34,100,959.00,"95,900.00"
2020-02-18,2020021801020214,SDESI,16,34,20,959.00,"19,180.00"
2020-02-18,2020021801019996,SDESI,45,5,490,960.00,"470,400.00"
2020-02-18,2020021801020357,SHINE,58,45,364,300.00,"109,200.00"
2020-02-18,2020021801020356,SHINE,58,32,200,300.00,"60,000.00"
2020-02-18,2020021801020355,SHINE,58,28,200,300.00,"60,000.00"
2020-02-18,2020021801020354,SHINE,58,42,10,300.00,"3,000.00"
2020-02-18,2020021801020353,SHINE,58,5,477,300.00,"143,100.00"
2020-02-18,2020021801020352,SHINE,58,56,50,300.00,"15,000.00"
2020-02-18,2020021801020009,SHINE,57,4,"1,000",297.00,"297,000.00"
2020-02-18,2020021801020087,SHINE,39,4,"1,000",297.00,"297,000.00"
2020-02-18,2020021801020345,SHINE,58,42,"2,849",298.00,"849,002.00"
2020-02-18,2020021801020298,SHINE,45,42,"1,000",298.00,"298,000.00"
2020-02-18,2020021801020286,SHINE,57,43,26,297.00,"7,722.00"
2020-02-18,2020021801020285,SHINE,53,43,67,297.00,"19,899.00"
2020-02-18,2020021801020351,SHINE,58,56,200,300.00,"60,000.00"
2020-02-18,2020021801020350,SHINE,58,16,"1,000",299.00,"299,000.00"
2020-02-18,2020021801020349,SHINE,58,4,300,299.00,"89,700.00"
2020-02-18,2020021801020348,SHINE,58,48,150,298.00,"44,700.00"
2020-02-18,2020021801020347,SHINE,58,34,100,298.00,"29,800.00"
2020-02-18,2020021801020346,SHINE,58,51,100,298.00,"29,800.00"
2020-02-18,2020021801020306,SHIVM,29,47,50,616.00,"30,800.00"
2020-02-18,2020021801020296,SHIVM,28,7,50,621.00,"31,050.00"
2020-02-18,2020021801020265,SHIVM,29,22,50,616.00,"30,800.00"
2020-02-18,2020021801019968,SHIVM,58,8,300,615.00,"184,500.00"
2020-02-18,2020021801019967,SHIVM,14,8,150,615.00,"92,250.00"
2020-02-18,2020021801019873,SHIVM,49,43,100,616.00,"61,600.00"
2020-02-18,2020021801020112,SHIVM,4,28,500,618.00,"309,000.00"
2020-02-18,2020021801020111,SHIVM,4,56,77,618.00,"47,586.00"
2020-02-18,2020021801020110,SHIVM,4,48,250,617.00,"154,250.00"
2020-02-18,2020021801020101,SHIVM,14,48,250,617.00,"154,250.00"
2020-02-18,2020021801020100,SHIVM,14,48,50,617.00,"30,850.00"
2020-02-18,2020021801019969,SHIVM,53,8,550,615.00,"338,250.00"
2020-02-18,2020021801020118,SHIVM,4,44,230,620.00,"142,600.00"
2020-02-18,2020021801020117,SHIVM,4,28,500,619.00,"309,500.00"
2020-02-18,2020021801020116,SHIVM,4,28,100,619.00,"61,900.00"
2020-02-18,2020021801020115,SHIVM,4,58,50,619.00,"30,950.00"
2020-02-18,2020021801020114,SHIVM,4,7,500,618.00,"309,000.00"
2020-02-18,2020021801020113,SHIVM,4,46,300,618.00,"185,400.00"
2020-02-18,2020021801020124,SHIVM,4,38,500,620.00,"310,000.00"
2020-02-18,2020021801020123,SHIVM,4,10,500,620.00,"310,000.00"
2020-02-18,2020021801020122,SHIVM,4,6,50,620.00,"31,000.00"
2020-02-18,2020021801020121,SHIVM,4,17,50,620.00,"31,000.00"
2020-02-18,2020021801020120,SHIVM,4,17,50,620.00,"31,000.00"
2020-02-18,2020021801020119,SHIVM,4,54,100,620.00,"62,000.00"
2020-02-18,2020021801020153,SHIVM,4,43,613,620.00,"380,060.00"
2020-02-18,2020021801020129,SHIVM,4,52,200,620.00,"124,000.00"
2020-02-18,2020021801020128,SHIVM,4,28,100,620.00,"62,000.00"
2020-02-18,2020021801020127,SHIVM,4,39,100,620.00,"62,000.00"
2020-02-18,2020021801020126,SHIVM,4,45,200,620.00,"124,000.00"
2020-02-18,2020021801020125,SHIVM,4,19,30,620.00,"18,600.00"
2020-02-18,2020021801020162,SHIVM,4,7,653,621.00,"405,513.00"
2020-02-18,2020021801020161,SHIVM,4,28,500,621.00,"310,500.00"
2020-02-18,2020021801020160,SHIVM,4,22,200,621.00,"124,200.00"
2020-02-18,2020021801020159,SHIVM,4,47,100,621.00,"62,100.00"
2020-02-18,2020021801020158,SHIVM,4,40,160,621.00,"99,360.00"
2020-02-18,2020021801020157,SHIVM,4,43,387,620.00,"239,940.00"
2020-02-18,2020021801020061,SHPC,52,44,100,231.00,"23,100.00"
2020-02-18,2020021801020059,SIC,57,39,72,792.00,"57,024.00"
2020-02-18,2020021801019971,SIC,45,39,128,792.00,"101,376.00"
2020-02-18,2020021801019970,SIC,45,45,72,791.00,"56,952.00"
2020-02-18,2020021801020343,SICL,20,33,43,"1,248.00","53,664.00"
2020-02-18,2020021801020342,SICL,14,33,10,"1,248.00","12,480.00"
2020-02-18,2020021801020056,SICL,57,58,200,"1,246.00","249,200.00"
2020-02-18,2020021801020055,SICL,57,33,97,"1,245.00","120,765.00"
2020-02-18,2020021801020054,SICL,57,14,37,"1,240.00","45,880.00"
2020-02-18,2020021801020020,SICL,51,14,150,"1,240.00","186,000.00"
2020-02-18,2020021801019901,SICL,34,33,33,"1,245.00","41,085.00"
2020-02-18,2020021801020019,SICL,20,14,200,"1,240.00","248,000.00"
2020-02-18,2020021801020018,SICL,19,14,13,"1,240.00","16,120.00"
2020-02-18,2020021801020017,SICL,51,14,300,"1,241.00","372,300.00"
2020-02-18,2020021801020016,SICL,45,14,300,"1,242.00","372,600.00"
2020-02-18,2020021801019955,SICL,6,33,10,"1,245.00","12,450.00"
2020-02-18,2020021801020208,SIL,44,20,200,581.00,"116,200.00"
2020-02-18,2020021801020284,SINDU,45,34,132,136.00,"17,952.00"
2020-02-18,2020021801020283,SINDU,45,26,268,135.00,"36,180.00"
2020-02-18,2020021801020282,SINDU,45,48,500,135.00,"67,500.00"
2020-02-18,2020021801020256,SINDU,45,26,32,135.00,"4,320.00"
2020-02-18,2020021801020255,SINDU,45,26,"1,068",134.00,"143,112.00"
2020-02-18,2020021801019906,SINDU,43,37,100,134.00,"13,400.00"
2020-02-18,2020021801020334,SJCL,56,36,20,158.00,"3,160.00"
2020-02-18,2020021801020248,SKBBL,48,51,55,"1,175.00","64,625.00"
2020-02-18,2020021801020204,SKBBL,48,33,115,"1,180.00","135,700.00"
2020-02-18,2020021801020132,SKBBL,6,33,75,"1,180.00","88,500.00"
2020-02-18,2020021801020080,SKBBL,43,33,10,"1,180.00","11,800.00"
2020-02-18,2020021801020079,SKBBL,43,5,60,"1,175.00","70,500.00"
2020-02-18,2020021801020269,SLICL,55,26,450,498.00,"224,100.00"
2020-02-18,2020021801020268,SLICL,55,51,50,498.00,"24,900.00"
2020-02-18,2020021801020175,SLICL,34,13,100,497.00,"49,700.00"
2020-02-18,2020021801020082,SLICL,21,34,380,496.00,"188,480.00"
2020-02-18,2020021801019937,SLICL,34,34,20,496.00,"9,920.00"
2020-02-18,2020021801019916,SLICL,39,34,600,496.00,"297,600.00"
2020-02-18,2020021801020239,SMATA,34,36,500,833.00,"416,500.00"
2020-02-18,2020021801020238,SMATA,34,22,150,832.00,"124,800.00"
2020-02-18,2020021801020195,SMB,34,43,30,"1,046.00","31,380.00"
2020-02-18,2020021801020155,SMB,34,43,20,"1,039.00","20,780.00"
2020-02-18,2020021801020154,SMB,34,43,30,"1,038.00","31,140.00"
2020-02-18,2020021801020196,SMB,34,16,10,"1,050.00","10,500.00"
2020-02-18,2020021801019903,SMFBS,48,29,10,"1,152.00","11,520.00"
2020-02-18,2020021801019902,SMFBS,48,29,10,"1,150.00","11,500.00"
2020-02-18,2020021801020033,SPARS,20,34,10,921.00,"9,210.00"
2020-02-18,2020021801020032,SPARS,47,34,30,922.00,"27,660.00"
2020-02-18,2020021801020031,SPARS,34,34,10,925.00,"9,250.00"
2020-02-18,2020021801020320,SRBL,33,50,"2,500",257.00,"642,500.00"
2020-02-18,2020021801020319,SRBL,57,50,181,258.00,"46,698.00"
2020-02-18,2020021801019990,SRBL,57,32,130,258.00,"33,540.00"
2020-02-18,2020021801019989,SRBL,57,52,189,258.00,"48,762.00"
2020-02-18,2020021801020333,STC,19,49,15,"2,783.00","41,745.00"
2020-02-18,2020021801020332,STC,19,43,10,"2,780.00","27,800.00"
2020-02-18,2020021801020292,STC,38,50,10,"2,732.00","27,320.00"
2020-02-18,2020021801020254,STC,49,36,80,"2,775.00","222,000.00"
2020-02-18,2020021801020253,STC,49,33,50,"2,775.00","138,750.00"
2020-02-18,2020021801020252,STC,49,28,105,"2,771.00","290,955.00"
2020-02-18,2020021801019998,STC,7,42,100,"2,760.00","276,000.00"
2020-02-18,2020021801019997,STC,7,32,50,"2,759.00","137,950.00"
2020-02-18,2020021801020053,STC,44,28,45,"2,771.00","124,695.00"
2020-02-18,2020021801020052,STC,44,33,50,"2,770.00","138,500.00"
2020-02-18,2020021801020051,STC,44,49,10,"2,769.00","27,690.00"
2020-02-18,2020021801020050,STC,44,33,45,"2,762.00","124,290.00"
2020-02-18,2020021801020049,STC,44,34,50,"2,761.00","138,050.00"
2020-02-18,2020021801019999,STC,7,34,150,"2,761.00","414,150.00"
2020-02-18,2020021801020178,SWBBL,1,1,62,"1,288.00","79,856.00"
2020-02-18,2020021801020331,UIC,25,13,250,444.00,"111,000.00"
2020-02-18,2020021801020262,UIC,13,13,200,444.00,"88,800.00"
2020-02-18,2020021801020187,UIC,25,13,100,444.00,"44,400.00"
2020-02-18,2020021801020083,UIC,49,13,200,444.00,"88,800.00"
2020-02-18,2020021801020221,UPCL,4,37,100,80.00,"8,000.00"
2020-02-18,2020021801020211,UPCL,47,37,500,80.00,"40,000.00"
2020-02-18,2020021801020305,UPPER,33,22,40,240.00,"9,600.00"
2020-02-18,2020021801019961,UPPER,33,37,50,240.00,"12,000.00"
2020-02-18,2020021801019960,UPPER,33,29,50,240.00,"12,000.00"
2020-02-18,2020021801020266,VLBS,28,58,82,"1,130.00","92,660.00"
2020-02-18,2020021801020250,VLBS,28,39,100,"1,129.00","112,900.00"
2020-02-18,2020021801020249,VLBS,28,45,50,"1,128.00","56,400.00"
2020-02-18,2020021801019905,VLBS,44,58,55,"1,120.00","61,600.00"
2020-02-18,2020021801019904,VLBS,44,35,23,"1,115.00","25,645.00"
2020-02-18,2020021801019868,VLBS,50,35,100,"1,115.00","111,500.00"
2020-02-18,2020021801020344,WOMI,50,26,200,"1,100.00","220,000.00"
2020-02-18,2020021801019719,ADBL,43,45,500,396.00,"198,000.00"
2020-02-18,2020021801019585,AKPL,48,36,300,136.00,"40,800.00"
2020-02-18,2020021801019408,AKPL,5,45,"1,850",135.00,"249,750.00"
2020-02-18,2020021801019407,AKPL,59,45,"2,000",135.00,"270,000.00"
2020-02-18,2020021801019838,ALICL,32,56,500,633.00,"316,500.00"
2020-02-18,2020021801019673,ALICL,58,46,100,628.00,"62,800.00"
2020-02-18,2020021801019514,ALICL,16,34,200,625.00,"125,000.00"
2020-02-18,2020021801019475,API,11,22,10,137.00,"1,370.00"
2020-02-18,2020021801019474,API,11,34,101,137.00,"13,837.00"
2020-02-18,2020021801019669,BOKL,4,52,52,240.00,"12,480.00"
2020-02-18,2020021801019650,BOKL,34,13,200,239.00,"47,800.00"
2020-02-18,2020021801019649,BOKL,34,25,81,239.00,"19,359.00"
2020-02-18,2020021801019648,BOKL,34,39,100,239.00,"23,900.00"
2020-02-18,2020021801019812,BPCL,28,38,22,344.00,"7,568.00"
2020-02-18,2020021801019728,BPCL,45,52,100,344.00,"34,400.00"
2020-02-18,2020021801019729,CBBL,50,16,10,"1,114.00","11,140.00"
2020-02-18,2020021801019712,CBBL,33,50,379,"1,111.00","421,069.00"
2020-02-18,2020021801019711,CBBL,33,45,500,"1,110.00","555,000.00"
2020-02-18,2020021801019710,CBBL,33,14,34,"1,110.00","37,740.00"
2020-02-18,2020021801019709,CBBL,33,58,224,"1,110.00","248,640.00"
2020-02-18,2020021801019473,CBBL,29,34,250,"1,105.00","276,250.00"
2020-02-18,2020021801019708,CBBL,33,6,100,"1,109.00","110,900.00"
2020-02-18,2020021801019707,CBBL,33,16,50,"1,109.00","55,450.00"
2020-02-18,2020021801019706,CBBL,33,49,200,"1,108.00","221,600.00"
2020-02-18,2020021801019705,CBBL,33,57,282,"1,108.00","312,456.00"
2020-02-18,2020021801019704,CBBL,33,16,100,"1,108.00","110,800.00"
2020-02-18,2020021801019583,CBBL,19,34,18,"1,105.00","19,890.00"
2020-02-18,2020021801019633,CBL,35,52,115,153.00,"17,595.00"
2020-02-18,2020021801019809,CCBL,4,44,200,186.00,"37,200.00"
2020-02-18,2020021801019715,CCBL,16,35,60,185.00,"11,100.00"
2020-02-18,2020021801019642,CCBL,25,40,10,187.00,"1,870.00"
2020-02-18,2020021801019796,CIT,28,38,15,"2,750.00","41,250.00"
2020-02-18,2020021801019792,CIT,7,38,45,"2,750.00","123,750.00"
2020-02-18,2020021801019791,CIT,7,4,25,"2,750.00","68,750.00"
2020-02-18,2020021801019776,CIT,49,4,10,"2,750.00","27,500.00"
2020-02-18,2020021801019775,CIT,49,35,10,"2,748.00","27,480.00"
2020-02-18,2020021801019774,CIT,49,45,10,"2,740.00","27,400.00"
2020-02-18,2020021801019750,CIT,7,17,30,"2,730.00","81,900.00"
2020-02-18,2020021801019402,CIT,49,45,50,"2,740.00","137,000.00"
2020-02-18,2020021801019401,CIT,49,19,50,"2,739.00","136,950.00"
2020-02-18,2020021801019832,CZBIL,25,45,10,198.00,"1,980.00"
2020-02-18,2020021801019799,CZBIL,45,34,461,197.00,"90,817.00"
2020-02-18,2020021801019790,CZBIL,21,34,29,197.00,"5,713.00"
2020-02-18,2020021801019789,CZBIL,21,10,71,197.00,"13,987.00"
2020-02-18,2020021801019741,CZBIL,25,10,39,197.00,"7,683.00"
2020-02-18,2020021801019700,CZBIL,51,10,500,197.00,"98,500.00"
2020-02-18,2020021801019766,DDBL,34,28,200,888.00,"177,600.00"
2020-02-18,2020021801019657,DDBL,57,28,100,888.00,"88,800.00"
2020-02-18,2020021801019582,DDBL,53,28,150,888.00,"133,200.00"
2020-02-18,2020021801019563,DDBL,34,28,100,888.00,"88,800.00"
2020-02-18,2020021801019555,DDBL,36,28,300,888.00,"266,400.00"
2020-02-18,2020021801019476,DDBL,34,50,100,886.00,"88,600.00"
2020-02-18,2020021801019440,DDBL,49,44,33,885.00,"29,205.00"
2020-02-18,2020021801019392,DDBL,44,44,100,885.00,"88,500.00"
2020-02-18,2020021801019363,DDBL,17,44,157,885.00,"138,945.00"
2020-02-18,2020021801019362,DDBL,17,58,43,885.00,"38,055.00"
2020-02-18,2020021801019441,DHPL,17,22,496,54.00,"26,784.00"
2020-02-18,2020021801019695,EBL,58,52,200,666.00,"133,200.00"
2020-02-18,2020021801019610,EBL,4,36,21,667.00,"14,007.00"
2020-02-18,2020021801019459,EBL,34,36,300,667.00,"200,100.00"
2020-02-18,2020021801019419,EBL,19,36,20,667.00,"13,340.00"
2020-02-18,2020021801019384,EBL,58,38,100,666.00,"66,600.00"
2020-02-18,2020021801019383,EBL,58,44,100,666.00,"66,600.00"
2020-02-18,2020021801019587,EBL,33,36,200,667.00,"133,400.00"
2020-02-18,2020021801019811,EIC,16,26,400,447.00,"178,800.00"
2020-02-18,2020021801019810,EIC,16,33,92,447.00,"41,124.00"
2020-02-18,2020021801019779,EIC,47,17,"1,008",445.00,"448,560.00"
2020-02-18,2020021801019752,EIC,19,17,100,445.00,"44,500.00"
2020-02-18,2020021801019724,EIC,21,17,20,445.00,"8,900.00"
2020-02-18,2020021801019679,EIC,50,17,100,445.00,"44,500.00"
2020-02-18,2020021801019636,EIC,57,17,10,445.00,"4,450.00"
2020-02-18,2020021801019635,EIC,57,14,10,445.00,"4,450.00"
2020-02-18,2020021801019611,EIC,17,26,50,445.00,"22,250.00"
2020-02-18,2020021801019599,EIC,36,52,70,444.00,"31,080.00"
2020-02-18,2020021801019598,EIC,51,52,130,444.00,"57,720.00"
2020-02-18,2020021801019822,FMDBL,6,7,300,479.00,"143,700.00"
2020-02-18,2020021801019745,FMDBL,52,44,200,475.00,"95,000.00"
2020-02-18,2020021801019569,FMDBL,57,6,51,480.00,"24,480.00"
2020-02-18,2020021801019568,FMDBL,57,51,25,479.00,"11,975.00"
2020-02-18,2020021801019531,FMDBL,57,51,225,479.00,"107,775.00"
2020-02-18,2020021801019530,FMDBL,57,55,100,476.00,"47,600.00"
2020-02-18,2020021801019529,FMDBL,57,6,200,476.00,"95,200.00"
2020-02-18,2020021801019528,FMDBL,57,6,250,476.00,"119,000.00"
2020-02-18,2020021801019527,FMDBL,57,18,225,475.00,"106,875.00"
2020-02-18,2020021801019491,FMDBL,26,50,10,474.00,"4,740.00"
2020-02-18,2020021801019490,FMDBL,45,50,50,474.00,"23,700.00"
2020-02-18,2020021801019405,FMDBL,45,50,40,474.00,"18,960.00"
2020-02-18,2020021801019831,GBIME,37,44,100,286.00,"28,600.00"
2020-02-18,2020021801019692,GBIME,4,32,100,285.00,"28,500.00"
2020-02-18,2020021801019560,GBIME,29,44,50,286.00,"14,300.00"
2020-02-18,2020021801019372,GBIME,13,44,158,286.00,"45,188.00"
2020-02-18,2020021801019371,GBIME,13,17,206,286.00,"58,916.00"
2020-02-18,2020021801019370,GBIME,13,34,36,286.00,"10,296.00"
2020-02-18,2020021801019369,GBIME,13,32,100,286.00,"28,600.00"
2020-02-18,2020021801019841,GBLBS,7,29,340,499.00,"169,660.00"
2020-02-18,2020021801019840,GBLBS,7,7,79,499.00,"39,421.00"
2020-02-18,2020021801019802,GBLBS,52,7,171,499.00,"85,329.00"
2020-02-18,2020021801019801,GBLBS,52,58,29,499.00,"14,471.00"
2020-02-18,2020021801019751,GBLBS,25,58,150,499.00,"74,850.00"
2020-02-18,2020021801019723,GBLBS,7,16,200,498.00,"99,600.00"
2020-02-18,2020021801019567,GBLBS,7,16,300,498.00,"149,400.00"
2020-02-18,2020021801019462,GGBSL,38,22,10,905.00,"9,050.00"
2020-02-18,2020021801019465,GILB,19,42,100,"1,410.00","141,000.00"
2020-02-18,2020021801019464,GILB,19,6,50,"1,409.00","70,450.00"
2020-02-18,2020021801019463,GILB,19,44,50,"1,405.00","70,250.00"
2020-02-18,2020021801019714,GLICL,25,22,50,810.00,"40,500.00"
2020-02-18,2020021801019713,GLICL,25,19,195,810.00,"157,950.00"
2020-02-18,2020021801019675,GLICL,53,19,300,810.00,"243,000.00"
2020-02-18,2020021801019653,GLICL,45,39,200,808.00,"161,600.00"
2020-02-18,2020021801019630,GLICL,7,39,100,808.00,"80,800.00"
2020-02-18,2020021801019511,GLICL,10,39,115,808.00,"92,920.00"
2020-02-18,2020021801019454,GLICL,35,39,50,808.00,"40,400.00"
2020-02-18,2020021801019368,GLICL,53,26,275,807.00,"221,925.00"
2020-02-18,2020021801019798,GMFBS,19,6,200,961.00,"192,200.00"
2020-02-18,2020021801019733,GMFBS,26,34,400,960.00,"384,000.00"
2020-02-18,2020021801019732,GMFBS,26,43,10,960.00,"9,600.00"
2020-02-18,2020021801019731,GMFBS,26,57,100,959.00,"95,900.00"
2020-02-18,2020021801019730,GMFBS,26,55,100,959.00,"95,900.00"
2020-02-18,2020021801019696,GMFBS,16,13,280,958.00,"268,240.00"
2020-02-18,2020021801019403,GMFBS,28,22,10,950.00,"9,500.00"
2020-02-18,2020021801019815,HDL,14,53,50,"1,429.00","71,450.00"
2020-02-18,2020021801019780,HDL,34,53,30,"1,429.00","42,870.00"
2020-02-18,2020021801019743,HDL,34,45,70,"1,428.00","99,960.00"
2020-02-18,2020021801019742,HDL,25,38,50,"1,426.00","71,300.00"
2020-02-18,2020021801019740,HDL,34,45,10,"1,429.00","14,290.00"
2020-02-18,2020021801019739,HDL,47,45,10,"1,429.00","14,290.00"
2020-02-18,2020021801019480,HDL,50,38,205,"1,420.00","291,100.00"
2020-02-18,2020021801019479,HDL,14,38,20,"1,420.00","28,400.00"
2020-02-18,2020021801019415,HDL,28,43,200,"1,423.00","284,600.00"
2020-02-18,2020021801019614,HDL,58,45,100,"1,425.00","142,500.00"
2020-02-18,2020021801019613,HDL,58,13,25,"1,425.00","35,625.00"
2020-02-18,2020021801019612,HDL,58,34,10,"1,424.00","14,240.00"
2020-02-18,2020021801019580,HDL,53,38,475,"1,420.00","674,500.00"
2020-02-18,2020021801019542,HDL,49,38,150,"1,420.00","213,000.00"
2020-02-18,2020021801019541,HDL,53,38,150,"1,420.00","213,000.00"
2020-02-18,2020021801019738,HDL,32,45,10,"1,429.00","14,290.00"
2020-02-18,2020021801019737,HDL,53,45,50,"1,429.00","71,450.00"
2020-02-18,2020021801019690,HDL,53,35,200,"1,429.00","285,800.00"
2020-02-18,2020021801019689,HDL,53,28,200,"1,427.00","285,400.00"
2020-02-18,2020021801019688,HDL,53,57,50,"1,427.00","71,350.00"
2020-02-18,2020021801019687,HDL,53,14,100,"1,426.00","142,600.00"
2020-02-18,2020021801019784,HGI,39,54,30,442.00,"13,260.00"
2020-02-18,2020021801019783,HGI,39,3,400,442.00,"176,800.00"
2020-02-18,2020021801019782,HGI,39,34,50,442.00,"22,100.00"
2020-02-18,2020021801019781,HGI,39,57,100,442.00,"44,200.00"
2020-02-18,2020021801019549,HGI,1,58,184,441.00,"81,144.00"
2020-02-18,2020021801019544,IGI,53,48,429,475.00,"203,775.00"
2020-02-18,2020021801019837,ILBS,10,36,10,910.00,"9,100.00"
2020-02-18,2020021801019836,ILBS,10,36,10,910.00,"9,100.00"
2020-02-18,2020021801019485,ILBS,55,21,100,905.00,"90,500.00"
2020-02-18,2020021801019546,JSLBB,34,32,10,"1,830.00","18,300.00"
2020-02-18,2020021801019803,KBL,39,28,"1,000",197.00,"197,000.00"
2020-02-18,2020021801019765,KBL,53,28,"2,000",197.00,"394,000.00"
2020-02-18,2020021801019422,KBL,14,28,20,197.00,"3,940.00"
2020-02-18,2020021801019591,KPCL,59,17,10,106.00,"1,060.00"
2020-02-18,2020021801019777,KSBBL,33,35,43,167.00,"7,181.00"
2020-02-18,2020021801019446,LEMF,16,42,"1,000",8.25,"8,250.00"
2020-02-18,2020021801019823,LGIL,34,16,100,524.00,"52,400.00"
2020-02-18,2020021801019488,LGIL,22,16,50,524.00,"26,200.00"
2020-02-18,2020021801019391,LGIL,11,16,200,524.00,"104,800.00"
2020-02-18,2020021801019547,LLBS,25,34,20,"1,145.00","22,900.00"
2020-02-18,2020021801019620,LVF1,32,22,500,9.72,"4,860.00"
2020-02-18,2020021801019397,MBL,22,54,276,238.00,"65,688.00"
2020-02-18,2020021801019396,MBL,35,54,100,238.00,"23,800.00"
2020-02-18,2020021801019400,MDB,22,49,530,354.00,"187,620.00"
2020-02-18,2020021801019848,MEGA,17,54,20,211.00,"4,220.00"
2020-02-18,2020021801019835,MEGA,42,54,121,211.00,"25,531.00"
2020-02-18,2020021801019834,MEGA,42,17,79,211.00,"16,669.00"
2020-02-18,2020021801019686,MEGA,6,17,200,211.00,"42,200.00"
2020-02-18,2020021801019683,MEGA,45,17,190,211.00,"40,090.00"
2020-02-18,2020021801019682,MEGA,45,25,10,211.00,"2,110.00"
2020-02-18,2020021801019856,MERO,6,28,70,675.00,"47,250.00"
2020-02-18,2020021801019855,MERO,6,45,30,675.00,"20,250.00"
2020-02-18,2020021801019794,MERO,48,45,70,675.00,"47,250.00"
2020-02-18,2020021801019793,MERO,48,38,130,674.00,"87,620.00"
2020-02-18,2020021801019720,MERO,14,26,88,673.00,"59,224.00"
2020-02-18,2020021801019645,MERO,4,26,12,673.00,"8,076.00"
2020-02-18,2020021801019725,MLBBL,57,58,38,851.00,"32,338.00"
2020-02-18,2020021801019559,MNBBL,4,16,17,327.00,"5,559.00"
2020-02-18,2020021801019853,MSMBS,11,1,50,834.00,"41,700.00"
2020-02-18,2020021801019442,NABIL,3,39,100,747.00,"74,700.00"
2020-02-18,2020021801019852,NADEP,44,26,100,765.00,"76,500.00"
2020-02-18,2020021801019851,NADEP,44,41,92,765.00,"70,380.00"
2020-02-18,2020021801019850,NADEP,44,41,115,765.00,"87,975.00"
2020-02-18,2020021801019849,NADEP,44,1,20,764.00,"15,280.00"
2020-02-18,2020021801019827,NADEP,34,45,37,764.00,"28,268.00"
2020-02-18,2020021801019662,NADEP,33,17,23,760.00,"17,480.00"
2020-02-18,2020021801019399,NADEP,57,45,63,764.00,"48,132.00"
2020-02-18,2020021801019398,NADEP,57,1,50,764.00,"38,200.00"
2020-02-18,2020021801019758,NBB,58,41,20,211.00,"4,220.00"
2020-02-18,2020021801019631,NBB,6,16,121,210.00,"25,410.00"
2020-02-18,2020021801019854,NBL,33,58,"1,000",271.00,"271,000.00"
2020-02-18,2020021801019820,NBL,51,28,118,272.00,"32,096.00"
2020-02-18,2020021801019744,NBL,49,28,200,272.00,"54,400.00"
2020-02-18,2020021801019727,NBL,4,28,300,272.00,"81,600.00"
2020-02-18,2020021801019638,NCCB,1,45,"1,000",198.00,"198,000.00"
2020-02-18,2020021801019438,NCCB,59,6,200,197.00,"39,400.00"
2020-02-18,2020021801019387,NCCB,59,1,"3,000",197.00,"591,000.00"
2020-02-18,2020021801019386,NCCB,59,8,265,197.00,"52,205.00"
2020-02-18,2020021801019374,NCCB,10,8,200,197.00,"39,400.00"
2020-02-18,2020021801019699,NFS,14,25,286,132.00,"37,752.00"
2020-02-18,2020021801019698,NFS,52,25,170,133.00,"22,610.00"
2020-02-18,2020021801019826,NGPL,21,33,100,139.00,"13,900.00"
2020-02-18,2020021801019572,NGPL,33,33,10,139.00,"1,390.00"
2020-02-18,2020021801019858,NIB,37,26,200,384.00,"76,800.00"
2020-02-18,2020021801019833,NIB,22,26,200,384.00,"76,800.00"
2020-02-18,2020021801019734,NIB,25,17,44,383.00,"16,852.00"
2020-02-18,2020021801019581,NIB,48,26,282,384.00,"108,288.00"
2020-02-18,2020021801019505,NIBPO,11,48,50,335.00,"16,750.00"
2020-02-18,2020021801019788,NICA,6,28,100,549.00,"54,900.00"
2020-02-18,2020021801019763,NICA,4,28,144,549.00,"79,056.00"
2020-02-18,2020021801019762,NICA,4,42,100,549.00,"54,900.00"
2020-02-18,2020021801019761,NICA,4,47,140,548.00,"76,720.00"
2020-02-18,2020021801019760,NICA,4,21,100,548.00,"54,800.00"
2020-02-18,2020021801019759,NICA,4,48,66,548.00,"36,168.00"
2020-02-18,2020021801019413,NICA,57,52,500,543.00,"271,500.00"
2020-02-18,2020021801019412,NICA,22,52,200,543.00,"108,600.00"
2020-02-18,2020021801019395,NICA,44,34,"1,309",544.00,"712,096.00"
2020-02-18,2020021801019394,NICA,44,17,50,544.00,"27,200.00"
2020-02-18,2020021801019393,NICA,44,14,131,544.00,"71,264.00"
2020-02-18,2020021801019437,NICA,6,45,19,545.00,"10,355.00"
2020-02-18,2020021801019436,NICA,6,26,200,545.00,"109,000.00"
2020-02-18,2020021801019435,NICA,6,49,81,545.00,"44,145.00"
2020-02-18,2020021801019424,NICA,36,49,30,545.00,"16,350.00"
2020-02-18,2020021801019423,NICA,36,45,70,545.00,"38,150.00"
2020-02-18,2020021801019414,NICA,50,52,499,542.00,"270,458.00"
2020-02-18,2020021801019538,NICA,50,7,"1,088",546.00,"594,048.00"
2020-02-18,2020021801019537,NICA,50,47,300,545.00,"163,500.00"
2020-02-18,2020021801019536,NICA,50,6,500,545.00,"272,500.00"
2020-02-18,2020021801019535,NICA,50,52,"1,000",545.00,"545,000.00"
2020-02-18,2020021801019534,NICA,50,45,481,545.00,"262,145.00"
2020-02-18,2020021801019489,NICA,33,21,200,543.00,"108,600.00"
2020-02-18,2020021801019632,NICA,53,48,200,548.00,"109,600.00"
2020-02-18,2020021801019604,NICA,44,25,100,547.00,"54,700.00"
2020-02-18,2020021801019603,NICA,44,34,519,547.00,"283,893.00"
2020-02-18,2020021801019602,NICA,44,57,58,546.00,"31,668.00"
2020-02-18,2020021801019540,NICA,50,57,92,546.00,"50,232.00"
2020-02-18,2020021801019539,NICA,50,14,39,546.00,"21,294.00"
2020-02-18,2020021801019857,NICL,16,28,40,463.00,"18,520.00"
2020-02-18,2020021801019749,NIL,57,14,103,609.00,"62,727.00"
2020-02-18,2020021801019516,NIL,57,28,321,609.00,"195,489.00"
2020-02-18,2020021801019515,NIL,57,32,183,609.00,"111,447.00"
2020-02-18,2020021801019492,NIL,5,57,100,608.00,"60,800.00"
2020-02-18,2020021801019445,NIL,45,48,"2,500",607.00,"1,517,500.00"
2020-02-18,2020021801019444,NIL,45,28,400,606.00,"242,400.00"
2020-02-18,2020021801019421,NIL,36,28,100,606.00,"60,600.00"
2020-02-18,2020021801019420,NIL,36,22,400,606.00,"242,400.00"
2020-02-18,2020021801019787,NLG,54,32,150,720.00,"108,000.00"
2020-02-18,2020021801019786,NLG,54,47,250,720.00,"180,000.00"
2020-02-18,2020021801019785,NLG,54,22,80,720.00,"57,600.00"
2020-02-18,2020021801019722,NLG,6,10,160,718.00,"114,880.00"
2020-02-18,2020021801019524,NLG,47,10,200,718.00,"143,600.00"
2020-02-18,2020021801019519,NLG,52,10,100,718.00,"71,800.00"
2020-02-18,2020021801019457,NLG,17,58,180,717.00,"129,060.00"
2020-02-18,2020021801019453,NLG,48,34,37,716.00,"26,492.00"
2020-02-18,2020021801019373,NLG,50,34,100,716.00,"71,600.00"
2020-02-18,2020021801019685,NLG,39,10,500,718.00,"359,000.00"
2020-02-18,2020021801019627,NLG,17,10,60,718.00,"43,080.00"
2020-02-18,2020021801019624,NLG,7,10,100,718.00,"71,800.00"
2020-02-18,2020021801019573,NLG,6,10,200,718.00,"143,600.00"
2020-02-18,2020021801019548,NLG,48,10,30,718.00,"21,540.00"
2020-02-18,2020021801019532,NLG,19,10,300,718.00,"215,400.00"
2020-02-18,2020021801019691,NLIC,33,47,10,"1,190.00","11,900.00"
2020-02-18,2020021801019684,NLIC,55,53,250,"1,191.00","297,750.00"
2020-02-18,2020021801019681,NLIC,19,53,10,"1,191.00","11,910.00"
2020-02-18,2020021801019680,NLIC,19,42,90,"1,191.00","107,190.00"
2020-02-18,2020021801019646,NLIC,33,53,100,"1,190.00","119,000.00"
2020-02-18,2020021801019623,NLIC,54,42,10,"1,191.00","11,910.00"
2020-02-18,2020021801019509,NLIC,33,34,300,"1,190.00","357,000.00"
2020-02-18,2020021801019472,NLIC,22,34,100,"1,190.00","119,000.00"
2020-02-18,2020021801019406,NLIC,32,34,100,"1,190.00","119,000.00"
2020-02-18,2020021801019577,NLIC,33,35,100,"1,190.00","119,000.00"
2020-02-18,2020021801019576,NLIC,33,53,100,"1,190.00","119,000.00"
2020-02-18,2020021801019566,NLIC,17,53,200,"1,190.00","238,000.00"
2020-02-18,2020021801019526,NLIC,33,45,150,"1,185.00","177,750.00"
2020-02-18,2020021801019525,NLIC,44,45,50,"1,188.00","59,400.00"
2020-02-18,2020021801019510,NLIC,33,53,200,"1,190.00","238,000.00"
2020-02-18,2020021801019821,NLICL,20,25,10,691.00,"6,910.00"
2020-02-18,2020021801019694,NLICL,3,14,170,691.00,"117,470.00"
2020-02-18,2020021801019605,NLICL,53,14,30,691.00,"20,730.00"
2020-02-18,2020021801019434,NLICL,36,34,46,686.00,"31,556.00"
2020-02-18,2020021801019433,NLICL,59,34,500,687.00,"343,500.00"
2020-02-18,2020021801019432,NLICL,34,34,50,687.00,"34,350.00"
2020-02-18,2020021801019431,NLICL,34,34,55,688.00,"37,840.00"
2020-02-18,2020021801019430,NLICL,44,34,500,689.00,"344,500.00"
2020-02-18,2020021801019429,NLICL,14,34,50,690.00,"34,500.00"
2020-02-18,2020021801019768,NMB,45,35,851,409.00,"348,059.00"
2020-02-18,2020021801019767,NMB,45,8,49,409.00,"20,041.00"
2020-02-18,2020021801019665,NMB,53,8,200,409.00,"81,800.00"
2020-02-18,2020021801019661,NMB,36,8,50,409.00,"20,450.00"
2020-02-18,2020021801019656,NMB,45,8,201,409.00,"82,209.00"
2020-02-18,2020021801019655,NMB,45,34,99,409.00,"40,491.00"
2020-02-18,2020021801019379,NMB,35,33,100,405.00,"40,500.00"
2020-02-18,2020021801019378,NMB,35,35,11,405.00,"4,455.00"
2020-02-18,2020021801019468,NMB,33,3,500,407.00,"203,500.00"
2020-02-18,2020021801019467,NMB,33,58,314,407.00,"127,798.00"
2020-02-18,2020021801019428,NMB,25,1,200,406.00,"81,200.00"
2020-02-18,2020021801019427,NMB,25,39,100,406.00,"40,600.00"
2020-02-18,2020021801019426,NMB,25,36,100,406.00,"40,600.00"
2020-02-18,2020021801019425,NMB,25,13,300,406.00,"121,800.00"
2020-02-18,2020021801019497,NMB,53,57,76,408.00,"31,008.00"
2020-02-18,2020021801019496,NMB,36,57,75,408.00,"30,600.00"
2020-02-18,2020021801019495,NMB,36,57,200,408.00,"81,600.00"
2020-02-18,2020021801019494,NMB,36,1,25,408.00,"10,200.00"
2020-02-18,2020021801019470,NMB,33,35,"1,000",407.00,"407,000.00"
2020-02-18,2020021801019469,NMB,33,58,115,407.00,"46,805.00"
2020-02-18,2020021801019622,NMB,39,25,71,408.00,"28,968.00"
2020-02-18,2020021801019621,NMB,53,25,29,408.00,"11,832.00"
2020-02-18,2020021801019501,NMB,53,38,20,408.00,"8,160.00"
2020-02-18,2020021801019500,NMB,53,1,25,408.00,"10,200.00"
2020-02-18,2020021801019499,NMB,53,1,25,408.00,"10,200.00"
2020-02-18,2020021801019498,NMB,53,1,25,408.00,"10,200.00"
2020-02-18,2020021801019512,NSEWA,42,22,10,800.00,"8,000.00"
2020-02-18,2020021801019676,NUBL,22,50,288,"1,044.00","300,672.00"
2020-02-18,2020021801019471,NUBL,36,50,25,"1,044.00","26,100.00"
2020-02-18,2020021801019461,OHL,29,45,50,482.00,"24,100.00"
2020-02-18,2020021801019643,PCBL,4,17,33,284.00,"9,372.00"
2020-02-18,2020021801019625,PCBL,32,28,300,285.00,"85,500.00"
2020-02-18,2020021801019800,PIC,19,6,100,655.00,"65,500.00"
2020-02-18,2020021801019637,PIC,25,6,150,655.00,"98,250.00"
2020-02-18,2020021801019609,PIC,48,45,700,650.00,"455,000.00"
2020-02-18,2020021801019608,PIC,1,45,100,651.00,"65,100.00"
2020-02-18,2020021801019607,PIC,53,45,200,651.00,"130,200.00"
2020-02-18,2020021801019504,PIC,25,6,117,655.00,"76,635.00"
2020-02-18,2020021801019447,PIC,25,45,239,654.00,"156,306.00"
2020-02-18,2020021801019418,PIC,51,6,60,655.00,"39,300.00"
2020-02-18,2020021801019388,PIC,25,49,11,654.00,"7,194.00"
2020-02-18,2020021801019364,PIC,51,6,100,655.00,"65,500.00"
2020-02-18,2020021801019493,PIC,1,6,100,655.00,"65,500.00"
2020-02-18,2020021801019452,PIC,48,45,129,650.00,"83,850.00"
2020-02-18,2020021801019451,PIC,49,45,50,650.00,"32,500.00"
2020-02-18,2020021801019450,PIC,53,45,55,650.00,"35,750.00"
2020-02-18,2020021801019449,PIC,25,45,227,650.00,"147,550.00"
2020-02-18,2020021801019448,PIC,17,45,300,651.00,"195,300.00"
2020-02-18,2020021801019671,PICL,57,36,50,523.00,"26,150.00"
2020-02-18,2020021801019670,PICL,57,49,97,522.00,"50,634.00"
2020-02-18,2020021801019575,PICL,56,49,103,522.00,"53,766.00"
2020-02-18,2020021801019807,PLIC,32,28,50,610.00,"30,500.00"
2020-02-18,2020021801019806,PLIC,32,58,200,610.00,"122,000.00"
2020-02-18,2020021801019748,PLIC,57,21,150,608.00,"91,200.00"
2020-02-18,2020021801019747,PLIC,57,58,56,607.00,"33,992.00"
2020-02-18,2020021801019746,PLIC,57,59,56,607.00,"33,992.00"
2020-02-18,2020021801019726,PLIC,32,43,100,606.00,"60,600.00"
2020-02-18,2020021801019644,PLIC,32,5,250,604.00,"151,000.00"
2020-02-18,2020021801019545,PLIC,34,21,10,603.00,"6,030.00"
2020-02-18,2020021801019456,PLIC,34,49,50,603.00,"30,150.00"
2020-02-18,2020021801019381,PLIC,34,59,80,603.00,"48,240.00"
2020-02-18,2020021801019361,PLIC,37,43,100,600.00,"60,000.00"
2020-02-18,2020021801019703,PRIN,1,32,200,493.00,"98,600.00"
2020-02-18,2020021801019558,PRIN,57,35,50,491.00,"24,550.00"
2020-02-18,2020021801019503,PRIN,17,35,50,491.00,"24,550.00"
2020-02-18,2020021801019502,PRIN,17,32,150,491.00,"73,650.00"
2020-02-18,2020021801019404,PRIN,48,32,300,491.00,"147,300.00"
2020-02-18,2020021801019667,PRVU,16,44,100,250.00,"25,000.00"
2020-02-18,2020021801019556,PRVU,16,38,100,250.00,"25,000.00"
2020-02-18,2020021801019486,PRVU,1,34,200,251.00,"50,200.00"
2020-02-18,2020021801019382,PRVU,16,44,100,250.00,"25,000.00"
2020-02-18,2020021801019859,RBCL,54,45,20,"11,350.00","227,000.00"
2020-02-18,2020021801019672,RBCL,54,54,20,"11,350.00","227,000.00"
2020-02-18,2020021801019557,RBCL,28,50,60,"11,250.00","675,000.00"
2020-02-18,2020021801019508,RBCL,58,34,100,"11,200.00","1,120,000.00"
2020-02-18,2020021801019507,RBCL,58,21,30,"11,195.00","335,850.00"
2020-02-18,2020021801019506,RBCL,58,34,20,"11,190.00","223,800.00"
2020-02-18,2020021801019365,RBCL,19,22,10,"11,016.00","110,160.00"
2020-02-18,2020021801019718,RBCLPO,34,43,10,"9,500.00","95,000.00"
2020-02-18,2020021801019717,RBCLPO,34,33,17,"9,499.00","161,483.00"
2020-02-18,2020021801019716,RBCLPO,34,21,10,"9,490.00","94,900.00"
2020-02-18,2020021801019619,RBCLPO,50,21,10,"9,490.00","94,900.00"
2020-02-18,2020021801019757,RHPC,35,33,389,89.00,"34,621.00"
2020-02-18,2020021801019756,RHPC,57,33,50,89.00,"4,450.00"
2020-02-18,2020021801019755,RHPC,46,33,61,89.00,"5,429.00"
2020-02-18,2020021801019814,RHPL,58,39,200,167.00,"33,400.00"
2020-02-18,2020021801019618,RHPL,59,36,40,165.00,"6,600.00"
2020-02-18,2020021801019589,RHPL,59,36,30,165.00,"4,950.00"
2020-02-18,2020021801019588,RHPL,11,36,10,166.00,"1,660.00"
2020-02-18,2020021801019520,RHPL,11,36,40,166.00,"6,640.00"
2020-02-18,2020021801019477,RHPL,11,36,40,166.00,"6,640.00"
2020-02-18,2020021801019439,RHPL,11,22,20,166.00,"3,320.00"
2020-02-18,2020021801019819,RRHP,14,17,10,102.00,"1,020.00"
2020-02-18,2020021801019564,RSDC,26,25,200,483.00,"96,600.00"
2020-02-18,2020021801019443,RSDC,26,55,20,482.00,"9,640.00"
2020-02-18,2020021801019570,SABSL,21,36,10,939.00,"9,390.00"
2020-02-18,2020021801019455,SABSL,21,22,10,935.00,"9,350.00"
2020-02-18,2020021801019377,SADBL,44,6,"1,000",170.00,"170,000.00"
2020-02-18,2020021801019376,SADBL,44,25,684,170.00,"116,280.00"
2020-02-18,2020021801019375,SADBL,44,29,"1,000",170.00,"170,000.00"
2020-02-18,2020021801019824,SANIMA,58,34,20,357.00,"7,140.00"
2020-02-18,2020021801019818,SAPDBL,20,55,70,144.00,"10,080.00"
2020-02-18,2020021801019817,SAPDBL,4,55,"4,976",145.00,"721,520.00"
2020-02-18,2020021801019816,SAPDBL,37,55,197,146.00,"28,762.00"
2020-02-18,2020021801019778,SBI,32,52,10,426.00,"4,260.00"
2020-02-18,2020021801019664,SBL,4,52,200,321.00,"64,200.00"
2020-02-18,2020021801019410,SBL,4,33,100,321.00,"32,100.00"
2020-02-18,2020021801019409,SBL,4,35,384,321.00,"123,264.00"
2020-02-18,2020021801019481,SCB,11,22,20,645.00,"12,900.00"
2020-02-18,2020021801019380,SCB,11,53,40,645.00,"25,800.00"
2020-02-18,2020021801019565,SDESI,45,26,241,959.00,"231,119.00"
2020-02-18,2020021801019617,SHINE,44,16,"2,607",295.00,"769,065.00"
2020-02-18,2020021801019601,SHINE,57,16,"1,000",295.00,"295,000.00"
2020-02-18,2020021801019590,SHINE,51,16,"1,500",295.00,"442,500.00"
2020-02-18,2020021801019543,SHINE,57,42,"1,000",298.00,"298,000.00"
2020-02-18,2020021801019460,SHINE,32,42,"1,000",298.00,"298,000.00"
2020-02-18,2020021801019554,SHINE,54,16,"1,000",295.00,"295,000.00"
2020-02-18,2020021801019553,SHINE,55,16,"1,000",295.00,"295,000.00"
2020-02-18,2020021801019552,SHINE,33,16,400,297.00,"118,800.00"
2020-02-18,2020021801019551,SHINE,37,16,40,297.00,"11,880.00"
2020-02-18,2020021801019550,SHINE,58,16,363,297.00,"107,811.00"
2020-02-18,2020021801019844,SHIVM,57,43,50,617.00,"30,850.00"
2020-02-18,2020021801019830,SHIVM,57,43,950,617.00,"586,150.00"
2020-02-18,2020021801019805,SHIVM,44,43,50,617.00,"30,850.00"
2020-02-18,2020021801019804,SHIVM,44,25,200,617.00,"123,400.00"
2020-02-18,2020021801019754,SHIVM,35,28,500,617.00,"308,500.00"
2020-02-18,2020021801019753,SHIVM,35,44,500,617.00,"308,500.00"
2020-02-18,2020021801019366,SHIVM,44,28,150,614.00,"92,100.00"
2020-02-18,2020021801019517,SHIVM,39,53,100,615.00,"61,500.00"
2020-02-18,2020021801019484,SHIVM,38,51,500,615.00,"307,500.00"
2020-02-18,2020021801019483,SHIVM,38,43,100,615.00,"61,500.00"
2020-02-18,2020021801019482,SHIVM,38,59,300,615.00,"184,500.00"
2020-02-18,2020021801019367,SHIVM,44,28,500,614.00,"307,000.00"
2020-02-18,2020021801019586,SHIVM,58,43,"1,000",615.00,"615,000.00"
2020-02-18,2020021801019579,SHIVM,5,54,100,615.00,"61,500.00"
2020-02-18,2020021801019578,SHIVM,1,54,100,615.00,"61,500.00"
2020-02-18,2020021801019518,SHIVM,1,53,400,615.00,"246,000.00"
2020-02-18,2020021801019668,SHIVM,39,43,99,616.00,"60,984.00"
2020-02-18,2020021801019666,SHIVM,52,43,500,616.00,"308,000.00"
2020-02-18,2020021801019660,SHIVM,58,43,201,616.00,"123,816.00"
2020-02-18,2020021801019641,SHIVM,58,38,210,616.00,"129,360.00"
2020-02-18,2020021801019640,SHIVM,58,28,389,616.00,"239,624.00"
2020-02-18,2020021801019639,SHIVM,58,43,200,615.00,"123,000.00"
2020-02-18,2020021801019829,SHPC,3,35,200,230.00,"46,000.00"
2020-02-18,2020021801019828,SHPC,3,45,690,230.00,"158,700.00"
2020-02-18,2020021801019764,SHPC,37,45,300,230.00,"69,000.00"
2020-02-18,2020021801019562,SHPC,49,45,10,230.00,"2,300.00"
2020-02-18,2020021801019478,SHPC,57,52,200,227.00,"45,400.00"
2020-02-18,2020021801019663,SIC,1,49,75,780.00,"58,500.00"
2020-02-18,2020021801019513,SIC,26,49,200,780.00,"156,000.00"
2020-02-18,2020021801019360,SIC,1,26,240,775.00,"186,000.00"
2020-02-18,2020021801019845,SICL,6,33,100,"1,245.00","124,500.00"
2020-02-18,2020021801019808,SICL,45,33,50,"1,245.00","62,250.00"
2020-02-18,2020021801019561,SICL,44,34,155,"1,239.00","192,045.00"
2020-02-18,2020021801019487,SICL,49,34,100,"1,239.00","123,900.00"
2020-02-18,2020021801019702,SICL,14,33,10,"1,245.00","12,450.00"
2020-02-18,2020021801019654,SICL,19,44,87,"1,240.00","107,880.00"
2020-02-18,2020021801019626,SICL,34,44,13,"1,240.00","16,120.00"
2020-02-18,2020021801019600,SICL,39,44,300,"1,240.00","372,000.00"
2020-02-18,2020021801019701,SIL,5,26,100,587.00,"58,700.00"
2020-02-18,2020021801019523,SIL,44,58,57,586.00,"33,402.00"
2020-02-18,2020021801019522,SIL,44,45,100,585.00,"58,500.00"
2020-02-18,2020021801019521,SIL,44,7,50,584.00,"29,200.00"
2020-02-18,2020021801019458,SIL,51,14,80,583.00,"46,640.00"
2020-02-18,2020021801019721,SJCL,56,22,20,158.00,"3,160.00"
2020-02-18,2020021801019385,SJCL,56,50,10,158.00,"1,580.00"
2020-02-18,2020021801019616,SKBBL,50,49,300,"1,174.00","352,200.00"
2020-02-18,2020021801019615,SKBBL,50,41,190,"1,170.00","222,300.00"
2020-02-18,2020021801019466,SKBBL,43,41,10,"1,170.00","11,700.00"
2020-02-18,2020021801019417,SLBBL,51,39,180,952.00,"171,360.00"
2020-02-18,2020021801019416,SLBBL,34,39,20,953.00,"19,060.00"
2020-02-18,2020021801019825,SLICL,44,45,150,496.00,"74,400.00"
2020-02-18,2020021801019736,SLICL,57,45,300,496.00,"148,800.00"
2020-02-18,2020021801019735,SLICL,57,25,200,495.00,"99,000.00"
2020-02-18,2020021801019659,SLICL,1,1,101,494.00,"49,894.00"
2020-02-18,2020021801019629,SLICL,58,6,129,492.00,"63,468.00"
2020-02-18,2020021801019593,SLICL,25,6,171,492.00,"84,132.00"
2020-02-18,2020021801019592,SLICL,25,49,29,492.00,"14,268.00"
2020-02-18,2020021801019571,SLICL,21,49,100,492.00,"49,200.00"
2020-02-18,2020021801019533,SLICL,34,49,20,492.00,"9,840.00"
2020-02-18,2020021801019847,SMATA,57,22,150,830.00,"124,500.00"
2020-02-18,2020021801019846,SMATA,57,21,50,830.00,"41,500.00"
2020-02-18,2020021801019652,SMATA,16,34,100,825.00,"82,500.00"
2020-02-18,2020021801019651,SMATA,16,42,90,824.00,"74,160.00"
2020-02-18,2020021801019795,SMB,19,43,10,"1,025.00","10,250.00"
2020-02-18,2020021801019693,SMFBS,34,11,40,"1,145.00","45,800.00"
2020-02-18,2020021801019634,SPARS,34,49,10,925.00,"9,250.00"
2020-02-18,2020021801019606,SPARS,47,49,10,925.00,"9,250.00"
2020-02-18,2020021801019697,SRBL,57,56,25,257.00,"6,425.00"
2020-02-18,2020021801019628,SWBBL,19,34,100,"1,289.00","128,900.00"
2020-02-18,2020021801019390,SWBBL,59,55,150,"1,288.00","193,200.00"
2020-02-18,2020021801019843,UIC,19,13,50,444.00,"22,200.00"
2020-02-18,2020021801019842,UIC,19,44,50,444.00,"22,200.00"
2020-02-18,2020021801019839,UIC,57,44,50,444.00,"22,200.00"
2020-02-18,2020021801019813,UIC,39,44,100,444.00,"44,400.00"
2020-02-18,2020021801019674,UIC,53,52,200,442.00,"88,400.00"
2020-02-18,2020021801019647,UPCL,17,29,160,79.00,"12,640.00"
2020-02-18,2020021801019678,UPPER,1,22,30,239.00,"7,170.00"
2020-02-18,2020021801019677,UPPER,37,22,20,240.00,"4,800.00"
2020-02-18,2020021801019597,UPPER,37,44,80,240.00,"19,200.00"
2020-02-18,2020021801019596,UPPER,37,44,20,240.00,"4,800.00"
2020-02-18,2020021801019389,VLBS,33,39,50,"1,109.00","55,450.00"
2020-02-18,2020021801019595,VLBS,44,48,88,"1,110.00","97,680.00"
2020-02-18,2020021801019594,VLBS,44,14,100,"1,110.00","111,000.00"
2020-02-18,2020021801019797,WOMI,10,34,130,"1,101.00","143,130.00"
2020-02-18,2020021801019773,WOMI,45,32,500,"1,100.00","550,000.00"
2020-02-18,2020021801019772,WOMI,45,58,200,"1,100.00","220,000.00"
2020-02-18,2020021801019771,WOMI,45,17,50,"1,098.00","54,900.00"
2020-02-18,2020021801019770,WOMI,45,5,23,"1,097.00","25,231.00"
2020-02-18,2020021801019769,WOMI,45,42,150,"1,097.00","164,550.00"
2020-02-18,2020021801019658,WOMI,58,58,67,"1,095.00","73,365.00"
2020-02-18,2020021801019584,WOMI,10,45,187,"1,096.00","204,952.00"
2020-02-18,2020021801019574,WOMI,4,45,13,"1,096.00","14,248.00"
2020-02-18,2020021801019411,WOMI,58,58,67,"1,095.00","73,365.00"
2020-02-18,2020021801019355,ADBL,43,21,363,395.00,"143,385.00"
2020-02-18,2020021801019319,ADBL,43,47,100,395.00,"39,500.00"
2020-02-18,2020021801018951,ADBL,43,44,27,395.00,"10,665.00"
2020-02-18,2020021801018950,ADBL,19,44,40,395.00,"15,800.00"
2020-02-18,2020021801019204,AKJCL,32,29,10,56.00,560.00
2020-02-18,2020021801019203,AKJCL,32,56,160,56.00,"8,960.00"
2020-02-18,2020021801019338,AKPL,28,45,400,135.00,"54,000.00"
2020-02-18,2020021801019318,AKPL,16,45,100,135.00,"13,500.00"
2020-02-18,2020021801018927,AKPL,45,51,569,134.00,"76,246.00"
2020-02-18,2020021801018926,AKPL,41,51,431,134.00,"57,754.00"
2020-02-18,2020021801018908,AKPL,32,45,100,135.00,"13,500.00"
2020-02-18,2020021801019230,ALBSL,59,41,11,775.00,"8,525.00"
2020-02-18,2020021801019229,ALBSL,59,57,11,775.00,"8,525.00"
2020-02-18,2020021801019228,ALBSL,59,50,11,775.00,"8,525.00"
2020-02-18,2020021801019227,ALBSL,59,57,35,773.00,"27,055.00"
2020-02-18,2020021801019220,ALBSL,59,13,50,767.00,"38,350.00"
2020-02-18,2020021801019226,ALBSL,59,59,11,773.00,"8,503.00"
2020-02-18,2020021801019225,ALBSL,59,41,112,770.00,"86,240.00"
2020-02-18,2020021801019224,ALBSL,59,22,200,770.00,"154,000.00"
2020-02-18,2020021801019223,ALBSL,59,43,100,770.00,"77,000.00"
2020-02-18,2020021801019222,ALBSL,59,37,100,768.00,"76,800.00"
2020-02-18,2020021801019221,ALBSL,59,51,50,767.00,"38,350.00"
2020-02-18,2020021801019251,ALICL,35,40,500,626.00,"313,000.00"
2020-02-18,2020021801019056,ALICL,11,36,100,625.00,"62,500.00"
2020-02-18,2020021801018975,ALICL,54,16,50,624.00,"31,200.00"
2020-02-18,2020021801018934,ALICL,54,52,50,622.00,"31,100.00"
2020-02-18,2020021801018919,ALICL,54,52,50,622.00,"31,100.00"
2020-02-18,2020021801018952,BOKL,41,22,37,237.00,"8,769.00"
2020-02-18,2020021801019332,BPCL,28,25,50,345.00,"17,250.00"
2020-02-18,2020021801018961,BPCL,47,45,15,344.00,"5,160.00"
2020-02-18,2020021801018960,BPCL,36,45,38,344.00,"13,072.00"
2020-02-18,2020021801018959,BPCL,49,45,91,344.00,"31,304.00"
2020-02-18,2020021801018967,BPCL,38,45,200,342.00,"68,400.00"
2020-02-18,2020021801018966,BPCL,54,45,50,342.00,"17,100.00"
2020-02-18,2020021801018965,BPCL,45,45,"1,000",343.00,"343,000.00"
2020-02-18,2020021801018964,BPCL,28,45,200,343.00,"68,600.00"
2020-02-18,2020021801018963,BPCL,34,45,500,343.00,"171,500.00"
2020-02-18,2020021801018962,BPCL,13,45,"1,000",344.00,"344,000.00"
2020-02-18,2020021801019029,BPCL,49,45,500,340.00,"170,000.00"
2020-02-18,2020021801019028,BPCL,58,45,50,341.00,"17,050.00"
2020-02-18,2020021801019027,BPCL,13,45,94,342.00,"32,148.00"
2020-02-18,2020021801018970,BPCL,13,45,206,342.00,"70,452.00"
2020-02-18,2020021801018969,BPCL,47,45,500,342.00,"171,000.00"
2020-02-18,2020021801018968,BPCL,14,45,200,342.00,"68,400.00"
2020-02-18,2020021801019046,BPCL,47,45,100,340.00,"34,000.00"
2020-02-18,2020021801019045,BPCL,55,45,719,340.00,"244,460.00"
2020-02-18,2020021801019032,BPCL,55,45,"1,281",340.00,"435,540.00"
2020-02-18,2020021801019031,BPCL,29,45,60,340.00,"20,400.00"
2020-02-18,2020021801019030,BPCL,47,45,15,340.00,"5,100.00"
2020-02-18,2020021801019300,CBBL,59,42,100,"1,100.00","110,000.00"
2020-02-18,2020021801019299,CBBL,59,50,236,"1,099.00","259,364.00"
2020-02-18,2020021801019284,CCBL,16,50,422,185.00,"78,070.00"
2020-02-18,2020021801019283,CCBL,32,50,141,185.00,"26,085.00"
2020-02-18,2020021801019199,CFCL,4,16,"1,264",150.00,"189,600.00"
2020-02-18,2020021801019112,CFCL,4,22,163,150.00,"24,450.00"
2020-02-18,2020021801019111,CFCL,45,22,500,150.00,"75,000.00"
2020-02-18,2020021801018915,CFCL,45,16,10,153.00,"1,530.00"
2020-02-18,2020021801019249,CHL,47,17,10,95.00,950.00
2020-02-18,2020021801019174,CIT,19,7,100,"2,735.00","273,500.00"
2020-02-18,2020021801019040,CIT,18,38,300,"2,730.00","819,000.00"
2020-02-18,2020021801018994,CIT,1,48,88,"2,720.00","239,360.00"
2020-02-18,2020021801018993,CIT,35,48,12,"2,720.00","32,640.00"
2020-02-18,2020021801018892,CIT,36,45,50,"2,721.00","136,050.00"
2020-02-18,2020021801019287,CORBL,25,49,500,130.00,"65,000.00"
2020-02-18,2020021801019286,CORBL,58,49,500,130.00,"65,000.00"
2020-02-18,2020021801019285,CORBL,42,49,570,130.00,"74,100.00"
2020-02-18,2020021801018887,CZBIL,48,10,100,197.00,"19,700.00"
2020-02-18,2020021801019166,DDBL,49,58,25,885.00,"22,125.00"
2020-02-18,2020021801018938,DDBL,34,43,195,880.00,"171,600.00"
2020-02-18,2020021801018937,DDBL,32,43,50,880.00,"44,000.00"
2020-02-18,2020021801018936,DDBL,45,43,210,880.00,"184,800.00"
2020-02-18,2020021801018935,DDBL,28,43,45,880.00,"39,600.00"
2020-02-18,2020021801019359,DHPL,17,17,11,54.00,594.00
2020-02-18,2020021801018861,EBL,36,49,200,665.00,"133,000.00"
2020-02-18,2020021801018860,EBL,54,49,200,665.00,"133,000.00"
2020-02-18,2020021801019151,EBL,36,11,50,665.00,"33,250.00"
2020-02-18,2020021801019113,EIC,51,45,120,444.00,"53,280.00"
2020-02-18,2020021801019075,EIC,39,45,100,444.00,"44,400.00"
2020-02-18,2020021801019007,EIC,38,45,280,444.00,"124,320.00"
2020-02-18,2020021801019352,FMDBL,34,5,90,474.00,"42,660.00"
2020-02-18,2020021801019350,FMDBL,53,22,117,473.00,"55,341.00"
2020-02-18,2020021801019334,FMDBL,29,5,10,474.00,"4,740.00"
2020-02-18,2020021801019044,FMDBL,53,32,272,473.00,"128,656.00"
2020-02-18,2020021801019065,FOWAD,35,51,50,"1,558.00","77,900.00"
2020-02-18,2020021801018865,FOWAD,21,19,43,"1,567.00","67,381.00"
2020-02-18,2020021801018864,FOWAD,21,19,57,"1,567.00","89,319.00"
2020-02-18,2020021801019306,GBBL,34,45,"1,242",246.00,"305,532.00"
2020-02-18,2020021801019201,GBIME,19,50,400,286.00,"114,400.00"
2020-02-18,2020021801019163,GBIME,4,49,101,285.00,"28,785.00"
2020-02-18,2020021801019159,GBIME,4,14,200,285.00,"57,000.00"
2020-02-18,2020021801019139,GBIME,4,19,"1,500",285.00,"427,500.00"
2020-02-18,2020021801019333,GBLBS,16,49,15,495.00,"7,425.00"
2020-02-18,2020021801019188,GLICL,17,26,25,807.00,"20,175.00"
2020-02-18,2020021801019187,GLICL,17,7,25,807.00,"20,175.00"
2020-02-18,2020021801019162,GLICL,57,33,46,805.00,"37,030.00"
2020-02-18,2020021801019061,GLICL,13,33,170,805.00,"136,850.00"
2020-02-18,2020021801019043,GLICL,13,5,130,805.00,"104,650.00"
2020-02-18,2020021801019018,GLICL,39,16,50,804.00,"40,200.00"
2020-02-18,2020021801018930,GLICL,45,5,50,805.00,"40,250.00"
2020-02-18,2020021801018922,GLICL,39,34,350,804.00,"281,400.00"
