Date,Transact. No.,Symbol,Buyer,Seller,Quantity,Rate,Amount
2021-05-11,2021051105001622,MLBSL,33,51,10,"4,725.00","47,250.00"
2021-05-11,2021051105001621,MLBSL,33,39,10,"4,725.00","47,250.00"
2021-05-11,2021051105001620,MLBSL,19,58,10,"4,720.00","47,200.00"
2021-05-11,2021051105001618,MLBSL,59,49,10,"4,720.00","47,200.00"
2021-05-11,2021051105001611,MLBSL,59,48,10,"4,720.00","47,200.00"
2021-05-11,2021051105001599,MLBSL,19,32,10,"4,720.00","47,200.00"
2021-05-11,2021051105001128,MLBSL,28,32,10,"4,770.00","47,700.00"
2021-05-11,2021051105001126,MLBSL,58,22,10,"4,774.00","47,740.00"
2021-05-11,2021051105001138,MLBSL,58,25,10,"4,773.00","47,730.00"
2021-05-11,2021051105001137,MLBSL,28,49,10,"4,770.00","47,700.00"
2021-05-11,2021051105001135,MLBSL,28,42,10,"4,770.00","47,700.00"
2021-05-11,2021051105001132,MLBSL,28,51,10,"4,770.00","47,700.00"
2021-05-11,2021051105001131,MLBSL,28,44,10,"4,770.00","47,700.00"
2021-05-11,2021051105001130,MLBSL,28,58,10,"4,770.00","47,700.00"
2021-05-11,2021051105001144,MLBSL,58,21,10,"4,780.00","47,800.00"
2021-05-11,2021051105001143,MLBSL,58,41,10,"4,780.00","47,800.00"
2021-05-11,2021051105001142,MLBSL,58,16,10,"4,780.00","47,800.00"
2021-05-11,2021051105001141,MLBSL,58,55,10,"4,780.00","47,800.00"
2021-05-11,2021051105001140,MLBSL,58,49,10,"4,780.00","47,800.00"
2021-05-11,2021051105001139,MLBSL,58,49,10,"4,780.00","47,800.00"
2021-05-11,2021051105001164,MLBSL,53,32,10,"4,780.00","47,800.00"
2021-05-11,2021051105001161,MLBSL,53,59,10,"4,775.00","47,750.00"
2021-05-11,2021051105001160,MLBSL,53,32,10,"4,775.00","47,750.00"
2021-05-11,2021051105001156,MLBSL,47,51,10,"4,773.00","47,730.00"
2021-05-11,2021051105001147,MLBSL,47,42,10,"4,771.00","47,710.00"
2021-05-11,2021051105001145,MLBSL,58,35,10,"4,780.00","47,800.00"
2021-05-11,2021051105001182,MLBSL,13,41,10,"4,771.00","47,710.00"
2021-05-11,2021051105001174,MLBSL,13,55,10,"4,771.00","47,710.00"
2021-05-11,2021051105001172,MLBSL,53,8,10,"4,772.00","47,720.00"
2021-05-11,2021051105001171,MLBSL,53,38,10,"4,775.00","47,750.00"
2021-05-11,2021051105001170,MLBSL,53,8,10,"4,775.00","47,750.00"
2021-05-11,2021051105001168,MLBSL,47,8,10,"4,776.00","47,760.00"
2021-05-11,2021051105001197,MLBSL,22,33,10,"4,780.00","47,800.00"
2021-05-11,2021051105001196,MLBSL,22,35,10,"4,775.00","47,750.00"
2021-05-11,2021051105001195,MLBSL,22,16,10,"4,772.00","47,720.00"
2021-05-11,2021051105001194,MLBSL,22,56,10,"4,772.00","47,720.00"
2021-05-11,2021051105001187,MLBSL,28,44,10,"4,770.00","47,700.00"
2021-05-11,2021051105001185,MLBSL,28,45,10,"4,770.00","47,700.00"
2021-05-11,2021051105001215,MLBSL,28,8,10,"4,770.00","47,700.00"
2021-05-11,2021051105001212,MLBSL,10,58,10,"4,780.00","47,800.00"
2021-05-11,2021051105001211,MLBSL,10,45,10,"4,780.00","47,800.00"
2021-05-11,2021051105001210,MLBSL,10,7,10,"4,780.00","47,800.00"
2021-05-11,2021051105001209,MLBSL,28,59,10,"4,770.00","47,700.00"
2021-05-11,2021051105001198,MLBSL,22,52,10,"4,780.00","47,800.00"
2021-05-11,2021051105001248,MLBSL,58,58,10,"4,770.00","47,700.00"
2021-05-11,2021051105001241,MLBSL,58,22,10,"4,770.00","47,700.00"
2021-05-11,2021051105001237,MLBSL,59,22,10,"4,785.00","47,850.00"
2021-05-11,2021051105001225,MLBSL,58,57,10,"4,790.00","47,900.00"
2021-05-11,2021051105001224,MLBSL,58,49,10,"4,785.00","47,850.00"
2021-05-11,2021051105001217,MLBSL,20,16,10,"4,785.00","47,850.00"
2021-05-11,2021051105001266,MLBSL,58,56,10,"4,770.00","47,700.00"
2021-05-11,2021051105001262,MLBSL,58,38,10,"4,770.00","47,700.00"
2021-05-11,2021051105001260,MLBSL,58,49,10,"4,770.00","47,700.00"
2021-05-11,2021051105001256,MLBSL,58,29,10,"4,770.00","47,700.00"
2021-05-11,2021051105001253,MLBSL,58,38,10,"4,770.00","47,700.00"
2021-05-11,2021051105001252,MLBSL,58,36,10,"4,770.00","47,700.00"
2021-05-11,2021051105001275,MLBSL,32,46,10,"4,788.00","47,880.00"
2021-05-11,2021051105001274,MLBSL,32,28,10,"4,785.00","47,850.00"
2021-05-11,2021051105001273,MLBSL,32,42,10,"4,785.00","47,850.00"
2021-05-11,2021051105001272,MLBSL,32,7,10,"4,785.00","47,850.00"
2021-05-11,2021051105001271,MLBSL,32,49,10,"4,785.00","47,850.00"
2021-05-11,2021051105001267,MLBSL,45,42,10,"4,770.00","47,700.00"
2021-05-11,2021051105001301,MLBSL,25,49,10,"4,762.00","47,620.00"
2021-05-11,2021051105001298,MLBSL,25,28,10,"4,762.00","47,620.00"
2021-05-11,2021051105001290,MLBSL,45,6,10,"4,770.00","47,700.00"
2021-05-11,2021051105001284,MLBSL,45,14,10,"4,770.00","47,700.00"
2021-05-11,2021051105001283,MLBSL,45,38,10,"4,770.00","47,700.00"
2021-05-11,2021051105001281,MLBSL,45,49,10,"4,770.00","47,700.00"
2021-05-11,2021051105001309,MLBSL,25,7,10,"4,762.00","47,620.00"
2021-05-11,2021051105001308,MLBSL,58,38,10,"4,765.00","47,650.00"
2021-05-11,2021051105001307,MLBSL,56,33,90,"4,765.00","428,850.00"
2021-05-11,2021051105001305,MLBSL,56,7,10,"4,765.00","47,650.00"
2021-05-11,2021051105001304,MLBSL,25,7,10,"4,762.00","47,620.00"
2021-05-11,2021051105001302,MLBSL,25,49,10,"4,762.00","47,620.00"
2021-05-11,2021051105001318,MLBSL,35,33,10,"4,760.00","47,600.00"
2021-05-11,2021051105001317,MLBSL,28,33,50,"4,760.00","238,000.00"
2021-05-11,2021051105001316,MLBSL,56,33,60,"4,760.00","285,600.00"
2021-05-11,2021051105001315,MLBSL,37,33,50,"4,761.00","238,050.00"
2021-05-11,2021051105001314,MLBSL,25,33,30,"4,762.00","142,860.00"
2021-05-11,2021051105001312,MLBSL,25,1,10,"4,762.00","47,620.00"
2021-05-11,2021051105001356,MLBSL,57,19,10,"4,770.00","47,700.00"
2021-05-11,2021051105001355,MLBSL,57,56,10,"4,770.00","47,700.00"
2021-05-11,2021051105001354,MLBSL,57,41,10,"4,768.00","47,680.00"
2021-05-11,2021051105001353,MLBSL,57,59,10,"4,765.00","47,650.00"
2021-05-11,2021051105001352,MLBSL,56,36,10,"4,760.00","47,600.00"
2021-05-11,2021051105001333,MLBSL,56,54,10,"4,760.00","47,600.00"
2021-05-11,2021051105001397,MLBSL,22,8,10,"4,755.00","47,550.00"
2021-05-11,2021051105001394,MLBSL,25,8,10,"4,750.00","47,500.00"
2021-05-11,2021051105001392,MLBSL,58,8,10,"4,755.00","47,550.00"
2021-05-11,2021051105001390,MLBSL,56,21,10,"4,760.00","47,600.00"
2021-05-11,2021051105001375,MLBSL,56,8,10,"4,760.00","47,600.00"
2021-05-11,2021051105001357,MLBSL,56,35,10,"4,760.00","47,600.00"
2021-05-11,2021051105001425,MLBSL,25,14,10,"4,726.00","47,260.00"
2021-05-11,2021051105001419,MLBSL,25,17,10,"4,726.00","47,260.00"
2021-05-11,2021051105001417,MLBSL,25,59,10,"4,726.00","47,260.00"
2021-05-11,2021051105001405,MLBSL,59,58,10,"4,725.00","47,250.00"
2021-05-11,2021051105001403,MLBSL,29,44,40,"4,750.00","190,000.00"
2021-05-11,2021051105001400,MLBSL,29,19,10,"4,750.00","47,500.00"
2021-05-11,2021051105001483,MLBSL,25,13,10,"4,726.00","47,260.00"
2021-05-11,2021051105001479,MLBSL,25,58,10,"4,726.00","47,260.00"
2021-05-11,2021051105001445,MLBSL,19,45,10,"4,750.00","47,500.00"
2021-05-11,2021051105001444,MLBSL,19,14,10,"4,750.00","47,500.00"
2021-05-11,2021051105001442,MLBSL,22,58,10,"4,730.00","47,300.00"
2021-05-11,2021051105001427,MLBSL,25,17,10,"4,726.00","47,260.00"
2021-05-11,2021051105001510,MLBSL,59,34,10,"4,725.00","47,250.00"
2021-05-11,2021051105001509,MLBSL,59,41,10,"4,725.00","47,250.00"
2021-05-11,2021051105001505,MLBSL,25,58,10,"4,726.00","47,260.00"
2021-05-11,2021051105001504,MLBSL,25,41,10,"4,726.00","47,260.00"
2021-05-11,2021051105001497,MLBSL,25,53,10,"4,726.00","47,260.00"
2021-05-11,2021051105001496,MLBSL,25,29,10,"4,726.00","47,260.00"
2021-05-11,2021051105001547,MLBSL,59,40,10,"4,725.00","47,250.00"
2021-05-11,2021051105001544,MLBSL,59,1,10,"4,725.00","47,250.00"
2021-05-11,2021051105001543,MLBSL,59,19,10,"4,725.00","47,250.00"
2021-05-11,2021051105001542,MLBSL,59,40,10,"4,725.00","47,250.00"
2021-05-11,2021051105001541,MLBSL,59,14,10,"4,725.00","47,250.00"
2021-05-11,2021051105001514,MLBSL,59,34,10,"4,725.00","47,250.00"
2021-05-11,2021051105001597,MLBSL,19,45,10,"4,720.00","47,200.00"
2021-05-11,2021051105001591,MLBSL,38,34,10,"4,715.00","47,150.00"
2021-05-11,2021051105001588,MLBSL,38,49,10,"4,715.00","47,150.00"
2021-05-11,2021051105001583,MLBSL,39,20,10,"4,715.00","47,150.00"
2021-05-11,2021051105001563,MLBSL,45,3,10,"4,720.00","47,200.00"
2021-05-11,2021051105001549,MLBSL,59,19,10,"4,725.00","47,250.00"
2021-05-11,2021051105001624,NICLBSL,29,39,10,"1,780.00","17,800.00"
2021-05-11,2021051105001623,NICLBSL,45,39,50,"1,780.00","89,000.00"
2021-05-11,2021051105001619,NICLBSL,14,39,10,"1,780.00","17,800.00"
2021-05-11,2021051105001617,NICLBSL,34,49,19,"1,779.00","33,801.00"
2021-05-11,2021051105001616,NICLBSL,3,49,11,"1,779.00","19,569.00"
2021-05-11,2021051105001615,NICLBSL,28,39,100,"1,780.00","178,000.00"
2021-05-11,2021051105001127,NICLBSL,13,41,10,"1,790.00","17,900.00"
2021-05-11,2021051105001125,NICLBSL,13,58,10,"1,790.00","17,900.00"
2021-05-11,2021051105001148,NICLBSL,6,51,20,"1,790.00","35,800.00"
2021-05-11,2021051105001146,NICLBSL,6,51,20,"1,790.00","35,800.00"
2021-05-11,2021051105001136,NICLBSL,6,39,10,"1,790.00","17,900.00"
2021-05-11,2021051105001134,NICLBSL,6,22,10,"1,790.00","17,900.00"
2021-05-11,2021051105001133,NICLBSL,6,51,10,"1,790.00","17,900.00"
2021-05-11,2021051105001129,NICLBSL,6,36,20,"1,790.00","35,800.00"
2021-05-11,2021051105001154,NICLBSL,55,57,10,"1,795.00","17,950.00"
2021-05-11,2021051105001153,NICLBSL,55,47,50,"1,795.00","89,750.00"
2021-05-11,2021051105001152,NICLBSL,55,45,10,"1,795.00","17,950.00"
2021-05-11,2021051105001151,NICLBSL,55,34,10,"1,793.00","17,930.00"
2021-05-11,2021051105001150,NICLBSL,55,58,10,"1,792.00","17,920.00"
2021-05-11,2021051105001149,NICLBSL,6,36,10,"1,790.00","17,900.00"
2021-05-11,2021051105001163,NICLBSL,55,14,10,"1,795.00","17,950.00"
2021-05-11,2021051105001162,NICLBSL,55,14,10,"1,795.00","17,950.00"
2021-05-11,2021051105001159,NICLBSL,55,26,10,"1,795.00","17,950.00"
2021-05-11,2021051105001158,NICLBSL,55,52,10,"1,795.00","17,950.00"
2021-05-11,2021051105001157,NICLBSL,55,14,10,"1,795.00","17,950.00"
2021-05-11,2021051105001155,NICLBSL,55,57,20,"1,795.00","35,900.00"
2021-05-11,2021051105001176,NICLBSL,40,41,10,"1,792.00","17,920.00"
2021-05-11,2021051105001175,NICLBSL,40,41,10,"1,792.00","17,920.00"
2021-05-11,2021051105001173,NICLBSL,40,39,10,"1,792.00","17,920.00"
2021-05-11,2021051105001167,NICLBSL,55,41,10,"1,795.00","17,950.00"
2021-05-11,2021051105001166,NICLBSL,55,14,10,"1,795.00","17,950.00"
2021-05-11,2021051105001165,NICLBSL,55,58,15,"1,795.00","26,925.00"
2021-05-11,2021051105001183,NICLBSL,40,51,10,"1,792.00","17,920.00"
2021-05-11,2021051105001181,NICLBSL,46,13,10,"1,795.00","17,950.00"
2021-05-11,2021051105001180,NICLBSL,46,56,10,"1,795.00","17,950.00"
2021-05-11,2021051105001179,NICLBSL,46,47,10,"1,795.00","17,950.00"
2021-05-11,2021051105001178,NICLBSL,46,41,10,"1,795.00","17,950.00"
2021-05-11,2021051105001177,NICLBSL,46,46,10,"1,795.00","17,950.00"
2021-05-11,2021051105001192,NICLBSL,53,47,10,"1,793.00","17,930.00"
2021-05-11,2021051105001191,NICLBSL,53,44,10,"1,793.00","17,930.00"
2021-05-11,2021051105001190,NICLBSL,43,1,20,"1,793.00","35,860.00"
2021-05-11,2021051105001189,NICLBSL,43,51,20,"1,793.00","35,860.00"
2021-05-11,2021051105001186,NICLBSL,43,49,10,"1,793.00","17,930.00"
2021-05-11,2021051105001184,NICLBSL,43,42,10,"1,793.00","17,930.00"
2021-05-11,2021051105001203,NICLBSL,33,13,40,"1,795.00","71,800.00"
2021-05-11,2021051105001202,NICLBSL,33,57,10,"1,794.00","17,940.00"
2021-05-11,2021051105001201,NICLBSL,33,7,20,"1,794.00","35,880.00"
2021-05-11,2021051105001200,NICLBSL,33,41,10,"1,794.00","17,940.00"
2021-05-11,2021051105001199,NICLBSL,53,57,10,"1,793.00","17,930.00"
2021-05-11,2021051105001193,NICLBSL,53,35,10,"1,793.00","17,930.00"
2021-05-11,2021051105001214,NICLBSL,53,39,10,"1,793.00","17,930.00"
2021-05-11,2021051105001208,NICLBSL,53,42,10,"1,793.00","17,930.00"
2021-05-11,2021051105001207,NICLBSL,13,57,10,"1,794.00","17,940.00"
2021-05-11,2021051105001206,NICLBSL,53,29,10,"1,793.00","17,930.00"
2021-05-11,2021051105001205,NICLBSL,33,57,10,"1,794.00","17,940.00"
2021-05-11,2021051105001204,NICLBSL,41,13,5,"1,795.00","8,975.00"
2021-05-11,2021051105001222,NICLBSL,40,57,20,"1,792.00","35,840.00"
2021-05-11,2021051105001221,NICLBSL,40,17,24,"1,792.00","43,008.00"
2021-05-11,2021051105001220,NICLBSL,53,17,10,"1,793.00","17,930.00"
2021-05-11,2021051105001219,NICLBSL,53,32,10,"1,793.00","17,930.00"
2021-05-11,2021051105001218,NICLBSL,53,49,10,"1,793.00","17,930.00"
2021-05-11,2021051105001216,NICLBSL,55,57,10,"1,794.00","17,940.00"
2021-05-11,2021051105001230,NICLBSL,47,58,10,"1,793.00","17,930.00"
2021-05-11,2021051105001229,NICLBSL,47,49,10,"1,793.00","17,930.00"
2021-05-11,2021051105001228,NICLBSL,47,58,10,"1,793.00","17,930.00"
2021-05-11,2021051105001227,NICLBSL,49,4,10,"1,794.00","17,940.00"
2021-05-11,2021051105001226,NICLBSL,49,57,11,"1,794.00","19,734.00"
2021-05-11,2021051105001223,NICLBSL,47,34,10,"1,793.00","17,930.00"
2021-05-11,2021051105001236,NICLBSL,46,39,10,"1,795.00","17,950.00"
2021-05-11,2021051105001235,NICLBSL,46,58,10,"1,795.00","17,950.00"
2021-05-11,2021051105001234,NICLBSL,46,34,20,"1,795.00","35,900.00"
2021-05-11,2021051105001233,NICLBSL,49,10,10,"1,795.00","17,950.00"
2021-05-11,2021051105001232,NICLBSL,49,56,20,"1,795.00","35,900.00"
2021-05-11,2021051105001231,NICLBSL,49,14,10,"1,795.00","17,950.00"
2021-05-11,2021051105001244,NICLBSL,49,32,29,"1,794.00","52,026.00"
2021-05-11,2021051105001243,NICLBSL,49,59,10,"1,794.00","17,940.00"
2021-05-11,2021051105001242,NICLBSL,19,42,10,"1,792.00","17,920.00"
2021-05-11,2021051105001240,NICLBSL,40,40,10,"1,792.00","17,920.00"
2021-05-11,2021051105001239,NICLBSL,55,34,10,"1,796.00","17,960.00"
2021-05-11,2021051105001238,NICLBSL,55,26,10,"1,796.00","17,960.00"
2021-05-11,2021051105001254,NICLBSL,45,58,10,"1,791.00","17,910.00"
2021-05-11,2021051105001251,NICLBSL,45,40,22,"1,791.00","39,402.00"
2021-05-11,2021051105001250,NICLBSL,56,40,88,"1,792.00","157,696.00"
2021-05-11,2021051105001249,NICLBSL,19,40,190,"1,792.00","340,480.00"
2021-05-11,2021051105001247,NICLBSL,19,34,10,"1,792.00","17,920.00"
2021-05-11,2021051105001245,NICLBSL,19,34,10,"1,792.00","17,920.00"
2021-05-11,2021051105001263,NICLBSL,59,34,10,"1,793.00","17,930.00"
2021-05-11,2021051105001261,NICLBSL,44,58,10,"1,792.00","17,920.00"
2021-05-11,2021051105001259,NICLBSL,44,56,10,"1,792.00","17,920.00"
2021-05-11,2021051105001258,NICLBSL,44,59,50,"1,792.00","89,600.00"
2021-05-11,2021051105001257,NICLBSL,45,20,10,"1,791.00","17,910.00"
2021-05-11,2021051105001255,NICLBSL,45,34,20,"1,791.00","35,820.00"
2021-05-11,2021051105001276,NICLBSL,59,20,10,"1,793.00","17,930.00"
2021-05-11,2021051105001270,NICLBSL,57,39,20,"1,794.00","35,880.00"
2021-05-11,2021051105001269,NICLBSL,59,41,10,"1,793.00","17,930.00"
2021-05-11,2021051105001268,NICLBSL,59,58,10,"1,793.00","17,930.00"
2021-05-11,2021051105001265,NICLBSL,59,58,10,"1,793.00","17,930.00"
2021-05-11,2021051105001264,NICLBSL,59,38,10,"1,793.00","17,930.00"
2021-05-11,2021051105001285,NICLBSL,59,28,10,"1,793.00","17,930.00"
2021-05-11,2021051105001282,NICLBSL,59,53,10,"1,793.00","17,930.00"
2021-05-11,2021051105001280,NICLBSL,59,58,10,"1,793.00","17,930.00"
2021-05-11,2021051105001279,NICLBSL,3,4,40,"1,795.00","71,800.00"
2021-05-11,2021051105001278,NICLBSL,3,57,10,"1,795.00","17,950.00"
2021-05-11,2021051105001277,NICLBSL,59,41,10,"1,793.00","17,930.00"
2021-05-11,2021051105001292,NICLBSL,44,18,10,"1,792.00","17,920.00"
2021-05-11,2021051105001291,NICLBSL,44,25,41,"1,792.00","73,472.00"
2021-05-11,2021051105001289,NICLBSL,44,28,"1,700","1,792.00","3,046,400.00"
2021-05-11,2021051105001288,NICLBSL,11,28,150,"1,793.00","268,950.00"
2021-05-11,2021051105001287,NICLBSL,4,28,100,"1,793.00","179,300.00"
2021-05-11,2021051105001286,NICLBSL,43,28,180,"1,793.00","322,740.00"
2021-05-11,2021051105001299,NICLBSL,44,42,10,"1,792.00","17,920.00"
2021-05-11,2021051105001297,NICLBSL,43,4,20,"1,795.00","35,900.00"
2021-05-11,2021051105001296,NICLBSL,43,51,10,"1,793.00","17,930.00"
2021-05-11,2021051105001295,NICLBSL,44,52,10,"1,792.00","17,920.00"
2021-05-11,2021051105001294,NICLBSL,44,18,10,"1,792.00","17,920.00"
2021-05-11,2021051105001293,NICLBSL,44,18,10,"1,792.00","17,920.00"
2021-05-11,2021051105001313,NICLBSL,14,29,10,"1,793.00","17,930.00"
2021-05-11,2021051105001311,NICLBSL,14,55,10,"1,793.00","17,930.00"
2021-05-11,2021051105001310,NICLBSL,14,18,20,"1,793.00","35,860.00"
2021-05-11,2021051105001306,NICLBSL,14,42,10,"1,793.00","17,930.00"
2021-05-11,2021051105001303,NICLBSL,44,42,10,"1,792.00","17,920.00"
2021-05-11,2021051105001300,NICLBSL,44,18,10,"1,792.00","17,920.00"
2021-05-11,2021051105001324,NICLBSL,7,45,10,"1,794.00","17,940.00"
2021-05-11,2021051105001323,NICLBSL,42,55,100,"1,793.00","179,300.00"
2021-05-11,2021051105001322,NICLBSL,42,18,10,"1,793.00","17,930.00"
2021-05-11,2021051105001321,NICLBSL,42,29,10,"1,793.00","17,930.00"
2021-05-11,2021051105001320,NICLBSL,7,22,10,"1,793.00","17,930.00"
2021-05-11,2021051105001319,NICLBSL,7,18,10,"1,793.00","17,930.00"
2021-05-11,2021051105001330,NICLBSL,44,42,50,"1,792.00","89,600.00"
2021-05-11,2021051105001329,NICLBSL,44,42,20,"1,792.00","35,840.00"
2021-05-11,2021051105001328,NICLBSL,44,57,10,"1,792.00","17,920.00"
2021-05-11,2021051105001327,NICLBSL,42,50,225,"1,793.00","403,425.00"
2021-05-11,2021051105001326,NICLBSL,42,57,99,"1,793.00","177,507.00"
2021-05-11,2021051105001325,NICLBSL,7,38,10,"1,794.00","17,940.00"
2021-05-11,2021051105001337,NICLBSL,34,54,10,"1,792.00","17,920.00"
2021-05-11,2021051105001336,NICLBSL,34,34,10,"1,792.00","17,920.00"
2021-05-11,2021051105001335,NICLBSL,44,39,14,"1,792.00","25,088.00"
2021-05-11,2021051105001334,NICLBSL,44,37,10,"1,792.00","17,920.00"
2021-05-11,2021051105001332,NICLBSL,47,50,50,"1,793.00","89,650.00"
2021-05-11,2021051105001331,NICLBSL,44,52,10,"1,792.00","17,920.00"
2021-05-11,2021051105001344,NICLBSL,20,57,10,"1,791.00","17,910.00"
2021-05-11,2021051105001343,NICLBSL,13,57,44,"1,791.00","78,804.00"
2021-05-11,2021051105001342,NICLBSL,45,39,18,"1,791.00","32,238.00"
2021-05-11,2021051105001341,NICLBSL,45,21,20,"1,791.00","35,820.00"
2021-05-11,2021051105001339,NICLBSL,49,34,10,"1,792.00","17,920.00"
2021-05-11,2021051105001338,NICLBSL,49,58,10,"1,792.00","17,920.00"
2021-05-11,2021051105001350,NICLBSL,48,57,100,"1,790.00","179,000.00"
2021-05-11,2021051105001349,NICLBSL,38,57,100,"1,790.00","179,000.00"
2021-05-11,2021051105001348,NICLBSL,17,57,30,"1,790.00","53,700.00"
2021-05-11,2021051105001347,NICLBSL,6,57,400,"1,790.00","716,000.00"
2021-05-11,2021051105001346,NICLBSL,44,57,20,"1,791.00","35,820.00"
2021-05-11,2021051105001345,NICLBSL,19,57,100,"1,791.00","179,100.00"
2021-05-11,2021051105001362,NICLBSL,29,58,170,"1,790.00","304,300.00"
2021-05-11,2021051105001361,NICLBSL,29,39,10,"1,790.00","17,900.00"
2021-05-11,2021051105001360,NICLBSL,29,6,10,"1,790.00","17,900.00"
2021-05-11,2021051105001359,NICLBSL,29,56,110,"1,790.00","196,900.00"
2021-05-11,2021051105001358,NICLBSL,13,34,10,"1,790.00","17,900.00"
2021-05-11,2021051105001351,NICLBSL,13,4,10,"1,790.00","17,900.00"
2021-05-11,2021051105001368,NICLBSL,42,58,30,"1,790.00","53,700.00"
2021-05-11,2021051105001367,NICLBSL,49,58,20,"1,790.00","35,800.00"
2021-05-11,2021051105001366,NICLBSL,38,58,100,"1,790.00","179,000.00"
2021-05-11,2021051105001365,NICLBSL,42,58,100,"1,790.00","179,000.00"
2021-05-11,2021051105001364,NICLBSL,52,58,20,"1,790.00","35,800.00"
2021-05-11,2021051105001363,NICLBSL,35,58,14,"1,790.00","25,060.00"
2021-05-11,2021051105001374,NICLBSL,19,6,10,"1,790.00","17,900.00"
2021-05-11,2021051105001373,NICLBSL,19,34,10,"1,790.00","17,900.00"
2021-05-11,2021051105001372,NICLBSL,19,34,20,"1,790.00","35,800.00"
2021-05-11,2021051105001371,NICLBSL,19,6,10,"1,790.00","17,900.00"
2021-05-11,2021051105001370,NICLBSL,19,58,138,"1,790.00","247,020.00"
2021-05-11,2021051105001369,NICLBSL,13,58,10,"1,790.00","17,900.00"
2021-05-11,2021051105001381,NICLBSL,19,59,57,"1,790.00","102,030.00"
2021-05-11,2021051105001380,NICLBSL,1,59,10,"1,792.00","17,920.00"
2021-05-11,2021051105001379,NICLBSL,1,53,10,"1,792.00","17,920.00"
2021-05-11,2021051105001378,NICLBSL,19,57,10,"1,790.00","17,900.00"
2021-05-11,2021051105001377,NICLBSL,19,6,10,"1,790.00","17,900.00"
2021-05-11,2021051105001376,NICLBSL,19,45,10,"1,790.00","17,900.00"
2021-05-11,2021051105001387,NICLBSL,34,59,80,"1,790.00","143,200.00"
2021-05-11,2021051105001386,NICLBSL,40,59,106,"1,790.00","189,740.00"
2021-05-11,2021051105001385,NICLBSL,41,59,50,"1,790.00","89,500.00"
2021-05-11,2021051105001384,NICLBSL,32,59,50,"1,790.00","89,500.00"
2021-05-11,2021051105001383,NICLBSL,25,59,20,"1,790.00","35,800.00"
2021-05-11,2021051105001382,NICLBSL,47,59,15,"1,790.00","26,850.00"
2021-05-11,2021051105001396,NICLBSL,39,40,10,"1,789.00","17,890.00"
2021-05-11,2021051105001395,NICLBSL,39,16,10,"1,789.00","17,890.00"
2021-05-11,2021051105001393,NICLBSL,56,34,10,"1,789.00","17,890.00"
2021-05-11,2021051105001391,NICLBSL,56,39,10,"1,789.00","17,890.00"
2021-05-11,2021051105001389,NICLBSL,10,34,20,"1,789.00","35,780.00"
2021-05-11,2021051105001388,NICLBSL,19,59,10,"1,790.00","17,900.00"
2021-05-11,2021051105001406,NICLBSL,55,6,10,"1,788.00","17,880.00"
2021-05-11,2021051105001404,NICLBSL,55,6,10,"1,788.00","17,880.00"
2021-05-11,2021051105001402,NICLBSL,55,6,10,"1,788.00","17,880.00"
2021-05-11,2021051105001401,NICLBSL,55,45,250,"1,788.00","447,000.00"
2021-05-11,2021051105001399,NICLBSL,52,29,10,"1,789.00","17,890.00"
2021-05-11,2021051105001398,NICLBSL,52,21,10,"1,789.00","17,890.00"
2021-05-11,2021051105001413,NICLBSL,55,25,10,"1,788.00","17,880.00"
2021-05-11,2021051105001412,NICLBSL,55,17,10,"1,788.00","17,880.00"
2021-05-11,2021051105001410,NICLBSL,55,26,10,"1,788.00","17,880.00"
2021-05-11,2021051105001409,NICLBSL,55,33,80,"1,788.00","143,040.00"
2021-05-11,2021051105001408,NICLBSL,55,6,10,"1,788.00","17,880.00"
2021-05-11,2021051105001407,NICLBSL,55,26,10,"1,788.00","17,880.00"
2021-05-11,2021051105001421,NICLBSL,46,43,43,"1,788.00","76,884.00"
2021-05-11,2021051105001420,NICLBSL,45,43,10,"1,788.00","17,880.00"
2021-05-11,2021051105001418,NICLBSL,45,38,10,"1,788.00","17,880.00"
2021-05-11,2021051105001416,NICLBSL,45,4,40,"1,788.00","71,520.00"
2021-05-11,2021051105001415,NICLBSL,45,58,10,"1,788.00","17,880.00"
2021-05-11,2021051105001414,NICLBSL,55,58,90,"1,788.00","160,920.00"
2021-05-11,2021051105001429,NICLBSL,26,19,20,"1,787.00","35,740.00"
2021-05-11,2021051105001428,NICLBSL,26,25,10,"1,787.00","17,870.00"
2021-05-11,2021051105001426,NICLBSL,26,19,10,"1,787.00","17,870.00"
2021-05-11,2021051105001424,NICLBSL,36,36,10,"1,788.00","17,880.00"
2021-05-11,2021051105001423,NICLBSL,36,6,10,"1,788.00","17,880.00"
2021-05-11,2021051105001422,NICLBSL,36,17,10,"1,788.00","17,880.00"
2021-05-11,2021051105001435,NICLBSL,34,39,20,"1,785.00","35,700.00"
2021-05-11,2021051105001434,NICLBSL,28,39,20,"1,785.00","35,700.00"
2021-05-11,2021051105001433,NICLBSL,57,39,33,"1,785.00","58,905.00"
2021-05-11,2021051105001432,NICLBSL,35,39,60,"1,787.00","107,220.00"
2021-05-11,2021051105001431,NICLBSL,26,39,40,"1,787.00","71,480.00"
2021-05-11,2021051105001430,NICLBSL,26,19,10,"1,787.00","17,870.00"
2021-05-11,2021051105001441,NICLBSL,50,39,90,"1,785.00","160,650.00"
2021-05-11,2021051105001440,NICLBSL,40,39,10,"1,785.00","17,850.00"
2021-05-11,2021051105001439,NICLBSL,42,39,100,"1,785.00","178,500.00"
2021-05-11,2021051105001438,NICLBSL,29,39,150,"1,785.00","267,750.00"
2021-05-11,2021051105001437,NICLBSL,6,39,10,"1,785.00","17,850.00"
2021-05-11,2021051105001436,NICLBSL,52,39,30,"1,785.00","53,550.00"
2021-05-11,2021051105001450,NICLBSL,45,25,10,"1,784.00","17,840.00"
2021-05-11,2021051105001449,NICLBSL,42,39,15,"1,785.00","26,775.00"
2021-05-11,2021051105001448,NICLBSL,46,39,25,"1,785.00","44,625.00"
2021-05-11,2021051105001447,NICLBSL,58,58,10,"1,785.00","17,850.00"
2021-05-11,2021051105001446,NICLBSL,35,36,10,"1,787.00","17,870.00"
2021-05-11,2021051105001443,NICLBSL,35,39,40,"1,785.00","71,400.00"
2021-05-11,2021051105001457,NICLBSL,19,56,90,"1,785.00","160,650.00"
2021-05-11,2021051105001456,NICLBSL,19,55,60,"1,784.00","107,040.00"
2021-05-11,2021051105001455,NICLBSL,19,13,150,"1,784.00","267,600.00"
2021-05-11,2021051105001453,NICLBSL,38,36,10,"1,783.00","17,830.00"
2021-05-11,2021051105001452,NICLBSL,52,13,100,"1,784.00","178,400.00"
2021-05-11,2021051105001451,NICLBSL,45,19,10,"1,784.00","17,840.00"
2021-05-11,2021051105001463,NICLBSL,4,38,10,"1,785.00","17,850.00"
2021-05-11,2021051105001462,NICLBSL,4,17,10,"1,785.00","17,850.00"
2021-05-11,2021051105001461,NICLBSL,4,43,10,"1,785.00","17,850.00"
2021-05-11,2021051105001460,NICLBSL,4,17,10,"1,785.00","17,850.00"
2021-05-11,2021051105001459,NICLBSL,4,34,10,"1,785.00","17,850.00"
2021-05-11,2021051105001458,NICLBSL,19,39,100,"1,786.00","178,600.00"
2021-05-11,2021051105001469,NICLBSL,19,59,10,"1,788.00","17,880.00"
2021-05-11,2021051105001468,NICLBSL,19,36,20,"1,788.00","35,760.00"
2021-05-11,2021051105001467,NICLBSL,19,19,10,"1,787.00","17,870.00"
2021-05-11,2021051105001466,NICLBSL,19,22,10,"1,786.00","17,860.00"
2021-05-11,2021051105001465,NICLBSL,19,17,20,"1,783.00","35,660.00"
2021-05-11,2021051105001464,NICLBSL,19,34,10,"1,784.00","17,840.00"
2021-05-11,2021051105001475,NICLBSL,19,43,10,"1,790.00","17,900.00"
2021-05-11,2021051105001474,NICLBSL,19,21,10,"1,790.00","17,900.00"
2021-05-11,2021051105001473,NICLBSL,19,48,100,"1,790.00","179,000.00"
2021-05-11,2021051105001472,NICLBSL,19,59,92,"1,790.00","164,680.00"
2021-05-11,2021051105001471,NICLBSL,19,16,50,"1,789.00","89,450.00"
2021-05-11,2021051105001470,NICLBSL,19,58,10,"1,788.00","17,880.00"
2021-05-11,2021051105001482,NICLBSL,38,21,10,"1,783.00","17,830.00"
2021-05-11,2021051105001481,NICLBSL,46,32,7,"1,788.00","12,516.00"
2021-05-11,2021051105001480,NICLBSL,19,3,15,"1,784.00","26,760.00"
2021-05-11,2021051105001478,NICLBSL,19,16,38,"1,790.00","68,020.00"
2021-05-11,2021051105001477,NICLBSL,19,26,10,"1,790.00","17,900.00"
2021-05-11,2021051105001476,NICLBSL,19,43,10,"1,790.00","17,900.00"
2021-05-11,2021051105001489,NICLBSL,25,57,10,"1,782.00","17,820.00"
2021-05-11,2021051105001488,NICLBSL,50,57,100,"1,782.00","178,200.00"
2021-05-11,2021051105001487,NICLBSL,42,57,100,"1,783.00","178,300.00"
2021-05-11,2021051105001486,NICLBSL,35,17,10,"1,783.00","17,830.00"
2021-05-11,2021051105001485,NICLBSL,56,1,10,"1,784.00","17,840.00"
2021-05-11,2021051105001484,NICLBSL,35,18,10,"1,783.00","17,830.00"
2021-05-11,2021051105001495,NICLBSL,41,57,30,"1,781.00","53,430.00"
2021-05-11,2021051105001494,NICLBSL,54,57,66,"1,781.00","117,546.00"
2021-05-11,2021051105001493,NICLBSL,36,57,20,"1,781.00","35,620.00"
2021-05-11,2021051105001492,NICLBSL,6,57,50,"1,782.00","89,100.00"
2021-05-11,2021051105001491,NICLBSL,4,57,25,"1,782.00","44,550.00"
2021-05-11,2021051105001490,NICLBSL,38,57,30,"1,782.00","53,460.00"
2021-05-11,2021051105001503,NICLBSL,38,45,10,"1,783.00","17,830.00"
2021-05-11,2021051105001502,NICLBSL,45,19,10,"1,782.00","17,820.00"
2021-05-11,2021051105001501,NICLBSL,45,55,10,"1,782.00","17,820.00"
2021-05-11,2021051105001500,NICLBSL,3,57,49,"1,781.00","87,269.00"
2021-05-11,2021051105001499,NICLBSL,47,57,10,"1,781.00","17,810.00"
2021-05-11,2021051105001498,NICLBSL,59,57,10,"1,781.00","17,810.00"
2021-05-11,2021051105001515,NICLBSL,1,39,80,"1,784.00","142,720.00"
2021-05-11,2021051105001513,NICLBSL,1,59,10,"1,784.00","17,840.00"
2021-05-11,2021051105001512,NICLBSL,1,33,10,"1,784.00","17,840.00"
2021-05-11,2021051105001511,NICLBSL,22,26,10,"1,783.00","17,830.00"
2021-05-11,2021051105001508,NICLBSL,22,48,10,"1,783.00","17,830.00"
2021-05-11,2021051105001506,NICLBSL,49,39,10,"1,783.00","17,830.00"
2021-05-11,2021051105001521,NICLBSL,43,39,100,"1,780.00","178,000.00"
2021-05-11,2021051105001520,NICLBSL,32,39,100,"1,780.00","178,000.00"
2021-05-11,2021051105001519,NICLBSL,52,39,10,"1,780.00","17,800.00"
2021-05-11,2021051105001518,NICLBSL,46,39,200,"1,780.00","356,000.00"
2021-05-11,2021051105001517,NICLBSL,37,39,50,"1,781.00","89,050.00"
2021-05-11,2021051105001516,NICLBSL,58,39,100,"1,781.00","178,100.00"
2021-05-11,2021051105001527,NICLBSL,17,39,40,"1,780.00","71,200.00"
2021-05-11,2021051105001526,NICLBSL,57,39,10,"1,780.00","17,800.00"
2021-05-11,2021051105001525,NICLBSL,35,39,20,"1,780.00","35,600.00"
2021-05-11,2021051105001524,NICLBSL,22,39,10,"1,780.00","17,800.00"
2021-05-11,2021051105001523,NICLBSL,50,39,50,"1,780.00","89,000.00"
2021-05-11,2021051105001522,NICLBSL,4,39,20,"1,780.00","35,600.00"
2021-05-11,2021051105001533,NICLBSL,28,39,10,"1,780.00","17,800.00"
2021-05-11,2021051105001532,NICLBSL,50,39,100,"1,780.00","178,000.00"
2021-05-11,2021051105001531,NICLBSL,32,39,40,"1,780.00","71,200.00"
2021-05-11,2021051105001530,NICLBSL,51,39,10,"1,780.00","17,800.00"
2021-05-11,2021051105001529,NICLBSL,43,39,50,"1,780.00","89,000.00"
2021-05-11,2021051105001528,NICLBSL,45,39,50,"1,780.00","89,000.00"
2021-05-11,2021051105001539,NICLBSL,18,39,10,"1,780.00","17,800.00"
2021-05-11,2021051105001538,NICLBSL,36,39,40,"1,780.00","71,200.00"
2021-05-11,2021051105001537,NICLBSL,25,39,10,"1,780.00","17,800.00"
2021-05-11,2021051105001536,NICLBSL,35,39,200,"1,780.00","356,000.00"
2021-05-11,2021051105001535,NICLBSL,35,39,100,"1,780.00","178,000.00"
2021-05-11,2021051105001534,NICLBSL,17,39,180,"1,780.00","320,400.00"
2021-05-11,2021051105001552,NICLBSL,7,56,30,"1,782.00","53,460.00"
2021-05-11,2021051105001551,NICLBSL,19,56,10,"1,782.00","17,820.00"
2021-05-11,2021051105001550,NICLBSL,41,56,10,"1,782.00","17,820.00"
2021-05-11,2021051105001548,NICLBSL,33,26,26,"1,783.00","46,358.00"
2021-05-11,2021051105001546,NICLBSL,59,46,10,"1,783.00","17,830.00"
2021-05-11,2021051105001545,NICLBSL,59,26,10,"1,783.00","17,830.00"
2021-05-11,2021051105001558,NICLBSL,18,39,10,"1,780.00","17,800.00"
2021-05-11,2021051105001557,NICLBSL,21,39,50,"1,781.00","89,050.00"
2021-05-11,2021051105001556,NICLBSL,1,39,10,"1,782.00","17,820.00"
2021-05-11,2021051105001555,NICLBSL,1,58,10,"1,782.00","17,820.00"
2021-05-11,2021051105001554,NICLBSL,1,59,10,"1,782.00","17,820.00"
2021-05-11,2021051105001553,NICLBSL,7,59,10,"1,782.00","17,820.00"
2021-05-11,2021051105001565,NICLBSL,55,51,10,"1,782.00","17,820.00"
2021-05-11,2021051105001564,NICLBSL,57,48,10,"1,780.00","17,800.00"
2021-05-11,2021051105001562,NICLBSL,20,39,54,"1,778.00","96,012.00"
2021-05-11,2021051105001561,NICLBSL,7,39,13,"1,779.00","23,127.00"
2021-05-11,2021051105001560,NICLBSL,13,39,20,"1,780.00","35,600.00"
2021-05-11,2021051105001559,NICLBSL,42,39,10,"1,780.00","17,800.00"
2021-05-11,2021051105001571,NICLBSL,43,17,10,"1,783.00","17,830.00"
2021-05-11,2021051105001570,NICLBSL,49,49,31,"1,785.00","55,335.00"
2021-05-11,2021051105001569,NICLBSL,49,21,50,"1,785.00","89,250.00"
2021-05-11,2021051105001568,NICLBSL,49,42,10,"1,785.00","17,850.00"
2021-05-11,2021051105001567,NICLBSL,49,49,70,"1,785.00","124,950.00"
2021-05-11,2021051105001566,NICLBSL,43,5,20,"1,783.00","35,660.00"
2021-05-11,2021051105001578,NICLBSL,26,39,30,"1,781.00","53,430.00"
2021-05-11,2021051105001577,NICLBSL,33,39,10,"1,781.00","17,810.00"
2021-05-11,2021051105001576,NICLBSL,32,39,170,"1,782.00","302,940.00"
2021-05-11,2021051105001575,NICLBSL,55,39,10,"1,782.00","17,820.00"
2021-05-11,2021051105001574,NICLBSL,43,39,60,"1,783.00","106,980.00"
2021-05-11,2021051105001573,NICLBSL,43,48,10,"1,783.00","17,830.00"
2021-05-11,2021051105001585,NICLBSL,59,38,10,"1,781.00","17,810.00"
2021-05-11,2021051105001584,NICLBSL,59,39,20,"1,780.00","35,600.00"
2021-05-11,2021051105001582,NICLBSL,59,39,50,"1,780.00","89,000.00"
2021-05-11,2021051105001581,NICLBSL,49,39,100,"1,780.00","178,000.00"
2021-05-11,2021051105001580,NICLBSL,57,39,40,"1,780.00","71,200.00"
2021-05-11,2021051105001579,NICLBSL,4,39,10,"1,781.00","17,810.00"
2021-05-11,2021051105001593,NICLBSL,42,16,52,"1,781.00","92,612.00"
2021-05-11,2021051105001592,NICLBSL,42,39,20,"1,781.00","35,620.00"
2021-05-11,2021051105001590,NICLBSL,18,36,10,"1,783.00","17,830.00"
2021-05-11,2021051105001589,NICLBSL,18,42,10,"1,783.00","17,830.00"
2021-05-11,2021051105001587,NICLBSL,59,5,10,"1,781.00","17,810.00"
2021-05-11,2021051105001586,NICLBSL,59,48,10,"1,781.00","17,810.00"
2021-05-11,2021051105001601,NICLBSL,41,39,30,"1,780.00","53,400.00"
2021-05-11,2021051105001600,NICLBSL,42,39,28,"1,781.00","49,868.00"
2021-05-11,2021051105001598,NICLBSL,42,50,55,"1,782.00","98,010.00"
2021-05-11,2021051105001596,NICLBSL,28,22,20,"1,785.00","35,700.00"
2021-05-11,2021051105001595,NICLBSL,28,45,10,"1,784.00","17,840.00"
2021-05-11,2021051105001594,NICLBSL,28,50,70,"1,783.00","124,810.00"
2021-05-11,2021051105001607,NICLBSL,20,39,94,"1,780.00","167,320.00"
2021-05-11,2021051105001606,NICLBSL,32,39,20,"1,781.00","35,620.00"
2021-05-11,2021051105001605,NICLBSL,20,39,52,"1,780.00","92,560.00"
2021-05-11,2021051105001604,NICLBSL,45,39,50,"1,780.00","89,000.00"
2021-05-11,2021051105001603,NICLBSL,41,39,20,"1,780.00","35,600.00"
2021-05-11,2021051105001602,NICLBSL,55,39,20,"1,780.00","35,600.00"
2021-05-11,2021051105001614,NICLBSL,49,39,40,"1,780.00","71,200.00"
2021-05-11,2021051105001613,NICLBSL,52,39,160,"1,780.00","284,800.00"
2021-05-11,2021051105001612,NICLBSL,48,39,54,"1,780.00","96,120.00"
2021-05-11,2021051105001610,NICLBSL,48,39,66,"1,780.00","117,480.00"
2021-05-11,2021051105001609,NICLBSL,42,39,20,"1,780.00","35,600.00"
2021-05-11,2021051105001608,NICLBSL,35,39,100,"1,780.00","178,000.00"
2021-05-11,2021051105001572,RURU,16,36,10,662.00,"6,620.00"
2021-05-11,2021051105001540,RURU,16,57,10,662.00,"6,620.00"
2021-05-11,2021051105001507,RURU,16,36,10,662.00,"6,620.00"
2021-05-11,2021051105001454,RURU,16,45,10,662.00,"6,620.00"
2021-05-11,2021051105001411,RURU,16,56,10,662.00,"6,620.00"
2021-05-11,2021051105001340,RURU,16,48,10,662.00,"6,620.00"
2021-05-11,2021051105001246,RURU,26,57,6,649.00,"3,894.00"
2021-05-11,2021051105001213,RURU,16,28,10,662.00,"6,620.00"
2021-05-11,2021051105001188,RURU,16,45,10,662.00,"6,620.00"
2021-05-11,2021051105001169,RURU,16,58,10,662.00,"6,620.00"
2021-05-11,2021051105001124,MLBSL,19,51,10,"4,770.00","47,700.00"
2021-05-11,2021051105001123,MLBSL,19,58,10,"4,770.00","47,700.00"
2021-05-11,2021051105001117,MLBSL,59,26,10,"4,766.00","47,660.00"
2021-05-11,2021051105001108,MLBSL,19,32,10,"4,765.00","47,650.00"
2021-05-11,2021051105001106,MLBSL,37,39,10,"4,761.00","47,610.00"
2021-05-11,2021051105001098,MLBSL,19,55,10,"4,760.00","47,600.00"
2021-05-11,2021051105000647,MLBSL,35,57,10,"4,680.00","46,800.00"
2021-05-11,2021051105000646,MLBSL,45,57,10,"4,680.00","46,800.00"
2021-05-11,2021051105000645,MLBSL,20,57,40,"4,680.00","187,200.00"
2021-05-11,2021051105000644,MLBSL,47,57,10,"4,681.00","46,810.00"
2021-05-11,2021051105000629,MLBSL,20,38,10,"4,680.00","46,800.00"
2021-05-11,2021051105000665,MLBSL,47,21,10,"4,680.00","46,800.00"
2021-05-11,2021051105000664,MLBSL,47,42,10,"4,676.00","46,760.00"
2021-05-11,2021051105000660,MLBSL,29,21,10,"4,676.00","46,760.00"
2021-05-11,2021051105000652,MLBSL,29,35,10,"4,676.00","46,760.00"
2021-05-11,2021051105000649,MLBSL,43,57,10,"4,675.00","46,750.00"
2021-05-11,2021051105000648,MLBSL,38,57,20,"4,680.00","93,600.00"
2021-05-11,2021051105000685,MLBSL,28,42,10,"4,685.00","46,850.00"
2021-05-11,2021051105000682,MLBSL,22,58,10,"4,676.00","46,760.00"
2021-05-11,2021051105000680,MLBSL,47,14,10,"4,677.00","46,770.00"
2021-05-11,2021051105000675,MLBSL,22,11,10,"4,676.00","46,760.00"
2021-05-11,2021051105000674,MLBSL,47,32,10,"4,676.00","46,760.00"
2021-05-11,2021051105000673,MLBSL,47,58,10,"4,677.00","46,770.00"
2021-05-11,2021051105000703,MLBSL,29,21,10,"4,699.00","46,990.00"
2021-05-11,2021051105000700,MLBSL,45,1,10,"4,699.00","46,990.00"
2021-05-11,2021051105000699,MLBSL,45,55,10,"4,699.00","46,990.00"
2021-05-11,2021051105000698,MLBSL,45,34,10,"4,690.00","46,900.00"
2021-05-11,2021051105000693,MLBSL,47,41,10,"4,677.00","46,770.00"
2021-05-11,2021051105000690,MLBSL,41,57,10,"4,690.00","46,900.00"
2021-05-11,2021051105000709,MLBSL,29,58,10,"4,700.00","47,000.00"
2021-05-11,2021051105000708,MLBSL,29,35,10,"4,700.00","47,000.00"
2021-05-11,2021051105000707,MLBSL,29,46,10,"4,700.00","47,000.00"
2021-05-11,2021051105000706,MLBSL,29,58,10,"4,700.00","47,000.00"
2021-05-11,2021051105000705,MLBSL,29,14,10,"4,700.00","47,000.00"
2021-05-11,2021051105000704,MLBSL,29,57,35,"4,700.00","164,500.00"
2021-05-11,2021051105000715,MLBSL,29,52,10,"4,700.00","47,000.00"
2021-05-11,2021051105000714,MLBSL,29,38,10,"4,700.00","47,000.00"
2021-05-11,2021051105000713,MLBSL,29,37,10,"4,700.00","47,000.00"
2021-05-11,2021051105000712,MLBSL,29,59,10,"4,700.00","47,000.00"
2021-05-11,2021051105000711,MLBSL,29,35,10,"4,700.00","47,000.00"
2021-05-11,2021051105000710,MLBSL,29,49,10,"4,700.00","47,000.00"
2021-05-11,2021051105000733,MLBSL,42,42,10,"4,700.00","47,000.00"
2021-05-11,2021051105000732,MLBSL,42,50,10,"4,700.00","47,000.00"
2021-05-11,2021051105000719,MLBSL,29,38,10,"4,700.00","47,000.00"
2021-05-11,2021051105000718,MLBSL,29,35,10,"4,700.00","47,000.00"
2021-05-11,2021051105000717,MLBSL,29,22,10,"4,700.00","47,000.00"
2021-05-11,2021051105000716,MLBSL,29,34,10,"4,700.00","47,000.00"
2021-05-11,2021051105000756,MLBSL,43,45,10,"4,700.00","47,000.00"
2021-05-11,2021051105000755,MLBSL,47,26,10,"4,682.00","46,820.00"
2021-05-11,2021051105000754,MLBSL,29,29,5,"4,700.00","23,500.00"
2021-05-11,2021051105000753,MLBSL,20,43,40,"4,681.00","187,240.00"
2021-05-11,2021051105000751,MLBSL,20,58,10,"4,681.00","46,810.00"
2021-05-11,2021051105000748,MLBSL,47,38,10,"4,680.00","46,800.00"
2021-05-11,2021051105000765,MLBSL,47,8,10,"4,682.00","46,820.00"
2021-05-11,2021051105000761,MLBSL,26,55,10,"4,683.00","46,830.00"
2021-05-11,2021051105000760,MLBSL,26,8,10,"4,683.00","46,830.00"
2021-05-11,2021051105000759,MLBSL,43,46,10,"4,700.00","47,000.00"
2021-05-11,2021051105000758,MLBSL,43,52,10,"4,700.00","47,000.00"
2021-05-11,2021051105000757,MLBSL,43,43,10,"4,700.00","47,000.00"
2021-05-11,2021051105000799,MLBSL,3,58,10,"4,685.00","46,850.00"
2021-05-11,2021051105000794,MLBSL,3,58,10,"4,685.00","46,850.00"
2021-05-11,2021051105000793,MLBSL,41,13,10,"4,690.00","46,900.00"
2021-05-11,2021051105000791,MLBSL,59,53,10,"4,682.00","46,820.00"
2021-05-11,2021051105000789,MLBSL,52,21,10,"4,682.00","46,820.00"
2021-05-11,2021051105000784,MLBSL,52,52,10,"4,682.00","46,820.00"
2021-05-11,2021051105000817,MLBSL,16,43,14,"4,685.00","65,590.00"
2021-05-11,2021051105000816,MLBSL,8,43,10,"4,685.00","46,850.00"
2021-05-11,2021051105000815,MLBSL,3,43,30,"4,685.00","140,550.00"
2021-05-11,2021051105000810,MLBSL,3,58,10,"4,685.00","46,850.00"
2021-05-11,2021051105000807,MLBSL,3,38,10,"4,685.00","46,850.00"
2021-05-11,2021051105000806,MLBSL,3,39,10,"4,685.00","46,850.00"
2021-05-11,2021051105000834,MLBSL,57,44,10,"4,700.00","47,000.00"
2021-05-11,2021051105000833,MLBSL,57,58,10,"4,699.00","46,990.00"
2021-05-11,2021051105000832,MLBSL,57,57,10,"4,699.00","46,990.00"
2021-05-11,2021051105000826,MLBSL,47,8,10,"4,680.00","46,800.00"
2021-05-11,2021051105000819,MLBSL,58,43,20,"4,685.00","93,700.00"
2021-05-11,2021051105000818,MLBSL,59,43,90,"4,685.00","421,650.00"
2021-05-11,2021051105000840,MLBSL,57,41,10,"4,700.00","47,000.00"
2021-05-11,2021051105000839,MLBSL,57,57,10,"4,700.00","47,000.00"
2021-05-11,2021051105000838,MLBSL,57,16,10,"4,700.00","47,000.00"
2021-05-11,2021051105000837,MLBSL,57,57,10,"4,700.00","47,000.00"
2021-05-11,2021051105000836,MLBSL,57,48,10,"4,700.00","47,000.00"
2021-05-11,2021051105000835,MLBSL,57,56,10,"4,700.00","47,000.00"
2021-05-11,2021051105000847,MLBSL,43,45,10,"4,700.00","47,000.00"
2021-05-11,2021051105000846,MLBSL,43,57,90,"4,700.00","423,000.00"
2021-05-11,2021051105000845,MLBSL,44,45,10,"4,685.00","46,850.00"
2021-05-11,2021051105000843,MLBSL,25,42,10,"4,680.00","46,800.00"
2021-05-11,2021051105000842,MLBSL,45,10,10,"4,680.00","46,800.00"
2021-05-11,2021051105000841,MLBSL,57,57,10,"4,700.00","47,000.00"
2021-05-11,2021051105000856,MLBSL,47,16,10,"4,691.00","46,910.00"
2021-05-11,2021051105000855,MLBSL,53,45,10,"4,691.00","46,910.00"
2021-05-11,2021051105000853,MLBSL,44,47,10,"4,685.00","46,850.00"
2021-05-11,2021051105000851,MLBSL,47,21,10,"4,686.00","46,860.00"
2021-05-11,2021051105000849,MLBSL,14,47,10,"4,686.00","46,860.00"
2021-05-11,2021051105000848,MLBSL,43,38,10,"4,700.00","47,000.00"
2021-05-11,2021051105000877,MLBSL,4,18,10,"4,700.00","47,000.00"
2021-05-11,2021051105000876,MLBSL,4,21,10,"4,700.00","47,000.00"
2021-05-11,2021051105000875,MLBSL,4,46,10,"4,700.00","47,000.00"
2021-05-11,2021051105000874,MLBSL,4,51,10,"4,700.00","47,000.00"
2021-05-11,2021051105000858,MLBSL,43,43,100,"4,690.00","469,000.00"
2021-05-11,2021051105000857,MLBSL,47,43,10,"4,691.00","46,910.00"
2021-05-11,2021051105000892,MLBSL,53,58,10,"4,702.00","47,020.00"
2021-05-11,2021051105000890,MLBSL,59,17,10,"4,702.00","47,020.00"
2021-05-11,2021051105000881,MLBSL,4,17,10,"4,700.00","47,000.00"
2021-05-11,2021051105000880,MLBSL,4,58,10,"4,700.00","47,000.00"
2021-05-11,2021051105000879,MLBSL,4,45,10,"4,700.00","47,000.00"
2021-05-11,2021051105000878,MLBSL,4,8,10,"4,700.00","47,000.00"
2021-05-11,2021051105000902,MLBSL,14,1,10,"4,711.00","47,110.00"
2021-05-11,2021051105000898,MLBSL,59,48,10,"4,710.00","47,100.00"
2021-05-11,2021051105000897,MLBSL,59,52,10,"4,710.00","47,100.00"
2021-05-11,2021051105000896,MLBSL,59,47,10,"4,705.00","47,050.00"
2021-05-11,2021051105000894,MLBSL,59,46,10,"4,705.00","47,050.00"
2021-05-11,2021051105000893,MLBSL,47,58,10,"4,703.00","47,030.00"
2021-05-11,2021051105000916,MLBSL,14,58,10,"4,715.00","47,150.00"
2021-05-11,2021051105000912,MLBSL,14,58,10,"4,715.00","47,150.00"
2021-05-11,2021051105000911,MLBSL,14,6,10,"4,715.00","47,150.00"
2021-05-11,2021051105000910,MLBSL,4,43,51,"4,713.00","240,363.00"
2021-05-11,2021051105000909,MLBSL,4,59,10,"4,713.00","47,130.00"
2021-05-11,2021051105000908,MLBSL,47,43,20,"4,712.00","94,240.00"
2021-05-11,2021051105000924,MLBSL,26,47,10,"4,720.00","47,200.00"
2021-05-11,2021051105000923,MLBSL,26,21,10,"4,720.00","47,200.00"
2021-05-11,2021051105000922,MLBSL,26,42,10,"4,720.00","47,200.00"
2021-05-11,2021051105000921,MLBSL,26,35,10,"4,720.00","47,200.00"
2021-05-11,2021051105000920,MLBSL,26,55,10,"4,720.00","47,200.00"
2021-05-11,2021051105000918,MLBSL,47,21,10,"4,716.00","47,160.00"
2021-05-11,2021051105000939,MLBSL,44,43,10,"4,730.00","47,300.00"
2021-05-11,2021051105000936,MLBSL,59,49,10,"4,725.00","47,250.00"
2021-05-11,2021051105000935,MLBSL,59,34,10,"4,725.00","47,250.00"
2021-05-11,2021051105000927,MLBSL,26,51,10,"4,720.00","47,200.00"
2021-05-11,2021051105000926,MLBSL,26,33,10,"4,720.00","47,200.00"
2021-05-11,2021051105000925,MLBSL,26,35,10,"4,720.00","47,200.00"
2021-05-11,2021051105000953,MLBSL,4,28,10,"4,745.00","47,450.00"
2021-05-11,2021051105000951,MLBSL,14,45,20,"4,735.00","94,700.00"
2021-05-11,2021051105000950,MLBSL,59,58,10,"4,740.00","47,400.00"
2021-05-11,2021051105000949,MLBSL,59,28,10,"4,740.00","47,400.00"
2021-05-11,2021051105000941,MLBSL,14,39,10,"4,735.00","47,350.00"
2021-05-11,2021051105000940,MLBSL,44,41,10,"4,730.00","47,300.00"
2021-05-11,2021051105000975,MLBSL,59,58,10,"4,750.00","47,500.00"
2021-05-11,2021051105000974,MLBSL,14,17,10,"4,750.00","47,500.00"
2021-05-11,2021051105000973,MLBSL,14,17,10,"4,750.00","47,500.00"
2021-05-11,2021051105000972,MLBSL,14,16,10,"4,750.00","47,500.00"
2021-05-11,2021051105000969,MLBSL,10,32,10,"4,750.00","47,500.00"
2021-05-11,2021051105000964,MLBSL,4,14,10,"4,747.00","47,470.00"
2021-05-11,2021051105000987,MLBSL,47,59,10,"4,760.00","47,600.00"
2021-05-11,2021051105000983,MLBSL,47,38,10,"4,760.00","47,600.00"
2021-05-11,2021051105000982,MLBSL,54,22,10,"4,755.00","47,550.00"
2021-05-11,2021051105000980,MLBSL,59,6,10,"4,750.00","47,500.00"
2021-05-11,2021051105000977,MLBSL,59,28,10,"4,750.00","47,500.00"
2021-05-11,2021051105000976,MLBSL,59,49,10,"4,750.00","47,500.00"
2021-05-11,2021051105000996,MLBSL,44,51,10,"4,760.00","47,600.00"
2021-05-11,2021051105000995,MLBSL,44,40,10,"4,760.00","47,600.00"
2021-05-11,2021051105000993,MLBSL,54,32,10,"4,755.00","47,550.00"
2021-05-11,2021051105000992,MLBSL,54,37,10,"4,755.00","47,550.00"
2021-05-11,2021051105000990,MLBSL,58,55,100,"4,760.00","476,000.00"
2021-05-11,2021051105000988,MLBSL,47,49,10,"4,760.00","47,600.00"
2021-05-11,2021051105001003,MLBSL,44,44,10,"4,760.00","47,600.00"
2021-05-11,2021051105001002,MLBSL,59,44,20,"4,760.00","95,200.00"
2021-05-11,2021051105001000,MLBSL,54,38,10,"4,755.00","47,550.00"
2021-05-11,2021051105000999,MLBSL,44,22,10,"4,760.00","47,600.00"
2021-05-11,2021051105000998,MLBSL,44,56,10,"4,760.00","47,600.00"
2021-05-11,2021051105000997,MLBSL,44,32,10,"4,760.00","47,600.00"
2021-05-11,2021051105001024,MLBSL,59,18,10,"4,757.00","47,570.00"
2021-05-11,2021051105001014,MLBSL,3,58,10,"4,760.00","47,600.00"
2021-05-11,2021051105001010,MLBSL,4,39,10,"4,756.00","47,560.00"
2021-05-11,2021051105001009,MLBSL,4,46,10,"4,756.00","47,560.00"
2021-05-11,2021051105001008,MLBSL,4,14,10,"4,756.00","47,560.00"
2021-05-11,2021051105001004,MLBSL,56,44,10,"4,760.00","47,600.00"
2021-05-11,2021051105001058,MLBSL,58,22,10,"4,760.00","47,600.00"
2021-05-11,2021051105001042,MLBSL,6,44,11,"4,765.00","52,415.00"
2021-05-11,2021051105001036,MLBSL,58,18,10,"4,765.00","47,650.00"
2021-05-11,2021051105001035,MLBSL,58,18,10,"4,765.00","47,650.00"
2021-05-11,2021051105001034,MLBSL,58,28,10,"4,765.00","47,650.00"
2021-05-11,2021051105001033,MLBSL,58,16,10,"4,765.00","47,650.00"
2021-05-11,2021051105001073,MLBSL,57,38,10,"4,760.00","47,600.00"
2021-05-11,2021051105001065,MLBSL,58,1,10,"4,765.00","47,650.00"
2021-05-11,2021051105001064,MLBSL,58,7,10,"4,765.00","47,650.00"
2021-05-11,2021051105001063,MLBSL,58,18,10,"4,765.00","47,650.00"
2021-05-11,2021051105001062,MLBSL,58,18,10,"4,765.00","47,650.00"
2021-05-11,2021051105001060,MLBSL,54,29,10,"4,755.00","47,550.00"
2021-05-11,2021051105001091,MLBSL,19,29,10,"4,765.00","47,650.00"
2021-05-11,2021051105001087,MLBSL,58,17,10,"4,755.00","47,550.00"
2021-05-11,2021051105001086,MLBSL,44,16,10,"4,755.00","47,550.00"
2021-05-11,2021051105001082,MLBSL,44,58,10,"4,760.00","47,600.00"
2021-05-11,2021051105001076,MLBSL,34,22,10,"4,760.00","47,600.00"
2021-05-11,2021051105001075,MLBSL,34,51,10,"4,760.00","47,600.00"
2021-05-11,2021051105001097,MLBSL,19,16,10,"4,770.00","47,700.00"
2021-05-11,2021051105001096,MLBSL,19,45,10,"4,770.00","47,700.00"
2021-05-11,2021051105001095,MLBSL,19,57,10,"4,770.00","47,700.00"
2021-05-11,2021051105001094,MLBSL,19,56,10,"4,770.00","47,700.00"
2021-05-11,2021051105001093,MLBSL,19,6,10,"4,770.00","47,700.00"
2021-05-11,2021051105001092,MLBSL,19,41,10,"4,765.00","47,650.00"
2021-05-11,2021051105001122,NICLBSL,13,57,10,"1,790.00","17,900.00"
2021-05-11,2021051105001121,NICLBSL,13,49,16,"1,790.00","28,640.00"
2021-05-11,2021051105001120,NICLBSL,52,49,20,"1,790.00","35,800.00"
2021-05-11,2021051105001119,NICLBSL,52,19,10,"1,790.00","17,900.00"
2021-05-11,2021051105001118,NICLBSL,52,57,20,"1,790.00","35,800.00"
2021-05-11,2021051105001116,NICLBSL,52,19,10,"1,790.00","17,900.00"
2021-05-11,2021051105000626,NICLBSL,26,37,10,"1,794.00","17,940.00"
2021-05-11,2021051105000625,NICLBSL,26,45,10,"1,794.00","17,940.00"
2021-05-11,2021051105000633,NICLBSL,26,36,10,"1,794.00","17,940.00"
2021-05-11,2021051105000632,NICLBSL,48,36,10,"1,794.00","17,940.00"
2021-05-11,2021051105000631,NICLBSL,48,32,10,"1,795.00","17,950.00"
2021-05-11,2021051105000630,NICLBSL,26,45,10,"1,794.00","17,940.00"
2021-05-11,2021051105000628,NICLBSL,26,16,10,"1,794.00","17,940.00"
2021-05-11,2021051105000627,NICLBSL,26,45,10,"1,794.00","17,940.00"
2021-05-11,2021051105000639,NICLBSL,35,56,10,"1,790.00","17,900.00"
2021-05-11,2021051105000638,NICLBSL,35,37,10,"1,790.00","17,900.00"
2021-05-11,2021051105000637,NICLBSL,35,37,10,"1,790.00","17,900.00"
2021-05-11,2021051105000636,NICLBSL,35,56,10,"1,790.00","17,900.00"
2021-05-11,2021051105000635,NICLBSL,19,45,36,"1,794.00","64,584.00"
2021-05-11,2021051105000634,NICLBSL,26,45,10,"1,794.00","17,940.00"
2021-05-11,2021051105000651,NICLBSL,14,20,10,"1,791.00","17,910.00"
2021-05-11,2021051105000650,NICLBSL,14,45,10,"1,791.00","17,910.00"
2021-05-11,2021051105000643,NICLBSL,14,45,10,"1,791.00","17,910.00"
2021-05-11,2021051105000642,NICLBSL,14,37,10,"1,791.00","17,910.00"
2021-05-11,2021051105000641,NICLBSL,14,5,10,"1,791.00","17,910.00"
2021-05-11,2021051105000640,NICLBSL,14,38,10,"1,791.00","17,910.00"
2021-05-11,2021051105000658,NICLBSL,45,52,10,"1,786.00","17,860.00"
2021-05-11,2021051105000657,NICLBSL,58,26,10,"1,787.00","17,870.00"
2021-05-11,2021051105000656,NICLBSL,17,40,10,"1,787.00","17,870.00"
2021-05-11,2021051105000655,NICLBSL,50,56,30,"1,790.00","53,700.00"
2021-05-11,2021051105000654,NICLBSL,48,56,20,"1,790.00","35,800.00"
2021-05-11,2021051105000653,NICLBSL,39,56,50,"1,790.00","89,500.00"
2021-05-11,2021051105000667,NICLBSL,59,20,10,"1,785.00","17,850.00"
2021-05-11,2021051105000666,NICLBSL,59,39,10,"1,785.00","17,850.00"
2021-05-11,2021051105000663,NICLBSL,59,56,10,"1,785.00","17,850.00"
2021-05-11,2021051105000662,NICLBSL,51,11,10,"1,786.00","17,860.00"
2021-05-11,2021051105000661,NICLBSL,51,38,10,"1,786.00","17,860.00"
2021-05-11,2021051105000659,NICLBSL,58,38,10,"1,786.00","17,860.00"
2021-05-11,2021051105000676,NICLBSL,35,56,10,"1,786.00","17,860.00"
2021-05-11,2021051105000672,NICLBSL,35,21,10,"1,786.00","17,860.00"
2021-05-11,2021051105000671,NICLBSL,35,38,10,"1,786.00","17,860.00"
2021-05-11,2021051105000670,NICLBSL,35,38,10,"1,786.00","17,860.00"
2021-05-11,2021051105000669,NICLBSL,35,1,20,"1,786.00","35,720.00"
2021-05-11,2021051105000668,NICLBSL,35,13,10,"1,786.00","17,860.00"
2021-05-11,2021051105000684,NICLBSL,35,57,10,"1,786.00","17,860.00"
2021-05-11,2021051105000683,NICLBSL,35,42,10,"1,786.00","17,860.00"
2021-05-11,2021051105000681,NICLBSL,35,28,10,"1,786.00","17,860.00"
2021-05-11,2021051105000679,NICLBSL,35,32,10,"1,786.00","17,860.00"
2021-05-11,2021051105000678,NICLBSL,35,3,10,"1,786.00","17,860.00"
2021-05-11,2021051105000677,NICLBSL,35,35,20,"1,786.00","35,720.00"
2021-05-11,2021051105000692,NICLBSL,35,18,10,"1,786.00","17,860.00"
2021-05-11,2021051105000691,NICLBSL,35,36,10,"1,786.00","17,860.00"
2021-05-11,2021051105000689,NICLBSL,35,54,10,"1,786.00","17,860.00"
2021-05-11,2021051105000688,NICLBSL,35,42,10,"1,786.00","17,860.00"
2021-05-11,2021051105000687,NICLBSL,35,20,10,"1,786.00","17,860.00"
2021-05-11,2021051105000686,NICLBSL,35,26,10,"1,786.00","17,860.00"
2021-05-11,2021051105000702,NICLBSL,59,19,10,"1,787.00","17,870.00"
2021-05-11,2021051105000701,NICLBSL,35,18,20,"1,786.00","35,720.00"
2021-05-11,2021051105000697,NICLBSL,55,48,10,"1,789.00","17,890.00"
2021-05-11,2021051105000696,NICLBSL,55,34,20,"1,789.00","35,780.00"
2021-05-11,2021051105000695,NICLBSL,55,21,10,"1,789.00","17,890.00"
2021-05-11,2021051105000694,NICLBSL,35,18,10,"1,786.00","17,860.00"
2021-05-11,2021051105000725,NICLBSL,21,32,10,"1,790.00","17,900.00"
2021-05-11,2021051105000724,NICLBSL,21,51,10,"1,790.00","17,900.00"
2021-05-11,2021051105000723,NICLBSL,21,53,10,"1,790.00","17,900.00"
2021-05-11,2021051105000722,NICLBSL,21,51,22,"1,790.00","39,380.00"
2021-05-11,2021051105000721,NICLBSL,21,50,10,"1,790.00","17,900.00"
2021-05-11,2021051105000720,NICLBSL,21,41,20,"1,789.00","35,780.00"
2021-05-11,2021051105000731,NICLBSL,41,41,30,"1,792.00","53,760.00"
2021-05-11,2021051105000730,NICLBSL,59,43,15,"1,791.00","26,865.00"
2021-05-11,2021051105000729,NICLBSL,59,42,20,"1,791.00","35,820.00"
2021-05-11,2021051105000728,NICLBSL,41,1,10,"1,790.00","17,900.00"
2021-05-11,2021051105000727,NICLBSL,41,35,22,"1,790.00","39,380.00"
2021-05-11,2021051105000726,NICLBSL,21,51,18,"1,790.00","32,220.00"
2021-05-11,2021051105000740,NICLBSL,50,41,10,"1,792.00","17,920.00"
2021-05-11,2021051105000739,NICLBSL,59,45,10,"1,791.00","17,910.00"
2021-05-11,2021051105000738,NICLBSL,59,45,10,"1,791.00","17,910.00"
2021-05-11,2021051105000737,NICLBSL,59,54,20,"1,791.00","35,820.00"
2021-05-11,2021051105000736,NICLBSL,59,56,10,"1,791.00","17,910.00"
2021-05-11,2021051105000734,NICLBSL,59,38,10,"1,791.00","17,910.00"
2021-05-11,2021051105000747,NICLBSL,36,42,10,"1,795.00","17,950.00"
2021-05-11,2021051105000746,NICLBSL,36,5,10,"1,795.00","17,950.00"
2021-05-11,2021051105000745,NICLBSL,36,26,30,"1,795.00","53,850.00"
2021-05-11,2021051105000744,NICLBSL,50,26,10,"1,795.00","17,950.00"
2021-05-11,2021051105000743,NICLBSL,50,36,10,"1,794.00","17,940.00"
2021-05-11,2021051105000742,NICLBSL,50,56,10,"1,792.00","17,920.00"
2021-05-11,2021051105000766,NICLBSL,59,28,20,"1,791.00","35,820.00"
2021-05-11,2021051105000764,NICLBSL,29,38,10,"1,794.00","17,940.00"
2021-05-11,2021051105000763,NICLBSL,29,49,10,"1,794.00","17,940.00"
2021-05-11,2021051105000762,NICLBSL,29,49,10,"1,794.00","17,940.00"
2021-05-11,2021051105000752,NICLBSL,57,49,10,"1,791.00","17,910.00"
2021-05-11,2021051105000749,NICLBSL,36,38,10,"1,795.00","17,950.00"
2021-05-11,2021051105000772,NICLBSL,52,28,56,"1,786.00","100,016.00"
2021-05-11,2021051105000771,NICLBSL,57,28,100,"1,787.00","178,700.00"
2021-05-11,2021051105000770,NICLBSL,59,28,40,"1,787.00","71,480.00"
2021-05-11,2021051105000769,NICLBSL,34,28,10,"1,788.00","17,880.00"
2021-05-11,2021051105000768,NICLBSL,41,28,33,"1,790.00","59,070.00"
2021-05-11,2021051105000767,NICLBSL,46,28,90,"1,791.00","161,190.00"
2021-05-11,2021051105000778,NICLBSL,32,28,100,"1,785.00","178,500.00"
2021-05-11,2021051105000777,NICLBSL,48,28,60,"1,785.00","107,100.00"
2021-05-11,2021051105000776,NICLBSL,49,28,100,"1,785.00","178,500.00"
2021-05-11,2021051105000775,NICLBSL,59,28,70,"1,785.00","124,950.00"
2021-05-11,2021051105000774,NICLBSL,49,28,100,"1,786.00","178,600.00"
2021-05-11,2021051105000773,NICLBSL,35,28,80,"1,786.00","142,880.00"
2021-05-11,2021051105000785,NICLBSL,56,41,10,"1,786.00","17,860.00"
2021-05-11,2021051105000783,NICLBSL,57,28,91,"1,785.00","162,435.00"
2021-05-11,2021051105000782,NICLBSL,35,28,10,"1,785.00","17,850.00"
2021-05-11,2021051105000781,NICLBSL,48,28,10,"1,785.00","17,850.00"
2021-05-11,2021051105000780,NICLBSL,4,28,10,"1,785.00","17,850.00"
2021-05-11,2021051105000779,NICLBSL,58,28,10,"1,785.00","17,850.00"
2021-05-11,2021051105000796,NICLBSL,21,58,20,"1,788.00","35,760.00"
2021-05-11,2021051105000795,NICLBSL,32,32,4,"1,770.00","7,080.00"
2021-05-11,2021051105000790,NICLBSL,21,22,10,"1,796.00","17,960.00"
2021-05-11,2021051105000788,NICLBSL,50,35,10,"1,786.00","17,860.00"
2021-05-11,2021051105000787,NICLBSL,56,59,10,"1,795.00","17,950.00"
2021-05-11,2021051105000786,NICLBSL,56,59,10,"1,795.00","17,950.00"
2021-05-11,2021051105000803,NICLBSL,57,58,10,"1,785.00","17,850.00"
2021-05-11,2021051105000802,NICLBSL,57,1,10,"1,785.00","17,850.00"
2021-05-11,2021051105000801,NICLBSL,57,38,36,"1,785.00","64,260.00"
2021-05-11,2021051105000800,NICLBSL,21,38,10,"1,788.00","17,880.00"
2021-05-11,2021051105000798,NICLBSL,21,1,10,"1,788.00","17,880.00"
2021-05-11,2021051105000797,NICLBSL,21,10,10,"1,788.00","17,880.00"
2021-05-11,2021051105000812,NICLBSL,50,1,10,"1,786.00","17,860.00"
2021-05-11,2021051105000811,NICLBSL,50,43,10,"1,786.00","17,860.00"
2021-05-11,2021051105000809,NICLBSL,57,14,10,"1,785.00","17,850.00"
2021-05-11,2021051105000808,NICLBSL,57,10,10,"1,785.00","17,850.00"
2021-05-11,2021051105000805,NICLBSL,48,1,10,"1,786.00","17,860.00"
2021-05-11,2021051105000804,NICLBSL,48,58,10,"1,786.00","17,860.00"
2021-05-11,2021051105000823,NICLBSL,21,18,10,"1,788.00","17,880.00"
2021-05-11,2021051105000822,NICLBSL,21,18,10,"1,788.00","17,880.00"
2021-05-11,2021051105000821,NICLBSL,21,18,10,"1,788.00","17,880.00"
2021-05-11,2021051105000820,NICLBSL,21,50,10,"1,788.00","17,880.00"
2021-05-11,2021051105000814,NICLBSL,19,1,10,"1,786.00","17,860.00"
2021-05-11,2021051105000813,NICLBSL,19,1,10,"1,786.00","17,860.00"
2021-05-11,2021051105000830,NICLBSL,42,58,36,"1,786.00","64,296.00"
2021-05-11,2021051105000829,NICLBSL,21,58,20,"1,788.00","35,760.00"
2021-05-11,2021051105000828,NICLBSL,21,1,10,"1,788.00","17,880.00"
2021-05-11,2021051105000827,NICLBSL,21,1,10,"1,788.00","17,880.00"
2021-05-11,2021051105000825,NICLBSL,21,52,10,"1,788.00","17,880.00"
2021-05-11,2021051105000824,NICLBSL,21,18,10,"1,788.00","17,880.00"
2021-05-11,2021051105000859,NICLBSL,26,57,10,"1,787.00","17,870.00"
2021-05-11,2021051105000854,NICLBSL,42,21,10,"1,787.00","17,870.00"
2021-05-11,2021051105000852,NICLBSL,42,38,10,"1,786.00","17,860.00"
2021-05-11,2021051105000850,NICLBSL,42,38,10,"1,786.00","17,860.00"
2021-05-11,2021051105000844,NICLBSL,3,49,55,"1,788.00","98,340.00"
2021-05-11,2021051105000831,NICLBSL,48,49,20,"1,788.00","35,760.00"
2021-05-11,2021051105000865,NICLBSL,52,42,10,"1,790.00","17,900.00"
2021-05-11,2021051105000864,NICLBSL,52,4,10,"1,790.00","17,900.00"
2021-05-11,2021051105000863,NICLBSL,41,4,10,"1,790.00","17,900.00"
2021-05-11,2021051105000862,NICLBSL,43,40,20,"1,789.00","35,780.00"
2021-05-11,2021051105000861,NICLBSL,47,58,10,"1,788.00","17,880.00"
2021-05-11,2021051105000860,NICLBSL,47,49,125,"1,788.00","223,500.00"
2021-05-11,2021051105000871,NICLBSL,52,10,10,"1,790.00","17,900.00"
2021-05-11,2021051105000870,NICLBSL,52,58,10,"1,790.00","17,900.00"
2021-05-11,2021051105000869,NICLBSL,52,13,10,"1,790.00","17,900.00"
2021-05-11,2021051105000868,NICLBSL,52,45,20,"1,790.00","35,800.00"
2021-05-11,2021051105000867,NICLBSL,52,45,10,"1,790.00","17,900.00"
2021-05-11,2021051105000866,NICLBSL,52,38,13,"1,790.00","23,270.00"
2021-05-11,2021051105000885,NICLBSL,54,42,32,"1,795.00","57,440.00"
2021-05-11,2021051105000884,NICLBSL,54,14,20,"1,795.00","35,900.00"
2021-05-11,2021051105000883,NICLBSL,54,26,10,"1,795.00","17,950.00"
2021-05-11,2021051105000882,NICLBSL,54,53,16,"1,794.00","28,704.00"
2021-05-11,2021051105000873,NICLBSL,52,10,10,"1,790.00","17,900.00"
2021-05-11,2021051105000872,NICLBSL,52,3,10,"1,790.00","17,900.00"
2021-05-11,2021051105000895,NICLBSL,52,45,10,"1,790.00","17,900.00"
2021-05-11,2021051105000891,NICLBSL,18,45,10,"1,791.00","17,910.00"
2021-05-11,2021051105000889,NICLBSL,54,6,10,"1,795.00","17,950.00"
2021-05-11,2021051105000888,NICLBSL,54,6,10,"1,795.00","17,950.00"
2021-05-11,2021051105000887,NICLBSL,54,47,20,"1,795.00","35,900.00"
2021-05-11,2021051105000886,NICLBSL,54,35,10,"1,795.00","17,950.00"
2021-05-11,2021051105000905,NICLBSL,52,45,10,"1,790.00","17,900.00"
2021-05-11,2021051105000904,NICLBSL,52,56,10,"1,790.00","17,900.00"
2021-05-11,2021051105000903,NICLBSL,52,45,10,"1,790.00","17,900.00"
2021-05-11,2021051105000901,NICLBSL,52,42,10,"1,790.00","17,900.00"
2021-05-11,2021051105000900,NICLBSL,52,38,10,"1,790.00","17,900.00"
2021-05-11,2021051105000899,NICLBSL,52,49,10,"1,790.00","17,900.00"
2021-05-11,2021051105000919,NICLBSL,45,59,10,"1,794.00","17,940.00"
2021-05-11,2021051105000917,NICLBSL,45,51,10,"1,794.00","17,940.00"
2021-05-11,2021051105000915,NICLBSL,39,6,10,"1,794.00","17,940.00"
2021-05-11,2021051105000914,NICLBSL,39,39,10,"1,794.00","17,940.00"
2021-05-11,2021051105000913,NICLBSL,39,45,10,"1,790.00","17,900.00"
2021-05-11,2021051105000907,NICLBSL,35,38,10,"1,793.00","17,930.00"
2021-05-11,2021051105000933,NICLBSL,45,26,10,"1,794.00","17,940.00"
2021-05-11,2021051105000932,NICLBSL,45,45,20,"1,794.00","35,880.00"
2021-05-11,2021051105000931,NICLBSL,6,42,10,"1,795.00","17,950.00"
2021-05-11,2021051105000930,NICLBSL,6,4,10,"1,795.00","17,950.00"
2021-05-11,2021051105000929,NICLBSL,6,58,10,"1,795.00","17,950.00"
2021-05-11,2021051105000928,NICLBSL,6,40,10,"1,795.00","17,950.00"
2021-05-11,2021051105000944,NICLBSL,48,49,10,"1,796.00","17,960.00"
2021-05-11,2021051105000943,NICLBSL,48,49,10,"1,796.00","17,960.00"
2021-05-11,2021051105000942,NICLBSL,48,10,20,"1,796.00","35,920.00"
2021-05-11,2021051105000938,NICLBSL,8,6,10,"1,795.00","17,950.00"
2021-05-11,2021051105000937,NICLBSL,8,26,10,"1,795.00","17,950.00"
2021-05-11,2021051105000934,NICLBSL,8,51,20,"1,795.00","35,900.00"
2021-05-11,2021051105000954,NICLBSL,59,57,10,"1,797.00","17,970.00"
2021-05-11,2021051105000952,NICLBSL,8,38,10,"1,795.00","17,950.00"
2021-05-11,2021051105000948,NICLBSL,48,59,20,"1,797.00","35,940.00"
2021-05-11,2021051105000947,NICLBSL,48,16,10,"1,797.00","17,970.00"
2021-05-11,2021051105000946,NICLBSL,48,48,20,"1,797.00","35,940.00"
2021-05-11,2021051105000945,NICLBSL,48,58,10,"1,797.00","17,970.00"
2021-05-11,2021051105000960,NICLBSL,59,6,10,"1,798.00","17,980.00"
2021-05-11,2021051105000959,NICLBSL,59,58,10,"1,798.00","17,980.00"
2021-05-11,2021051105000958,NICLBSL,59,44,10,"1,798.00","17,980.00"
2021-05-11,2021051105000957,NICLBSL,59,51,10,"1,798.00","17,980.00"
2021-05-11,2021051105000956,NICLBSL,59,56,10,"1,797.00","17,970.00"
2021-05-11,2021051105000955,NICLBSL,59,8,10,"1,797.00","17,970.00"
2021-05-11,2021051105000967,NICLBSL,41,7,10,"1,799.00","17,990.00"
2021-05-11,2021051105000966,NICLBSL,41,40,10,"1,799.00","17,990.00"
2021-05-11,2021051105000965,NICLBSL,41,17,10,"1,798.00","17,980.00"
2021-05-11,2021051105000963,NICLBSL,41,58,10,"1,798.00","17,980.00"
2021-05-11,2021051105000962,NICLBSL,41,48,20,"1,798.00","35,960.00"
2021-05-11,2021051105000961,NICLBSL,59,48,180,"1,798.00","323,640.00"
2021-05-11,2021051105000981,NICLBSL,59,50,15,"1,799.00","26,985.00"
2021-05-11,2021051105000979,NICLBSL,59,56,10,"1,799.00","17,990.00"
2021-05-11,2021051105000978,NICLBSL,59,45,10,"1,799.00","17,990.00"
2021-05-11,2021051105000971,NICLBSL,59,26,10,"1,799.00","17,990.00"
2021-05-11,2021051105000970,NICLBSL,59,20,26,"1,799.00","46,774.00"
2021-05-11,2021051105000968,NICLBSL,41,20,50,"1,799.00","89,950.00"
2021-05-11,2021051105000994,NICLBSL,8,45,10,"1,795.00","17,950.00"
2021-05-11,2021051105000991,NICLBSL,8,28,10,"1,795.00","17,950.00"
2021-05-11,2021051105000989,NICLBSL,8,54,10,"1,795.00","17,950.00"
2021-05-11,2021051105000986,NICLBSL,8,38,90,"1,795.00","161,550.00"
2021-05-11,2021051105000985,NICLBSL,8,11,10,"1,795.00","17,950.00"
2021-05-11,2021051105000984,NICLBSL,59,18,29,"1,799.00","52,171.00"
2021-05-11,2021051105001012,NICLBSL,13,41,10,"1,795.00","17,950.00"
2021-05-11,2021051105001011,NICLBSL,13,56,10,"1,795.00","17,950.00"
2021-05-11,2021051105001007,NICLBSL,13,39,10,"1,795.00","17,950.00"
2021-05-11,2021051105001006,NICLBSL,13,6,10,"1,795.00","17,950.00"
2021-05-11,2021051105001005,NICLBSL,8,51,10,"1,795.00","17,950.00"
2021-05-11,2021051105001001,NICLBSL,8,56,10,"1,795.00","17,950.00"
2021-05-11,2021051105001021,NICLBSL,13,39,10,"1,795.00","17,950.00"
2021-05-11,2021051105001020,NICLBSL,22,28,10,"1,797.00","17,970.00"
2021-05-11,2021051105001019,NICLBSL,13,13,10,"1,795.00","17,950.00"
2021-05-11,2021051105001018,NICLBSL,13,45,10,"1,795.00","17,950.00"
2021-05-11,2021051105001017,NICLBSL,13,59,10,"1,795.00","17,950.00"
2021-05-11,2021051105001015,NICLBSL,13,1,10,"1,795.00","17,950.00"
2021-05-11,2021051105001028,NICLBSL,32,8,10,"1,793.00","17,930.00"
2021-05-11,2021051105001027,NICLBSL,16,38,10,"1,795.00","17,950.00"
2021-05-11,2021051105001026,NICLBSL,16,43,10,"1,795.00","17,950.00"
2021-05-11,2021051105001025,NICLBSL,16,8,20,"1,795.00","35,900.00"
2021-05-11,2021051105001023,NICLBSL,16,4,10,"1,795.00","17,950.00"
2021-05-11,2021051105001022,NICLBSL,13,59,10,"1,795.00","17,950.00"
2021-05-11,2021051105001038,NICLBSL,56,26,35,"1,793.00","62,755.00"
2021-05-11,2021051105001037,NICLBSL,56,32,10,"1,793.00","17,930.00"
2021-05-11,2021051105001032,NICLBSL,56,41,10,"1,793.00","17,930.00"
2021-05-11,2021051105001031,NICLBSL,32,44,15,"1,793.00","26,895.00"
2021-05-11,2021051105001030,NICLBSL,32,42,10,"1,793.00","17,930.00"
2021-05-11,2021051105001029,NICLBSL,32,8,10,"1,793.00","17,930.00"
2021-05-11,2021051105001045,NICLBSL,22,44,10,"1,792.00","17,920.00"
2021-05-11,2021051105001044,NICLBSL,22,42,20,"1,792.00","35,840.00"
2021-05-11,2021051105001043,NICLBSL,22,51,10,"1,792.00","17,920.00"
2021-05-11,2021051105001041,NICLBSL,22,22,10,"1,792.00","17,920.00"
2021-05-11,2021051105001040,NICLBSL,51,51,10,"1,793.00","17,930.00"
2021-05-11,2021051105001039,NICLBSL,32,26,5,"1,793.00","8,965.00"
2021-05-11,2021051105001051,NICLBSL,41,32,15,"1,795.00","26,925.00"
2021-05-11,2021051105001050,NICLBSL,41,41,40,"1,795.00","71,800.00"
2021-05-11,2021051105001049,NICLBSL,41,49,10,"1,795.00","17,950.00"
2021-05-11,2021051105001048,NICLBSL,42,26,10,"1,792.00","17,920.00"
2021-05-11,2021051105001047,NICLBSL,42,40,10,"1,792.00","17,920.00"
2021-05-11,2021051105001046,NICLBSL,42,44,30,"1,792.00","53,760.00"
2021-05-11,2021051105001057,NICLBSL,59,34,10,"1,791.00","17,910.00"
2021-05-11,2021051105001056,NICLBSL,42,51,10,"1,792.00","17,920.00"
2021-05-11,2021051105001055,NICLBSL,42,42,10,"1,792.00","17,920.00"
2021-05-11,2021051105001054,NICLBSL,42,39,10,"1,792.00","17,920.00"
2021-05-11,2021051105001053,NICLBSL,42,22,10,"1,792.00","17,920.00"
2021-05-11,2021051105001052,NICLBSL,42,51,10,"1,792.00","17,920.00"
2021-05-11,2021051105001069,NICLBSL,59,1,10,"1,791.00","17,910.00"
2021-05-11,2021051105001068,NICLBSL,59,34,10,"1,791.00","17,910.00"
2021-05-11,2021051105001067,NICLBSL,59,38,10,"1,791.00","17,910.00"
2021-05-11,2021051105001066,NICLBSL,59,34,10,"1,791.00","17,910.00"
2021-05-11,2021051105001061,NICLBSL,59,42,10,"1,791.00","17,910.00"
2021-05-11,2021051105001059,NICLBSL,59,53,10,"1,791.00","17,910.00"
2021-05-11,2021051105001078,NICLBSL,29,1,10,"1,791.00","17,910.00"
2021-05-11,2021051105001077,NICLBSL,29,34,10,"1,791.00","17,910.00"
2021-05-11,2021051105001074,NICLBSL,29,45,10,"1,791.00","17,910.00"
2021-05-11,2021051105001072,NICLBSL,59,39,10,"1,791.00","17,910.00"
2021-05-11,2021051105001071,NICLBSL,59,34,10,"1,791.00","17,910.00"
2021-05-11,2021051105001070,NICLBSL,59,1,10,"1,791.00","17,910.00"
2021-05-11,2021051105001085,NICLBSL,58,39,10,"1,791.00","17,910.00"
2021-05-11,2021051105001084,NICLBSL,58,39,10,"1,791.00","17,910.00"
2021-05-11,2021051105001083,NICLBSL,58,51,10,"1,791.00","17,910.00"
2021-05-11,2021051105001081,NICLBSL,35,59,10,"1,791.00","17,910.00"
2021-05-11,2021051105001080,NICLBSL,29,59,10,"1,791.00","17,910.00"
2021-05-11,2021051105001079,NICLBSL,29,40,10,"1,791.00","17,910.00"
2021-05-11,2021051105001101,NICLBSL,34,1,10,"1,791.00","17,910.00"
2021-05-11,2021051105001100,NICLBSL,34,10,10,"1,791.00","17,910.00"
2021-05-11,2021051105001099,NICLBSL,58,10,10,"1,792.00","17,920.00"
2021-05-11,2021051105001090,NICLBSL,52,1,10,"1,790.00","17,900.00"
2021-05-11,2021051105001089,NICLBSL,8,51,10,"1,792.00","17,920.00"
2021-05-11,2021051105001088,NICLBSL,18,46,10,"1,791.00","17,910.00"
2021-05-11,2021051105001109,NICLBSL,52,19,10,"1,790.00","17,900.00"
2021-05-11,2021051105001107,NICLBSL,52,19,10,"1,790.00","17,900.00"
2021-05-11,2021051105001105,NICLBSL,52,19,10,"1,790.00","17,900.00"
2021-05-11,2021051105001104,NICLBSL,52,39,10,"1,790.00","17,900.00"
2021-05-11,2021051105001103,NICLBSL,52,41,10,"1,790.00","17,900.00"
2021-05-11,2021051105001102,NICLBSL,34,58,10,"1,791.00","17,910.00"
2021-05-11,2021051105001115,NICLBSL,52,19,10,"1,790.00","17,900.00"
2021-05-11,2021051105001114,NICLBSL,52,43,10,"1,790.00","17,900.00"
2021-05-11,2021051105001113,NICLBSL,52,19,10,"1,790.00","17,900.00"
2021-05-11,2021051105001112,NICLBSL,42,41,10,"1,791.00","17,910.00"
2021-05-11,2021051105001111,NICLBSL,52,34,10,"1,790.00","17,900.00"
2021-05-11,2021051105001110,NICLBSL,52,49,150,"1,790.00","268,500.00"
2021-05-11,2021051105001016,RURU,16,14,10,662.00,"6,620.00"
2021-05-11,2021051105001013,RURU,16,32,10,662.00,"6,620.00"
2021-05-11,2021051105000906,RURU,16,49,10,662.00,"6,620.00"
2021-05-11,2021051105000792,RURU,16,43,10,662.00,"6,620.00"
2021-05-11,2021051105000750,RURU,16,38,10,662.00,"6,620.00"
2021-05-11,2021051105000741,RURU,16,16,10,662.00,"6,620.00"
2021-05-11,2021051105000735,RURU,16,41,10,662.00,"6,620.00"
2021-05-11,2021051105000620,MLBSL,35,41,10,"4,700.00","47,000.00"
2021-05-11,2021051105000618,MLBSL,43,46,10,"4,680.00","46,800.00"
2021-05-11,2021051105000617,MLBSL,43,28,10,"4,680.00","46,800.00"
2021-05-11,2021051105000616,MLBSL,43,5,10,"4,670.00","46,700.00"
2021-05-11,2021051105000615,MLBSL,35,59,10,"4,671.00","46,710.00"
2021-05-11,2021051105000612,MLBSL,22,17,10,"4,671.00","46,710.00"
2021-05-11,2021051105000131,MLBSL,56,58,10,"4,732.00","47,320.00"
2021-05-11,2021051105000127,MLBSL,28,45,10,"4,732.00","47,320.00"
2021-05-11,2021051105000126,MLBSL,28,42,10,"4,711.00","47,110.00"
2021-05-11,2021051105000159,MLBSL,58,4,10,"4,749.00","47,490.00"
2021-05-11,2021051105000142,MLBSL,56,1,10,"4,715.00","47,150.00"
2021-05-11,2021051105000140,MLBSL,56,45,10,"4,715.00","47,150.00"
2021-05-11,2021051105000139,MLBSL,4,17,10,"4,715.00","47,150.00"
2021-05-11,2021051105000133,MLBSL,28,46,10,"4,713.00","47,130.00"
2021-05-11,2021051105000132,MLBSL,44,38,10,"4,712.00","47,120.00"
2021-05-11,2021051105000184,MLBSL,45,42,10,"4,725.00","47,250.00"
2021-05-11,2021051105000179,MLBSL,28,8,10,"4,721.00","47,210.00"
2021-05-11,2021051105000176,MLBSL,28,58,10,"4,721.00","47,210.00"
2021-05-11,2021051105000166,MLBSL,47,46,10,"4,720.00","47,200.00"
2021-05-11,2021051105000161,MLBSL,10,56,10,"4,717.00","47,170.00"
2021-05-11,2021051105000160,MLBSL,14,58,10,"4,717.00","47,170.00"
2021-05-11,2021051105000198,MLBSL,47,51,10,"4,750.00","47,500.00"
2021-05-11,2021051105000194,MLBSL,50,58,10,"4,740.00","47,400.00"
2021-05-11,2021051105000192,MLBSL,56,28,10,"4,730.00","47,300.00"
2021-05-11,2021051105000189,MLBSL,56,32,10,"4,730.00","47,300.00"
2021-05-11,2021051105000188,MLBSL,28,11,10,"4,726.00","47,260.00"
2021-05-11,2021051105000187,MLBSL,28,58,10,"4,726.00","47,260.00"
2021-05-11,2021051105000210,MLBSL,50,42,10,"4,740.00","47,400.00"
2021-05-11,2021051105000208,MLBSL,50,40,10,"4,740.00","47,400.00"
2021-05-11,2021051105000202,MLBSL,38,58,10,"4,750.00","47,500.00"
2021-05-11,2021051105000201,MLBSL,38,42,10,"4,750.00","47,500.00"
2021-05-11,2021051105000200,MLBSL,47,48,10,"4,750.00","47,500.00"
2021-05-11,2021051105000199,MLBSL,47,51,10,"4,750.00","47,500.00"
2021-05-11,2021051105000229,MLBSL,32,38,10,"4,740.00","47,400.00"
2021-05-11,2021051105000224,MLBSL,38,22,10,"4,740.00","47,400.00"
2021-05-11,2021051105000223,MLBSL,38,6,10,"4,740.00","47,400.00"
2021-05-11,2021051105000222,MLBSL,6,39,10,"4,741.00","47,410.00"
2021-05-11,2021051105000221,MLBSL,59,52,10,"4,741.00","47,410.00"
2021-05-11,2021051105000216,MLBSL,50,13,10,"4,740.00","47,400.00"
2021-05-11,2021051105000249,MLBSL,41,26,10,"4,740.00","47,400.00"
2021-05-11,2021051105000248,MLBSL,41,33,10,"4,740.00","47,400.00"
2021-05-11,2021051105000243,MLBSL,58,38,10,"4,740.00","47,400.00"
2021-05-11,2021051105000242,MLBSL,58,54,10,"4,740.00","47,400.00"
2021-05-11,2021051105000241,MLBSL,58,42,10,"4,740.00","47,400.00"
2021-05-11,2021051105000230,MLBSL,32,58,10,"4,740.00","47,400.00"
2021-05-11,2021051105000266,MLBSL,26,14,10,"4,740.00","47,400.00"
2021-05-11,2021051105000264,MLBSL,11,13,10,"4,740.00","47,400.00"
2021-05-11,2021051105000263,MLBSL,11,6,10,"4,740.00","47,400.00"
2021-05-11,2021051105000257,MLBSL,41,22,10,"4,742.00","47,420.00"
2021-05-11,2021051105000253,MLBSL,41,49,10,"4,742.00","47,420.00"
2021-05-11,2021051105000250,MLBSL,41,28,10,"4,742.00","47,420.00"
2021-05-11,2021051105000276,MLBSL,22,39,10,"4,726.00","47,260.00"
2021-05-11,2021051105000275,MLBSL,41,6,10,"4,740.00","47,400.00"
2021-05-11,2021051105000273,MLBSL,26,58,10,"4,740.00","47,400.00"
2021-05-11,2021051105000270,MLBSL,26,49,10,"4,740.00","47,400.00"
2021-05-11,2021051105000269,MLBSL,26,22,10,"4,740.00","47,400.00"
2021-05-11,2021051105000267,MLBSL,26,57,10,"4,740.00","47,400.00"
2021-05-11,2021051105000297,MLBSL,22,1,10,"4,726.00","47,260.00"
2021-05-11,2021051105000296,MLBSL,56,52,10,"4,740.00","47,400.00"
2021-05-11,2021051105000291,MLBSL,41,44,10,"4,740.00","47,400.00"
2021-05-11,2021051105000288,MLBSL,29,44,90,"4,740.00","426,600.00"
2021-05-11,2021051105000287,MLBSL,29,57,10,"4,740.00","47,400.00"
2021-05-11,2021051105000277,MLBSL,58,58,10,"4,740.00","47,400.00"
2021-05-11,2021051105000321,MLBSL,45,48,10,"4,725.00","47,250.00"
2021-05-11,2021051105000315,MLBSL,38,55,10,"4,740.00","47,400.00"
2021-05-11,2021051105000312,MLBSL,45,45,10,"4,725.00","47,250.00"
2021-05-11,2021051105000306,MLBSL,22,21,10,"4,726.00","47,260.00"
2021-05-11,2021051105000304,MLBSL,22,34,10,"4,726.00","47,260.00"
2021-05-11,2021051105000303,MLBSL,22,5,10,"4,726.00","47,260.00"
2021-05-11,2021051105000330,MLBSL,44,38,10,"4,718.00","47,180.00"
2021-05-11,2021051105000329,MLBSL,53,16,10,"4,720.00","47,200.00"
2021-05-11,2021051105000328,MLBSL,28,58,10,"4,720.00","47,200.00"
2021-05-11,2021051105000326,MLBSL,47,21,10,"4,720.00","47,200.00"
2021-05-11,2021051105000323,MLBSL,45,45,10,"4,725.00","47,250.00"
2021-05-11,2021051105000322,MLBSL,45,54,10,"4,725.00","47,250.00"
2021-05-11,2021051105000345,MLBSL,44,57,50,"4,715.00","235,750.00"
2021-05-11,2021051105000344,MLBSL,44,57,30,"4,718.00","141,540.00"
2021-05-11,2021051105000343,MLBSL,50,57,20,"4,720.00","94,400.00"
2021-05-11,2021051105000340,MLBSL,59,34,10,"4,730.00","47,300.00"
2021-05-11,2021051105000336,MLBSL,59,26,10,"4,730.00","47,300.00"
2021-05-11,2021051105000334,MLBSL,50,46,10,"4,720.00","47,200.00"
2021-05-11,2021051105000360,MLBSL,58,13,10,"4,700.00","47,000.00"
2021-05-11,2021051105000359,MLBSL,11,13,40,"4,710.00","188,400.00"
2021-05-11,2021051105000358,MLBSL,34,13,10,"4,710.00","47,100.00"
2021-05-11,2021051105000357,MLBSL,34,13,10,"4,712.00","47,120.00"
2021-05-11,2021051105000352,MLBSL,34,37,10,"4,712.00","47,120.00"
2021-05-11,2021051105000346,MLBSL,34,47,10,"4,712.00","47,120.00"
2021-05-11,2021051105000366,MLBSL,16,49,10,"4,700.00","47,000.00"
2021-05-11,2021051105000365,MLBSL,16,13,40,"4,700.00","188,000.00"
2021-05-11,2021051105000364,MLBSL,39,13,100,"4,700.00","470,000.00"
2021-05-11,2021051105000363,MLBSL,14,13,10,"4,700.00","47,000.00"
2021-05-11,2021051105000362,MLBSL,14,13,10,"4,700.00","47,000.00"
2021-05-11,2021051105000361,MLBSL,43,13,300,"4,700.00","1,410,000.00"
2021-05-11,2021051105000372,MLBSL,45,28,20,"4,700.00","94,000.00"
2021-05-11,2021051105000371,MLBSL,45,29,10,"4,700.00","47,000.00"
2021-05-11,2021051105000370,MLBSL,45,58,10,"4,700.00","47,000.00"
2021-05-11,2021051105000369,MLBSL,45,33,10,"4,700.00","47,000.00"
2021-05-11,2021051105000368,MLBSL,29,33,40,"4,700.00","188,000.00"
2021-05-11,2021051105000367,MLBSL,29,29,10,"4,700.00","47,000.00"
2021-05-11,2021051105000383,MLBSL,14,8,10,"4,701.00","47,010.00"
2021-05-11,2021051105000381,MLBSL,14,29,10,"4,701.00","47,010.00"
2021-05-11,2021051105000380,MLBSL,14,38,30,"4,701.00","141,030.00"
2021-05-11,2021051105000378,MLBSL,14,32,10,"4,700.00","47,000.00"
2021-05-11,2021051105000377,MLBSL,14,29,10,"4,700.00","47,000.00"
2021-05-11,2021051105000373,MLBSL,59,13,100,"4,699.00","469,900.00"
2021-05-11,2021051105000404,MLBSL,1,6,10,"4,690.00","46,900.00"
2021-05-11,2021051105000400,MLBSL,59,17,10,"4,650.00","46,500.00"
2021-05-11,2021051105000398,MLBSL,1,52,10,"4,690.00","46,900.00"
2021-05-11,2021051105000396,MLBSL,1,50,10,"4,690.00","46,900.00"
2021-05-11,2021051105000393,MLBSL,14,33,20,"4,701.00","94,020.00"
2021-05-11,2021051105000388,MLBSL,14,32,10,"4,701.00","47,010.00"
2021-05-11,2021051105000421,MLBSL,29,51,10,"4,670.00","46,700.00"
2021-05-11,2021051105000420,MLBSL,43,11,10,"4,670.00","46,700.00"
2021-05-11,2021051105000413,MLBSL,43,56,10,"4,670.00","46,700.00"
2021-05-11,2021051105000409,MLBSL,59,21,10,"4,650.00","46,500.00"
2021-05-11,2021051105000406,MLBSL,1,37,10,"4,699.00","46,990.00"
2021-05-11,2021051105000405,MLBSL,5,34,10,"4,670.00","46,700.00"
2021-05-11,2021051105000434,MLBSL,43,58,10,"4,700.00","47,000.00"
2021-05-11,2021051105000433,MLBSL,43,21,10,"4,700.00","47,000.00"
2021-05-11,2021051105000432,MLBSL,29,6,10,"4,670.00","46,700.00"
2021-05-11,2021051105000431,MLBSL,29,58,10,"4,670.00","46,700.00"
2021-05-11,2021051105000423,MLBSL,29,29,10,"4,670.00","46,700.00"
2021-05-11,2021051105000422,MLBSL,29,51,10,"4,670.00","46,700.00"
2021-05-11,2021051105000442,MLBSL,34,17,10,"4,671.00","46,710.00"
2021-05-11,2021051105000440,MLBSL,34,52,10,"4,671.00","46,710.00"
2021-05-11,2021051105000438,MLBSL,43,58,10,"4,700.00","47,000.00"
2021-05-11,2021051105000437,MLBSL,43,34,10,"4,700.00","47,000.00"
2021-05-11,2021051105000436,MLBSL,43,45,10,"4,700.00","47,000.00"
2021-05-11,2021051105000435,MLBSL,43,45,10,"4,700.00","47,000.00"
2021-05-11,2021051105000460,MLBSL,53,39,10,"4,690.00","46,900.00"
2021-05-11,2021051105000459,MLBSL,34,58,10,"4,677.00","46,770.00"
2021-05-11,2021051105000456,MLBSL,53,41,10,"4,700.00","47,000.00"
2021-05-11,2021051105000455,MLBSL,53,41,10,"4,700.00","47,000.00"
2021-05-11,2021051105000445,MLBSL,58,45,10,"4,700.00","47,000.00"
2021-05-11,2021051105000444,MLBSL,34,6,10,"4,671.00","46,710.00"
2021-05-11,2021051105000481,MLBSL,53,35,10,"4,691.00","46,910.00"
2021-05-11,2021051105000480,MLBSL,45,21,10,"4,690.00","46,900.00"
2021-05-11,2021051105000479,MLBSL,43,51,10,"4,698.00","46,980.00"
2021-05-11,2021051105000477,MLBSL,38,48,10,"4,691.00","46,910.00"
2021-05-11,2021051105000473,MLBSL,45,45,10,"4,690.00","46,900.00"
2021-05-11,2021051105000461,MLBSL,45,59,10,"4,702.00","47,020.00"
2021-05-11,2021051105000503,MLBSL,20,1,10,"4,712.00","47,120.00"
2021-05-11,2021051105000495,MLBSL,20,49,10,"4,712.00","47,120.00"
2021-05-11,2021051105000494,MLBSL,20,47,10,"4,712.00","47,120.00"
2021-05-11,2021051105000493,MLBSL,20,41,10,"4,712.00","47,120.00"
2021-05-11,2021051105000489,MLBSL,20,38,10,"4,710.00","47,100.00"
2021-05-11,2021051105000482,MLBSL,45,52,10,"4,690.00","46,900.00"
2021-05-11,2021051105000525,MLBSL,56,43,15,"4,720.00","70,800.00"
2021-05-11,2021051105000519,MLBSL,34,49,10,"4,700.00","47,000.00"
2021-05-11,2021051105000511,MLBSL,34,35,10,"4,700.00","47,000.00"
2021-05-11,2021051105000510,MLBSL,26,1,10,"4,712.00","47,120.00"
2021-05-11,2021051105000509,MLBSL,56,38,10,"4,720.00","47,200.00"
2021-05-11,2021051105000506,MLBSL,34,35,10,"4,700.00","47,000.00"
2021-05-11,2021051105000539,MLBSL,45,21,10,"4,690.00","46,900.00"
2021-05-11,2021051105000537,MLBSL,26,42,10,"4,700.00","47,000.00"
2021-05-11,2021051105000532,MLBSL,21,49,10,"4,700.00","47,000.00"
2021-05-11,2021051105000531,MLBSL,21,1,10,"4,700.00","47,000.00"
2021-05-11,2021051105000528,MLBSL,34,51,10,"4,700.00","47,000.00"
2021-05-11,2021051105000526,MLBSL,34,35,10,"4,700.00","47,000.00"
2021-05-11,2021051105000564,MLBSL,42,35,10,"4,686.00","46,860.00"
2021-05-11,2021051105000562,MLBSL,49,49,10,"4,685.00","46,850.00"
2021-05-11,2021051105000560,MLBSL,49,22,10,"4,685.00","46,850.00"
2021-05-11,2021051105000555,MLBSL,53,48,10,"4,686.00","46,860.00"
2021-05-11,2021051105000547,MLBSL,26,37,10,"4,690.00","46,900.00"
2021-05-11,2021051105000545,MLBSL,45,47,10,"4,690.00","46,900.00"
2021-05-11,2021051105000583,MLBSL,56,52,10,"4,672.00","46,720.00"
2021-05-11,2021051105000579,MLBSL,56,26,10,"4,672.00","46,720.00"
2021-05-11,2021051105000574,MLBSL,56,52,10,"4,672.00","46,720.00"
2021-05-11,2021051105000572,MLBSL,26,28,10,"4,685.00","46,850.00"
2021-05-11,2021051105000570,MLBSL,49,54,10,"4,685.00","46,850.00"
2021-05-11,2021051105000569,MLBSL,34,14,10,"4,690.00","46,900.00"
2021-05-11,2021051105000610,MLBSL,32,32,10,"4,675.00","46,750.00"
2021-05-11,2021051105000604,MLBSL,43,4,10,"4,670.00","46,700.00"
2021-05-11,2021051105000598,MLBSL,43,49,10,"4,670.00","46,700.00"
2021-05-11,2021051105000593,MLBSL,43,58,10,"4,670.00","46,700.00"
2021-05-11,2021051105000591,MLBSL,50,52,10,"4,672.00","46,720.00"
2021-05-11,2021051105000584,MLBSL,50,52,10,"4,672.00","46,720.00"
2021-05-11,2021051105000624,NICLBSL,48,42,10,"1,796.00","17,960.00"
2021-05-11,2021051105000623,NICLBSL,48,14,110,"1,796.00","197,560.00"
2021-05-11,2021051105000622,NICLBSL,48,38,10,"1,795.00","17,950.00"
2021-05-11,2021051105000621,NICLBSL,26,42,10,"1,794.00","17,940.00"
2021-05-11,2021051105000619,NICLBSL,26,37,10,"1,794.00","17,940.00"
2021-05-11,2021051105000614,NICLBSL,26,49,10,"1,794.00","17,940.00"
2021-05-11,2021051105000130,NICLBSL,57,39,10,"1,781.00","17,810.00"
2021-05-11,2021051105000128,NICLBSL,17,42,10,"1,790.00","17,900.00"
2021-05-11,2021051105000125,NICLBSL,57,39,10,"1,781.00","17,810.00"
2021-05-11,2021051105000143,NICLBSL,57,17,10,"1,786.00","17,860.00"
2021-05-11,2021051105000141,NICLBSL,57,17,10,"1,786.00","17,860.00"
2021-05-11,2021051105000138,NICLBSL,57,39,10,"1,786.00","17,860.00"
2021-05-11,2021051105000137,NICLBSL,44,39,10,"1,785.00","17,850.00"
2021-05-11,2021051105000135,NICLBSL,44,5,10,"1,785.00","17,850.00"
2021-05-11,2021051105000134,NICLBSL,44,1,10,"1,785.00","17,850.00"
2021-05-11,2021051105000149,NICLBSL,14,41,10,"1,800.00","18,000.00"
2021-05-11,2021051105000148,NICLBSL,14,57,20,"1,800.00","36,000.00"
2021-05-11,2021051105000147,NICLBSL,14,56,20,"1,799.00","35,980.00"
2021-05-11,2021051105000146,NICLBSL,14,21,10,"1,798.00","17,980.00"
2021-05-11,2021051105000145,NICLBSL,14,17,200,"1,798.00","359,600.00"
2021-05-11,2021051105000144,NICLBSL,14,35,10,"1,795.00","17,950.00"
2021-05-11,2021051105000155,NICLBSL,14,34,10,"1,800.00","18,000.00"
2021-05-11,2021051105000154,NICLBSL,14,44,10,"1,800.00","18,000.00"
2021-05-11,2021051105000153,NICLBSL,14,44,15,"1,800.00","27,000.00"
2021-05-11,2021051105000152,NICLBSL,14,17,10,"1,800.00","18,000.00"
2021-05-11,2021051105000151,NICLBSL,14,14,10,"1,800.00","18,000.00"
2021-05-11,2021051105000150,NICLBSL,14,59,18,"1,800.00","32,400.00"
2021-05-11,2021051105000164,NICLBSL,14,40,10,"1,800.00","18,000.00"
2021-05-11,2021051105000163,NICLBSL,14,59,20,"1,800.00","36,000.00"
2021-05-11,2021051105000162,NICLBSL,35,39,100,"1,805.00","180,500.00"
2021-05-11,2021051105000158,NICLBSL,14,34,20,"1,800.00","36,000.00"
2021-05-11,2021051105000157,NICLBSL,14,50,10,"1,800.00","18,000.00"
2021-05-11,2021051105000156,NICLBSL,14,35,10,"1,800.00","18,000.00"
2021-05-11,2021051105000172,NICLBSL,14,50,10,"1,800.00","18,000.00"
2021-05-11,2021051105000171,NICLBSL,14,41,20,"1,800.00","36,000.00"
2021-05-11,2021051105000170,NICLBSL,44,16,11,"1,804.00","19,844.00"
2021-05-11,2021051105000168,NICLBSL,14,39,10,"1,800.00","18,000.00"
2021-05-11,2021051105000167,NICLBSL,14,53,10,"1,800.00","18,000.00"
2021-05-11,2021051105000165,NICLBSL,14,39,10,"1,800.00","18,000.00"
2021-05-11,2021051105000181,NICLBSL,3,39,20,"1,800.00","36,000.00"
2021-05-11,2021051105000180,NICLBSL,41,58,10,"1,800.00","18,000.00"
2021-05-11,2021051105000177,NICLBSL,41,39,10,"1,800.00","18,000.00"
2021-05-11,2021051105000175,NICLBSL,41,5,30,"1,800.00","54,000.00"
2021-05-11,2021051105000174,NICLBSL,14,58,10,"1,800.00","18,000.00"
2021-05-11,2021051105000173,NICLBSL,14,39,10,"1,800.00","18,000.00"
2021-05-11,2021051105000191,NICLBSL,49,28,10,"1,799.00","17,990.00"
2021-05-11,2021051105000190,NICLBSL,16,39,10,"1,798.00","17,980.00"
2021-05-11,2021051105000186,NICLBSL,21,26,20,"1,800.00","36,000.00"
2021-05-11,2021051105000185,NICLBSL,21,39,10,"1,800.00","18,000.00"
2021-05-11,2021051105000183,NICLBSL,21,48,20,"1,800.00","36,000.00"
2021-05-11,2021051105000182,NICLBSL,3,48,80,"1,800.00","144,000.00"
2021-05-11,2021051105000205,NICLBSL,16,5,10,"1,795.00","17,950.00"
2021-05-11,2021051105000203,NICLBSL,16,25,10,"1,795.00","17,950.00"
2021-05-11,2021051105000197,NICLBSL,29,39,20,"1,790.00","35,800.00"
2021-05-11,2021051105000196,NICLBSL,45,28,20,"1,799.00","35,980.00"
2021-05-11,2021051105000195,NICLBSL,29,39,10,"1,790.00","17,900.00"
2021-05-11,2021051105000193,NICLBSL,16,21,10,"1,798.00","17,980.00"
2021-05-11,2021051105000213,NICLBSL,16,58,10,"1,795.00","17,950.00"
2021-05-11,2021051105000212,NICLBSL,16,42,10,"1,795.00","17,950.00"
2021-05-11,2021051105000211,NICLBSL,16,45,20,"1,795.00","35,900.00"
2021-05-11,2021051105000209,NICLBSL,45,28,30,"1,796.00","53,880.00"
2021-05-11,2021051105000207,NICLBSL,53,28,10,"1,798.00","17,980.00"
2021-05-11,2021051105000206,NICLBSL,16,28,20,"1,798.00","35,960.00"
2021-05-11,2021051105000220,NICLBSL,53,56,20,"1,799.00","35,980.00"
2021-05-11,2021051105000219,NICLBSL,53,28,30,"1,799.00","53,970.00"
2021-05-11,2021051105000218,NICLBSL,53,35,10,"1,799.00","17,990.00"
2021-05-11,2021051105000217,NICLBSL,53,26,25,"1,799.00","44,975.00"
2021-05-11,2021051105000215,NICLBSL,19,59,10,"1,798.00","17,980.00"
2021-05-11,2021051105000214,NICLBSL,19,40,10,"1,798.00","17,980.00"
2021-05-11,2021051105000232,NICLBSL,35,58,10,"1,799.00","17,990.00"
2021-05-11,2021051105000231,NICLBSL,35,40,10,"1,798.00","17,980.00"
2021-05-11,2021051105000228,NICLBSL,34,5,20,"1,791.00","35,820.00"
2021-05-11,2021051105000227,NICLBSL,18,45,10,"1,792.00","17,920.00"
2021-05-11,2021051105000226,NICLBSL,34,58,40,"1,791.00","71,640.00"
2021-05-11,2021051105000225,NICLBSL,34,49,10,"1,791.00","17,910.00"
2021-05-11,2021051105000247,NICLBSL,48,28,10,"1,792.00","17,920.00"
2021-05-11,2021051105000246,NICLBSL,48,5,10,"1,792.00","17,920.00"
2021-05-11,2021051105000240,NICLBSL,58,58,10,"1,791.00","17,910.00"
2021-05-11,2021051105000238,NICLBSL,34,57,10,"1,791.00","17,910.00"
2021-05-11,2021051105000237,NICLBSL,34,29,10,"1,791.00","17,910.00"
2021-05-11,2021051105000233,NICLBSL,34,58,10,"1,791.00","17,910.00"
2021-05-11,2021051105000259,NICLBSL,49,40,10,"1,792.00","17,920.00"
2021-05-11,2021051105000258,NICLBSL,49,40,10,"1,792.00","17,920.00"
2021-05-11,2021051105000256,NICLBSL,25,58,20,"1,791.00","35,820.00"
2021-05-11,2021051105000255,NICLBSL,58,58,10,"1,791.00","17,910.00"
2021-05-11,2021051105000252,NICLBSL,58,26,10,"1,791.00","17,910.00"
2021-05-11,2021051105000251,NICLBSL,58,58,20,"1,791.00","35,820.00"
2021-05-11,2021051105000271,NICLBSL,49,21,10,"1,786.00","17,860.00"
2021-05-11,2021051105000268,NICLBSL,22,29,10,"1,790.00","17,900.00"
2021-05-11,2021051105000265,NICLBSL,22,28,10,"1,790.00","17,900.00"
2021-05-11,2021051105000262,NICLBSL,49,18,10,"1,790.00","17,900.00"
2021-05-11,2021051105000261,NICLBSL,29,50,10,"1,790.00","17,900.00"
2021-05-11,2021051105000260,NICLBSL,29,56,60,"1,790.00","107,400.00"
2021-05-11,2021051105000281,NICLBSL,49,1,10,"1,786.00","17,860.00"
2021-05-11,2021051105000280,NICLBSL,49,28,10,"1,786.00","17,860.00"
2021-05-11,2021051105000279,NICLBSL,49,16,10,"1,786.00","17,860.00"
2021-05-11,2021051105000278,NICLBSL,49,26,10,"1,786.00","17,860.00"
2021-05-11,2021051105000274,NICLBSL,49,5,10,"1,786.00","17,860.00"
2021-05-11,2021051105000272,NICLBSL,49,51,10,"1,786.00","17,860.00"
2021-05-11,2021051105000290,NICLBSL,45,51,10,"1,787.00","17,870.00"
2021-05-11,2021051105000289,NICLBSL,45,5,10,"1,787.00","17,870.00"
2021-05-11,2021051105000285,NICLBSL,49,58,10,"1,786.00","17,860.00"
2021-05-11,2021051105000284,NICLBSL,49,5,10,"1,786.00","17,860.00"
2021-05-11,2021051105000283,NICLBSL,49,38,100,"1,786.00","178,600.00"
2021-05-11,2021051105000282,NICLBSL,49,58,10,"1,786.00","17,860.00"
2021-05-11,2021051105000299,NICLBSL,3,47,10,"1,786.00","17,860.00"
2021-05-11,2021051105000298,NICLBSL,3,26,10,"1,786.00","17,860.00"
2021-05-11,2021051105000295,NICLBSL,40,28,10,"1,786.00","17,860.00"
2021-05-11,2021051105000294,NICLBSL,40,48,10,"1,786.00","17,860.00"
2021-05-11,2021051105000293,NICLBSL,45,5,10,"1,787.00","17,870.00"
2021-05-11,2021051105000292,NICLBSL,45,58,20,"1,787.00","35,740.00"
2021-05-11,2021051105000308,NICLBSL,58,48,10,"1,786.00","17,860.00"
2021-05-11,2021051105000307,NICLBSL,58,17,10,"1,786.00","17,860.00"
2021-05-11,2021051105000305,NICLBSL,49,38,10,"1,785.00","17,850.00"
2021-05-11,2021051105000302,NICLBSL,3,59,10,"1,786.00","17,860.00"
2021-05-11,2021051105000301,NICLBSL,3,48,10,"1,786.00","17,860.00"
2021-05-11,2021051105000300,NICLBSL,3,5,10,"1,786.00","17,860.00"
2021-05-11,2021051105000317,NICLBSL,49,35,10,"1,785.00","17,850.00"
2021-05-11,2021051105000314,NICLBSL,49,48,10,"1,785.00","17,850.00"
2021-05-11,2021051105000313,NICLBSL,49,26,10,"1,785.00","17,850.00"
2021-05-11,2021051105000311,NICLBSL,58,5,10,"1,786.00","17,860.00"
2021-05-11,2021051105000310,NICLBSL,58,26,10,"1,786.00","17,860.00"
2021-05-11,2021051105000309,NICLBSL,58,26,10,"1,786.00","17,860.00"
2021-05-11,2021051105000327,NICLBSL,1,42,10,"1,785.00","17,850.00"
2021-05-11,2021051105000325,NICLBSL,1,14,10,"1,785.00","17,850.00"
2021-05-11,2021051105000324,NICLBSL,1,1,10,"1,785.00","17,850.00"
2021-05-11,2021051105000320,NICLBSL,1,5,10,"1,785.00","17,850.00"
2021-05-11,2021051105000319,NICLBSL,1,5,10,"1,785.00","17,850.00"
2021-05-11,2021051105000318,NICLBSL,1,35,10,"1,785.00","17,850.00"
2021-05-11,2021051105000339,NICLBSL,1,56,10,"1,785.00","17,850.00"
2021-05-11,2021051105000338,NICLBSL,1,38,20,"1,785.00","35,700.00"
2021-05-11,2021051105000337,NICLBSL,1,26,10,"1,785.00","17,850.00"
2021-05-11,2021051105000335,NICLBSL,1,41,10,"1,785.00","17,850.00"
2021-05-11,2021051105000333,NICLBSL,1,26,10,"1,785.00","17,850.00"
2021-05-11,2021051105000332,NICLBSL,1,38,10,"1,785.00","17,850.00"
2021-05-11,2021051105000351,NICLBSL,50,43,20,"1,786.00","35,720.00"
2021-05-11,2021051105000350,NICLBSL,1,7,28,"1,785.00","49,980.00"
2021-05-11,2021051105000349,NICLBSL,22,7,30,"1,786.00","53,580.00"
2021-05-11,2021051105000348,NICLBSL,1,26,10,"1,785.00","17,850.00"
2021-05-11,2021051105000342,NICLBSL,1,45,10,"1,785.00","17,850.00"
2021-05-11,2021051105000341,NICLBSL,1,34,50,"1,785.00","89,250.00"
2021-05-11,2021051105000375,NICLBSL,58,42,28,"1,786.00","50,008.00"
2021-05-11,2021051105000374,NICLBSL,58,36,10,"1,785.00","17,850.00"
2021-05-11,2021051105000356,NICLBSL,1,35,10,"1,785.00","17,850.00"
2021-05-11,2021051105000355,NICLBSL,1,40,10,"1,785.00","17,850.00"
2021-05-11,2021051105000354,NICLBSL,1,49,180,"1,785.00","321,300.00"
2021-05-11,2021051105000353,NICLBSL,1,14,10,"1,785.00","17,850.00"
2021-05-11,2021051105000386,NICLBSL,28,26,10,"1,787.00","17,870.00"
2021-05-11,2021051105000385,NICLBSL,28,42,10,"1,786.00","17,860.00"
2021-05-11,2021051105000384,NICLBSL,28,42,10,"1,786.00","17,860.00"
2021-05-11,2021051105000382,NICLBSL,1,38,10,"1,785.00","17,850.00"
2021-05-11,2021051105000379,NICLBSL,1,37,31,"1,785.00","55,335.00"
2021-05-11,2021051105000376,NICLBSL,58,32,12,"1,786.00","21,432.00"
2021-05-11,2021051105000395,NICLBSL,35,56,10,"1,784.00","17,840.00"
2021-05-11,2021051105000394,NICLBSL,42,45,10,"1,785.00","17,850.00"
2021-05-11,2021051105000392,NICLBSL,1,28,10,"1,785.00","17,850.00"
2021-05-11,2021051105000390,NICLBSL,1,38,10,"1,785.00","17,850.00"
2021-05-11,2021051105000389,NICLBSL,28,58,10,"1,787.00","17,870.00"
2021-05-11,2021051105000387,NICLBSL,28,26,10,"1,787.00","17,870.00"
2021-05-11,2021051105000408,NICLBSL,39,6,10,"1,785.00","17,850.00"
2021-05-11,2021051105000407,NICLBSL,39,6,10,"1,785.00","17,850.00"
2021-05-11,2021051105000403,NICLBSL,21,6,40,"1,785.00","71,400.00"
2021-05-11,2021051105000402,NICLBSL,21,14,10,"1,785.00","17,850.00"
2021-05-11,2021051105000401,NICLBSL,38,57,10,"1,785.00","17,850.00"
2021-05-11,2021051105000397,NICLBSL,45,41,10,"1,785.00","17,850.00"
2021-05-11,2021051105000416,NICLBSL,42,6,10,"1,788.00","17,880.00"
2021-05-11,2021051105000415,NICLBSL,42,20,10,"1,786.00","17,860.00"
2021-05-11,2021051105000414,NICLBSL,42,42,10,"1,786.00","17,860.00"
2021-05-11,2021051105000412,NICLBSL,59,11,20,"1,785.00","35,700.00"
2021-05-11,2021051105000411,NICLBSL,59,5,10,"1,785.00","17,850.00"
2021-05-11,2021051105000410,NICLBSL,59,6,50,"1,785.00","89,250.00"
2021-05-11,2021051105000427,NICLBSL,58,35,25,"1,790.00","44,750.00"
2021-05-11,2021051105000426,NICLBSL,58,11,10,"1,790.00","17,900.00"
2021-05-11,2021051105000425,NICLBSL,58,33,20,"1,790.00","35,800.00"
2021-05-11,2021051105000419,NICLBSL,42,45,100,"1,789.00","178,900.00"
2021-05-11,2021051105000418,NICLBSL,42,14,100,"1,789.00","178,900.00"
2021-05-11,2021051105000417,NICLBSL,42,37,20,"1,788.00","35,760.00"
2021-05-11,2021051105000443,NICLBSL,59,52,20,"1,785.00","35,700.00"
2021-05-11,2021051105000441,NICLBSL,45,17,100,"1,790.00","179,000.00"
2021-05-11,2021051105000439,NICLBSL,41,17,20,"1,790.00","35,800.00"
2021-05-11,2021051105000430,NICLBSL,58,17,105,"1,790.00","187,950.00"
2021-05-11,2021051105000429,NICLBSL,58,5,10,"1,790.00","17,900.00"
2021-05-11,2021051105000428,NICLBSL,58,45,10,"1,790.00","17,900.00"
2021-05-11,2021051105000451,NICLBSL,35,42,10,"1,790.00","17,900.00"
2021-05-11,2021051105000450,NICLBSL,35,1,15,"1,790.00","26,850.00"
2021-05-11,2021051105000449,NICLBSL,35,48,10,"1,790.00","17,900.00"
2021-05-11,2021051105000448,NICLBSL,35,41,10,"1,790.00","17,900.00"
2021-05-11,2021051105000447,NICLBSL,35,17,25,"1,790.00","44,750.00"
2021-05-11,2021051105000446,NICLBSL,35,21,10,"1,788.00","17,880.00"
2021-05-11,2021051105000462,NICLBSL,35,35,20,"1,790.00","35,800.00"
2021-05-11,2021051105000458,NICLBSL,35,35,10,"1,790.00","17,900.00"
2021-05-11,2021051105000457,NICLBSL,35,51,10,"1,790.00","17,900.00"
2021-05-11,2021051105000454,NICLBSL,35,45,10,"1,790.00","17,900.00"
2021-05-11,2021051105000453,NICLBSL,35,28,10,"1,790.00","17,900.00"
2021-05-11,2021051105000452,NICLBSL,35,32,10,"1,790.00","17,900.00"
2021-05-11,2021051105000469,NICLBSL,38,14,50,"1,795.00","89,750.00"
2021-05-11,2021051105000468,NICLBSL,38,19,35,"1,795.00","62,825.00"
2021-05-11,2021051105000467,NICLBSL,42,57,10,"1,794.00","17,940.00"
2021-05-11,2021051105000466,NICLBSL,35,35,10,"1,790.00","17,900.00"
2021-05-11,2021051105000465,NICLBSL,38,14,100,"1,794.00","179,400.00"
2021-05-11,2021051105000464,NICLBSL,38,57,10,"1,794.00","17,940.00"
2021-05-11,2021051105000476,NICLBSL,38,43,270,"1,799.00","485,730.00"
2021-05-11,2021051105000475,NICLBSL,38,58,30,"1,798.00","53,940.00"
2021-05-11,2021051105000474,NICLBSL,42,53,11,"1,794.00","19,734.00"
2021-05-11,2021051105000472,NICLBSL,42,8,10,"1,794.00","17,940.00"
2021-05-11,2021051105000471,NICLBSL,38,45,10,"1,795.00","17,950.00"
2021-05-11,2021051105000470,NICLBSL,38,38,10,"1,795.00","17,950.00"
2021-05-11,2021051105000487,NICLBSL,38,58,10,"1,797.00","17,970.00"
2021-05-11,2021051105000486,NICLBSL,38,22,22,"1,796.00","39,512.00"
2021-05-11,2021051105000485,NICLBSL,38,29,10,"1,795.00","17,950.00"
2021-05-11,2021051105000484,NICLBSL,38,51,10,"1,795.00","17,950.00"
2021-05-11,2021051105000483,NICLBSL,42,36,10,"1,794.00","17,940.00"
2021-05-11,2021051105000478,NICLBSL,57,43,200,"1,799.00","359,800.00"
2021-05-11,2021051105000497,NICLBSL,48,52,10,"1,796.00","17,960.00"
2021-05-11,2021051105000496,NICLBSL,48,37,31,"1,796.00","55,676.00"
2021-05-11,2021051105000492,NICLBSL,37,43,22,"1,799.00","39,578.00"
2021-05-11,2021051105000491,NICLBSL,37,57,20,"1,795.00","35,900.00"
2021-05-11,2021051105000490,NICLBSL,6,52,10,"1,795.00","17,950.00"
2021-05-11,2021051105000488,NICLBSL,38,43,158,"1,799.00","284,242.00"
2021-05-11,2021051105000504,NICLBSL,48,37,10,"1,796.00","17,960.00"
2021-05-11,2021051105000502,NICLBSL,57,42,100,"1,800.00","180,000.00"
2021-05-11,2021051105000501,NICLBSL,57,45,30,"1,800.00","54,000.00"
2021-05-11,2021051105000500,NICLBSL,57,5,50,"1,800.00","90,000.00"
2021-05-11,2021051105000499,NICLBSL,57,20,10,"1,799.00","17,990.00"
2021-05-11,2021051105000498,NICLBSL,57,4,10,"1,799.00","17,990.00"
2021-05-11,2021051105000514,NICLBSL,45,20,10,"1,799.00","17,990.00"
2021-05-11,2021051105000513,NICLBSL,48,42,12,"1,800.00","21,600.00"
2021-05-11,2021051105000512,NICLBSL,45,38,10,"1,799.00","17,990.00"
2021-05-11,2021051105000508,NICLBSL,45,42,10,"1,799.00","17,990.00"
2021-05-11,2021051105000507,NICLBSL,38,42,35,"1,800.00","63,000.00"
2021-05-11,2021051105000505,NICLBSL,45,56,10,"1,798.00","17,980.00"
2021-05-11,2021051105000523,NICLBSL,41,57,10,"1,798.00","17,980.00"
2021-05-11,2021051105000521,NICLBSL,42,49,20,"1,797.00","35,940.00"
2021-05-11,2021051105000518,NICLBSL,45,35,10,"1,799.00","17,990.00"
2021-05-11,2021051105000517,NICLBSL,45,13,30,"1,799.00","53,970.00"
2021-05-11,2021051105000516,NICLBSL,45,59,10,"1,799.00","17,990.00"
2021-05-11,2021051105000515,NICLBSL,45,52,10,"1,799.00","17,990.00"
2021-05-11,2021051105000535,NICLBSL,42,52,10,"1,797.00","17,970.00"
2021-05-11,2021051105000534,NICLBSL,42,56,10,"1,797.00","17,970.00"
2021-05-11,2021051105000533,NICLBSL,42,41,10,"1,797.00","17,970.00"
2021-05-11,2021051105000529,NICLBSL,42,38,10,"1,797.00","17,970.00"
2021-05-11,2021051105000527,NICLBSL,42,52,10,"1,797.00","17,970.00"
2021-05-11,2021051105000524,NICLBSL,41,35,10,"1,799.00","17,990.00"
2021-05-11,2021051105000543,NICLBSL,34,41,26,"1,798.00","46,748.00"
2021-05-11,2021051105000542,NICLBSL,34,49,10,"1,798.00","17,980.00"
2021-05-11,2021051105000541,NICLBSL,21,40,90,"1,799.00","161,910.00"
2021-05-11,2021051105000540,NICLBSL,21,11,10,"1,799.00","17,990.00"
2021-05-11,2021051105000538,NICLBSL,34,53,12,"1,798.00","21,576.00"
2021-05-11,2021051105000536,NICLBSL,34,6,20,"1,798.00","35,960.00"
2021-05-11,2021051105000551,NICLBSL,42,51,10,"1,797.00","17,970.00"
2021-05-11,2021051105000550,NICLBSL,42,57,10,"1,797.00","17,970.00"
2021-05-11,2021051105000549,NICLBSL,42,42,10,"1,797.00","17,970.00"
2021-05-11,2021051105000548,NICLBSL,42,37,10,"1,797.00","17,970.00"
2021-05-11,2021051105000546,NICLBSL,34,58,10,"1,798.00","17,980.00"
2021-05-11,2021051105000544,NICLBSL,34,8,15,"1,798.00","26,970.00"
2021-05-11,2021051105000559,NICLBSL,42,38,10,"1,797.00","17,970.00"
2021-05-11,2021051105000557,NICLBSL,42,46,10,"1,797.00","17,970.00"
2021-05-11,2021051105000556,NICLBSL,42,58,10,"1,797.00","17,970.00"
2021-05-11,2021051105000554,NICLBSL,42,20,20,"1,797.00","35,940.00"
2021-05-11,2021051105000553,NICLBSL,42,16,10,"1,797.00","17,970.00"
2021-05-11,2021051105000552,NICLBSL,42,38,10,"1,797.00","17,970.00"
2021-05-11,2021051105000568,NICLBSL,42,38,10,"1,797.00","17,970.00"
2021-05-11,2021051105000567,NICLBSL,21,58,20,"1,798.00","35,960.00"
2021-05-11,2021051105000566,NICLBSL,42,21,20,"1,797.00","35,940.00"
2021-05-11,2021051105000565,NICLBSL,48,53,10,"1,798.00","17,980.00"
2021-05-11,2021051105000563,NICLBSL,48,19,10,"1,798.00","17,980.00"
2021-05-11,2021051105000561,NICLBSL,48,45,10,"1,798.00","17,980.00"
2021-05-11,2021051105000581,NICLBSL,42,22,10,"1,797.00","17,970.00"
2021-05-11,2021051105000578,NICLBSL,42,40,10,"1,797.00","17,970.00"
2021-05-11,2021051105000577,NICLBSL,42,38,10,"1,797.00","17,970.00"
2021-05-11,2021051105000575,NICLBSL,42,59,10,"1,797.00","17,970.00"
2021-05-11,2021051105000573,NICLBSL,42,57,20,"1,797.00","35,940.00"
2021-05-11,2021051105000571,NICLBSL,42,50,10,"1,797.00","17,970.00"
2021-05-11,2021051105000589,NICLBSL,14,3,10,"1,797.00","17,970.00"
2021-05-11,2021051105000588,NICLBSL,14,35,88,"1,797.00","158,136.00"
2021-05-11,2021051105000587,NICLBSL,42,35,143,"1,797.00","256,971.00"
2021-05-11,2021051105000586,NICLBSL,42,45,10,"1,797.00","17,970.00"
2021-05-11,2021051105000585,NICLBSL,42,8,10,"1,797.00","17,970.00"
2021-05-11,2021051105000582,NICLBSL,42,55,16,"1,797.00","28,752.00"
2021-05-11,2021051105000597,NICLBSL,26,39,17,"1,794.00","30,498.00"
2021-05-11,2021051105000596,NICLBSL,58,6,10,"1,795.00","17,950.00"
2021-05-11,2021051105000595,NICLBSL,48,48,10,"1,796.00","17,960.00"
2021-05-11,2021051105000594,NICLBSL,48,55,10,"1,796.00","17,960.00"
2021-05-11,2021051105000592,NICLBSL,48,38,10,"1,796.00","17,960.00"
2021-05-11,2021051105000590,NICLBSL,48,45,10,"1,796.00","17,960.00"
2021-05-11,2021051105000605,NICLBSL,17,17,110,"1,795.00","197,450.00"
2021-05-11,2021051105000603,NICLBSL,26,37,10,"1,794.00","17,940.00"
2021-05-11,2021051105000602,NICLBSL,17,17,300,"1,795.00","538,500.00"
2021-05-11,2021051105000601,NICLBSL,26,45,10,"1,794.00","17,940.00"
2021-05-11,2021051105000600,NICLBSL,4,17,90,"1,795.00","161,550.00"
2021-05-11,2021051105000599,NICLBSL,4,58,10,"1,795.00","17,950.00"
2021-05-11,2021051105000613,NICLBSL,26,45,10,"1,794.00","17,940.00"
2021-05-11,2021051105000611,NICLBSL,26,57,10,"1,794.00","17,940.00"
2021-05-11,2021051105000609,NICLBSL,26,37,10,"1,794.00","17,940.00"
2021-05-11,2021051105000608,NICLBSL,26,28,10,"1,794.00","17,940.00"
2021-05-11,2021051105000607,NICLBSL,26,20,10,"1,794.00","17,940.00"
2021-05-11,2021051105000606,NICLBSL,26,37,10,"1,794.00","17,940.00"
2021-05-11,2021051105000580,RURU,16,41,10,662.00,"6,620.00"
2021-05-11,2021051105000576,RURU,16,43,612,662.00,"405,144.00"
2021-05-11,2021051105000558,RURU,57,57,1,649.00,649.00
2021-05-11,2021051105000530,RURU,16,42,10,662.00,"6,620.00"
2021-05-11,2021051105000522,RURU,16,4,832,662.00,"550,784.00"
2021-05-11,2021051105000520,RURU,16,43,255,662.00,"168,810.00"
2021-05-11,2021051105000136,RURU,16,29,10,662.00,"6,620.00"
2021-05-11,2021051105000129,RURU,16,54,10,662.00,"6,620.00"
2021-05-11,2021051105000236,RURU,16,49,10,662.00,"6,620.00"
2021-05-11,2021051105000235,RURU,16,47,10,662.00,"6,620.00"
2021-05-11,2021051105000234,RURU,16,58,10,662.00,"6,620.00"
2021-05-11,2021051105000204,RURU,16,47,10,662.00,"6,620.00"
2021-05-11,2021051105000178,RURU,16,54,10,662.00,"6,620.00"
2021-05-11,2021051105000169,RURU,16,36,10,662.00,"6,620.00"
