Date,Transact. No.,Symbol,Buyer,Seller,Quantity,Rate,Amount
2019-02-07,2019020701006263,ADBL,14,40,81,334.00,"27,054.00"
2019-02-07,2019020701006077,ADBL,14,29,310,334.00,"103,540.00"
2019-02-07,2019020701005899,ADBL,14,16,105,334.00,"35,070.00"
2019-02-07,2019020701006246,AKPL,59,45,13,179.00,"2,327.00"
2019-02-07,2019020701005938,AKPL,42,19,22,178.00,"3,916.00"
2019-02-07,2019020701006236,ALICL,49,19,10,600.00,"6,000.00"
2019-02-07,2019020701005882,ALICL,22,39,198,590.00,"116,820.00"
2019-02-07,2019020701005846,ALICL,11,39,10,590.00,"5,900.00"
2019-02-07,2019020701005858,API,49,38,100,135.00,"13,500.00"
2019-02-07,2019020701005857,API,42,38,"1,000",135.00,"135,000.00"
2019-02-07,2019020701005856,API,39,38,300,135.00,"40,500.00"
2019-02-07,2019020701005855,API,14,38,18,135.00,"2,430.00"
2019-02-07,2019020701005861,API,38,38,500,135.00,"67,500.00"
2019-02-07,2019020701005860,API,48,38,200,135.00,"27,000.00"
2019-02-07,2019020701005859,API,21,38,100,135.00,"13,500.00"
2019-02-07,2019020701006063,API,25,38,30,137.00,"4,110.00"
2019-02-07,2019020701006024,API,36,5,800,136.00,"108,800.00"
2019-02-07,2019020701006182,BBC,4,8,220,"1,708.00","375,760.00"
2019-02-07,2019020701005896,BOKL,22,8,58,245.00,"14,210.00"
2019-02-07,2019020701005895,BOKL,42,8,27,246.00,"6,642.00"
2019-02-07,2019020701005894,BOKL,19,8,50,246.00,"12,300.00"
2019-02-07,2019020701005893,BOKL,43,8,"1,000",246.00,"246,000.00"
2019-02-07,2019020701005892,BOKL,41,8,570,246.00,"140,220.00"
2019-02-07,2019020701005891,BOKL,56,8,245,246.00,"60,270.00"
2019-02-07,2019020701005890,BOKL,39,8,50,247.00,"12,350.00"
2019-02-07,2019020701005929,CBBL,34,38,25,879.00,"21,975.00"
2019-02-07,2019020701006036,CBBL,45,55,42,880.00,"36,960.00"
2019-02-07,2019020701006035,CBBL,45,47,158,880.00,"139,040.00"
2019-02-07,2019020701006092,CBBL,6,35,100,879.00,"87,900.00"
2019-02-07,2019020701006150,CBBL,14,4,300,878.00,"263,400.00"
2019-02-07,2019020701006249,CBBL,6,55,48,877.00,"42,096.00"
2019-02-07,2019020701006248,CBBL,45,55,10,877.00,"8,770.00"
2019-02-07,2019020701006180,CBL,43,48,10,158.00,"1,580.00"
2019-02-07,2019020701006179,CBL,39,48,50,158.00,"7,900.00"
2019-02-07,2019020701005868,CCBL,34,48,700,167.00,"116,900.00"
2019-02-07,2019020701005867,CCBL,34,45,689,167.00,"115,063.00"
2019-02-07,2019020701005866,CCBL,34,45,97,167.00,"16,199.00"
2019-02-07,2019020701005865,CCBL,34,56,100,167.00,"16,700.00"
2019-02-07,2019020701005864,CCBL,34,1,74,167.00,"12,358.00"
2019-02-07,2019020701006309,CHCL,35,29,200,515.00,"103,000.00"
2019-02-07,2019020701006308,CHCL,35,42,10,515.00,"5,150.00"
2019-02-07,2019020701006307,CHCL,35,28,282,515.00,"145,230.00"
2019-02-07,2019020701006306,CHCL,35,22,100,514.00,"51,400.00"
2019-02-07,2019020701006305,CHCL,35,13,45,514.00,"23,130.00"
2019-02-07,2019020701005962,CHCL,35,33,100,511.00,"51,100.00"
2019-02-07,2019020701005914,CHCL,35,38,300,511.00,"153,300.00"
2019-02-07,2019020701005947,CIT,36,42,30,"2,663.00","79,890.00"
2019-02-07,2019020701005936,CIT,36,34,70,"2,663.00","186,410.00"
2019-02-07,2019020701005935,CIT,42,34,20,"2,663.00","53,260.00"
2019-02-07,2019020701005934,CIT,55,34,10,"2,666.00","26,660.00"
2019-02-07,2019020701005932,CIT,4,34,301,"2,664.00","801,864.00"
2019-02-07,2019020701005931,CIT,22,34,20,"2,665.00","53,300.00"
2019-02-07,2019020701005930,CIT,45,34,10,"2,665.00","26,650.00"
2019-02-07,2019020701005880,CIT,45,34,20,"2,665.00","53,300.00"
2019-02-07,2019020701006090,CZBIL,28,10,10,207.00,"2,070.00"
2019-02-07,2019020701005970,CZBIL,28,55,188,207.00,"38,916.00"
2019-02-07,2019020701006253,DDBL,39,32,11,573.00,"6,303.00"
2019-02-07,2019020701006252,DDBL,21,32,50,573.00,"28,650.00"
2019-02-07,2019020701006251,DDBL,44,32,39,573.00,"22,347.00"
2019-02-07,2019020701006055,DDBL,44,34,39,573.00,"22,347.00"
2019-02-07,2019020701006002,DDBL,44,58,22,573.00,"12,606.00"
2019-02-07,2019020701006299,EBL,28,50,20,518.00,"10,360.00"
2019-02-07,2019020701006079,EBL,7,43,100,520.00,"52,000.00"
2019-02-07,2019020701005933,EBL,29,29,1,510.00,510.00
2019-02-07,2019020701006158,EIC,32,43,30,805.00,"24,150.00"
2019-02-07,2019020701006280,FMDBL,53,44,50,362.00,"18,100.00"
2019-02-07,2019020701006000,FMDBL,21,44,30,365.00,"10,950.00"
2019-02-07,2019020701005999,FMDBL,48,44,40,365.00,"14,600.00"
2019-02-07,2019020701006238,FOWAD,53,17,50,"1,549.00","77,450.00"
2019-02-07,2019020701006189,GBBL,19,42,500,185.00,"92,500.00"
2019-02-07,2019020701006188,GBBL,19,49,300,185.00,"55,500.00"
2019-02-07,2019020701005968,GBIME,28,7,61,264.00,"16,104.00"
2019-02-07,2019020701005967,GBIME,48,7,50,265.00,"13,250.00"
2019-02-07,2019020701005966,GBIME,55,7,30,265.00,"7,950.00"
2019-02-07,2019020701006312,GBLBS,16,42,90,441.00,"39,690.00"
2019-02-07,2019020701006051,GBLBS,16,38,10,441.00,"4,410.00"
2019-02-07,2019020701006244,GDBL,19,19,400,183.00,"73,200.00"
2019-02-07,2019020701006243,GDBL,19,35,202,183.00,"36,966.00"
2019-02-07,2019020701006242,GDBL,19,10,154,183.00,"28,182.00"
2019-02-07,2019020701006134,GDBL,19,43,100,182.00,"18,200.00"
2019-02-07,2019020701005851,GDBL,25,34,500,182.00,"91,000.00"
2019-02-07,2019020701005850,GDBL,14,34,22,182.00,"4,004.00"
2019-02-07,2019020701005849,GDBL,26,34,100,182.00,"18,200.00"
2019-02-07,2019020701005848,GDBL,37,34,200,182.00,"36,400.00"
2019-02-07,2019020701005847,GDBL,42,34,17,182.00,"3,094.00"
2019-02-07,2019020701005869,GDBL,19,34,62,182.00,"11,284.00"
2019-02-07,2019020701006011,GILB,37,38,200,"1,160.00","232,000.00"
2019-02-07,2019020701006010,GILB,34,38,25,"1,160.00","29,000.00"
2019-02-07,2019020701005991,GILB,44,38,"1,000","1,161.00","1,161,000.00"
2019-02-07,2019020701005990,GILB,44,38,20,"1,162.00","23,240.00"
2019-02-07,2019020701005989,GILB,57,38,23,"1,163.00","26,749.00"
2019-02-07,2019020701005875,GIMES1,54,6,"2,000",8.00,"16,000.00"
2019-02-07,2019020701005843,GIMES1,54,6,"2,000",8.00,"16,000.00"
2019-02-07,2019020701006040,GLICL,58,16,67,698.00,"46,766.00"
2019-02-07,2019020701005917,GLICL,58,16,83,698.00,"57,934.00"
2019-02-07,2019020701006266,GUFL,51,11,20,105.00,"2,100.00"
2019-02-07,2019020701006222,HGI,13,33,30,385.00,"11,550.00"
2019-02-07,2019020701006137,HGI,48,6,500,386.00,"193,000.00"
2019-02-07,2019020701006136,HGI,39,6,130,387.00,"50,310.00"
2019-02-07,2019020701006135,HGI,42,6,50,387.00,"19,350.00"
2019-02-07,2019020701005902,HGI,6,6,200,388.00,"77,600.00"
2019-02-07,2019020701005901,HGI,39,6,100,388.00,"38,800.00"
2019-02-07,2019020701006080,HIDCL,17,29,100,138.00,"13,800.00"
2019-02-07,2019020701006067,HIDCL,25,29,100,138.00,"13,800.00"
2019-02-07,2019020701006066,HIDCL,57,29,279,138.00,"38,502.00"
2019-02-07,2019020701006301,HPPL,49,1,10,180.00,"1,800.00"
2019-02-07,2019020701006269,HPPL,49,1,10,180.00,"1,800.00"
2019-02-07,2019020701006234,HPPL,49,1,20,180.00,"3,600.00"
2019-02-07,2019020701006190,HPPL,49,1,10,180.00,"1,800.00"
2019-02-07,2019020701006277,JBNL,46,34,100,168.00,"16,800.00"
2019-02-07,2019020701006228,JBNL,5,36,200,167.00,"33,400.00"
2019-02-07,2019020701006183,JBNL,41,34,300,168.00,"50,400.00"
2019-02-07,2019020701006124,JSLBB,42,38,14,"2,475.00","34,650.00"
2019-02-07,2019020701006042,JSLBB,42,42,10,"2,475.00","24,750.00"
2019-02-07,2019020701006116,KBL,1,39,78,238.00,"18,564.00"
2019-02-07,2019020701006114,KBL,1,33,58,238.00,"13,804.00"
2019-02-07,2019020701006113,KBL,54,33,100,238.00,"23,800.00"
2019-02-07,2019020701006112,KBL,45,33,20,238.00,"4,760.00"
2019-02-07,2019020701006111,KBL,14,33,122,238.00,"29,036.00"
2019-02-07,2019020701006015,KBL,42,51,29,239.00,"6,931.00"
2019-02-07,2019020701006201,KMCDB,18,29,58,829.00,"48,082.00"
2019-02-07,2019020701006200,KMCDB,33,29,100,829.00,"82,900.00"
2019-02-07,2019020701006199,KMCDB,48,29,120,830.00,"99,600.00"
2019-02-07,2019020701006198,KMCDB,6,29,90,831.00,"74,790.00"
2019-02-07,2019020701006197,KMCDB,19,29,40,832.00,"33,280.00"
2019-02-07,2019020701006300,KMFL,32,48,10,989.00,"9,890.00"
2019-02-07,2019020701006275,KMFL,32,48,10,970.00,"9,700.00"
2019-02-07,2019020701005830,KMFL,59,45,30,951.00,"28,530.00"
2019-02-07,2019020701005829,KMFL,32,45,50,951.00,"47,550.00"
2019-02-07,2019020701005828,KMFL,42,45,100,955.00,"95,500.00"
2019-02-07,2019020701005827,KMFL,17,45,100,956.00,"95,600.00"
2019-02-07,2019020701005826,KMFL,32,45,10,956.00,"9,560.00"
2019-02-07,2019020701006213,KNBL,6,50,500,119.00,"59,500.00"
2019-02-07,2019020701005873,KPCL,45,17,10,92.00,920.00
2019-02-07,2019020701006097,KPCL,43,10,10,91.00,910.00
2019-02-07,2019020701006054,KRBL,5,51,133,97.00,"12,901.00"
2019-02-07,2019020701005909,KRBL,57,51,100,98.00,"9,800.00"
2019-02-07,2019020701005876,KRBL,57,51,200,98.00,"19,600.00"
2019-02-07,2019020701006274,KSBBL,45,33,100,136.00,"13,600.00"
2019-02-07,2019020701006093,KSBBL,57,33,250,135.00,"33,750.00"
2019-02-07,2019020701006072,KSBBL,33,33,85,136.00,"11,560.00"
2019-02-07,2019020701006159,LBBL,48,28,20,174.00,"3,480.00"
2019-02-07,2019020701005928,LBBL,21,16,48,173.00,"8,304.00"
2019-02-07,2019020701005862,LEMF,26,41,500,7.46,"3,730.00"
2019-02-07,2019020701006282,LGIL,43,26,10,526.00,"5,260.00"
2019-02-07,2019020701006221,LGIL,47,52,20,522.00,"10,440.00"
2019-02-07,2019020701006219,LGIL,43,26,10,526.00,"5,260.00"
2019-02-07,2019020701006156,LGIL,47,37,100,522.00,"52,200.00"
2019-02-07,2019020701005927,LGIL,6,11,30,521.00,"15,630.00"
2019-02-07,2019020701006146,LICN,16,28,200,"1,670.00","334,000.00"
2019-02-07,2019020701006145,LICN,59,28,10,"1,670.00","16,700.00"
2019-02-07,2019020701006144,LICN,28,28,200,"1,671.00","334,200.00"
2019-02-07,2019020701006143,LICN,57,28,35,"1,675.00","58,625.00"
2019-02-07,2019020701005854,LLBS,18,25,10,780.00,"7,800.00"
2019-02-07,2019020701006186,MBL,11,52,127,207.00,"26,289.00"
2019-02-07,2019020701006185,MBL,11,52,48,208.00,"9,984.00"
2019-02-07,2019020701006132,MBL,11,57,552,208.00,"114,816.00"
2019-02-07,2019020701006131,MBL,42,57,78,208.00,"16,224.00"
2019-02-07,2019020701006130,MBL,54,57,70,208.00,"14,560.00"
2019-02-07,2019020701006129,MBL,28,57,"1,000",208.00,"208,000.00"
2019-02-07,2019020701006128,MBL,37,57,200,208.00,"41,600.00"
2019-02-07,2019020701006127,MBL,45,57,100,208.00,"20,800.00"
2019-02-07,2019020701005992,MBL,58,55,500,209.00,"104,500.00"
2019-02-07,2019020701006056,MDB,11,55,100,275.00,"27,500.00"
2019-02-07,2019020701006247,MEGA,6,57,27,165.00,"4,455.00"
2019-02-07,2019020701006230,MEGA,6,38,73,165.00,"12,045.00"
2019-02-07,2019020701006165,MEGA,43,48,10,166.00,"1,660.00"
2019-02-07,2019020701006110,MEGA,26,26,29,165.00,"4,785.00"
2019-02-07,2019020701006105,MEGA,37,10,16,164.00,"2,624.00"
2019-02-07,2019020701006104,MEGA,37,10,50,164.00,"8,200.00"
2019-02-07,2019020701005834,MEGA,20,58,21,164.00,"3,444.00"
2019-02-07,2019020701005998,MEGA,26,57,"2,000",165.00,"330,000.00"
2019-02-07,2019020701005997,MEGA,20,57,102,165.00,"16,830.00"
2019-02-07,2019020701005950,MEGA,20,16,88,165.00,"14,520.00"
2019-02-07,2019020701005837,MEGA,20,57,"2,000",165.00,"330,000.00"
2019-02-07,2019020701005836,MEGA,20,6,225,165.00,"37,125.00"
2019-02-07,2019020701005835,MEGA,20,26,64,165.00,"10,560.00"
2019-02-07,2019020701006303,MERO,56,52,50,620.00,"31,000.00"
2019-02-07,2019020701006302,MERO,56,26,50,620.00,"31,000.00"
2019-02-07,2019020701005995,MERO,11,39,100,619.00,"61,900.00"
2019-02-07,2019020701005971,MERO,22,40,10,618.00,"6,180.00"
2019-02-07,2019020701006083,MERO,11,25,10,619.00,"6,190.00"
2019-02-07,2019020701005996,MERO,11,39,92,619.00,"56,948.00"
2019-02-07,2019020701006138,MERO,11,34,12,618.00,"7,416.00"
2019-02-07,2019020701006133,MERO,42,48,10,619.00,"6,190.00"
2019-02-07,2019020701006084,MERO,42,25,57,619.00,"35,283.00"
2019-02-07,2019020701005963,MLBL,33,16,64,168.00,"10,752.00"
2019-02-07,2019020701006304,MSMBS,45,44,178,531.00,"94,518.00"
2019-02-07,2019020701006273,NABIL,32,17,263,831.00,"218,553.00"
2019-02-07,2019020701006126,NABIL,19,17,200,833.00,"166,600.00"
2019-02-07,2019020701005816,NABIL,3,17,20,835.00,"16,700.00"
2019-02-07,2019020701006166,NABILP,19,58,290,735.00,"213,150.00"
2019-02-07,2019020701006103,NABILP,17,53,500,736.00,"368,000.00"
2019-02-07,2019020701006167,NABILP,3,58,10,734.00,"7,340.00"
2019-02-07,2019020701006153,NBB,6,40,50,186.00,"9,300.00"
2019-02-07,2019020701006052,NBB,21,40,50,186.00,"9,300.00"
2019-02-07,2019020701006019,NBB,53,28,375,185.00,"69,375.00"
2019-02-07,2019020701006018,NBB,22,28,500,185.00,"92,500.00"
2019-02-07,2019020701006017,NBB,38,28,125,185.00,"23,125.00"
2019-02-07,2019020701006281,NBBL,6,45,10,713.00,"7,130.00"
2019-02-07,2019020701005889,NBL,47,32,100,286.00,"28,600.00"
2019-02-07,2019020701005888,NBL,47,32,200,286.00,"57,200.00"
2019-02-07,2019020701005887,NBL,21,32,100,286.00,"28,600.00"
2019-02-07,2019020701005886,NBL,6,32,"2,000",286.00,"572,000.00"
2019-02-07,2019020701005885,NBL,47,32,200,286.00,"57,200.00"
2019-02-07,2019020701005884,NBL,10,32,200,287.00,"57,400.00"
2019-02-07,2019020701005883,NBL,22,32,200,287.00,"57,400.00"
2019-02-07,2019020701006155,NCCB,56,25,94,210.00,"19,740.00"
2019-02-07,2019020701006154,NCCB,32,25,200,210.00,"42,000.00"
2019-02-07,2019020701005913,NCCB,13,34,150,210.00,"31,500.00"
2019-02-07,2019020701005912,NCCB,22,34,942,210.00,"197,820.00"
2019-02-07,2019020701005877,NEF,56,41,483,8.05,"3,888.15"
2019-02-07,2019020701006279,NGPL,37,38,35,125.00,"4,375.00"
2019-02-07,2019020701006278,NGPL,46,38,28,125.00,"3,500.00"
2019-02-07,2019020701005955,NHDL,36,48,10,128.00,"1,280.00"
2019-02-07,2019020701005872,NHDL,36,40,10,130.00,"1,300.00"
2019-02-07,2019020701006169,NIB,33,52,77,521.00,"40,117.00"
2019-02-07,2019020701006168,NIB,22,52,100,521.00,"52,100.00"
2019-02-07,2019020701006109,NIB,33,42,550,522.00,"287,100.00"
2019-02-07,2019020701006006,NIB,33,14,500,522.00,"261,000.00"
2019-02-07,2019020701005845,NIB,10,45,159,523.00,"83,157.00"
2019-02-07,2019020701005844,NIB,10,50,41,523.00,"21,443.00"
2019-02-07,2019020701006031,NICA,40,21,34,390.00,"13,260.00"
2019-02-07,2019020701006030,NICA,33,21,66,390.00,"25,740.00"
2019-02-07,2019020701006020,NICA,33,55,100,390.00,"39,000.00"
2019-02-07,2019020701006008,NICA,33,55,100,390.00,"39,000.00"
2019-02-07,2019020701005924,NICA,33,6,233,390.00,"90,870.00"
2019-02-07,2019020701005923,NICA,33,49,100,390.00,"39,000.00"
2019-02-07,2019020701005922,NICA,33,26,"1,351",390.00,"526,890.00"
2019-02-07,2019020701005921,NICA,33,32,50,390.00,"19,500.00"
2019-02-07,2019020701005853,NICA,48,32,50,390.00,"19,500.00"
2019-02-07,2019020701006295,NICL,58,28,276,548.00,"151,248.00"
2019-02-07,2019020701006294,NICL,58,39,84,548.00,"46,032.00"
2019-02-07,2019020701006293,NICL,58,45,40,547.00,"21,880.00"
2019-02-07,2019020701006292,NICL,58,13,200,547.00,"109,400.00"
2019-02-07,2019020701006291,NICL,44,25,50,546.00,"27,300.00"
2019-02-07,2019020701006290,NICL,20,25,50,547.00,"27,350.00"
2019-02-07,2019020701005878,NICL,4,28,500,545.00,"272,500.00"
2019-02-07,2019020701005839,NICL,16,36,80,545.00,"43,600.00"
2019-02-07,2019020701005979,NICL,22,57,33,544.00,"17,952.00"
2019-02-07,2019020701005978,NICL,21,57,64,544.00,"34,816.00"
2019-02-07,2019020701005965,NICL,21,6,200,544.00,"108,800.00"
2019-02-07,2019020701005904,NICL,21,21,224,544.00,"121,856.00"
2019-02-07,2019020701005903,NICL,51,21,76,544.00,"41,344.00"
2019-02-07,2019020701006071,NICL,36,34,500,545.00,"272,500.00"
2019-02-07,2019020701006016,NICL,16,36,600,545.00,"327,000.00"
2019-02-07,2019020701006012,NICL,32,36,100,545.00,"54,500.00"
2019-02-07,2019020701005988,NICL,22,42,30,544.00,"16,320.00"
2019-02-07,2019020701006121,NICL,6,52,50,544.00,"27,200.00"
2019-02-07,2019020701006120,NICL,14,52,15,544.00,"8,160.00"
2019-02-07,2019020701006119,NICL,21,52,15,544.00,"8,160.00"
2019-02-07,2019020701006118,NICL,22,52,37,544.00,"20,128.00"
2019-02-07,2019020701006078,NICL,42,10,700,545.00,"381,500.00"
2019-02-07,2019020701006217,NICL,43,38,10,546.00,"5,460.00"
2019-02-07,2019020701006216,NICL,48,38,11,546.00,"6,006.00"
2019-02-07,2019020701006149,NICL,58,50,200,545.00,"109,000.00"
2019-02-07,2019020701006148,NICL,58,10,300,545.00,"163,500.00"
2019-02-07,2019020701006122,NICL,29,52,"1,083",544.00,"589,152.00"
2019-02-07,2019020701006272,NICL,44,58,104,546.00,"56,784.00"
2019-02-07,2019020701006271,NICL,44,58,100,546.00,"54,600.00"
2019-02-07,2019020701006270,NICL,29,34,100,545.00,"54,500.00"
2019-02-07,2019020701006218,NICL,29,38,144,544.00,"78,336.00"
2019-02-07,2019020701006215,NIL,35,34,10,523.00,"5,230.00"
2019-02-07,2019020701005986,NIL,5,39,300,515.00,"154,500.00"
2019-02-07,2019020701005985,NIL,44,39,500,515.00,"257,500.00"
2019-02-07,2019020701005984,NIL,22,39,100,516.00,"51,600.00"
2019-02-07,2019020701005983,NIL,51,39,200,516.00,"103,200.00"
2019-02-07,2019020701005982,NIL,43,39,100,516.00,"51,600.00"
2019-02-07,2019020701005981,NIL,33,39,100,516.00,"51,600.00"
2019-02-07,2019020701005980,NIL,16,39,50,517.00,"25,850.00"
2019-02-07,2019020701006096,NLBBL,50,21,50,460.00,"23,000.00"
2019-02-07,2019020701005946,NLBBL,16,21,200,460.00,"92,000.00"
2019-02-07,2019020701005945,NLBBL,1,21,100,461.00,"46,100.00"
2019-02-07,2019020701005944,NLBBL,43,21,100,461.00,"46,100.00"
2019-02-07,2019020701005943,NLBBL,18,21,100,462.00,"46,200.00"
2019-02-07,2019020701005942,NLBBL,47,21,100,463.00,"46,300.00"
2019-02-07,2019020701005941,NLBBL,45,21,50,464.00,"23,200.00"
2019-02-07,2019020701005940,NLBBL,6,21,200,465.00,"93,000.00"
2019-02-07,2019020701006264,NLG,25,28,10,840.00,"8,400.00"
2019-02-07,2019020701006170,NLG,7,36,10,831.00,"8,310.00"
2019-02-07,2019020701006254,NLIC,25,47,21,"1,055.00","22,155.00"
2019-02-07,2019020701006070,NLIC,42,58,17,"1,053.00","17,901.00"
2019-02-07,2019020701006069,NLIC,42,58,17,"1,053.00","17,901.00"
2019-02-07,2019020701006068,NLIC,42,58,28,"1,053.00","29,484.00"
2019-02-07,2019020701005954,NLIC,35,10,18,"1,050.00","18,900.00"
2019-02-07,2019020701005953,NLIC,14,10,11,"1,050.00","11,550.00"
2019-02-07,2019020701005952,NLIC,6,10,10,"1,050.00","10,500.00"
2019-02-07,2019020701005951,NLIC,36,10,78,"1,050.00","81,900.00"
2019-02-07,2019020701005898,NLIC,36,36,222,"1,050.00","233,100.00"
2019-02-07,2019020701005897,NLIC,34,36,178,"1,050.00","186,900.00"
2019-02-07,2019020701005815,NLIC,34,21,322,"1,050.00","338,100.00"
2019-02-07,2019020701005814,NLIC,35,21,50,"1,050.00","52,500.00"
2019-02-07,2019020701006085,NLICL,6,33,100,658.00,"65,800.00"
2019-02-07,2019020701006257,NMB,54,54,159,313.00,"49,767.00"
2019-02-07,2019020701006256,NMB,17,54,91,313.00,"28,483.00"
2019-02-07,2019020701006164,NMB,38,21,20,314.00,"6,280.00"
2019-02-07,2019020701006034,NMB,17,42,50,313.00,"15,650.00"
2019-02-07,2019020701006033,NMB,42,42,50,314.00,"15,700.00"
2019-02-07,2019020701005919,NMB,10,57,50,314.00,"15,700.00"
2019-02-07,2019020701005911,NMB,10,57,50,314.00,"15,700.00"
2019-02-07,2019020701005906,NMB,11,57,100,314.00,"31,400.00"
2019-02-07,2019020701005838,NMB,48,37,50,315.00,"15,750.00"
2019-02-07,2019020701006178,NMFBS,43,17,12,"1,649.00","19,788.00"
2019-02-07,2019020701006045,NSEWA,50,7,10,610.00,"6,100.00"
2019-02-07,2019020701005822,NSEWA,11,21,10,611.00,"6,110.00"
2019-02-07,2019020701006297,NTC,4,53,90,707.00,"63,630.00"
2019-02-07,2019020701006245,NTC,43,53,10,709.00,"7,090.00"
2019-02-07,2019020701006237,NTC,4,52,180,707.00,"127,260.00"
2019-02-07,2019020701006162,NTC,4,35,420,707.00,"296,940.00"
2019-02-07,2019020701006161,NTC,57,35,80,708.00,"56,640.00"
2019-02-07,2019020701006202,OHL,42,45,10,434.00,"4,340.00"
2019-02-07,2019020701006177,OHL,56,45,10,434.00,"4,340.00"
2019-02-07,2019020701006044,PFL,1,49,38,132.00,"5,016.00"
2019-02-07,2019020701005832,PFL,1,29,38,132.00,"5,016.00"
2019-02-07,2019020701006196,PIC,25,26,11,"1,034.00","11,374.00"
2019-02-07,2019020701005824,PIC,36,53,11,"1,034.00","11,374.00"
2019-02-07,2019020701006187,PICL,56,13,10,702.00,"7,020.00"
2019-02-07,2019020701006007,PICL,37,13,10,702.00,"7,020.00"
2019-02-07,2019020701006227,PLIC,28,44,470,460.00,"216,200.00"
2019-02-07,2019020701006226,PLIC,53,44,200,460.00,"92,000.00"
2019-02-07,2019020701006225,PLIC,14,44,100,460.00,"46,000.00"
2019-02-07,2019020701006224,PLIC,35,44,100,461.00,"46,100.00"
2019-02-07,2019020701006223,PLIC,22,44,30,461.00,"13,830.00"
2019-02-07,2019020701005969,PLIC,56,44,100,465.00,"46,500.00"
2019-02-07,2019020701005819,PLIC,22,44,267,461.00,"123,087.00"
2019-02-07,2019020701005813,PLIC,35,44,30,461.00,"13,830.00"
2019-02-07,2019020701006250,PMHPL,56,25,100,109.00,"10,900.00"
2019-02-07,2019020701006032,PMHPL,56,47,10,108.00,"1,080.00"
2019-02-07,2019020701005881,PMHPL,56,17,10,108.00,"1,080.00"
2019-02-07,2019020701005879,PMHPL,56,28,10,108.00,"1,080.00"
2019-02-07,2019020701006142,PRIN,26,33,50,430.00,"21,500.00"
2019-02-07,2019020701006141,PRIN,16,33,50,430.00,"21,500.00"
2019-02-07,2019020701006140,PRIN,49,33,100,431.00,"43,100.00"
2019-02-07,2019020701006139,PRIN,39,33,100,432.00,"43,200.00"
2019-02-07,2019020701005821,PRVU,29,26,100,241.00,"24,100.00"
2019-02-07,2019020701006065,PRVU,56,38,100,241.00,"24,100.00"
2019-02-07,2019020701006064,PRVU,29,38,949,241.00,"228,709.00"
2019-02-07,2019020701006057,PRVU,29,38,"1,696",241.00,"408,736.00"
2019-02-07,2019020701005977,PRVU,29,16,14,241.00,"3,374.00"
2019-02-07,2019020701005907,PRVU,42,38,20,242.00,"4,840.00"
2019-02-07,2019020701006160,RADHI,45,45,1,160.00,160.00
2019-02-07,2019020701006233,RBCL,11,54,10,"9,262.00","92,620.00"
2019-02-07,2019020701006232,RBCL,52,54,10,"9,263.00","92,630.00"
2019-02-07,2019020701006231,RBCL,19,54,10,"9,263.00","92,630.00"
2019-02-07,2019020701005949,RHPC,37,52,100,96.00,"9,600.00"
2019-02-07,2019020701005948,RHPC,37,45,55,96.00,"5,280.00"
2019-02-07,2019020701006147,RLFL,45,45,1,115.00,115.00
2019-02-07,2019020701005915,RLFL,44,50,"1,000",115.00,"115,000.00"
2019-02-07,2019020701006229,RMDC,56,19,10,547.00,"5,470.00"
2019-02-07,2019020701005959,RMDC,42,38,54,539.00,"29,106.00"
2019-02-07,2019020701006265,RSDC,50,47,50,391.00,"19,550.00"
2019-02-07,2019020701006088,RSDC,55,47,12,390.00,"4,680.00"
2019-02-07,2019020701006087,RSDC,41,47,30,390.00,"11,700.00"
2019-02-07,2019020701005820,SAEF,56,41,500,8.95,"4,475.00"
2019-02-07,2019020701006062,SANIMA,54,38,665,300.00,"199,500.00"
2019-02-07,2019020701006061,SANIMA,54,45,500,300.00,"150,000.00"
2019-02-07,2019020701006060,SANIMA,54,17,227,300.00,"68,100.00"
2019-02-07,2019020701005840,SBI,29,42,75,381.00,"28,575.00"
2019-02-07,2019020701006267,SBL,46,52,65,281.00,"18,265.00"
2019-02-07,2019020701006195,SCB,14,7,170,556.00,"94,520.00"
2019-02-07,2019020701006194,SCB,56,7,30,556.00,"16,680.00"
2019-02-07,2019020701006041,SDESI,33,11,10,625.00,"6,250.00"
2019-02-07,2019020701006023,SDESI,33,48,50,617.00,"30,850.00"
2019-02-07,2019020701006022,SDESI,33,48,60,617.00,"37,020.00"
2019-02-07,2019020701006021,SDESI,40,48,100,618.00,"61,800.00"
2019-02-07,2019020701005900,SEF,53,41,500,9.20,"4,600.00"
2019-02-07,2019020701005833,SEOS,5,41,"1,000",9.70,"9,700.00"
2019-02-07,2019020701006184,SFFIL,45,42,75,211.00,"15,825.00"
2019-02-07,2019020701006102,SHL,42,58,200,201.00,"40,200.00"
2019-02-07,2019020701006101,SHL,17,58,500,201.00,"100,500.00"
2019-02-07,2019020701006100,SHL,57,58,300,202.00,"60,600.00"
2019-02-07,2019020701006175,SIC,16,51,10,"1,290.00","12,900.00"
2019-02-07,2019020701005825,SIC,22,25,18,"1,281.00","23,058.00"
2019-02-07,2019020701006288,SICL,34,21,10,890.00,"8,900.00"
2019-02-07,2019020701006287,SICL,28,21,10,890.00,"8,900.00"
2019-02-07,2019020701006286,SICL,26,21,100,890.00,"89,000.00"
2019-02-07,2019020701006285,SICL,42,21,50,890.00,"44,500.00"
2019-02-07,2019020701006028,SICL,34,32,37,900.00,"33,300.00"
2019-02-07,2019020701006027,SICL,34,32,296,900.00,"266,400.00"
2019-02-07,2019020701006026,SICL,34,37,100,900.00,"90,000.00"
2019-02-07,2019020701006025,SICL,34,1,100,899.00,"89,900.00"
2019-02-07,2019020701006284,SICL,4,21,300,892.00,"267,600.00"
2019-02-07,2019020701006283,SICL,34,21,130,893.00,"116,090.00"
2019-02-07,2019020701006220,SICL,49,26,20,895.00,"17,900.00"
2019-02-07,2019020701006043,SIL,25,43,20,624.00,"12,480.00"
2019-02-07,2019020701006174,SKBBL,56,41,40,852.00,"34,080.00"
2019-02-07,2019020701006173,SKBBL,45,41,10,852.00,"8,520.00"
2019-02-07,2019020701006076,SKBBL,54,33,100,853.00,"85,300.00"
2019-02-07,2019020701006075,SKBBL,6,33,60,853.00,"51,180.00"
2019-02-07,2019020701006074,SKBBL,10,33,10,854.00,"8,540.00"
2019-02-07,2019020701006073,SKBBL,49,33,50,854.00,"42,700.00"
2019-02-07,2019020701006001,SLBBL,44,44,1,505.00,505.00
2019-02-07,2019020701006276,SLBSL,34,16,10,852.00,"8,520.00"
2019-02-07,2019020701006255,SLBSL,34,16,10,852.00,"8,520.00"
2019-02-07,2019020701006235,SLBSL,34,47,10,852.00,"8,520.00"
2019-02-07,2019020701006214,SLBSL,32,16,10,851.00,"8,510.00"
2019-02-07,2019020701006203,SLBSL,32,47,10,851.00,"8,510.00"
2019-02-07,2019020701006181,SLBSL,17,47,10,852.00,"8,520.00"
2019-02-07,2019020701005823,SLBSL,14,26,10,851.00,"8,510.00"
2019-02-07,2019020701005818,SLBSL,14,56,10,851.00,"8,510.00"
2019-02-07,2019020701005817,SLBSL,14,39,10,851.00,"8,510.00"
2019-02-07,2019020701005852,SLBSL,14,39,10,851.00,"8,510.00"
2019-02-07,2019020701005831,SLBSL,14,39,10,851.00,"8,510.00"
2019-02-07,2019020701005874,SLBSL,49,39,10,850.00,"8,500.00"
2019-02-07,2019020701005870,SLBSL,7,55,10,855.00,"8,550.00"
2019-02-07,2019020701005863,SLBSL,7,45,10,855.00,"8,550.00"
2019-02-07,2019020701005972,SLBSL,32,39,10,851.00,"8,510.00"
2019-02-07,2019020701005961,SLBSL,32,39,10,851.00,"8,510.00"
2019-02-07,2019020701005937,SLBSL,17,32,10,855.00,"8,550.00"
2019-02-07,2019020701005925,SLBSL,34,29,10,850.00,"8,500.00"
2019-02-07,2019020701005916,SLBSL,34,28,10,850.00,"8,500.00"
2019-02-07,2019020701005908,SLBSL,34,29,10,850.00,"8,500.00"
2019-02-07,2019020701006089,SLBSL,32,7,10,851.00,"8,510.00"
2019-02-07,2019020701006050,SLBSL,32,41,10,851.00,"8,510.00"
2019-02-07,2019020701005974,SLBSL,14,25,10,858.00,"8,580.00"
2019-02-07,2019020701005973,SLBSL,14,32,10,855.00,"8,550.00"
2019-02-07,2019020701006176,SLBSL,17,16,10,852.00,"8,520.00"
2019-02-07,2019020701006171,SLBSL,11,47,10,852.00,"8,520.00"
2019-02-07,2019020701006157,SLBSL,32,47,10,851.00,"8,510.00"
2019-02-07,2019020701006123,SLBSL,32,47,10,851.00,"8,510.00"
2019-02-07,2019020701006098,SLBSL,34,47,10,850.00,"8,500.00"
2019-02-07,2019020701006091,SLBSL,32,17,10,851.00,"8,510.00"
2019-02-07,2019020701006311,SLICL,16,25,10,532.00,"5,320.00"
2019-02-07,2019020701006310,SLICL,16,42,10,530.00,"5,300.00"
2019-02-07,2019020701006212,SLICL,41,42,10,530.00,"5,300.00"
2019-02-07,2019020701005871,SLICL,16,16,227,527.00,"119,629.00"
2019-02-07,2019020701006163,SMATA,22,58,63,"1,300.00","81,900.00"
2019-02-07,2019020701006117,SMATA,22,37,99,"1,300.00","128,700.00"
2019-02-07,2019020701006053,SMATA,22,39,20,"1,300.00","26,000.00"
2019-02-07,2019020701006240,SMB,58,3,50,715.00,"35,750.00"
2019-02-07,2019020701006239,SMB,58,45,10,715.00,"7,150.00"
2019-02-07,2019020701006211,SMB,58,39,10,714.00,"7,140.00"
2019-02-07,2019020701006210,SMB,58,32,10,713.00,"7,130.00"
2019-02-07,2019020701006209,SMB,58,19,10,711.00,"7,110.00"
2019-02-07,2019020701006208,SMB,58,3,40,711.00,"28,440.00"
2019-02-07,2019020701006207,SMB,58,6,20,710.00,"14,200.00"
2019-02-07,2019020701006206,SMB,58,7,10,710.00,"7,100.00"
2019-02-07,2019020701006205,SMB,58,26,10,709.00,"7,090.00"
2019-02-07,2019020701006204,SMB,58,53,10,709.00,"7,090.00"
2019-02-07,2019020701006298,SPDL,45,38,15,91.00,"1,365.00"
2019-02-07,2019020701006125,SRBL,40,10,38,210.00,"7,980.00"
2019-02-07,2019020701006049,SWBBL,19,33,20,831.00,"16,620.00"
2019-02-07,2019020701006048,SWBBL,7,33,100,831.00,"83,100.00"
2019-02-07,2019020701006047,SWBBL,44,33,86,831.00,"71,466.00"
2019-02-07,2019020701006046,SWBBL,13,33,50,832.00,"41,600.00"
2019-02-07,2019020701005905,TRH,33,42,10,238.00,"2,380.00"
2019-02-07,2019020701005842,TRH,22,8,530,235.00,"124,550.00"
2019-02-07,2019020701006004,UIC,42,33,10,790.00,"7,900.00"
2019-02-07,2019020701006003,UIC,35,33,50,790.00,"39,500.00"
2019-02-07,2019020701005976,UIC,49,33,20,791.00,"15,820.00"
2019-02-07,2019020701005975,UIC,45,33,20,792.00,"15,840.00"
2019-02-07,2019020701006289,UPPER,25,45,50,238.00,"11,900.00"
2019-02-07,2019020701006268,UPPER,50,38,140,236.00,"33,040.00"
2019-02-07,2019020701006241,UPPER,21,22,300,237.00,"71,100.00"
2019-02-07,2019020701006193,UPPER,21,22,300,237.00,"71,100.00"
2019-02-07,2019020701006192,UPPER,21,39,50,237.00,"11,850.00"
2019-02-07,2019020701006191,UPPER,21,21,"1,450",237.00,"343,650.00"
2019-02-07,2019020701005956,UPPER,44,28,50,237.00,"11,850.00"
2019-02-07,2019020701005939,UPPER,26,45,10,238.00,"2,380.00"
2019-02-07,2019020701005926,UPPER,44,28,40,237.00,"9,480.00"
2019-02-07,2019020701005918,UPPER,44,36,40,237.00,"9,480.00"
2019-02-07,2019020701005910,UPPER,44,28,40,237.00,"9,480.00"
2019-02-07,2019020701005994,UPPER,13,42,10,237.00,"2,370.00"
2019-02-07,2019020701005993,UPPER,44,42,30,237.00,"7,110.00"
2019-02-07,2019020701005964,UPPER,44,28,50,237.00,"11,850.00"
2019-02-07,2019020701005960,UPPER,44,17,50,237.00,"11,850.00"
2019-02-07,2019020701005958,UPPER,44,57,40,237.00,"9,480.00"
2019-02-07,2019020701005957,UPPER,44,52,50,237.00,"11,850.00"
2019-02-07,2019020701006039,UPPER,32,21,50,237.00,"11,850.00"
2019-02-07,2019020701006038,UPPER,38,21,100,237.00,"23,700.00"
2019-02-07,2019020701006037,UPPER,13,21,200,237.00,"47,400.00"
2019-02-07,2019020701006009,UPPER,13,49,40,237.00,"9,480.00"
2019-02-07,2019020701006005,UPPER,13,32,50,237.00,"11,850.00"
2019-02-07,2019020701006095,UPPER,22,41,40,236.00,"9,440.00"
2019-02-07,2019020701006086,UPPER,22,25,27,236.00,"6,372.00"
2019-02-07,2019020701006082,UPPER,51,25,"2,000",236.00,"472,000.00"
2019-02-07,2019020701006081,UPPER,13,25,973,236.00,"229,628.00"
2019-02-07,2019020701006059,UPPER,13,41,27,236.00,"6,372.00"
2019-02-07,2019020701006058,UPPER,29,41,23,236.00,"5,428.00"
2019-02-07,2019020701006172,UPPER,29,21,100,237.00,"23,700.00"
2019-02-07,2019020701006152,UPPER,50,50,107,236.00,"25,252.00"
2019-02-07,2019020701006151,UPPER,22,50,193,236.00,"45,548.00"
2019-02-07,2019020701006115,UPPER,22,41,40,236.00,"9,440.00"
2019-02-07,2019020701006099,UPPER,42,21,100,237.00,"23,700.00"
2019-02-07,2019020701006296,WOMI,33,1,10,"1,148.00","11,480.00"
2019-02-07,2019020701006262,WOMI,38,44,44,"1,131.00","49,764.00"
2019-02-07,2019020701006261,WOMI,26,44,300,"1,131.00","339,300.00"
2019-02-07,2019020701006260,WOMI,55,44,30,"1,132.00","33,960.00"
2019-02-07,2019020701006013,WOMI,57,44,100,"1,135.00","113,500.00"
2019-02-07,2019020701005987,WOMI,33,44,10,"1,149.00","11,490.00"
2019-02-07,2019020701006259,WOMI,57,44,100,"1,132.00","113,200.00"
2019-02-07,2019020701006258,WOMI,33,44,106,"1,132.00","119,992.00"
2019-02-07,2019020701006108,WOMI,33,44,94,"1,132.00","106,408.00"
2019-02-07,2019020701006107,WOMI,22,44,86,"1,132.00","97,352.00"
2019-02-07,2019020701006106,WOMI,21,44,10,"1,134.00","11,340.00"
2019-02-07,2019020701006014,WOMI,55,44,20,"1,135.00","22,700.00"
2019-02-07,2019020701005691,ADBL,14,16,105,334.00,"35,070.00"
2019-02-07,2019020701005512,ADBL,56,29,50,335.00,"16,750.00"
2019-02-07,2019020701005514,AHPC,32,32,20,100.00,"2,000.00"
2019-02-07,2019020701005481,AHPC,32,38,144,100.00,"14,400.00"
2019-02-07,2019020701005632,AKJCL,21,43,10,83.00,830.00
2019-02-07,2019020701005602,AKJCL,44,43,20,84.00,"1,680.00"
2019-02-07,2019020701005537,AKJCL,44,29,140,84.00,"11,760.00"
2019-02-07,2019020701005793,ALICL,55,39,300,590.00,"177,000.00"
2019-02-07,2019020701005792,ALICL,11,39,30,590.00,"17,700.00"
2019-02-07,2019020701005791,ALICL,52,39,100,592.00,"59,200.00"
2019-02-07,2019020701005790,ALICL,25,39,62,592.00,"36,704.00"
2019-02-07,2019020701005789,ALICL,38,39,100,593.00,"59,300.00"
2019-02-07,2019020701005788,ALICL,28,39,140,594.00,"83,160.00"
2019-02-07,2019020701005412,ALICL,45,19,10,600.00,"6,000.00"
2019-02-07,2019020701005417,API,45,5,200,136.00,"27,200.00"
2019-02-07,2019020701005321,BHBL,49,38,100,140.00,"14,000.00"
2019-02-07,2019020701005613,BOKL,56,47,55,246.00,"13,530.00"
2019-02-07,2019020701005612,BOKL,17,47,200,246.00,"49,200.00"
2019-02-07,2019020701005611,BOKL,47,47,45,247.00,"11,115.00"
2019-02-07,2019020701005558,BOKL,47,19,155,247.00,"38,285.00"
2019-02-07,2019020701005557,BOKL,46,19,145,247.00,"35,815.00"
2019-02-07,2019020701005428,BOKL,46,41,227,247.00,"56,069.00"
2019-02-07,2019020701005324,BOKL,46,33,28,247.00,"6,916.00"
2019-02-07,2019020701005323,BOKL,41,33,50,247.00,"12,350.00"
2019-02-07,2019020701005322,BOKL,17,33,22,247.00,"5,434.00"
2019-02-07,2019020701005380,BPCL,45,16,10,350.00,"3,500.00"
2019-02-07,2019020701005345,BPCL,45,16,10,350.00,"3,500.00"
2019-02-07,2019020701005330,BPCL,45,16,10,350.00,"3,500.00"
2019-02-07,2019020701005712,CBBL,55,57,100,880.00,"88,000.00"
2019-02-07,2019020701005705,CBBL,8,35,202,879.00,"177,558.00"
2019-02-07,2019020701005319,CBBL,47,37,70,881.00,"61,670.00"
2019-02-07,2019020701005419,CBBL,29,37,70,881.00,"61,670.00"
2019-02-07,2019020701005534,CBBL,14,39,300,881.00,"264,300.00"
2019-02-07,2019020701005803,CBL,46,45,100,157.00,"15,700.00"
2019-02-07,2019020701005802,CBL,46,48,648,157.00,"101,736.00"
2019-02-07,2019020701005439,CBL,51,45,100,156.00,"15,600.00"
2019-02-07,2019020701005435,CBL,56,48,100,157.00,"15,700.00"
2019-02-07,2019020701005799,CCBL,39,1,30,167.00,"5,010.00"
2019-02-07,2019020701005711,CCBL,29,16,76,166.00,"12,616.00"
2019-02-07,2019020701005737,CHCL,35,6,40,511.00,"20,440.00"
2019-02-07,2019020701005609,CHCL,44,13,155,514.00,"79,670.00"
2019-02-07,2019020701005471,CIT,10,14,40,"2,667.00","106,680.00"
2019-02-07,2019020701005376,CIT,52,14,10,"2,667.00","26,670.00"
2019-02-07,2019020701005344,CIT,37,14,50,"2,667.00","133,350.00"
2019-02-07,2019020701005315,CIT,38,55,100,"2,669.00","266,900.00"
2019-02-07,2019020701005527,CZBIL,28,43,100,207.00,"20,700.00"
2019-02-07,2019020701005798,EBL,8,41,30,520.00,"15,600.00"
2019-02-07,2019020701005749,EBL,14,43,11,520.00,"5,720.00"
2019-02-07,2019020701005748,EBL,45,43,10,520.00,"5,200.00"
2019-02-07,2019020701005470,EBL,42,45,40,517.00,"20,680.00"
2019-02-07,2019020701005469,EBL,53,45,50,517.00,"25,850.00"
2019-02-07,2019020701005550,EBL,28,21,400,518.00,"207,200.00"
2019-02-07,2019020701005467,EIC,53,43,24,810.00,"19,440.00"
2019-02-07,2019020701005430,EIC,19,43,20,810.00,"16,200.00"
2019-02-07,2019020701005730,GDBL,42,42,43,182.00,"7,826.00"
2019-02-07,2019020701005729,GDBL,32,42,31,182.00,"5,642.00"
2019-02-07,2019020701005713,GDBL,45,45,1,180.00,180.00
2019-02-07,2019020701005524,GDBL,32,1,66,182.00,"12,012.00"
2019-02-07,2019020701005516,GLICL,58,16,83,698.00,"57,934.00"
2019-02-07,2019020701005726,HBL,32,53,50,431.00,"21,550.00"
2019-02-07,2019020701005804,HIDCL,57,55,100,138.00,"13,800.00"
2019-02-07,2019020701005349,HIDCL,57,19,29,138.00,"4,002.00"
2019-02-07,2019020701005348,HIDCL,57,25,12,138.00,"1,656.00"
2019-02-07,2019020701005347,HIDCL,57,42,10,138.00,"1,380.00"
2019-02-07,2019020701005479,HPPL,42,29,10,182.00,"1,820.00"
2019-02-07,2019020701005478,HPPL,42,45,10,181.00,"1,810.00"
2019-02-07,2019020701005477,HPPL,42,33,30,180.00,"5,400.00"
2019-02-07,2019020701005402,JBBL,47,47,110,138.00,"15,180.00"
2019-02-07,2019020701005576,JBNL,34,53,500,168.00,"84,000.00"
2019-02-07,2019020701005575,JBNL,34,59,300,168.00,"50,400.00"
2019-02-07,2019020701005574,JBNL,34,16,368,168.00,"61,824.00"
2019-02-07,2019020701005365,JBNL,56,10,30,166.00,"4,980.00"
2019-02-07,2019020701005337,KBBL,26,29,459,209.00,"95,931.00"
2019-02-07,2019020701005336,KBBL,22,29,241,209.00,"50,369.00"
2019-02-07,2019020701005342,KBL,48,51,500,239.00,"119,500.00"
2019-02-07,2019020701005721,KMCDB,6,21,10,831.00,"8,310.00"
2019-02-07,2019020701005542,KPCL,44,29,80,93.00,"7,440.00"
2019-02-07,2019020701005543,KPCL,45,29,20,92.00,"1,840.00"
2019-02-07,2019020701005608,KPCL,45,43,10,92.00,920.00
2019-02-07,2019020701005638,KPCL,45,43,10,92.00,920.00
2019-02-07,2019020701005672,KPCL,45,43,10,92.00,920.00
2019-02-07,2019020701005734,KPCL,45,42,10,92.00,920.00
2019-02-07,2019020701005413,KRBL,39,51,30,98.00,"2,940.00"
2019-02-07,2019020701005643,KSBBLP,44,39,"52,750",105.00,"5,538,750.00"
2019-02-07,2019020701005474,KSBBLP,44,39,"3,165",105.00,"332,325.00"
2019-02-07,2019020701005718,LBBL,51,16,56,172.00,"9,632.00"
2019-02-07,2019020701005525,LBBL,51,16,32,172.00,"5,504.00"
2019-02-07,2019020701005513,LBBL,51,57,88,172.00,"15,136.00"
2019-02-07,2019020701005415,LBBL,33,28,590,174.00,"102,660.00"
2019-02-07,2019020701005410,LBBL,26,32,415,173.00,"71,795.00"
2019-02-07,2019020701005320,LBL,53,34,60,196.00,"11,760.00"
2019-02-07,2019020701005618,LGIL,11,34,50,526.00,"26,300.00"
2019-02-07,2019020701005407,LGIL,21,25,300,523.00,"156,900.00"
2019-02-07,2019020701005785,LICN,25,17,10,"1,685.00","16,850.00"
2019-02-07,2019020701005535,MBL,11,1,68,210.00,"14,280.00"
2019-02-07,2019020701005521,MBL,11,43,100,210.00,"21,000.00"
2019-02-07,2019020701005661,MDB,43,6,81,280.00,"22,680.00"
2019-02-07,2019020701005660,MDB,43,38,200,280.00,"56,000.00"
2019-02-07,2019020701005659,MDB,43,21,500,280.00,"140,000.00"
2019-02-07,2019020701005658,MDB,43,55,200,278.00,"55,600.00"
2019-02-07,2019020701005592,MDB,11,55,100,278.00,"27,800.00"
2019-02-07,2019020701005528,MDB,55,55,100,275.00,"27,500.00"
2019-02-07,2019020701005732,MEGA,22,16,88,163.00,"14,344.00"
2019-02-07,2019020701005719,MEGA,45,45,1,165.00,165.00
2019-02-07,2019020701005716,MEGA,26,58,42,164.00,"6,888.00"
2019-02-07,2019020701005597,MEGA,45,45,1,165.00,165.00
2019-02-07,2019020701005517,MEGA,45,45,1,165.00,165.00
2019-02-07,2019020701005483,MEGA,26,57,452,164.00,"74,128.00"
2019-02-07,2019020701005482,MEGA,38,57,648,164.00,"106,272.00"
2019-02-07,2019020701005426,MEGA,56,26,100,165.00,"16,500.00"
2019-02-07,2019020701005382,MEGA,38,16,122,164.00,"20,008.00"
2019-02-07,2019020701005375,MEGA,53,26,50,165.00,"8,250.00"
2019-02-07,2019020701005313,MEGA,45,48,11,165.00,"1,815.00"
2019-02-07,2019020701005800,MERO,22,35,90,618.00,"55,620.00"
2019-02-07,2019020701005636,MERO,16,35,10,618.00,"6,180.00"
2019-02-07,2019020701005621,MERO,42,19,57,618.00,"35,226.00"
2019-02-07,2019020701005418,MERO,43,37,50,617.00,"30,850.00"
2019-02-07,2019020701005381,MERO,6,37,50,617.00,"30,850.00"
2019-02-07,2019020701005742,MLBL,33,16,28,168.00,"4,704.00"
2019-02-07,2019020701005741,MLBL,37,16,36,168.00,"6,048.00"
2019-02-07,2019020701005391,MLBL,37,16,64,168.00,"10,752.00"
2019-02-07,2019020701005794,MNBBL,22,48,50,345.00,"17,250.00"
2019-02-07,2019020701005761,MNBBL,22,53,50,345.00,"17,250.00"
2019-02-07,2019020701005759,MNBBL,48,53,50,345.00,"17,250.00"
2019-02-07,2019020701005405,MSMBS,45,38,11,531.00,"5,841.00"
2019-02-07,2019020701005777,NABIL,3,17,500,834.00,"417,000.00"
2019-02-07,2019020701005776,NABIL,3,57,50,834.00,"41,700.00"
2019-02-07,2019020701005607,NABIL,32,52,169,833.00,"140,777.00"
2019-02-07,2019020701005588,NABIL,3,39,173,833.00,"144,109.00"
2019-02-07,2019020701005587,NABIL,3,52,110,832.00,"91,520.00"
2019-02-07,2019020701005586,NABIL,3,55,229,831.00,"190,299.00"
2019-02-07,2019020701005422,NABIL,40,32,50,831.00,"41,550.00"
2019-02-07,2019020701005421,NABIL,19,32,43,831.00,"35,733.00"
2019-02-07,2019020701005316,NABIL,19,43,97,831.00,"80,607.00"
2019-02-07,2019020701005765,NABILP,19,1,60,735.00,"44,100.00"
2019-02-07,2019020701005740,NABILP,5,11,20,737.00,"14,740.00"
2019-02-07,2019020701005466,NABILP,19,41,100,735.00,"73,500.00"
2019-02-07,2019020701005739,NABILP,5,35,180,737.00,"132,660.00"
2019-02-07,2019020701005728,NABILP,17,35,230,737.00,"169,510.00"
2019-02-07,2019020701005727,NABILP,17,58,270,736.00,"198,720.00"
2019-02-07,2019020701005637,NABILP,19,14,126,735.00,"92,610.00"
2019-02-07,2019020701005629,NADEP,19,51,20,780.00,"15,600.00"
2019-02-07,2019020701005619,NADEP,19,51,20,780.00,"15,600.00"
2019-02-07,2019020701005544,NADEP,19,35,10,780.00,"7,800.00"
2019-02-07,2019020701005642,NBB,38,29,75,185.00,"13,875.00"
2019-02-07,2019020701005641,NBB,38,29,500,185.00,"92,500.00"
2019-02-07,2019020701005640,NBB,45,29,20,185.00,"3,700.00"
2019-02-07,2019020701005639,NBB,44,29,176,185.00,"32,560.00"
2019-02-07,2019020701005436,NBB,44,41,300,185.00,"55,500.00"
2019-02-07,2019020701005397,NBB,48,40,50,186.00,"9,300.00"
2019-02-07,2019020701005378,NBB,44,10,24,185.00,"4,440.00"
2019-02-07,2019020701005566,NBL,55,19,300,286.00,"85,800.00"
2019-02-07,2019020701005529,NBL,47,29,"1,000",287.00,"287,000.00"
2019-02-07,2019020701005383,NBL,58,21,40,288.00,"11,520.00"
2019-02-07,2019020701005775,NCCB,22,34,"2,558",210.00,"537,180.00"
2019-02-07,2019020701005774,NCCB,32,34,"1,000",210.00,"210,000.00"
2019-02-07,2019020701005773,NCCB,8,34,200,210.00,"42,000.00"
2019-02-07,2019020701005772,NCCB,45,34,50,210.00,"10,500.00"
2019-02-07,2019020701005771,NCCB,17,34,100,210.00,"21,000.00"
2019-02-07,2019020701005770,NCCB,29,34,92,210.00,"19,320.00"
2019-02-07,2019020701005743,NCCB,29,42,14,210.00,"2,940.00"
2019-02-07,2019020701005634,NCCB,52,13,100,211.00,"21,100.00"
2019-02-07,2019020701005626,NCCB,29,59,394,210.00,"82,740.00"
2019-02-07,2019020701005625,NCCB,57,59,106,210.00,"22,260.00"
2019-02-07,2019020701005484,NCCB,49,13,200,211.00,"42,200.00"
2019-02-07,2019020701005420,NCCB,48,13,500,211.00,"105,500.00"
2019-02-07,2019020701005497,NHDL,58,38,10,129.00,"1,290.00"
2019-02-07,2019020701005701,NIB,33,14,340,522.00,"177,480.00"
2019-02-07,2019020701005651,NIB,5,14,150,522.00,"78,300.00"
2019-02-07,2019020701005565,NIB,6,14,10,522.00,"5,220.00"
2019-02-07,2019020701005489,NIB,29,50,60,523.00,"31,380.00"
2019-02-07,2019020701005488,NIB,29,59,140,523.00,"73,220.00"
2019-02-07,2019020701005768,NICA,40,29,349,389.00,"135,761.00"
2019-02-07,2019020701005671,NICA,40,42,280,389.00,"108,920.00"
2019-02-07,2019020701005670,NICA,40,43,200,389.00,"77,800.00"
2019-02-07,2019020701005669,NICA,40,45,103,389.00,"40,067.00"
2019-02-07,2019020701005385,NICA,47,43,47,388.00,"18,236.00"
2019-02-07,2019020701005379,NICA,47,43,100,388.00,"38,800.00"
2019-02-07,2019020701005366,NICA,47,43,154,388.00,"59,752.00"
2019-02-07,2019020701005314,NICA,11,17,150,387.00,"58,050.00"
2019-02-07,2019020701005806,NICL,16,36,300,545.00,"163,500.00"
2019-02-07,2019020701005805,NICL,32,36,10,545.00,"5,450.00"
2019-02-07,2019020701005766,NICL,21,36,10,545.00,"5,450.00"
2019-02-07,2019020701005750,NICL,19,36,100,545.00,"54,500.00"
2019-02-07,2019020701005371,NICL,50,39,500,545.00,"272,500.00"
2019-02-07,2019020701005370,NICL,41,39,50,545.00,"27,250.00"
2019-02-07,2019020701005369,NICL,10,39,50,545.00,"27,250.00"
2019-02-07,2019020701005318,NICL,32,26,200,546.00,"109,200.00"
2019-02-07,2019020701005317,NICL,52,26,66,546.00,"36,036.00"
2019-02-07,2019020701005492,NICL,19,36,25,545.00,"13,625.00"
2019-02-07,2019020701005491,NICL,1,36,50,545.00,"27,250.00"
2019-02-07,2019020701005429,NICL,50,26,244,546.00,"133,224.00"
2019-02-07,2019020701005373,NICL,16,39,25,544.00,"13,600.00"
2019-02-07,2019020701005372,NICL,34,39,100,544.00,"54,400.00"
2019-02-07,2019020701005675,NICL,32,57,15,546.00,"8,190.00"
2019-02-07,2019020701005657,NICL,51,22,219,544.00,"119,136.00"
2019-02-07,2019020701005653,NICL,51,10,830,544.00,"451,520.00"
2019-02-07,2019020701005494,NICL,51,36,875,544.00,"476,000.00"
2019-02-07,2019020701005493,NICL,21,36,50,545.00,"27,250.00"
2019-02-07,2019020701005783,NIL,33,21,200,516.00,"103,200.00"
2019-02-07,2019020701005782,NIL,17,21,100,516.00,"51,600.00"
2019-02-07,2019020701005781,NIL,53,21,50,516.00,"25,800.00"
2019-02-07,2019020701005780,NIL,34,21,500,517.00,"258,500.00"
2019-02-07,2019020701005779,NIL,34,21,100,517.00,"51,700.00"
2019-02-07,2019020701005778,NIL,17,21,50,518.00,"25,900.00"
2019-02-07,2019020701005631,NIL,43,36,241,517.00,"124,597.00"
2019-02-07,2019020701005591,NIL,19,36,100,517.00,"51,700.00"
2019-02-07,2019020701005520,NIL,53,36,99,517.00,"51,183.00"
2019-02-07,2019020701005519,NIL,11,36,60,518.00,"31,080.00"
2019-02-07,2019020701005617,NLBBL,41,16,50,465.00,"23,250.00"
2019-02-07,2019020701005616,NLBBL,19,16,20,465.00,"9,300.00"
2019-02-07,2019020701005615,NLBBL,45,16,96,465.00,"44,640.00"
2019-02-07,2019020701005614,NLBBL,42,16,200,466.00,"93,200.00"
2019-02-07,2019020701005549,NLG,51,36,150,831.00,"124,650.00"
2019-02-07,2019020701005649,NLIC,26,8,70,"1,051.00","73,570.00"
2019-02-07,2019020701005648,NLIC,45,8,50,"1,052.00","52,600.00"
2019-02-07,2019020701005647,NLIC,6,8,20,"1,052.00","21,040.00"
2019-02-07,2019020701005424,NLIC,6,22,30,"1,052.00","31,560.00"
2019-02-07,2019020701005423,NLIC,14,22,20,"1,052.00","21,040.00"
2019-02-07,2019020701005796,NMB,29,37,430,315.00,"135,450.00"
2019-02-07,2019020701005724,NMB,6,6,"2,000",314.00,"628,000.00"
2019-02-07,2019020701005704,NMB,17,8,831,313.00,"260,103.00"
2019-02-07,2019020701005703,NMB,17,8,169,314.00,"53,066.00"
2019-02-07,2019020701005664,NMB,17,6,375,314.00,"117,750.00"
2019-02-07,2019020701005663,NMB,17,1,456,314.00,"143,184.00"
2019-02-07,2019020701005645,NMB,29,1,450,314.00,"141,300.00"
2019-02-07,2019020701005556,NMB,6,1,375,314.00,"117,750.00"
2019-02-07,2019020701005511,NMB,47,1,200,314.00,"62,800.00"
2019-02-07,2019020701005438,NMB,55,1,19,314.00,"5,966.00"
2019-02-07,2019020701005437,NMB,55,8,11,314.00,"3,454.00"
2019-02-07,2019020701005668,NMFBS,41,33,10,"1,649.00","16,490.00"
2019-02-07,2019020701005751,NSEWA,26,42,10,613.00,"6,130.00"
2019-02-07,2019020701005406,NSEWA,26,39,10,613.00,"6,130.00"
2019-02-07,2019020701005396,NTC,33,34,10,710.00,"7,100.00"
2019-02-07,2019020701005515,OHL,56,44,480,428.00,"205,440.00"
2019-02-07,2019020701005547,PCBL,58,16,10,317.00,"3,170.00"
2019-02-07,2019020701005414,PCBL,58,16,22,317.00,"6,974.00"
2019-02-07,2019020701005329,PFL,45,45,10,130.00,"1,300.00"
2019-02-07,2019020701005812,PLIC,38,44,100,461.00,"46,100.00"
2019-02-07,2019020701005811,PLIC,33,44,260,461.00,"119,860.00"
2019-02-07,2019020701005810,PLIC,10,44,20,462.00,"9,240.00"
2019-02-07,2019020701005809,PLIC,45,44,50,463.00,"23,150.00"
2019-02-07,2019020701005808,PLIC,35,44,203,464.00,"94,192.00"
2019-02-07,2019020701005807,PLIC,35,16,297,464.00,"137,808.00"
2019-02-07,2019020701005401,PLIC,57,57,100,461.00,"46,100.00"
2019-02-07,2019020701005400,PLIC,57,57,50,461.00,"23,050.00"
2019-02-07,2019020701005399,PLIC,1,57,100,463.00,"46,300.00"
2019-02-07,2019020701005398,PLIC,48,57,20,463.00,"9,260.00"
2019-02-07,2019020701005571,PLIC,33,36,240,461.00,"110,640.00"
2019-02-07,2019020701005570,PLIC,45,36,50,461.00,"23,050.00"
2019-02-07,2019020701005569,PLIC,14,36,100,461.00,"46,100.00"
2019-02-07,2019020701005555,PLIC,22,44,50,465.00,"23,250.00"
2019-02-07,2019020701005472,PLIC,1,57,16,461.00,"7,376.00"
2019-02-07,2019020701005764,PMHPL,56,42,10,108.00,"1,080.00"
2019-02-07,2019020701005762,PMHPL,56,28,10,108.00,"1,080.00"
2019-02-07,2019020701005744,PMHPL,56,28,10,108.00,"1,080.00"
2019-02-07,2019020701005725,PMHPL,56,28,10,108.00,"1,080.00"
2019-02-07,2019020701005702,PMHPL,56,43,10,108.00,"1,080.00"
2019-02-07,2019020701005546,PMHPL,56,29,20,108.00,"2,160.00"
2019-02-07,2019020701005496,PMHPL,56,21,100,108.00,"10,800.00"
2019-02-07,2019020701005495,PMHPL,56,48,10,108.00,"1,080.00"
2019-02-07,2019020701005338,PMHPL,57,39,10,107.00,"1,070.00"
2019-02-07,2019020701005786,PRVU,29,16,14,241.00,"3,374.00"
2019-02-07,2019020701005674,PRVU,29,22,227,241.00,"54,707.00"
2019-02-07,2019020701005673,PRVU,52,22,273,241.00,"65,793.00"
2019-02-07,2019020701005652,PRVU,52,33,306,241.00,"73,746.00"
2019-02-07,2019020701005560,PRVU,52,16,14,241.00,"3,374.00"
2019-02-07,2019020701005551,PRVU,52,19,200,241.00,"48,200.00"
2019-02-07,2019020701005416,PRVU,52,16,14,241.00,"3,374.00"
2019-02-07,2019020701005363,PURBL,45,45,6,150.00,900.00
2019-02-07,2019020701005738,RADHI,37,4,11,160.00,"1,760.00"
2019-02-07,2019020701005717,RADHI,13,43,11,159.00,"1,749.00"
2019-02-07,2019020701005526,RADHI,45,45,1,160.00,160.00
2019-02-07,2019020701005795,RBCL,45,54,20,"9,320.00","186,400.00"
2019-02-07,2019020701005760,RHPC,54,57,500,95.00,"47,500.00"
2019-02-07,2019020701005377,RHPC,45,45,4,95.00,380.00
2019-02-07,2019020701005736,RLFL,45,45,1,115.00,115.00
2019-02-07,2019020701005605,RLFL,45,45,1,115.00,115.00
2019-02-07,2019020701005538,RLFL,45,45,1,115.00,115.00
2019-02-07,2019020701005389,RLFL,45,45,6,115.00,690.00
2019-02-07,2019020701005523,RMDC,56,17,100,545.00,"54,500.00"
2019-02-07,2019020701005522,RMDC,56,32,15,544.00,"8,160.00"
2019-02-07,2019020701005553,RRHP,43,29,60,96.00,"5,760.00"
2019-02-07,2019020701005541,SADBL,42,19,114,137.00,"15,618.00"
2019-02-07,2019020701005540,SADBL,55,19,100,138.00,"13,800.00"
2019-02-07,2019020701005539,SADBL,56,19,86,138.00,"11,868.00"
2019-02-07,2019020701005787,SANIMA,17,32,132,299.00,"39,468.00"
2019-02-07,2019020701005733,SANIMA,19,17,50,300.00,"15,000.00"
2019-02-07,2019020701005490,SANIMA,47,17,"1,000",300.00,"300,000.00"
2019-02-07,2019020701005404,SBI,19,11,200,382.00,"76,400.00"
2019-02-07,2019020701005758,SBL,5,43,200,281.00,"56,200.00"
2019-02-07,2019020701005757,SBL,39,43,100,281.00,"28,100.00"
2019-02-07,2019020701005756,SBL,48,43,30,282.00,"8,460.00"
2019-02-07,2019020701005563,SBL,48,42,10,282.00,"2,820.00"
2019-02-07,2019020701005562,SBL,48,49,60,282.00,"16,920.00"
2019-02-07,2019020701005745,SHINE,45,44,400,245.00,"98,000.00"
2019-02-07,2019020701005548,SHINE,48,21,100,248.00,"24,800.00"
2019-02-07,2019020701005720,SHL,49,58,"99,000",201.00,"19,899,000.00"
2019-02-07,2019020701005604,SHPC,39,4,39,227.00,"8,853.00"
2019-02-07,2019020701005700,SIC,34,54,59,"1,256.00","74,104.00"
2019-02-07,2019020701005699,SIC,53,54,300,"1,265.00","379,500.00"
2019-02-07,2019020701005698,SIC,16,54,200,"1,266.00","253,200.00"
2019-02-07,2019020701005697,SIC,49,54,50,"1,267.00","63,350.00"
2019-02-07,2019020701005696,SIC,1,54,36,"1,267.00","45,612.00"
2019-02-07,2019020701005695,SIC,39,54,20,"1,267.00","25,340.00"
2019-02-07,2019020701005425,SIC,17,54,10,"1,281.00","12,810.00"
2019-02-07,2019020701005694,SIC,53,54,50,"1,270.00","63,500.00"
2019-02-07,2019020701005693,SIC,17,54,20,"1,270.00","25,400.00"
2019-02-07,2019020701005692,SIC,43,54,20,"1,270.00","25,400.00"
2019-02-07,2019020701005624,SIC,18,25,100,"1,275.00","127,500.00"
2019-02-07,2019020701005623,SIC,21,25,10,"1,277.00","12,770.00"
2019-02-07,2019020701005622,SIC,55,25,10,"1,277.00","12,770.00"
2019-02-07,2019020701005769,SICL,49,34,30,895.00,"26,850.00"
2019-02-07,2019020701005463,SICL,49,42,50,895.00,"44,750.00"
2019-02-07,2019020701005518,SKBBL,28,1,200,855.00,"171,000.00"
2019-02-07,2019020701005434,SKBBL,45,45,6,855.00,"5,130.00"
2019-02-07,2019020701005747,SLBBL,22,1,115,506.00,"58,190.00"
2019-02-07,2019020701005746,SLBBL,14,1,90,507.00,"45,630.00"
2019-02-07,2019020701005735,SLBBL,14,21,10,507.00,"5,070.00"
2019-02-07,2019020701005801,SLBSL,49,36,10,852.00,"8,520.00"
2019-02-07,2019020701005797,SLBSL,49,39,10,852.00,"8,520.00"
2019-02-07,2019020701005767,SLBSL,49,41,10,852.00,"8,520.00"
2019-02-07,2019020701005755,SLBSL,49,7,10,852.00,"8,520.00"
2019-02-07,2019020701005754,SLBSL,49,56,10,852.00,"8,520.00"
2019-02-07,2019020701005676,SLBSL,49,57,10,850.00,"8,500.00"
2019-02-07,2019020701005332,SLBSL,17,48,10,837.00,"8,370.00"
2019-02-07,2019020701005331,SLBSL,17,40,10,837.00,"8,370.00"
2019-02-07,2019020701005325,SLBSL,37,49,10,835.00,"8,350.00"
2019-02-07,2019020701005341,SLBSL,16,42,10,835.00,"8,350.00"
2019-02-07,2019020701005340,SLBSL,16,47,10,835.00,"8,350.00"
2019-02-07,2019020701005339,SLBSL,16,49,10,835.00,"8,350.00"
2019-02-07,2019020701005335,SLBSL,17,32,10,834.00,"8,340.00"
2019-02-07,2019020701005334,SLBSL,17,28,10,838.00,"8,380.00"
2019-02-07,2019020701005333,SLBSL,17,28,10,838.00,"8,380.00"
2019-02-07,2019020701005353,SLBSL,7,28,10,840.00,"8,400.00"
2019-02-07,2019020701005352,SLBSL,7,14,10,839.00,"8,390.00"
2019-02-07,2019020701005351,SLBSL,7,56,10,839.00,"8,390.00"
2019-02-07,2019020701005350,SLBSL,7,56,10,839.00,"8,390.00"
2019-02-07,2019020701005346,SLBSL,16,34,10,835.00,"8,350.00"
2019-02-07,2019020701005343,SLBSL,16,49,10,835.00,"8,350.00"
2019-02-07,2019020701005359,SLBSL,7,1,10,840.00,"8,400.00"
2019-02-07,2019020701005358,SLBSL,7,1,10,840.00,"8,400.00"
2019-02-07,2019020701005357,SLBSL,7,1,10,840.00,"8,400.00"
2019-02-07,2019020701005356,SLBSL,7,3,10,840.00,"8,400.00"
2019-02-07,2019020701005355,SLBSL,7,42,10,840.00,"8,400.00"
2019-02-07,2019020701005354,SLBSL,7,57,10,840.00,"8,400.00"
2019-02-07,2019020701005387,SLBSL,37,42,50,835.00,"41,750.00"
2019-02-07,2019020701005386,SLBSL,16,42,40,835.00,"33,400.00"
2019-02-07,2019020701005368,SLBSL,16,42,10,835.00,"8,350.00"
2019-02-07,2019020701005362,SLBSL,7,58,10,840.00,"8,400.00"
2019-02-07,2019020701005361,SLBSL,7,36,10,840.00,"8,400.00"
2019-02-07,2019020701005360,SLBSL,7,57,10,840.00,"8,400.00"
2019-02-07,2019020701005440,SLBSL,7,46,10,841.00,"8,410.00"
2019-02-07,2019020701005433,SLBSL,14,40,10,840.00,"8,400.00"
2019-02-07,2019020701005432,SLBSL,14,40,10,840.00,"8,400.00"
2019-02-07,2019020701005431,SLBSL,14,29,10,838.00,"8,380.00"
2019-02-07,2019020701005395,SLBSL,7,45,10,836.00,"8,360.00"
2019-02-07,2019020701005446,SLBSL,7,49,10,842.00,"8,420.00"
2019-02-07,2019020701005445,SLBSL,7,49,10,842.00,"8,420.00"
2019-02-07,2019020701005444,SLBSL,7,43,10,842.00,"8,420.00"
2019-02-07,2019020701005443,SLBSL,7,19,10,842.00,"8,420.00"
2019-02-07,2019020701005442,SLBSL,7,49,10,841.00,"8,410.00"
2019-02-07,2019020701005441,SLBSL,7,56,10,841.00,"8,410.00"
2019-02-07,2019020701005452,SLBSL,7,44,10,845.00,"8,450.00"
2019-02-07,2019020701005451,SLBSL,7,17,10,845.00,"8,450.00"
2019-02-07,2019020701005450,SLBSL,7,10,10,845.00,"8,450.00"
2019-02-07,2019020701005449,SLBSL,7,10,10,845.00,"8,450.00"
2019-02-07,2019020701005448,SLBSL,7,49,10,842.00,"8,420.00"
2019-02-07,2019020701005447,SLBSL,7,49,10,842.00,"8,420.00"
2019-02-07,2019020701005458,SLBSL,7,39,10,846.00,"8,460.00"
2019-02-07,2019020701005457,SLBSL,7,39,10,846.00,"8,460.00"
2019-02-07,2019020701005456,SLBSL,7,44,10,846.00,"8,460.00"
2019-02-07,2019020701005455,SLBSL,7,47,10,846.00,"8,460.00"
2019-02-07,2019020701005454,SLBSL,7,47,10,846.00,"8,460.00"
2019-02-07,2019020701005453,SLBSL,7,43,10,846.00,"8,460.00"
2019-02-07,2019020701005476,SLBSL,7,56,10,852.00,"8,520.00"
2019-02-07,2019020701005473,SLBSL,7,52,10,852.00,"8,520.00"
2019-02-07,2019020701005462,SLBSL,7,49,10,852.00,"8,520.00"
2019-02-07,2019020701005461,SLBSL,7,44,10,850.00,"8,500.00"
2019-02-07,2019020701005460,SLBSL,7,10,10,846.00,"8,460.00"
2019-02-07,2019020701005459,SLBSL,7,10,10,846.00,"8,460.00"
2019-02-07,2019020701005502,SLBSL,17,29,10,860.00,"8,600.00"
2019-02-07,2019020701005501,SLBSL,17,25,10,860.00,"8,600.00"
2019-02-07,2019020701005500,SLBSL,17,53,10,860.00,"8,600.00"
2019-02-07,2019020701005499,SLBSL,17,53,10,860.00,"8,600.00"
2019-02-07,2019020701005498,SLBSL,17,53,10,855.00,"8,550.00"
2019-02-07,2019020701005485,SLBSL,7,42,40,852.00,"34,080.00"
2019-02-07,2019020701005533,SLBSL,17,39,10,861.00,"8,610.00"
2019-02-07,2019020701005532,SLBSL,17,38,10,861.00,"8,610.00"
2019-02-07,2019020701005531,SLBSL,17,58,10,861.00,"8,610.00"
2019-02-07,2019020701005530,SLBSL,17,49,10,861.00,"8,610.00"
2019-02-07,2019020701005504,SLBSL,17,29,10,861.00,"8,610.00"
2019-02-07,2019020701005503,SLBSL,17,25,10,861.00,"8,610.00"
2019-02-07,2019020701005581,SLBSL,39,58,10,861.00,"8,610.00"
2019-02-07,2019020701005580,SLBSL,39,37,10,861.00,"8,610.00"
2019-02-07,2019020701005579,SLBSL,39,39,10,861.00,"8,610.00"
2019-02-07,2019020701005578,SLBSL,39,43,10,861.00,"8,610.00"
2019-02-07,2019020701005577,SLBSL,39,33,10,861.00,"8,610.00"
2019-02-07,2019020701005572,SLBSL,7,17,10,851.00,"8,510.00"
2019-02-07,2019020701005594,SLBSL,5,53,40,861.00,"34,440.00"
2019-02-07,2019020701005593,SLBSL,5,58,10,861.00,"8,610.00"
2019-02-07,2019020701005585,SLBSL,39,7,10,861.00,"8,610.00"
2019-02-07,2019020701005584,SLBSL,39,58,10,861.00,"8,610.00"
2019-02-07,2019020701005583,SLBSL,39,13,10,861.00,"8,610.00"
2019-02-07,2019020701005582,SLBSL,39,43,10,861.00,"8,610.00"
2019-02-07,2019020701005633,SLBSL,7,58,10,851.00,"8,510.00"
2019-02-07,2019020701005628,SLBSL,7,29,10,851.00,"8,510.00"
2019-02-07,2019020701005610,SLBSL,7,39,10,851.00,"8,510.00"
2019-02-07,2019020701005600,SLBSL,17,37,10,861.00,"8,610.00"
2019-02-07,2019020701005599,SLBSL,17,53,460,861.00,"396,060.00"
2019-02-07,2019020701005598,SLBSL,17,56,10,860.00,"8,600.00"
2019-02-07,2019020701005666,SLBSL,49,48,10,850.00,"8,500.00"
2019-02-07,2019020701005662,SLBSL,49,57,10,850.00,"8,500.00"
2019-02-07,2019020701005656,SLBSL,49,48,10,850.00,"8,500.00"
2019-02-07,2019020701005650,SLBSL,7,29,10,851.00,"8,510.00"
2019-02-07,2019020701005646,SLBSL,7,8,10,851.00,"8,510.00"
2019-02-07,2019020701005635,SLBSL,7,39,10,851.00,"8,510.00"
2019-02-07,2019020701005596,SLICL,6,16,10,531.00,"5,310.00"
2019-02-07,2019020701005689,SMATA,54,45,12,"1,300.00","15,600.00"
2019-02-07,2019020701005678,UIC,42,33,10,794.00,"7,940.00"
2019-02-07,2019020701005665,UIC,42,28,20,794.00,"15,880.00"
2019-02-07,2019020701005595,UIC,29,28,10,794.00,"7,940.00"
2019-02-07,2019020701005427,UIC,1,28,40,794.00,"31,760.00"
2019-02-07,2019020701005403,UIC,47,28,30,794.00,"23,820.00"
2019-02-07,2019020701005367,UIC,47,41,290,794.00,"230,260.00"
2019-02-07,2019020701005763,UPPER,29,42,50,236.00,"11,800.00"
2019-02-07,2019020701005753,UPPER,29,44,27,236.00,"6,372.00"
2019-02-07,2019020701005752,UPPER,59,44,23,236.00,"5,428.00"
2019-02-07,2019020701005374,UPPER,48,32,40,236.00,"9,440.00"
2019-02-07,2019020701005364,UPPER,48,32,40,236.00,"9,440.00"
2019-02-07,2019020701005328,UPPER,48,1,365,236.00,"86,140.00"
2019-02-07,2019020701005327,UPPER,48,1,100,236.00,"23,600.00"
2019-02-07,2019020701005326,UPPER,29,1,35,236.00,"8,260.00"
2019-02-07,2019020701005394,UPPER,50,22,400,236.00,"94,400.00"
2019-02-07,2019020701005393,UPPER,50,44,50,236.00,"11,800.00"
2019-02-07,2019020701005392,UPPER,50,58,50,236.00,"11,800.00"
2019-02-07,2019020701005390,UPPER,50,39,40,236.00,"9,440.00"
2019-02-07,2019020701005388,UPPER,50,16,293,236.00,"69,148.00"
2019-02-07,2019020701005384,UPPER,48,32,50,236.00,"11,800.00"
2019-02-07,2019020701005468,UPPER,47,54,40,236.00,"9,440.00"
2019-02-07,2019020701005465,UPPER,47,44,153,236.00,"36,108.00"
2019-02-07,2019020701005464,UPPER,50,44,17,236.00,"4,012.00"
2019-02-07,2019020701005411,UPPER,50,44,50,236.00,"11,800.00"
2019-02-07,2019020701005409,UPPER,50,1,50,236.00,"11,800.00"
2019-02-07,2019020701005408,UPPER,50,16,50,236.00,"11,800.00"
2019-02-07,2019020701005506,UPPER,21,55,150,237.00,"35,550.00"
2019-02-07,2019020701005505,UPPER,44,55,40,237.00,"9,480.00"
2019-02-07,2019020701005487,UPPER,58,44,137,236.00,"32,332.00"
2019-02-07,2019020701005486,UPPER,58,44,40,236.00,"9,440.00"
2019-02-07,2019020701005480,UPPER,58,51,40,236.00,"9,440.00"
2019-02-07,2019020701005475,UPPER,58,54,40,236.00,"9,440.00"
2019-02-07,2019020701005536,UPPER,58,44,40,236.00,"9,440.00"
2019-02-07,2019020701005510,UPPER,58,44,40,236.00,"9,440.00"
2019-02-07,2019020701005509,UPPER,21,6,10,237.00,"2,370.00"
2019-02-07,2019020701005508,UPPER,21,6,40,237.00,"9,480.00"
2019-02-07,2019020701005507,UPPER,21,6,50,237.00,"11,850.00"
2019-02-07,2019020701005561,UPPER,58,22,40,236.00,"9,440.00"
2019-02-07,2019020701005559,UPPER,58,32,195,236.00,"46,020.00"
2019-02-07,2019020701005554,UPPER,58,44,40,236.00,"9,440.00"
2019-02-07,2019020701005552,UPPER,58,22,40,236.00,"9,440.00"
2019-02-07,2019020701005545,UPPER,58,32,195,236.00,"46,020.00"
2019-02-07,2019020701005590,UPPER,44,6,40,237.00,"9,480.00"
2019-02-07,2019020701005589,UPPER,58,22,50,236.00,"11,800.00"
2019-02-07,2019020701005573,UPPER,58,44,40,236.00,"9,440.00"
2019-02-07,2019020701005568,UPPER,58,22,50,236.00,"11,800.00"
2019-02-07,2019020701005567,UPPER,58,40,50,236.00,"11,800.00"
2019-02-07,2019020701005564,UPPER,58,44,40,236.00,"9,440.00"
2019-02-07,2019020701005627,UPPER,58,57,40,236.00,"9,440.00"
2019-02-07,2019020701005620,UPPER,58,44,40,236.00,"9,440.00"
2019-02-07,2019020701005606,UPPER,58,57,40,236.00,"9,440.00"
2019-02-07,2019020701005603,UPPER,58,44,40,236.00,"9,440.00"
2019-02-07,2019020701005601,UPPER,58,57,50,236.00,"11,800.00"
2019-02-07,2019020701005667,UPPER,58,44,40,236.00,"9,440.00"
2019-02-07,2019020701005655,UPPER,58,48,40,236.00,"9,440.00"
2019-02-07,2019020701005654,UPPER,58,44,40,236.00,"9,440.00"
2019-02-07,2019020701005644,UPPER,58,44,40,236.00,"9,440.00"
2019-02-07,2019020701005630,UPPER,58,44,50,236.00,"11,800.00"
2019-02-07,2019020701005682,UPPER,14,20,40,237.00,"9,480.00"
2019-02-07,2019020701005681,UPPER,14,56,20,237.00,"4,740.00"
2019-02-07,2019020701005680,UPPER,14,14,50,237.00,"11,850.00"
2019-02-07,2019020701005679,UPPER,14,6,40,237.00,"9,480.00"
2019-02-07,2019020701005677,UPPER,58,44,40,236.00,"9,440.00"
2019-02-07,2019020701005688,UPPER,14,6,40,237.00,"9,480.00"
2019-02-07,2019020701005687,UPPER,14,22,300,237.00,"71,100.00"
2019-02-07,2019020701005686,UPPER,14,20,50,237.00,"11,850.00"
2019-02-07,2019020701005685,UPPER,14,57,250,237.00,"59,250.00"
2019-02-07,2019020701005684,UPPER,14,20,50,237.00,"11,850.00"
2019-02-07,2019020701005683,UPPER,14,20,40,237.00,"9,480.00"
2019-02-07,2019020701005710,UPPER,50,38,987,236.00,"232,932.00"
2019-02-07,2019020701005709,UPPER,48,38,20,236.00,"4,720.00"
2019-02-07,2019020701005708,UPPER,58,38,963,236.00,"227,268.00"
2019-02-07,2019020701005707,UPPER,14,38,30,237.00,"7,110.00"
2019-02-07,2019020701005706,UPPER,14,57,40,237.00,"9,480.00"
2019-02-07,2019020701005690,UPPER,14,34,50,237.00,"11,850.00"
2019-02-07,2019020701005731,UPPER,58,34,50,237.00,"11,850.00"
2019-02-07,2019020701005723,UPPER,59,44,27,236.00,"6,372.00"
2019-02-07,2019020701005722,UPPER,59,44,23,236.00,"5,428.00"
2019-02-07,2019020701005715,UPPER,59,13,27,236.00,"6,372.00"
2019-02-07,2019020701005714,UPPER,50,13,13,236.00,"3,068.00"
2019-02-07,2019020701005784,WOMI,57,44,300,"1,135.00","340,500.00"
2019-02-07,2019020701005224,ADBL,58,53,30,337.00,"10,110.00"
2019-02-07,2019020701005134,ADBL,14,16,105,334.00,"35,070.00"
2019-02-07,2019020701004973,ADBL,56,16,100,333.00,"33,300.00"
2019-02-07,2019020701004972,ADBL,42,16,84,333.00,"27,972.00"
2019-02-07,2019020701005150,AHPC,45,16,99,99.00,"9,801.00"
2019-02-07,2019020701004967,AHPC,45,40,"1,000",99.00,"99,000.00"
2019-02-07,2019020701004966,AHPC,45,40,"1,000",99.00,"99,000.00"
2019-02-07,2019020701004965,AHPC,45,40,"2,000",99.00,"198,000.00"
2019-02-07,2019020701004925,AKJCL,44,26,10,84.00,840.00
2019-02-07,2019020701004820,AKJCL,40,35,10,85.00,850.00
2019-02-07,2019020701005226,ALICL,57,19,100,600.00,"60,000.00"
2019-02-07,2019020701004896,ALICL,57,19,50,600.00,"30,000.00"
2019-02-07,2019020701004916,API,45,5,10,136.00,"1,360.00"
2019-02-07,2019020701005044,API,14,18,27,135.00,"3,645.00"
2019-02-07,2019020701005309,BPCL,45,16,10,350.00,"3,500.00"
2019-02-07,2019020701005300,BPCL,45,16,10,350.00,"3,500.00"
2019-02-07,2019020701005292,BPCL,45,16,80,350.00,"28,000.00"
2019-02-07,2019020701005291,BPCL,57,16,20,350.00,"7,000.00"
2019-02-07,2019020701005079,BPCL,57,5,80,350.00,"28,000.00"
2019-02-07,2019020701005078,BPCL,10,5,110,350.00,"38,500.00"
2019-02-07,2019020701005077,BPCL,41,5,50,351.00,"17,550.00"
2019-02-07,2019020701005076,BPCL,33,5,50,351.00,"17,550.00"
2019-02-07,2019020701005075,BPCL,43,5,190,351.00,"66,690.00"
2019-02-07,2019020701005074,BPCL,50,5,500,352.00,"176,000.00"
2019-02-07,2019020701005073,BPCL,43,5,20,353.00,"7,060.00"
2019-02-07,2019020701005312,CBBL,47,37,60,881.00,"52,860.00"
2019-02-07,2019020701005305,CBBL,47,37,100,881.00,"88,100.00"
2019-02-07,2019020701005290,CBBL,47,37,105,881.00,"92,505.00"
2019-02-07,2019020701005284,CBBL,47,37,70,881.00,"61,670.00"
2019-02-07,2019020701004963,CBBL,54,37,100,881.00,"88,100.00"
2019-02-07,2019020701004854,CBBL,19,21,60,880.00,"52,800.00"
2019-02-07,2019020701004850,CBBL,8,55,11,879.00,"9,669.00"
2019-02-07,2019020701005094,CBBL,8,51,10,879.00,"8,790.00"
2019-02-07,2019020701005025,CBBL,19,35,90,880.00,"79,200.00"
2019-02-07,2019020701005007,CBBL,19,25,50,880.00,"44,000.00"
2019-02-07,2019020701005000,CBBL,38,37,100,881.00,"88,100.00"
2019-02-07,2019020701005153,CBBL,47,37,50,881.00,"44,050.00"
2019-02-07,2019020701005148,CBBL,47,37,35,881.00,"30,835.00"
2019-02-07,2019020701005135,CBBL,47,37,45,881.00,"39,645.00"
2019-02-07,2019020701005130,CBBL,47,37,45,881.00,"39,645.00"
2019-02-07,2019020701005113,CBBL,47,37,30,881.00,"26,430.00"
2019-02-07,2019020701005104,CBBL,47,37,45,881.00,"39,645.00"
2019-02-07,2019020701005179,CBBL,47,45,68,881.00,"59,908.00"
2019-02-07,2019020701005170,CBBL,47,45,67,881.00,"59,027.00"
2019-02-07,2019020701005163,CBBL,47,37,45,881.00,"39,645.00"
2019-02-07,2019020701005274,CBBL,47,37,25,881.00,"22,025.00"
2019-02-07,2019020701005273,CBBL,47,45,45,881.00,"39,645.00"
2019-02-07,2019020701005257,CBBL,47,45,10,881.00,"8,810.00"
2019-02-07,2019020701005256,CBBL,47,42,50,880.00,"44,000.00"
2019-02-07,2019020701005240,CBBL,47,45,50,881.00,"44,050.00"
2019-02-07,2019020701005235,CBBL,47,45,60,881.00,"52,860.00"
2019-02-07,2019020701005212,CBL,45,45,9,155.00,"1,395.00"
2019-02-07,2019020701005137,CBL,51,55,168,156.00,"26,208.00"
2019-02-07,2019020701005136,CBL,13,55,132,156.00,"20,592.00"
2019-02-07,2019020701004997,CBL,13,42,868,156.00,"135,408.00"
2019-02-07,2019020701004996,CBL,4,42,132,156.00,"20,592.00"
2019-02-07,2019020701004952,CBL,4,25,418,156.00,"65,208.00"
2019-02-07,2019020701005272,CCBL,29,42,100,166.00,"16,600.00"
2019-02-07,2019020701005244,CCBL,45,45,7,165.00,"1,155.00"
2019-02-07,2019020701005098,CCBL,40,1,100,167.00,"16,700.00"
2019-02-07,2019020701005048,CCBL,29,1,100,167.00,"16,700.00"
2019-02-07,2019020701004874,CCBL,29,32,89,166.00,"14,774.00"
2019-02-07,2019020701005231,CHCL,21,16,18,510.00,"9,180.00"
2019-02-07,2019020701005230,CHCL,39,16,30,510.00,"15,300.00"
2019-02-07,2019020701005229,CHCL,25,16,14,510.00,"7,140.00"
2019-02-07,2019020701005228,CHCL,25,16,38,510.00,"19,380.00"
2019-02-07,2019020701005217,CHCL,25,1,12,510.00,"6,120.00"
2019-02-07,2019020701004834,CHCL,42,28,100,515.00,"51,500.00"
2019-02-07,2019020701004877,CHL,25,42,10,102.00,"1,020.00"
2019-02-07,2019020701004876,CHL,25,42,10,102.00,"1,020.00"
2019-02-07,2019020701004959,CIT,26,35,200,"2,667.00","533,400.00"
2019-02-07,2019020701004958,CIT,10,35,100,"2,668.00","266,800.00"
2019-02-07,2019020701004957,CIT,6,35,10,"2,669.00","26,690.00"
2019-02-07,2019020701004956,CIT,36,35,50,"2,670.00","133,500.00"
2019-02-07,2019020701005243,DBBL,28,1,112,123.00,"13,776.00"
2019-02-07,2019020701005227,DBBL,28,16,27,123.00,"3,321.00"
2019-02-07,2019020701005051,DBBL,55,44,40,124.00,"4,960.00"
2019-02-07,2019020701005020,DBBL,37,44,500,124.00,"62,000.00"
2019-02-07,2019020701004989,DBBL,1,44,100,124.00,"12,400.00"
2019-02-07,2019020701004968,DBBL,1,8,100,125.00,"12,500.00"
2019-02-07,2019020701004940,DBBL,36,22,"1,196",124.00,"148,304.00"
2019-02-07,2019020701004939,DBBL,36,44,679,124.00,"84,196.00"
2019-02-07,2019020701004938,DBBL,36,45,212,124.00,"26,288.00"
2019-02-07,2019020701005288,DDBL,25,47,100,573.00,"57,300.00"
2019-02-07,2019020701005287,DDBL,18,47,100,573.00,"57,300.00"
2019-02-07,2019020701005286,DDBL,43,47,10,573.00,"5,730.00"
2019-02-07,2019020701005206,DDBL,43,47,40,573.00,"22,920.00"
2019-02-07,2019020701005205,DDBL,26,47,100,574.00,"57,400.00"
2019-02-07,2019020701005204,DDBL,43,47,100,574.00,"57,400.00"
2019-02-07,2019020701005203,DDBL,28,47,100,575.00,"57,500.00"
2019-02-07,2019020701005202,DDBL,55,47,50,575.00,"28,750.00"
2019-02-07,2019020701005201,DDBL,51,47,10,576.00,"5,760.00"
2019-02-07,2019020701005194,EIC,42,43,10,810.00,"8,100.00"
2019-02-07,2019020701005062,EIC,34,41,61,805.00,"49,105.00"
2019-02-07,2019020701004955,EIC,1,19,50,802.00,"40,100.00"
2019-02-07,2019020701004904,EIC,43,14,24,801.00,"19,224.00"
2019-02-07,2019020701004882,EIC,32,14,61,802.00,"48,922.00"
2019-02-07,2019020701004881,EIC,57,14,15,805.00,"12,075.00"
2019-02-07,2019020701005041,FMDBL,49,44,100,367.00,"36,700.00"
2019-02-07,2019020701004920,FOWAD,38,57,40,"1,540.00","61,600.00"
2019-02-07,2019020701004908,FOWAD,38,57,40,"1,540.00","61,600.00"
2019-02-07,2019020701005281,GBBL,57,32,25,184.00,"4,600.00"
2019-02-07,2019020701005207,GBBL,57,16,41,184.00,"7,544.00"
2019-02-07,2019020701005173,GBBL,56,16,40,184.00,"7,360.00"
2019-02-07,2019020701005131,GBBL,58,16,19,183.00,"3,477.00"
2019-02-07,2019020701005018,GBIME,28,40,100,264.00,"26,400.00"
2019-02-07,2019020701005017,GBIME,11,40,50,264.00,"13,200.00"
2019-02-07,2019020701005016,GBIME,16,40,200,264.00,"52,800.00"
2019-02-07,2019020701005215,GBLBS,5,5,10,441.00,"4,410.00"
2019-02-07,2019020701005196,GDBL,32,16,20,182.00,"3,640.00"
2019-02-07,2019020701005143,GDBL,32,16,19,182.00,"3,458.00"
2019-02-07,2019020701005063,GDBL,32,1,151,182.00,"27,482.00"
2019-02-07,2019020701005223,GILB,44,44,980,"1,162.00","1,138,760.00"
2019-02-07,2019020701005222,GILB,18,44,20,"1,165.00","23,300.00"
2019-02-07,2019020701004909,GILB,44,44,296,"1,161.00","343,656.00"
2019-02-07,2019020701004901,GILB,22,44,70,"1,161.00","81,270.00"
2019-02-07,2019020701004900,GILB,47,44,90,"1,165.00","104,850.00"
2019-02-07,2019020701005043,GLICL,58,34,67,698.00,"46,766.00"
2019-02-07,2019020701005042,GLICL,58,34,33,704.00,"23,232.00"
2019-02-07,2019020701004879,GRDBL,1,42,200,105.00,"21,000.00"
2019-02-07,2019020701005004,GUFL,14,7,265,103.00,"27,295.00"
2019-02-07,2019020701004873,HBL,48,36,54,430.00,"23,220.00"
2019-02-07,2019020701005034,HIDCL,46,18,29,137.00,"3,973.00"
2019-02-07,2019020701004893,HIDCL,46,29,10,137.00,"1,370.00"
2019-02-07,2019020701004832,HIDCL,46,45,56,137.00,"7,672.00"
2019-02-07,2019020701005301,HPPL,45,33,10,180.00,"1,800.00"
2019-02-07,2019020701005269,HPPL,42,33,60,180.00,"10,800.00"
2019-02-07,2019020701005208,HPPL,42,29,10,180.00,"1,800.00"
2019-02-07,2019020701005200,HPPL,42,47,10,180.00,"1,800.00"
2019-02-07,2019020701004902,HPPL,42,29,10,180.00,"1,800.00"
2019-02-07,2019020701005267,ICFC,26,10,232,148.00,"34,336.00"
2019-02-07,2019020701005266,ICFC,17,10,500,148.00,"74,000.00"
2019-02-07,2019020701005265,ICFC,49,10,200,148.00,"29,600.00"
2019-02-07,2019020701005264,ICFC,49,10,"1,000",148.00,"148,000.00"
2019-02-07,2019020701005263,ICFC,57,10,50,149.00,"7,450.00"
2019-02-07,2019020701005262,ICFC,36,10,100,149.00,"14,900.00"
2019-02-07,2019020701005261,ICFC,49,10,57,149.00,"8,493.00"
2019-02-07,2019020701005006,ICFC,45,10,100,150.00,"15,000.00"
2019-02-07,2019020701005035,JBBL,37,11,272,137.00,"37,264.00"
2019-02-07,2019020701004823,JBBL,57,11,39,137.00,"5,343.00"
2019-02-07,2019020701004822,JBBL,57,1,401,137.00,"54,937.00"
2019-02-07,2019020701004891,JBNL,25,16,132,168.00,"22,176.00"
2019-02-07,2019020701004890,JBNL,25,43,118,168.00,"19,824.00"
2019-02-07,2019020701004889,JBNL,25,39,100,168.00,"16,800.00"
2019-02-07,2019020701004888,JBNL,25,10,150,167.00,"25,050.00"
2019-02-07,2019020701005168,KBBL,22,54,100,209.00,"20,900.00"
2019-02-07,2019020701005106,KBL,14,55,195,238.00,"46,410.00"
2019-02-07,2019020701005064,KKHC,54,18,16,89.00,"1,424.00"
2019-02-07,2019020701005110,KMFL,17,45,96,960.00,"92,160.00"
2019-02-07,2019020701005109,KMFL,32,45,70,961.00,"67,270.00"
2019-02-07,2019020701005193,KNBL,6,36,500,119.00,"59,500.00"
2019-02-07,2019020701004928,KNBL,43,32,80,118.00,"9,440.00"
2019-02-07,2019020701004910,KPCL,45,29,10,92.00,920.00
2019-02-07,2019020701005015,KPCL,44,7,10,93.00,930.00
2019-02-07,2019020701005236,KPCL,44,47,10,93.00,930.00
2019-02-07,2019020701004950,KSBBL,56,33,100,136.00,"13,600.00"
2019-02-07,2019020701004899,KSBBL,57,32,38,135.00,"5,130.00"
2019-02-07,2019020701004878,KSBBL,1,33,60,136.00,"8,160.00"
2019-02-07,2019020701005191,LBBL,57,32,500,173.00,"86,500.00"
2019-02-07,2019020701005190,LBBL,26,32,827,173.00,"143,071.00"
2019-02-07,2019020701004994,LBBL,26,16,56,173.00,"9,688.00"
2019-02-07,2019020701005013,LBL,32,47,210,195.00,"40,950.00"
2019-02-07,2019020701005012,LBL,57,47,380,195.00,"74,100.00"
2019-02-07,2019020701005011,LBL,42,47,200,195.00,"39,000.00"
2019-02-07,2019020701005010,LBL,43,47,210,195.00,"40,950.00"
2019-02-07,2019020701005299,LLBS,26,47,14,766.00,"10,724.00"
2019-02-07,2019020701005298,LLBS,50,47,100,767.00,"76,700.00"
2019-02-07,2019020701005297,LLBS,5,47,50,771.00,"38,550.00"
2019-02-07,2019020701005296,LLBS,6,47,50,772.00,"38,600.00"
2019-02-07,2019020701005085,LLBS,22,58,24,776.00,"18,624.00"
2019-02-07,2019020701005164,MBL,11,58,32,210.00,"6,720.00"
2019-02-07,2019020701005219,MDB,41,55,100,275.00,"27,500.00"
2019-02-07,2019020701005293,MEGA,13,48,200,165.00,"33,000.00"
2019-02-07,2019020701005147,MEGA,38,7,230,164.00,"37,720.00"
2019-02-07,2019020701005031,MEGA,19,7,50,164.00,"8,200.00"
2019-02-07,2019020701005030,MEGA,1,7,100,164.00,"16,400.00"
2019-02-07,2019020701005029,MEGA,57,7,151,164.00,"24,764.00"
2019-02-07,2019020701005028,MEGA,48,48,135,165.00,"22,275.00"
2019-02-07,2019020701005027,MEGA,48,37,345,165.00,"56,925.00"
2019-02-07,2019020701005021,MEGA,57,45,11,164.00,"1,804.00"
2019-02-07,2019020701004977,MEGA,57,39,50,164.00,"8,200.00"
2019-02-07,2019020701004870,MEGA,57,57,788,164.00,"129,232.00"
2019-02-07,2019020701004858,MEGA,44,57,"1,000",164.00,"164,000.00"
2019-02-07,2019020701005233,MERO,43,16,100,617.00,"61,700.00"
2019-02-07,2019020701004866,MERO,47,35,23,615.00,"14,145.00"
2019-02-07,2019020701004921,MERO,56,25,100,618.00,"61,800.00"
2019-02-07,2019020701004907,MLBL,59,45,20,169.00,"3,380.00"
2019-02-07,2019020701005108,MMFDB,25,42,11,"1,030.00","11,330.00"
2019-02-07,2019020701005107,MMFDB,25,25,20,"1,025.00","20,500.00"
2019-02-07,2019020701005101,MMFDB,25,47,44,"1,010.00","44,440.00"
2019-02-07,2019020701005100,MMFDB,25,50,50,"1,009.00","50,450.00"
2019-02-07,2019020701005088,MMFDB,25,33,80,999.00,"79,920.00"
2019-02-07,2019020701004983,MMFDB,49,16,100,985.00,"98,500.00"
2019-02-07,2019020701005289,MNBBL,4,32,12,341.00,"4,092.00"
2019-02-07,2019020701005091,MNBBL,47,34,55,344.00,"18,920.00"
2019-02-07,2019020701005084,MNBBL,47,34,80,344.00,"27,520.00"
2019-02-07,2019020701005072,MNBBL,47,34,65,344.00,"22,360.00"
2019-02-07,2019020701004872,MNBBL,1,41,50,342.00,"17,100.00"
2019-02-07,2019020701004929,MSMBS,45,44,690,535.00,"369,150.00"
2019-02-07,2019020701004917,MSMBS,45,44,300,535.00,"160,500.00"
2019-02-07,2019020701005087,NABIL,39,39,20,833.00,"16,660.00"
2019-02-07,2019020701005019,NABIL,19,17,391,832.00,"325,312.00"
2019-02-07,2019020701004971,NABIL,52,17,109,832.00,"90,688.00"
2019-02-07,2019020701005239,NABILP,19,6,500,735.00,"367,500.00"
2019-02-07,2019020701005056,NABILP,19,5,24,735.00,"17,640.00"
2019-02-07,2019020701005055,NABILP,19,22,200,734.00,"146,800.00"
2019-02-07,2019020701005054,NABILP,19,32,50,734.00,"36,700.00"
2019-02-07,2019020701004851,NADEP,19,51,10,780.00,"7,800.00"
2019-02-07,2019020701004848,NADEP,19,35,10,780.00,"7,800.00"
2019-02-07,2019020701004847,NADEP,19,10,10,780.00,"7,800.00"
2019-02-07,2019020701004846,NADEP,19,10,10,780.00,"7,800.00"
2019-02-07,2019020701004842,NADEP,19,51,10,778.00,"7,780.00"
2019-02-07,2019020701005306,NBB,39,40,60,186.00,"11,160.00"
2019-02-07,2019020701004954,NBB,53,40,500,186.00,"93,000.00"
2019-02-07,2019020701004953,NBB,46,40,545,186.00,"101,370.00"
2019-02-07,2019020701004942,NBB,46,45,255,186.00,"47,430.00"
2019-02-07,2019020701004937,NBB,46,25,200,186.00,"37,200.00"
2019-02-07,2019020701004827,NBB,34,41,100,186.00,"18,600.00"
2019-02-07,2019020701004826,NBB,58,41,400,186.00,"74,400.00"
2019-02-07,2019020701004816,NBBL,57,37,102,719.00,"73,338.00"
2019-02-07,2019020701004815,NBBL,57,35,20,718.00,"14,360.00"
2019-02-07,2019020701005248,NBL,10,19,300,287.00,"86,100.00"
2019-02-07,2019020701005247,NBL,10,16,500,287.00,"143,500.00"
2019-02-07,2019020701005246,NBL,10,16,13,287.00,"3,731.00"
2019-02-07,2019020701004880,NBL,28,16,100,287.00,"28,700.00"
2019-02-07,2019020701004819,NBL,38,16,10,287.00,"2,870.00"
2019-02-07,2019020701005114,NCCB,57,5,500,210.00,"105,000.00"
2019-02-07,2019020701005097,NCCB,57,1,394,210.00,"82,740.00"
2019-02-07,2019020701005096,NCCB,58,1,209,210.00,"43,890.00"
2019-02-07,2019020701005066,NCCB,40,13,100,211.00,"21,100.00"
2019-02-07,2019020701005037,NCCB,58,7,291,210.00,"61,110.00"
2019-02-07,2019020701005036,NCCB,37,7,50,210.00,"10,500.00"
2019-02-07,2019020701004960,NCCB,17,5,500,211.00,"105,500.00"
2019-02-07,2019020701005023,NEF,13,5,"9,574",8.15,"78,028.10"
2019-02-07,2019020701005146,NGPL,46,45,11,125.00,"1,375.00"
2019-02-07,2019020701005145,NGPL,46,36,11,125.00,"1,375.00"
2019-02-07,2019020701005046,NHDL,17,7,20,127.00,"2,540.00"
2019-02-07,2019020701004919,NHDL,17,29,10,127.00,"1,270.00"
2019-02-07,2019020701005175,NHPC,39,26,400,65.00,"26,000.00"
2019-02-07,2019020701005174,NHPC,37,26,100,65.00,"6,500.00"
2019-02-07,2019020701005180,NIB,5,5,37,522.00,"19,314.00"
2019-02-07,2019020701005061,NIB,26,7,12,522.00,"6,264.00"
2019-02-07,2019020701005166,NIBPO,55,6,118,480.00,"56,640.00"
2019-02-07,2019020701005165,NIBPO,55,42,200,480.00,"96,000.00"
2019-02-07,2019020701005303,NICA,13,46,39,388.00,"15,132.00"
2019-02-07,2019020701005242,NICA,11,4,575,387.00,"222,525.00"
2019-02-07,2019020701005241,NICA,10,4,25,387.00,"9,675.00"
2019-02-07,2019020701005307,NICL,1,13,100,547.00,"54,700.00"
2019-02-07,2019020701005294,NICL,7,13,100,547.00,"54,700.00"
2019-02-07,2019020701004980,NICL,19,58,76,547.00,"41,572.00"
2019-02-07,2019020701004886,NICL,52,52,10,549.00,"5,490.00"
2019-02-07,2019020701004885,NICL,52,58,10,548.00,"5,480.00"
2019-02-07,2019020701005082,NICL,33,34,100,547.00,"54,700.00"
2019-02-07,2019020701004981,NICL,52,58,124,546.00,"67,704.00"
2019-02-07,2019020701005198,NICL,52,41,10,546.00,"5,460.00"
2019-02-07,2019020701005192,NICL,7,41,91,547.00,"49,777.00"
2019-02-07,2019020701005162,NICL,39,39,20,548.00,"10,960.00"
2019-02-07,2019020701005278,NIL,53,47,101,517.00,"52,217.00"
2019-02-07,2019020701005277,NIL,58,47,50,517.00,"25,850.00"
2019-02-07,2019020701005276,NIL,14,47,249,518.00,"128,982.00"
2019-02-07,2019020701005275,NIL,26,47,100,518.00,"51,800.00"
2019-02-07,2019020701005161,NIL,34,47,20,518.00,"10,360.00"
2019-02-07,2019020701005160,NIL,16,47,200,518.00,"103,600.00"
2019-02-07,2019020701005141,NIL,51,47,500,520.00,"260,000.00"
2019-02-07,2019020701005140,NIL,37,47,130,520.00,"67,600.00"
2019-02-07,2019020701005139,NIL,7,47,200,520.00,"104,000.00"
2019-02-07,2019020701005159,NIL,25,47,50,518.00,"25,900.00"
2019-02-07,2019020701005158,NIL,29,47,100,518.00,"51,800.00"
2019-02-07,2019020701005157,NIL,29,47,100,518.00,"51,800.00"
2019-02-07,2019020701005156,NIL,53,47,20,518.00,"10,360.00"
2019-02-07,2019020701005155,NIL,44,47,30,519.00,"15,570.00"
2019-02-07,2019020701005142,NIL,44,47,170,519.00,"88,230.00"
2019-02-07,2019020701005060,NLIC,39,39,1,"1,050.00","1,050.00"
2019-02-07,2019020701005045,NLIC,39,39,3,"1,050.00","3,150.00"
2019-02-07,2019020701005032,NLIC,39,39,3,"1,050.00","3,150.00"
2019-02-07,2019020701005026,NLIC,39,39,3,"1,050.00","3,150.00"
2019-02-07,2019020701005008,NLIC,4,50,40,"1,053.00","42,120.00"
2019-02-07,2019020701004975,NLIC,19,50,50,"1,053.00","52,650.00"
2019-02-07,2019020701004974,NLIC,32,45,17,"1,052.00","17,884.00"
2019-02-07,2019020701004936,NLIC,7,50,10,"1,053.00","10,530.00"
2019-02-07,2019020701004918,NLIC,39,39,1,"1,050.00","1,050.00"
2019-02-07,2019020701005197,NLICL,58,45,20,660.00,"13,200.00"
2019-02-07,2019020701005071,NLICL,28,39,50,655.00,"32,750.00"
2019-02-07,2019020701004841,NLICL,34,50,50,649.00,"32,450.00"
2019-02-07,2019020701004837,NLICL,53,50,50,649.00,"32,450.00"
2019-02-07,2019020701005172,NMB,38,8,500,314.00,"157,000.00"
2019-02-07,2019020701005171,NMB,54,8,489,314.00,"153,546.00"
2019-02-07,2019020701005081,NMB,54,42,400,314.00,"125,600.00"
2019-02-07,2019020701005070,NMB,54,7,111,314.00,"34,854.00"
2019-02-07,2019020701004895,NMB,43,1,636,314.00,"199,704.00"
2019-02-07,2019020701004853,NMB,44,1,164,314.00,"51,496.00"
2019-02-07,2019020701005268,NMBMF,25,7,15,"1,098.00","16,470.00"
2019-02-07,2019020701005133,NSEWA,11,26,10,611.00,"6,110.00"
2019-02-07,2019020701005283,NTC,4,16,50,707.00,"35,350.00"
2019-02-07,2019020701004906,NTC,7,34,10,710.00,"7,100.00"
2019-02-07,2019020701004814,NTC,59,34,10,710.00,"7,100.00"
2019-02-07,2019020701005093,OHL,34,39,64,425.00,"27,200.00"
2019-02-07,2019020701004933,OHL,7,44,10,428.00,"4,280.00"
2019-02-07,2019020701005115,PCBL,58,7,53,317.00,"16,801.00"
2019-02-07,2019020701004887,PCBL,58,32,33,317.00,"10,461.00"
2019-02-07,2019020701004868,PCBL,58,33,40,317.00,"12,680.00"
2019-02-07,2019020701004927,PFL,3,29,13,129.00,"1,677.00"
2019-02-07,2019020701004926,PFL,35,29,25,129.00,"3,225.00"
2019-02-07,2019020701004894,PFL,8,38,600,131.00,"78,600.00"
2019-02-07,2019020701005209,PIC,39,55,10,"1,035.00","10,350.00"
2019-02-07,2019020701005177,PIC,44,48,41,"1,027.00","42,107.00"
2019-02-07,2019020701005176,PIC,46,48,20,"1,027.00","20,540.00"
2019-02-07,2019020701004976,PIC,5,5,168,"1,028.00","172,704.00"
2019-02-07,2019020701004924,PIC,39,39,1,"1,025.00","1,025.00"
2019-02-07,2019020701005234,PICL,58,16,40,689.00,"27,560.00"
2019-02-07,2019020701005220,PICL,58,16,10,689.00,"6,890.00"
2019-02-07,2019020701005099,PLIC,19,44,20,465.00,"9,300.00"
2019-02-07,2019020701005282,PMHPL,57,47,10,107.00,"1,070.00"
2019-02-07,2019020701005225,PMHPL,56,47,10,106.00,"1,060.00"
2019-02-07,2019020701005199,PMHPL,56,38,10,106.00,"1,060.00"
2019-02-07,2019020701004898,PRIN,43,51,150,435.00,"65,250.00"
2019-02-07,2019020701004897,PRIN,43,39,200,434.00,"86,800.00"
2019-02-07,2019020701004865,PRIN,43,57,100,433.00,"43,300.00"
2019-02-07,2019020701005105,PRVU,52,39,300,241.00,"72,300.00"
2019-02-07,2019020701005024,PRVU,52,16,14,241.00,"3,374.00"
2019-02-07,2019020701004922,PRVU,52,29,500,241.00,"120,500.00"
2019-02-07,2019020701004813,RADHI,13,29,10,159.00,"1,590.00"
2019-02-07,2019020701004979,RBCL,40,28,50,"9,350.00","467,500.00"
2019-02-07,2019020701005295,RBCLPO,20,42,10,"8,850.00","88,500.00"
2019-02-07,2019020701005195,RHPC,54,57,100,95.00,"9,500.00"
2019-02-07,2019020701005040,RHPC,54,33,17,95.00,"1,615.00"
2019-02-07,2019020701005039,RHPC,54,48,17,95.00,"1,615.00"
2019-02-07,2019020701005304,RRHP,46,32,10,97.00,970.00
2019-02-07,2019020701005214,RRHP,46,47,10,97.00,970.00
2019-02-07,2019020701005151,RRHP,46,19,10,97.00,970.00
2019-02-07,2019020701004911,RRHP,46,26,10,97.00,970.00
2019-02-07,2019020701004987,RSDC,6,6,100,391.00,"39,100.00"
2019-02-07,2019020701005260,SADBL,55,17,98,139.00,"13,622.00"
2019-02-07,2019020701005058,SADBL,29,17,100,139.00,"13,900.00"
2019-02-07,2019020701004986,SADBL,56,38,39,138.00,"5,382.00"
2019-02-07,2019020701004985,SADBL,34,38,200,138.00,"27,600.00"
2019-02-07,2019020701004839,SADBL,57,17,202,139.00,"28,078.00"
2019-02-07,2019020701004838,SADBL,57,54,228,139.00,"31,692.00"
2019-02-07,2019020701004905,SAEF,47,39,500,8.92,"4,460.00"
2019-02-07,2019020701005178,SANIMA,17,53,100,299.00,"29,900.00"
2019-02-07,2019020701004861,SANIMA,17,33,50,299.00,"14,950.00"
2019-02-07,2019020701004860,SBI,5,5,184,385.00,"70,840.00"
2019-02-07,2019020701005213,SBL,58,49,40,282.00,"11,280.00"
2019-02-07,2019020701005169,SBL,34,43,200,281.00,"56,200.00"
2019-02-07,2019020701004817,SBL,58,42,100,280.00,"28,000.00"
2019-02-07,2019020701004984,SCB,56,45,20,556.00,"11,120.00"
2019-02-07,2019020701004836,SCB,38,21,92,556.00,"51,152.00"
2019-02-07,2019020701005285,SDESI,33,45,150,617.00,"92,550.00"
2019-02-07,2019020701005053,SDESI,41,48,100,617.00,"61,700.00"
2019-02-07,2019020701005052,SDESI,33,48,200,617.00,"123,400.00"
2019-02-07,2019020701005138,SEF,53,38,"2,500",9.20,"23,000.00"
2019-02-07,2019020701005111,SEF,53,38,"2,500",9.20,"23,000.00"
2019-02-07,2019020701005089,SEF,53,38,"5,000",9.20,"46,000.00"
2019-02-07,2019020701005189,SICL,34,47,370,893.00,"330,410.00"
2019-02-07,2019020701005188,SICL,42,47,100,893.00,"89,300.00"
2019-02-07,2019020701005187,SICL,34,47,20,893.00,"17,860.00"
2019-02-07,2019020701005186,SICL,39,47,10,894.00,"8,940.00"
2019-02-07,2019020701005185,SICL,46,47,30,894.00,"26,820.00"
2019-02-07,2019020701005184,SICL,51,47,50,895.00,"44,750.00"
2019-02-07,2019020701005183,SICL,35,47,20,895.00,"17,900.00"
2019-02-07,2019020701005182,SICL,34,47,50,896.00,"44,800.00"
2019-02-07,2019020701005181,SICL,17,47,50,896.00,"44,800.00"
2019-02-07,2019020701005258,SKBBL,42,14,50,857.00,"42,850.00"
2019-02-07,2019020701005255,SLBBL,44,47,84,505.00,"42,420.00"
2019-02-07,2019020701004829,SLBBL,29,59,81,510.00,"41,310.00"
2019-02-07,2019020701004935,SLBBL,34,54,80,509.00,"40,720.00"
2019-02-07,2019020701004934,SLBBL,58,54,20,510.00,"10,200.00"
2019-02-07,2019020701004931,SLBBL,58,59,18,510.00,"9,180.00"
2019-02-07,2019020701005116,SLBBL,58,48,128,512.00,"65,536.00"
2019-02-07,2019020701005254,SLBBL,46,47,100,506.00,"50,600.00"
2019-02-07,2019020701005253,SLBBL,25,47,50,506.00,"25,300.00"
2019-02-07,2019020701005252,SLBBL,32,47,75,508.00,"38,100.00"
2019-02-07,2019020701005251,SLBBL,17,47,20,508.00,"10,160.00"
2019-02-07,2019020701005250,SLBBL,34,47,20,509.00,"10,180.00"
2019-02-07,2019020701005249,SLBBL,49,47,25,510.00,"12,750.00"
2019-02-07,2019020701005311,SLBSL,37,49,10,835.00,"8,350.00"
2019-02-07,2019020701005310,SLBSL,17,45,10,835.00,"8,350.00"
2019-02-07,2019020701005302,SLBSL,17,43,10,835.00,"8,350.00"
2019-02-07,2019020701005271,SLBSL,53,59,10,832.00,"8,320.00"
2019-02-07,2019020701005221,SLBSL,22,45,10,835.00,"8,350.00"
2019-02-07,2019020701005154,SLBSL,22,38,10,835.00,"8,350.00"
2019-02-07,2019020701004840,SLBSL,17,57,10,828.00,"8,280.00"
2019-02-07,2019020701004835,SLBSL,17,39,10,828.00,"8,280.00"
2019-02-07,2019020701004833,SLBSL,17,46,10,828.00,"8,280.00"
2019-02-07,2019020701004831,SLBSL,17,25,10,828.00,"8,280.00"
2019-02-07,2019020701004828,SLBSL,17,39,10,828.00,"8,280.00"
2019-02-07,2019020701004825,SLBSL,17,57,10,828.00,"8,280.00"
2019-02-07,2019020701004915,SLBSL,25,41,10,832.00,"8,320.00"
2019-02-07,2019020701004914,SLBSL,25,38,10,830.00,"8,300.00"
2019-02-07,2019020701004913,SLBSL,25,13,10,830.00,"8,300.00"
2019-02-07,2019020701004912,SLBSL,25,43,10,830.00,"8,300.00"
2019-02-07,2019020701004884,SLBSL,53,26,10,829.00,"8,290.00"
2019-02-07,2019020701004844,SLBSL,17,28,10,828.00,"8,280.00"
2019-02-07,2019020701004998,SLBSL,34,56,10,830.00,"8,300.00"
2019-02-07,2019020701004995,SLBSL,34,21,10,830.00,"8,300.00"
2019-02-07,2019020701004978,SLBSL,34,21,10,830.00,"8,300.00"
2019-02-07,2019020701004970,SLBSL,42,21,10,830.00,"8,300.00"
2019-02-07,2019020701004949,SLBSL,34,26,10,830.00,"8,300.00"
2019-02-07,2019020701005069,SLBSL,50,29,10,830.00,"8,300.00"
2019-02-07,2019020701005068,SLBSL,50,38,10,830.00,"8,300.00"
2019-02-07,2019020701005067,SLBSL,50,38,10,830.00,"8,300.00"
2019-02-07,2019020701005057,SLBSL,7,42,50,830.00,"41,500.00"
2019-02-07,2019020701005003,SLBSL,7,21,10,830.00,"8,300.00"
2019-02-07,2019020701005119,SLBSL,22,47,10,833.00,"8,330.00"
2019-02-07,2019020701005118,SLBSL,22,47,10,833.00,"8,330.00"
2019-02-07,2019020701005117,SLBSL,22,41,10,832.00,"8,320.00"
2019-02-07,2019020701005112,SLBSL,17,26,10,830.00,"8,300.00"
2019-02-07,2019020701005083,SLBSL,50,38,10,830.00,"8,300.00"
2019-02-07,2019020701005080,SLBSL,50,38,10,830.00,"8,300.00"
2019-02-07,2019020701005125,SLBSL,22,21,10,835.00,"8,350.00"
2019-02-07,2019020701005124,SLBSL,22,42,10,835.00,"8,350.00"
2019-02-07,2019020701005123,SLBSL,22,36,10,835.00,"8,350.00"
2019-02-07,2019020701005122,SLBSL,22,1,10,834.00,"8,340.00"
2019-02-07,2019020701005121,SLBSL,22,1,10,834.00,"8,340.00"
2019-02-07,2019020701005120,SLBSL,22,47,10,833.00,"8,330.00"
2019-02-07,2019020701005152,SLBSL,22,38,10,835.00,"8,350.00"
2019-02-07,2019020701005149,SLBSL,22,10,10,835.00,"8,350.00"
2019-02-07,2019020701005129,SLBSL,22,3,10,835.00,"8,350.00"
2019-02-07,2019020701005128,SLBSL,22,3,10,835.00,"8,350.00"
2019-02-07,2019020701005127,SLBSL,22,3,10,835.00,"8,350.00"
2019-02-07,2019020701005126,SLBSL,22,3,10,835.00,"8,350.00"
2019-02-07,2019020701005232,SMB,42,47,250,704.00,"176,000.00"
2019-02-07,2019020701004883,SPDL,45,33,29,91.00,"2,639.00"
2019-02-07,2019020701005086,UFL,5,5,266,156.00,"41,496.00"
2019-02-07,2019020701005216,UIC,47,47,50,794.00,"39,700.00"
2019-02-07,2019020701004999,UIC,57,58,70,795.00,"55,650.00"
2019-02-07,2019020701004993,UIC,49,7,40,791.00,"31,640.00"
2019-02-07,2019020701004992,UIC,39,7,20,792.00,"15,840.00"
2019-02-07,2019020701004991,UIC,25,7,30,792.00,"23,760.00"
2019-02-07,2019020701004903,UIC,58,58,25,795.00,"19,875.00"
2019-02-07,2019020701005132,UMHL,5,5,10,115.00,"1,150.00"
2019-02-07,2019020701005308,UPPER,29,39,50,236.00,"11,800.00"
2019-02-07,2019020701005280,UPPER,29,10,15,236.00,"3,540.00"
2019-02-07,2019020701005279,UPPER,44,10,25,236.00,"5,900.00"
2019-02-07,2019020701005270,UPPER,44,39,50,236.00,"11,800.00"
2019-02-07,2019020701005259,UPPER,44,10,40,236.00,"9,440.00"
2019-02-07,2019020701004830,UPPER,38,51,10,237.00,"2,370.00"
2019-02-07,2019020701004824,UPPER,50,10,40,236.00,"9,440.00"
2019-02-07,2019020701004821,UPPER,50,42,50,236.00,"11,800.00"
2019-02-07,2019020701004818,UPPER,50,10,40,236.00,"9,440.00"
2019-02-07,2019020701004856,UPPER,50,10,40,236.00,"9,440.00"
2019-02-07,2019020701004855,UPPER,50,39,72,236.00,"16,992.00"
2019-02-07,2019020701004852,UPPER,50,10,40,236.00,"9,440.00"
2019-02-07,2019020701004849,UPPER,50,39,72,236.00,"16,992.00"
2019-02-07,2019020701004845,UPPER,50,49,40,236.00,"9,440.00"
2019-02-07,2019020701004843,UPPER,50,39,72,236.00,"16,992.00"
2019-02-07,2019020701004867,UPPER,50,10,40,236.00,"9,440.00"
2019-02-07,2019020701004864,UPPER,22,55,10,237.00,"2,370.00"
2019-02-07,2019020701004863,UPPER,22,51,74,237.00,"17,538.00"
2019-02-07,2019020701004862,UPPER,22,51,16,237.00,"3,792.00"
2019-02-07,2019020701004859,UPPER,50,39,72,236.00,"16,992.00"
2019-02-07,2019020701004857,UPPER,50,10,40,236.00,"9,440.00"
2019-02-07,2019020701004923,UPPER,50,10,40,236.00,"9,440.00"
2019-02-07,2019020701004892,UPPER,50,35,50,236.00,"11,800.00"
2019-02-07,2019020701004875,UPPER,50,10,40,236.00,"9,440.00"
2019-02-07,2019020701004871,UPPER,50,10,40,236.00,"9,440.00"
2019-02-07,2019020701004869,UPPER,50,39,50,236.00,"11,800.00"
2019-02-07,2019020701004941,UPPER,50,10,40,236.00,"9,440.00"
2019-02-07,2019020701004932,UPPER,50,10,40,236.00,"9,440.00"
2019-02-07,2019020701004930,UPPER,50,10,40,236.00,"9,440.00"
2019-02-07,2019020701004948,UPPER,50,7,268,236.00,"63,248.00"
2019-02-07,2019020701004947,UPPER,45,7,130,236.00,"30,680.00"
2019-02-07,2019020701004946,UPPER,42,7,"1,500",236.00,"354,000.00"
2019-02-07,2019020701004945,UPPER,48,7,10,236.00,"2,360.00"
2019-02-07,2019020701004944,UPPER,39,7,50,236.00,"11,800.00"
2019-02-07,2019020701004943,UPPER,50,7,42,236.00,"9,912.00"
2019-02-07,2019020701004982,UPPER,50,10,22,236.00,"5,192.00"
2019-02-07,2019020701004969,UPPER,50,10,40,236.00,"9,440.00"
2019-02-07,2019020701004964,UPPER,50,10,40,236.00,"9,440.00"
2019-02-07,2019020701004962,UPPER,50,20,50,236.00,"11,800.00"
2019-02-07,2019020701004961,UPPER,50,10,40,236.00,"9,440.00"
2019-02-07,2019020701004951,UPPER,50,10,40,236.00,"9,440.00"
2019-02-07,2019020701005009,UPPER,37,41,50,236.00,"11,800.00"
2019-02-07,2019020701005005,UPPER,37,39,40,236.00,"9,440.00"
2019-02-07,2019020701005002,UPPER,37,39,40,236.00,"9,440.00"
2019-02-07,2019020701005001,UPPER,37,10,40,236.00,"9,440.00"
2019-02-07,2019020701004990,UPPER,37,45,40,236.00,"9,440.00"
2019-02-07,2019020701004988,UPPER,37,10,18,236.00,"4,248.00"
2019-02-07,2019020701005047,UPPER,50,39,40,236.00,"9,440.00"
2019-02-07,2019020701005038,UPPER,37,39,40,236.00,"9,440.00"
2019-02-07,2019020701005033,UPPER,37,51,40,236.00,"9,440.00"
2019-02-07,2019020701005022,UPPER,37,10,40,236.00,"9,440.00"
2019-02-07,2019020701005014,UPPER,37,39,50,236.00,"11,800.00"
2019-02-07,2019020701005092,UPPER,50,58,50,236.00,"11,800.00"
2019-02-07,2019020701005090,UPPER,50,18,50,236.00,"11,800.00"
2019-02-07,2019020701005065,UPPER,50,42,40,236.00,"9,440.00"
2019-02-07,2019020701005059,UPPER,50,58,50,236.00,"11,800.00"
2019-02-07,2019020701005050,UPPER,50,42,50,236.00,"11,800.00"
2019-02-07,2019020701005049,UPPER,50,28,10,236.00,"2,360.00"
2019-02-07,2019020701005210,UPPER,50,39,20,236.00,"4,720.00"
2019-02-07,2019020701005144,UPPER,50,7,50,236.00,"11,800.00"
2019-02-07,2019020701005103,UPPER,50,58,50,236.00,"11,800.00"
2019-02-07,2019020701005102,UPPER,50,18,50,236.00,"11,800.00"
2019-02-07,2019020701005095,UPPER,50,42,40,236.00,"9,440.00"
2019-02-07,2019020701005245,UPPER,44,10,40,236.00,"9,440.00"
2019-02-07,2019020701005238,UPPER,44,39,40,236.00,"9,440.00"
2019-02-07,2019020701005237,UPPER,44,10,40,236.00,"9,440.00"
2019-02-07,2019020701005218,UPPER,44,39,50,236.00,"11,800.00"
2019-02-07,2019020701005211,UPPER,44,39,20,236.00,"4,720.00"
2019-02-07,2019020701005167,VLBS,49,7,13,683.00,"8,879.00"
2019-02-07,2019020701004729,ADBL,14,41,500,334.00,"167,000.00"
2019-02-07,2019020701004728,ADBL,14,6,280,334.00,"93,520.00"
2019-02-07,2019020701004727,ADBL,14,28,117,334.00,"39,078.00"
2019-02-07,2019020701004549,ADBL,43,28,20,334.00,"6,680.00"
2019-02-07,2019020701004344,ADBL,32,28,66,334.00,"22,044.00"
2019-02-07,2019020701004339,ADBL,42,16,238,333.00,"79,254.00"
2019-02-07,2019020701004620,AHPC,37,38,597,100.00,"59,700.00"
2019-02-07,2019020701004599,AHPC,46,28,20,101.00,"2,020.00"
2019-02-07,2019020701004796,AKJCL,44,42,20,84.00,"1,680.00"
2019-02-07,2019020701004671,AKJCL,44,40,10,84.00,840.00
2019-02-07,2019020701004565,AKJCL,40,40,20,84.00,"1,680.00"
2019-02-07,2019020701004658,AKPL,56,36,10,176.00,"1,760.00"
2019-02-07,2019020701004374,ALICL,22,48,10,601.00,"6,010.00"
2019-02-07,2019020701004357,ALICL,25,16,38,592.00,"22,496.00"
2019-02-07,2019020701004651,AMFI,17,17,10,710.00,"7,100.00"
2019-02-07,2019020701004361,API,22,38,10,136.00,"1,360.00"
2019-02-07,2019020701004528,API,45,38,790,136.00,"107,440.00"
2019-02-07,2019020701004582,API,46,38,20,137.00,"2,740.00"
2019-02-07,2019020701004615,BARUN,17,25,137,101.00,"13,837.00"
2019-02-07,2019020701004576,BARUN,46,44,20,102.00,"2,040.00"
2019-02-07,2019020701004777,BOKL,17,42,50,247.00,"12,350.00"
2019-02-07,2019020701004737,BOKL,17,36,78,247.00,"19,266.00"
2019-02-07,2019020701004736,BOKL,1,36,30,247.00,"7,410.00"
2019-02-07,2019020701004735,BOKL,56,36,50,247.00,"12,350.00"
2019-02-07,2019020701004734,BOKL,13,36,50,247.00,"12,350.00"
2019-02-07,2019020701004362,BOKL,13,36,50,247.00,"12,350.00"
2019-02-07,2019020701004335,BOKL,13,59,300,248.00,"74,400.00"
2019-02-07,2019020701004318,BOKL,41,58,40,247.00,"9,880.00"
2019-02-07,2019020701004778,BPCL,21,19,50,354.00,"17,700.00"
2019-02-07,2019020701004804,CBL,4,42,50,156.00,"7,800.00"
2019-02-07,2019020701004713,CBL,29,48,252,157.00,"39,564.00"
2019-02-07,2019020701004712,CBL,29,26,300,157.00,"47,100.00"
2019-02-07,2019020701004711,CBL,29,1,500,157.00,"78,500.00"
2019-02-07,2019020701004710,CBL,29,41,835,157.00,"131,095.00"
2019-02-07,2019020701004648,CBL,25,41,16,157.00,"2,512.00"
2019-02-07,2019020701004348,CBL,29,16,13,156.00,"2,028.00"
2019-02-07,2019020701004720,CCBL,17,1,150,167.00,"25,050.00"
2019-02-07,2019020701004666,CCBL,29,45,26,166.00,"4,316.00"
2019-02-07,2019020701004650,CCBL,38,1,413,167.00,"68,971.00"
2019-02-07,2019020701004649,CCBL,38,10,19,167.00,"3,173.00"
2019-02-07,2019020701004507,CFCL,41,17,300,113.00,"33,900.00"
2019-02-07,2019020701004506,CFCL,41,49,200,113.00,"22,600.00"
2019-02-07,2019020701004381,CFCL,44,29,"2,000",111.00,"222,000.00"
2019-02-07,2019020701004380,CFCL,44,11,100,111.00,"11,100.00"
2019-02-07,2019020701004379,CFCL,44,41,200,111.00,"22,200.00"
2019-02-07,2019020701004378,CFCL,44,11,100,110.00,"11,000.00"
2019-02-07,2019020701004360,CFCL,28,16,12,109.00,"1,308.00"
2019-02-07,2019020701004776,CHCL,25,28,18,515.00,"9,270.00"
2019-02-07,2019020701004364,CHL,49,47,10,100.00,"1,000.00"
2019-02-07,2019020701004730,CIT,26,43,100,"2,667.00","266,700.00"
2019-02-07,2019020701004396,CIT,28,45,100,"2,672.00","267,200.00"
2019-02-07,2019020701004395,CIT,28,45,92,"2,670.00","245,640.00"
2019-02-07,2019020701004354,CIT,58,58,1,"2,660.00","2,660.00"
2019-02-07,2019020701004716,CZBIL,29,36,350,206.00,"72,100.00"
2019-02-07,2019020701004639,CZBIL,41,43,500,207.00,"103,500.00"
2019-02-07,2019020701004560,CZBIL,57,45,200,207.00,"41,400.00"
2019-02-07,2019020701004559,CZBIL,57,1,611,207.00,"126,477.00"
2019-02-07,2019020701004550,CZBIL,29,7,480,206.00,"98,880.00"
2019-02-07,2019020701004333,CZBIL,29,58,101,206.00,"20,806.00"
2019-02-07,2019020701004324,CZBIL,49,58,31,206.00,"6,386.00"
2019-02-07,2019020701004319,CZBIL,21,1,100,207.00,"20,700.00"
2019-02-07,2019020701004575,DBBL,28,29,14,123.00,"1,722.00"
2019-02-07,2019020701004366,DBBL,28,16,11,123.00,"1,353.00"
2019-02-07,2019020701004440,DDBL,51,1,39,576.00,"22,464.00"
2019-02-07,2019020701004375,DDBL,51,1,51,576.00,"29,376.00"
2019-02-07,2019020701004337,DDBL,7,1,30,575.00,"17,250.00"
2019-02-07,2019020701004336,DDBL,39,1,40,575.00,"23,000.00"
2019-02-07,2019020701004610,DHPL,46,45,10,97.00,970.00
2019-02-07,2019020701004609,DHPL,46,16,10,97.00,970.00
2019-02-07,2019020701004637,EBL,57,5,80,517.00,"41,360.00"
2019-02-07,2019020701004751,FMDBL,34,44,70,367.00,"25,690.00"
2019-02-07,2019020701004478,FOWAD,57,57,20,"1,540.00","30,800.00"
2019-02-07,2019020701004739,GBBL,58,57,80,183.00,"14,640.00"
2019-02-07,2019020701004383,GBBL,39,13,200,184.00,"36,800.00"
2019-02-07,2019020701004505,GBIME,8,57,50,267.00,"13,350.00"
2019-02-07,2019020701004662,GBLBS,47,36,10,440.00,"4,400.00"
2019-02-07,2019020701004628,GBLBS,47,36,10,440.00,"4,400.00"
2019-02-07,2019020701004448,GBLBS,47,47,10,440.00,"4,400.00"
2019-02-07,2019020701004674,GDBL,32,57,94,182.00,"17,108.00"
2019-02-07,2019020701004673,GDBL,32,7,119,182.00,"21,658.00"
2019-02-07,2019020701004521,GDBL,32,14,200,182.00,"36,400.00"
2019-02-07,2019020701004331,GDBL,47,14,200,182.00,"36,400.00"
2019-02-07,2019020701004350,GIMES1,54,37,"3,000",8.10,"24,300.00"
2019-02-07,2019020701004618,GLICL,58,10,43,704.00,"30,272.00"
2019-02-07,2019020701004617,GLICL,58,13,200,703.00,"140,600.00"
2019-02-07,2019020701004616,GLICL,58,46,24,703.00,"16,872.00"
2019-02-07,2019020701004484,GLICL,55,58,334,702.00,"234,468.00"
2019-02-07,2019020701004317,GUFL,35,45,981,104.00,"102,024.00"
2019-02-07,2019020701004688,HBL,57,36,170,430.00,"73,100.00"
2019-02-07,2019020701004687,HBL,19,36,50,430.00,"21,500.00"
2019-02-07,2019020701004531,HGI,1,1,266,386.00,"102,676.00"
2019-02-07,2019020701004749,HIDCL,50,29,10,136.00,"1,360.00"
2019-02-07,2019020701004634,HIDCL,17,25,100,137.00,"13,700.00"
2019-02-07,2019020701004584,HIDCL,50,29,10,136.00,"1,360.00"
2019-02-07,2019020701004577,HIDCL,46,57,726,137.00,"99,462.00"
2019-02-07,2019020701004386,HIDCL,50,29,12,136.00,"1,632.00"
2019-02-07,2019020701004762,HPPL,42,29,10,180.00,"1,800.00"
2019-02-07,2019020701004665,HPPL,42,36,10,180.00,"1,800.00"
2019-02-07,2019020701004392,HPPL,42,29,10,180.00,"1,800.00"
2019-02-07,2019020701004387,HPPL,42,47,10,180.00,"1,800.00"
2019-02-07,2019020701004681,JBBL,45,45,31,136.00,"4,216.00"
2019-02-07,2019020701004718,JEFL,49,38,59,130.00,"7,670.00"
2019-02-07,2019020701004376,JEFL,49,16,10,130.00,"1,300.00"
2019-02-07,2019020701004472,KBBL,22,13,159,209.00,"33,231.00"
2019-02-07,2019020701004504,KBL,14,58,80,238.00,"19,040.00"
2019-02-07,2019020701004451,KBL,14,13,103,238.00,"24,514.00"
2019-02-07,2019020701004459,KPCL,34,47,10,92.00,920.00
2019-02-07,2019020701004467,KPCL,34,41,10,92.00,920.00
2019-02-07,2019020701004544,KPCL,34,47,10,92.00,920.00
2019-02-07,2019020701004564,KPCL,46,49,10,93.00,930.00
2019-02-07,2019020701004631,KPCL,34,29,10,92.00,920.00
2019-02-07,2019020701004771,KPCL,45,29,10,92.00,920.00
2019-02-07,2019020701004363,KSBBL,57,16,130,135.00,"17,550.00"
2019-02-07,2019020701004684,LBBL,26,17,117,173.00,"20,241.00"
2019-02-07,2019020701004606,LBBL,54,17,30,173.00,"5,190.00"
2019-02-07,2019020701004605,LBBL,51,17,53,173.00,"9,169.00"
2019-02-07,2019020701004332,LBBL,51,58,147,173.00,"25,431.00"
2019-02-07,2019020701004775,LBL,43,41,100,195.00,"19,500.00"
2019-02-07,2019020701004489,LBL,43,13,260,195.00,"50,700.00"
2019-02-07,2019020701004780,LGIL,29,53,50,526.00,"26,300.00"
2019-02-07,2019020701004769,LGIL,29,1,24,525.00,"12,600.00"
2019-02-07,2019020701004647,LGIL,1,34,100,523.00,"52,300.00"
2019-02-07,2019020701004581,LGIL,47,53,50,520.00,"26,000.00"
2019-02-07,2019020701004765,LICN,19,57,20,"1,675.00","33,500.00"
2019-02-07,2019020701004597,LICN,59,58,10,"1,670.00","16,700.00"
2019-02-07,2019020701004548,LICN,59,57,30,"1,675.00","50,250.00"
2019-02-07,2019020701004533,LICN,48,57,30,"1,678.00","50,340.00"
2019-02-07,2019020701004461,LICN,35,57,20,"1,678.00","33,560.00"
2019-02-07,2019020701004538,MEGA,21,57,200,164.00,"32,800.00"
2019-02-07,2019020701004537,MEGA,58,57,12,164.00,"1,968.00"
2019-02-07,2019020701004443,MEGA,48,37,100,165.00,"16,500.00"
2019-02-07,2019020701004368,MEGA,19,37,300,165.00,"49,500.00"
2019-02-07,2019020701004746,MERO,47,58,60,615.00,"36,900.00"
