Date,Transact. No.,Symbol,Buyer,Seller,Quantity,Rate,Amount
2019-12-02,2019120201003672,ADBL,42,49,335,403.00,"135,005.00"
2019-12-02,2019120201004072,AHPC,28,37,"1,000",95.00,"95,000.00"
2019-12-02,2019120201004071,AHPC,28,41,200,95.00,"19,000.00"
2019-12-02,2019120201003634,AKPL,10,51,13,114.00,"1,482.00"
2019-12-02,2019120201003783,ALBSL,54,42,10,387.00,"3,870.00"
2019-12-02,2019120201003970,ALICL,44,28,75,312.00,"23,400.00"
2019-12-02,2019120201003688,ALICL,36,50,12,313.00,"3,756.00"
2019-12-02,2019120201004003,API,48,58,500,101.00,"50,500.00"
2019-12-02,2019120201003780,API,25,58,15,102.00,"1,530.00"
2019-12-02,2019120201003765,API,45,25,200,101.00,"20,200.00"
2019-12-02,2019120201003740,API,45,41,"1,800",101.00,"181,800.00"
2019-12-02,2019120201003689,API,14,42,14,100.00,"1,400.00"
2019-12-02,2019120201003652,API,25,41,50,101.00,"5,050.00"
2019-12-02,2019120201003623,API,36,41,"1,000",101.00,"101,000.00"
2019-12-02,2019120201004060,BFC,42,58,30,87.00,"2,610.00"
2019-12-02,2019120201004069,BOKL,42,48,10,213.00,"2,130.00"
2019-12-02,2019120201003732,BOKL,51,5,100,212.00,"21,200.00"
2019-12-02,2019120201004078,BPCL,3,7,50,330.00,"16,500.00"
2019-12-02,2019120201004077,BPCL,59,7,300,331.00,"99,300.00"
2019-12-02,2019120201004007,BPCL,39,50,20,331.00,"6,620.00"
2019-12-02,2019120201003748,BPCL,1,22,146,337.00,"49,202.00"
2019-12-02,2019120201003647,BPCL,1,42,22,337.00,"7,414.00"
2019-12-02,2019120201003820,BPCL,49,43,486,336.00,"163,296.00"
2019-12-02,2019120201003762,BPCL,49,49,500,336.00,"168,000.00"
2019-12-02,2019120201003752,BPCL,49,22,14,336.00,"4,704.00"
2019-12-02,2019120201003751,BPCL,43,22,50,336.00,"16,800.00"
2019-12-02,2019120201003750,BPCL,45,22,10,337.00,"3,370.00"
2019-12-02,2019120201003749,BPCL,16,22,200,337.00,"67,400.00"
2019-12-02,2019120201003964,BPCL,56,50,30,333.00,"9,990.00"
2019-12-02,2019120201003919,BPCL,5,50,50,335.00,"16,750.00"
2019-12-02,2019120201003866,BPCL,16,50,63,335.00,"21,105.00"
2019-12-02,2019120201003823,BPCL,16,43,204,335.00,"68,340.00"
2019-12-02,2019120201003822,BPCL,47,43,55,335.00,"18,425.00"
2019-12-02,2019120201003821,BPCL,47,43,200,336.00,"67,200.00"
2019-12-02,2019120201003992,CBL,43,38,10,137.00,"1,370.00"
2019-12-02,2019120201003890,CBL,56,26,209,136.00,"28,424.00"
2019-12-02,2019120201003889,CBL,56,51,100,136.00,"13,600.00"
2019-12-02,2019120201003888,CBL,56,16,143,136.00,"19,448.00"
2019-12-02,2019120201003887,CBL,56,19,185,136.00,"25,160.00"
2019-12-02,2019120201003886,CBL,56,16,315,136.00,"42,840.00"
2019-12-02,2019120201003760,CBL,34,26,161,135.00,"21,735.00"
2019-12-02,2019120201003759,CBL,38,26,86,135.00,"11,610.00"
2019-12-02,2019120201003696,CBL,42,16,166,136.00,"22,576.00"
2019-12-02,2019120201003695,CBL,42,16,234,136.00,"31,824.00"
2019-12-02,2019120201003918,CCBL,6,33,650,161.00,"104,650.00"
2019-12-02,2019120201003844,CCBL,6,48,100,161.00,"16,100.00"
2019-12-02,2019120201004017,CCBL,6,46,14,162.00,"2,268.00"
2019-12-02,2019120201003966,CCBL,43,46,125,162.00,"20,250.00"
2019-12-02,2019120201004001,CHCL,7,42,190,355.00,"67,450.00"
2019-12-02,2019120201004000,CHCL,6,42,220,355.00,"78,100.00"
2019-12-02,2019120201003999,CHCL,22,42,90,356.00,"32,040.00"
2019-12-02,2019120201003788,CHCL,22,7,110,356.00,"39,160.00"
2019-12-02,2019120201003620,CHCL,11,7,370,356.00,"131,720.00"
2019-12-02,2019120201003619,CHCL,11,17,40,356.00,"14,240.00"
2019-12-02,2019120201003618,CHCL,11,19,590,356.00,"210,040.00"
2019-12-02,2019120201004093,CZBIL,41,44,170,181.00,"30,770.00"
2019-12-02,2019120201004092,CZBIL,44,44,11,181.00,"1,991.00"
2019-12-02,2019120201003649,CZBIL,6,1,50,182.00,"9,100.00"
2019-12-02,2019120201003967,DBBL,36,48,"1,109",121.00,"134,189.00"
2019-12-02,2019120201003817,DBBL,50,48,500,121.00,"60,500.00"
2019-12-02,2019120201003729,DBBL,45,48,300,121.00,"36,300.00"
2019-12-02,2019120201003621,DDBL,34,45,45,714.00,"32,130.00"
2019-12-02,2019120201004057,EBL,38,8,100,539.00,"53,900.00"
2019-12-02,2019120201004019,EBL,29,8,122,540.00,"65,880.00"
2019-12-02,2019120201003996,EBL,29,8,878,540.00,"474,120.00"
2019-12-02,2019120201003995,EBL,57,8,282,540.00,"152,280.00"
2019-12-02,2019120201003994,EBL,11,8,140,541.00,"75,740.00"
2019-12-02,2019120201003648,EBL,11,6,50,541.00,"27,050.00"
2019-12-02,2019120201003991,EIC,6,5,100,209.00,"20,900.00"
2019-12-02,2019120201003990,EIC,49,5,30,209.00,"6,270.00"
2019-12-02,2019120201003825,EIC,17,5,480,210.00,"100,800.00"
2019-12-02,2019120201003824,EIC,17,22,20,210.00,"4,200.00"
2019-12-02,2019120201003985,FOWAD,5,17,10,"1,327.00","13,270.00"
2019-12-02,2019120201003982,FOWAD,5,1,10,"1,327.00","13,270.00"
2019-12-02,2019120201003926,FOWAD,38,37,30,"1,329.00","39,870.00"
2019-12-02,2019120201003912,FOWAD,38,28,20,"1,329.00","26,580.00"
2019-12-02,2019120201003789,FOWAD,38,28,30,"1,329.00","39,870.00"
2019-12-02,2019120201003736,FOWAD,50,39,49,"1,329.00","65,121.00"
2019-12-02,2019120201003818,GBBL,32,21,20,190.00,"3,800.00"
2019-12-02,2019120201003757,GBBL,32,34,105,190.00,"19,950.00"
2019-12-02,2019120201003686,GBLBS,10,36,10,282.00,"2,820.00"
2019-12-02,2019120201003718,GFCL,35,59,100,131.00,"13,100.00"
2019-12-02,2019120201003747,GGBSL,48,43,10,580.00,"5,800.00"
2019-12-02,2019120201003746,GGBSL,48,10,10,580.00,"5,800.00"
2019-12-02,2019120201003745,GGBSL,48,10,10,580.00,"5,800.00"
2019-12-02,2019120201003744,GGBSL,48,10,10,580.00,"5,800.00"
2019-12-02,2019120201003631,GGBSL,54,46,10,575.00,"5,750.00"
2019-12-02,2019120201003617,GILB,38,14,200,750.00,"150,000.00"
2019-12-02,2019120201003709,GLBSL,36,45,10,405.00,"4,050.00"
2019-12-02,2019120201003910,GLICL,17,8,500,354.00,"177,000.00"
2019-12-02,2019120201003627,GLICL,56,49,33,355.00,"11,715.00"
2019-12-02,2019120201004026,GMFBS,56,10,40,503.00,"20,120.00"
2019-12-02,2019120201003951,GMFBS,17,34,10,495.00,"4,950.00"
2019-12-02,2019120201004075,HDL,42,3,40,"1,176.00","47,040.00"
2019-12-02,2019120201004074,HDL,22,3,10,"1,176.00","11,760.00"
2019-12-02,2019120201004053,HDL,21,53,15,"1,177.00","17,655.00"
2019-12-02,2019120201003685,HDL,6,53,85,"1,177.00","100,045.00"
2019-12-02,2019120201003615,HDL,6,53,200,"1,177.00","235,400.00"
2019-12-02,2019120201003922,HGI,49,28,10,241.00,"2,410.00"
2019-12-02,2019120201003908,HGI,49,49,10,239.00,"2,390.00"
2019-12-02,2019120201003657,HGI,6,45,80,235.00,"18,800.00"
2019-12-02,2019120201003656,HGI,41,45,20,235.00,"4,700.00"
2019-12-02,2019120201004095,HIDCL,45,44,"1,000",129.00,"129,000.00"
2019-12-02,2019120201004094,HIDCL,22,44,40,129.00,"5,160.00"
2019-12-02,2019120201003897,HIDCL,56,44,439,130.00,"57,070.00"
2019-12-02,2019120201003868,HIDCL,56,51,61,130.00,"7,930.00"
2019-12-02,2019120201003848,HIDCL,39,44,64,129.00,"8,256.00"
2019-12-02,2019120201003812,HIDCL,45,44,200,129.00,"25,800.00"
2019-12-02,2019120201003811,HIDCL,52,44,200,129.00,"25,800.00"
2019-12-02,2019120201003810,HIDCL,6,44,200,129.00,"25,800.00"
2019-12-02,2019120201003655,HPPL,45,51,10,132.00,"1,320.00"
2019-12-02,2019120201003630,HPPL,45,21,420,132.00,"55,440.00"
2019-12-02,2019120201003629,HPPL,53,21,40,132.00,"5,280.00"
2019-12-02,2019120201003957,HURJA,59,11,"1,000",97.00,"97,000.00"
2019-12-02,2019120201003956,HURJA,7,11,280,97.00,"27,160.00"
2019-12-02,2019120201003955,HURJA,32,11,10,98.00,980.00
2019-12-02,2019120201003931,ILBS,53,58,90,483.00,"43,470.00"
2019-12-02,2019120201003930,ILBS,34,58,10,483.00,"4,830.00"
2019-12-02,2019120201003929,ILBS,17,58,10,483.00,"4,830.00"
2019-12-02,2019120201003928,ILBS,45,58,190,484.00,"91,960.00"
2019-12-02,2019120201003927,ILBS,58,58,90,485.00,"43,650.00"
2019-12-02,2019120201003882,ILBS,58,48,100,485.00,"48,500.00"
2019-12-02,2019120201003724,ILBS,58,42,10,485.00,"4,850.00"
2019-12-02,2019120201003664,ILBS,18,52,30,488.00,"14,640.00"
2019-12-02,2019120201004089,JSLBB,58,51,179,"1,199.00","214,621.00"
2019-12-02,2019120201004080,JSLBB,34,38,500,"1,200.00","600,000.00"
2019-12-02,2019120201004061,JSLBB,49,51,21,"1,220.00","25,620.00"
2019-12-02,2019120201004052,JSLBB,49,38,20,"1,220.00","24,400.00"
2019-12-02,2019120201004051,JSLBB,49,44,50,"1,220.00","61,000.00"
2019-12-02,2019120201004032,JSLBB,38,38,200,"1,199.00","239,800.00"
2019-12-02,2019120201003670,JSLBB,45,29,14,"1,208.00","16,912.00"
2019-12-02,2019120201003669,JSLBB,45,51,452,"1,207.00","545,564.00"
2019-12-02,2019120201003668,JSLBB,45,34,10,"1,207.00","12,070.00"
2019-12-02,2019120201003806,JSLBB,40,29,101,"1,209.00","122,109.00"
2019-12-02,2019120201003787,JSLBB,40,43,29,"1,215.00","35,235.00"
2019-12-02,2019120201003786,JSLBB,40,22,22,"1,212.00","26,664.00"
2019-12-02,2019120201003785,JSLBB,40,40,45,"1,210.00","54,450.00"
2019-12-02,2019120201003708,JSLBB,45,38,196,"1,209.00","236,964.00"
2019-12-02,2019120201003671,JSLBB,45,38,24,"1,209.00","29,016.00"
2019-12-02,2019120201003921,JSLBB,34,51,290,"1,198.00","347,420.00"
2019-12-02,2019120201003920,JSLBB,38,51,10,"1,199.00","11,990.00"
2019-12-02,2019120201003899,JSLBB,38,38,"1,490","1,199.00","1,786,510.00"
2019-12-02,2019120201003898,JSLBB,45,38,10,"1,210.00","12,100.00"
2019-12-02,2019120201004009,JSLBB,38,38,200,"1,199.00","239,800.00"
2019-12-02,2019120201003969,JSLBB,38,38,100,"1,199.00","119,900.00"
2019-12-02,2019120201003963,JSLBB,18,51,90,"1,198.00","107,820.00"
2019-12-02,2019120201003946,JSLBB,34,51,210,"1,198.00","251,580.00"
2019-12-02,2019120201003666,KKHC,50,42,10,51.00,510.00
2019-12-02,2019120201004079,KPCL,49,58,10,79.00,790.00
2019-12-02,2019120201003738,KSBBL,45,34,300,132.00,"39,600.00"
2019-12-02,2019120201003674,LBL,17,45,100,216.00,"21,600.00"
2019-12-02,2019120201004050,LICN,8,38,89,913.00,"81,257.00"
2019-12-02,2019120201004049,LICN,59,38,10,913.00,"9,130.00"
2019-12-02,2019120201004048,LICN,25,38,10,913.00,"9,130.00"
2019-12-02,2019120201004047,LICN,35,38,10,915.00,"9,150.00"
2019-12-02,2019120201004046,LICN,57,38,200,920.00,"184,000.00"
2019-12-02,2019120201004013,MEGA,29,13,263,181.00,"47,603.00"
2019-12-02,2019120201004012,MEGA,29,13,200,181.00,"36,200.00"
2019-12-02,2019120201004011,MEGA,29,32,25,181.00,"4,525.00"
2019-12-02,2019120201004010,MEGA,29,54,12,181.00,"2,172.00"
2019-12-02,2019120201004008,MEGA,43,54,10,181.00,"1,810.00"
2019-12-02,2019120201003641,MEGA,33,39,51,180.00,"9,180.00"
2019-12-02,2019120201003640,MEGA,6,39,100,180.00,"18,000.00"
2019-12-02,2019120201003639,MEGA,7,39,349,180.00,"62,820.00"
2019-12-02,2019120201003997,MEGA,33,21,100,180.00,"18,000.00"
2019-12-02,2019120201003733,MLBL,37,45,40,171.00,"6,840.00"
2019-12-02,2019120201004087,MNBBL,32,17,49,312.00,"15,288.00"
2019-12-02,2019120201004086,MNBBL,32,6,54,311.00,"16,794.00"
2019-12-02,2019120201003682,MNBBL,32,38,95,310.00,"29,450.00"
2019-12-02,2019120201003793,NABIL,34,39,100,725.00,"72,500.00"
2019-12-02,2019120201003698,NABIL,56,1,12,724.00,"8,688.00"
2019-12-02,2019120201003697,NABIL,56,1,88,724.00,"63,712.00"
2019-12-02,2019120201003739,NADEP,48,42,15,382.00,"5,730.00"
2019-12-02,2019120201003768,NBB,22,13,200,200.00,"40,000.00"
2019-12-02,2019120201003651,NBB,17,13,100,200.00,"20,000.00"
2019-12-02,2019120201003979,NBL,43,38,10,312.00,"3,120.00"
2019-12-02,2019120201003894,NBL,32,58,740,311.00,"230,140.00"
2019-12-02,2019120201003893,NBL,32,58,239,311.00,"74,329.00"
2019-12-02,2019120201003727,NBL,32,58,"2,000",311.00,"622,000.00"
2019-12-02,2019120201003726,NBL,51,58,200,311.00,"62,200.00"
2019-12-02,2019120201003725,NBL,8,58,100,311.00,"31,100.00"
2019-12-02,2019120201004036,NHDL,32,6,50,110.00,"5,500.00"
2019-12-02,2019120201003871,NHDL,57,6,10,110.00,"1,100.00"
2019-12-02,2019120201003713,NHDL,17,51,200,108.00,"21,600.00"
2019-12-02,2019120201003949,NIB,46,13,12,415.00,"4,980.00"
2019-12-02,2019120201003909,NIB,35,32,20,413.00,"8,260.00"
2019-12-02,2019120201003835,NIB,6,13,200,415.00,"83,000.00"
2019-12-02,2019120201003721,NIB,6,21,160,415.00,"66,400.00"
2019-12-02,2019120201003720,NIB,6,13,"1,000",415.00,"415,000.00"
2019-12-02,2019120201003719,NIB,6,16,146,414.00,"60,444.00"
2019-12-02,2019120201003694,NIBPO,20,28,30,384.00,"11,520.00"
2019-12-02,2019120201003693,NIBPO,5,28,100,384.00,"38,400.00"
2019-12-02,2019120201003692,NIBPO,35,28,30,385.00,"11,550.00"
2019-12-02,2019120201003691,NIBPO,35,28,30,385.00,"11,550.00"
2019-12-02,2019120201003690,NIBPO,56,28,10,385.00,"3,850.00"
2019-12-02,2019120201004063,NIBSF1,14,41,100,8.20,820.00
2019-12-02,2019120201004083,NICA,49,33,250,404.00,"101,000.00"
2019-12-02,2019120201004076,NICA,25,49,10,405.00,"4,050.00"
2019-12-02,2019120201004056,NICA,49,34,100,404.00,"40,400.00"
2019-12-02,2019120201003864,NICA,49,48,50,404.00,"20,200.00"
2019-12-02,2019120201003797,NICA,45,49,50,405.00,"20,250.00"
2019-12-02,2019120201004028,NICL,43,28,10,244.00,"2,440.00"
2019-12-02,2019120201003945,NICL,57,11,350,242.00,"84,700.00"
2019-12-02,2019120201003891,NICL,57,1,91,242.00,"22,022.00"
2019-12-02,2019120201003867,NICL,44,1,100,242.00,"24,200.00"
2019-12-02,2019120201003850,NICL,25,28,11,244.00,"2,684.00"
2019-12-02,2019120201003849,NICL,25,13,69,243.00,"16,767.00"
2019-12-02,2019120201003800,NIL,13,42,43,370.00,"15,910.00"
2019-12-02,2019120201003799,NIL,13,53,103,370.00,"38,110.00"
2019-12-02,2019120201003707,NIL,36,53,17,370.00,"6,290.00"
2019-12-02,2019120201004024,NLG,6,56,20,505.00,"10,100.00"
2019-12-02,2019120201004023,NLG,6,44,38,501.00,"19,038.00"
2019-12-02,2019120201004022,NLG,6,49,50,500.00,"25,000.00"
2019-12-02,2019120201004097,NLIC,19,5,86,832.00,"71,552.00"
2019-12-02,2019120201004088,NLIC,34,49,50,832.00,"41,600.00"
2019-12-02,2019120201004062,NLIC,45,25,35,836.00,"29,260.00"
2019-12-02,2019120201004058,NLIC,45,54,15,836.00,"12,540.00"
2019-12-02,2019120201004029,NLIC,14,43,75,837.00,"62,775.00"
2019-12-02,2019120201003998,NLIC,14,51,10,837.00,"8,370.00"
2019-12-02,2019120201003773,NLIC,58,43,350,832.00,"291,200.00"
2019-12-02,2019120201003743,NLIC,40,33,100,831.00,"83,100.00"
2019-12-02,2019120201003737,NLIC,4,8,126,830.00,"104,580.00"
2019-12-02,2019120201003659,NLIC,57,43,150,832.00,"124,800.00"
2019-12-02,2019120201003658,NLIC,57,25,50,831.00,"41,550.00"
2019-12-02,2019120201003779,NLIC,58,22,25,834.00,"20,850.00"
2019-12-02,2019120201003778,NLIC,58,42,500,834.00,"417,000.00"
2019-12-02,2019120201003777,NLIC,58,55,101,834.00,"84,234.00"
2019-12-02,2019120201003776,NLIC,58,39,100,833.00,"83,300.00"
2019-12-02,2019120201003775,NLIC,58,58,21,833.00,"17,493.00"
2019-12-02,2019120201003774,NLIC,58,42,320,833.00,"266,560.00"
2019-12-02,2019120201003905,NLIC,7,32,50,835.00,"41,750.00"
2019-12-02,2019120201003863,NLIC,40,16,50,836.00,"41,800.00"
2019-12-02,2019120201003862,NLIC,40,32,50,835.00,"41,750.00"
2019-12-02,2019120201003796,NLIC,40,21,200,835.00,"167,000.00"
2019-12-02,2019120201003795,NLIC,40,53,100,835.00,"83,500.00"
2019-12-02,2019120201003794,NLIC,40,32,100,835.00,"83,500.00"
2019-12-02,2019120201003981,NLIC,14,56,15,837.00,"12,555.00"
2019-12-02,2019120201003965,NLIC,53,56,60,837.00,"50,220.00"
2019-12-02,2019120201003954,NLIC,53,21,20,836.00,"16,720.00"
2019-12-02,2019120201003953,NLIC,53,16,100,836.00,"83,600.00"
2019-12-02,2019120201003952,NLIC,53,38,20,835.00,"16,700.00"
2019-12-02,2019120201003906,NLIC,7,16,450,836.00,"376,200.00"
2019-12-02,2019120201004021,NLICL,43,10,10,421.00,"4,210.00"
2019-12-02,2019120201004104,NMB,49,48,261,385.00,"100,485.00"
2019-12-02,2019120201004103,NMB,49,32,36,385.00,"13,860.00"
2019-12-02,2019120201004102,NMB,49,25,200,385.00,"77,000.00"
2019-12-02,2019120201004101,NMB,49,6,126,385.00,"48,510.00"
2019-12-02,2019120201004100,NMB,49,32,500,385.00,"192,500.00"
2019-12-02,2019120201004099,NMB,49,3,200,385.00,"77,000.00"
2019-12-02,2019120201003679,NMB,14,28,300,384.00,"115,200.00"
2019-12-02,2019120201003653,NMB,14,42,12,384.00,"4,608.00"
2019-12-02,2019120201003646,NMB,57,45,284,385.00,"109,340.00"
2019-12-02,2019120201003645,NMB,57,58,191,385.00,"73,535.00"
2019-12-02,2019120201003836,NMB,39,58,36,385.00,"13,860.00"
2019-12-02,2019120201003791,NMB,29,58,500,385.00,"192,500.00"
2019-12-02,2019120201003781,NMB,6,58,180,385.00,"69,300.00"
2019-12-02,2019120201003753,NMB,14,42,12,384.00,"4,608.00"
2019-12-02,2019120201003717,NMB,48,58,284,385.00,"109,340.00"
2019-12-02,2019120201003716,NMB,48,45,16,385.00,"6,160.00"
2019-12-02,2019120201003842,NMB,39,29,46,385.00,"17,710.00"
2019-12-02,2019120201003841,NMB,39,16,100,385.00,"38,500.00"
2019-12-02,2019120201003840,NMB,39,49,10,385.00,"3,850.00"
2019-12-02,2019120201003839,NMB,39,55,408,385.00,"157,080.00"
2019-12-02,2019120201003838,NMB,39,46,100,385.00,"38,500.00"
2019-12-02,2019120201003837,NMB,39,51,300,385.00,"115,500.00"
2019-12-02,2019120201004098,NMB,49,29,377,385.00,"145,145.00"
2019-12-02,2019120201004070,NMB,49,28,300,384.00,"115,200.00"
2019-12-02,2019120201004020,NMB,51,44,"2,000",385.00,"770,000.00"
2019-12-02,2019120201004018,NMB,49,29,500,385.00,"192,500.00"
2019-12-02,2019120201003932,NMB,14,29,27,385.00,"10,395.00"
2019-12-02,2019120201003885,NMB,19,29,50,385.00,"19,250.00"
2019-12-02,2019120201004059,NMFBS,55,38,17,"1,131.00","19,227.00"
2019-12-02,2019120201003960,NMFBS,54,38,18,"1,130.00","20,340.00"
2019-12-02,2019120201003959,NMFBS,54,48,15,"1,130.00","16,950.00"
2019-12-02,2019120201003815,NMFBS,18,38,29,"1,129.00","32,741.00"
2019-12-02,2019120201003814,NMFBS,18,38,29,"1,129.00","32,741.00"
2019-12-02,2019120201003813,NMFBS,18,26,15,"1,129.00","16,935.00"
2019-12-02,2019120201003643,NNLB,43,40,50,458.00,"22,900.00"
2019-12-02,2019120201003642,NNLB,22,40,50,458.00,"22,900.00"
2019-12-02,2019120201004055,NTC,25,38,10,637.00,"6,370.00"
2019-12-02,2019120201004054,NTC,25,26,10,635.00,"6,350.00"
2019-12-02,2019120201004033,NTC,25,26,10,635.00,"6,350.00"
2019-12-02,2019120201003948,NTC,49,42,27,631.00,"17,037.00"
2019-12-02,2019120201003947,NTC,49,42,18,631.00,"11,358.00"
2019-12-02,2019120201003988,PCBL,29,44,730,269.00,"196,370.00"
2019-12-02,2019120201003987,PCBL,7,44,40,269.00,"10,760.00"
2019-12-02,2019120201003916,PCBL,40,48,100,270.00,"27,000.00"
2019-12-02,2019120201003915,PCBL,5,48,50,270.00,"13,500.00"
2019-12-02,2019120201003914,PCBL,28,48,300,270.00,"81,000.00"
2019-12-02,2019120201003913,PCBL,41,48,"1,349",270.00,"364,230.00"
2019-12-02,2019120201003829,PCBL,57,8,190,270.00,"51,300.00"
2019-12-02,2019120201003828,PCBL,1,8,100,270.00,"27,000.00"
2019-12-02,2019120201003827,PCBL,55,8,"1,398",270.00,"377,460.00"
2019-12-02,2019120201003731,PCBL,55,43,100,270.00,"27,000.00"
2019-12-02,2019120201003723,PCBL,55,8,"1,000",270.00,"270,000.00"
2019-12-02,2019120201003661,PCBL,55,42,13,270.00,"3,510.00"
2019-12-02,2019120201003892,PCBL,45,58,30,271.00,"8,130.00"
2019-12-02,2019120201003834,PCBL,41,8,151,270.00,"40,770.00"
2019-12-02,2019120201003833,PCBL,32,8,360,270.00,"97,200.00"
2019-12-02,2019120201003832,PCBL,19,8,200,270.00,"54,000.00"
2019-12-02,2019120201003831,PCBL,45,8,50,270.00,"13,500.00"
2019-12-02,2019120201003830,PCBL,51,8,100,270.00,"27,000.00"
2019-12-02,2019120201004112,PFL,20,49,55,139.00,"7,645.00"
2019-12-02,2019120201004111,PFL,52,49,"1,000",139.00,"139,000.00"
2019-12-02,2019120201004110,PFL,20,49,35,139.00,"4,865.00"
2019-12-02,2019120201004109,PFL,32,49,500,139.00,"69,500.00"
2019-12-02,2019120201004108,PFL,43,49,184,139.00,"25,576.00"
2019-12-02,2019120201004035,PFL,43,17,190,139.00,"26,410.00"
2019-12-02,2019120201004082,PICL,6,8,80,354.00,"28,320.00"
2019-12-02,2019120201003638,PICL,29,39,120,349.00,"41,880.00"
2019-12-02,2019120201003637,PICL,34,39,50,350.00,"17,500.00"
2019-12-02,2019120201003636,PICL,7,39,30,350.00,"10,500.00"
2019-12-02,2019120201003616,PICL,10,49,66,350.00,"23,100.00"
2019-12-02,2019120201003764,PLIC,41,38,227,305.00,"69,235.00"
2019-12-02,2019120201003758,PMHPL,58,42,10,81.00,810.00
2019-12-02,2019120201003663,PMHPL,58,42,10,81.00,810.00
2019-12-02,2019120201003805,PRIN,22,5,60,294.00,"17,640.00"
2019-12-02,2019120201003804,PRIN,22,56,40,294.00,"11,760.00"
2019-12-02,2019120201003978,PRVU,6,58,200,223.00,"44,600.00"
2019-12-02,2019120201003971,PRVU,6,58,69,223.00,"15,387.00"
2019-12-02,2019120201003771,PRVU,22,58,931,224.00,"208,544.00"
2019-12-02,2019120201003770,PRVU,22,42,69,224.00,"15,456.00"
2019-12-02,2019120201003702,PRVU,6,42,31,224.00,"6,944.00"
2019-12-02,2019120201003701,PRVU,6,34,469,224.00,"105,056.00"
2019-12-02,2019120201003700,PRVU,6,34,"2,000",224.00,"448,000.00"
2019-12-02,2019120201003625,PRVU,6,26,100,223.00,"22,300.00"
2019-12-02,2019120201004037,RBCLPO,28,33,10,"7,100.00","71,000.00"
2019-12-02,2019120201003895,RBCLPO,19,11,18,"7,100.00","127,800.00"
2019-12-02,2019120201003904,RHPL,44,21,40,166.00,"6,640.00"
2019-12-02,2019120201003873,RHPL,45,8,10,167.00,"1,670.00"
2019-12-02,2019120201003872,RHPL,45,21,40,167.00,"6,680.00"
2019-12-02,2019120201003861,RHPL,45,42,40,167.00,"6,680.00"
2019-12-02,2019120201003843,RHPL,45,21,40,167.00,"6,680.00"
2019-12-02,2019120201003826,RHPL,45,21,40,167.00,"6,680.00"
2019-12-02,2019120201003665,RHPL,19,38,40,167.00,"6,680.00"
2019-12-02,2019120201003654,RHPL,19,38,40,167.00,"6,680.00"
2019-12-02,2019120201003622,RHPL,19,38,40,167.00,"6,680.00"
2019-12-02,2019120201003715,RHPL,45,38,40,167.00,"6,680.00"
2019-12-02,2019120201003681,RHPL,45,38,40,167.00,"6,680.00"
2019-12-02,2019120201003678,RHPL,45,52,40,167.00,"6,680.00"
2019-12-02,2019120201003677,RHPL,26,52,200,167.00,"33,400.00"
2019-12-02,2019120201003676,RHPL,25,52,100,167.00,"16,700.00"
2019-12-02,2019120201003675,RHPL,19,52,190,167.00,"31,730.00"
2019-12-02,2019120201003808,RHPL,45,21,40,167.00,"6,680.00"
2019-12-02,2019120201003798,RHPL,45,21,40,167.00,"6,680.00"
2019-12-02,2019120201003782,RHPL,45,42,40,167.00,"6,680.00"
2019-12-02,2019120201003772,RHPL,45,21,40,167.00,"6,680.00"
2019-12-02,2019120201003763,RHPL,45,42,10,167.00,"1,670.00"
2019-12-02,2019120201003761,RHPL,45,40,40,167.00,"6,680.00"
2019-12-02,2019120201004091,RMDC,41,51,16,572.00,"9,152.00"
2019-12-02,2019120201004090,RMDC,45,51,10,572.00,"5,720.00"
2019-12-02,2019120201003993,RMDC,44,51,20,572.00,"11,440.00"
2019-12-02,2019120201003986,RMDC,29,51,254,572.00,"145,288.00"
2019-12-02,2019120201003684,RRHP,22,42,10,99.00,990.00
2019-12-02,2019120201003667,RRHP,22,57,10,99.00,990.00
2019-12-02,2019120201003980,RSDC,45,45,113,280.00,"31,640.00"
2019-12-02,2019120201003968,RSDC,45,42,70,280.00,"19,600.00"
2019-12-02,2019120201004073,SABSL,34,28,100,479.00,"47,900.00"
2019-12-02,2019120201003706,SABSL,34,42,10,473.00,"4,730.00"
2019-12-02,2019120201004096,SADBL,49,1,220,135.00,"29,700.00"
2019-12-02,2019120201003816,SADBL,32,1,300,135.00,"40,500.00"
2019-12-02,2019120201003614,SAEF,34,39,"2,000",8.55,"17,100.00"
2019-12-02,2019120201004067,SANIMA,44,32,50,303.00,"15,150.00"
2019-12-02,2019120201004066,SANIMA,45,32,200,303.00,"60,600.00"
2019-12-02,2019120201004065,SANIMA,45,32,434,303.00,"131,502.00"
2019-12-02,2019120201003880,SAPDBL,34,48,200,114.00,"22,800.00"
2019-12-02,2019120201003879,SAPDBL,1,48,500,114.00,"57,000.00"
2019-12-02,2019120201003857,SAPDBL,7,48,500,115.00,"57,500.00"
2019-12-02,2019120201003856,SAPDBL,54,48,21,115.00,"2,415.00"
2019-12-02,2019120201003855,SAPDBL,55,48,"1,000",116.00,"116,000.00"
2019-12-02,2019120201003854,SAPDBL,10,48,58,116.00,"6,728.00"
2019-12-02,2019120201003853,SAPDBL,13,48,830,117.00,"97,110.00"
2019-12-02,2019120201003878,SAPDBL,58,48,200,114.00,"22,800.00"
2019-12-02,2019120201003877,SAPDBL,34,48,10,114.00,"1,140.00"
2019-12-02,2019120201003876,SAPDBL,52,48,200,114.00,"22,800.00"
2019-12-02,2019120201003860,SAPDBL,10,48,"1,000",115.00,"115,000.00"
2019-12-02,2019120201003859,SAPDBL,1,48,500,115.00,"57,500.00"
2019-12-02,2019120201003858,SAPDBL,59,48,100,115.00,"11,500.00"
2019-12-02,2019120201003735,SBI,25,49,95,345.00,"32,775.00"
2019-12-02,2019120201003734,SBI,6,49,100,345.00,"34,500.00"
2019-12-02,2019120201003742,SBL,44,28,200,279.00,"55,800.00"
2019-12-02,2019120201003741,SBL,44,45,209,279.00,"58,311.00"
2019-12-02,2019120201003925,SCB,21,8,180,525.00,"94,500.00"
2019-12-02,2019120201003924,SCB,47,8,50,525.00,"26,250.00"
2019-12-02,2019120201003923,SCB,7,8,120,525.00,"63,000.00"
2019-12-02,2019120201003766,SCB,45,57,89,526.00,"46,814.00"
2019-12-02,2019120201003710,SCB,45,49,100,526.00,"52,600.00"
2019-12-02,2019120201003635,SCB,17,26,50,527.00,"26,350.00"
2019-12-02,2019120201004107,SHINE,57,28,189,227.00,"42,903.00"
2019-12-02,2019120201004064,SHINE,49,28,11,228.00,"2,508.00"
2019-12-02,2019120201003802,SHINE,57,28,200,228.00,"45,600.00"
2019-12-02,2019120201003801,SHINE,34,28,100,228.00,"22,800.00"
2019-12-02,2019120201003650,SHINE,47,33,400,228.00,"91,200.00"
2019-12-02,2019120201003633,SHINE,1,48,100,229.00,"22,900.00"
2019-12-02,2019120201004113,SHIVM,47,34,10,389.00,"3,890.00"
2019-12-02,2019120201003976,SHIVM,45,38,110,387.00,"42,570.00"
2019-12-02,2019120201003975,SHIVM,57,38,100,387.00,"38,700.00"
2019-12-02,2019120201003974,SHIVM,46,38,10,387.00,"3,870.00"
2019-12-02,2019120201003973,SHIVM,32,38,200,387.00,"77,400.00"
2019-12-02,2019120201003972,SHIVM,34,38,80,387.00,"30,960.00"
2019-12-02,2019120201003705,SHIVM,33,34,45,388.00,"17,460.00"
2019-12-02,2019120201003704,SHIVM,57,34,50,388.00,"19,400.00"
2019-12-02,2019120201003703,SHIVM,10,34,105,388.00,"40,740.00"
2019-12-02,2019120201003683,SHIVM,10,25,200,388.00,"77,600.00"
2019-12-02,2019120201003624,SHIVM,26,26,100,390.00,"39,000.00"
2019-12-02,2019120201003900,SHIVM,57,34,80,387.00,"30,960.00"
2019-12-02,2019120201003881,SHIVM,57,45,50,387.00,"19,350.00"
2019-12-02,2019120201003875,SHIVM,57,25,70,387.00,"27,090.00"
2019-12-02,2019120201003874,SHIVM,52,25,30,387.00,"11,610.00"
2019-12-02,2019120201003846,SHIVM,42,34,50,388.00,"19,400.00"
2019-12-02,2019120201003845,SHIVM,33,34,255,388.00,"98,940.00"
2019-12-02,2019120201003944,SHIVM,34,45,20,387.00,"7,740.00"
2019-12-02,2019120201003943,SHIVM,38,45,30,387.00,"11,610.00"
2019-12-02,2019120201003907,SHIVM,38,45,50,387.00,"19,350.00"
2019-12-02,2019120201003903,SHIVM,38,34,20,387.00,"7,740.00"
2019-12-02,2019120201003902,SHIVM,3,34,100,387.00,"38,700.00"
2019-12-02,2019120201003901,SHIVM,34,34,100,387.00,"38,700.00"
2019-12-02,2019120201003942,SHL,36,58,150,207.00,"31,050.00"
2019-12-02,2019120201003941,SHL,7,58,100,207.00,"20,700.00"
2019-12-02,2019120201003940,SHL,45,58,150,207.00,"31,050.00"
2019-12-02,2019120201003939,SHL,42,58,200,207.00,"41,400.00"
2019-12-02,2019120201003938,SHL,47,58,500,207.00,"103,500.00"
2019-12-02,2019120201003937,SHL,45,58,100,207.00,"20,700.00"
2019-12-02,2019120201003754,SHL,51,52,219,208.00,"45,552.00"
2019-12-02,2019120201003936,SHL,42,58,100,208.00,"20,800.00"
2019-12-02,2019120201003935,SHL,35,58,100,208.00,"20,800.00"
2019-12-02,2019120201003934,SHL,41,58,100,208.00,"20,800.00"
2019-12-02,2019120201003933,SHL,6,58,200,209.00,"41,800.00"
2019-12-02,2019120201003917,SHL,42,39,500,209.00,"104,500.00"
2019-12-02,2019120201003755,SHL,35,52,100,208.00,"20,800.00"
2019-12-02,2019120201004085,SHPC,19,16,80,180.00,"14,400.00"
2019-12-02,2019120201004027,SHPC,32,49,100,182.00,"18,200.00"
2019-12-02,2019120201004034,SICL,46,6,250,732.00,"183,000.00"
2019-12-02,2019120201003728,SICL,1,6,35,733.00,"25,655.00"
2019-12-02,2019120201003950,SIL,25,43,20,359.00,"7,180.00"
2019-12-02,2019120201003870,SIL,44,41,200,352.00,"70,400.00"
2019-12-02,2019120201004025,SJCL,57,58,260,154.00,"40,040.00"
2019-12-02,2019120201003632,SJCL,57,38,20,154.00,"3,080.00"
2019-12-02,2019120201003712,SJCL,43,45,180,155.00,"27,900.00"
2019-12-02,2019120201003711,SJCL,43,44,20,155.00,"3,100.00"
2019-12-02,2019120201003699,SJCL,57,38,20,154.00,"3,080.00"
2019-12-02,2019120201003687,SJCL,57,8,200,154.00,"30,800.00"
2019-12-02,2019120201003673,SJCL,57,38,20,154.00,"3,080.00"
2019-12-02,2019120201003660,SJCL,57,38,20,154.00,"3,080.00"
2019-12-02,2019120201003809,SJCL,57,21,20,154.00,"3,080.00"
2019-12-02,2019120201003792,SJCL,57,21,20,154.00,"3,080.00"
2019-12-02,2019120201003790,SJCL,57,42,20,154.00,"3,080.00"
2019-12-02,2019120201003784,SJCL,57,21,20,154.00,"3,080.00"
2019-12-02,2019120201003756,SJCL,57,40,20,154.00,"3,080.00"
2019-12-02,2019120201003722,SJCL,57,38,20,154.00,"3,080.00"
2019-12-02,2019120201003911,SJCL,57,21,20,154.00,"3,080.00"
2019-12-02,2019120201003884,SJCL,57,42,10,154.00,"1,540.00"
2019-12-02,2019120201003865,SJCL,57,21,20,154.00,"3,080.00"
2019-12-02,2019120201003847,SJCL,57,21,20,154.00,"3,080.00"
2019-12-02,2019120201003819,SJCL,57,21,20,154.00,"3,080.00"
2019-12-02,2019120201003958,SLBBL,22,45,30,464.00,"13,920.00"
2019-12-02,2019120201003989,SLBBL,40,6,33,464.00,"15,312.00"
2019-12-02,2019120201004084,SLBSL,38,45,20,747.00,"14,940.00"
2019-12-02,2019120201003883,SLBSL,17,42,17,738.00,"12,546.00"
2019-12-02,2019120201003852,SLICL,4,44,20,246.00,"4,920.00"
2019-12-02,2019120201003851,SLICL,4,58,80,245.00,"19,600.00"
2019-12-02,2019120201003807,SLICL,17,58,500,245.00,"122,500.00"
2019-12-02,2019120201003767,SLICL,44,8,431,243.00,"104,733.00"
2019-12-02,2019120201004068,SMATA,6,45,10,486.00,"4,860.00"
2019-12-02,2019120201003680,SMFBS,34,42,10,784.00,"7,840.00"
2019-12-02,2019120201004106,SRBL,3,49,150,213.00,"31,950.00"
2019-12-02,2019120201003714,SWBBL,45,43,20,920.00,"18,400.00"
2019-12-02,2019120201004031,TMDBL,21,16,402,138.00,"55,476.00"
2019-12-02,2019120201004030,TMDBL,21,21,138,138.00,"19,044.00"
2019-12-02,2019120201004014,TMDBL,32,21,100,138.00,"13,800.00"
2019-12-02,2019120201003977,TMDBL,32,21,50,138.00,"6,900.00"
2019-12-02,2019120201003644,TMDBL,43,21,300,138.00,"41,400.00"
2019-12-02,2019120201003896,UIC,34,34,50,213.00,"10,650.00"
2019-12-02,2019120201003869,UIC,39,34,50,214.00,"10,700.00"
2019-12-02,2019120201004002,UNHPL,17,55,50,53.00,"2,650.00"
2019-12-02,2019120201003962,UPCL,52,59,20,73.00,"1,460.00"
2019-12-02,2019120201003961,UPCL,52,22,30,73.00,"2,190.00"
2019-12-02,2019120201004105,UPPER,25,39,11,231.00,"2,541.00"
2019-12-02,2019120201004081,UPPER,53,25,214,230.00,"49,220.00"
2019-12-02,2019120201004045,UPPER,53,22,250,230.00,"57,500.00"
2019-12-02,2019120201004044,UPPER,53,8,50,230.00,"11,500.00"
2019-12-02,2019120201004043,UPPER,53,52,155,230.00,"35,650.00"
2019-12-02,2019120201003628,UPPER,56,42,50,226.00,"11,300.00"
2019-12-02,2019120201003626,UPPER,56,42,72,226.00,"16,272.00"
2019-12-02,2019120201003983,UPPER,6,28,13,227.00,"2,951.00"
2019-12-02,2019120201003803,UPPER,6,42,40,226.00,"9,040.00"
2019-12-02,2019120201003769,UPPER,6,40,50,226.00,"11,300.00"
2019-12-02,2019120201003730,UPPER,56,42,40,226.00,"9,040.00"
2019-12-02,2019120201003662,UPPER,56,51,40,226.00,"9,040.00"
2019-12-02,2019120201004015,UPPER,25,50,186,229.00,"42,594.00"
2019-12-02,2019120201004006,UPPER,25,50,14,229.00,"3,206.00"
2019-12-02,2019120201004005,UPPER,25,43,20,228.00,"4,560.00"
2019-12-02,2019120201004004,UPPER,25,48,16,227.00,"3,632.00"
2019-12-02,2019120201003984,UPPER,6,28,37,226.00,"8,362.00"
2019-12-02,2019120201004042,UPPER,53,38,50,230.00,"11,500.00"
2019-12-02,2019120201004041,UPPER,53,44,100,230.00,"23,000.00"
2019-12-02,2019120201004040,UPPER,53,41,50,230.00,"11,500.00"
2019-12-02,2019120201004039,UPPER,53,8,105,230.00,"24,150.00"
2019-12-02,2019120201004038,UPPER,53,50,26,230.00,"5,980.00"
2019-12-02,2019120201004016,UPPER,25,50,14,230.00,"3,220.00"
2019-12-02,2019120201003470,ADBL,38,49,30,403.00,"12,090.00"
2019-12-02,2019120201003454,ADBL,56,49,15,403.00,"6,045.00"
2019-12-02,2019120201003435,ADBL,50,49,"10,000",400.00,"4,000,000.00"
2019-12-02,2019120201003346,ADBL,7,47,48,402.00,"19,296.00"
2019-12-02,2019120201003345,ADBL,39,47,12,402.00,"4,824.00"
2019-12-02,2019120201003341,ADBL,39,28,188,402.00,"75,576.00"
2019-12-02,2019120201003288,ADBL,48,49,82,403.00,"33,046.00"
2019-12-02,2019120201003217,ADBL,48,29,68,403.00,"27,404.00"
2019-12-02,2019120201003216,ADBL,16,29,232,403.00,"93,496.00"
2019-12-02,2019120201003340,ADBL,34,28,50,402.00,"20,100.00"
2019-12-02,2019120201003334,ADBL,39,42,45,402.00,"18,090.00"
2019-12-02,2019120201003305,ADBL,39,58,200,402.00,"80,400.00"
2019-12-02,2019120201003304,ADBL,45,58,200,402.00,"80,400.00"
2019-12-02,2019120201003303,ADBL,1,58,100,402.00,"40,200.00"
2019-12-02,2019120201003289,ADBL,48,49,100,403.00,"40,300.00"
2019-12-02,2019120201003196,AHPC,40,6,500,94.00,"47,000.00"
2019-12-02,2019120201003564,AKBSL,52,52,100,431.00,"43,100.00"
2019-12-02,2019120201003563,AKBSL,52,56,20,430.00,"8,600.00"
2019-12-02,2019120201003453,AKBSL,7,38,10,428.00,"4,280.00"
2019-12-02,2019120201003296,AKBSL,7,20,10,428.00,"4,280.00"
2019-12-02,2019120201003546,AKPL,10,49,160,114.00,"18,240.00"
2019-12-02,2019120201003552,ALBSL,48,42,10,386.00,"3,860.00"
2019-12-02,2019120201003480,ALBSL,48,42,10,386.00,"3,860.00"
2019-12-02,2019120201003342,ALBSL,48,42,10,387.00,"3,870.00"
2019-12-02,2019120201003287,ALBSL,48,56,10,386.00,"3,860.00"
2019-12-02,2019120201003181,ALBSL,48,42,120,387.00,"46,440.00"
2019-12-02,2019120201003123,ALBSL,48,42,10,387.00,"3,870.00"
2019-12-02,2019120201003355,ALICL,58,50,88,313.00,"27,544.00"
2019-12-02,2019120201003354,ALICL,58,34,100,313.00,"31,300.00"
2019-12-02,2019120201003291,API,14,34,689,100.00,"68,900.00"
2019-12-02,2019120201003290,API,14,34,261,100.00,"26,100.00"
2019-12-02,2019120201003171,API,14,29,239,100.00,"23,900.00"
2019-12-02,2019120201003170,API,1,29,100,100.00,"10,000.00"
2019-12-02,2019120201003169,API,14,29,90,100.00,"9,000.00"
2019-12-02,2019120201003168,API,13,29,825,100.00,"82,500.00"
2019-12-02,2019120201003167,API,43,29,200,100.00,"20,000.00"
2019-12-02,2019120201003166,API,43,29,500,100.00,"50,000.00"
2019-12-02,2019120201003165,API,6,29,46,100.00,"4,600.00"
2019-12-02,2019120201003336,BFC,19,57,10,88.00,880.00
2019-12-02,2019120201003317,BFC,19,57,10,88.00,880.00
2019-12-02,2019120201003406,BOKL,44,5,100,212.00,"21,200.00"
2019-12-02,2019120201003405,BOKL,39,5,50,212.00,"10,600.00"
2019-12-02,2019120201003404,BOKL,16,5,500,212.00,"106,000.00"
2019-12-02,2019120201003403,BOKL,46,5,700,212.00,"148,400.00"
2019-12-02,2019120201003402,BOKL,13,5,200,212.00,"42,400.00"
2019-12-02,2019120201003401,BOKL,13,5,200,212.00,"42,400.00"
2019-12-02,2019120201003162,BOKL,55,25,207,213.00,"44,091.00"
2019-12-02,2019120201003122,BOKL,6,5,100,213.00,"21,300.00"
2019-12-02,2019120201003115,BOKL,6,45,400,213.00,"85,200.00"
2019-12-02,2019120201003394,BOKL,7,5,500,212.00,"106,000.00"
2019-12-02,2019120201003400,BOKL,51,5,50,212.00,"10,600.00"
2019-12-02,2019120201003399,BOKL,13,5,100,212.00,"21,200.00"
2019-12-02,2019120201003398,BOKL,25,5,50,212.00,"10,600.00"
2019-12-02,2019120201003397,BOKL,39,5,20,212.00,"4,240.00"
2019-12-02,2019120201003396,BOKL,48,5,200,212.00,"42,400.00"
2019-12-02,2019120201003395,BOKL,58,5,100,212.00,"21,200.00"
2019-12-02,2019120201003507,BPCL,1,28,10,337.00,"3,370.00"
2019-12-02,2019120201003438,BPCL,1,51,22,337.00,"7,414.00"
2019-12-02,2019120201003384,BPCL,1,59,500,338.00,"169,000.00"
2019-12-02,2019120201003209,BPCL,55,29,483,339.00,"163,737.00"
2019-12-02,2019120201003208,BPCL,37,29,100,339.00,"33,900.00"
2019-12-02,2019120201003207,BPCL,1,29,328,339.00,"111,192.00"
2019-12-02,2019120201003206,BPCL,1,29,19,339.00,"6,441.00"
2019-12-02,2019120201003205,BPCL,43,29,70,340.00,"23,800.00"
2019-12-02,2019120201003243,BPCL,43,59,100,339.00,"33,900.00"
2019-12-02,2019120201003233,BPCL,45,59,20,339.00,"6,780.00"
2019-12-02,2019120201003230,BPCL,19,59,300,339.00,"101,700.00"
2019-12-02,2019120201003229,BPCL,41,59,100,339.00,"33,900.00"
2019-12-02,2019120201003228,BPCL,47,59,55,339.00,"18,645.00"
2019-12-02,2019120201003227,BPCL,55,59,17,339.00,"5,763.00"
2019-12-02,2019120201003383,BPCL,1,59,578,338.00,"195,364.00"
2019-12-02,2019120201003382,BPCL,43,59,17,338.00,"5,746.00"
2019-12-02,2019120201003353,BPCL,43,59,38,339.00,"12,882.00"
2019-12-02,2019120201003352,BPCL,55,59,300,339.00,"101,700.00"
2019-12-02,2019120201003349,BPCL,43,42,12,339.00,"4,068.00"
2019-12-02,2019120201003348,BPCL,21,42,10,339.00,"3,390.00"
2019-12-02,2019120201003160,CBBL,10,11,62,760.00,"47,120.00"
2019-12-02,2019120201003159,CBBL,42,11,38,761.00,"28,918.00"
2019-12-02,2019120201003308,CBL,38,20,59,135.00,"7,965.00"
2019-12-02,2019120201003161,CBL,38,48,55,135.00,"7,425.00"
2019-12-02,2019120201003499,CCBL,6,55,75,161.00,"12,075.00"
2019-12-02,2019120201003498,CCBL,43,55,125,161.00,"20,125.00"
2019-12-02,2019120201003475,CCBL,6,51,116,161.00,"18,676.00"
2019-12-02,2019120201003389,CCBL,6,6,34,161.00,"5,474.00"
2019-12-02,2019120201003388,CCBL,6,48,11,161.00,"1,771.00"
2019-12-02,2019120201003318,CCBL,49,20,35,160.00,"5,600.00"
2019-12-02,2019120201003203,CCBL,6,48,42,161.00,"6,762.00"
2019-12-02,2019120201003344,CCBLPO,50,26,"2,786",120.00,"334,320.00"
2019-12-02,2019120201003551,CHCL,6,49,160,355.00,"56,800.00"
2019-12-02,2019120201003133,CHCL,6,40,60,355.00,"21,300.00"
2019-12-02,2019120201003210,CIT,32,25,70,"1,705.00","119,350.00"
2019-12-02,2019120201003173,CIT,7,25,30,"1,705.00","51,150.00"
2019-12-02,2019120201003163,CIT,49,13,30,"1,700.00","51,000.00"
2019-12-02,2019120201003145,CIT,40,13,50,"1,700.00","85,000.00"
2019-12-02,2019120201003144,CIT,40,47,50,"1,700.00","85,000.00"
2019-12-02,2019120201003120,CIT,41,53,20,"1,699.00","33,980.00"
2019-12-02,2019120201003241,CZBIL,21,38,100,183.00,"18,300.00"
2019-12-02,2019120201003240,CZBIL,21,33,60,183.00,"10,980.00"
2019-12-02,2019120201003239,CZBIL,21,48,50,182.00,"9,100.00"
2019-12-02,2019120201003224,CZBIL,44,29,39,181.00,"7,059.00"
2019-12-02,2019120201003223,CZBIL,49,29,461,181.00,"83,441.00"
2019-12-02,2019120201003600,DDBL,49,45,500,714.00,"357,000.00"
2019-12-02,2019120201003599,DDBL,36,45,66,715.00,"47,190.00"
2019-12-02,2019120201003485,DDBL,36,47,34,715.00,"24,310.00"
2019-12-02,2019120201003484,DDBL,1,47,300,715.00,"214,500.00"
2019-12-02,2019120201003483,DDBL,16,47,200,715.00,"143,000.00"
2019-12-02,2019120201003482,DDBL,25,47,40,716.00,"28,640.00"
2019-12-02,2019120201003481,DDBL,43,47,40,717.00,"28,680.00"
2019-12-02,2019120201003197,EBL,11,42,10,541.00,"5,410.00"
2019-12-02,2019120201003339,EIC,7,5,700,209.00,"146,300.00"
2019-12-02,2019120201003338,EIC,40,5,500,209.00,"104,500.00"
2019-12-02,2019120201003172,FMDBL,19,39,93,299.00,"27,807.00"
2019-12-02,2019120201003114,FMDBL,42,41,20,298.00,"5,960.00"
2019-12-02,2019120201003252,GBLBS,10,3,50,282.00,"14,100.00"
2019-12-02,2019120201003251,GBLBS,48,3,20,283.00,"5,660.00"
2019-12-02,2019120201003151,GBLBS,1,1,5,283.00,"1,415.00"
2019-12-02,2019120201003593,GGBSL,54,11,10,574.00,"5,740.00"
2019-12-02,2019120201003263,GILB,49,54,10,765.00,"7,650.00"
2019-12-02,2019120201003542,GMFBS,17,58,10,495.00,"4,950.00"
2019-12-02,2019120201003541,GMFBS,17,58,10,495.00,"4,950.00"
2019-12-02,2019120201003540,GMFBS,17,58,10,495.00,"4,950.00"
2019-12-02,2019120201003539,GMFBS,17,58,10,495.00,"4,950.00"
2019-12-02,2019120201003538,GMFBS,17,58,10,495.00,"4,950.00"
2019-12-02,2019120201003458,GMFBS,17,42,10,492.00,"4,920.00"
2019-12-02,2019120201003297,GMFBS,17,34,10,492.00,"4,920.00"
2019-12-02,2019120201003596,GRDBL,59,51,10,100.00,"1,000.00"
2019-12-02,2019120201003321,HBL,16,8,271,479.00,"129,809.00"
2019-12-02,2019120201003526,HDL,6,45,35,"1,177.00","41,195.00"
2019-12-02,2019120201003525,HDL,49,45,15,"1,178.00","17,670.00"
2019-12-02,2019120201003608,HIDCL,26,44,100,129.00,"12,900.00"
2019-12-02,2019120201003607,HIDCL,37,44,"1,202",129.00,"155,058.00"
2019-12-02,2019120201003606,HIDCL,52,44,186,129.00,"23,994.00"
2019-12-02,2019120201003605,HIDCL,45,44,200,129.00,"25,800.00"
2019-12-02,2019120201003604,HIDCL,22,44,20,129.00,"2,580.00"
2019-12-02,2019120201003603,HIDCL,1,44,500,129.00,"64,500.00"
2019-12-02,2019120201003271,HIDCL,34,44,10,130.00,"1,300.00"
2019-12-02,2019120201003270,HIDCL,41,44,500,130.00,"65,000.00"
2019-12-02,2019120201003266,HIDCL,39,44,110,131.00,"14,410.00"
2019-12-02,2019120201003602,HIDCL,34,44,313,129.00,"40,377.00"
2019-12-02,2019120201003416,HIDCL,34,43,87,129.00,"11,223.00"
2019-12-02,2019120201003275,HIDCL,52,44,214,130.00,"27,820.00"
2019-12-02,2019120201003274,HIDCL,51,44,430,130.00,"55,900.00"
2019-12-02,2019120201003273,HIDCL,25,44,300,130.00,"39,000.00"
2019-12-02,2019120201003272,HIDCL,41,44,100,130.00,"13,000.00"
2019-12-02,2019120201003497,IGI,11,35,100,263.00,"26,300.00"
2019-12-02,2019120201003496,IGI,49,35,22,263.00,"5,786.00"
2019-12-02,2019120201003495,IGI,42,35,50,263.00,"13,150.00"
2019-12-02,2019120201003280,IGI,43,35,115,264.00,"30,360.00"
2019-12-02,2019120201003494,IGI,32,35,50,263.00,"13,150.00"
2019-12-02,2019120201003566,ILBS,18,32,10,487.00,"4,870.00"
2019-12-02,2019120201003565,ILBS,18,32,10,487.00,"4,870.00"
2019-12-02,2019120201003319,ILBS,45,6,10,484.00,"4,840.00"
2019-12-02,2019120201003299,ILBS,45,56,20,485.00,"9,700.00"
2019-12-02,2019120201003254,ILBS,21,56,10,485.00,"4,850.00"
2019-12-02,2019120201003220,ILBS,17,51,10,483.00,"4,830.00"
2019-12-02,2019120201003179,ILBS,55,40,10,484.00,"4,840.00"
2019-12-02,2019120201003286,JFL,45,46,30,191.00,"5,730.00"
2019-12-02,2019120201003242,JFL,34,59,50,190.00,"9,500.00"
2019-12-02,2019120201003387,JSLBB,41,38,100,"1,209.00","120,900.00"
2019-12-02,2019120201003359,JSLBB,49,38,"1,500","1,195.00","1,792,500.00"
2019-12-02,2019120201003248,JSLBB,52,51,10,"1,187.00","11,870.00"
2019-12-02,2019120201003152,JSLBB,45,51,10,"1,184.00","11,840.00"
2019-12-02,2019120201003548,KADBL,35,37,153,170.00,"26,010.00"
2019-12-02,2019120201003558,KBL,50,50,181,178.00,"32,218.00"
2019-12-02,2019120201003547,KBL,50,8,300,178.00,"53,400.00"
2019-12-02,2019120201003517,KBL,50,29,79,178.00,"14,062.00"
2019-12-02,2019120201003450,KBL,6,29,500,178.00,"89,000.00"
2019-12-02,2019120201003425,KBL,41,29,221,178.00,"39,338.00"
2019-12-02,2019120201003424,KBL,41,42,27,178.00,"4,806.00"
2019-12-02,2019120201003423,KBL,41,58,80,178.00,"14,240.00"
2019-12-02,2019120201003422,KBL,41,21,72,178.00,"12,816.00"
2019-12-02,2019120201003294,KBL,21,58,20,178.00,"3,560.00"
2019-12-02,2019120201003293,KBL,21,25,80,178.00,"14,240.00"
2019-12-02,2019120201003256,KBL,21,25,300,178.00,"53,400.00"
2019-12-02,2019120201003518,KKHC,49,19,16,52.00,832.00
2019-12-02,2019120201003141,KPCL,48,59,500,79.00,"39,500.00"
2019-12-02,2019120201003180,KRBL,41,48,50,97.00,"4,850.00"
2019-12-02,2019120201003527,KSBBL,39,38,397,132.00,"52,404.00"
2019-12-02,2019120201003307,KSBBL,39,38,103,132.00,"13,596.00"
2019-12-02,2019120201003306,KSBBL,17,38,400,132.00,"52,800.00"
2019-12-02,2019120201003537,LBBL,14,43,500,172.00,"86,000.00"
2019-12-02,2019120201003536,LBBL,14,3,10,172.00,"1,720.00"
2019-12-02,2019120201003535,LBBL,14,52,"1,000",172.00,"172,000.00"
2019-12-02,2019120201003312,LBBL,7,6,157,171.00,"26,847.00"
2019-12-02,2019120201003426,LBL,38,6,37,215.00,"7,955.00"
2019-12-02,2019120201003375,LBL,5,6,50,215.00,"10,750.00"
2019-12-02,2019120201003374,LBL,7,6,42,215.00,"9,030.00"
2019-12-02,2019120201003373,LBL,49,6,60,215.00,"12,900.00"
2019-12-02,2019120201003372,LBL,43,6,500,215.00,"107,500.00"
2019-12-02,2019120201003371,LBL,34,6,35,215.00,"7,525.00"
2019-12-02,2019120201003370,LBL,58,6,20,215.00,"4,300.00"
2019-12-02,2019120201003369,LBL,38,6,100,215.00,"21,500.00"
2019-12-02,2019120201003368,LBL,55,6,"1,000",215.00,"215,000.00"
2019-12-02,2019120201003367,LBL,29,6,50,215.00,"10,750.00"
2019-12-02,2019120201003366,LBL,19,6,100,215.00,"21,500.00"
2019-12-02,2019120201003365,LBL,42,6,44,215.00,"9,460.00"
2019-12-02,2019120201003520,MBL,56,16,815,214.00,"174,410.00"
2019-12-02,2019120201003295,MBL,48,42,27,214.00,"5,778.00"
2019-12-02,2019120201003285,MBL,57,42,100,214.00,"21,400.00"
2019-12-02,2019120201003284,MBL,21,42,500,214.00,"107,000.00"
2019-12-02,2019120201003283,MBL,42,42,100,214.00,"21,400.00"
2019-12-02,2019120201003282,MBL,48,42,600,214.00,"128,400.00"
2019-12-02,2019120201003281,MBL,40,42,673,214.00,"144,022.00"
2019-12-02,2019120201003335,MDB,49,33,10,246.00,"2,460.00"
2019-12-02,2019120201003570,MEGA,7,47,151,180.00,"27,180.00"
2019-12-02,2019120201003259,MEGA,33,57,222,180.00,"39,960.00"
2019-12-02,2019120201003258,MEGA,37,57,78,180.00,"14,040.00"
2019-12-02,2019120201003343,MEGA,33,20,39,180.00,"7,020.00"
2019-12-02,2019120201003489,MEGA,19,16,100,180.00,"18,000.00"
2019-12-02,2019120201003488,MEGA,41,16,100,180.00,"18,000.00"
2019-12-02,2019120201003487,MEGA,41,16,100,180.00,"18,000.00"
2019-12-02,2019120201003486,MEGA,37,16,89,180.00,"16,020.00"
2019-12-02,2019120201003460,MEGA,37,42,61,180.00,"10,980.00"
2019-12-02,2019120201003459,MEGA,33,42,39,180.00,"7,020.00"
2019-12-02,2019120201003569,MEGA,22,47,10,180.00,"1,800.00"
2019-12-02,2019120201003568,MEGA,59,47,39,180.00,"7,020.00"
2019-12-02,2019120201003491,MEGA,59,16,111,180.00,"19,980.00"
2019-12-02,2019120201003490,MEGA,6,16,500,180.00,"90,000.00"
2019-12-02,2019120201003118,MERO,6,29,14,406.00,"5,684.00"
2019-12-02,2019120201003117,MERO,56,29,100,408.00,"40,800.00"
2019-12-02,2019120201003116,MERO,58,29,10,410.00,"4,100.00"
2019-12-02,2019120201003119,MERO,25,29,26,404.00,"10,504.00"
2019-12-02,2019120201003260,MFIL,58,26,300,127.00,"38,100.00"
2019-12-02,2019120201003448,MLBL,59,52,30,170.00,"5,100.00"
2019-12-02,2019120201003447,MLBL,59,52,"1,000",171.00,"171,000.00"
2019-12-02,2019120201003572,MNBBL,42,38,10,310.00,"3,100.00"
2019-12-02,2019120201003571,MNBBL,56,38,15,311.00,"4,665.00"
2019-12-02,2019120201003333,MNBBL,56,17,10,312.00,"3,120.00"
2019-12-02,2019120201003313,MSLB,50,5,10,895.00,"8,950.00"
2019-12-02,2019120201003298,MSLB,50,1,10,879.00,"8,790.00"
2019-12-02,2019120201003292,MSLB,50,1,10,862.00,"8,620.00"
2019-12-02,2019120201003250,MSLB,50,10,20,846.00,"16,920.00"
2019-12-02,2019120201003249,MSLB,50,6,51,840.00,"42,840.00"
2019-12-02,2019120201003121,NABIL,26,39,100,725.00,"72,500.00"
2019-12-02,2019120201003598,NBB,58,49,22,199.00,"4,378.00"
2019-12-02,2019120201003597,NBB,40,49,78,199.00,"15,522.00"
2019-12-02,2019120201003585,NBB,41,13,25,200.00,"5,000.00"
2019-12-02,2019120201003584,NBB,41,40,150,200.00,"30,000.00"
2019-12-02,2019120201003583,NBB,41,28,325,200.00,"65,000.00"
2019-12-02,2019120201003474,NBB,40,13,100,199.00,"19,900.00"
2019-12-02,2019120201003472,NBB,41,28,267,200.00,"53,400.00"
2019-12-02,2019120201003471,NBB,41,13,233,200.00,"46,600.00"
2019-12-02,2019120201003417,NBB,11,13,500,200.00,"100,000.00"
2019-12-02,2019120201003164,NBB,37,13,200,200.00,"40,000.00"
2019-12-02,2019120201003267,NBL,22,58,451,311.00,"140,261.00"
2019-12-02,2019120201003183,NBL,22,49,49,311.00,"15,239.00"
2019-12-02,2019120201003139,NBL,22,49,500,311.00,"155,500.00"
2019-12-02,2019120201003132,NBL,48,49,200,311.00,"62,200.00"
2019-12-02,2019120201003131,NBL,58,49,200,311.00,"62,200.00"
2019-12-02,2019120201003130,NBL,22,49,100,311.00,"31,100.00"
2019-12-02,2019120201003129,NBL,47,49,100,311.00,"31,100.00"
2019-12-02,2019120201003128,NBL,46,49,200,311.00,"62,200.00"
2019-12-02,2019120201003127,NBL,43,49,300,311.00,"93,300.00"
2019-12-02,2019120201003126,NBL,6,49,10,311.00,"3,110.00"
2019-12-02,2019120201003125,NBL,44,49,"5,000",311.00,"1,555,000.00"
2019-12-02,2019120201003124,NBL,8,49,226,311.00,"70,286.00"
2019-12-02,2019120201003592,NCCB,49,49,48,199.00,"9,552.00"
2019-12-02,2019120201003591,NCCB,7,49,22,199.00,"4,378.00"
2019-12-02,2019120201003501,NCCB,7,40,20,199.00,"3,980.00"
2019-12-02,2019120201003500,NCCB,32,40,80,199.00,"15,920.00"
2019-12-02,2019120201003434,NCCB,32,13,70,199.00,"13,930.00"
2019-12-02,2019120201003437,NEF,39,20,386,7.25,"2,798.50"
2019-12-02,2019120201003586,NGPL,51,51,11,105.00,"1,155.00"
2019-12-02,2019120201003523,NIB,16,16,200,414.00,"82,800.00"
2019-12-02,2019120201003436,NIB,10,45,318,413.00,"131,334.00"
2019-12-02,2019120201003431,NIB,51,45,20,413.00,"8,260.00"
2019-12-02,2019120201003430,NIB,22,45,500,413.00,"206,500.00"
2019-12-02,2019120201003429,NIB,53,45,200,413.00,"82,600.00"
2019-12-02,2019120201003428,NIB,50,45,164,413.00,"67,732.00"
2019-12-02,2019120201003195,NIB,50,48,16,413.00,"6,608.00"
2019-12-02,2019120201003461,NIBSF1,14,20,600,8.20,"4,920.00"
2019-12-02,2019120201003587,NICA,59,49,10,405.00,"4,050.00"
2019-12-02,2019120201003427,NICA,49,4,100,406.00,"40,600.00"
2019-12-02,2019120201003418,NICA,49,1,520,406.00,"211,120.00"
2019-12-02,2019120201003390,NICA,49,4,380,406.00,"154,280.00"
2019-12-02,2019120201003364,NICA,49,20,75,404.00,"30,300.00"
2019-12-02,2019120201003331,NICA,48,4,335,405.00,"135,675.00"
2019-12-02,2019120201003156,NICA,22,21,100,406.00,"40,600.00"
2019-12-02,2019120201003155,NICA,22,21,100,406.00,"40,600.00"
2019-12-02,2019120201003154,NICA,22,49,36,406.00,"14,616.00"
2019-12-02,2019120201003324,NICA,42,4,100,405.00,"40,500.00"
2019-12-02,2019120201003323,NICA,45,4,"2,000",405.00,"810,000.00"
2019-12-02,2019120201003322,NICA,41,4,815,405.00,"330,075.00"
2019-12-02,2019120201003262,NICA,22,4,120,406.00,"48,720.00"
2019-12-02,2019120201003158,NICA,22,16,74,406.00,"30,044.00"
2019-12-02,2019120201003157,NICA,22,13,70,406.00,"28,420.00"
2019-12-02,2019120201003330,NICA,58,4,100,405.00,"40,500.00"
2019-12-02,2019120201003329,NICA,34,4,50,405.00,"20,250.00"
2019-12-02,2019120201003328,NICA,38,4,100,405.00,"40,500.00"
2019-12-02,2019120201003327,NICA,45,4,200,405.00,"81,000.00"
2019-12-02,2019120201003326,NICA,41,4,300,405.00,"121,500.00"
2019-12-02,2019120201003325,NICA,46,4,"1,000",405.00,"405,000.00"
2019-12-02,2019120201003534,NICGF,45,20,800,8.39,"6,712.00"
2019-12-02,2019120201003609,NICL,44,49,70,242.00,"16,940.00"
2019-12-02,2019120201003237,NICL,44,22,22,242.00,"5,324.00"
2019-12-02,2019120201003550,NIL,46,6,123,370.00,"45,510.00"
2019-12-02,2019120201003347,NIL,45,38,103,370.00,"38,110.00"
2019-12-02,2019120201003320,NLBBL,22,52,37,497.00,"18,389.00"
2019-12-02,2019120201003177,NLBBL,1,1,2,493.00,986.00
2019-12-02,2019120201003560,NLG,48,58,51,500.00,"25,500.00"
2019-12-02,2019120201003493,NLG,48,13,40,500.00,"20,000.00"
2019-12-02,2019120201003451,NLG,48,51,56,500.00,"28,000.00"
2019-12-02,2019120201003575,NLIC,32,32,250,827.00,"206,750.00"
2019-12-02,2019120201003574,NLIC,4,32,178,827.00,"147,206.00"
2019-12-02,2019120201003562,NLIC,58,43,500,832.00,"416,000.00"
2019-12-02,2019120201003556,NLIC,4,19,22,827.00,"18,194.00"
2019-12-02,2019120201003544,NLIC,41,21,400,830.00,"332,000.00"
2019-12-02,2019120201003522,NLIC,41,54,500,830.00,"415,000.00"
2019-12-02,2019120201003301,NLIC,49,6,30,832.00,"24,960.00"
2019-12-02,2019120201003300,NLIC,49,11,100,832.00,"83,200.00"
2019-12-02,2019120201003255,NLIC,41,42,190,830.00,"157,700.00"
2019-12-02,2019120201003184,NLIC,58,42,30,833.00,"24,990.00"
2019-12-02,2019120201003182,NLIC,56,56,30,832.00,"24,960.00"
2019-12-02,2019120201003469,NLIC,41,51,22,830.00,"18,260.00"
2019-12-02,2019120201003449,NLIC,4,43,500,832.00,"416,000.00"
2019-12-02,2019120201003445,NLIC,41,42,100,830.00,"83,000.00"
2019-12-02,2019120201003411,NLIC,34,51,50,832.00,"41,600.00"
2019-12-02,2019120201003410,NLIC,34,56,50,832.00,"41,600.00"
2019-12-02,2019120201003302,NLIC,49,42,120,833.00,"99,960.00"
2019-12-02,2019120201003561,NMB,14,42,12,384.00,"4,608.00"
2019-12-02,2019120201003557,NMB,14,49,60,384.00,"23,040.00"
2019-12-02,2019120201003502,NMB,14,42,12,384.00,"4,608.00"
2019-12-02,2019120201003363,NMB,14,42,12,384.00,"4,608.00"
2019-12-02,2019120201003358,NMB,4,58,77,385.00,"29,645.00"
2019-12-02,2019120201003357,NMB,4,29,223,385.00,"85,855.00"
2019-12-02,2019120201003356,NMB,4,13,200,385.00,"77,000.00"
2019-12-02,2019120201003279,NMB,14,58,153,384.00,"58,752.00"
2019-12-02,2019120201003278,NMB,26,58,100,384.00,"38,400.00"
2019-12-02,2019120201003277,NMB,32,58,126,384.00,"48,384.00"
2019-12-02,2019120201003576,NMBHF1,26,20,451,8.20,"3,698.20"
2019-12-02,2019120201003567,NMBHF1,11,20,215,8.36,"1,797.40"
2019-12-02,2019120201003332,NMFBS,57,45,10,"1,130.00","11,300.00"
2019-12-02,2019120201003269,NSEWA,41,56,10,379.00,"3,790.00"
2019-12-02,2019120201003315,OHL,34,46,200,406.00,"81,200.00"
2019-12-02,2019120201003559,PCBL,6,8,300,271.00,"81,300.00"
2019-12-02,2019120201003549,PCBL,20,8,300,271.00,"81,300.00"
2019-12-02,2019120201003457,PCBL,55,28,241,270.00,"65,070.00"
2019-12-02,2019120201003510,PFL,32,59,174,140.00,"24,360.00"
2019-12-02,2019120201003509,PFL,32,59,100,140.00,"14,000.00"
2019-12-02,2019120201003508,PFL,32,59,100,140.00,"14,000.00"
2019-12-02,2019120201003234,PFL,43,55,26,139.00,"3,614.00"
2019-12-02,2019120201003219,PICL,10,56,34,350.00,"11,900.00"
2019-12-02,2019120201003218,PICL,34,56,10,353.00,"3,530.00"
2019-12-02,2019120201003601,PLIC,41,21,23,305.00,"7,015.00"
2019-12-02,2019120201003516,PMHPL,58,42,10,81.00,810.00
2019-12-02,2019120201003376,PMHPL,58,42,10,81.00,810.00
2019-12-02,2019120201003492,PPCL,32,45,70,104.00,"7,280.00"
2019-12-02,2019120201003479,PPCL,32,21,30,102.00,"3,060.00"
2019-12-02,2019120201003478,PPCL,32,21,30,102.00,"3,060.00"
2019-12-02,2019120201003477,PPCL,32,21,30,102.00,"3,060.00"
2019-12-02,2019120201003385,PPCL,45,20,10,100.00,"1,000.00"
2019-12-02,2019120201003311,PPCL,45,28,20,100.00,"2,000.00"
2019-12-02,2019120201003148,PRIN,17,45,336,292.00,"98,112.00"
2019-12-02,2019120201003147,PRIN,25,45,110,292.00,"32,120.00"
2019-12-02,2019120201003146,PRIN,28,45,100,292.00,"29,200.00"
2019-12-02,2019120201003142,PRIN,32,45,100,293.00,"29,300.00"
2019-12-02,2019120201003504,PRVU,1,34,111,224.00,"24,864.00"
2019-12-02,2019120201003503,PRVU,1,42,89,224.00,"19,936.00"
2019-12-02,2019120201003432,PRVU,58,42,350,224.00,"78,400.00"
2019-12-02,2019120201003409,PRVU,6,29,304,223.00,"67,792.00"
2019-12-02,2019120201003408,PRVU,58,29,200,223.00,"44,600.00"
2019-12-02,2019120201003407,PRVU,38,29,"1,296",223.00,"289,008.00"
2019-12-02,2019120201003188,PRVU,6,42,461,224.00,"103,264.00"
2019-12-02,2019120201003187,PRVU,6,45,39,224.00,"8,736.00"
2019-12-02,2019120201003505,RHPC,34,51,13,75.00,975.00
2019-12-02,2019120201003613,RHPL,19,21,190,167.00,"31,730.00"
2019-12-02,2019120201003612,RHPL,43,21,150,167.00,"25,050.00"
2019-12-02,2019120201003573,RHPL,43,42,40,167.00,"6,680.00"
2019-12-02,2019120201003521,RHPL,43,42,40,167.00,"6,680.00"
2019-12-02,2019120201003446,RHPL,43,42,40,167.00,"6,680.00"
2019-12-02,2019120201003393,RHPL,43,20,10,167.00,"1,670.00"
2019-12-02,2019120201003268,RHPL,43,40,30,167.00,"5,010.00"
2019-12-02,2019120201003257,RHPL,43,51,40,167.00,"6,680.00"
2019-12-02,2019120201003238,RHPL,43,22,40,167.00,"6,680.00"
2019-12-02,2019120201003225,RHPL,43,51,40,167.00,"6,680.00"
2019-12-02,2019120201003221,RHPL,43,55,40,167.00,"6,680.00"
2019-12-02,2019120201003185,RHPL,43,40,30,167.00,"5,010.00"
2019-12-02,2019120201003589,RRHP,42,42,10,98.00,980.00
2019-12-02,2019120201003531,RRHP,42,42,10,98.00,980.00
2019-12-02,2019120201003456,SABSL,29,28,50,475.00,"23,750.00"
2019-12-02,2019120201003455,SABSL,45,28,40,475.00,"19,000.00"
2019-12-02,2019120201003391,SABSL,45,28,50,475.00,"23,750.00"
2019-12-02,2019120201003204,SABSL,45,40,10,475.00,"4,750.00"
2019-12-02,2019120201003143,SABSL,19,56,20,475.00,"9,500.00"
2019-12-02,2019120201003524,SADBL,49,1,50,135.00,"6,750.00"
2019-12-02,2019120201003611,SAEF,34,20,500,8.55,"4,275.00"
2019-12-02,2019120201003413,SANIMA,45,20,36,303.00,"10,908.00"
2019-12-02,2019120201003314,SANIMA,6,56,10,304.00,"3,040.00"
2019-12-02,2019120201003176,SANIMA,41,19,75,304.00,"22,800.00"
2019-12-02,2019120201003175,SANIMA,41,38,115,304.00,"34,960.00"
2019-12-02,2019120201003174,SANIMA,41,17,900,304.00,"273,600.00"
2019-12-02,2019120201003138,SANIMA,45,41,30,303.00,"9,090.00"
2019-12-02,2019120201003137,SANIMA,42,41,300,303.00,"90,900.00"
2019-12-02,2019120201003136,SANIMA,57,41,451,303.00,"136,653.00"
2019-12-02,2019120201003186,SAPDBL,13,48,49,117.00,"5,733.00"
2019-12-02,2019120201003529,SBI,28,41,100,345.00,"34,500.00"
2019-12-02,2019120201003528,SBI,37,41,200,345.00,"69,000.00"
2019-12-02,2019120201003578,SBL,47,45,100,279.00,"27,900.00"
2019-12-02,2019120201003577,SBL,42,45,112,279.00,"31,248.00"
2019-12-02,2019120201003515,SBL,42,1,88,279.00,"24,552.00"
2019-12-02,2019120201003514,SBL,43,1,12,279.00,"3,348.00"
2019-12-02,2019120201003476,SBL,43,19,233,279.00,"65,007.00"
2019-12-02,2019120201003415,SBL,43,13,755,279.00,"210,645.00"
2019-12-02,2019120201003414,SBL,16,13,245,279.00,"68,355.00"
2019-12-02,2019120201003381,SBL,16,13,403,279.00,"112,437.00"
2019-12-02,2019120201003380,SBL,4,13,500,279.00,"139,500.00"
2019-12-02,2019120201003379,SBL,19,13,100,279.00,"27,900.00"
2019-12-02,2019120201003433,SCB,45,51,20,526.00,"10,520.00"
2019-12-02,2019120201003211,SCB,45,40,20,526.00,"10,520.00"
2019-12-02,2019120201003153,SCB,45,4,50,526.00,"26,300.00"
2019-12-02,2019120201003135,SCB,45,38,600,526.00,"315,600.00"
2019-12-02,2019120201003519,SDESI,34,6,23,520.00,"11,960.00"
2019-12-02,2019120201003543,SEF,3,42,"10,000",8.82,"88,200.00"
2019-12-02,2019120201003513,SHINE,57,4,540,227.00,"122,580.00"
2019-12-02,2019120201003590,SHIVM,26,58,400,390.00,"156,000.00"
2019-12-02,2019120201003588,SHIVM,10,45,50,388.00,"19,400.00"
2019-12-02,2019120201003264,SHIVM,33,38,530,391.00,"207,230.00"
2019-12-02,2019120201003236,SHIVM,10,58,45,388.00,"17,460.00"
2019-12-02,2019120201003235,SHIVM,14,58,20,388.00,"7,760.00"
2019-12-02,2019120201003134,SHL,11,52,128,209.00,"26,752.00"
2019-12-02,2019120201003351,SHPC,48,6,10,183.00,"1,830.00"
2019-12-02,2019120201003350,SHPC,48,44,300,180.00,"54,000.00"
2019-12-02,2019120201003215,SICL,38,45,233,731.00,"170,323.00"
2019-12-02,2019120201003214,SICL,19,45,20,735.00,"14,700.00"
2019-12-02,2019120201003213,SICL,20,45,32,735.00,"23,520.00"
2019-12-02,2019120201003212,SICL,1,45,15,735.00,"11,025.00"
2019-12-02,2019120201003202,SICL,14,6,500,736.00,"368,000.00"
2019-12-02,2019120201003201,SICL,39,6,68,736.00,"50,048.00"
2019-12-02,2019120201003200,SICL,39,6,11,736.00,"8,096.00"
2019-12-02,2019120201003199,SICL,38,6,161,737.00,"118,657.00"
2019-12-02,2019120201003198,SICL,42,6,10,738.00,"7,380.00"
2019-12-02,2019120201003190,SIL,42,56,85,356.00,"30,260.00"
2019-12-02,2019120201003189,SIL,39,56,200,357.00,"71,400.00"
2019-12-02,2019120201003594,SJCL,57,42,10,154.00,"1,540.00"
2019-12-02,2019120201003582,SJCL,57,55,240,154.00,"36,960.00"
2019-12-02,2019120201003581,SJCL,14,55,160,154.00,"24,640.00"
2019-12-02,2019120201003580,SJCL,21,55,100,154.00,"15,400.00"
2019-12-02,2019120201003579,SJCL,40,55,10,154.00,"1,540.00"
2019-12-02,2019120201003222,SJCL,40,40,20,154.00,"3,080.00"
2019-12-02,2019120201003261,SJCL,40,51,20,154.00,"3,080.00"
2019-12-02,2019120201003253,SJCL,40,22,20,154.00,"3,080.00"
2019-12-02,2019120201003232,SJCL,40,51,20,154.00,"3,080.00"
2019-12-02,2019120201003226,SJCL,40,55,20,154.00,"3,080.00"
2019-12-02,2019120201003452,SJCL,40,42,20,154.00,"3,080.00"
2019-12-02,2019120201003420,SJCL,40,20,10,154.00,"1,540.00"
2019-12-02,2019120201003378,SJCL,40,51,10,154.00,"1,540.00"
2019-12-02,2019120201003362,SJCL,40,51,20,154.00,"3,080.00"
2019-12-02,2019120201003276,SJCL,40,40,20,154.00,"3,080.00"
2019-12-02,2019120201003553,SJCL,40,39,20,154.00,"3,080.00"
2019-12-02,2019120201003533,SJCL,40,42,20,154.00,"3,080.00"
2019-12-02,2019120201003473,SKBBL,41,28,50,911.00,"45,550.00"
2019-12-02,2019120201003265,SKBBL,41,45,151,911.00,"137,561.00"
2019-12-02,2019120201003419,SLICL,52,1,50,244.00,"12,200.00"
2019-12-02,2019120201003310,SMFDB,26,45,210,505.00,"106,050.00"
2019-12-02,2019120201003309,SMFDB,52,45,80,505.00,"40,400.00"
2019-12-02,2019120201003194,SPARS,41,25,60,540.00,"32,400.00"
2019-12-02,2019120201003193,SPARS,41,39,100,535.00,"53,500.00"
2019-12-02,2019120201003192,SPARS,41,22,10,534.00,"5,340.00"
2019-12-02,2019120201003191,SPARS,41,38,40,534.00,"21,360.00"
2019-12-02,2019120201003150,SPDL,34,11,136,79.00,"10,744.00"
2019-12-02,2019120201003149,SPDL,45,11,459,79.00,"36,261.00"
2019-12-02,2019120201003506,SRBL,49,28,650,212.00,"137,800.00"
2019-12-02,2019120201003530,STC,58,57,10,"1,256.00","12,560.00"
2019-12-02,2019120201003178,STC,54,54,764,"1,232.00","941,248.00"
2019-12-02,2019120201003466,SWBBL,22,47,30,915.00,"27,450.00"
2019-12-02,2019120201003465,SWBBL,29,47,213,915.00,"194,895.00"
2019-12-02,2019120201003464,SWBBL,22,47,30,916.00,"27,480.00"
2019-12-02,2019120201003463,SWBBL,40,47,200,916.00,"183,200.00"
2019-12-02,2019120201003462,SWBBL,3,47,10,916.00,"9,160.00"
2019-12-02,2019120201003246,SWBBL,33,45,15,918.00,"13,770.00"
2019-12-02,2019120201003245,SWBBL,45,45,50,919.00,"45,950.00"
2019-12-02,2019120201003244,SWBBL,45,45,50,919.00,"45,950.00"
2019-12-02,2019120201003444,SWBBL,22,47,30,917.00,"27,510.00"
2019-12-02,2019120201003443,SWBBL,32,47,100,917.00,"91,700.00"
2019-12-02,2019120201003442,SWBBL,1,47,50,917.00,"45,850.00"
2019-12-02,2019120201003441,SWBBL,22,47,30,918.00,"27,540.00"
2019-12-02,2019120201003440,SWBBL,29,47,213,918.00,"195,534.00"
2019-12-02,2019120201003247,SWBBL,34,45,93,918.00,"85,374.00"
2019-12-02,2019120201003555,UMHL,34,48,95,100.00,"9,500.00"
2019-12-02,2019120201003554,UMHL,5,48,165,100.00,"16,500.00"
2019-12-02,2019120201003421,UMHL,5,48,101,100.00,"10,100.00"
2019-12-02,2019120201003412,UMHL,5,48,101,100.00,"10,100.00"
2019-12-02,2019120201003392,UMHL,5,48,101,100.00,"10,100.00"
2019-12-02,2019120201003386,UMHL,5,48,101,100.00,"10,100.00"
2019-12-02,2019120201003377,UMHL,5,48,101,100.00,"10,100.00"
2019-12-02,2019120201003337,UMHL,5,48,101,100.00,"10,100.00"
2019-12-02,2019120201003140,UNHPL,11,51,50,52.00,"2,600.00"
2019-12-02,2019120201003512,UPCL,42,22,20,73.00,"1,460.00"
2019-12-02,2019120201003511,UPCL,42,1,480,73.00,"35,040.00"
2019-12-02,2019120201003595,UPPER,59,59,72,227.00,"16,344.00"
2019-12-02,2019120201003545,UPPER,13,42,50,226.00,"11,300.00"
2019-12-02,2019120201003532,UPPER,59,59,72,227.00,"16,344.00"
2019-12-02,2019120201003231,UPPER,50,40,40,227.00,"9,080.00"
2019-12-02,2019120201003467,UPPER,13,42,40,226.00,"9,040.00"
2019-12-02,2019120201003439,UPPER,13,13,115,226.00,"25,990.00"
2019-12-02,2019120201003361,UPPER,26,48,200,227.00,"45,400.00"
2019-12-02,2019120201003360,UPPER,50,48,18,227.00,"4,086.00"
2019-12-02,2019120201003316,UPPER,50,28,40,227.00,"9,080.00"
2019-12-02,2019120201003610,VLBS,32,51,13,606.00,"7,878.00"
2019-12-02,2019120201003468,VLBS,29,29,157,595.00,"93,415.00"
2019-12-02,2019120201002856,ADBL,16,26,601,403.00,"242,203.00"
2019-12-02,2019120201002855,ADBL,45,26,500,403.00,"201,500.00"
2019-12-02,2019120201002854,ADBL,38,26,100,403.00,"40,300.00"
2019-12-02,2019120201002853,ADBL,52,26,29,403.00,"11,687.00"
2019-12-02,2019120201002852,ADBL,34,26,126,404.00,"50,904.00"
2019-12-02,2019120201002851,ADBL,29,26,144,404.00,"58,176.00"
2019-12-02,2019120201002804,ADBL,11,57,60,405.00,"24,300.00"
2019-12-02,2019120201002724,ADBL,29,41,56,404.00,"22,624.00"
2019-12-02,2019120201002717,ADBL,32,28,12,404.00,"4,848.00"
2019-12-02,2019120201002883,AKBSL,52,52,120,428.00,"51,360.00"
2019-12-02,2019120201002882,AKBSL,38,52,80,428.00,"34,240.00"
2019-12-02,2019120201002808,AKBSL,38,51,10,428.00,"4,280.00"
2019-12-02,2019120201002807,AKBSL,38,43,10,428.00,"4,280.00"
2019-12-02,2019120201002771,AKBSL,38,45,10,428.00,"4,280.00"
2019-12-02,2019120201002619,AKJCL,49,21,10,55.00,550.00
2019-12-02,2019120201003048,AKPL,59,59,71,116.00,"8,236.00"
2019-12-02,2019120201003041,AKPL,59,59,440,116.00,"51,040.00"
2019-12-02,2019120201002737,AKPL,51,38,16,118.00,"1,888.00"
2019-12-02,2019120201003085,ALBSL,40,42,20,387.00,"7,740.00"
2019-12-02,2019120201003020,ALBSL,48,42,50,387.00,"19,350.00"
2019-12-02,2019120201003071,ALICL,58,44,75,313.00,"23,475.00"
2019-12-02,2019120201003014,ALICL,44,58,263,312.00,"82,056.00"
2019-12-02,2019120201002827,ALICL,32,28,50,313.00,"15,650.00"
2019-12-02,2019120201002744,ALICL,52,44,100,313.00,"31,300.00"
2019-12-02,2019120201003091,API,50,41,150,101.00,"15,150.00"
2019-12-02,2019120201003009,API,55,58,15,102.00,"1,530.00"
2019-12-02,2019120201002908,API,55,58,20,102.00,"2,040.00"
2019-12-02,2019120201002850,API,50,22,850,101.00,"85,850.00"
2019-12-02,2019120201002849,API,1,22,50,101.00,"5,050.00"
2019-12-02,2019120201002631,API,55,53,"1,859",101.00,"187,759.00"
2019-12-02,2019120201002630,API,6,45,47,100.00,"4,700.00"
2019-12-02,2019120201002671,BOKL,16,45,500,213.00,"106,500.00"
2019-12-02,2019120201003088,BPCL,56,22,80,343.00,"27,440.00"
2019-12-02,2019120201003087,BPCL,56,57,50,342.00,"17,100.00"
2019-12-02,2019120201003086,BPCL,56,59,70,341.00,"23,870.00"
2019-12-02,2019120201002892,BPCL,45,59,300,340.00,"102,000.00"
2019-12-02,2019120201002891,BPCL,45,59,300,340.00,"102,000.00"
2019-12-02,2019120201002890,BPCL,34,59,50,340.00,"17,000.00"
2019-12-02,2019120201002889,BPCL,28,59,100,340.00,"34,000.00"
2019-12-02,2019120201002888,BPCL,6,59,67,340.00,"22,780.00"
2019-12-02,2019120201002887,BPCL,55,59,171,340.00,"58,140.00"
2019-12-02,2019120201002886,BPCL,28,59,10,341.00,"3,410.00"
2019-12-02,2019120201002912,CBBL,42,45,12,761.00,"9,132.00"
2019-12-02,2019120201002911,CBBL,39,45,10,762.00,"7,620.00"
2019-12-02,2019120201002910,CBBL,45,45,78,762.00,"59,436.00"
2019-12-02,2019120201002862,CBBL,45,52,12,762.00,"9,144.00"
2019-12-02,2019120201002861,CBBL,45,52,50,763.00,"38,150.00"
2019-12-02,2019120201002860,CBBL,36,52,20,763.00,"15,260.00"
2019-12-02,2019120201002859,CBBL,32,52,15,763.00,"11,445.00"
2019-12-02,2019120201002637,CBL,42,16,300,136.00,"40,800.00"
2019-12-02,2019120201002636,CBL,40,16,120,136.00,"16,320.00"
2019-12-02,2019120201002635,CBL,49,16,15,136.00,"2,040.00"
2019-12-02,2019120201002634,CBL,39,16,100,136.00,"13,600.00"
2019-12-02,2019120201002633,CBL,16,16,231,136.00,"31,416.00"
2019-12-02,2019120201003079,CCBL,6,41,37,161.00,"5,957.00"
2019-12-02,2019120201002978,CCBL,6,38,21,161.00,"3,381.00"
2019-12-02,2019120201002977,CCBL,45,38,109,161.00,"17,549.00"
2019-12-02,2019120201002653,CCBL,45,19,104,161.00,"16,744.00"
2019-12-02,2019120201003094,CHCL,56,19,200,356.00,"71,200.00"
2019-12-02,2019120201003080,CHCL,6,13,60,355.00,"21,300.00"
2019-12-02,2019120201002840,CHCL,10,19,200,356.00,"71,200.00"
2019-12-02,2019120201002803,CHL,57,3,34,79.00,"2,686.00"
2019-12-02,2019120201003070,CIT,37,19,17,"1,699.00","28,883.00"
2019-12-02,2019120201003059,CIT,37,52,84,"1,698.00","142,632.00"
2019-12-02,2019120201002841,CIT,40,52,31,"1,698.00","52,638.00"
2019-12-02,2019120201002835,CIT,40,11,39,"1,697.00","66,183.00"
2019-12-02,2019120201002834,CIT,40,1,30,"1,697.00","50,910.00"
2019-12-02,2019120201002973,CZBIL,49,48,50,182.00,"9,100.00"
2019-12-02,2019120201003021,DDBL,43,4,500,722.00,"361,000.00"
2019-12-02,2019120201002711,EBL,57,39,218,540.00,"117,720.00"
2019-12-02,2019120201002667,EBL,52,39,100,540.00,"54,000.00"
2019-12-02,2019120201003113,FMDBL,55,41,30,298.00,"8,940.00"
2019-12-02,2019120201002750,FMDBL,46,39,50,299.00,"14,950.00"
2019-12-02,2019120201003011,FOWAD,45,47,10,"1,325.00","13,250.00"
2019-12-02,2019120201003017,GBBL,42,57,50,191.00,"9,550.00"
2019-12-02,2019120201003044,GBLBS,8,3,135,283.00,"38,205.00"
2019-12-02,2019120201002695,GBLBS,40,3,100,283.00,"28,300.00"
2019-12-02,2019120201002694,GBLBS,8,3,195,283.00,"55,185.00"
2019-12-02,2019120201003081,GGBSL,33,17,10,580.00,"5,800.00"
2019-12-02,2019120201002970,GGBSL,21,10,210,575.00,"120,750.00"
2019-12-02,2019120201002969,GGBSL,21,1,10,575.00,"5,750.00"
2019-12-02,2019120201002968,GGBSL,21,21,10,575.00,"5,750.00"
2019-12-02,2019120201002967,GGBSL,21,41,20,575.00,"11,500.00"
2019-12-02,2019120201003084,GILB,57,22,10,765.00,"7,650.00"
2019-12-02,2019120201003064,GILB,38,13,32,770.00,"24,640.00"
2019-12-02,2019120201002904,GILB,38,43,100,780.00,"78,000.00"
2019-12-02,2019120201002821,GILB,38,1,100,780.00,"78,000.00"
2019-12-02,2019120201002814,GILB,38,1,100,773.00,"77,300.00"
2019-12-02,2019120201002813,GILB,38,16,21,773.00,"16,233.00"
2019-12-02,2019120201002809,GILB,38,21,10,772.00,"7,720.00"
2019-12-02,2019120201002775,GILB,44,40,159,765.00,"121,635.00"
2019-12-02,2019120201002774,GILB,44,1,150,765.00,"114,750.00"
2019-12-02,2019120201002649,GILB,38,38,125,750.00,"93,750.00"
2019-12-02,2019120201002639,GILB,38,38,342,750.00,"256,500.00"
2019-12-02,2019120201003110,GLICL,56,44,67,351.00,"23,517.00"
2019-12-02,2019120201002997,GLICL,22,44,50,351.00,"17,550.00"
2019-12-02,2019120201002995,GLICL,38,19,115,351.00,"40,365.00"
2019-12-02,2019120201002839,GLICL,38,52,77,351.00,"27,027.00"
2019-12-02,2019120201002838,GLICL,50,52,100,351.00,"35,100.00"
2019-12-02,2019120201002837,GLICL,38,52,10,351.00,"3,510.00"
2019-12-02,2019120201002836,GLICL,57,52,300,352.00,"105,600.00"
2019-12-02,2019120201003066,GMFBS,17,41,10,492.00,"4,920.00"
2019-12-02,2019120201002901,HBL,8,8,300,479.00,"143,700.00"
2019-12-02,2019120201002685,HBL,29,8,346,479.00,"165,734.00"
2019-12-02,2019120201002648,HBL,29,45,54,479.00,"25,866.00"
2019-12-02,2019120201003097,HDL,21,3,10,"1,183.00","11,830.00"
2019-12-02,2019120201003096,HDL,21,3,20,"1,182.00","23,640.00"
2019-12-02,2019120201002798,HDL,11,3,30,"1,182.00","35,460.00"
2019-12-02,2019120201002684,HDL,39,21,30,"1,178.00","35,340.00"
2019-12-02,2019120201002683,HDL,28,21,20,"1,178.00","23,560.00"
2019-12-02,2019120201002682,HDL,26,21,30,"1,179.00","35,370.00"
2019-12-02,2019120201002677,HDL,42,21,10,"1,180.00","11,800.00"
2019-12-02,2019120201002629,HDL,14,56,50,"1,180.00","59,000.00"
2019-12-02,2019120201002628,HDL,1,56,10,"1,180.00","11,800.00"
2019-12-02,2019120201002627,HDL,51,56,20,"1,180.00","23,600.00"
2019-12-02,2019120201002719,HGI,58,14,50,236.00,"11,800.00"
2019-12-02,2019120201003075,HIDCL,41,16,200,130.00,"26,000.00"
2019-12-02,2019120201003074,HIDCL,52,16,200,130.00,"26,000.00"
2019-12-02,2019120201003073,HIDCL,17,16,500,130.00,"65,000.00"
2019-12-02,2019120201003072,HIDCL,59,16,100,130.00,"13,000.00"
2019-12-02,2019120201002918,HIDCL,52,44,400,131.00,"52,400.00"
2019-12-02,2019120201002917,HIDCL,19,44,34,131.00,"4,454.00"
2019-12-02,2019120201002916,HIDCL,19,44,34,131.00,"4,454.00"
2019-12-02,2019120201002915,HIDCL,56,44,500,131.00,"65,500.00"
2019-12-02,2019120201002914,HIDCL,56,44,553,131.00,"72,443.00"
2019-12-02,2019120201003026,HPPL,53,41,10,132.00,"1,320.00"
2019-12-02,2019120201002996,HPPL,57,21,40,134.00,"5,360.00"
2019-12-02,2019120201002806,IGI,43,38,85,264.00,"22,440.00"
2019-12-02,2019120201002751,IGI,13,35,100,265.00,"26,500.00"
2019-12-02,2019120201002640,IGI,4,38,25,267.00,"6,675.00"
2019-12-02,2019120201002805,IGI,13,38,100,265.00,"26,500.00"
2019-12-02,2019120201003069,ILBS,55,41,10,484.00,"4,840.00"
2019-12-02,2019120201003043,ILBS,38,32,10,486.00,"4,860.00"
2019-12-02,2019120201003025,ILBS,38,37,10,486.00,"4,860.00"
2019-12-02,2019120201003022,ILBS,38,32,10,486.00,"4,860.00"
2019-12-02,2019120201003019,ILBS,38,32,10,486.00,"4,860.00"
2019-12-02,2019120201003005,ILBS,38,55,50,486.00,"24,300.00"
2019-12-02,2019120201003004,ILBS,38,52,10,486.00,"4,860.00"
2019-12-02,2019120201002952,ILBS,44,44,940,484.00,"454,960.00"
2019-12-02,2019120201002879,ILBS,55,58,10,485.00,"4,850.00"
2019-12-02,2019120201002675,ILBS,52,1,10,484.00,"4,840.00"
2019-12-02,2019120201002725,JBBL,32,28,1,157.00,157.00
2019-12-02,2019120201002652,JBBL,51,16,590,157.00,"92,630.00"
2019-12-02,2019120201002651,JBBL,45,16,300,157.00,"47,100.00"
2019-12-02,2019120201002650,JBBL,50,16,110,157.00,"17,270.00"
2019-12-02,2019120201002664,JFL,28,46,10,191.00,"1,910.00"
2019-12-02,2019120201002722,JOSHI,45,21,20,52.00,"1,040.00"
2019-12-02,2019120201002975,JSLBB,38,57,163,"1,175.00","191,525.00"
2019-12-02,2019120201002974,JSLBB,34,57,100,"1,175.00","117,500.00"
2019-12-02,2019120201002960,JSLBB,38,38,200,"1,180.00","236,000.00"
2019-12-02,2019120201002729,JSLBB,57,22,30,"1,204.00","36,120.00"
2019-12-02,2019120201002959,JSLBB,45,38,30,"1,181.00","35,430.00"
2019-12-02,2019120201002958,JSLBB,34,38,329,"1,181.00","388,549.00"
2019-12-02,2019120201002957,JSLBB,47,38,100,"1,182.00","118,200.00"
2019-12-02,2019120201002956,JSLBB,34,38,100,"1,182.00","118,200.00"
2019-12-02,2019120201002955,JSLBB,49,38,"2,000","1,183.00","2,366,000.00"
2019-12-02,2019120201002954,JSLBB,34,38,50,"1,185.00","59,250.00"
2019-12-02,2019120201002738,KBL,50,17,106,177.00,"18,762.00"
2019-12-02,2019120201002981,KPCL,48,45,500,80.00,"40,000.00"
2019-12-02,2019120201002831,KSBBL,17,33,100,132.00,"13,200.00"
2019-12-02,2019120201002670,LGIL,17,56,"1,000",294.00,"294,000.00"
2019-12-02,2019120201002669,LGIL,55,56,200,295.00,"59,000.00"
2019-12-02,2019120201003018,MBL,41,16,25,215.00,"5,375.00"
2019-12-02,2019120201003016,MBL,41,16,100,215.00,"21,500.00"
2019-12-02,2019120201002692,MBL,40,21,57,214.00,"12,198.00"
2019-12-02,2019120201002993,MEGA,37,16,100,180.00,"18,000.00"
2019-12-02,2019120201002980,MEGA,37,38,22,180.00,"3,960.00"
2019-12-02,2019120201002979,MEGA,28,38,68,180.00,"12,240.00"
2019-12-02,2019120201002949,MEGA,28,19,105,180.00,"18,900.00"
2019-12-02,2019120201002765,MERO,38,39,33,408.00,"13,464.00"
2019-12-02,2019120201002764,MERO,38,39,33,408.00,"13,464.00"
2019-12-02,2019120201002763,MERO,38,39,33,408.00,"13,464.00"
2019-12-02,2019120201002948,MLBBL,43,52,100,442.00,"44,200.00"
2019-12-02,2019120201002947,MLBBL,32,52,100,443.00,"44,300.00"
2019-12-02,2019120201002644,MLBL,13,19,21,172.00,"3,612.00"
2019-12-02,2019120201002643,MLBL,13,34,543,171.00,"92,853.00"
2019-12-02,2019120201002642,MLBL,13,34,390,171.00,"66,690.00"
2019-12-02,2019120201003090,MNBBL,32,32,414,311.00,"128,754.00"
2019-12-02,2019120201002907,NABIL,56,43,112,724.00,"81,088.00"
2019-12-02,2019120201002906,NABIL,37,43,88,724.00,"63,712.00"
2019-12-02,2019120201002726,NABIL,37,56,112,724.00,"81,088.00"
2019-12-02,2019120201002679,NABIL,43,4,757,723.00,"547,311.00"
2019-12-02,2019120201002678,NABIL,32,4,57,724.00,"41,268.00"
2019-12-02,2019120201002676,NABIL,32,43,100,724.00,"72,400.00"
2019-12-02,2019120201002658,NABIL,32,57,43,724.00,"31,132.00"
2019-12-02,2019120201002657,NABIL,39,57,25,724.00,"18,100.00"
2019-12-02,2019120201002656,NABIL,41,57,200,724.00,"144,800.00"
2019-12-02,2019120201002655,NABIL,29,57,20,724.00,"14,480.00"
2019-12-02,2019120201002654,NABIL,29,57,212,724.00,"153,488.00"
2019-12-02,2019120201002632,NABIL,35,39,21,725.00,"15,225.00"
2019-12-02,2019120201003013,NBB,57,13,67,200.00,"13,400.00"
2019-12-02,2019120201003012,NBB,57,21,233,200.00,"46,600.00"
2019-12-02,2019120201003007,NBB,40,19,303,199.00,"60,297.00"
2019-12-02,2019120201002727,NBB,40,58,1,197.00,197.00
2019-12-02,2019120201002697,NBB,46,21,167,200.00,"33,400.00"
2019-12-02,2019120201002696,NBB,46,13,100,200.00,"20,000.00"
2019-12-02,2019120201002621,NBB,52,13,100,200.00,"20,000.00"
2019-12-02,2019120201002875,NBL,17,58,260,312.00,"81,120.00"
2019-12-02,2019120201002874,NBL,17,34,200,312.00,"62,400.00"
2019-12-02,2019120201002873,NBL,17,26,40,312.00,"12,480.00"
2019-12-02,2019120201002823,NBL,36,26,100,312.00,"31,200.00"
2019-12-02,2019120201002753,NBL,26,26,20,312.00,"6,240.00"
2019-12-02,2019120201002752,NBL,29,26,200,312.00,"62,400.00"
2019-12-02,2019120201002710,NBL,8,33,300,311.00,"93,300.00"
2019-12-02,2019120201002616,NBL,32,26,100,312.00,"31,200.00"
2019-12-02,2019120201003058,NCCB,49,16,"1,160",199.00,"230,840.00"
2019-12-02,2019120201003057,NCCB,49,49,"1,000",199.00,"199,000.00"
2019-12-02,2019120201003056,NCCB,49,40,79,199.00,"15,721.00"
2019-12-02,2019120201003055,NCCB,49,32,263,199.00,"52,337.00"
2019-12-02,2019120201002953,NEF,22,36,"1,448",7.25,"10,498.00"
2019-12-02,2019120201002699,NHDL,17,39,150,108.00,"16,200.00"
2019-12-02,2019120201002674,NHDL,17,55,50,110.00,"5,500.00"
2019-12-02,2019120201002992,NHPC,50,28,"1,000",51.00,"51,000.00"
2019-12-02,2019120201003046,NIB,50,1,120,413.00,"49,560.00"
2019-12-02,2019120201003045,NIB,22,1,30,413.00,"12,390.00"
2019-12-02,2019120201003089,NICA,41,57,200,405.00,"81,000.00"
2019-12-02,2019120201002971,NICA,41,38,35,405.00,"14,175.00"
2019-12-02,2019120201002922,NICA,6,49,14,406.00,"5,684.00"
2019-12-02,2019120201002730,NICA,6,8,800,406.00,"324,800.00"
2019-12-02,2019120201002721,NICA,6,38,186,406.00,"75,516.00"
2019-12-02,2019120201002720,NICA,1,38,50,406.00,"20,300.00"
2019-12-02,2019120201002715,NICA,40,38,764,406.00,"310,184.00"
2019-12-02,2019120201002704,NICA,40,45,236,406.00,"95,816.00"
2019-12-02,2019120201002698,NICA,17,45,70,406.00,"28,420.00"
2019-12-02,2019120201002687,NICA,42,45,50,406.00,"20,300.00"
2019-12-02,2019120201002660,NICA,39,45,330,406.00,"133,980.00"
2019-12-02,2019120201002620,NICA,32,45,100,406.00,"40,600.00"
2019-12-02,2019120201002913,NIL,28,38,204,370.00,"75,480.00"
2019-12-02,2019120201002796,NIL,4,38,77,369.00,"28,413.00"
2019-12-02,2019120201002795,NIL,6,38,200,369.00,"73,800.00"
2019-12-02,2019120201002794,NIL,47,38,200,370.00,"74,000.00"
2019-12-02,2019120201002740,NIL,1,45,20,371.00,"7,420.00"
2019-12-02,2019120201002739,NIL,21,45,34,371.00,"12,614.00"
2019-12-02,2019120201002822,NLG,32,32,1,500.00,500.00
2019-12-02,2019120201002943,NLIC,43,43,700,821.00,"574,700.00"
2019-12-02,2019120201002942,NLIC,43,43,"1,000",821.00,"821,000.00"
2019-12-02,2019120201002936,NLIC,52,43,63,825.00,"51,975.00"
2019-12-02,2019120201002935,NLIC,4,43,100,825.00,"82,500.00"
2019-12-02,2019120201002934,NLIC,7,43,248,826.00,"204,848.00"
2019-12-02,2019120201002933,NLIC,40,43,97,827.00,"80,219.00"
2019-12-02,2019120201002754,NLIC,19,6,20,833.00,"16,660.00"
2019-12-02,2019120201002693,NLIC,4,44,46,830.00,"38,180.00"
2019-12-02,2019120201002645,NLIC,52,5,22,830.00,"18,260.00"
2019-12-02,2019120201002932,NLIC,6,43,100,827.00,"82,700.00"
2019-12-02,2019120201002931,NLIC,40,43,150,828.00,"124,200.00"
2019-12-02,2019120201002930,NLIC,4,43,154,829.00,"127,666.00"
2019-12-02,2019120201002929,NLIC,13,43,10,829.00,"8,290.00"
2019-12-02,2019120201002928,NLIC,52,43,78,830.00,"64,740.00"
2019-12-02,2019120201002755,NLIC,19,42,30,833.00,"24,990.00"
2019-12-02,2019120201003093,NMB,45,29,177,385.00,"68,145.00"
2019-12-02,2019120201003092,NMB,45,43,53,385.00,"20,405.00"
2019-12-02,2019120201003082,NMB,32,13,60,384.00,"23,040.00"
2019-12-02,2019120201002941,NMB,48,43,27,385.00,"10,395.00"
2019-12-02,2019120201002940,NMB,48,13,200,385.00,"77,000.00"
2019-12-02,2019120201002939,NMB,48,56,12,385.00,"4,620.00"
2019-12-02,2019120201002718,NMB,32,40,113,384.00,"43,392.00"
2019-12-02,2019120201002688,NMB,55,58,100,385.00,"38,500.00"
2019-12-02,2019120201002663,NMB,22,58,50,385.00,"19,250.00"
2019-12-02,2019120201002661,NMB,28,58,10,385.00,"3,850.00"
2019-12-02,2019120201002641,NMB,19,58,100,385.00,"38,500.00"
2019-12-02,2019120201002770,NMB,44,29,842,385.00,"324,170.00"
2019-12-02,2019120201002769,NMB,44,52,100,385.00,"38,500.00"
2019-12-02,2019120201002768,NMB,44,46,635,385.00,"244,475.00"
2019-12-02,2019120201002767,NMB,44,58,423,385.00,"162,855.00"
2019-12-02,2019120201002766,NMB,41,58,10,385.00,"3,850.00"
2019-12-02,2019120201002757,NMB,57,58,200,385.00,"77,000.00"
2019-12-02,2019120201002923,NMB,19,29,308,385.00,"118,580.00"
2019-12-02,2019120201002893,NMB,17,29,500,385.00,"192,500.00"
2019-12-02,2019120201002848,NMB,39,29,100,385.00,"38,500.00"
2019-12-02,2019120201002829,NMB,29,29,92,385.00,"35,420.00"
2019-12-02,2019120201002828,NMB,29,29,158,385.00,"60,830.00"
2019-12-02,2019120201002772,NMB,32,44,78,384.00,"29,952.00"
2019-12-02,2019120201002938,NMB,48,56,12,385.00,"4,620.00"
2019-12-02,2019120201002937,NMB,48,33,409,385.00,"157,465.00"
2019-12-02,2019120201002927,NMB,19,33,91,385.00,"35,035.00"
2019-12-02,2019120201002926,NMB,19,59,208,385.00,"80,080.00"
2019-12-02,2019120201002925,NMB,19,39,80,385.00,"30,800.00"
2019-12-02,2019120201002924,NMB,19,42,63,385.00,"24,255.00"
2019-12-02,2019120201003054,NMBHF1,43,28,"10,000",8.45,"84,500.00"
2019-12-02,2019120201002972,NMFBS,52,20,15,"1,130.00","16,950.00"
2019-12-02,2019120201002898,NMFBS,18,33,12,"1,131.00","13,572.00"
2019-12-02,2019120201002881,NMFBS,18,33,20,"1,131.00","22,620.00"
2019-12-02,2019120201002880,NMFBS,47,33,65,"1,131.00","73,515.00"
2019-12-02,2019120201002857,NMFBS,47,5,20,"1,131.00","22,620.00"
2019-12-02,2019120201002793,NMFBS,47,5,15,"1,131.00","16,965.00"
2019-12-02,2019120201002666,NMFBS,54,14,50,"1,130.00","56,500.00"
2019-12-02,2019120201002624,NMFBS,5,45,100,"1,131.00","113,100.00"
2019-12-02,2019120201002623,NMFBS,5,38,90,"1,131.00","101,790.00"
2019-12-02,2019120201002802,NNLB,32,6,101,458.00,"46,258.00"
2019-12-02,2019120201003095,NTC,42,26,20,635.00,"12,700.00"
2019-12-02,2019120201003006,NUBL,43,50,24,877.00,"21,048.00"
2019-12-02,2019120201003065,PCBL,32,28,59,271.00,"15,989.00"
2019-12-02,2019120201003042,PCBL,43,28,80,271.00,"21,680.00"
2019-12-02,2019120201002999,PCBL,43,8,916,271.00,"248,236.00"
2019-12-02,2019120201002885,PCBL,55,26,248,270.00,"66,960.00"
2019-12-02,2019120201002884,PCBL,14,26,752,270.00,"203,040.00"
2019-12-02,2019120201002847,PCBL,14,42,248,270.00,"66,960.00"
2019-12-02,2019120201002799,PCBL,47,8,200,271.00,"54,200.00"
2019-12-02,2019120201002723,PCBL,32,28,1,271.00,271.00
2019-12-02,2019120201002668,PCBL,36,55,100,272.00,"27,200.00"
2019-12-02,2019120201002647,PCBL,49,8,330,271.00,"89,430.00"
2019-12-02,2019120201002646,PCBL,40,8,334,271.00,"90,514.00"
2019-12-02,2019120201002618,PCBL,36,55,100,272.00,"27,200.00"
2019-12-02,2019120201002846,PCBL,57,42,21,270.00,"5,670.00"
2019-12-02,2019120201002845,PCBL,34,42,50,270.00,"13,500.00"
2019-12-02,2019120201002844,PCBL,40,42,50,270.00,"13,500.00"
2019-12-02,2019120201002843,PCBL,19,42,50,270.00,"13,500.00"
2019-12-02,2019120201002842,PCBL,20,42,36,270.00,"9,720.00"
2019-12-02,2019120201002800,PCBL,22,8,20,271.00,"5,420.00"
2019-12-02,2019120201003040,PFL,59,49,"2,700",139.00,"375,300.00"
2019-12-02,2019120201003039,PFL,59,49,"3,000",139.00,"417,000.00"
2019-12-02,2019120201003038,PFL,13,49,100,139.00,"13,900.00"
2019-12-02,2019120201003037,PFL,20,49,30,139.00,"4,170.00"
2019-12-02,2019120201003036,PFL,58,49,325,139.00,"45,175.00"
2019-12-02,2019120201003035,PFL,58,49,82,139.00,"11,398.00"
2019-12-02,2019120201003028,PFL,5,49,100,140.00,"14,000.00"
2019-12-02,2019120201002797,PFL,43,41,34,141.00,"4,794.00"
2019-12-02,2019120201002734,PFL,57,34,22,141.00,"3,102.00"
2019-12-02,2019120201002700,PFL,35,49,"14,282",139.00,"1,985,198.00"
2019-12-02,2019120201002691,PFL,57,41,39,141.00,"5,499.00"
2019-12-02,2019120201002690,PFL,57,41,39,141.00,"5,499.00"
2019-12-02,2019120201003034,PFL,17,49,500,139.00,"69,500.00"
2019-12-02,2019120201003033,PFL,34,49,500,139.00,"69,500.00"
2019-12-02,2019120201003032,PFL,57,49,500,140.00,"70,000.00"
2019-12-02,2019120201003031,PFL,39,49,100,140.00,"14,000.00"
2019-12-02,2019120201003030,PFL,52,49,150,140.00,"21,000.00"
2019-12-02,2019120201003029,PFL,5,49,400,140.00,"56,000.00"
2019-12-02,2019120201002990,PIC,48,29,68,329.00,"22,372.00"
2019-12-02,2019120201002989,PIC,29,29,300,330.00,"99,000.00"
2019-12-02,2019120201002988,PIC,29,29,24,330.00,"7,920.00"
2019-12-02,2019120201002987,PIC,8,29,89,330.00,"29,370.00"
2019-12-02,2019120201002986,PIC,28,29,100,331.00,"33,100.00"
2019-12-02,2019120201002985,PIC,28,29,200,333.00,"66,600.00"
2019-12-02,2019120201002984,PIC,42,29,100,335.00,"33,500.00"
2019-12-02,2019120201002983,PIC,40,29,20,335.00,"6,700.00"
2019-12-02,2019120201002982,PIC,45,29,19,335.00,"6,365.00"
2019-12-02,2019120201003112,PLIC,53,25,325,306.00,"99,450.00"
2019-12-02,2019120201003068,PLIC,58,58,31,304.00,"9,424.00"
2019-12-02,2019120201003047,PLIC,58,58,31,304.00,"9,424.00"
2019-12-02,2019120201002965,PLIC,58,58,31,304.00,"9,424.00"
2019-12-02,2019120201002895,PLIC,53,21,337,307.00,"103,459.00"
2019-12-02,2019120201002894,PLIC,53,28,13,307.00,"3,991.00"
2019-12-02,2019120201002707,PMHPL,43,40,10,82.00,820.00
2019-12-02,2019120201002706,PMHPL,43,14,10,82.00,820.00
2019-12-02,2019120201002625,PRIN,4,3,184,294.00,"54,096.00"
2019-12-02,2019120201002876,PRVU,38,26,"1,000",223.00,"223,000.00"
2019-12-02,2019120201002826,PRVU,38,56,500,223.00,"111,500.00"
2019-12-02,2019120201002749,PRVU,50,45,61,224.00,"13,664.00"
2019-12-02,2019120201002748,PRVU,50,46,131,224.00,"29,344.00"
2019-12-02,2019120201002747,PRVU,50,52,"1,000",224.00,"224,000.00"
2019-12-02,2019120201002746,PRVU,50,6,"1,108",224.00,"248,192.00"
2019-12-02,2019120201002638,RHPC,43,21,25,74.00,"1,850.00"
2019-12-02,2019120201002962,RHPL,7,44,100,168.00,"16,800.00"
2019-12-02,2019120201002820,RHPL,45,44,500,168.00,"84,000.00"
2019-12-02,2019120201002819,RHPL,40,44,500,168.00,"84,000.00"
2019-12-02,2019120201002818,RHPL,43,44,100,168.00,"16,800.00"
2019-12-02,2019120201002817,RHPL,45,44,500,168.00,"84,000.00"
2019-12-02,2019120201002816,RHPL,51,44,200,168.00,"33,600.00"
2019-12-02,2019120201002745,RHPL,40,13,10,168.00,"1,680.00"
2019-12-02,2019120201002705,RHPL,40,55,20,168.00,"3,360.00"
2019-12-02,2019120201002703,RHPL,40,55,20,168.00,"3,360.00"
2019-12-02,2019120201002701,RHPL,40,55,20,168.00,"3,360.00"
2019-12-02,2019120201002672,RHPL,40,45,40,168.00,"6,720.00"
2019-12-02,2019120201002815,RHPL,40,44,30,168.00,"5,040.00"
2019-12-02,2019120201002773,RHPL,40,45,20,168.00,"3,360.00"
2019-12-02,2019120201002761,RHPL,49,42,560,169.00,"94,640.00"
2019-12-02,2019120201002760,RHPL,49,22,250,169.00,"42,250.00"
2019-12-02,2019120201002759,RHPL,49,50,20,169.00,"3,380.00"
2019-12-02,2019120201002758,RHPL,49,38,170,169.00,"28,730.00"
2019-12-02,2019120201003002,RMDC,45,45,30,578.00,"17,340.00"
2019-12-02,2019120201002812,RMDC,11,53,20,579.00,"11,580.00"
2019-12-02,2019120201002659,RRHP,42,21,10,98.00,980.00
2019-12-02,2019120201002951,SABSL,47,10,10,480.00,"4,800.00"
2019-12-02,2019120201002950,SABSL,47,45,100,480.00,"48,000.00"
2019-12-02,2019120201002617,SABSL,19,40,10,475.00,"4,750.00"
2019-12-02,2019120201003111,SADBL,49,49,3,133.00,399.00
2019-12-02,2019120201003015,SANIMA,57,16,580,303.00,"175,740.00"
2019-12-02,2019120201002878,SAPDBL,13,51,85,118.00,"10,030.00"
2019-12-02,2019120201002877,SAPDBL,13,39,36,118.00,"4,248.00"
2019-12-02,2019120201002896,SBI,40,38,200,346.00,"69,200.00"
2019-12-02,2019120201003083,SBL,40,25,180,280.00,"50,400.00"
2019-12-02,2019120201003008,SBL,40,44,20,280.00,"5,600.00"
2019-12-02,2019120201002735,SBL,16,46,300,280.00,"84,000.00"
2019-12-02,2019120201002662,SBL,57,46,120,280.00,"33,600.00"
2019-12-02,2019120201003024,SCB,45,45,100,526.00,"52,600.00"
2019-12-02,2019120201003023,SCB,45,32,21,526.00,"11,046.00"
2019-12-02,2019120201003010,SCB,7,41,300,525.00,"157,500.00"
2019-12-02,2019120201002966,SCB,7,38,20,525.00,"10,500.00"
2019-12-02,2019120201002903,SCB,7,1,40,525.00,"21,000.00"
2019-12-02,2019120201002833,SCB,7,34,20,525.00,"10,500.00"
2019-12-02,2019120201002832,SCB,7,34,80,525.00,"42,000.00"
2019-12-02,2019120201002673,SCB,7,42,20,525.00,"10,500.00"
2019-12-02,2019120201002905,SEF,56,51,450,9.00,"4,050.00"
2019-12-02,2019120201002825,SEF,56,51,100,9.00,900.00
2019-12-02,2019120201003067,SHINE,42,48,500,228.00,"114,000.00"
2019-12-02,2019120201002902,SHINE,45,48,30,229.00,"6,870.00"
2019-12-02,2019120201002872,SHINE,13,28,339,229.00,"77,631.00"
2019-12-02,2019120201002871,SHINE,57,4,216,227.00,"49,032.00"
2019-12-02,2019120201002870,SHINE,48,4,100,227.00,"22,700.00"
2019-12-02,2019120201002869,SHINE,43,4,100,227.00,"22,700.00"
2019-12-02,2019120201002743,SHINE,22,37,35,228.00,"7,980.00"
2019-12-02,2019120201002733,SHINE,35,37,100,228.00,"22,800.00"
2019-12-02,2019120201002713,SHINE,28,37,30,228.00,"6,840.00"
2019-12-02,2019120201002665,SHINE,22,21,17,227.00,"3,859.00"
2019-12-02,2019120201002868,SHINE,34,4,50,227.00,"11,350.00"
2019-12-02,2019120201002867,SHINE,38,4,101,227.00,"22,927.00"
2019-12-02,2019120201002866,SHINE,26,4,500,227.00,"113,500.00"
2019-12-02,2019120201002865,SHINE,22,4,33,227.00,"7,491.00"
2019-12-02,2019120201002864,SHINE,45,4,500,228.00,"114,000.00"
2019-12-02,2019120201002863,SHINE,45,4,200,228.00,"45,600.00"
2019-12-02,2019120201002946,SHIVM,17,25,200,390.00,"78,000.00"
2019-12-02,2019120201002921,SHIVM,6,38,150,391.00,"58,650.00"
2019-12-02,2019120201002830,SHIVM,20,38,20,391.00,"7,820.00"
2019-12-02,2019120201002686,SHIVM,49,21,50,390.00,"19,500.00"
2019-12-02,2019120201002680,SHIVM,49,50,400,390.00,"156,000.00"
2019-12-02,2019120201002824,SHL,21,52,500,209.00,"104,500.00"
2019-12-02,2019120201003063,SHPC,33,16,100,180.00,"18,000.00"
2019-12-02,2019120201003062,SHPC,40,16,500,180.00,"90,000.00"
2019-12-02,2019120201003061,SHPC,36,16,250,180.00,"45,000.00"
2019-12-02,2019120201003060,SHPC,34,16,170,181.00,"30,770.00"
2019-12-02,2019120201003053,SHPC,34,22,130,181.00,"23,530.00"
2019-12-02,2019120201003052,SHPC,19,22,150,181.00,"27,150.00"
2019-12-02,2019120201002790,SHPC,48,46,"1,350",182.00,"245,700.00"
2019-12-02,2019120201002789,SHPC,58,46,500,182.00,"91,000.00"
2019-12-02,2019120201002788,SHPC,48,46,10,182.00,"1,820.00"
2019-12-02,2019120201002787,SHPC,37,46,320,182.00,"58,240.00"
2019-12-02,2019120201003051,SHPC,45,22,200,181.00,"36,200.00"
2019-12-02,2019120201003050,SHPC,45,22,100,181.00,"18,100.00"
2019-12-02,2019120201003049,SHPC,48,22,20,182.00,"3,640.00"
2019-12-02,2019120201002944,SHPC,48,46,50,184.00,"9,200.00"
2019-12-02,2019120201002792,SHPC,44,46,50,182.00,"9,100.00"
2019-12-02,2019120201002791,SHPC,45,46,"1,700",182.00,"309,400.00"
2019-12-02,2019120201003003,SIFC,57,43,317,154.00,"48,818.00"
2019-12-02,2019120201002994,SIFC,42,43,36,154.00,"5,544.00"
2019-12-02,2019120201003109,SJCL,40,10,20,155.00,"3,100.00"
2019-12-02,2019120201003108,SJCL,40,38,20,155.00,"3,100.00"
2019-12-02,2019120201003107,SJCL,40,14,20,155.00,"3,100.00"
2019-12-02,2019120201003106,SJCL,40,14,20,155.00,"3,100.00"
2019-12-02,2019120201003105,SJCL,40,14,20,155.00,"3,100.00"
2019-12-02,2019120201003104,SJCL,40,14,20,155.00,"3,100.00"
2019-12-02,2019120201002714,SJCL,40,55,20,154.00,"3,080.00"
2019-12-02,2019120201002712,SJCL,40,55,20,154.00,"3,080.00"
2019-12-02,2019120201002622,SJCL,40,45,20,154.00,"3,080.00"
2019-12-02,2019120201002756,SJCL,40,40,20,154.00,"3,080.00"
2019-12-02,2019120201002716,SJCL,40,55,20,154.00,"3,080.00"
2019-12-02,2019120201003103,SJCL,40,14,20,155.00,"3,100.00"
2019-12-02,2019120201003102,SJCL,40,14,20,155.00,"3,100.00"
2019-12-02,2019120201003101,SJCL,40,14,20,155.00,"3,100.00"
2019-12-02,2019120201003100,SJCL,40,14,20,155.00,"3,100.00"
2019-12-02,2019120201003099,SJCL,40,14,20,155.00,"3,100.00"
2019-12-02,2019120201003098,SJCL,40,55,20,155.00,"3,100.00"
2019-12-02,2019120201002991,SKBBL,45,35,20,914.00,"18,280.00"
2019-12-02,2019120201002920,SKBBL,41,38,262,911.00,"238,682.00"
2019-12-02,2019120201002919,SKBBL,25,38,50,912.00,"45,600.00"
2019-12-02,2019120201002736,SKBBL,51,44,200,915.00,"183,000.00"
2019-12-02,2019120201002732,SKBBL,57,38,25,914.00,"22,850.00"
2019-12-02,2019120201002731,SKBBL,58,38,50,914.00,"45,700.00"
2019-12-02,2019120201002615,SLBBL,37,49,70,464.00,"32,480.00"
2019-12-02,2019120201002614,SLBBL,37,49,100,465.00,"46,500.00"
2019-12-02,2019120201003027,SLBSL,55,57,10,748.00,"7,480.00"
2019-12-02,2019120201002858,SLBSL,49,41,100,737.00,"73,700.00"
2019-12-02,2019120201002689,SLBSL,52,42,16,748.00,"11,968.00"
2019-12-02,2019120201003001,SLICL,44,49,54,243.00,"13,122.00"
2019-12-02,2019120201003000,SLICL,49,49,17,245.00,"4,165.00"
2019-12-02,2019120201002709,SMFDB,16,44,71,506.00,"35,926.00"
2019-12-02,2019120201002728,SPARS,41,22,10,530.00,"5,300.00"
2019-12-02,2019120201003078,SRBL,49,28,646,212.00,"136,952.00"
2019-12-02,2019120201003077,SRBL,49,44,200,212.00,"42,400.00"
2019-12-02,2019120201003076,SRBL,49,5,500,212.00,"106,000.00"
2019-12-02,2019120201002964,SRBL,34,38,17,211.00,"3,587.00"
2019-12-02,2019120201002963,SRBL,33,38,43,211.00,"9,073.00"
2019-12-02,2019120201002681,STC,25,22,20,"1,251.00","25,020.00"
2019-12-02,2019120201002976,SWBBL,33,50,25,918.00,"22,950.00"
2019-12-02,2019120201002801,SWBBL,11,44,20,924.00,"18,480.00"
2019-12-02,2019120201002998,TMDBL,32,16,100,138.00,"13,800.00"
2019-12-02,2019120201002961,UFL,6,38,130,172.00,"22,360.00"
2019-12-02,2019120201002702,UMHL,14,14,101,101.00,"10,201.00"
2019-12-02,2019120201002626,UPCL,47,45,50,72.00,"3,600.00"
2019-12-02,2019120201002945,UPPER,50,57,50,227.00,"11,350.00"
2019-12-02,2019120201002897,UPPER,50,41,52,227.00,"11,804.00"
2019-12-02,2019120201002811,UPPER,7,33,100,229.00,"22,900.00"
2019-12-02,2019120201002810,UPPER,7,44,63,229.00,"14,427.00"
2019-12-02,2019120201002762,UPPER,13,40,30,226.00,"6,780.00"
2019-12-02,2019120201002742,UPPER,6,22,"1,000",227.00,"227,000.00"
2019-12-02,2019120201002741,UPPER,6,17,293,227.00,"66,511.00"
2019-12-02,2019120201002708,UPPER,40,40,293,227.00,"66,511.00"
2019-12-02,2019120201002781,UPPER,7,1,50,228.00,"11,400.00"
2019-12-02,2019120201002780,UPPER,7,19,40,228.00,"9,120.00"
2019-12-02,2019120201002779,UPPER,7,49,73,228.00,"16,644.00"
2019-12-02,2019120201002778,UPPER,7,8,50,228.00,"11,400.00"
2019-12-02,2019120201002777,UPPER,7,8,50,227.00,"11,350.00"
2019-12-02,2019120201002776,UPPER,7,8,50,227.00,"11,350.00"
2019-12-02,2019120201002786,UPPER,7,44,487,229.00,"111,523.00"
2019-12-02,2019120201002785,UPPER,7,38,50,228.00,"11,400.00"
2019-12-02,2019120201002784,UPPER,7,1,50,228.00,"11,400.00"
2019-12-02,2019120201002783,UPPER,7,1,50,228.00,"11,400.00"
2019-12-02,2019120201002782,UPPER,7,1,50,228.00,"11,400.00"
2019-12-02,2019120201002909,VLBS,32,36,70,586.00,"41,020.00"
2019-12-02,2019120201002900,VLBS,17,36,20,587.00,"11,740.00"
2019-12-02,2019120201002899,VLBS,45,36,10,587.00,"5,870.00"
2019-12-02,2019120201002358,ADBL,58,57,31,405.00,"12,555.00"
2019-12-02,2019120201002357,ADBL,58,19,94,404.00,"37,976.00"
2019-12-02,2019120201002158,ADBL,52,57,71,403.00,"28,613.00"
2019-12-02,2019120201002530,AKBSL,52,58,100,430.00,"43,000.00"
2019-12-02,2019120201002529,AKBSL,52,16,10,430.00,"4,300.00"
2019-12-02,2019120201002326,AKBSL,1,22,10,427.00,"4,270.00"
2019-12-02,2019120201002364,AKJCL,49,50,10,55.00,550.00
2019-12-02,2019120201002533,AKPL,51,39,484,118.00,"57,112.00"
2019-12-02,2019120201002497,ALBSL,52,40,10,386.00,"3,860.00"
2019-12-02,2019120201002330,ALICL,44,17,286,312.00,"89,232.00"
2019-12-02,2019120201002276,ALICL,44,17,286,312.00,"89,232.00"
2019-12-02,2019120201002140,API,6,53,44,101.00,"4,444.00"
2019-12-02,2019120201002120,BFC,42,49,100,87.00,"8,700.00"
2019-12-02,2019120201002119,BFC,40,49,100,87.00,"8,700.00"
2019-12-02,2019120201002118,BFC,40,49,100,87.00,"8,700.00"
2019-12-02,2019120201002595,BOKL,22,45,100,213.00,"21,300.00"
2019-12-02,2019120201002522,BOKL,43,58,2,210.00,420.00
2019-12-02,2019120201002373,BOKL,43,42,480,213.00,"102,240.00"
2019-12-02,2019120201002392,BPCL,28,45,40,341.00,"13,640.00"
2019-12-02,2019120201002321,BPCL,43,22,11,341.00,"3,751.00"
2019-12-02,2019120201002189,BPCL,43,17,11,341.00,"3,751.00"
2019-12-02,2019120201002125,BPCL,41,21,22,341.00,"7,502.00"
2019-12-02,2019120201002124,BPCL,41,21,22,341.00,"7,502.00"
2019-12-02,2019120201002123,BPCL,6,17,11,341.00,"3,751.00"
2019-12-02,2019120201002594,CBBL,28,34,60,766.00,"45,960.00"
2019-12-02,2019120201002537,CBBL,38,34,20,766.00,"15,320.00"
2019-12-02,2019120201002401,CBBL,4,25,100,763.00,"76,300.00"
2019-12-02,2019120201002377,CBL,16,50,150,136.00,"20,400.00"
2019-12-02,2019120201002146,CBL,16,43,564,136.00,"76,704.00"
2019-12-02,2019120201002599,CCBL,45,5,74,161.00,"11,914.00"
2019-12-02,2019120201002598,CCBL,45,3,180,161.00,"28,980.00"
2019-12-02,2019120201002597,CCBL,45,40,33,161.00,"5,313.00"
2019-12-02,2019120201002535,CCBL,49,56,"1,500",160.00,"240,000.00"
2019-12-02,2019120201002385,CCBL,49,50,11,160.00,"1,760.00"
2019-12-02,2019120201002337,CCBL,49,48,109,160.00,"17,440.00"
2019-12-02,2019120201002324,CCBL,49,26,473,161.00,"76,153.00"
2019-12-02,2019120201002282,CCBL,8,26,327,161.00,"52,647.00"
2019-12-02,2019120201002136,CCBL,8,54,50,161.00,"8,050.00"
2019-12-02,2019120201002374,CHCL,8,19,10,356.00,"3,560.00"
2019-12-02,2019120201002190,CIT,38,52,10,"1,698.00","16,980.00"
2019-12-02,2019120201002532,CZBIL,49,16,28,181.00,"5,068.00"
2019-12-02,2019120201002531,CZBIL,49,52,11,181.00,"1,991.00"
2019-12-02,2019120201002400,CZBIL,17,49,205,180.00,"36,900.00"
2019-12-02,2019120201002317,CZBIL,17,14,10,180.00,"1,800.00"
2019-12-02,2019120201002396,EBL,28,39,200,540.00,"108,000.00"
2019-12-02,2019120201002351,EBL,58,39,90,540.00,"48,600.00"
2019-12-02,2019120201002207,EBL,42,39,22,540.00,"11,880.00"
2019-12-02,2019120201002128,EDBL,45,44,110,280.00,"30,800.00"
2019-12-02,2019120201002462,FOWAD,26,17,10,"1,312.00","13,120.00"
2019-12-02,2019120201002461,FOWAD,38,17,50,"1,312.00","65,600.00"
2019-12-02,2019120201002460,FOWAD,22,17,10,"1,314.00","13,140.00"
2019-12-02,2019120201002459,FOWAD,29,17,12,"1,314.00","15,768.00"
2019-12-02,2019120201002458,FOWAD,34,17,50,"1,314.00","65,700.00"
2019-12-02,2019120201002457,FOWAD,22,17,20,"1,314.00","26,280.00"
2019-12-02,2019120201002272,FOWAD,22,38,10,"1,325.00","13,250.00"
2019-12-02,2019120201002271,FOWAD,4,38,30,"1,327.00","39,810.00"
2019-12-02,2019120201002137,FOWAD,29,39,19,"1,327.00","25,213.00"
2019-12-02,2019120201002389,FOWAD,57,17,80,"1,320.00","105,600.00"
2019-12-02,2019120201002388,FOWAD,1,17,20,"1,320.00","26,400.00"
2019-12-02,2019120201002387,FOWAD,45,17,10,"1,322.00","13,220.00"
2019-12-02,2019120201002386,FOWAD,20,17,10,"1,322.00","13,220.00"
2019-12-02,2019120201002284,FOWAD,32,40,200,"1,320.00","264,000.00"
2019-12-02,2019120201002273,FOWAD,45,38,10,"1,322.00","13,220.00"
2019-12-02,2019120201002456,FOWAD,28,17,50,"1,315.00","65,750.00"
2019-12-02,2019120201002455,FOWAD,1,17,50,"1,316.00","65,800.00"
2019-12-02,2019120201002454,FOWAD,34,17,20,"1,316.00","26,320.00"
2019-12-02,2019120201002436,FOWAD,34,17,80,"1,316.00","105,280.00"
2019-12-02,2019120201002435,FOWAD,44,17,20,"1,316.00","26,320.00"
2019-12-02,2019120201002390,FOWAD,44,17,180,"1,316.00","236,880.00"
2019-12-02,2019120201002542,GBBL,37,57,40,190.00,"7,600.00"
2019-12-02,2019120201002541,GBBL,1,57,100,190.00,"19,000.00"
2019-12-02,2019120201002540,GBBL,33,57,260,190.00,"49,400.00"
2019-12-02,2019120201002447,GBBL,33,32,80,190.00,"15,200.00"
2019-12-02,2019120201002270,GBBL,13,42,500,191.00,"95,500.00"
2019-12-02,2019120201002269,GBBL,13,51,"1,000",191.00,"191,000.00"
2019-12-02,2019120201002126,GBBL,33,6,160,190.00,"30,400.00"
2019-12-02,2019120201002510,GBLBS,8,45,10,283.00,"2,830.00"
2019-12-02,2019120201002331,GBLBS,8,14,15,283.00,"4,245.00"
2019-12-02,2019120201002168,GFCL,40,41,126,129.00,"16,254.00"
2019-12-02,2019120201002167,GFCL,59,41,50,129.00,"6,450.00"
2019-12-02,2019120201002593,GILB,21,22,10,758.00,"7,580.00"
2019-12-02,2019120201002592,GILB,21,51,50,758.00,"37,900.00"
2019-12-02,2019120201002588,GILB,21,56,20,745.00,"14,900.00"
2019-12-02,2019120201002582,GILB,21,43,100,742.00,"74,200.00"
2019-12-02,2019120201002575,GILB,21,11,30,735.00,"22,050.00"
2019-12-02,2019120201002561,GILB,21,38,115,741.00,"85,215.00"
2019-12-02,2019120201002560,GILB,21,38,303,741.00,"224,523.00"
2019-12-02,2019120201002559,GILB,21,1,88,741.00,"65,208.00"
2019-12-02,2019120201002519,GILB,33,1,12,741.00,"8,892.00"
2019-12-02,2019120201002518,GILB,33,48,23,740.00,"17,020.00"
2019-12-02,2019120201002174,GILB,22,39,21,728.00,"15,288.00"
2019-12-02,2019120201002587,GMFBS,29,47,10,493.00,"4,930.00"
2019-12-02,2019120201002554,GMFBS,29,47,10,493.00,"4,930.00"
2019-12-02,2019120201002509,GMFBS,17,29,10,492.00,"4,920.00"
2019-12-02,2019120201002508,GMFBS,17,40,10,492.00,"4,920.00"
2019-12-02,2019120201002496,GMFBS,29,29,10,492.00,"4,920.00"
2019-12-02,2019120201002478,GMFBS,29,29,10,492.00,"4,920.00"
2019-12-02,2019120201002349,GMFBS,45,29,110,490.00,"53,900.00"
2019-12-02,2019120201002348,GMFBS,56,29,20,490.00,"9,800.00"
2019-12-02,2019120201002347,GMFBS,32,29,50,491.00,"24,550.00"
2019-12-02,2019120201002346,GMFBS,58,29,10,491.00,"4,910.00"
2019-12-02,2019120201002345,GMFBS,41,29,10,492.00,"4,920.00"
2019-12-02,2019120201002135,GMFBS,41,42,10,492.00,"4,920.00"
2019-12-02,2019120201002295,GUFL,44,17,93,110.00,"10,230.00"
2019-12-02,2019120201002607,HBL,29,1,100,479.00,"47,900.00"
2019-12-02,2019120201002555,HBL,16,5,500,480.00,"240,000.00"
2019-12-02,2019120201002164,HDL,45,3,100,"1,185.00","118,500.00"
2019-12-02,2019120201002131,HDL,14,33,50,"1,190.00","59,500.00"
2019-12-02,2019120201002129,HIDCL,56,39,61,131.00,"7,991.00"
2019-12-02,2019120201002200,HURJA,7,17,20,97.00,"1,940.00"
2019-12-02,2019120201002145,HURJA,22,11,480,98.00,"47,040.00"
2019-12-02,2019120201002127,HURJA,22,17,20,98.00,"1,960.00"
2019-12-02,2019120201002172,IGI,14,35,220,268.00,"58,960.00"
2019-12-02,2019120201002171,IGI,51,35,190,270.00,"51,300.00"
2019-12-02,2019120201002170,IGI,43,35,80,272.00,"21,760.00"
2019-12-02,2019120201002596,ILBS,17,47,10,483.00,"4,830.00"
2019-12-02,2019120201002558,ILBS,17,47,10,483.00,"4,830.00"
2019-12-02,2019120201002539,ILBS,17,47,10,483.00,"4,830.00"
2019-12-02,2019120201002523,ILBS,17,13,10,484.00,"4,840.00"
2019-12-02,2019120201002521,ILBS,57,47,10,483.00,"4,830.00"
2019-12-02,2019120201002505,ILBS,57,47,10,483.00,"4,830.00"
2019-12-02,2019120201002177,ILBS,1,36,70,485.00,"33,950.00"
2019-12-02,2019120201002169,ILBS,1,49,110,485.00,"53,350.00"
2019-12-02,2019120201002341,JBBL,50,48,90,157.00,"14,130.00"
2019-12-02,2019120201002467,JOSHI,39,13,20,51.00,"1,020.00"
2019-12-02,2019120201002438,JOSHI,39,7,10,51.00,510.00
2019-12-02,2019120201002470,KBL,50,58,30,177.00,"5,310.00"
