Date,Transact. No.,Symbol,Buyer,Seller,Quantity,Rate,Amount
2019-12-26,2019122601005993,ADBL,16,6,100,417.00,"41,700.00"
2019-12-26,2019122601005959,ADBL,45,6,324,417.00,"135,108.00"
2019-12-26,2019122601005938,ADBL,19,6,500,417.00,"208,500.00"
2019-12-26,2019122601005865,ADBL,19,45,200,417.00,"83,400.00"
2019-12-26,2019122601005790,ADBL,37,45,300,417.00,"125,100.00"
2019-12-26,2019122601005789,ADBL,37,21,100,417.00,"41,700.00"
2019-12-26,2019122601005525,ADBL,49,44,34,416.00,"14,144.00"
2019-12-26,2019122601005702,ADBL,21,21,100,417.00,"41,700.00"
2019-12-26,2019122601005701,ADBL,21,45,300,417.00,"125,100.00"
2019-12-26,2019122601005615,ADBL,55,6,179,416.00,"74,464.00"
2019-12-26,2019122601005614,ADBL,19,6,100,416.00,"41,600.00"
2019-12-26,2019122601005613,ADBL,49,6,24,416.00,"9,984.00"
2019-12-26,2019122601005526,ADBL,49,57,42,416.00,"17,472.00"
2019-12-26,2019122601005766,ALBSL,35,29,50,475.00,"23,750.00"
2019-12-26,2019122601005637,ALBSL,34,29,200,475.00,"95,000.00"
2019-12-26,2019122601005860,ALICL,34,56,"1,750",360.00,"630,000.00"
2019-12-26,2019122601005796,ALICL,34,51,200,365.00,"73,000.00"
2019-12-26,2019122601005762,ALICL,34,41,700,364.00,"254,800.00"
2019-12-26,2019122601005510,ALICL,6,57,75,360.00,"27,000.00"
2019-12-26,2019122601005528,API,25,6,50,108.00,"5,400.00"
2019-12-26,2019122601005518,API,42,25,100,106.00,"10,600.00"
2019-12-26,2019122601005517,API,55,25,"1,000",106.00,"106,000.00"
2019-12-26,2019122601005516,API,16,25,549,106.00,"58,194.00"
2019-12-26,2019122601005730,BBC,56,56,20,"1,680.00","33,600.00"
2019-12-26,2019122601005863,BOKL,42,49,10,215.00,"2,150.00"
2019-12-26,2019122601005878,BPCL,7,45,100,302.00,"30,200.00"
2019-12-26,2019122601005660,CBL,49,53,470,136.00,"63,920.00"
2019-12-26,2019122601005636,CBL,49,48,530,136.00,"72,080.00"
2019-12-26,2019122601005573,CBL,7,48,"2,470",136.00,"335,920.00"
2019-12-26,2019122601005557,CBL,7,10,200,136.00,"27,200.00"
2019-12-26,2019122601005556,CBL,7,46,530,136.00,"72,080.00"
2019-12-26,2019122601005555,CBL,7,53,"1,800",136.00,"244,800.00"
2019-12-26,2019122601005940,CCBL,50,42,200,164.00,"32,800.00"
2019-12-26,2019122601005679,CFCL,26,55,500,114.00,"57,000.00"
2019-12-26,2019122601005678,CFCL,34,55,300,114.00,"34,200.00"
2019-12-26,2019122601005677,CFCL,22,55,200,114.00,"22,800.00"
2019-12-26,2019122601005655,CFCL,13,55,555,115.00,"63,825.00"
2019-12-26,2019122601005633,CFCL,42,55,400,116.00,"46,400.00"
2019-12-26,2019122601005961,CHCL,25,14,13,361.00,"4,693.00"
2019-12-26,2019122601005960,CHCL,25,57,100,360.00,"36,000.00"
2019-12-26,2019122601005893,CHCL,49,34,100,359.00,"35,900.00"
2019-12-26,2019122601005917,CIT,14,59,25,"2,001.00","50,025.00"
2019-12-26,2019122601005916,CIT,34,59,20,"2,001.00","40,020.00"
2019-12-26,2019122601005667,CIT,34,25,24,"2,001.00","48,024.00"
2019-12-26,2019122601005666,CIT,19,25,20,"2,001.00","40,020.00"
2019-12-26,2019122601005680,DBBL,56,11,500,136.00,"68,000.00"
2019-12-26,2019122601005891,DDBL,53,53,100,860.00,"86,000.00"
2019-12-26,2019122601005890,DDBL,49,53,100,860.00,"86,000.00"
2019-12-26,2019122601005877,DDBL,39,39,10,865.00,"8,650.00"
2019-12-26,2019122601005507,EBL,41,53,55,527.00,"28,985.00"
2019-12-26,2019122601005945,EDBL,6,10,50,284.00,"14,200.00"
2019-12-26,2019122601005794,EIC,39,46,200,265.00,"53,000.00"
2019-12-26,2019122601005533,EIC,14,46,200,268.00,"53,600.00"
2019-12-26,2019122601005918,FMDBL,37,8,180,318.00,"57,240.00"
2019-12-26,2019122601005593,FOWAD,6,33,50,"1,399.00","69,950.00"
2019-12-26,2019122601005639,GBBL,6,38,109,203.00,"22,127.00"
2019-12-26,2019122601005524,GBBL,6,16,500,203.00,"101,500.00"
2019-12-26,2019122601005980,GFCL,59,43,"1,000",135.00,"135,000.00"
2019-12-26,2019122601005807,GILB,21,5,88,830.00,"73,040.00"
2019-12-26,2019122601005875,GLICL,58,53,373,448.00,"167,104.00"
2019-12-26,2019122601005874,GLICL,41,53,250,448.00,"112,000.00"
2019-12-26,2019122601005873,GLICL,29,53,277,449.00,"124,373.00"
2019-12-26,2019122601005872,GLICL,29,53,100,450.00,"45,000.00"
2019-12-26,2019122601005871,GLICL,1,53,200,450.00,"90,000.00"
2019-12-26,2019122601005709,GLICL,34,38,720,451.00,"324,720.00"
2019-12-26,2019122601005630,GMFBS,28,46,10,571.00,"5,710.00"
2019-12-26,2019122601005975,HBL,3,1,378,506.00,"191,268.00"
2019-12-26,2019122601005974,HBL,1,1,100,506.00,"50,600.00"
2019-12-26,2019122601005973,HBL,28,1,22,508.00,"11,176.00"
2019-12-26,2019122601005987,HDL,5,58,20,"1,181.00","23,620.00"
2019-12-26,2019122601005986,HDL,35,58,30,"1,182.00","35,460.00"
2019-12-26,2019122601005985,HDL,19,58,10,"1,185.00","11,850.00"
2019-12-26,2019122601005984,HDL,59,58,10,"1,185.00","11,850.00"
2019-12-26,2019122601005983,HDL,50,58,10,"1,185.00","11,850.00"
2019-12-26,2019122601005982,HDL,32,58,10,"1,186.00","11,860.00"
2019-12-26,2019122601005656,HDL,26,28,16,"1,196.00","19,136.00"
2019-12-26,2019122601005650,HDL,26,58,10,"1,196.00","11,960.00"
2019-12-26,2019122601005649,HDL,33,58,10,"1,198.00","11,980.00"
2019-12-26,2019122601005693,HDL,40,28,100,"1,196.00","119,600.00"
2019-12-26,2019122601005676,HDL,20,28,50,"1,196.00","59,800.00"
2019-12-26,2019122601005675,HDL,43,28,50,"1,196.00","59,800.00"
2019-12-26,2019122601005674,HDL,28,28,166,"1,196.00","198,536.00"
2019-12-26,2019122601005658,HDL,28,28,34,"1,196.00","40,664.00"
2019-12-26,2019122601005657,HDL,47,28,50,"1,196.00","59,800.00"
2019-12-26,2019122601005754,HDL,25,19,50,"1,193.00","59,650.00"
2019-12-26,2019122601005753,HDL,45,19,20,"1,195.00","23,900.00"
2019-12-26,2019122601005752,HDL,35,19,20,"1,195.00","23,900.00"
2019-12-26,2019122601005751,HDL,45,19,20,"1,196.00","23,920.00"
2019-12-26,2019122601005750,HDL,20,19,50,"1,196.00","59,800.00"
2019-12-26,2019122601005703,HDL,26,58,50,"1,200.00","60,000.00"
2019-12-26,2019122601005785,HDL,50,28,70,"1,190.00","83,300.00"
2019-12-26,2019122601005784,HDL,1,28,10,"1,191.00","11,910.00"
2019-12-26,2019122601005758,HDL,50,19,30,"1,190.00","35,700.00"
2019-12-26,2019122601005757,HDL,41,19,50,"1,190.00","59,500.00"
2019-12-26,2019122601005756,HDL,29,19,50,"1,190.00","59,500.00"
2019-12-26,2019122601005755,HDL,5,19,10,"1,193.00","11,930.00"
2019-12-26,2019122601005881,HDL,42,50,30,"1,195.00","35,850.00"
2019-12-26,2019122601005843,HDL,40,28,15,"1,190.00","17,850.00"
2019-12-26,2019122601005797,HDL,20,28,10,"1,190.00","11,900.00"
2019-12-26,2019122601005788,HDL,20,28,40,"1,190.00","47,600.00"
2019-12-26,2019122601005787,HDL,46,28,50,"1,190.00","59,500.00"
2019-12-26,2019122601005786,HDL,52,28,50,"1,190.00","59,500.00"
2019-12-26,2019122601005981,HDL,59,58,10,"1,190.00","11,900.00"
2019-12-26,2019122601005948,HDL,42,50,30,"1,195.00","35,850.00"
2019-12-26,2019122601005920,HDL,29,50,100,"1,195.00","119,500.00"
2019-12-26,2019122601005902,HDL,50,58,10,"1,185.00","11,850.00"
2019-12-26,2019122601005901,HDL,45,58,20,"1,190.00","23,800.00"
2019-12-26,2019122601005900,HDL,45,58,10,"1,190.00","11,900.00"
2019-12-26,2019122601005771,HIDCL,25,26,13,147.00,"1,911.00"
2019-12-26,2019122601005592,HIDCL,19,11,"2,000",145.00,"290,000.00"
2019-12-26,2019122601005509,HIDCL,50,13,600,146.00,"87,600.00"
2019-12-26,2019122601005508,HIDCL,50,45,500,146.00,"73,000.00"
2019-12-26,2019122601005529,ICFC,49,51,880,163.00,"143,440.00"
2019-12-26,2019122601005612,JBBL,14,17,963,169.00,"162,747.00"
2019-12-26,2019122601005791,JFL,39,45,50,197.00,"9,850.00"
2019-12-26,2019122601005889,JOSHI,6,17,20,62.00,"1,240.00"
2019-12-26,2019122601005963,KADBL,42,11,131,228.00,"29,868.00"
2019-12-26,2019122601005962,KADBL,42,11,85,229.00,"19,465.00"
2019-12-26,2019122601005801,KADBL,42,29,772,229.00,"176,788.00"
2019-12-26,2019122601005543,KADBL,59,42,"2,000",229.00,"458,000.00"
2019-12-26,2019122601005958,KBL,25,49,10,179.00,"1,790.00"
2019-12-26,2019122601005935,KBL,6,54,941,178.00,"167,498.00"
2019-12-26,2019122601005934,KBL,48,54,49,178.00,"8,722.00"
2019-12-26,2019122601005880,KBL,58,49,10,179.00,"1,790.00"
2019-12-26,2019122601005744,KBL,48,34,21,178.00,"3,738.00"
2019-12-26,2019122601005743,KBL,29,34,579,178.00,"103,062.00"
2019-12-26,2019122601005673,KSBBL,20,40,152,134.00,"20,368.00"
2019-12-26,2019122601005795,LBBL,33,33,10,194.00,"1,940.00"
2019-12-26,2019122601005713,LBL,37,32,50,192.00,"9,600.00"
2019-12-26,2019122601005589,LBL,37,22,102,192.00,"19,584.00"
2019-12-26,2019122601005768,LGIL,28,21,10,334.00,"3,340.00"
2019-12-26,2019122601005767,LGIL,49,21,10,334.00,"3,340.00"
2019-12-26,2019122601005708,LGIL,42,21,10,334.00,"3,340.00"
2019-12-26,2019122601005849,LICN,25,44,10,"1,028.00","10,280.00"
2019-12-26,2019122601005686,LLBS,39,21,25,669.00,"16,725.00"
2019-12-26,2019122601005977,MBL,19,57,622,218.00,"135,596.00"
2019-12-26,2019122601005976,MBL,19,49,378,217.00,"82,026.00"
2019-12-26,2019122601005899,MBL,19,49,122,217.00,"26,474.00"
2019-12-26,2019122601005898,MBL,19,49,378,217.00,"82,026.00"
2019-12-26,2019122601005694,MBL,13,49,622,217.00,"134,974.00"
2019-12-26,2019122601005626,MBL,13,49,500,217.00,"108,500.00"
2019-12-26,2019122601005761,MEGA,43,6,10,184.00,"1,840.00"
2019-12-26,2019122601005896,MERO,26,16,25,446.00,"11,150.00"
2019-12-26,2019122601005578,MERO,46,26,39,448.00,"17,472.00"
2019-12-26,2019122601005822,MNBBL,51,53,60,276.00,"16,560.00"
2019-12-26,2019122601005821,MNBBL,58,53,300,276.00,"82,800.00"
2019-12-26,2019122601005820,MNBBL,35,53,500,276.00,"138,000.00"
2019-12-26,2019122601005819,MNBBL,17,53,650,276.00,"179,400.00"
2019-12-26,2019122601005818,MNBBL,17,53,650,276.00,"179,400.00"
2019-12-26,2019122601005817,MNBBL,28,53,100,276.00,"27,600.00"
2019-12-26,2019122601005816,MNBBL,38,53,50,276.00,"13,800.00"
2019-12-26,2019122601005725,MNBBL,47,53,285,277.00,"78,945.00"
2019-12-26,2019122601005682,MNBBL,47,34,615,277.00,"170,355.00"
2019-12-26,2019122601005654,MNBBL,47,6,100,277.00,"27,700.00"
2019-12-26,2019122601005653,MNBBL,28,6,100,277.00,"27,700.00"
2019-12-26,2019122601005823,MSLB,39,52,100,901.00,"90,100.00"
2019-12-26,2019122601005583,MSLB,39,1,30,901.00,"27,030.00"
2019-12-26,2019122601005532,MSLB,38,33,100,902.00,"90,200.00"
2019-12-26,2019122601005926,MSMBS,46,5,72,535.00,"38,520.00"
2019-12-26,2019122601005903,NABIL,34,49,100,676.00,"67,600.00"
2019-12-26,2019122601005882,NABIL,34,49,100,676.00,"67,600.00"
2019-12-26,2019122601005853,NABIL,21,49,10,677.00,"6,770.00"
2019-12-26,2019122601005852,NABIL,21,5,190,677.00,"128,630.00"
2019-12-26,2019122601005735,NABIL,34,48,100,676.00,"67,600.00"
2019-12-26,2019122601005700,NABIL,26,29,79,674.00,"53,246.00"
2019-12-26,2019122601005548,NABIL,49,5,10,677.00,"6,770.00"
2019-12-26,2019122601005699,NABIL,44,29,20,675.00,"13,500.00"
2019-12-26,2019122601005698,NABIL,43,29,127,675.00,"85,725.00"
2019-12-26,2019122601005697,NABIL,26,29,74,676.00,"50,024.00"
2019-12-26,2019122601005594,NABIL,26,26,126,676.00,"85,176.00"
2019-12-26,2019122601005591,NABIL,43,26,73,675.00,"49,275.00"
2019-12-26,2019122601005560,NABIL,44,26,20,676.00,"13,520.00"
2019-12-26,2019122601005907,NBB,45,13,30,187.00,"5,610.00"
2019-12-26,2019122601005906,NBB,29,13,191,187.00,"35,717.00"
2019-12-26,2019122601005568,NBB,7,13,43,188.00,"8,084.00"
2019-12-26,2019122601005549,NBB,7,16,86,188.00,"16,168.00"
2019-12-26,2019122601005504,NBB,52,16,114,188.00,"21,432.00"
2019-12-26,2019122601005992,NBL,20,45,834,317.00,"264,378.00"
2019-12-26,2019122601005991,NBL,20,14,100,317.00,"31,700.00"
2019-12-26,2019122601005990,NBL,20,56,"1,066",317.00,"337,922.00"
2019-12-26,2019122601005979,NBL,33,56,100,317.00,"31,700.00"
2019-12-26,2019122601005951,NBL,41,56,"1,500",317.00,"475,500.00"
2019-12-26,2019122601005941,NBL,52,56,200,317.00,"63,400.00"
2019-12-26,2019122601005575,NBL,5,32,927,317.00,"293,859.00"
2019-12-26,2019122601005574,NBL,5,17,73,317.00,"23,141.00"
2019-12-26,2019122601005554,NBL,26,17,200,317.00,"63,400.00"
2019-12-26,2019122601005621,NBL,55,43,11,317.00,"3,487.00"
2019-12-26,2019122601005620,NBL,55,6,50,317.00,"15,850.00"
2019-12-26,2019122601005619,NBL,55,32,39,317.00,"12,363.00"
2019-12-26,2019122601005599,NBL,17,32,65,317.00,"20,605.00"
2019-12-26,2019122601005585,NBL,10,32,100,317.00,"31,700.00"
2019-12-26,2019122601005580,NBL,29,32,500,317.00,"158,500.00"
2019-12-26,2019122601005681,NBL,58,10,40,317.00,"12,680.00"
2019-12-26,2019122601005648,NBL,28,10,411,317.00,"130,287.00"
2019-12-26,2019122601005647,NBL,28,43,"1,000",317.00,"317,000.00"
2019-12-26,2019122601005646,NBL,28,5,89,317.00,"28,213.00"
2019-12-26,2019122601005624,NBL,34,5,11,317.00,"3,487.00"
2019-12-26,2019122601005623,NBL,34,43,989,317.00,"313,513.00"
2019-12-26,2019122601005716,NBL,57,56,20,317.00,"6,340.00"
2019-12-26,2019122601005715,NBL,44,55,"1,000",316.00,"316,000.00"
2019-12-26,2019122601005705,NBL,16,56,925,317.00,"293,225.00"
2019-12-26,2019122601005704,NBL,16,10,75,317.00,"23,775.00"
2019-12-26,2019122601005687,NBL,16,10,300,317.00,"95,100.00"
2019-12-26,2019122601005683,NBL,28,10,674,317.00,"213,658.00"
2019-12-26,2019122601005802,NBL,19,56,200,317.00,"63,400.00"
2019-12-26,2019122601005780,NBL,45,56,20,317.00,"6,340.00"
2019-12-26,2019122601005779,NBL,44,25,"1,000",316.00,"316,000.00"
2019-12-26,2019122601005759,NBL,44,54,"2,800",316.00,"884,800.00"
2019-12-26,2019122601005731,NBL,44,25,"1,000",316.00,"316,000.00"
2019-12-26,2019122601005718,NBL,36,56,"1,000",317.00,"317,000.00"
2019-12-26,2019122601005848,NBL,14,56,410,317.00,"129,970.00"
2019-12-26,2019122601005845,NBL,44,56,"14,999",316.00,"4,739,684.00"
2019-12-26,2019122601005844,NBL,44,56,"10,001",316.00,"3,160,316.00"
2019-12-26,2019122601005834,NBL,43,56,150,317.00,"47,550.00"
2019-12-26,2019122601005826,NBL,44,38,"10,000",316.00,"3,160,000.00"
2019-12-26,2019122601005806,NBL,44,25,"1,000",316.00,"316,000.00"
2019-12-26,2019122601005908,NBL,44,17,"1,000",316.00,"316,000.00"
2019-12-26,2019122601005892,NBL,42,56,33,317.00,"10,461.00"
2019-12-26,2019122601005886,NBL,44,25,500,316.00,"158,000.00"
2019-12-26,2019122601005869,NBL,44,56,"10,000",316.00,"3,160,000.00"
2019-12-26,2019122601005861,NBL,8,56,100,317.00,"31,700.00"
2019-12-26,2019122601005859,NBL,44,25,623,316.00,"196,868.00"
2019-12-26,2019122601005936,NBL,45,56,"2,000",317.00,"634,000.00"
2019-12-26,2019122601005933,NBL,33,56,700,317.00,"221,900.00"
2019-12-26,2019122601005925,NBL,26,56,310,317.00,"98,270.00"
2019-12-26,2019122601005922,NBL,29,56,500,317.00,"158,500.00"
2019-12-26,2019122601005913,NBL,34,56,500,317.00,"158,500.00"
2019-12-26,2019122601005911,NBL,41,56,250,317.00,"79,250.00"
2019-12-26,2019122601005921,NCCB,8,51,10,204.00,"2,040.00"
2019-12-26,2019122601005777,NCCB,33,51,50,204.00,"10,200.00"
2019-12-26,2019122601005707,NCCB,55,16,138,203.00,"28,014.00"
2019-12-26,2019122601005706,NCCB,42,16,362,203.00,"73,486.00"
2019-12-26,2019122601005685,NCCB,42,42,203,203.00,"41,209.00"
2019-12-26,2019122601005737,NIB,25,51,16,435.00,"6,960.00"
2019-12-26,2019122601005644,NIB,43,29,44,434.00,"19,096.00"
2019-12-26,2019122601005559,NIB,43,55,100,434.00,"43,400.00"
2019-12-26,2019122601005803,NIBPO,28,17,895,402.00,"359,790.00"
2019-12-26,2019122601005519,NIBPO,11,17,30,402.00,"12,060.00"
2019-12-26,2019122601005883,NICA,4,53,843,412.00,"347,316.00"
2019-12-26,2019122601005734,NICA,4,45,100,412.00,"41,200.00"
2019-12-26,2019122601005719,NICA,25,50,16,413.00,"6,608.00"
2019-12-26,2019122601005611,NICA,4,41,16,412.00,"6,592.00"
2019-12-26,2019122601005610,NICA,4,28,41,412.00,"16,892.00"
2019-12-26,2019122601005562,NICA,1,28,100,412.00,"41,200.00"
2019-12-26,2019122601005561,NICA,17,28,359,412.00,"147,908.00"
2019-12-26,2019122601005527,NICA,17,28,500,412.00,"206,000.00"
2019-12-26,2019122602000007,NICAD8283,47,51,10,"1,020.00","10,200.00"
2019-12-26,2019122602000006,NICAD8283,19,55,10,"1,020.00","10,200.00"
2019-12-26,2019122602000005,NICAD8283,28,55,15,"1,040.00","15,600.00"
2019-12-26,2019122602000004,NICAD8283,47,49,25,"1,040.00","26,000.00"
2019-12-26,2019122602000003,NICAD8283,47,49,25,"1,020.00","25,500.00"
2019-12-26,2019122602000002,NICAD8283,6,6,"30,000","1,001.00","30,030,000.00"
2019-12-26,2019122602000001,NICAD8283,6,6,"30,000","1,001.00","30,030,000.00"
2019-12-26,2019122601005814,NICL,43,13,10,298.00,"2,980.00"
2019-12-26,2019122601005622,NICL,50,37,34,295.00,"10,030.00"
2019-12-26,2019122601005600,NICL,50,52,350,295.00,"103,250.00"
2019-12-26,2019122601005833,NIL,39,26,10,420.00,"4,200.00"
2019-12-26,2019122601005669,NIL,57,41,41,415.00,"17,015.00"
2019-12-26,2019122601005608,NIL,57,41,359,415.00,"148,985.00"
2019-12-26,2019122601005988,NLBBL,50,7,10,559.00,"5,590.00"
2019-12-26,2019122601005978,NLBBL,50,58,290,557.00,"161,530.00"
2019-12-26,2019122601005972,NLBBL,50,6,257,555.00,"142,635.00"
2019-12-26,2019122601005971,NLBBL,36,6,100,555.00,"55,500.00"
2019-12-26,2019122601005970,NLBBL,50,6,200,556.00,"111,200.00"
2019-12-26,2019122601005969,NLBBL,32,6,30,556.00,"16,680.00"
2019-12-26,2019122601005520,NLBBL,16,58,369,557.00,"205,533.00"
2019-12-26,2019122601005502,NLBBL,33,6,200,559.00,"111,800.00"
2019-12-26,2019122601005728,NLBBL,47,55,100,557.00,"55,700.00"
2019-12-26,2019122601005672,NLBBL,33,56,200,558.00,"111,600.00"
2019-12-26,2019122601005659,NLBBL,45,42,60,558.00,"33,480.00"
2019-12-26,2019122601005570,NLBBL,51,34,10,556.00,"5,560.00"
2019-12-26,2019122601005569,NLBBL,33,34,57,556.00,"31,692.00"
2019-12-26,2019122601005521,NLBBL,33,58,31,556.00,"17,236.00"
2019-12-26,2019122601005968,NLBBL,33,6,12,556.00,"6,672.00"
2019-12-26,2019122601005870,NLBBL,33,17,108,556.00,"60,048.00"
2019-12-26,2019122601005748,NLBBL,44,58,150,556.00,"83,400.00"
2019-12-26,2019122601005747,NLBBL,51,58,270,556.00,"150,120.00"
2019-12-26,2019122601005746,NLBBL,33,58,100,557.00,"55,700.00"
2019-12-26,2019122601005745,NLBBL,47,58,900,557.00,"501,300.00"
2019-12-26,2019122601005800,NLIC,17,17,22,918.00,"20,196.00"
2019-12-26,2019122601005793,NLIC,25,33,20,920.00,"18,400.00"
2019-12-26,2019122601005792,NLIC,25,45,10,919.00,"9,190.00"
2019-12-26,2019122601005770,NLIC,49,45,90,919.00,"82,710.00"
2019-12-26,2019122601005769,NLIC,49,55,10,918.00,"9,180.00"
2019-12-26,2019122601005760,NLIC,45,55,12,918.00,"11,016.00"
2019-12-26,2019122601005546,NLIC,44,28,100,916.00,"91,600.00"
2019-12-26,2019122601005545,NLIC,37,28,75,916.00,"68,700.00"
2019-12-26,2019122601005544,NLIC,41,28,50,917.00,"45,850.00"
2019-12-26,2019122601005602,NLIC,49,32,100,916.00,"91,600.00"
2019-12-26,2019122601005601,NLIC,42,32,133,916.00,"121,828.00"
2019-12-26,2019122601005577,NLIC,42,41,40,916.00,"36,640.00"
2019-12-26,2019122601005553,NLIC,42,4,52,916.00,"47,632.00"
2019-12-26,2019122601005552,NLIC,38,28,500,917.00,"458,500.00"
2019-12-26,2019122601005547,NLIC,42,28,275,916.00,"251,900.00"
2019-12-26,2019122601005729,NLIC,45,20,88,918.00,"80,784.00"
2019-12-26,2019122601005696,NLIC,1,20,112,918.00,"102,816.00"
2019-12-26,2019122601005695,NLIC,1,58,890,918.00,"817,020.00"
2019-12-26,2019122601005663,NLIC,25,58,18,918.00,"16,524.00"
2019-12-26,2019122601005604,NLIC,3,32,67,916.00,"61,372.00"
2019-12-26,2019122601005603,NLIC,34,32,500,916.00,"458,000.00"
2019-12-26,2019122601005967,NLICL,44,44,"1,130",471.00,"532,230.00"
2019-12-26,2019122601005966,NLICL,44,36,870,471.00,"409,770.00"
2019-12-26,2019122601005868,NLICL,46,36,30,471.00,"14,130.00"
2019-12-26,2019122601005749,NLICL,44,36,100,471.00,"47,100.00"
2019-12-26,2019122601005688,NLICL,25,42,10,476.00,"4,760.00"
2019-12-26,2019122601005632,NLICL,44,56,23,471.00,"10,833.00"
2019-12-26,2019122601005631,NLICL,45,56,50,472.00,"23,600.00"
2019-12-26,2019122601005965,NMB,46,42,16,325.00,"5,200.00"
2019-12-26,2019122601005964,NMB,39,42,150,325.00,"48,750.00"
2019-12-26,2019122601005856,NMB,20,41,828,324.00,"268,272.00"
2019-12-26,2019122601005855,NMB,45,41,79,324.00,"25,596.00"
2019-12-26,2019122601005854,NMB,37,41,593,324.00,"192,132.00"
2019-12-26,2019122601005830,NMB,32,42,300,325.00,"97,500.00"
2019-12-26,2019122601005503,NMB,35,32,50,324.00,"16,200.00"
2019-12-26,2019122601005501,NMB,35,22,"1,265",324.00,"409,860.00"
2019-12-26,2019122601005582,NMB,57,42,50,325.00,"16,250.00"
2019-12-26,2019122601005581,NMB,57,32,30,325.00,"9,750.00"
2019-12-26,2019122601005531,NMB,35,22,"1,238",324.00,"401,112.00"
2019-12-26,2019122601005530,NMB,35,10,200,324.00,"64,800.00"
2019-12-26,2019122601005523,NMB,41,42,23,325.00,"7,475.00"
2019-12-26,2019122601005522,NMB,41,14,56,325.00,"18,200.00"
2019-12-26,2019122601005812,NMB,37,34,107,324.00,"34,668.00"
2019-12-26,2019122601005811,NMB,47,34,20,324.00,"6,480.00"
2019-12-26,2019122601005810,NMB,46,34,373,324.00,"120,852.00"
2019-12-26,2019122601005643,NMB,44,42,50,325.00,"16,250.00"
2019-12-26,2019122601005641,NMB,46,33,427,324.00,"138,348.00"
2019-12-26,2019122601005640,NMB,35,33,223,324.00,"72,252.00"
2019-12-26,2019122601005931,NMBMF,28,22,20,560.00,"11,200.00"
2019-12-26,2019122601005930,NMBMF,59,22,50,561.00,"28,050.00"
2019-12-26,2019122601005929,NMBMF,55,22,15,562.00,"8,430.00"
2019-12-26,2019122601005928,NMBMF,51,22,89,563.00,"50,107.00"
2019-12-26,2019122601005616,NNLB,48,33,100,503.00,"50,300.00"
2019-12-26,2019122601005924,NSEWA,58,11,10,544.00,"5,440.00"
2019-12-26,2019122601005723,NSEWA,19,45,30,536.00,"16,080.00"
2019-12-26,2019122601005712,NSEWA,19,38,10,536.00,"5,360.00"
2019-12-26,2019122601005627,NSEWA,52,55,10,543.00,"5,430.00"
2019-12-26,2019122601005939,NTC,35,28,120,657.00,"78,840.00"
2019-12-26,2019122601005905,NTC,35,56,100,657.00,"65,700.00"
2019-12-26,2019122601005904,NTC,58,56,100,657.00,"65,700.00"
2019-12-26,2019122601005579,NTC,46,28,80,657.00,"52,560.00"
2019-12-26,2019122601005506,NTC,46,36,20,657.00,"13,140.00"
2019-12-26,2019122601005505,NTC,59,36,10,657.00,"6,570.00"
2019-12-26,2019122601005813,NUBL,4,4,"1,000",773.00,"773,000.00"
2019-12-26,2019122601005727,NUBL,4,22,30,773.00,"23,190.00"
2019-12-26,2019122601005726,NUBL,57,22,20,773.00,"15,460.00"
2019-12-26,2019122601005607,NUBL,4,56,500,775.00,"387,500.00"
2019-12-26,2019122601005606,NUBL,4,56,500,775.00,"387,500.00"
2019-12-26,2019122601005576,PCBL,50,5,100,280.00,"28,000.00"
2019-12-26,2019122601005915,PIC,25,56,800,407.00,"325,600.00"
2019-12-26,2019122601005914,PIC,45,56,50,407.00,"20,350.00"
2019-12-26,2019122601005885,PIC,25,45,20,412.00,"8,240.00"
2019-12-26,2019122601005884,PIC,25,38,20,411.00,"8,220.00"
2019-12-26,2019122601005847,PIC,45,20,150,407.00,"61,050.00"
2019-12-26,2019122601005584,PIC,25,33,200,408.00,"81,600.00"
2019-12-26,2019122601005542,PIC,38,33,200,408.00,"81,600.00"
2019-12-26,2019122601005617,PICL,25,26,23,427.00,"9,821.00"
2019-12-26,2019122601005605,PICL,25,50,200,424.00,"84,800.00"
2019-12-26,2019122601005923,PLIC,49,51,10,357.00,"3,570.00"
2019-12-26,2019122601005597,PLIC,50,45,76,354.00,"26,904.00"
2019-12-26,2019122601005596,PLIC,43,45,120,354.00,"42,480.00"
2019-12-26,2019122601005595,PLIC,13,45,104,355.00,"36,920.00"
2019-12-26,2019122601005989,PRIN,34,45,70,333.00,"23,310.00"
2019-12-26,2019122601005690,PRIN,34,45,200,333.00,"66,600.00"
2019-12-26,2019122601005689,PRIN,34,45,130,333.00,"43,290.00"
2019-12-26,2019122601005551,PRIN,34,21,500,333.00,"166,500.00"
2019-12-26,2019122601005742,PRVU,8,57,492,226.00,"111,192.00"
2019-12-26,2019122601005741,PRVU,8,26,"1,508",226.00,"340,808.00"
2019-12-26,2019122601005740,PRVU,8,29,500,226.00,"113,000.00"
2019-12-26,2019122601005781,RBCL,28,43,10,"8,543.00","85,430.00"
2019-12-26,2019122601005897,RHPL,18,36,"2,645",171.00,"452,295.00"
2019-12-26,2019122601005858,RHPL,28,36,855,171.00,"146,205.00"
2019-12-26,2019122601005857,RHPL,34,36,500,171.00,"85,500.00"
2019-12-26,2019122601005618,RHPL,19,39,10,171.00,"1,710.00"
2019-12-26,2019122601005765,RMDC,47,35,66,603.00,"39,798.00"
2019-12-26,2019122601005764,RMDC,59,35,10,604.00,"6,040.00"
2019-12-26,2019122601005714,RMDC,45,46,163,605.00,"98,615.00"
2019-12-26,2019122601005535,RMDC,8,43,124,604.00,"74,896.00"
2019-12-26,2019122601005534,RMDC,44,43,76,604.00,"45,904.00"
2019-12-26,2019122601005572,SANIMA,34,32,680,314.00,"213,520.00"
2019-12-26,2019122601005571,SANIMA,13,32,420,315.00,"132,300.00"
2019-12-26,2019122601005565,SBI,16,54,370,354.00,"130,980.00"
2019-12-26,2019122601005590,SCB,34,51,500,532.00,"266,000.00"
2019-12-26,2019122601005588,SFCL,52,57,50,99.00,"4,950.00"
2019-12-26,2019122601005587,SFCL,25,57,100,99.00,"9,900.00"
2019-12-26,2019122601005586,SFCL,1,57,20,99.00,"1,980.00"
2019-12-26,2019122601005947,SHINE,42,4,10,234.00,"2,340.00"
2019-12-26,2019122601005837,SHINE,45,45,"1,436",232.00,"333,152.00"
2019-12-26,2019122601005836,SHINE,51,45,50,232.00,"11,600.00"
2019-12-26,2019122601005835,SHINE,45,45,14,232.00,"3,248.00"
2019-12-26,2019122601005732,SHINE,34,37,52,233.00,"12,116.00"
2019-12-26,2019122601005710,SHINE,45,37,500,233.00,"116,500.00"
2019-12-26,2019122601005950,SHIVM,39,49,10,449.00,"4,490.00"
2019-12-26,2019122601005927,SHIVM,32,34,100,448.00,"44,800.00"
2019-12-26,2019122601005919,SHIVM,1,22,100,450.00,"45,000.00"
2019-12-26,2019122601005537,SHIVM,21,42,200,452.00,"90,400.00"
2019-12-26,2019122601005536,SHIVM,21,53,200,451.00,"90,200.00"
2019-12-26,2019122601005514,SHIVM,21,37,300,450.00,"135,000.00"
2019-12-26,2019122601005513,SHIVM,21,49,100,450.00,"45,000.00"
2019-12-26,2019122601005512,SHIVM,21,32,100,450.00,"45,000.00"
2019-12-26,2019122601005511,SHIVM,21,32,442,450.00,"198,900.00"
2019-12-26,2019122601005609,SHIVM,28,38,500,446.00,"223,000.00"
2019-12-26,2019122601005567,SHIVM,28,26,100,446.00,"44,600.00"
2019-12-26,2019122601005541,SHIVM,21,57,200,453.00,"90,600.00"
2019-12-26,2019122601005540,SHIVM,21,3,100,453.00,"45,300.00"
2019-12-26,2019122601005539,SHIVM,21,13,200,453.00,"90,600.00"
2019-12-26,2019122601005538,SHIVM,21,48,50,452.00,"22,600.00"
2019-12-26,2019122601005684,SHIVM,6,45,17,448.00,"7,616.00"
2019-12-26,2019122601005808,SHIVM,32,45,383,450.00,"172,350.00"
2019-12-26,2019122601005783,SHIVM,21,55,100,446.00,"44,600.00"
2019-12-26,2019122601005782,SHIVM,28,55,400,446.00,"178,400.00"
2019-12-26,2019122601005776,SHIVM,58,45,17,450.00,"7,650.00"
2019-12-26,2019122601005775,SHIVM,58,38,500,449.00,"224,500.00"
2019-12-26,2019122601005774,SHIVM,58,45,483,448.00,"216,384.00"
2019-12-26,2019122601005862,SHIVM,32,25,600,448.00,"268,800.00"
2019-12-26,2019122601005824,SHIVM,42,41,80,451.00,"36,080.00"
2019-12-26,2019122601005809,SHIVM,32,55,30,450.00,"13,500.00"
2019-12-26,2019122601005894,SHIVM,32,38,25,448.00,"11,200.00"
2019-12-26,2019122601005888,SHIVM,32,28,50,448.00,"22,400.00"
2019-12-26,2019122601005864,SHIVM,32,38,300,450.00,"135,000.00"
2019-12-26,2019122601005629,SHL,8,16,100,182.00,"18,200.00"
2019-12-26,2019122601005799,SHPC,7,16,500,169.00,"84,500.00"
2019-12-26,2019122601005778,SICL,5,45,10,858.00,"8,580.00"
2019-12-26,2019122601005717,SICL,54,40,200,854.00,"170,800.00"
2019-12-26,2019122601005566,SIL,25,38,20,410.00,"8,200.00"
2019-12-26,2019122601005949,SJCL,40,44,20,156.00,"3,120.00"
2019-12-26,2019122601005842,SJCL,40,45,170,156.00,"26,520.00"
2019-12-26,2019122601005841,SJCL,42,45,80,156.00,"12,480.00"
2019-12-26,2019122601005840,SJCL,39,45,50,156.00,"7,800.00"
2019-12-26,2019122601005839,SJCL,25,45,100,156.00,"15,600.00"
2019-12-26,2019122601005722,SJCL,25,34,20,156.00,"3,120.00"
2019-12-26,2019122601005635,SJCL,25,39,20,156.00,"3,120.00"
2019-12-26,2019122601005952,SKBBL,58,51,20,995.00,"19,900.00"
2019-12-26,2019122601005937,SKBBL,59,45,30,992.00,"29,760.00"
2019-12-26,2019122601005876,SKBBL,49,51,100,995.00,"99,500.00"
2019-12-26,2019122601005668,SLBBL,37,42,10,555.00,"5,550.00"
2019-12-26,2019122601005798,SLICL,49,17,20,297.00,"5,940.00"
2019-12-26,2019122601005634,SLICL,36,45,500,295.00,"147,500.00"
2019-12-26,2019122601005662,SMB,54,42,20,612.00,"12,240.00"
2019-12-26,2019122601005598,SMB,50,26,10,610.00,"6,100.00"
2019-12-26,2019122601005625,SMFBS,34,34,10,895.00,"8,950.00"
2019-12-26,2019122601005671,SMFDB,49,32,130,627.00,"81,510.00"
2019-12-26,2019122601005670,SMFDB,20,32,100,628.00,"62,800.00"
2019-12-26,2019122601005564,SMFDB,44,38,50,630.00,"31,500.00"
2019-12-26,2019122601005563,SMFDB,58,38,150,631.00,"94,650.00"
2019-12-26,2019122601005558,SPARS,34,14,20,554.00,"11,080.00"
2019-12-26,2019122601005645,SRBL,38,28,100,217.00,"21,700.00"
2019-12-26,2019122601005957,STC,58,17,15,"1,754.00","26,310.00"
2019-12-26,2019122601005956,STC,58,43,20,"1,754.00","35,080.00"
2019-12-26,2019122601005955,STC,58,7,45,"1,750.00","78,750.00"
2019-12-26,2019122601005954,STC,58,39,10,"1,749.00","17,490.00"
2019-12-26,2019122601005953,STC,58,34,10,"1,744.00","17,440.00"
2019-12-26,2019122601005932,STC,34,46,70,"1,718.00","120,260.00"
2019-12-26,2019122601005724,STC,34,1,20,"1,718.00","34,360.00"
2019-12-26,2019122601005912,STC,36,46,20,"1,718.00","34,360.00"
2019-12-26,2019122601005850,STC,38,34,40,"1,744.00","69,760.00"
2019-12-26,2019122601005805,STC,58,5,10,"1,730.00","17,300.00"
2019-12-26,2019122601005804,STC,58,5,10,"1,729.00","17,290.00"
2019-12-26,2019122601005763,STC,36,50,30,"1,718.00","51,540.00"
2019-12-26,2019122601005738,STC,34,46,30,"1,718.00","51,540.00"
2019-12-26,2019122601005832,SWBBL,18,8,62,822.00,"50,964.00"
2019-12-26,2019122601005831,SWBBL,39,8,50,822.00,"41,100.00"
2019-12-26,2019122601005910,TMDBL,14,33,468,155.00,"72,540.00"
2019-12-26,2019122601005909,TMDBL,14,57,32,155.00,"4,960.00"
2019-12-26,2019122601005739,TMDBL,4,57,368,155.00,"57,040.00"
2019-12-26,2019122601005736,TMDBL,39,57,"1,000",155.00,"155,000.00"
2019-12-26,2019122601005638,TMDBL,4,57,500,155.00,"77,500.00"
2019-12-26,2019122601005550,TMDBL,4,57,500,155.00,"77,500.00"
2019-12-26,2019122601005944,TRH,34,45,10,267.00,"2,670.00"
2019-12-26,2019122601005628,TRH,49,45,10,267.00,"2,670.00"
2019-12-26,2019122601005515,TRH,17,17,"3,335",262.00,"873,770.00"
2019-12-26,2019122601005942,UIC,42,41,13,287.00,"3,731.00"
2019-12-26,2019122601005721,UIC,26,41,20,287.00,"5,740.00"
2019-12-26,2019122601005720,UIC,40,41,67,287.00,"19,229.00"
2019-12-26,2019122601005665,UIC,19,41,15,288.00,"4,320.00"
2019-12-26,2019122601005664,UIC,19,42,85,288.00,"24,480.00"
2019-12-26,2019122601005661,UIC,40,45,53,287.00,"15,211.00"
2019-12-26,2019122601005642,UIC,42,42,15,288.00,"4,320.00"
2019-12-26,2019122601005829,UMHL,57,39,14,107.00,"1,498.00"
2019-12-26,2019122601005828,UMHL,57,59,91,107.00,"9,737.00"
2019-12-26,2019122601005827,UMHL,26,59,10,107.00,"1,070.00"
2019-12-26,2019122601005733,UMHL,49,5,10,109.00,"1,090.00"
2019-12-26,2019122601005887,UPPER,8,34,50,236.00,"11,800.00"
2019-12-26,2019122601005851,UPPER,8,57,40,236.00,"9,440.00"
2019-12-26,2019122601005825,UPPER,8,57,40,236.00,"9,440.00"
2019-12-26,2019122601005652,UPPER,8,39,200,236.00,"47,200.00"
2019-12-26,2019122601005651,UPPER,8,39,30,236.00,"7,080.00"
2019-12-26,2019122601005946,VLBS,33,6,100,717.00,"71,700.00"
2019-12-26,2019122601005943,VLBS,17,48,50,725.00,"36,250.00"
2019-12-26,2019122601005895,VLBS,44,32,200,720.00,"144,000.00"
2019-12-26,2019122601005773,VLBS,17,48,73,725.00,"52,925.00"
2019-12-26,2019122601005772,VLBS,17,54,27,725.00,"19,575.00"
2019-12-26,2019122601005711,VLBS,17,54,100,725.00,"72,500.00"
2019-12-26,2019122601005692,VLBS,38,55,16,720.00,"11,520.00"
2019-12-26,2019122601005691,VLBS,38,55,94,720.00,"67,680.00"
2019-12-26,2019122601005846,VLBS,38,58,184,720.00,"132,480.00"
2019-12-26,2019122601005838,VLBS,58,48,100,725.00,"72,500.00"
2019-12-26,2019122601005815,VLBS,17,48,50,725.00,"36,250.00"
2019-12-26,2019122601005879,VLBS,17,48,50,725.00,"36,250.00"
2019-12-26,2019122601005867,VLBS,38,48,84,725.00,"60,900.00"
2019-12-26,2019122601005866,VLBS,38,58,16,720.00,"11,520.00"
2019-12-26,2019122601005490,ADBL,38,44,200,416.00,"83,200.00"
2019-12-26,2019122601005444,ADBL,44,44,20,416.00,"8,320.00"
2019-12-26,2019122601005428,ADBL,11,44,50,416.00,"20,800.00"
2019-12-26,2019122601005401,ADBL,41,44,50,416.00,"20,800.00"
2019-12-26,2019122601005400,ADBL,41,58,50,416.00,"20,800.00"
2019-12-26,2019122601005399,ADBL,41,54,400,416.00,"166,400.00"
2019-12-26,2019122601005077,ADBL,40,17,66,416.00,"27,456.00"
2019-12-26,2019122601005002,ADBL,51,41,111,415.00,"46,065.00"
2019-12-26,2019122601005218,ADBL,38,50,"1,346",416.00,"559,936.00"
2019-12-26,2019122601005202,ADBL,42,50,20,416.00,"8,320.00"
2019-12-26,2019122601005127,ADBL,6,50,120,416.00,"49,920.00"
2019-12-26,2019122601005101,ADBL,26,50,95,416.00,"39,520.00"
2019-12-26,2019122601005100,ADBL,26,55,92,416.00,"38,272.00"
2019-12-26,2019122601005099,ADBL,26,17,13,416.00,"5,408.00"
2019-12-26,2019122601005224,ADBL,38,42,150,416.00,"62,400.00"
2019-12-26,2019122601005223,ADBL,38,42,80,416.00,"33,280.00"
2019-12-26,2019122601005222,ADBL,38,52,200,416.00,"83,200.00"
2019-12-26,2019122601005221,ADBL,38,35,100,416.00,"41,600.00"
2019-12-26,2019122601005220,ADBL,38,57,500,416.00,"208,000.00"
2019-12-26,2019122601005219,ADBL,38,54,500,416.00,"208,000.00"
2019-12-26,2019122601005363,ADBL,8,54,100,416.00,"41,600.00"
2019-12-26,2019122601005262,ADBL,41,14,"1,000",416.00,"416,000.00"
2019-12-26,2019122601005255,ADBL,45,54,165,415.00,"68,475.00"
2019-12-26,2019122601005254,ADBL,51,54,335,415.00,"139,025.00"
2019-12-26,2019122601005232,ADBL,51,11,470,415.00,"195,050.00"
2019-12-26,2019122601005231,ADBL,38,11,20,416.00,"8,320.00"
2019-12-26,2019122601005471,AKPL,34,45,300,109.00,"32,700.00"
2019-12-26,2019122601005470,AKPL,45,45,"1,000",109.00,"109,000.00"
2019-12-26,2019122601005469,AKPL,46,45,300,109.00,"32,700.00"
2019-12-26,2019122601005454,ALBSL,58,58,10,474.00,"4,740.00"
2019-12-26,2019122601005316,ALBSL,25,29,100,475.00,"47,500.00"
2019-12-26,2019122601005465,ALICL,34,41,300,364.00,"109,200.00"
2019-12-26,2019122601005464,ALICL,34,57,600,363.00,"217,800.00"
2019-12-26,2019122601005463,ALICL,34,50,100,362.00,"36,200.00"
2019-12-26,2019122601005315,ALICL,52,57,100,363.00,"36,300.00"
2019-12-26,2019122601005287,API,16,39,29,106.00,"3,074.00"
2019-12-26,2019122601005145,API,16,39,46,106.00,"4,876.00"
2019-12-26,2019122601005118,API,16,39,10,106.00,"1,060.00"
2019-12-26,2019122601005436,BOKL,17,43,674,214.00,"144,236.00"
2019-12-26,2019122601005173,BOKL,17,41,10,214.00,"2,140.00"
2019-12-26,2019122601005265,BPCL,33,45,10,306.00,"3,060.00"
2019-12-26,2019122601005201,BPCL,36,55,325,301.00,"97,825.00"
2019-12-26,2019122601005200,BPCL,43,55,25,301.00,"7,525.00"
2019-12-26,2019122601005199,BPCL,8,55,500,302.00,"151,000.00"
2019-12-26,2019122601005198,BPCL,34,55,100,302.00,"30,200.00"
2019-12-26,2019122601005197,BPCL,43,55,50,302.00,"15,100.00"
2019-12-26,2019122601005468,CBBL,6,45,20,799.00,"15,980.00"
2019-12-26,2019122601005128,CCBL,50,37,53,164.00,"8,692.00"
2019-12-26,2019122601005125,CEFL,4,56,30,105.00,"3,150.00"
2019-12-26,2019122601005124,CEFL,4,55,370,105.00,"38,850.00"
2019-12-26,2019122601005123,CEFL,4,38,100,104.00,"10,400.00"
2019-12-26,2019122601005493,CHCL,17,57,100,360.00,"36,000.00"
2019-12-26,2019122601005321,CHL,28,39,10,95.00,950.00
2019-12-26,2019122601005461,CIT,7,25,50,"1,991.00","99,550.00"
2019-12-26,2019122601005377,CIT,22,52,35,"1,986.00","69,510.00"
2019-12-26,2019122601005376,CIT,45,52,50,"1,987.00","99,350.00"
2019-12-26,2019122601005375,CIT,32,52,15,"1,990.00","29,850.00"
2019-12-26,2019122601005374,CIT,45,52,50,"1,990.00","99,500.00"
2019-12-26,2019122601005183,CIT,34,25,24,"2,000.00","48,000.00"
2019-12-26,2019122601005069,CIT,41,52,20,"2,002.00","40,040.00"
2019-12-26,2019122601005001,CIT,49,45,10,"2,002.00","20,020.00"
2019-12-26,2019122601005113,CIT,51,52,50,"2,001.00","100,050.00"
2019-12-26,2019122601005112,CIT,7,52,60,"2,001.00","120,060.00"
2019-12-26,2019122601005073,CIT,7,52,140,"2,001.00","280,140.00"
2019-12-26,2019122601005072,CIT,49,52,10,"2,001.00","20,010.00"
2019-12-26,2019122601005071,CIT,41,52,30,"2,001.00","60,030.00"
2019-12-26,2019122601005070,CIT,1,52,100,"2,001.00","200,100.00"
2019-12-26,2019122601005161,CIT,41,33,100,"2,000.00","200,000.00"
2019-12-26,2019122601005160,CIT,55,33,10,"2,000.00","20,000.00"
2019-12-26,2019122601005159,CIT,45,33,50,"2,000.00","100,000.00"
2019-12-26,2019122601005158,CIT,41,33,64,"2,000.00","128,000.00"
2019-12-26,2019122601005115,CIT,41,52,36,"2,000.00","72,000.00"
2019-12-26,2019122601005114,CIT,1,52,10,"2,000.00","20,000.00"
2019-12-26,2019122601005167,CIT,34,33,76,"2,000.00","152,000.00"
2019-12-26,2019122601005166,CIT,38,33,20,"2,000.00","40,000.00"
2019-12-26,2019122601005165,CIT,41,33,10,"2,000.00","20,000.00"
2019-12-26,2019122601005164,CIT,41,33,10,"2,000.00","20,000.00"
2019-12-26,2019122601005163,CIT,41,33,50,"2,000.00","100,000.00"
2019-12-26,2019122601005162,CIT,34,33,10,"2,000.00","20,000.00"
2019-12-26,2019122601005326,CLBSL,34,40,17,547.00,"9,299.00"
2019-12-26,2019122601005372,DBBL,56,50,"1,500",136.00,"204,000.00"
2019-12-26,2019122601005328,DBBL,56,33,791,136.00,"107,576.00"
2019-12-26,2019122601005327,DBBL,56,38,500,136.00,"68,000.00"
2019-12-26,2019122601005389,DDBL,35,53,100,860.00,"86,000.00"
2019-12-26,2019122601005388,DDBL,29,53,10,860.00,"8,600.00"
2019-12-26,2019122601005204,EBL,26,36,52,526.00,"27,352.00"
2019-12-26,2019122601005203,EBL,40,36,28,526.00,"14,728.00"
2019-12-26,2019122601005109,EBL,40,14,66,526.00,"34,716.00"
2019-12-26,2019122601005108,EBL,48,14,83,526.00,"43,658.00"
2019-12-26,2019122601005258,FOWAD,5,42,20,"1,400.00","28,000.00"
2019-12-26,2019122601005383,GBBL,6,16,500,203.00,"101,500.00"
2019-12-26,2019122601005382,GBBL,6,55,595,203.00,"120,785.00"
2019-12-26,2019122601005381,GBBL,6,55,246,203.00,"49,938.00"
2019-12-26,2019122601005058,GBBL,4,14,300,202.00,"60,600.00"
2019-12-26,2019122601005136,GBLBS,45,1,50,316.00,"15,800.00"
2019-12-26,2019122601005135,GBLBS,38,1,500,316.00,"158,000.00"
2019-12-26,2019122601005134,GBLBS,53,1,10,316.00,"3,160.00"
2019-12-26,2019122601005133,GBLBS,45,1,950,316.00,"300,200.00"
2019-12-26,2019122601005035,GBLBS,45,45,250,316.00,"79,000.00"
2019-12-26,2019122601005034,GBLBS,44,45,100,316.00,"31,600.00"
2019-12-26,2019122601005033,GBLBS,33,45,650,317.00,"206,050.00"
2019-12-26,2019122601005344,GGBSL,19,28,10,597.00,"5,970.00"
2019-12-26,2019122601005494,GILB,21,14,161,831.00,"133,791.00"
2019-12-26,2019122601005487,GILB,21,43,100,830.00,"83,000.00"
2019-12-26,2019122601005486,GILB,21,5,51,830.00,"42,330.00"
2019-12-26,2019122601005485,GILB,21,43,80,830.00,"66,400.00"
2019-12-26,2019122601005484,GILB,21,39,41,825.00,"33,825.00"
2019-12-26,2019122601005483,GILB,21,53,100,825.00,"82,500.00"
2019-12-26,2019122601005175,GILB,32,37,60,815.00,"48,900.00"
2019-12-26,2019122601005174,GILB,44,37,29,815.00,"23,635.00"
2019-12-26,2019122601005482,GILB,21,33,200,824.00,"164,800.00"
2019-12-26,2019122601005481,GILB,21,5,100,823.00,"82,300.00"
2019-12-26,2019122601005480,GILB,21,21,40,820.00,"32,800.00"
2019-12-26,2019122601005355,GILB,21,21,10,820.00,"8,200.00"
2019-12-26,2019122601005333,GILB,21,21,50,820.00,"41,000.00"
2019-12-26,2019122601005249,GILB,21,37,411,815.00,"334,965.00"
2019-12-26,2019122601005337,GLICL,29,38,50,449.00,"22,450.00"
2019-12-26,2019122601005057,GLICL,34,38,410,451.00,"184,910.00"
2019-12-26,2019122601005339,HDL,20,58,100,"1,200.00","120,000.00"
2019-12-26,2019122601005338,HDL,40,58,50,"1,200.00","60,000.00"
2019-12-26,2019122601005318,HDL,40,50,60,"1,200.00","72,000.00"
2019-12-26,2019122601005317,HDL,20,50,50,"1,200.00","60,000.00"
2019-12-26,2019122601005312,HDL,26,58,74,"1,196.00","88,504.00"
2019-12-26,2019122601005311,HDL,33,58,200,"1,196.00","239,200.00"
2019-12-26,2019122601005022,HDL,43,58,200,"1,200.00","240,000.00"
2019-12-26,2019122601005021,HDL,32,58,200,"1,200.00","240,000.00"
2019-12-26,2019122601005020,HDL,47,58,20,"1,200.00","24,000.00"
2019-12-26,2019122601005019,HDL,38,58,100,"1,200.00","120,000.00"
2019-12-26,2019122601005018,HDL,7,58,50,"1,200.00","60,000.00"
2019-12-26,2019122601005017,HDL,58,58,50,"1,208.00","60,400.00"
2019-12-26,2019122601005105,HDL,45,58,50,"1,200.00","60,000.00"
2019-12-26,2019122601005102,HDL,1,58,30,"1,200.00","36,000.00"
2019-12-26,2019122601005097,HDL,46,58,20,"1,200.00","24,000.00"
2019-12-26,2019122601005096,HDL,14,58,100,"1,200.00","120,000.00"
2019-12-26,2019122601005074,HDL,1,58,50,"1,200.00","60,000.00"
2019-12-26,2019122601005039,HDL,32,58,100,"1,200.00","120,000.00"
2019-12-26,2019122601005253,HDL,45,50,10,"1,200.00","12,000.00"
2019-12-26,2019122601005252,HDL,20,50,100,"1,200.00","120,000.00"
2019-12-26,2019122601005251,HDL,14,50,20,"1,200.00","24,000.00"
2019-12-26,2019122601005250,HDL,50,50,100,"1,201.00","120,100.00"
2019-12-26,2019122601005122,HDL,52,58,20,"1,200.00","24,000.00"
2019-12-26,2019122601005117,HDL,45,58,10,"1,200.00","12,000.00"
2019-12-26,2019122601005298,HDL,25,58,50,"1,197.00","59,850.00"
2019-12-26,2019122601005297,HDL,48,58,500,"1,197.00","598,500.00"
2019-12-26,2019122601005296,HDL,14,58,100,"1,197.00","119,700.00"
2019-12-26,2019122601005295,HDL,1,58,50,"1,197.00","59,850.00"
2019-12-26,2019122601005294,HDL,10,58,56,"1,198.00","67,088.00"
2019-12-26,2019122601005293,HDL,25,58,50,"1,198.00","59,900.00"
2019-12-26,2019122601005304,HDL,37,58,100,"1,196.00","119,600.00"
2019-12-26,2019122601005303,HDL,8,58,50,"1,196.00","59,800.00"
2019-12-26,2019122601005302,HDL,37,58,100,"1,196.00","119,600.00"
2019-12-26,2019122601005301,HDL,5,58,100,"1,197.00","119,700.00"
2019-12-26,2019122601005300,HDL,43,58,500,"1,197.00","598,500.00"
2019-12-26,2019122601005299,HDL,34,58,100,"1,197.00","119,700.00"
2019-12-26,2019122601005310,HDL,21,58,20,"1,196.00","23,920.00"
2019-12-26,2019122601005309,HDL,52,58,500,"1,196.00","598,000.00"
2019-12-26,2019122601005308,HDL,35,58,100,"1,196.00","119,600.00"
2019-12-26,2019122601005307,HDL,26,58,100,"1,196.00","119,600.00"
2019-12-26,2019122601005306,HDL,49,58,50,"1,196.00","59,800.00"
2019-12-26,2019122601005305,HDL,34,58,500,"1,196.00","598,000.00"
2019-12-26,2019122601005172,HGI,7,25,178,283.00,"50,374.00"
2019-12-26,2019122601005357,HIDCL,39,39,100,146.00,"14,600.00"
2019-12-26,2019122601005324,HIDCL,39,1,200,146.00,"29,200.00"
2019-12-26,2019122601005323,HIDCL,40,1,100,146.00,"14,600.00"
2019-12-26,2019122601005320,HIDCL,29,32,13,147.00,"1,911.00"
2019-12-26,2019122601005319,HIDCL,29,32,13,147.00,"1,911.00"
2019-12-26,2019122601005330,HPPL,52,39,10,138.00,"1,380.00"
2019-12-26,2019122601005192,HPPL,52,40,10,138.00,"1,380.00"
2019-12-26,2019122601005182,HPPL,52,39,10,138.00,"1,380.00"
2019-12-26,2019122601005348,ICFC,44,25,128,162.00,"20,736.00"
2019-12-26,2019122601005031,ICFC,11,51,100,163.00,"16,300.00"
2019-12-26,2019122601005386,ILBS,57,34,10,517.00,"5,170.00"
2019-12-26,2019122601005095,ILBS,57,57,10,517.00,"5,170.00"
2019-12-26,2019122601005094,ILBS,41,57,90,518.00,"46,620.00"
2019-12-26,2019122601005059,ILBS,41,28,10,518.00,"5,180.00"
2019-12-26,2019122601005356,JBBL,14,42,300,169.00,"50,700.00"
2019-12-26,2019122601005346,JBBL,14,6,200,169.00,"33,800.00"
2019-12-26,2019122601005273,JBBL,45,44,21,170.00,"3,570.00"
2019-12-26,2019122601005272,JBBL,45,21,79,170.00,"13,430.00"
2019-12-26,2019122601005233,JBBL,14,38,150,169.00,"25,350.00"
2019-12-26,2019122601005211,JBBL,14,38,584,169.00,"98,696.00"
2019-12-26,2019122601005116,JBBL,14,38,59,169.00,"9,971.00"
2019-12-26,2019122601005103,JBBL,14,38,135,169.00,"22,815.00"
2019-12-26,2019122601005093,JBBL,14,38,347,169.00,"58,643.00"
2019-12-26,2019122601005092,JBBL,44,38,653,169.00,"110,357.00"
2019-12-26,2019122601005195,JBBL,14,38,446,169.00,"75,374.00"
2019-12-26,2019122601005184,JBBL,14,38,108,169.00,"18,252.00"
2019-12-26,2019122601005170,JBBL,14,38,110,169.00,"18,590.00"
2019-12-26,2019122601005155,JBBL,14,38,108,169.00,"18,252.00"
2019-12-26,2019122601005126,JBBL,14,38,55,169.00,"9,295.00"
2019-12-26,2019122601005121,JBBL,6,21,500,170.00,"85,000.00"
2019-12-26,2019122601005244,JBBLPO,58,14,"7,000",113.00,"791,000.00"
2019-12-26,2019122601005207,JFL,6,45,110,197.00,"21,670.00"
2019-12-26,2019122601005206,JFL,47,45,90,197.00,"17,730.00"
2019-12-26,2019122601005242,JSLBB,25,34,50,"1,196.00","59,800.00"
2019-12-26,2019122601005154,JSLBB,41,34,25,"1,196.00","29,900.00"
2019-12-26,2019122601005341,KADBL,40,42,"1,000",229.00,"229,000.00"
2019-12-26,2019122601005129,KADBL,42,14,100,228.00,"22,800.00"
2019-12-26,2019122601005459,KBL,29,32,421,178.00,"74,938.00"
2019-12-26,2019122601005458,KBL,29,32,200,178.00,"35,600.00"
2019-12-26,2019122601005457,KBL,1,32,379,178.00,"67,462.00"
2019-12-26,2019122601005279,KSBBL,20,40,83,134.00,"11,122.00"
2019-12-26,2019122601005278,KSBBL,51,40,69,134.00,"9,246.00"
2019-12-26,2019122601005472,LBBL,16,4,"2,086",193.00,"402,598.00"
2019-12-26,2019122601005429,LICN,50,47,30,"1,016.00","30,480.00"
2019-12-26,2019122601005500,MBL,32,49,500,217.00,"108,500.00"
2019-12-26,2019122601005210,MEGA,38,21,200,182.00,"36,400.00"
2019-12-26,2019122601005054,MLBBL,55,51,10,550.00,"5,500.00"
2019-12-26,2019122601005187,MLBL,57,8,100,173.00,"17,300.00"
2019-12-26,2019122601005186,MLBL,6,8,10,173.00,"1,730.00"
2019-12-26,2019122601005185,MLBL,49,8,156,173.00,"26,988.00"
2019-12-26,2019122601005171,MNBBL,44,53,429,278.00,"119,262.00"
2019-12-26,2019122601005110,MNBBL,44,34,"1,000",278.00,"278,000.00"
2019-12-26,2019122601005036,MNBBL,49,38,20,279.00,"5,580.00"
2019-12-26,2019122601005146,MSLB,43,26,28,905.00,"25,340.00"
2019-12-26,2019122601005335,NABIL,25,25,100,676.00,"67,600.00"
2019-12-26,2019122601005263,NABIL,58,29,100,676.00,"67,600.00"
2019-12-26,2019122601005130,NABIL,58,49,400,676.00,"270,400.00"
2019-12-26,2019122601005488,NADEP,47,47,20,459.00,"9,180.00"
2019-12-26,2019122601005455,NADEP,47,47,20,459.00,"9,180.00"
2019-12-26,2019122601005132,NADEP,19,45,20,457.00,"9,140.00"
2019-12-26,2019122601005131,NADEP,29,45,10,460.00,"4,600.00"
2019-12-26,2019122601005456,NBL,1,17,200,317.00,"63,400.00"
2019-12-26,2019122601005435,NBL,44,54,"1,200",316.00,"379,200.00"
2019-12-26,2019122601005340,NBL,44,45,100,316.00,"31,600.00"
2019-12-26,2019122601005336,NBL,44,17,200,317.00,"63,400.00"
2019-12-26,2019122601005286,NBL,3,17,100,317.00,"31,700.00"
2019-12-26,2019122601005285,NBL,14,17,"1,000",317.00,"317,000.00"
2019-12-26,2019122601005106,NBL,44,19,300,316.00,"94,800.00"
2019-12-26,2019122601005086,NBL,28,46,657,317.00,"208,269.00"
2019-12-26,2019122601005085,NBL,28,56,169,317.00,"53,573.00"
2019-12-26,2019122601005181,NBL,17,17,"1,000",317.00,"317,000.00"
2019-12-26,2019122601005177,NBL,8,17,"2,777",317.00,"880,309.00"
2019-12-26,2019122601005176,NBL,8,34,223,317.00,"70,691.00"
2019-12-26,2019122601005169,NBL,29,34,277,317.00,"87,809.00"
2019-12-26,2019122601005168,NBL,29,46,723,317.00,"229,191.00"
2019-12-26,2019122601005144,NBL,42,46,20,317.00,"6,340.00"
2019-12-26,2019122601005248,NBL,57,17,100,317.00,"31,700.00"
2019-12-26,2019122601005241,NBL,56,17,"1,000",317.00,"317,000.00"
2019-12-26,2019122601005237,NBL,8,17,250,317.00,"79,250.00"
2019-12-26,2019122601005236,NBL,21,17,100,317.00,"31,700.00"
2019-12-26,2019122601005225,NBL,48,17,"2,000",317.00,"634,000.00"
2019-12-26,2019122601005193,NBL,41,17,"1,000",317.00,"317,000.00"
2019-12-26,2019122601005153,NFS,22,32,10,132.00,"1,320.00"
2019-12-26,2019122601005152,NFS,22,22,10,130.00,"1,300.00"
2019-12-26,2019122601005098,NFS,37,32,17,126.00,"2,142.00"
2019-12-26,2019122601005392,NIB,43,45,15,434.00,"6,510.00"
2019-12-26,2019122601005089,NIB,43,44,15,434.00,"6,510.00"
2019-12-26,2019122601005088,NIB,17,44,12,435.00,"5,220.00"
2019-12-26,2019122601005087,NIB,58,44,17,435.00,"7,395.00"
2019-12-26,2019122601005466,NIBPO,11,17,30,402.00,"12,060.00"
2019-12-26,2019122601005402,NIBPO,11,17,20,402.00,"8,040.00"
2019-12-26,2019122601005331,NICA,17,57,41,412.00,"16,892.00"
2019-12-26,2019122601005104,NICA,17,51,100,412.00,"41,200.00"
2019-12-26,2019122601005015,NICA,54,36,500,412.00,"206,000.00"
2019-12-26,2019122601005014,NICA,25,36,200,412.00,"82,400.00"
2019-12-26,2019122601005013,NICA,58,36,500,412.00,"206,000.00"
2019-12-26,2019122601005012,NICA,45,36,30,412.00,"12,360.00"
2019-12-26,2019122601005005,NICA,25,36,49,412.00,"20,188.00"
2019-12-26,2019122601005004,NICA,32,36,"2,000",412.00,"824,000.00"
2019-12-26,2019122601005003,NICA,34,36,820,412.00,"337,840.00"
2019-12-26,2019122601005011,NICA,28,36,"1,000",412.00,"412,000.00"
2019-12-26,2019122601005010,NICA,34,36,200,412.00,"82,400.00"
2019-12-26,2019122601005009,NICA,58,36,100,412.00,"41,200.00"
2019-12-26,2019122601005008,NICA,44,36,300,412.00,"123,600.00"
2019-12-26,2019122601005007,NICA,1,36,200,412.00,"82,400.00"
2019-12-26,2019122601005006,NICA,11,36,100,412.00,"41,200.00"
2019-12-26,2019122601005032,NICL,50,7,195,294.00,"57,330.00"
2019-12-26,2019122601005379,NIL,57,47,13,415.00,"5,395.00"
2019-12-26,2019122601005332,NIL,57,28,224,415.00,"92,960.00"
2019-12-26,2019122601005189,NIL,57,55,16,415.00,"6,640.00"
2019-12-26,2019122601005492,NLBBL,16,58,131,557.00,"72,967.00"
2019-12-26,2019122601005491,NLBBL,59,58,107,557.00,"59,599.00"
2019-12-26,2019122601005390,NLBBL,19,6,27,559.00,"15,093.00"
2019-12-26,2019122601005385,NLBBL,59,43,93,557.00,"51,801.00"
2019-12-26,2019122601005314,NLBBL,32,6,10,559.00,"5,590.00"
2019-12-26,2019122601005243,NLBBL,22,20,"1,000",557.00,"557,000.00"
2019-12-26,2019122601005178,NLBBL,26,6,120,559.00,"67,080.00"
2019-12-26,2019122601005499,NLIC,37,45,75,916.00,"68,700.00"
2019-12-26,2019122601005498,NLIC,53,45,100,916.00,"91,600.00"
2019-12-26,2019122601005497,NLIC,4,45,47,916.00,"43,052.00"
2019-12-26,2019122601005496,NLIC,48,45,50,917.00,"45,850.00"
2019-12-26,2019122601005495,NLIC,52,45,28,917.00,"25,676.00"
2019-12-26,2019122601005446,NLIC,52,34,72,917.00,"66,024.00"
2019-12-26,2019122601005047,NLIC,42,38,100,918.00,"91,800.00"
2019-12-26,2019122601005046,NLIC,53,38,193,918.00,"177,174.00"
2019-12-26,2019122601005045,NLIC,49,38,57,920.00,"52,440.00"
2019-12-26,2019122601005264,NLIC,38,43,58,917.00,"53,186.00"
2019-12-26,2019122601005234,NLIC,41,58,50,918.00,"45,900.00"
2019-12-26,2019122601005156,NLIC,1,58,32,918.00,"29,376.00"
2019-12-26,2019122601005078,NLIC,57,45,100,920.00,"92,000.00"
2019-12-26,2019122601005049,NLIC,1,38,68,918.00,"62,424.00"
2019-12-26,2019122601005048,NLIC,45,38,60,918.00,"55,080.00"
2019-12-26,2019122601005445,NLIC,58,34,28,917.00,"25,676.00"
2019-12-26,2019122601005398,NLIC,58,34,50,917.00,"45,850.00"
2019-12-26,2019122601005397,NLIC,38,34,20,917.00,"18,340.00"
2019-12-26,2019122601005396,NLIC,38,34,20,917.00,"18,340.00"
2019-12-26,2019122601005370,NLIC,58,16,22,917.00,"20,174.00"
2019-12-26,2019122601005313,NLIC,38,16,22,917.00,"20,174.00"
2019-12-26,2019122601005373,NLICL,25,39,10,475.00,"4,750.00"
2019-12-26,2019122601005068,NLICL,44,17,76,471.00,"35,796.00"
2019-12-26,2019122601005067,NLICL,22,17,200,471.00,"94,200.00"
2019-12-26,2019122601005066,NLICL,3,17,450,472.00,"212,400.00"
2019-12-26,2019122601005065,NLICL,44,17,100,472.00,"47,200.00"
2019-12-26,2019122601005064,NLICL,22,17,30,472.00,"14,160.00"
2019-12-26,2019122601005063,NLICL,3,17,"1,000",473.00,"473,000.00"
2019-12-26,2019122601005062,NLICL,54,17,533,473.00,"252,109.00"
2019-12-26,2019122601005061,NLICL,39,17,"1,000",474.00,"474,000.00"
2019-12-26,2019122601005060,NLICL,44,17,611,475.00,"290,225.00"
2019-12-26,2019122601005368,NMB,35,41,700,324.00,"226,800.00"
2019-12-26,2019122601005276,NMB,20,14,20,325.00,"6,500.00"
2019-12-26,2019122601005275,NMB,20,33,180,325.00,"58,500.00"
2019-12-26,2019122601005240,NMB,35,41,"1,020",324.00,"330,480.00"
2019-12-26,2019122601005191,NMB,35,6,304,324.00,"98,496.00"
2019-12-26,2019122601005190,NMB,4,6,186,324.00,"60,264.00"
2019-12-26,2019122601005288,NMBMF,51,21,11,563.00,"6,193.00"
2019-12-26,2019122601005246,NMBMF,57,7,10,570.00,"5,700.00"
2019-12-26,2019122601005180,NMBMF,45,7,40,570.00,"22,800.00"
2019-12-26,2019122601005179,NMBMF,45,6,10,570.00,"5,700.00"
2019-12-26,2019122601005474,NTC,35,45,120,655.00,"78,600.00"
2019-12-26,2019122601005044,NTC,35,1,50,655.00,"32,750.00"
2019-12-26,2019122601005227,NUBL,57,57,20,773.00,"15,460.00"
2019-12-26,2019122601005226,NUBL,34,57,30,773.00,"23,190.00"
2019-12-26,2019122601005322,PCBL,35,58,750,279.00,"209,250.00"
2019-12-26,2019122601005271,PCBL,48,58,250,279.00,"69,750.00"
2019-12-26,2019122601005270,PCBL,48,26,100,279.00,"27,900.00"
2019-12-26,2019122601005438,PIC,43,38,100,409.00,"40,900.00"
2019-12-26,2019122601005437,PIC,43,38,200,409.00,"81,800.00"
2019-12-26,2019122601005284,PICL,25,50,360,424.00,"152,640.00"
2019-12-26,2019122601005256,PICL,25,1,200,424.00,"84,800.00"
2019-12-26,2019122601005489,PLIC,13,13,616,355.00,"218,680.00"
2019-12-26,2019122601005442,PLIC,13,13,411,355.00,"145,905.00"
2019-12-26,2019122601005359,PLIC,13,28,119,355.00,"42,245.00"
2019-12-26,2019122601005358,PLIC,44,28,49,355.00,"17,395.00"
2019-12-26,2019122601005342,PLIC,14,41,98,356.00,"34,888.00"
2019-12-26,2019122601005349,PMHPL,56,39,10,85.00,850.00
2019-12-26,2019122601005043,PPCL,13,19,330,109.00,"35,970.00"
2019-12-26,2019122601005289,PRIN,34,28,300,333.00,"99,900.00"
2019-12-26,2019122601005334,PRVU,17,29,400,225.00,"90,000.00"
2019-12-26,2019122601005269,PRVU,17,11,95,225.00,"21,375.00"
2019-12-26,2019122601005268,PRVU,29,11,200,225.00,"45,000.00"
2019-12-26,2019122601005267,PRVU,52,11,90,225.00,"20,250.00"
2019-12-26,2019122601005266,PRVU,46,11,15,225.00,"3,375.00"
2019-12-26,2019122601005194,RADHI,13,39,12,139.00,"1,668.00"
2019-12-26,2019122601005329,RBCLPO,44,44,500,"7,700.00","3,850,000.00"
2019-12-26,2019122601005462,RHPL,19,28,40,171.00,"6,840.00"
2019-12-26,2019122601005420,RHPL,19,28,40,171.00,"6,840.00"
2019-12-26,2019122601005365,RHPL,19,39,40,171.00,"6,840.00"
2019-12-26,2019122601005360,RHPL,19,28,40,171.00,"6,840.00"
2019-12-26,2019122601005247,RHPL,19,28,40,171.00,"6,840.00"
2019-12-26,2019122601005213,RHPL,19,39,40,171.00,"6,840.00"
2019-12-26,2019122601005196,RHPL,19,28,40,171.00,"6,840.00"
2019-12-26,2019122601005052,RHPL,19,28,40,171.00,"6,840.00"
2019-12-26,2019122601005038,RHPL,33,34,40,172.00,"6,880.00"
2019-12-26,2019122601005037,RHPL,33,44,870,172.00,"149,640.00"
2019-12-26,2019122601005361,RMDC,44,40,50,604.00,"30,200.00"
2019-12-26,2019122601005277,RMDC,44,40,50,604.00,"30,200.00"
2019-12-26,2019122601005260,RMDC,44,40,24,604.00,"14,496.00"
2019-12-26,2019122601005259,RMDC,42,40,26,604.00,"15,704.00"
2019-12-26,2019122601005188,RMDC,42,48,15,604.00,"9,060.00"
2019-12-26,2019122601005151,RMDC,40,48,150,604.00,"90,600.00"
2019-12-26,2019122601005120,RMDC,33,48,300,604.00,"181,200.00"
2019-12-26,2019122601005119,RMDC,18,48,45,604.00,"27,180.00"
2019-12-26,2019122601005447,RSDC,36,45,103,316.00,"32,548.00"
2019-12-26,2019122601005366,SABSL,13,35,90,540.00,"48,600.00"
2019-12-26,2019122601005090,SABSL,19,35,10,540.00,"5,400.00"
2019-12-26,2019122601005238,SADBL,4,36,300,142.00,"42,600.00"
2019-12-26,2019122601005441,SANIMA,13,41,35,315.00,"11,025.00"
2019-12-26,2019122601005440,SANIMA,57,41,200,315.00,"63,000.00"
2019-12-26,2019122601005439,SANIMA,4,41,665,315.00,"209,475.00"
2019-12-26,2019122601005325,SANIMA,4,6,78,315.00,"24,570.00"
2019-12-26,2019122601005056,SANIMA,13,17,75,316.00,"23,700.00"
2019-12-26,2019122601005055,SANIMA,13,45,25,316.00,"7,900.00"
2019-12-26,2019122601005371,SAPDBL,10,34,400,125.00,"50,000.00"
2019-12-26,2019122601005208,SAPDBL,10,16,73,124.00,"9,052.00"
2019-12-26,2019122601005394,SBI,16,8,300,352.00,"105,600.00"
2019-12-26,2019122601005393,SBI,42,8,100,352.00,"35,200.00"
2019-12-26,2019122601005460,SBL,16,28,166,290.00,"48,140.00"
2019-12-26,2019122601005281,SBL,40,28,99,290.00,"28,710.00"
2019-12-26,2019122601005280,SBL,14,28,670,290.00,"194,300.00"
2019-12-26,2019122601005387,SCB,45,42,50,533.00,"26,650.00"
2019-12-26,2019122601005079,SCB,34,51,195,532.00,"103,740.00"
2019-12-26,2019122601005292,SDESI,21,45,200,574.00,"114,800.00"
2019-12-26,2019122601005291,SDESI,21,16,30,573.00,"17,190.00"
2019-12-26,2019122601005290,SDESI,21,45,200,572.00,"114,400.00"
2019-12-26,2019122601005217,SDESI,45,37,100,564.00,"56,400.00"
2019-12-26,2019122601005216,SDESI,45,37,50,564.00,"28,200.00"
2019-12-26,2019122601005215,SDESI,33,37,50,564.00,"28,200.00"
2019-12-26,2019122601005214,SDESI,34,37,200,565.00,"113,000.00"
2019-12-26,2019122601005378,SHINE,45,37,182,233.00,"42,406.00"
2019-12-26,2019122601005235,SHINE,45,56,318,233.00,"74,094.00"
2019-12-26,2019122601005362,SHIVM,29,32,58,450.00,"26,100.00"
2019-12-26,2019122601005347,SHIVM,29,22,200,450.00,"90,000.00"
2019-12-26,2019122601005343,SHIVM,29,38,242,450.00,"108,900.00"
2019-12-26,2019122601005230,SHIVM,19,7,50,451.00,"22,550.00"
2019-12-26,2019122601005229,SHIVM,19,3,45,451.00,"20,295.00"
2019-12-26,2019122601005138,SHIVM,32,55,220,450.00,"99,000.00"
2019-12-26,2019122601005137,SHIVM,32,45,50,450.00,"22,500.00"
2019-12-26,2019122601005076,SHIVM,14,22,190,449.00,"85,310.00"
2019-12-26,2019122601005075,SHIVM,14,45,200,448.00,"89,600.00"
2019-12-26,2019122601005050,SHIVM,14,22,300,449.00,"134,700.00"
2019-12-26,2019122601005228,SHIVM,19,5,100,450.00,"45,000.00"
2019-12-26,2019122601005143,SHIVM,32,5,200,450.00,"90,000.00"
2019-12-26,2019122601005142,SHIVM,32,6,200,450.00,"90,000.00"
2019-12-26,2019122601005141,SHIVM,32,41,50,450.00,"22,500.00"
2019-12-26,2019122601005140,SHIVM,32,41,500,450.00,"225,000.00"
2019-12-26,2019122601005139,SHIVM,32,46,50,450.00,"22,500.00"
2019-12-26,2019122601005430,SIL,44,28,203,405.00,"82,215.00"
2019-12-26,2019122601005367,SIL,44,25,100,405.00,"40,500.00"
2019-12-26,2019122601005453,SJCL,25,39,70,156.00,"10,920.00"
2019-12-26,2019122601005452,SJCL,45,39,330,156.00,"51,480.00"
2019-12-26,2019122601005450,SJCL,45,28,20,156.00,"3,120.00"
2019-12-26,2019122601005449,SJCL,45,57,20,156.00,"3,120.00"
2019-12-26,2019122601005434,SJCL,45,57,20,156.00,"3,120.00"
2019-12-26,2019122601005431,SJCL,45,28,20,156.00,"3,120.00"
2019-12-26,2019122601005051,SJCL,57,29,500,157.00,"78,500.00"
2019-12-26,2019122601005040,SJCL,45,28,20,156.00,"3,120.00"
2019-12-26,2019122601005422,SJCL,45,57,20,156.00,"3,120.00"
2019-12-26,2019122601005391,SJCL,45,57,20,156.00,"3,120.00"
2019-12-26,2019122601005380,SJCL,45,39,20,156.00,"3,120.00"
2019-12-26,2019122601005369,SJCL,45,28,20,156.00,"3,120.00"
2019-12-26,2019122601005261,SJCL,45,28,20,156.00,"3,120.00"
2019-12-26,2019122601005212,SJCL,45,28,20,156.00,"3,120.00"
2019-12-26,2019122601005467,SKBBL,58,6,48,996.00,"47,808.00"
2019-12-26,2019122601005451,SKBBL,58,45,28,995.00,"27,860.00"
2019-12-26,2019122601005042,SKBBL,17,14,497,990.00,"492,030.00"
2019-12-26,2019122601005041,SKBBL,25,14,60,992.00,"59,520.00"
2019-12-26,2019122601005427,SLBBL,25,10,100,547.00,"54,700.00"
2019-12-26,2019122601005426,SLBBL,44,10,100,547.00,"54,700.00"
2019-12-26,2019122601005425,SLBBL,6,10,18,547.00,"9,846.00"
2019-12-26,2019122601005424,SLBBL,19,10,100,547.00,"54,700.00"
2019-12-26,2019122601005423,SLBBL,44,10,100,547.00,"54,700.00"
2019-12-26,2019122601005353,SLBBL,37,37,200,548.00,"109,600.00"
2019-12-26,2019122601005352,SLBBL,37,37,100,548.00,"54,800.00"
2019-12-26,2019122601005351,SLBBL,21,37,100,548.00,"54,800.00"
2019-12-26,2019122601005350,SLBBL,37,37,100,549.00,"54,900.00"
2019-12-26,2019122601005111,SLBSL,22,21,10,594.00,"5,940.00"
2019-12-26,2019122601005448,SLICL,36,5,93,299.00,"27,807.00"
2019-12-26,2019122601005433,SLICL,36,1,100,299.00,"29,900.00"
2019-12-26,2019122601005419,SLICL,36,35,56,299.00,"16,744.00"
2019-12-26,2019122601005418,SLICL,36,51,"1,000",299.00,"299,000.00"
2019-12-26,2019122601005417,SLICL,36,34,400,299.00,"119,600.00"
2019-12-26,2019122601005274,SLICL,16,7,50,295.00,"14,750.00"
2019-12-26,2019122601005404,SLICL,36,45,150,295.00,"44,250.00"
2019-12-26,2019122601005403,SLICL,36,7,450,295.00,"132,750.00"
2019-12-26,2019122601005384,SLICL,36,7,500,295.00,"147,500.00"
2019-12-26,2019122601005283,SLICL,45,42,100,293.00,"29,300.00"
2019-12-26,2019122601005282,SLICL,8,42,52,293.00,"15,236.00"
2019-12-26,2019122601005410,SLICL,36,3,100,297.00,"29,700.00"
2019-12-26,2019122601005409,SLICL,36,5,541,297.00,"160,677.00"
2019-12-26,2019122601005408,SLICL,36,35,200,296.00,"59,200.00"
2019-12-26,2019122601005407,SLICL,36,28,389,296.00,"115,144.00"
2019-12-26,2019122601005406,SLICL,36,44,201,296.00,"59,496.00"
2019-12-26,2019122601005405,SLICL,36,41,21,295.00,"6,195.00"
2019-12-26,2019122601005416,SLICL,36,14,150,298.00,"44,700.00"
2019-12-26,2019122601005415,SLICL,36,50,500,298.00,"149,000.00"
2019-12-26,2019122601005414,SLICL,36,33,200,298.00,"59,600.00"
2019-12-26,2019122601005413,SLICL,36,50,"1,000",298.00,"298,000.00"
2019-12-26,2019122601005412,SLICL,36,37,149,298.00,"44,402.00"
2019-12-26,2019122601005411,SLICL,36,28,300,297.00,"89,100.00"
2019-12-26,2019122601005091,SMB,54,21,10,600.00,"6,000.00"
2019-12-26,2019122601005395,SMFBS,48,28,10,878.00,"8,780.00"
2019-12-26,2019122601005209,SMFBS,54,22,10,880.00,"8,800.00"
2019-12-26,2019122601005205,SMFBS,54,40,20,880.00,"17,600.00"
2019-12-26,2019122601005473,SMFDB,6,50,100,639.00,"63,900.00"
2019-12-26,2019122601005157,SMFDB,40,50,137,639.00,"87,543.00"
2019-12-26,2019122601005432,STC,34,50,20,"1,720.00","34,400.00"
2019-12-26,2019122601005421,STC,34,6,20,"1,720.00","34,400.00"
2019-12-26,2019122601005053,STC,34,5,10,"1,720.00","17,200.00"
2019-12-26,2019122601005257,SWBBL,50,53,100,821.00,"82,100.00"
2019-12-26,2019122601005107,SWBBL,6,53,97,820.00,"79,540.00"
2019-12-26,2019122601005479,TRH,3,17,300,263.00,"78,900.00"
2019-12-26,2019122601005478,TRH,7,17,200,263.00,"52,600.00"
2019-12-26,2019122601005477,TRH,34,17,100,264.00,"26,400.00"
2019-12-26,2019122601005476,TRH,17,17,55,264.00,"14,520.00"
2019-12-26,2019122601005475,TRH,49,17,10,269.00,"2,690.00"
2019-12-26,2019122601005354,UIC,40,42,30,287.00,"8,610.00"
2019-12-26,2019122601005345,UIC,40,42,250,287.00,"71,750.00"
2019-12-26,2019122601005150,UIC,29,57,50,287.00,"14,350.00"
2019-12-26,2019122601005149,UIC,52,57,10,287.00,"2,870.00"
2019-12-26,2019122601005148,UIC,34,57,10,288.00,"2,880.00"
2019-12-26,2019122601005147,UIC,39,57,30,288.00,"8,640.00"
2019-12-26,2019122601005239,UMHL,26,39,10,107.00,"1,070.00"
2019-12-26,2019122601005084,UMHL,26,54,180,107.00,"19,260.00"
2019-12-26,2019122601005083,UMHL,51,54,100,107.00,"10,700.00"
2019-12-26,2019122601005082,UMHL,34,54,"2,000",108.00,"216,000.00"
2019-12-26,2019122601005081,UMHL,22,54,43,108.00,"4,644.00"
2019-12-26,2019122601005080,UMHL,48,54,47,109.00,"5,123.00"
2019-12-26,2019122601005443,UPPER,53,39,40,235.00,"9,400.00"
2019-12-26,2019122601005245,UPPER,53,39,50,235.00,"11,750.00"
2019-12-26,2019122601005016,UPPER,45,39,50,235.00,"11,750.00"
2019-12-26,2019122601005364,VLBS,29,54,20,725.00,"14,500.00"
2019-12-26,2019122601005023,VLBS,34,22,12,725.00,"8,700.00"
2019-12-26,2019122601005029,VLBS,34,22,200,721.00,"144,200.00"
2019-12-26,2019122601005028,VLBS,8,22,300,722.00,"216,600.00"
2019-12-26,2019122601005027,VLBS,25,22,10,723.00,"7,230.00"
2019-12-26,2019122601005026,VLBS,32,22,100,723.00,"72,300.00"
2019-12-26,2019122601005025,VLBS,32,22,100,724.00,"72,400.00"
2019-12-26,2019122601005024,VLBS,52,22,12,724.00,"8,688.00"
2019-12-26,2019122601005030,VLBS,38,22,106,720.00,"76,320.00"
2019-12-26,2019122601004941,ADBL,51,41,84,415.00,"34,860.00"
2019-12-26,2019122601004940,ADBL,17,41,500,415.00,"207,500.00"
2019-12-26,2019122601004939,ADBL,38,41,416,415.00,"172,640.00"
2019-12-26,2019122601004890,ADBL,52,17,21,416.00,"8,736.00"
2019-12-26,2019122601004883,ADBL,38,42,439,415.00,"182,185.00"
2019-12-26,2019122601004873,ADBL,38,59,145,415.00,"60,175.00"
2019-12-26,2019122601004691,ADBL,44,14,200,415.00,"83,000.00"
2019-12-26,2019122601004690,ADBL,49,14,306,415.00,"126,990.00"
2019-12-26,2019122601004644,ADBL,45,17,100,416.00,"41,600.00"
2019-12-26,2019122601004544,ADBL,49,17,100,415.00,"41,500.00"
2019-12-26,2019122601004766,ADBL,35,14,312,415.00,"129,480.00"
2019-12-26,2019122601004717,ADBL,35,14,"1,466",415.00,"608,390.00"
2019-12-26,2019122601004695,ADBL,35,14,222,415.00,"92,130.00"
2019-12-26,2019122601004694,ADBL,35,14,50,415.00,"20,750.00"
2019-12-26,2019122601004693,ADBL,54,14,200,415.00,"83,000.00"
2019-12-26,2019122601004692,ADBL,57,14,200,415.00,"83,000.00"
2019-12-26,2019122601004872,ADBL,48,59,230,415.00,"95,450.00"
2019-12-26,2019122601004871,ADBL,25,59,50,415.00,"20,750.00"
2019-12-26,2019122601004870,ADBL,53,59,33,415.00,"13,695.00"
2019-12-26,2019122601004869,ADBL,38,59,142,415.00,"58,930.00"
2019-12-26,2019122601004768,ADBL,38,14,158,415.00,"65,570.00"
2019-12-26,2019122601004767,ADBL,35,14,30,415.00,"12,450.00"
2019-12-26,2019122601004839,AKPL,46,45,"1,700",109.00,"185,300.00"
2019-12-26,2019122601004838,AKPL,1,45,100,109.00,"10,900.00"
2019-12-26,2019122601004837,AKPL,25,45,100,109.00,"10,900.00"
2019-12-26,2019122601004836,AKPL,41,45,300,109.00,"32,700.00"
2019-12-26,2019122601004835,AKPL,55,45,"2,000",109.00,"218,000.00"
2019-12-26,2019122601004738,AKPL,45,35,300,109.00,"32,700.00"
2019-12-26,2019122601004737,AKPL,35,35,100,109.00,"10,900.00"
2019-12-26,2019122601004736,AKPL,33,35,300,110.00,"33,000.00"
2019-12-26,2019122601004735,AKPL,45,35,"1,000",110.00,"110,000.00"
2019-12-26,2019122601004734,AKPL,36,35,250,110.00,"27,500.00"
2019-12-26,2019122601004733,AKPL,3,35,50,110.00,"5,500.00"
2019-12-26,2019122601004834,AKPL,52,45,100,109.00,"10,900.00"
2019-12-26,2019122601004833,AKPL,8,45,"1,000",109.00,"109,000.00"
2019-12-26,2019122601004832,AKPL,58,45,"1,000",109.00,"109,000.00"
2019-12-26,2019122601004831,AKPL,45,45,"1,000",109.00,"109,000.00"
2019-12-26,2019122601004830,AKPL,7,45,500,109.00,"54,500.00"
2019-12-26,2019122601004829,AKPL,45,45,200,109.00,"21,800.00"
2019-12-26,2019122601004856,ALBSL,5,1,100,477.00,"47,700.00"
2019-12-26,2019122601004893,ALICL,6,52,120,360.00,"43,200.00"
2019-12-26,2019122601004892,ALICL,14,52,180,360.00,"64,800.00"
2019-12-26,2019122601004576,ALICL,52,25,100,363.00,"36,300.00"
2019-12-26,2019122601004623,BOKL,17,42,59,214.00,"12,626.00"
2019-12-26,2019122601004622,BOKL,59,42,85,214.00,"18,190.00"
2019-12-26,2019122601004621,BOKL,49,42,"1,000",214.00,"214,000.00"
2019-12-26,2019122601004620,BOKL,28,42,64,214.00,"13,696.00"
2019-12-26,2019122601004534,BOKL,48,49,204,215.00,"43,860.00"
2019-12-26,2019122601004533,BOKL,7,49,400,215.00,"86,000.00"
2019-12-26,2019122601004945,BPCL,45,36,50,305.00,"15,250.00"
2019-12-26,2019122601004817,BPCL,43,45,10,306.00,"3,060.00"
2019-12-26,2019122601004594,BPCL,20,36,500,305.00,"152,500.00"
2019-12-26,2019122601004593,BPCL,38,36,21,305.00,"6,405.00"
2019-12-26,2019122601004554,BPCL,38,1,179,305.00,"54,595.00"
2019-12-26,2019122601004553,BPCL,33,1,200,305.00,"61,000.00"
2019-12-26,2019122601004552,BPCL,52,1,121,305.00,"36,905.00"
2019-12-26,2019122601004610,BPCL,4,36,50,304.00,"15,200.00"
2019-12-26,2019122601004609,BPCL,36,36,"1,000",304.00,"304,000.00"
2019-12-26,2019122601004608,BPCL,38,36,100,304.00,"30,400.00"
2019-12-26,2019122601004607,BPCL,37,36,50,304.00,"15,200.00"
2019-12-26,2019122601004606,BPCL,43,36,100,304.00,"30,400.00"
2019-12-26,2019122601004605,BPCL,43,36,25,304.00,"7,600.00"
2019-12-26,2019122601004655,BPCL,43,36,200,303.00,"60,600.00"
2019-12-26,2019122601004654,BPCL,43,36,50,303.00,"15,150.00"
2019-12-26,2019122601004653,BPCL,39,36,25,303.00,"7,575.00"
2019-12-26,2019122601004652,BPCL,52,36,50,303.00,"15,150.00"
2019-12-26,2019122601004612,BPCL,53,36,170,304.00,"51,680.00"
2019-12-26,2019122601004611,BPCL,59,36,20,304.00,"6,080.00"
2019-12-26,2019122601004658,BPCL,34,36,200,303.00,"60,600.00"
2019-12-26,2019122601004657,BPCL,36,36,500,303.00,"151,500.00"
2019-12-26,2019122601004656,BPCL,49,36,225,303.00,"68,175.00"
2019-12-26,2019122601004874,CBBL,39,11,10,800.00,"8,000.00"
2019-12-26,2019122601004849,CBBL,6,41,80,791.00,"63,280.00"
2019-12-26,2019122601004848,CBBL,45,41,30,792.00,"23,760.00"
2019-12-26,2019122601004857,CBL,49,6,350,135.00,"47,250.00"
2019-12-26,2019122601004955,CCBL,7,37,300,164.00,"49,200.00"
2019-12-26,2019122601004543,CCBL,17,37,10,164.00,"1,640.00"
2019-12-26,2019122601004536,CCBL,6,37,100,164.00,"16,400.00"
2019-12-26,2019122601005000,CIT,34,45,20,"2,002.00","40,040.00"
2019-12-26,2019122601004542,CIT,40,25,27,"2,003.00","54,081.00"
2019-12-26,2019122601004665,CLBSL,34,29,10,547.00,"5,470.00"
2019-12-26,2019122601004875,CZBIL,25,48,47,182.00,"8,554.00"
2019-12-26,2019122601004742,CZBIL,25,48,946,182.00,"172,172.00"
2019-12-26,2019122601004519,CZBIL,55,48,30,182.00,"5,460.00"
2019-12-26,2019122601004518,CZBIL,37,48,24,182.00,"4,368.00"
2019-12-26,2019122601004822,DDBL,14,53,469,861.00,"403,809.00"
2019-12-26,2019122601004683,DDBL,14,38,90,861.00,"77,490.00"
2019-12-26,2019122601004682,DDBL,57,38,70,863.00,"60,410.00"
2019-12-26,2019122601004681,DDBL,33,38,90,863.00,"77,670.00"
2019-12-26,2019122601004551,EIC,57,39,60,273.00,"16,380.00"
2019-12-26,2019122601004550,EIC,57,37,20,272.00,"5,440.00"
2019-12-26,2019122601004549,EIC,57,40,11,272.00,"2,992.00"
2019-12-26,2019122601004548,EIC,57,6,225,271.00,"60,975.00"
2019-12-26,2019122601004547,EIC,57,45,184,270.00,"49,680.00"
2019-12-26,2019122601004942,GBBL,40,55,100,203.00,"20,300.00"
2019-12-26,2019122601004580,GBBL,4,4,100,202.00,"20,200.00"
2019-12-26,2019122601004949,GBLBS,33,39,650,317.00,"206,050.00"
2019-12-26,2019122601004564,GBLBS,33,46,500,317.00,"158,500.00"
2019-12-26,2019122601004529,GFCL,42,43,297,134.00,"39,798.00"
2019-12-26,2019122601004528,GFCL,59,43,90,134.00,"12,060.00"
2019-12-26,2019122601004527,GFCL,59,43,150,134.00,"20,100.00"
2019-12-26,2019122601004526,GFCL,11,43,50,134.00,"6,700.00"
2019-12-26,2019122601004525,GFCL,59,43,150,134.00,"20,100.00"
2019-12-26,2019122601004524,GFCL,59,43,300,134.00,"40,200.00"
2019-12-26,2019122601004523,GFCL,42,43,100,135.00,"13,500.00"
2019-12-26,2019122601004522,GFCL,17,43,106,135.00,"14,310.00"
2019-12-26,2019122601004521,GFCL,22,43,207,135.00,"27,945.00"
2019-12-26,2019122601004520,GFCL,11,43,50,136.00,"6,800.00"
2019-12-26,2019122601004575,GILB,44,7,50,815.00,"40,750.00"
2019-12-26,2019122601004821,GLBSL,58,26,40,455.00,"18,200.00"
2019-12-26,2019122601004567,GLBSL,58,34,904,455.00,"411,320.00"
2019-12-26,2019122601004566,GLBSL,48,34,50,456.00,"22,800.00"
2019-12-26,2019122601004565,GLBSL,48,34,50,456.00,"22,800.00"
2019-12-26,2019122601004960,GLICL,29,21,10,449.00,"4,490.00"
2019-12-26,2019122601004946,GLICL,7,38,200,450.00,"90,000.00"
2019-12-26,2019122601004545,GLICL,29,38,163,449.00,"73,187.00"
2019-12-26,2019122601004532,GLICL,50,38,"1,000",450.00,"450,000.00"
2019-12-26,2019122601004531,GLICL,57,38,200,450.00,"90,000.00"
2019-12-26,2019122601004530,GLICL,16,38,100,450.00,"45,000.00"
2019-12-26,2019122601004515,GLICL,37,39,712,451.00,"321,112.00"
2019-12-26,2019122601004579,GRDBL,53,57,10,103.00,"1,030.00"
2019-12-26,2019122601004855,GUFL,58,49,29,111.00,"3,219.00"
2019-12-26,2019122601004896,HBL,28,49,213,508.00,"108,204.00"
2019-12-26,2019122601004820,HBL,28,38,265,508.00,"134,620.00"
2019-12-26,2019122601004819,HBL,22,38,20,508.00,"10,160.00"
2019-12-26,2019122601004818,HBL,11,38,100,508.00,"50,800.00"
2019-12-26,2019122601004989,HDL,7,53,10,"1,200.00","12,000.00"
2019-12-26,2019122601004988,HDL,58,53,100,"1,200.00","120,000.00"
2019-12-26,2019122601004987,HDL,5,53,10,"1,200.00","12,000.00"
2019-12-26,2019122601004986,HDL,45,53,20,"1,200.00","24,000.00"
2019-12-26,2019122601004985,HDL,19,53,20,"1,200.00","24,000.00"
2019-12-26,2019122601004984,HDL,45,53,200,"1,201.00","240,200.00"
2019-12-26,2019122601004723,HDL,34,53,10,"1,215.00","12,150.00"
2019-12-26,2019122601004722,HDL,1,53,100,"1,215.00","121,500.00"
2019-12-26,2019122601004721,HDL,1,53,50,"1,216.00","60,800.00"
2019-12-26,2019122601004720,HDL,42,53,10,"1,217.00","12,170.00"
2019-12-26,2019122601004689,HDL,53,38,20,"1,217.00","24,340.00"
2019-12-26,2019122601004688,HDL,19,38,15,"1,217.00","18,255.00"
2019-12-26,2019122601004744,HDL,37,53,100,"1,212.00","121,200.00"
2019-12-26,2019122601004743,HDL,41,53,30,"1,213.00","36,390.00"
2019-12-26,2019122601004727,HDL,19,53,10,"1,215.00","12,150.00"
2019-12-26,2019122601004726,HDL,42,53,50,"1,215.00","60,750.00"
2019-12-26,2019122601004725,HDL,17,53,350,"1,215.00","425,250.00"
2019-12-26,2019122601004724,HDL,35,53,20,"1,215.00","24,300.00"
2019-12-26,2019122601004770,HDL,50,53,50,"1,206.00","60,300.00"
2019-12-26,2019122601004769,HDL,34,53,10,"1,206.00","12,060.00"
2019-12-26,2019122601004748,HDL,3,53,100,"1,207.00","120,700.00"
2019-12-26,2019122601004747,HDL,26,53,50,"1,211.00","60,550.00"
2019-12-26,2019122601004746,HDL,37,53,200,"1,212.00","242,400.00"
2019-12-26,2019122601004745,HDL,5,53,10,"1,212.00","12,120.00"
2019-12-26,2019122601004776,HDL,19,53,200,"1,203.00","240,600.00"
2019-12-26,2019122601004775,HDL,19,53,300,"1,205.00","361,500.00"
2019-12-26,2019122601004774,HDL,14,53,300,"1,205.00","361,500.00"
2019-12-26,2019122601004773,HDL,40,53,100,"1,205.00","120,500.00"
2019-12-26,2019122601004772,HDL,16,53,100,"1,205.00","120,500.00"
2019-12-26,2019122601004771,HDL,14,53,150,"1,205.00","180,750.00"
2019-12-26,2019122601004782,HDL,34,53,10,"1,201.00","12,010.00"
2019-12-26,2019122601004781,HDL,49,53,70,"1,201.00","84,070.00"
2019-12-26,2019122601004780,HDL,32,53,50,"1,201.00","60,050.00"
2019-12-26,2019122601004779,HDL,35,53,30,"1,201.00","36,030.00"
2019-12-26,2019122601004778,HDL,58,53,200,"1,201.00","240,200.00"
2019-12-26,2019122601004777,HDL,25,53,50,"1,201.00","60,050.00"
2019-12-26,2019122601004788,HDL,35,53,50,"1,200.00","60,000.00"
2019-12-26,2019122601004787,HDL,48,53,300,"1,200.00","360,000.00"
2019-12-26,2019122601004786,HDL,35,53,20,"1,200.00","24,000.00"
2019-12-26,2019122601004785,HDL,37,53,100,"1,200.00","120,000.00"
2019-12-26,2019122601004784,HDL,34,53,200,"1,200.00","240,000.00"
2019-12-26,2019122601004783,HDL,48,53,100,"1,201.00","120,100.00"
2019-12-26,2019122601004794,HDL,20,53,100,"1,200.00","120,000.00"
2019-12-26,2019122601004793,HDL,37,53,100,"1,200.00","120,000.00"
2019-12-26,2019122601004792,HDL,45,53,100,"1,200.00","120,000.00"
2019-12-26,2019122601004791,HDL,37,53,100,"1,200.00","120,000.00"
2019-12-26,2019122601004790,HDL,19,53,13,"1,200.00","15,600.00"
2019-12-26,2019122601004789,HDL,17,53,50,"1,200.00","60,000.00"
2019-12-26,2019122601004971,HDL,52,53,100,"1,207.00","120,700.00"
2019-12-26,2019122601004799,HDL,5,53,10,"1,200.00","12,000.00"
2019-12-26,2019122601004798,HDL,17,53,100,"1,200.00","120,000.00"
2019-12-26,2019122601004797,HDL,25,53,50,"1,200.00","60,000.00"
2019-12-26,2019122601004796,HDL,21,53,60,"1,200.00","72,000.00"
2019-12-26,2019122601004795,HDL,21,53,60,"1,200.00","72,000.00"
2019-12-26,2019122601004977,HDL,6,53,100,"1,202.00","120,200.00"
2019-12-26,2019122601004976,HDL,35,53,10,"1,202.00","12,020.00"
2019-12-26,2019122601004975,HDL,40,53,100,"1,203.00","120,300.00"
2019-12-26,2019122601004974,HDL,1,53,10,"1,203.00","12,030.00"
2019-12-26,2019122601004973,HDL,25,53,25,"1,206.00","30,150.00"
2019-12-26,2019122601004972,HDL,45,53,20,"1,207.00","24,140.00"
2019-12-26,2019122601004983,HDL,40,53,50,"1,201.00","60,050.00"
2019-12-26,2019122601004982,HDL,45,53,100,"1,201.00","120,100.00"
2019-12-26,2019122601004981,HDL,16,53,15,"1,201.00","18,015.00"
2019-12-26,2019122601004980,HDL,19,53,50,"1,201.00","60,050.00"
2019-12-26,2019122601004979,HDL,55,53,50,"1,201.00","60,050.00"
2019-12-26,2019122601004978,HDL,19,53,10,"1,202.00","12,020.00"
2019-12-26,2019122601004765,HIDCL,50,45,200,146.00,"29,200.00"
2019-12-26,2019122601004764,HIDCL,50,19,300,146.00,"43,800.00"
2019-12-26,2019122601004660,ICFC,58,51,20,163.00,"3,260.00"
2019-12-26,2019122601004801,ILBS,41,57,100,518.00,"51,800.00"
2019-12-26,2019122601004800,ILBS,46,57,100,518.00,"51,800.00"
2019-12-26,2019122601004905,JBBL,44,56,500,169.00,"84,500.00"
2019-12-26,2019122601004752,JBBL,44,32,318,169.00,"53,742.00"
2019-12-26,2019122601004707,JBBL,44,32,153,169.00,"25,857.00"
2019-12-26,2019122601004568,JBBL,44,37,85,169.00,"14,365.00"
2019-12-26,2019122601004891,JBBLPO,58,14,"20,000",113.00,"2,260,000.00"
2019-12-26,2019122601004506,JFL,47,56,10,197.00,"1,970.00"
2019-12-26,2019122601004505,JFL,47,56,100,197.00,"19,700.00"
2019-12-26,2019122601004560,JOSHI,57,55,20,61.00,"1,220.00"
2019-12-26,2019122601004990,KADBL,42,34,500,229.00,"114,500.00"
2019-12-26,2019122601004513,KPCL,55,55,10,86.00,860.00
2019-12-26,2019122601004670,KRBL,32,57,10,103.00,"1,030.00"
2019-12-26,2019122601004664,KRBL,32,17,10,102.00,"1,020.00"
2019-12-26,2019122601004663,KRBL,32,17,10,101.00,"1,010.00"
2019-12-26,2019122601004845,KSBBL,51,38,131,134.00,"17,554.00"
2019-12-26,2019122601004844,KSBBL,29,38,369,134.00,"49,446.00"
2019-12-26,2019122601004616,KSBBL,29,49,131,134.00,"17,554.00"
2019-12-26,2019122601004959,LBBL,40,4,34,193.00,"6,562.00"
2019-12-26,2019122601004958,LBBL,40,54,166,193.00,"32,038.00"
2019-12-26,2019122601004711,LBBL,14,43,150,192.00,"28,800.00"
2019-12-26,2019122601004636,LBBL,14,16,549,192.00,"105,408.00"
2019-12-26,2019122601004573,LBL,37,17,176,192.00,"33,792.00"
2019-12-26,2019122601004572,LBL,7,17,95,192.00,"18,240.00"
2019-12-26,2019122601004624,LICN,50,53,50,"1,027.00","51,350.00"
2019-12-26,2019122601004894,MBL,14,49,"1,000",217.00,"217,000.00"
2019-12-26,2019122601004540,MBL,50,49,300,217.00,"65,100.00"
2019-12-26,2019122601004924,MEGA,38,57,318,182.00,"57,876.00"
2019-12-26,2019122601004923,MEGA,59,57,200,182.00,"36,400.00"
2019-12-26,2019122601004922,MEGA,14,57,55,182.00,"10,010.00"
2019-12-26,2019122601004601,MEGA,14,16,45,182.00,"8,190.00"
2019-12-26,2019122601004662,MFIL,50,42,"1,000",142.00,"142,000.00"
2019-12-26,2019122601004661,MFIL,50,34,305,142.00,"43,310.00"
2019-12-26,2019122601004991,MHNL,49,19,90,84.00,"7,560.00"
2019-12-26,2019122601004917,MHNL,49,14,10,85.00,850.00
2019-12-26,2019122601004916,MHNL,49,39,30,85.00,"2,550.00"
2019-12-26,2019122601004847,MLBBL,48,51,102,547.00,"55,794.00"
2019-12-26,2019122601004676,MLBBL,48,43,21,547.00,"11,487.00"
2019-12-26,2019122601004630,MNBBL,44,44,180,278.00,"50,040.00"
2019-12-26,2019122601004629,MNBBL,44,17,180,278.00,"50,040.00"
2019-12-26,2019122601004628,MNBBL,44,45,258,278.00,"71,724.00"
2019-12-26,2019122601004627,MNBBL,44,29,100,278.00,"27,800.00"
2019-12-26,2019122601004626,MNBBL,44,14,200,278.00,"55,600.00"
2019-12-26,2019122601004625,MNBBL,44,14,40,278.00,"11,120.00"
2019-12-26,2019122601004859,NABIL,3,49,100,676.00,"67,600.00"
2019-12-26,2019122601004704,NABIL,58,58,100,675.00,"67,500.00"
2019-12-26,2019122601004703,NABIL,58,55,160,675.00,"108,000.00"
2019-12-26,2019122601004702,NABIL,58,37,100,675.00,"67,500.00"
2019-12-26,2019122601004701,NABIL,58,55,50,675.00,"33,750.00"
2019-12-26,2019122601004559,NABIL,38,19,20,674.00,"13,480.00"
2019-12-26,2019122601004558,NABIL,4,19,443,674.00,"298,582.00"
2019-12-26,2019122601004956,NADEP,29,42,20,460.00,"9,200.00"
2019-12-26,2019122601004516,NBB,52,17,106,188.00,"19,928.00"
2019-12-26,2019122601004953,NBL,57,56,100,317.00,"31,700.00"
2019-12-26,2019122601004864,NBL,8,56,500,317.00,"158,500.00"
2019-12-26,2019122601004862,NBL,43,56,231,317.00,"73,227.00"
2019-12-26,2019122601004861,NBL,43,40,"1,269",317.00,"402,273.00"
2019-12-26,2019122601004860,NBL,49,40,"1,000",317.00,"317,000.00"
2019-12-26,2019122601004858,NBL,39,40,50,317.00,"15,850.00"
2019-12-26,2019122601004503,NBL,28,33,"1,167",317.00,"369,939.00"
2019-12-26,2019122601004502,NBL,28,58,333,317.00,"105,561.00"
2019-12-26,2019122601004600,NBL,10,33,100,317.00,"31,700.00"
2019-12-26,2019122601004556,NBL,32,33,100,317.00,"31,700.00"
2019-12-26,2019122601004546,NBL,25,33,50,317.00,"15,850.00"
2019-12-26,2019122601004514,NBL,51,33,"1,000",317.00,"317,000.00"
2019-12-26,2019122601004507,NBL,28,33,"1,500",317.00,"475,500.00"
2019-12-26,2019122601004504,NBL,22,33,400,317.00,"126,800.00"
2019-12-26,2019122601004641,NBL,57,1,200,317.00,"63,400.00"
2019-12-26,2019122601004637,NBL,48,1,"1,000",317.00,"317,000.00"
2019-12-26,2019122601004617,NBL,19,1,"1,000",317.00,"317,000.00"
2019-12-26,2019122601004613,NBL,28,1,51,317.00,"16,167.00"
2019-12-26,2019122601004603,NBL,20,1,817,317.00,"258,989.00"
2019-12-26,2019122601004602,NBL,20,33,683,317.00,"216,511.00"
2019-12-26,2019122601004650,NBL,14,58,"2,591",317.00,"821,347.00"
2019-12-26,2019122601004649,NBL,14,43,"1,000",317.00,"317,000.00"
2019-12-26,2019122601004648,NBL,14,20,"1,000",317.00,"317,000.00"
2019-12-26,2019122601004647,NBL,14,58,390,317.00,"123,630.00"
2019-12-26,2019122601004646,NBL,14,46,500,317.00,"158,500.00"
2019-12-26,2019122601004645,NBL,14,1,932,317.00,"295,444.00"
2019-12-26,2019122601004739,NBL,44,56,300,317.00,"95,100.00"
2019-12-26,2019122601004715,NBL,57,56,100,317.00,"31,700.00"
2019-12-26,2019122601004673,NBL,52,56,500,317.00,"158,500.00"
2019-12-26,2019122601004672,NBL,38,56,351,317.00,"111,267.00"
2019-12-26,2019122601004671,NBL,14,56,200,317.00,"63,400.00"
2019-12-26,2019122601004651,NBL,14,55,400,317.00,"126,800.00"
2019-12-26,2019122601004850,NBL,14,40,100,317.00,"31,700.00"
2019-12-26,2019122601004843,NBL,8,40,500,317.00,"158,500.00"
2019-12-26,2019122601004816,NBL,5,40,81,317.00,"25,677.00"
2019-12-26,2019122601004815,NBL,5,56,419,317.00,"132,823.00"
2019-12-26,2019122601004807,NBL,44,56,200,317.00,"63,400.00"
2019-12-26,2019122601004755,NBL,17,56,30,317.00,"9,510.00"
2019-12-26,2019122601004882,NCCB,25,33,"2,000",204.00,"408,000.00"
2019-12-26,2019122601004881,NCCB,25,38,500,204.00,"102,000.00"
2019-12-26,2019122601004880,NCCB,25,6,28,204.00,"5,712.00"
2019-12-26,2019122601004633,NFS,37,32,160,126.00,"20,160.00"
2019-12-26,2019122601004828,NIB,58,48,108,435.00,"46,980.00"
2019-12-26,2019122601004827,NIB,43,48,161,435.00,"70,035.00"
2019-12-26,2019122601004826,NIB,43,37,100,435.00,"43,500.00"
2019-12-26,2019122601004509,NIB,43,34,23,434.00,"9,982.00"
2019-12-26,2019122601004508,NIB,21,34,57,434.00,"24,738.00"
2019-12-26,2019122601004968,NIBLPF,43,32,910,7.00,"6,370.00"
2019-12-26,2019122601004950,NICA,34,17,49,412.00,"20,188.00"
2019-12-26,2019122601004631,NICL,50,45,35,294.00,"10,290.00"
2019-12-26,2019122601004908,NIL,57,17,388,415.00,"161,020.00"
2019-12-26,2019122601004700,NIL,57,1,200,415.00,"83,000.00"
2019-12-26,2019122601004675,NIL,57,1,300,415.00,"124,500.00"
2019-12-26,2019122601004674,NIL,57,16,200,415.00,"83,000.00"
2019-12-26,2019122601004706,NLBBL,33,28,23,556.00,"12,788.00"
2019-12-26,2019122601004679,NLBBL,33,28,189,556.00,"105,084.00"
2019-12-26,2019122601004678,NLBBL,33,28,20,556.00,"11,120.00"
2019-12-26,2019122601004677,NLBBL,6,28,300,558.00,"167,400.00"
2019-12-26,2019122601004615,NLBBL,6,43,250,558.00,"139,500.00"
2019-12-26,2019122601004614,NLBBL,45,43,50,560.00,"28,000.00"
2019-12-26,2019122601004911,NLG,44,45,40,600.00,"24,000.00"
2019-12-26,2019122601004825,NLG,44,45,200,600.00,"120,000.00"
2019-12-26,2019122601004824,NLG,44,58,480,598.00,"287,040.00"
2019-12-26,2019122601004699,NLG,40,38,47,592.00,"27,824.00"
2019-12-26,2019122601004698,NLG,28,38,200,592.00,"118,400.00"
2019-12-26,2019122601004697,NLG,34,38,10,592.00,"5,920.00"
2019-12-26,2019122601004696,NLG,38,38,250,593.00,"148,250.00"
2019-12-26,2019122601004951,NLIC,25,4,148,921.00,"136,308.00"
2019-12-26,2019122601004943,NLIC,49,45,21,920.00,"19,320.00"
2019-12-26,2019122601004919,NLIC,49,41,22,920.00,"20,240.00"
2019-12-26,2019122601004909,NLIC,49,54,44,920.00,"40,480.00"
2019-12-26,2019122601004907,NLIC,49,54,53,920.00,"48,760.00"
2019-12-26,2019122601004906,NLIC,49,54,47,920.00,"43,240.00"
2019-12-26,2019122601004562,NLIC,53,43,50,918.00,"45,900.00"
2019-12-26,2019122601004714,NLIC,42,41,217,920.00,"199,640.00"
2019-12-26,2019122601004713,NLIC,42,57,83,920.00,"76,360.00"
2019-12-26,2019122601004669,NLIC,42,17,50,919.00,"45,950.00"
2019-12-26,2019122601004584,NLIC,25,57,14,920.00,"12,880.00"
2019-12-26,2019122601004583,NLIC,25,11,50,919.00,"45,950.00"
2019-12-26,2019122601004578,NLIC,53,39,22,918.00,"20,196.00"
2019-12-26,2019122601004841,NLIC,58,41,88,920.00,"80,960.00"
2019-12-26,2019122601004840,NLIC,58,38,112,919.00,"102,928.00"
2019-12-26,2019122601004805,NLIC,41,41,50,920.00,"46,000.00"
2019-12-26,2019122601004804,NLIC,54,38,200,919.00,"183,800.00"
2019-12-26,2019122601004803,NLIC,42,38,150,919.00,"137,850.00"
2019-12-26,2019122601004730,NLIC,25,41,77,920.00,"70,840.00"
2019-12-26,2019122601004878,NLIC,58,45,14,920.00,"12,880.00"
2019-12-26,2019122601004877,NLIC,58,45,86,920.00,"79,120.00"
2019-12-26,2019122601004854,NLIC,25,45,30,920.00,"27,600.00"
2019-12-26,2019122601004853,NLIC,25,45,24,920.00,"22,080.00"
2019-12-26,2019122601004852,NLIC,25,42,30,920.00,"27,600.00"
2019-12-26,2019122601004851,NLIC,25,41,78,920.00,"71,760.00"
2019-12-26,2019122601004889,NLIC,49,35,22,920.00,"20,240.00"
2019-12-26,2019122601004888,NLIC,49,56,81,920.00,"74,520.00"
2019-12-26,2019122601004887,NLIC,49,17,53,920.00,"48,760.00"
2019-12-26,2019122601004886,NLIC,49,56,19,920.00,"17,480.00"
2019-12-26,2019122601004885,NLIC,49,42,25,920.00,"23,000.00"
2019-12-26,2019122601004884,NLIC,49,45,56,920.00,"51,520.00"
2019-12-26,2019122601004751,NLICL,44,44,"1,755",475.00,"833,625.00"
2019-12-26,2019122601004710,NMB,46,14,14,325.00,"4,550.00"
2019-12-26,2019122601004680,NMB,4,52,445,324.00,"144,180.00"
2019-12-26,2019122601004596,NMB,45,14,100,325.00,"32,500.00"
2019-12-26,2019122601004555,NMB,4,48,200,324.00,"64,800.00"
2019-12-26,2019122601004541,NMB,45,14,50,325.00,"16,250.00"
2019-12-26,2019122601004535,NMB,4,43,"1,000",324.00,"324,000.00"
2019-12-26,2019122601004712,NSEWA,52,11,100,540.00,"54,000.00"
2019-12-26,2019122601004802,NTC,46,45,10,656.00,"6,560.00"
2019-12-26,2019122601004592,NTC,47,45,30,654.00,"19,620.00"
2019-12-26,2019122601004591,NTC,55,45,500,654.00,"327,000.00"
2019-12-26,2019122601004590,NTC,39,45,300,655.00,"196,500.00"
2019-12-26,2019122601004589,NTC,45,45,50,655.00,"32,750.00"
2019-12-26,2019122601004588,NTC,41,45,30,655.00,"19,650.00"
2019-12-26,2019122601004587,NTC,25,45,100,655.00,"65,500.00"
2019-12-26,2019122601004586,NTC,45,45,10,656.00,"6,560.00"
2019-12-26,2019122601004814,NUBL,34,4,70,773.00,"54,110.00"
2019-12-26,2019122601004813,NUBL,57,4,100,774.00,"77,400.00"
2019-12-26,2019122601004812,NUBL,38,4,500,774.00,"387,000.00"
2019-12-26,2019122601004811,NUBL,39,4,100,775.00,"77,500.00"
2019-12-26,2019122601004810,NUBL,57,4,100,775.00,"77,500.00"
2019-12-26,2019122601004809,NUBL,57,4,100,775.00,"77,500.00"
2019-12-26,2019122601004808,NUBL,45,4,30,776.00,"23,280.00"
2019-12-26,2019122601004685,PCBL,26,40,48,279.00,"13,392.00"
2019-12-26,2019122601004684,PCBL,35,40,152,279.00,"42,408.00"
2019-12-26,2019122601004501,PCBL,35,6,10,279.00,"2,790.00"
2019-12-26,2019122601004750,PICL,26,52,120,423.00,"50,760.00"
2019-12-26,2019122601004749,PICL,25,52,225,424.00,"95,400.00"
2019-12-26,2019122601004577,PICL,25,10,275,424.00,"116,600.00"
2019-12-26,2019122601004842,PLIC,44,25,"1,000",355.00,"355,000.00"
2019-12-26,2019122601004761,PLIC,44,37,500,355.00,"177,500.00"
2019-12-26,2019122601004731,PLIC,44,49,250,355.00,"88,750.00"
2019-12-26,2019122601004619,PLIC,44,43,201,355.00,"71,355.00"
2019-12-26,2019122601004618,PLIC,14,43,24,355.00,"8,520.00"
2019-12-26,2019122601004557,PLIC,14,28,50,355.00,"17,750.00"
2019-12-26,2019122601004937,PMHPL,56,34,10,85.00,850.00
2019-12-26,2019122601004936,PMHPL,56,41,10,85.00,850.00
2019-12-26,2019122601004935,PMHPL,56,22,10,85.00,850.00
2019-12-26,2019122601004934,PMHPL,56,1,10,85.00,850.00
2019-12-26,2019122601004933,PMHPL,56,29,10,85.00,850.00
2019-12-26,2019122601004932,PMHPL,56,26,10,85.00,850.00
2019-12-26,2019122601004925,PMHPL,56,57,10,85.00,850.00
2019-12-26,2019122601004931,PMHPL,56,26,10,85.00,850.00
2019-12-26,2019122601004930,PMHPL,56,16,10,85.00,850.00
2019-12-26,2019122601004929,PMHPL,56,26,10,85.00,850.00
2019-12-26,2019122601004928,PMHPL,56,52,10,85.00,850.00
2019-12-26,2019122601004927,PMHPL,56,57,10,85.00,850.00
2019-12-26,2019122601004926,PMHPL,56,26,10,85.00,850.00
2019-12-26,2019122601004944,PPCL,39,19,200,110.00,"22,000.00"
2019-12-26,2019122601004640,PPCL,13,55,30,109.00,"3,270.00"
2019-12-26,2019122601004599,PRIN,34,38,200,334.00,"66,800.00"
2019-12-26,2019122601004729,PRVU,46,45,485,225.00,"109,125.00"
2019-12-26,2019122601004728,PRVU,32,45,15,225.00,"3,375.00"
2019-12-26,2019122601004643,PRVU,32,49,207,225.00,"46,575.00"
2019-12-26,2019122601004876,RADHI,13,39,23,139.00,"3,197.00"
2019-12-26,2019122601004866,RBCL,42,33,15,"8,544.00","128,160.00"
2019-12-26,2019122601004865,RBCL,28,33,10,"8,545.00","85,450.00"
2019-12-26,2019122601004969,RHPL,19,28,40,171.00,"6,840.00"
2019-12-26,2019122601004948,RHPL,19,57,330,171.00,"56,430.00"
2019-12-26,2019122601004947,RHPL,38,57,320,171.00,"54,720.00"
2019-12-26,2019122601004863,RHPL,38,39,50,171.00,"8,550.00"
2019-12-26,2019122601004741,RHPL,38,48,10,171.00,"1,710.00"
2019-12-26,2019122601004740,RHPL,38,28,40,171.00,"6,840.00"
2019-12-26,2019122601004705,RHPL,38,28,40,171.00,"6,840.00"
2019-12-26,2019122601004595,RHPL,38,39,40,171.00,"6,840.00"
2019-12-26,2019122601004574,RHPL,54,44,"1,000",172.00,"172,000.00"
2019-12-26,2019122601004806,RMDC,36,46,752,605.00,"454,960.00"
2019-12-26,2019122601004642,RMDC,18,39,155,604.00,"93,620.00"
2019-12-26,2019122601004585,RMDC,56,46,24,605.00,"14,520.00"
2019-12-26,2019122601004517,RMDC,45,46,50,605.00,"30,250.00"
2019-12-26,2019122601004510,RMDC,56,46,56,605.00,"33,880.00"
2019-12-26,2019122601004966,RSDC,36,39,32,316.00,"10,112.00"
2019-12-26,2019122601004965,RSDC,52,39,30,316.00,"9,480.00"
2019-12-26,2019122601004964,RSDC,26,39,100,316.00,"31,600.00"
2019-12-26,2019122601004963,RSDC,17,39,100,316.00,"31,600.00"
2019-12-26,2019122601004962,RSDC,52,39,40,316.00,"12,640.00"
2019-12-26,2019122601004961,RSDC,57,39,148,317.00,"46,916.00"
2019-12-26,2019122601004918,SABSL,22,7,113,536.00,"60,568.00"
2019-12-26,2019122601004900,SADBL,4,48,100,142.00,"14,200.00"
2019-12-26,2019122601004899,SADBL,4,48,100,142.00,"14,200.00"
2019-12-26,2019122601004898,SADBL,4,48,300,142.00,"42,600.00"
2019-12-26,2019122601004581,SANIMA,4,51,300,315.00,"94,500.00"
2019-12-26,2019122601004756,SBI,16,8,"1,400",353.00,"494,200.00"
2019-12-26,2019122601004659,SBI,16,57,100,353.00,"35,300.00"
2019-12-26,2019122601004569,SBI,35,35,3,350.00,"1,050.00"
2019-12-26,2019122601004753,SBL,44,28,74,291.00,"21,534.00"
2019-12-26,2019122601004686,SBL,44,19,326,291.00,"94,866.00"
2019-12-26,2019122601004639,SBL,44,38,"1,000",291.00,"291,000.00"
2019-12-26,2019122601004638,SBL,44,54,100,291.00,"29,100.00"
2019-12-26,2019122601004915,SCB,34,39,368,532.00,"195,776.00"
2019-12-26,2019122601004914,SCB,5,39,10,532.00,"5,320.00"
2019-12-26,2019122601004913,SCB,1,39,122,533.00,"65,026.00"
2019-12-26,2019122601004823,SDESI,45,45,10,566.00,"5,660.00"
2019-12-26,2019122601004759,SDESI,57,45,100,566.00,"56,600.00"
2019-12-26,2019122601004758,SDESI,40,45,30,567.00,"17,010.00"
2019-12-26,2019122601004954,SHINE,40,1,200,233.00,"46,600.00"
2019-12-26,2019122601004970,SHIVM,14,1,200,448.00,"89,600.00"
2019-12-26,2019122601004879,SHIVM,10,22,10,449.00,"4,490.00"
2019-12-26,2019122601004763,SHIVM,38,51,150,445.00,"66,750.00"
2019-12-26,2019122601004762,SHIVM,33,51,150,445.00,"66,750.00"
2019-12-26,2019122601004635,SHIVM,19,40,50,447.00,"22,350.00"
2019-12-26,2019122601004571,SHIVM,55,37,"1,500",445.00,"667,500.00"
2019-12-26,2019122601004570,SHIVM,55,50,300,445.00,"133,500.00"
2019-12-26,2019122601004563,SHIVM,6,25,200,444.00,"88,800.00"
2019-12-26,2019122601004912,SHPC,41,10,300,169.00,"50,700.00"
2019-12-26,2019122601004903,SHPC,41,10,200,170.00,"34,000.00"
2019-12-26,2019122601004902,SHPC,39,10,100,170.00,"17,000.00"
2019-12-26,2019122601004901,SHPC,29,10,300,171.00,"51,300.00"
2019-12-26,2019122601004512,SHPC,21,21,476,173.00,"82,348.00"
2019-12-26,2019122601004511,SHPC,21,28,824,173.00,"142,552.00"
2019-12-26,2019122601004598,SIC,37,42,12,491.00,"5,892.00"
2019-12-26,2019122601004597,SIC,5,42,28,491.00,"13,748.00"
2019-12-26,2019122601004732,SICL,26,41,200,854.00,"170,800.00"
2019-12-26,2019122601004561,SICL,37,21,50,852.00,"42,600.00"
2019-12-26,2019122601004998,SIL,44,29,123,405.00,"49,815.00"
2019-12-26,2019122601004997,SIL,39,29,100,405.00,"40,500.00"
2019-12-26,2019122601004996,SIL,39,29,100,406.00,"40,600.00"
2019-12-26,2019122601004995,SIL,49,29,100,407.00,"40,700.00"
2019-12-26,2019122601004994,SIL,49,29,20,408.00,"8,160.00"
2019-12-26,2019122601004993,SIL,25,29,15,408.00,"6,120.00"
2019-12-26,2019122601004992,SIL,44,29,20,409.00,"8,180.00"
2019-12-26,2019122601004952,SIL,44,7,80,409.00,"32,720.00"
2019-12-26,2019122601004999,SJCL,45,28,10,156.00,"1,560.00"
2019-12-26,2019122601004910,SJCL,45,39,20,156.00,"3,120.00"
2019-12-26,2019122601004757,SJCL,45,48,10,156.00,"1,560.00"
2019-12-26,2019122601004754,SJCL,45,28,20,156.00,"3,120.00"
2019-12-26,2019122601004716,SJCL,45,28,20,156.00,"3,120.00"
2019-12-26,2019122601004967,SKBBL,41,51,138,995.00,"137,310.00"
2019-12-26,2019122601004938,SKBBL,41,51,62,995.00,"61,690.00"
2019-12-26,2019122601004920,SKBBL,44,6,17,998.00,"16,966.00"
2019-12-26,2019122601004719,SKBBL,22,51,17,995.00,"16,915.00"
2019-12-26,2019122601004718,SKBBL,22,51,21,996.00,"20,916.00"
2019-12-26,2019122601004897,SLBSL,22,7,200,594.00,"118,800.00"
2019-12-26,2019122601004957,SLICL,8,57,200,293.00,"58,600.00"
2019-12-26,2019122601004846,SLICL,46,49,108,294.00,"31,752.00"
2019-12-26,2019122601004760,SLICL,25,28,11,296.00,"3,256.00"
2019-12-26,2019122601004709,SLICL,46,25,888,294.00,"261,072.00"
2019-12-26,2019122601004708,SLICL,51,25,112,294.00,"32,928.00"
2019-12-26,2019122601004668,SLICL,51,38,88,294.00,"25,872.00"
2019-12-26,2019122601004667,SLICL,42,38,100,295.00,"29,500.00"
2019-12-26,2019122601004666,SLICL,50,38,312,295.00,"92,040.00"
2019-12-26,2019122601004634,SLICL,50,37,200,295.00,"59,000.00"
2019-12-26,2019122601004632,SLICL,50,49,68,295.00,"20,060.00"
2019-12-26,2019122601004604,SLICL,50,37,200,295.00,"59,000.00"
2019-12-26,2019122601004582,SMB,54,39,10,600.00,"6,000.00"
2019-12-26,2019122601004921,TMDBL,52,57,600,155.00,"93,000.00"
2019-12-26,2019122601004539,TRH,17,28,465,264.00,"122,760.00"
2019-12-26,2019122601004538,TRH,38,28,40,265.00,"10,600.00"
2019-12-26,2019122601004537,TRH,21,28,200,266.00,"53,200.00"
2019-12-26,2019122601004895,UMHL,48,39,20,109.00,"2,180.00"
2019-12-26,2019122601004904,VLBS,34,32,143,725.00,"103,675.00"
2019-12-26,2019122601004868,VLBS,34,39,32,725.00,"23,200.00"
2019-12-26,2019122601004867,VLBS,34,45,13,723.00,"9,399.00"
2019-12-26,2019122601004687,VLBS,52,45,13,724.00,"9,412.00"
2019-12-26,2019122601004457,ADBL,29,17,200,416.00,"83,200.00"
2019-12-26,2019122601004450,ADBL,49,41,430,415.00,"178,450.00"
2019-12-26,2019122601004426,ADBL,16,39,100,416.00,"41,600.00"
2019-12-26,2019122601004425,ADBL,16,45,300,416.00,"124,800.00"
2019-12-26,2019122601004411,ADBL,49,16,164,415.00,"68,060.00"
2019-12-26,2019122601004410,ADBL,33,16,221,415.00,"91,715.00"
2019-12-26,2019122601004020,ADBL,33,45,93,416.00,"38,688.00"
2019-12-26,2019122601004029,ADBL,41,42,100,415.00,"41,500.00"
2019-12-26,2019122601004028,ADBL,35,42,171,415.00,"70,965.00"
2019-12-26,2019122601004027,ADBL,35,42,200,415.00,"83,000.00"
2019-12-26,2019122601004026,ADBL,49,42,"1,000",415.00,"415,000.00"
2019-12-26,2019122601004025,ADBL,49,42,405,415.00,"168,075.00"
2019-12-26,2019122601004023,ADBL,33,51,143,416.00,"59,488.00"
2019-12-26,2019122601004242,ADBL,35,42,500,415.00,"207,500.00"
2019-12-26,2019122601004241,ADBL,35,38,500,415.00,"207,500.00"
2019-12-26,2019122601004226,ADBL,35,38,754,415.00,"312,910.00"
2019-12-26,2019122601004067,ADBL,19,51,200,416.00,"83,200.00"
2019-12-26,2019122601004031,ADBL,35,42,74,415.00,"30,710.00"
2019-12-26,2019122601004030,ADBL,19,42,50,415.00,"20,750.00"
2019-12-26,2019122601004291,ADBL,35,53,100,415.00,"41,500.00"
2019-12-26,2019122601004290,ADBL,44,53,100,415.00,"41,500.00"
2019-12-26,2019122601004289,ADBL,41,53,130,415.00,"53,950.00"
2019-12-26,2019122601004288,ADBL,6,53,500,415.00,"207,500.00"
2019-12-26,2019122601004287,ADBL,35,53,161,415.00,"66,815.00"
2019-12-26,2019122601004253,ADBL,35,32,11,415.00,"4,565.00"
2019-12-26,2019122601004338,ADBL,36,51,435,416.00,"180,960.00"
2019-12-26,2019122601004317,ADBL,51,38,70,415.00,"29,050.00"
2019-12-26,2019122601004316,ADBL,39,38,30,415.00,"12,450.00"
2019-12-26,2019122601004315,ADBL,53,38,100,415.00,"41,500.00"
2019-12-26,2019122601004314,ADBL,38,38,700,415.00,"290,500.00"
2019-12-26,2019122601004313,ADBL,44,38,100,415.00,"41,500.00"
2019-12-26,2019122601004393,ADBL,33,53,279,415.00,"115,785.00"
2019-12-26,2019122601004392,ADBL,51,53,730,415.00,"302,950.00"
2019-12-26,2019122601004370,ADBL,51,42,100,415.00,"41,500.00"
2019-12-26,2019122601004365,ADBL,51,41,100,415.00,"41,500.00"
2019-12-26,2019122601004340,ADBL,36,45,200,416.00,"83,200.00"
2019-12-26,2019122601004339,ADBL,36,35,100,416.00,"41,600.00"
2019-12-26,2019122601004324,AHPC,17,53,"1,000",92.00,"92,000.00"
2019-12-26,2019122601004247,AHPC,17,53,"1,000",92.00,"92,000.00"
2019-12-26,2019122601004357,AKJCL,42,55,20,55.00,"1,100.00"
2019-12-26,2019122601004498,AKPL,37,48,100,111.00,"11,100.00"
2019-12-26,2019122601004375,ALBSL,34,44,10,476.00,"4,760.00"
2019-12-26,2019122601004142,ALBSL,58,16,20,474.00,"9,480.00"
2019-12-26,2019122601004141,ALBSL,18,16,180,475.00,"85,500.00"
2019-12-26,2019122601004032,ALBSL,18,14,20,475.00,"9,500.00"
2019-12-26,2019122601004382,ALICL,14,48,20,360.00,"7,200.00"
2019-12-26,2019122601004381,ALICL,16,48,460,361.00,"166,060.00"
2019-12-26,2019122601004380,ALICL,38,48,20,363.00,"7,260.00"
2019-12-26,2019122601004186,ALICL,16,16,540,361.00,"194,940.00"
2019-12-26,2019122601004185,ALICL,26,16,200,361.00,"72,200.00"
2019-12-26,2019122601004184,ALICL,36,16,400,361.00,"144,400.00"
2019-12-26,2019122601004183,ALICL,25,16,100,362.00,"36,200.00"
2019-12-26,2019122601004182,ALICL,44,16,40,362.00,"14,480.00"
2019-12-26,2019122601004169,ALICL,44,46,500,362.00,"181,000.00"
2019-12-26,2019122601004158,ALICL,44,56,460,362.00,"166,520.00"
2019-12-26,2019122601004157,ALICL,36,56,540,363.00,"196,020.00"
2019-12-26,2019122601004225,BBC,58,48,200,"1,679.00","335,800.00"
2019-12-26,2019122601004224,BBC,26,48,50,"1,680.00","84,000.00"
2019-12-26,2019122601004223,BBC,19,48,10,"1,682.00","16,820.00"
2019-12-26,2019122601004101,BBC,58,48,200,"1,700.00","340,000.00"
2019-12-26,2019122601004353,BOKL,48,28,55,215.00,"11,825.00"
2019-12-26,2019122601004352,BOKL,46,28,152,215.00,"32,680.00"
2019-12-26,2019122601004351,BOKL,37,28,43,216.00,"9,288.00"
2019-12-26,2019122601004293,BOKL,37,47,57,216.00,"12,312.00"
2019-12-26,2019122601004292,BOKL,17,47,43,216.00,"9,288.00"
2019-12-26,2019122601004007,CBL,26,53,200,136.00,"27,200.00"
2019-12-26,2019122601004416,CCBL,21,26,100,165.00,"16,500.00"
2019-12-26,2019122601004388,CCBL,21,22,100,164.00,"16,400.00"
2019-12-26,2019122601004368,CCBL,44,44,5,160.00,800.00
2019-12-26,2019122601004117,CCBL,41,56,32,163.00,"5,216.00"
2019-12-26,2019122601004116,CCBL,4,56,20,163.00,"3,260.00"
2019-12-26,2019122601004168,CFCL,43,25,100,117.00,"11,700.00"
2019-12-26,2019122601004250,CHCL,56,53,"1,000",360.00,"360,000.00"
2019-12-26,2019122601004222,CHCL,50,53,90,360.00,"32,400.00"
2019-12-26,2019122601004041,CHL,28,57,10,95.00,950.00
2019-12-26,2019122601004260,CIT,1,58,20,"2,005.00","40,100.00"
2019-12-26,2019122601004259,CIT,57,58,20,"2,006.00","40,120.00"
2019-12-26,2019122601004258,CIT,34,58,10,"2,009.00","20,090.00"
2019-12-26,2019122601004217,CIT,22,45,10,"2,009.00","20,090.00"
2019-12-26,2019122601004147,CIT,22,55,40,"2,010.00","80,400.00"
2019-12-26,2019122601004130,CIT,57,55,50,"2,010.00","100,500.00"
2019-12-26,2019122601004042,CIT,53,45,20,"2,021.00","40,420.00"
2019-12-26,2019122601004083,CIT,22,5,30,"2,015.00","60,450.00"
2019-12-26,2019122601004082,CIT,38,5,34,"2,015.00","68,510.00"
2019-12-26,2019122601004081,CIT,56,5,10,"2,016.00","20,160.00"
2019-12-26,2019122601004080,CIT,10,5,30,"2,017.00","60,510.00"
2019-12-26,2019122601004044,CIT,45,45,50,"2,020.00","101,000.00"
2019-12-26,2019122601004043,CIT,8,45,21,"2,020.00","42,420.00"
2019-12-26,2019122601004123,CIT,28,55,20,"2,011.00","40,220.00"
2019-12-26,2019122601004097,CIT,28,42,80,"2,011.00","160,880.00"
2019-12-26,2019122601004096,CIT,50,42,20,"2,011.00","40,220.00"
2019-12-26,2019122601004095,CIT,14,42,30,"2,011.00","60,330.00"
2019-12-26,2019122601004094,CIT,34,42,20,"2,012.00","40,240.00"
2019-12-26,2019122601004084,CIT,45,5,10,"2,015.00","20,150.00"
2019-12-26,2019122601004129,CIT,57,55,20,"2,010.00","40,200.00"
2019-12-26,2019122601004128,CIT,34,55,20,"2,010.00","40,200.00"
2019-12-26,2019122601004127,CIT,38,55,100,"2,010.00","201,000.00"
2019-12-26,2019122601004126,CIT,38,55,10,"2,010.00","20,100.00"
2019-12-26,2019122601004125,CIT,8,55,10,"2,010.00","20,100.00"
2019-12-26,2019122601004124,CIT,21,55,30,"2,011.00","60,330.00"
2019-12-26,2019122601004249,DBBL,56,36,"2,108",136.00,"286,688.00"
2019-12-26,2019122601004060,DBBL,56,6,892,136.00,"121,312.00"
2019-12-26,2019122601004059,DBBL,52,6,65,136.00,"8,840.00"
2019-12-26,2019122601004058,DBBL,25,6,125,136.00,"17,000.00"
2019-12-26,2019122601004057,DBBL,49,6,318,136.00,"43,248.00"
2019-12-26,2019122601004052,DDBL,33,43,210,863.00,"181,230.00"
2019-12-26,2019122601004051,DDBL,22,43,60,863.00,"51,780.00"
2019-12-26,2019122601004050,DDBL,32,43,300,864.00,"259,200.00"
