Date,Transact. No.,Symbol,Buyer,Seller,Quantity,Rate,Amount
2019-10-17,2019101701003577,ADBL,39,58,"1,077",414.00,"445,878.00"
2019-10-17,2019101701003471,ADBL,39,58,263,414.00,"108,882.00"
2019-10-17,2019101701003470,ADBL,56,58,20,415.00,"8,300.00"
2019-10-17,2019101701003469,ADBL,4,58,"2,000",415.00,"830,000.00"
2019-10-17,2019101701003468,ADBL,4,58,"2,717",415.00,"1,127,555.00"
2019-10-17,2019101701003221,ADBL,38,29,10,416.00,"4,160.00"
2019-10-17,2019101701003513,AKBSL,48,38,10,416.00,"4,160.00"
2019-10-17,2019101701003512,AKBSL,48,47,10,415.00,"4,150.00"
2019-10-17,2019101701003511,AKBSL,48,33,10,414.00,"4,140.00"
2019-10-17,2019101701003510,AKBSL,48,5,10,414.00,"4,140.00"
2019-10-17,2019101701003509,AKBSL,48,5,10,414.00,"4,140.00"
2019-10-17,2019101701003569,AKJCL,56,19,10,56.00,560.00
2019-10-17,2019101701003435,AKPL,45,22,20,134.00,"2,680.00"
2019-10-17,2019101701003434,AKPL,45,19,473,134.00,"63,382.00"
2019-10-17,2019101701003433,AKPL,1,19,14,134.00,"1,876.00"
2019-10-17,2019101701003432,AKPL,11,19,13,135.00,"1,755.00"
2019-10-17,2019101701003275,ALBSL,42,25,90,383.00,"34,470.00"
2019-10-17,2019101701003274,ALBSL,14,25,20,384.00,"7,680.00"
2019-10-17,2019101701003273,ALBSL,45,25,10,385.00,"3,850.00"
2019-10-17,2019101701003476,API,26,21,20,113.00,"2,260.00"
2019-10-17,2019101701003459,API,26,25,50,112.00,"5,600.00"
2019-10-17,2019101701003346,API,25,38,"1,200",110.00,"132,000.00"
2019-10-17,2019101701003333,API,43,38,300,111.00,"33,300.00"
2019-10-17,2019101701003332,API,51,38,100,111.00,"11,100.00"
2019-10-17,2019101701003331,API,41,38,200,112.00,"22,400.00"
2019-10-17,2019101701003272,API,41,38,"2,000",112.00,"224,000.00"
2019-10-17,2019101701003155,API,42,21,50,113.00,"5,650.00"
2019-10-17,2019101701003093,API,50,45,10,114.00,"1,140.00"
2019-10-17,2019101701003339,API,42,38,"1,000",110.00,"110,000.00"
2019-10-17,2019101701003338,API,16,38,100,110.00,"11,000.00"
2019-10-17,2019101701003337,API,38,38,100,111.00,"11,100.00"
2019-10-17,2019101701003336,API,25,38,"1,000",111.00,"111,000.00"
2019-10-17,2019101701003335,API,29,38,"2,000",111.00,"222,000.00"
2019-10-17,2019101701003334,API,29,38,"2,000",111.00,"222,000.00"
2019-10-17,2019101701003345,API,41,38,"4,000",110.00,"440,000.00"
2019-10-17,2019101701003344,API,25,38,"2,000",110.00,"220,000.00"
2019-10-17,2019101701003343,API,34,38,"1,000",110.00,"110,000.00"
2019-10-17,2019101701003342,API,29,38,"2,000",110.00,"220,000.00"
2019-10-17,2019101701003341,API,43,38,500,110.00,"55,000.00"
2019-10-17,2019101701003340,API,43,38,500,110.00,"55,000.00"
2019-10-17,2019101701003449,BOKL,37,51,200,227.00,"45,400.00"
2019-10-17,2019101701003448,BOKL,22,51,100,227.00,"22,700.00"
2019-10-17,2019101701003240,BOKL,37,1,345,228.00,"78,660.00"
2019-10-17,2019101701003239,BOKL,37,22,155,228.00,"35,340.00"
2019-10-17,2019101701003163,BOKL,50,22,10,228.00,"2,280.00"
2019-10-17,2019101701003130,BOKL,25,51,100,227.00,"22,700.00"
2019-10-17,2019101701003101,BOKL,25,14,58,227.00,"13,166.00"
2019-10-17,2019101701003100,BOKL,55,14,100,227.00,"22,700.00"
2019-10-17,2019101701003293,BOKL,22,18,100,227.00,"22,700.00"
2019-10-17,2019101701003477,BPCL,33,7,193,364.00,"70,252.00"
2019-10-17,2019101701003498,CBBL,49,19,82,965.00,"79,130.00"
2019-10-17,2019101701003462,CBBL,49,58,139,965.00,"134,135.00"
2019-10-17,2019101701003437,CBBL,49,34,100,965.00,"96,500.00"
2019-10-17,2019101701003289,CBBL,37,39,100,965.00,"96,500.00"
2019-10-17,2019101701003493,CBL,52,52,"1,700",143.00,"243,100.00"
2019-10-17,2019101701003492,CBL,52,44,14,143.00,"2,002.00"
2019-10-17,2019101701003363,CBL,43,29,224,142.00,"31,808.00"
2019-10-17,2019101701003362,CBL,13,29,27,142.00,"3,834.00"
2019-10-17,2019101701003361,CBL,13,52,473,142.00,"67,166.00"
2019-10-17,2019101701003360,CBL,42,52,70,142.00,"9,940.00"
2019-10-17,2019101701003359,CBL,11,52,100,142.00,"14,200.00"
2019-10-17,2019101701003358,CBL,45,52,50,142.00,"7,100.00"
2019-10-17,2019101701003357,CBL,17,52,200,142.00,"28,400.00"
2019-10-17,2019101701003356,CBL,35,52,297,142.00,"42,174.00"
2019-10-17,2019101701003315,CCBL,6,29,361,154.00,"55,594.00"
2019-10-17,2019101701003216,CCBL,6,33,59,154.00,"9,086.00"
2019-10-17,2019101701003215,CCBL,35,33,24,154.00,"3,696.00"
2019-10-17,2019101701003087,CCBL,45,35,220,155.00,"34,100.00"
2019-10-17,2019101701003086,CCBL,45,16,107,155.00,"16,585.00"
2019-10-17,2019101701003085,CCBL,45,55,149,155.00,"23,095.00"
2019-10-17,2019101701003084,CCBL,45,40,20,155.00,"3,100.00"
2019-10-17,2019101701003390,CIT,39,28,59,"1,779.00","104,961.00"
2019-10-17,2019101701003389,CIT,41,28,40,"1,780.00","71,200.00"
2019-10-17,2019101701003388,CIT,47,28,100,"1,780.00","178,000.00"
2019-10-17,2019101701003387,CIT,50,28,20,"1,780.00","35,600.00"
2019-10-17,2019101701003386,CIT,11,28,10,"1,780.00","17,800.00"
2019-10-17,2019101701003249,CIT,56,57,50,"1,790.00","89,500.00"
2019-10-17,2019101701003248,CIT,42,57,30,"1,790.00","53,700.00"
2019-10-17,2019101701003247,CIT,34,57,13,"1,793.00","23,309.00"
2019-10-17,2019101701003508,CLBSL,7,22,10,475.00,"4,750.00"
2019-10-17,2019101701003507,CLBSL,7,44,11,472.00,"5,192.00"
2019-10-17,2019101701003506,CLBSL,7,44,11,470.00,"5,170.00"
2019-10-17,2019101701003505,CLBSL,7,41,10,467.00,"4,670.00"
2019-10-17,2019101701003296,DBBL,14,44,200,127.00,"25,400.00"
2019-10-17,2019101701003295,DBBL,42,44,80,127.00,"10,160.00"
2019-10-17,2019101701003514,DHPL,34,47,30,58.00,"1,740.00"
2019-10-17,2019101701003535,EBL,6,54,213,547.00,"116,511.00"
2019-10-17,2019101701003534,EBL,45,54,200,547.00,"109,400.00"
2019-10-17,2019101701003533,EBL,55,54,30,547.00,"16,410.00"
2019-10-17,2019101701003532,EBL,41,54,27,547.00,"14,769.00"
2019-10-17,2019101701003499,EBL,37,44,20,548.00,"10,960.00"
2019-10-17,2019101701003447,EBL,37,44,10,548.00,"5,480.00"
2019-10-17,2019101701003108,EBL,32,54,30,549.00,"16,470.00"
2019-10-17,2019101701003353,EBL,37,44,50,548.00,"27,400.00"
2019-10-17,2019101701003151,EBL,42,44,200,548.00,"109,600.00"
2019-10-17,2019101701003150,EBL,34,44,200,548.00,"109,600.00"
2019-10-17,2019101701003149,EBL,22,44,20,548.00,"10,960.00"
2019-10-17,2019101701003484,EIC,38,3,65,226.00,"14,690.00"
2019-10-17,2019101701003483,EIC,53,3,21,226.00,"4,746.00"
2019-10-17,2019101701003445,EIC,53,49,29,226.00,"6,554.00"
2019-10-17,2019101701003444,EIC,32,49,30,226.00,"6,780.00"
2019-10-17,2019101701003443,EIC,41,49,200,226.00,"45,200.00"
2019-10-17,2019101701003232,EIC,8,49,50,227.00,"11,350.00"
2019-10-17,2019101701003231,EIC,42,49,40,227.00,"9,080.00"
2019-10-17,2019101701003230,EIC,13,49,51,227.00,"11,577.00"
2019-10-17,2019101701003117,EIC,7,3,14,228.00,"3,192.00"
2019-10-17,2019101701003455,FMDBL,57,33,150,311.00,"46,650.00"
2019-10-17,2019101701003429,FMDBL,50,33,50,311.00,"15,550.00"
2019-10-17,2019101701003228,GBBL,45,57,10,216.00,"2,160.00"
2019-10-17,2019101701003236,GBLBS,45,33,10,312.00,"3,120.00"
2019-10-17,2019101701003268,GILB,34,18,22,703.00,"15,466.00"
2019-10-17,2019101701003322,GLBSL,58,50,30,434.00,"13,020.00"
2019-10-17,2019101701003452,GLICL,25,35,200,358.00,"71,600.00"
2019-10-17,2019101701003451,GLICL,25,37,20,358.00,"7,160.00"
2019-10-17,2019101701003450,GLICL,25,11,100,357.00,"35,700.00"
2019-10-17,2019101701003207,GLICL,25,11,10,357.00,"3,570.00"
2019-10-17,2019101701003568,GMFIL,49,34,10,115.00,"1,150.00"
2019-10-17,2019101701003406,HGI,42,35,50,266.00,"13,300.00"
2019-10-17,2019101701003190,HIDCL,45,41,337,140.00,"47,180.00"
2019-10-17,2019101701003189,HIDCL,45,52,463,140.00,"64,820.00"
2019-10-17,2019101701003188,HIDCL,45,34,200,139.00,"27,800.00"
2019-10-17,2019101701003299,HPPL,22,22,10,138.00,"1,380.00"
2019-10-17,2019101701003454,HURJA,41,35,580,105.00,"60,900.00"
2019-10-17,2019101701003204,HURJA,39,35,100,105.00,"10,500.00"
2019-10-17,2019101701003203,HURJA,45,35,20,105.00,"2,100.00"
2019-10-17,2019101701003292,ILBS,42,41,50,418.00,"20,900.00"
2019-10-17,2019101701003291,ILBS,35,41,30,419.00,"12,570.00"
2019-10-17,2019101701003290,ILBS,39,41,20,419.00,"8,380.00"
2019-10-17,2019101701003218,ILBS,39,14,10,419.00,"4,190.00"
2019-10-17,2019101701003182,ILBS,39,43,50,420.00,"21,000.00"
2019-10-17,2019101701003384,JFL,1,58,100,196.00,"19,600.00"
2019-10-17,2019101701003383,JFL,54,58,100,196.00,"19,600.00"
2019-10-17,2019101701003496,KBL,34,42,200,181.00,"36,200.00"
2019-10-17,2019101701003417,KBL,6,42,"1,000",181.00,"181,000.00"
2019-10-17,2019101701003252,KSBBL,33,29,30,141.00,"4,230.00"
2019-10-17,2019101701003180,LBBL,33,44,287,173.00,"49,651.00"
2019-10-17,2019101701003179,LBBL,10,44,713,173.00,"123,349.00"
2019-10-17,2019101701003091,LBBL,10,39,287,173.00,"49,651.00"
2019-10-17,2019101701003276,LBL,45,36,52,215.00,"11,180.00"
2019-10-17,2019101701003194,LGIL,53,45,10,317.00,"3,170.00"
2019-10-17,2019101701003552,LLBS,18,37,39,650.00,"25,350.00"
2019-10-17,2019101701003551,LLBS,29,37,100,651.00,"65,100.00"
2019-10-17,2019101701003517,LLBS,55,37,50,653.00,"32,650.00"
2019-10-17,2019101701003516,LLBS,39,37,100,653.00,"65,300.00"
2019-10-17,2019101701003262,LLBS,36,37,11,665.00,"7,315.00"
2019-10-17,2019101701003408,MBL,26,44,"1,000",224.00,"224,000.00"
2019-10-17,2019101701003407,MBL,26,26,234,224.00,"52,416.00"
2019-10-17,2019101701003294,MBL,14,20,100,223.00,"22,300.00"
2019-10-17,2019101701003265,MBL,57,5,50,223.00,"11,150.00"
2019-10-17,2019101701003201,MBL,22,26,100,224.00,"22,400.00"
2019-10-17,2019101701003195,MBL,57,47,99,223.00,"22,077.00"
2019-10-17,2019101701003088,MBL,19,26,10,224.00,"2,240.00"
2019-10-17,2019101701003571,MEGA,51,19,300,195.00,"58,500.00"
2019-10-17,2019101701003504,MEGA,51,32,25,195.00,"4,875.00"
2019-10-17,2019101701003503,MEGA,32,32,945,195.00,"184,275.00"
2019-10-17,2019101701003354,MEGA,32,42,55,195.00,"10,725.00"
2019-10-17,2019101701003157,MEGA,13,33,150,196.00,"29,400.00"
2019-10-17,2019101701003154,MEGA,28,33,110,196.00,"21,560.00"
2019-10-17,2019101701003097,MEGA,28,32,890,196.00,"174,440.00"
2019-10-17,2019101701003096,MEGA,32,32,110,196.00,"21,560.00"
2019-10-17,2019101701003310,MERO,34,49,27,550.00,"14,850.00"
2019-10-17,2019101701003563,MFIL,3,38,"2,369",127.00,"300,863.00"
2019-10-17,2019101701003562,MFIL,3,39,184,126.00,"23,184.00"
2019-10-17,2019101701003543,MFIL,39,39,200,126.00,"25,200.00"
2019-10-17,2019101701003380,MLBL,35,8,105,212.00,"22,260.00"
2019-10-17,2019101701003379,MLBL,52,8,500,212.00,"106,000.00"
2019-10-17,2019101701003378,MLBL,57,8,20,212.00,"4,240.00"
2019-10-17,2019101701003377,MLBL,4,8,300,212.00,"63,600.00"
2019-10-17,2019101701003376,MLBL,56,8,200,212.00,"42,400.00"
2019-10-17,2019101701003375,MLBL,47,8,100,212.00,"21,200.00"
2019-10-17,2019101701003170,MLBL,33,35,200,213.00,"42,600.00"
2019-10-17,2019101701003112,MLBL,34,52,100,215.00,"21,500.00"
2019-10-17,2019101701003111,MLBL,41,52,34,215.00,"7,310.00"
2019-10-17,2019101701003374,MLBL,35,8,384,213.00,"81,792.00"
2019-10-17,2019101701003330,MLBL,35,52,116,213.00,"24,708.00"
2019-10-17,2019101701003329,MLBL,17,52,350,213.00,"74,550.00"
2019-10-17,2019101701003172,MLBL,17,35,150,213.00,"31,950.00"
2019-10-17,2019101701003171,MLBL,47,35,150,213.00,"31,950.00"
2019-10-17,2019101701003415,MNBBL,41,38,110,310.00,"34,100.00"
2019-10-17,2019101701003414,MNBBL,38,38,90,310.00,"27,900.00"
2019-10-17,2019101701003261,MNBBL,17,38,100,312.00,"31,200.00"
2019-10-17,2019101701003486,MSLB,37,39,10,870.00,"8,700.00"
2019-10-17,2019101701003485,MSLB,32,39,10,870.00,"8,700.00"
2019-10-17,2019101701003482,MSLB,14,10,10,875.00,"8,750.00"
2019-10-17,2019101701003480,MSLB,6,6,3,853.00,"2,559.00"
2019-10-17,2019101701003368,MSLB,34,6,20,870.00,"17,400.00"
2019-10-17,2019101701003367,MSLB,29,6,40,870.00,"34,800.00"
2019-10-17,2019101701003366,MSLB,36,6,10,870.00,"8,700.00"
2019-10-17,2019101701003365,MSLB,32,6,10,871.00,"8,710.00"
2019-10-17,2019101701003364,MSLB,11,6,27,871.00,"23,517.00"
2019-10-17,2019101701003436,NABIL,34,58,50,760.00,"38,000.00"
2019-10-17,2019101701003416,NABIL,19,58,500,760.00,"380,000.00"
2019-10-17,2019101701003355,NABIL,19,58,100,760.00,"76,000.00"
2019-10-17,2019101701003348,NABIL,45,58,50,760.00,"38,000.00"
2019-10-17,2019101701003347,NABIL,5,58,123,760.00,"93,480.00"
2019-10-17,2019101701003279,NABIL,43,21,68,764.00,"51,952.00"
2019-10-17,2019101701003278,NABIL,43,35,50,764.00,"38,200.00"
2019-10-17,2019101701003277,NABIL,43,38,82,764.00,"62,648.00"
2019-10-17,2019101701003219,NABIL,17,38,50,764.00,"38,200.00"
2019-10-17,2019101701003418,NADEP,17,44,10,398.00,"3,980.00"
2019-10-17,2019101701003412,NBB,52,51,100,211.00,"21,100.00"
2019-10-17,2019101701003409,NBB,57,51,363,211.00,"76,593.00"
2019-10-17,2019101701003226,NBB,57,22,300,211.00,"63,300.00"
2019-10-17,2019101701003139,NBB,55,36,63,211.00,"13,293.00"
2019-10-17,2019101701003134,NBB,45,56,350,212.00,"74,200.00"
2019-10-17,2019101701003225,NBB,57,57,300,211.00,"63,300.00"
2019-10-17,2019101701003224,NBB,57,57,37,211.00,"7,807.00"
2019-10-17,2019101701003148,NBB,33,57,500,211.00,"105,500.00"
2019-10-17,2019101701003147,NBB,57,57,200,211.00,"42,200.00"
2019-10-17,2019101701003146,NBB,39,57,10,211.00,"2,110.00"
2019-10-17,2019101701003145,NBB,55,57,377,211.00,"79,547.00"
2019-10-17,2019101701003574,NBL,33,33,10,317.00,"3,170.00"
2019-10-17,2019101701003175,NBL,4,13,207,316.00,"65,412.00"
2019-10-17,2019101701003124,NBL,4,49,286,316.00,"90,376.00"
2019-10-17,2019101701003123,NBL,17,49,200,316.00,"63,200.00"
2019-10-17,2019101701003122,NBL,47,49,14,316.00,"4,424.00"
2019-10-17,2019101701003121,NBL,47,26,200,316.00,"63,200.00"
2019-10-17,2019101701003561,NCCB,47,42,600,196.00,"117,600.00"
2019-10-17,2019101701003473,NCCB,17,42,100,197.00,"19,700.00"
2019-10-17,2019101701003438,NCCB,46,42,79,197.00,"15,563.00"
2019-10-17,2019101701003398,NCCB,46,52,421,197.00,"82,937.00"
2019-10-17,2019101701003397,NCCB,32,52,"1,000",197.00,"197,000.00"
2019-10-17,2019101701003396,NCCB,34,52,30,197.00,"5,910.00"
2019-10-17,2019101701003395,NCCB,34,52,49,197.00,"9,653.00"
2019-10-17,2019101701003253,NCCB,45,35,200,198.00,"39,600.00"
2019-10-17,2019101701003251,NGPL,39,10,80,102.00,"8,160.00"
2019-10-17,2019101701003311,NHDL,56,22,10,96.00,960.00
2019-10-17,2019101701003181,NIB,22,22,85,443.00,"37,655.00"
2019-10-17,2019101701003539,NIBPO,49,52,10,409.00,"4,090.00"
2019-10-17,2019101701003461,NIBPO,14,52,"1,000",405.00,"405,000.00"
2019-10-17,2019101701003153,NIBPO,14,52,"1,000",405.00,"405,000.00"
2019-10-17,2019101701003152,NIBPO,11,52,670,405.00,"271,350.00"
2019-10-17,2019101701003555,NICA,56,34,865,386.00,"333,890.00"
2019-10-17,2019101701003554,NICA,56,43,105,386.00,"40,530.00"
2019-10-17,2019101701003553,NICA,56,49,30,386.00,"11,580.00"
2019-10-17,2019101701003441,NICA,44,14,151,385.00,"58,135.00"
2019-10-17,2019101701003440,NICA,44,39,100,385.00,"38,500.00"
2019-10-17,2019101701003128,NICA,39,26,200,384.00,"76,800.00"
2019-10-17,2019101701003213,NICL,13,56,60,267.00,"16,020.00"
2019-10-17,2019101701003540,NIL,37,43,40,360.00,"14,400.00"
2019-10-17,2019101701003479,NIL,56,41,200,362.00,"72,400.00"
2019-10-17,2019101701003478,NIL,34,41,20,362.00,"7,240.00"
2019-10-17,2019101701003467,NIL,40,41,17,363.00,"6,171.00"
2019-10-17,2019101701003466,NIL,43,41,10,363.00,"3,630.00"
2019-10-17,2019101701003465,NIL,51,41,16,365.00,"5,840.00"
2019-10-17,2019101701003464,NIL,35,41,100,365.00,"36,500.00"
2019-10-17,2019101701003458,NIL,39,21,10,370.00,"3,700.00"
2019-10-17,2019101701003373,NLG,34,6,10,591.00,"5,910.00"
2019-10-17,2019101701003371,NLG,34,59,200,583.00,"116,600.00"
2019-10-17,2019101701003370,NLG,34,47,26,582.00,"15,132.00"
2019-10-17,2019101701003369,NLG,34,37,75,581.00,"43,575.00"
2019-10-17,2019101701003350,NLG,34,37,25,581.00,"14,525.00"
2019-10-17,2019101701003258,NLG,34,41,52,555.00,"28,860.00"
2019-10-17,2019101701003257,NLG,34,41,10,555.00,"5,550.00"
2019-10-17,2019101701003314,NLG,34,48,130,580.00,"75,400.00"
2019-10-17,2019101701003313,NLG,34,19,45,575.00,"25,875.00"
2019-10-17,2019101701003271,NLG,34,16,100,570.00,"57,000.00"
2019-10-17,2019101701003270,NLG,34,43,60,569.00,"34,140.00"
2019-10-17,2019101701003269,NLG,34,38,102,567.00,"57,834.00"
2019-10-17,2019101701003259,NLG,34,25,10,562.00,"5,620.00"
2019-10-17,2019101701003491,NLIC,35,28,50,776.00,"38,800.00"
2019-10-17,2019101701003490,NLIC,35,21,10,775.00,"7,750.00"
2019-10-17,2019101701003489,NLIC,35,43,15,775.00,"11,625.00"
2019-10-17,2019101701003488,NLIC,35,20,25,773.00,"19,325.00"
2019-10-17,2019101701003487,NLIC,35,16,27,773.00,"20,871.00"
2019-10-17,2019101701003413,NLIC,41,35,52,772.00,"40,144.00"
2019-10-17,2019101701003405,NLIC,55,16,20,773.00,"15,460.00"
2019-10-17,2019101701003385,NLIC,41,6,20,772.00,"15,440.00"
2019-10-17,2019101701003227,NLIC,35,35,22,772.00,"16,984.00"
2019-10-17,2019101701003200,NLIC,32,16,10,773.00,"7,730.00"
2019-10-17,2019101701003309,NMBMF,8,32,30,"1,077.00","32,310.00"
2019-10-17,2019101701003567,NMBSF1,10,49,"3,000",10.34,"31,020.00"
2019-10-17,2019101701003472,NMBSF1,19,6,"20,000",10.33,"206,600.00"
2019-10-17,2019101701003453,NMBSF1,19,56,"10,000",10.32,"103,200.00"
2019-10-17,2019101701003428,NMBSF1,54,6,"3,000",10.30,"30,900.00"
2019-10-17,2019101701003410,NMBSF1,54,6,"17,000",10.30,"175,100.00"
2019-10-17,2019101701003399,NMBSF1,10,1,"20,000",10.29,"205,800.00"
2019-10-17,2019101701003193,NMBSF1,45,49,"2,000",10.28,"20,560.00"
2019-10-17,2019101701003183,NMBSF1,34,6,"3,000",10.30,"30,900.00"
2019-10-17,2019101701003502,NMFBS,33,57,15,"1,700.00","25,500.00"
2019-10-17,2019101701003501,NMFBS,33,48,15,"1,700.00","25,500.00"
2019-10-17,2019101701003352,NMFBS,34,55,30,"1,686.00","50,580.00"
2019-10-17,2019101701003312,NMFBS,34,55,40,"1,686.00","67,440.00"
2019-10-17,2019101701003220,NMFBS,33,48,15,"1,700.00","25,500.00"
2019-10-17,2019101701003550,NTC,43,59,"1,000",620.00,"620,000.00"
2019-10-17,2019101701003549,NTC,22,59,100,620.00,"62,000.00"
2019-10-17,2019101701003439,NTC,51,7,10,622.00,"6,220.00"
2019-10-17,2019101701003288,NUBL,44,19,200,860.00,"172,000.00"
2019-10-17,2019101701003144,OHL,45,36,180,450.00,"81,000.00"
2019-10-17,2019101701003143,OHL,25,36,20,453.00,"9,060.00"
2019-10-17,2019101701003142,OHL,38,36,100,453.00,"45,300.00"
2019-10-17,2019101701003560,PCBL,57,58,34,262.00,"8,908.00"
2019-10-17,2019101701003559,PCBL,57,58,84,262.00,"22,008.00"
2019-10-17,2019101701003528,PCBL,57,58,916,262.00,"239,992.00"
2019-10-17,2019101701003527,PCBL,28,58,310,262.00,"81,220.00"
2019-10-17,2019101701003526,PCBL,34,58,100,262.00,"26,200.00"
2019-10-17,2019101701003525,PCBL,34,58,100,262.00,"26,200.00"
2019-10-17,2019101701003137,PCBL,38,36,50,264.00,"13,200.00"
2019-10-17,2019101701003129,PCBL,26,36,200,264.00,"52,800.00"
2019-10-17,2019101701003425,PCBL,20,52,100,262.00,"26,200.00"
2019-10-17,2019101701003424,PCBL,21,52,185,262.00,"48,470.00"
2019-10-17,2019101701003423,PCBL,42,52,200,263.00,"52,600.00"
2019-10-17,2019101701003422,PCBL,57,52,"1,000",263.00,"263,000.00"
2019-10-17,2019101701003421,PCBL,49,52,300,263.00,"78,900.00"
2019-10-17,2019101701003420,PCBL,44,52,339,263.00,"89,157.00"
2019-10-17,2019101701003524,PCBL,45,58,200,262.00,"52,400.00"
2019-10-17,2019101701003523,PCBL,35,58,24,262.00,"6,288.00"
2019-10-17,2019101701003522,PCBL,26,58,350,263.00,"92,050.00"
2019-10-17,2019101701003495,PCBL,26,22,150,263.00,"39,450.00"
2019-10-17,2019101701003427,PCBL,35,52,176,262.00,"46,112.00"
2019-10-17,2019101701003426,PCBL,14,52,100,262.00,"26,200.00"
2019-10-17,2019101701003107,PFL,45,52,43,135.00,"5,805.00"
2019-10-17,2019101701003106,PFL,45,1,18,135.00,"2,430.00"
2019-10-17,2019101701003565,PRIN,47,32,200,306.00,"61,200.00"
2019-10-17,2019101701003564,PRIN,36,32,300,307.00,"92,100.00"
2019-10-17,2019101701003244,PRIN,47,29,273,306.00,"83,538.00"
2019-10-17,2019101701003243,PRIN,14,29,100,306.00,"30,600.00"
2019-10-17,2019101701003242,PRIN,35,29,100,306.00,"30,600.00"
2019-10-17,2019101701003241,PRIN,45,29,27,306.00,"8,262.00"
2019-10-17,2019101701003105,PROFL,35,41,10,96.00,960.00
2019-10-17,2019101701003572,PRVU,35,34,200,265.00,"53,000.00"
2019-10-17,2019101701003538,PRVU,35,29,664,265.00,"175,960.00"
2019-10-17,2019101701003537,PRVU,52,29,50,265.00,"13,250.00"
2019-10-17,2019101701003536,PRVU,52,29,798,265.00,"211,470.00"
2019-10-17,2019101701003391,PRVU,38,45,100,266.00,"26,600.00"
2019-10-17,2019101701003382,PRVU,26,45,"2,000",266.00,"532,000.00"
2019-10-17,2019101701003110,PRVU,42,45,100,266.00,"26,600.00"
2019-10-17,2019101701003090,PRVU,35,45,"1,000",266.00,"266,000.00"
2019-10-17,2019101701003082,PRVU,43,45,100,266.00,"26,600.00"
2019-10-17,2019101701003079,PRVU,44,38,400,265.00,"106,000.00"
2019-10-17,2019101701003141,PRVU,19,45,500,266.00,"133,000.00"
2019-10-17,2019101701003138,PRVU,25,45,100,266.00,"26,600.00"
2019-10-17,2019101701003116,PRVU,41,45,300,266.00,"79,800.00"
2019-10-17,2019101701003115,PRVU,52,42,202,265.00,"53,530.00"
2019-10-17,2019101701003114,PRVU,22,42,50,265.00,"13,250.00"
2019-10-17,2019101701003113,PRVU,44,42,508,265.00,"134,620.00"
2019-10-17,2019101701003238,PRVU,14,45,300,266.00,"79,800.00"
2019-10-17,2019101701003229,PRVU,14,45,200,266.00,"53,200.00"
2019-10-17,2019101701003208,PRVU,49,45,10,266.00,"2,660.00"
2019-10-17,2019101701003573,RBCL,32,35,10,"8,425.00","84,250.00"
2019-10-17,2019101701003566,RHPL,52,45,540,167.00,"90,180.00"
2019-10-17,2019101701003542,RHPL,6,17,100,166.00,"16,600.00"
2019-10-17,2019101701003351,RHPL,6,8,25,164.00,"4,100.00"
2019-10-17,2019101701003321,RHPL,59,50,100,166.00,"16,600.00"
2019-10-17,2019101701003320,RHPL,59,58,500,166.00,"83,000.00"
2019-10-17,2019101701003319,RHPL,59,8,20,166.00,"3,320.00"
2019-10-17,2019101701003094,RHPL,58,18,30,163.00,"4,890.00"
2019-10-17,2019101701003083,RHPL,58,11,10,163.00,"1,630.00"
2019-10-17,2019101701003081,RHPL,6,29,10,164.00,"1,640.00"
2019-10-17,2019101701003080,RHPL,6,44,40,164.00,"6,560.00"
2019-10-17,2019101701003234,RHPL,3,47,20,164.00,"3,280.00"
2019-10-17,2019101701003217,RHPL,6,47,20,164.00,"3,280.00"
2019-10-17,2019101701003210,RHPL,58,38,30,163.00,"4,890.00"
2019-10-17,2019101701003197,RHPL,58,38,30,163.00,"4,890.00"
2019-10-17,2019101701003178,RHPL,58,38,30,163.00,"4,890.00"
2019-10-17,2019101701003161,RHPL,58,38,30,163.00,"4,890.00"
2019-10-17,2019101701003318,RHPL,59,20,50,166.00,"8,300.00"
2019-10-17,2019101701003317,RHPL,59,8,10,166.00,"1,660.00"
2019-10-17,2019101701003316,RHPL,59,34,10,165.00,"1,650.00"
2019-10-17,2019101701003267,RHPL,57,34,990,165.00,"163,350.00"
2019-10-17,2019101701003266,RHPL,57,21,10,165.00,"1,650.00"
2019-10-17,2019101701003250,RHPL,3,21,20,165.00,"3,300.00"
2019-10-17,2019101701003494,RMDC,34,13,254,610.00,"154,940.00"
2019-10-17,2019101701003223,RMDC,58,47,10,615.00,"6,150.00"
2019-10-17,2019101701003411,RSDC,5,41,306,315.00,"96,390.00"
2019-10-17,2019101701003306,RSDC,5,42,48,315.00,"15,120.00"
2019-10-17,2019101701003305,RSDC,57,42,20,315.00,"6,300.00"
2019-10-17,2019101701003304,RSDC,14,42,30,316.00,"9,480.00"
2019-10-17,2019101701003303,RSDC,41,42,40,316.00,"12,640.00"
2019-10-17,2019101701003302,RSDC,53,42,50,316.00,"15,800.00"
2019-10-17,2019101701003301,RSDC,19,42,25,317.00,"7,925.00"
2019-10-17,2019101701003300,RSDC,42,42,37,319.00,"11,803.00"
2019-10-17,2019101701003222,RSDC,42,8,126,319.00,"40,194.00"
2019-10-17,2019101701003126,RSDC,42,8,100,320.00,"32,000.00"
2019-10-17,2019101701003125,RSDC,42,19,200,320.00,"64,000.00"
2019-10-17,2019101701003446,SABSL,32,38,10,452.00,"4,520.00"
2019-10-17,2019101701003104,SABSL,32,11,10,452.00,"4,520.00"
2019-10-17,2019101701003544,SADBL,45,45,500,139.00,"69,500.00"
2019-10-17,2019101701003092,SAEF,57,57,100,9.31,931.00
2019-10-17,2019101701003442,SANIMA,57,49,325,305.00,"99,125.00"
2019-10-17,2019101701003176,SANIMA,57,38,12,305.00,"3,660.00"
2019-10-17,2019101701003118,SANIMA,40,38,88,306.00,"26,928.00"
2019-10-17,2019101701003099,SAPDBL,55,45,690,123.00,"84,870.00"
2019-10-17,2019101701003457,SBI,38,35,36,400.00,"14,400.00"
2019-10-17,2019101701003456,SBI,28,35,60,401.00,"24,060.00"
2019-10-17,2019101701003578,SBL,45,35,50,294.00,"14,700.00"
2019-10-17,2019101701003460,SBL,25,35,100,294.00,"29,400.00"
2019-10-17,2019101701003328,SBL,38,35,100,294.00,"29,400.00"
2019-10-17,2019101701003327,SBL,43,35,200,294.00,"58,800.00"
2019-10-17,2019101701003326,SBL,42,35,200,294.00,"58,800.00"
2019-10-17,2019101701003325,SBL,45,35,100,294.00,"29,400.00"
2019-10-17,2019101701003324,SBL,45,35,100,294.00,"29,400.00"
2019-10-17,2019101701003323,SBL,39,35,100,294.00,"29,400.00"
2019-10-17,2019101701003202,SBL,38,18,100,294.00,"29,400.00"
2019-10-17,2019101701003199,SBL,34,13,190,295.00,"56,050.00"
2019-10-17,2019101701003127,SBL,38,13,100,295.00,"29,500.00"
2019-10-17,2019101701003404,SCB,10,44,200,573.00,"114,600.00"
2019-10-17,2019101701003403,SCB,16,44,180,573.00,"103,140.00"
2019-10-17,2019101701003308,SCB,16,16,500,573.00,"286,500.00"
2019-10-17,2019101701003211,SCB,16,34,150,573.00,"85,950.00"
2019-10-17,2019101701003184,SCB,43,44,58,574.00,"33,292.00"
2019-10-17,2019101701003548,SHIVM,14,42,125,491.00,"61,375.00"
2019-10-17,2019101701003547,SHIVM,3,42,25,492.00,"12,300.00"
2019-10-17,2019101701003546,SHIVM,56,42,50,492.00,"24,600.00"
2019-10-17,2019101701003162,SHIVM,32,21,20,494.00,"9,880.00"
2019-10-17,2019101701003140,SHIVM,56,26,100,492.00,"49,200.00"
2019-10-17,2019101701003260,SHL,16,8,200,207.00,"41,400.00"
2019-10-17,2019101701003192,SHL,14,58,200,208.00,"41,600.00"
2019-10-17,2019101701003167,SHPC,51,25,895,187.00,"167,365.00"
2019-10-17,2019101701003166,SHPC,17,25,200,187.00,"37,400.00"
2019-10-17,2019101701003165,SHPC,52,25,405,187.00,"75,735.00"
2019-10-17,2019101701003164,SHPC,55,25,500,188.00,"94,000.00"
2019-10-17,2019101701003558,SIC,35,17,131,479.00,"62,749.00"
2019-10-17,2019101701003557,SIC,35,19,43,478.00,"20,554.00"
2019-10-17,2019101701003556,SIC,35,35,12,473.00,"5,676.00"
2019-10-17,2019101701003419,SIC,39,35,150,473.00,"70,950.00"
2019-10-17,2019101701003402,SIC,33,35,100,474.00,"47,400.00"
2019-10-17,2019101701003401,SIC,28,35,100,474.00,"47,400.00"
2019-10-17,2019101701003307,SIC,35,35,10,477.00,"4,770.00"
2019-10-17,2019101701003349,SIL,25,47,10,380.00,"3,800.00"
2019-10-17,2019101701003169,SIL,39,25,400,374.00,"149,600.00"
2019-10-17,2019101701003168,SIL,51,25,40,375.00,"15,000.00"
2019-10-17,2019101701003576,SJCL,1,58,20,170.00,"3,400.00"
2019-10-17,2019101701003497,SJCL,35,58,20,170.00,"3,400.00"
2019-10-17,2019101701003109,SJCL,13,11,10,168.00,"1,680.00"
2019-10-17,2019101701003103,SJCL,13,18,20,168.00,"3,360.00"
2019-10-17,2019101701003263,SJCL,35,8,95,169.00,"16,055.00"
2019-10-17,2019101701003206,SJCL,59,38,10,168.00,"1,680.00"
2019-10-17,2019101701003205,SJCL,13,38,10,168.00,"1,680.00"
2019-10-17,2019101701003196,SJCL,13,38,20,168.00,"3,360.00"
2019-10-17,2019101701003173,SJCL,13,38,20,168.00,"3,360.00"
2019-10-17,2019101701003160,SJCL,13,38,20,168.00,"3,360.00"
2019-10-17,2019101701003133,SKBBL,34,10,60,914.00,"54,840.00"
2019-10-17,2019101701003132,SKBBL,22,10,20,915.00,"18,300.00"
2019-10-17,2019101701003131,SKBBL,55,10,20,915.00,"18,300.00"
2019-10-17,2019101701003545,SLBBL,16,44,70,540.00,"37,800.00"
2019-10-17,2019101701003529,SLBBL,26,44,130,540.00,"70,200.00"
2019-10-17,2019101701003570,SLBSL,49,18,224,686.00,"153,664.00"
2019-10-17,2019101701003531,SLBSL,49,6,85,686.00,"58,310.00"
2019-10-17,2019101701003530,SLBSL,14,6,15,687.00,"10,305.00"
2019-10-17,2019101701003287,SLICL,1,39,10,258.00,"2,580.00"
2019-10-17,2019101701003286,SLICL,13,39,100,260.00,"26,000.00"
2019-10-17,2019101701003285,SLICL,32,39,100,260.00,"26,000.00"
2019-10-17,2019101701003284,SLICL,29,39,500,260.00,"130,000.00"
2019-10-17,2019101701003135,SLICL,22,42,400,265.00,"106,000.00"
2019-10-17,2019101701003283,SLICL,42,39,200,260.00,"52,000.00"
2019-10-17,2019101701003282,SLICL,32,39,100,261.00,"26,100.00"
2019-10-17,2019101701003281,SLICL,29,39,500,261.00,"130,500.00"
2019-10-17,2019101701003280,SLICL,58,39,800,262.00,"209,600.00"
2019-10-17,2019101701003159,SLICL,49,36,200,263.00,"52,600.00"
2019-10-17,2019101701003158,SLICL,17,36,300,263.00,"78,900.00"
2019-10-17,2019101701003209,SMB,40,4,10,421.00,"4,210.00"
2019-10-17,2019101701003198,SMB,39,40,10,413.00,"4,130.00"
2019-10-17,2019101701003463,SMFDB,49,40,10,504.00,"5,040.00"
2019-10-17,2019101701003255,SMFDB,56,40,200,495.00,"99,000.00"
2019-10-17,2019101701003254,SMFDB,25,40,100,496.00,"49,600.00"
2019-10-17,2019101701003156,SPARS,45,34,40,531.00,"21,240.00"
2019-10-17,2019101701003575,SRBL,51,35,40,239.00,"9,560.00"
2019-10-17,2019101701003541,SRBL,41,34,200,240.00,"48,000.00"
2019-10-17,2019101701003515,SRBL,34,34,10,240.00,"2,400.00"
2019-10-17,2019101701003481,SRBL,41,34,100,240.00,"24,000.00"
2019-10-17,2019101701003431,SRBL,17,34,50,240.00,"12,000.00"
2019-10-17,2019101701003430,SRBL,17,17,50,240.00,"12,000.00"
2019-10-17,2019101701003136,SRBL,58,25,10,240.00,"2,400.00"
2019-10-17,2019101701003120,SRBL,4,25,319,240.00,"76,560.00"
2019-10-17,2019101701003119,SRBL,4,36,381,240.00,"91,440.00"
2019-10-17,2019101701003098,SRBL,26,36,235,240.00,"56,400.00"
2019-10-17,2019101701003095,SRBL,42,36,100,240.00,"24,000.00"
2019-10-17,2019101701003089,SRBL,51,36,30,240.00,"7,200.00"
2019-10-17,2019101701003191,SRBL,14,57,19,240.00,"4,560.00"
2019-10-17,2019101701003187,SRBL,4,57,310,240.00,"74,400.00"
2019-10-17,2019101701003186,SRBL,4,25,400,240.00,"96,000.00"
2019-10-17,2019101701003185,SRBL,4,25,14,240.00,"3,360.00"
2019-10-17,2019101701003177,SRBL,51,58,200,239.00,"47,800.00"
2019-10-17,2019101701003174,SRBL,49,25,250,240.00,"60,000.00"
2019-10-17,2019101701003264,SRBL,21,25,30,240.00,"7,200.00"
2019-10-17,2019101701003256,SRBL,58,25,200,240.00,"48,000.00"
2019-10-17,2019101701003237,SRBL,51,36,200,239.00,"47,800.00"
2019-10-17,2019101701003235,SRBL,21,25,20,240.00,"4,800.00"
2019-10-17,2019101701003233,SRBL,51,45,450,239.00,"107,550.00"
2019-10-17,2019101701003212,SRBL,57,25,100,240.00,"24,000.00"
2019-10-17,2019101701003400,SRBL,43,17,100,240.00,"24,000.00"
2019-10-17,2019101701003394,SRBL,51,17,50,240.00,"12,000.00"
2019-10-17,2019101701003393,SRBL,51,59,200,240.00,"48,000.00"
2019-10-17,2019101701003392,SRBL,51,45,650,240.00,"156,000.00"
2019-10-17,2019101701003298,SRBL,52,45,350,240.00,"84,000.00"
2019-10-17,2019101701003297,SRBL,52,25,650,240.00,"156,000.00"
2019-10-17,2019101701003521,UPCL,22,6,240,78.00,"18,720.00"
2019-10-17,2019101701003520,UPCL,34,6,20,78.00,"1,560.00"
2019-10-17,2019101701003519,UPCL,8,6,500,78.00,"39,000.00"
2019-10-17,2019101701003518,UPCL,13,6,200,79.00,"15,800.00"
2019-10-17,2019101701003500,UPPER,33,57,10,237.00,"2,370.00"
2019-10-17,2019101701003475,UPPER,16,47,985,236.00,"232,460.00"
2019-10-17,2019101701003474,UPPER,16,10,20,236.00,"4,720.00"
2019-10-17,2019101701003381,UPPER,32,10,20,236.00,"4,720.00"
2019-10-17,2019101701003372,UPPER,20,22,50,234.00,"11,700.00"
2019-10-17,2019101701003246,UPPER,20,42,157,234.00,"36,738.00"
2019-10-17,2019101701003245,UPPER,33,42,843,235.00,"198,105.00"
2019-10-17,2019101701003214,UPPER,33,59,50,235.00,"11,750.00"
2019-10-17,2019101701003102,VLBS,42,19,100,565.00,"56,500.00"
2019-10-17,2019101701003050,ADBL,56,29,100,416.00,"41,600.00"
2019-10-17,2019101701002968,ADBL,49,29,23,416.00,"9,568.00"
2019-10-17,2019101701002967,ADBL,49,43,477,416.00,"198,432.00"
2019-10-17,2019101701002966,ADBL,49,19,500,416.00,"208,000.00"
2019-10-17,2019101701002920,ADBL,4,57,83,415.00,"34,445.00"
2019-10-17,2019101701002919,ADBL,4,14,700,415.00,"290,500.00"
2019-10-17,2019101701002918,ADBL,4,34,400,415.00,"166,000.00"
2019-10-17,2019101701002917,ADBL,4,14,100,415.00,"41,500.00"
2019-10-17,2019101701002916,ADBL,4,17,"1,000",415.00,"415,000.00"
2019-10-17,2019101701002878,ADBL,39,10,106,414.00,"43,884.00"
2019-10-17,2019101701003055,AHPC,28,26,775,96.00,"74,400.00"
2019-10-17,2019101701003054,AHPC,57,26,50,96.00,"4,800.00"
2019-10-17,2019101701002930,AKBSL,48,29,10,411.00,"4,110.00"
2019-10-17,2019101701002722,AKJCL,56,7,"1,290",55.00,"70,950.00"
2019-10-17,2019101701002686,AKJCL,29,7,110,55.00,"6,050.00"
2019-10-17,2019101701002632,AKJCL,29,7,90,55.00,"4,950.00"
2019-10-17,2019101701002631,AKJCL,8,7,10,56.00,560.00
2019-10-17,2019101701002909,AKPL,11,25,74,135.00,"9,990.00"
2019-10-17,2019101701002592,AKPL,11,17,13,135.00,"1,755.00"
2019-10-17,2019101701002839,ALBSL,45,25,90,385.00,"34,650.00"
2019-10-17,2019101701002881,ALICL,35,34,44,318.00,"13,992.00"
2019-10-17,2019101701003076,API,41,21,750,113.00,"84,750.00"
2019-10-17,2019101701003053,API,25,21,150,113.00,"16,950.00"
2019-10-17,2019101701002879,API,25,21,29,113.00,"3,277.00"
2019-10-17,2019101701002863,API,41,49,"1,800",112.00,"201,600.00"
2019-10-17,2019101701002861,API,25,49,39,112.00,"4,368.00"
2019-10-17,2019101701002860,API,25,49,17,112.00,"1,904.00"
2019-10-17,2019101701002626,API,58,17,29,112.00,"3,248.00"
2019-10-17,2019101701002743,API,26,49,100,111.00,"11,100.00"
2019-10-17,2019101701002742,API,49,49,100,111.00,"11,100.00"
2019-10-17,2019101701002741,API,41,49,600,111.00,"66,600.00"
2019-10-17,2019101701002740,API,29,49,161,111.00,"17,871.00"
2019-10-17,2019101701002706,API,29,49,"1,839",111.00,"204,129.00"
2019-10-17,2019101701002688,API,58,49,151,112.00,"16,912.00"
2019-10-17,2019101701002859,API,25,49,10,112.00,"1,120.00"
2019-10-17,2019101701002830,API,6,49,400,111.00,"44,400.00"
2019-10-17,2019101701002829,API,39,49,100,111.00,"11,100.00"
2019-10-17,2019101701002745,API,26,49,500,111.00,"55,500.00"
2019-10-17,2019101701002744,API,51,49,200,111.00,"22,200.00"
2019-10-17,2019101701002955,BOKL,51,22,10,228.00,"2,280.00"
2019-10-17,2019101701002946,BOKL,14,51,500,227.00,"113,500.00"
2019-10-17,2019101701002945,BOKL,14,51,100,227.00,"22,700.00"
2019-10-17,2019101701002933,BOKL,7,29,30,226.00,"6,780.00"
2019-10-17,2019101701002841,BOKL,32,51,500,227.00,"113,500.00"
2019-10-17,2019101701002702,BOKL,32,13,80,227.00,"18,160.00"
2019-10-17,2019101701002640,BOKL,45,14,500,227.00,"113,500.00"
2019-10-17,2019101701002639,BOKL,45,40,"1,090",227.00,"247,430.00"
2019-10-17,2019101701002793,BPCL,56,7,50,360.00,"18,000.00"
2019-10-17,2019101701002792,BPCL,35,7,200,360.00,"72,000.00"
2019-10-17,2019101701002791,BPCL,28,7,519,360.00,"186,840.00"
2019-10-17,2019101701002790,BPCL,33,7,467,361.00,"168,587.00"
2019-10-17,2019101701002789,BPCL,48,7,45,364.00,"16,380.00"
2019-10-17,2019101701003078,CBL,35,38,100,142.00,"14,200.00"
2019-10-17,2019101701002738,CCBL,57,40,200,155.00,"31,000.00"
2019-10-17,2019101701002699,CCBL,35,42,452,154.00,"69,608.00"
2019-10-17,2019101701002651,CCBL,35,42,24,154.00,"3,696.00"
2019-10-17,2019101701002650,CCBL,39,42,10,154.00,"1,540.00"
2019-10-17,2019101701002649,CCBL,43,42,200,154.00,"30,800.00"
2019-10-17,2019101701002648,CCBL,17,42,200,154.00,"30,800.00"
2019-10-17,2019101701002647,CCBL,38,42,10,154.00,"1,540.00"
2019-10-17,2019101701002646,CCBL,37,42,100,154.00,"15,400.00"
2019-10-17,2019101701002645,CCBL,6,42,"1,046",154.00,"161,084.00"
2019-10-17,2019101701002610,CCBL,6,6,1,152.00,152.00
2019-10-17,2019101701002733,CHCL,42,6,80,423.00,"33,840.00"
2019-10-17,2019101701002732,CHCL,42,57,20,422.00,"8,440.00"
2019-10-17,2019101701002871,CIT,51,57,12,"1,795.00","21,540.00"
2019-10-17,2019101701002862,CIT,10,57,17,"1,795.00","30,515.00"
2019-10-17,2019101701002833,CORBL,42,1,220,104.00,"22,880.00"
2019-10-17,2019101701002756,CORBL,25,1,200,104.00,"20,800.00"
2019-10-17,2019101701002972,CZBIL,57,38,100,194.00,"19,400.00"
2019-10-17,2019101701002971,CZBIL,57,21,10,194.00,"1,940.00"
2019-10-17,2019101701002970,CZBIL,57,7,100,194.00,"19,400.00"
2019-10-17,2019101701002969,CZBIL,57,33,602,194.00,"116,788.00"
2019-10-17,2019101701002690,CZBIL,34,33,100,194.00,"19,400.00"
2019-10-17,2019101701003033,DBBL,42,44,"1,920",127.00,"243,840.00"
2019-10-17,2019101701002977,DBBL,49,44,50,127.00,"6,350.00"
2019-10-17,2019101701002954,DBBL,34,44,30,127.00,"3,810.00"
2019-10-17,2019101701002865,DBBL,28,44,"2,000",127.00,"254,000.00"
2019-10-17,2019101701002864,DBBL,28,38,268,127.00,"34,036.00"
2019-10-17,2019101701002942,DDBL,34,29,10,723.00,"7,230.00"
2019-10-17,2019101701002587,DHPL,34,47,30,57.00,"1,710.00"
2019-10-17,2019101701003068,EBL,22,26,180,548.00,"98,640.00"
2019-10-17,2019101701003067,EBL,50,26,21,548.00,"11,508.00"
2019-10-17,2019101701002922,EBL,43,54,100,549.00,"54,900.00"
2019-10-17,2019101701002872,EBL,26,54,200,549.00,"109,800.00"
2019-10-17,2019101701002851,EBL,14,54,200,549.00,"109,800.00"
2019-10-17,2019101701002644,EDBL,51,57,50,270.00,"13,500.00"
2019-10-17,2019101701003034,EIC,49,49,100,228.00,"22,800.00"
2019-10-17,2019101701002983,EIC,49,49,300,228.00,"68,400.00"
2019-10-17,2019101701002982,EIC,49,3,100,228.00,"22,800.00"
2019-10-17,2019101701002978,EIC,7,49,51,227.00,"11,577.00"
2019-10-17,2019101701002758,EIC,45,3,100,228.00,"22,800.00"
2019-10-17,2019101701002731,EIC,13,3,20,228.00,"4,560.00"
2019-10-17,2019101701002580,EIC,42,3,30,229.00,"6,870.00"
2019-10-17,2019101701003041,FOWAD,16,50,35,"1,290.00","45,150.00"
2019-10-17,2019101701002842,FOWAD,16,50,15,"1,290.00","19,350.00"
2019-10-17,2019101701002779,FOWAD,16,58,25,"1,280.00","32,000.00"
2019-10-17,2019101701002778,FOWAD,16,32,49,"1,279.00","62,671.00"
2019-10-17,2019101701002777,FOWAD,16,14,21,"1,279.00","26,859.00"
2019-10-17,2019101701002752,FOWAD,34,14,30,"1,279.00","38,370.00"
2019-10-17,2019101701002957,GBBL,49,57,700,216.00,"151,200.00"
2019-10-17,2019101701002956,GBBL,49,29,300,216.00,"64,800.00"
2019-10-17,2019101701003028,GBLBS,45,11,15,312.00,"4,680.00"
2019-10-17,2019101701002679,GILB,7,36,10,702.00,"7,020.00"
2019-10-17,2019101701002944,HBL,45,45,60,502.00,"30,120.00"
2019-10-17,2019101701002907,HBL,45,51,40,501.00,"20,040.00"
2019-10-17,2019101701002834,HBL,26,51,10,501.00,"5,010.00"
2019-10-17,2019101701002611,HBL,11,45,50,502.00,"25,100.00"
2019-10-17,2019101701003032,HGI,35,35,10,271.00,"2,710.00"
2019-10-17,2019101701002899,HGI,34,57,100,266.00,"26,600.00"
2019-10-17,2019101701002875,HGI,35,57,100,266.00,"26,600.00"
2019-10-17,2019101701002940,HIDCL,45,52,37,140.00,"5,180.00"
2019-10-17,2019101701002939,HIDCL,45,6,11,140.00,"1,540.00"
2019-10-17,2019101701002927,HIDCL,45,1,217,139.00,"30,163.00"
2019-10-17,2019101701002926,HIDCL,45,49,302,139.00,"41,978.00"
2019-10-17,2019101701002925,HIDCL,45,49,127,139.00,"17,653.00"
2019-10-17,2019101701002924,HIDCL,45,19,270,139.00,"37,530.00"
2019-10-17,2019101701002621,HIDCL,45,19,500,138.00,"69,000.00"
2019-10-17,2019101701002923,HIDCL,45,32,36,138.00,"4,968.00"
2019-10-17,2019101701002751,HIDCL,32,17,13,137.00,"1,781.00"
2019-10-17,2019101701002671,HIDCL,32,44,11,137.00,"1,507.00"
2019-10-17,2019101701002624,HIDCL,45,19,230,139.00,"31,970.00"
2019-10-17,2019101701002623,HIDCL,45,6,200,139.00,"27,800.00"
2019-10-17,2019101701002622,HIDCL,45,39,70,139.00,"9,730.00"
2019-10-17,2019101701003046,ILBS,1,11,10,421.00,"4,210.00"
2019-10-17,2019101701003005,ILBS,1,1,10,421.00,"4,210.00"
2019-10-17,2019101701002823,ILBS,11,54,10,423.00,"4,230.00"
2019-10-17,2019101701002822,ILBS,11,6,10,422.00,"4,220.00"
2019-10-17,2019101701002821,ILBS,11,37,10,422.00,"4,220.00"
2019-10-17,2019101701002820,ILBS,11,16,10,421.00,"4,210.00"
2019-10-17,2019101701002928,JBBL,49,17,"1,000",159.00,"159,000.00"
2019-10-17,2019101701002749,JBBL,41,44,200,158.00,"31,600.00"
2019-10-17,2019101701002657,JBBL,49,44,300,158.00,"47,400.00"
2019-10-17,2019101701002748,KBL,38,42,136,182.00,"24,752.00"
2019-10-17,2019101701002747,KBL,38,38,64,181.00,"11,584.00"
2019-10-17,2019101701002892,KPCL,59,56,35,79.00,"2,765.00"
2019-10-17,2019101701002891,KPCL,49,56,40,79.00,"3,160.00"
2019-10-17,2019101701003072,KSBBL,33,41,100,140.00,"14,000.00"
2019-10-17,2019101701003052,LBBL,29,39,"1,213",173.00,"209,849.00"
2019-10-17,2019101701003051,LBBL,29,44,287,173.00,"49,651.00"
2019-10-17,2019101701002898,LBBL,8,35,417,172.00,"71,724.00"
2019-10-17,2019101701002897,LBBL,44,35,291,172.00,"50,052.00"
2019-10-17,2019101701002896,LBBL,13,35,12,172.00,"2,064.00"
2019-10-17,2019101701003049,LBL,45,59,108,214.00,"23,112.00"
2019-10-17,2019101701003048,LBL,45,49,200,214.00,"42,800.00"
2019-10-17,2019101701003047,LBL,45,49,140,214.00,"29,960.00"
2019-10-17,2019101701002846,LBL,26,49,10,214.00,"2,140.00"
2019-10-17,2019101701003031,LGIL,11,25,690,312.00,"215,280.00"
2019-10-17,2019101701003030,LGIL,34,25,10,315.00,"3,150.00"
2019-10-17,2019101701003029,LGIL,45,25,500,315.00,"157,500.00"
2019-10-17,2019101701002950,LGIL,16,26,534,316.00,"168,744.00"
2019-10-17,2019101701002848,LGIL,35,47,100,317.00,"31,700.00"
2019-10-17,2019101701003044,LLBS,39,37,50,659.00,"32,950.00"
2019-10-17,2019101701003043,LLBS,55,37,50,660.00,"33,000.00"
2019-10-17,2019101701003042,LLBS,44,37,100,660.00,"66,000.00"
2019-10-17,2019101701002935,MBL,51,26,10,224.00,"2,240.00"
2019-10-17,2019101701002910,MBL,29,26,46,224.00,"10,304.00"
2019-10-17,2019101701003026,MEGA,32,32,390,196.00,"76,440.00"
2019-10-17,2019101701002619,MEGA,34,32,"1,780",196.00,"348,880.00"
2019-10-17,2019101701002618,MEGA,48,32,400,196.00,"78,400.00"
2019-10-17,2019101701002617,MEGA,32,32,500,196.00,"98,000.00"
2019-10-17,2019101701002616,MEGA,41,32,"2,000",196.00,"392,000.00"
2019-10-17,2019101701002615,MEGA,28,32,300,196.00,"58,800.00"
2019-10-17,2019101701002614,MEGA,57,32,20,196.00,"3,920.00"
2019-10-17,2019101701002753,MEGA,34,57,150,196.00,"29,400.00"
2019-10-17,2019101701003019,MEGA,34,32,70,196.00,"13,720.00"
2019-10-17,2019101701002858,MEGA,51,32,10,197.00,"1,970.00"
2019-10-17,2019101701003025,MEGA,43,32,100,196.00,"19,600.00"
2019-10-17,2019101701003024,MEGA,21,32,10,196.00,"1,960.00"
2019-10-17,2019101701003023,MEGA,17,32,100,196.00,"19,600.00"
2019-10-17,2019101701003022,MEGA,49,32,200,196.00,"39,200.00"
2019-10-17,2019101701003021,MEGA,42,32,10,196.00,"1,960.00"
2019-10-17,2019101701003020,MEGA,6,32,120,196.00,"23,520.00"
2019-10-17,2019101701002986,MEGAPO,46,33,"2,000",104.00,"208,000.00"
2019-10-17,2019101701002874,MEGAPO,46,33,"147,127",104.00,"15,301,208.00"
2019-10-17,2019101701002868,MEGAPO,34,33,"2,000",104.00,"208,000.00"
2019-10-17,2019101701003074,MERO,34,11,23,547.00,"12,581.00"
2019-10-17,2019101701003073,MERO,41,11,10,548.00,"5,480.00"
2019-10-17,2019101701002938,MNBBL,38,11,110,310.00,"34,100.00"
2019-10-17,2019101701002937,MNBBL,52,11,90,310.00,"27,900.00"
2019-10-17,2019101701002685,MNBBL,52,16,110,311.00,"34,210.00"
2019-10-17,2019101701003065,MSLB,11,6,23,871.00,"20,033.00"
2019-10-17,2019101701003015,NABIL,5,58,177,760.00,"134,520.00"
2019-10-17,2019101701003014,NABIL,39,58,73,760.00,"55,480.00"
2019-10-17,2019101701003013,NABIL,44,58,50,761.00,"38,050.00"
2019-10-17,2019101701003012,NABIL,22,58,100,762.00,"76,200.00"
2019-10-17,2019101701003011,NABIL,11,58,100,762.00,"76,200.00"
2019-10-17,2019101701002876,NBB,55,38,150,211.00,"31,650.00"
2019-10-17,2019101701002857,NBB,51,56,54,212.00,"11,448.00"
2019-10-17,2019101701002856,NBB,51,38,46,212.00,"9,752.00"
2019-10-17,2019101701002750,NBB,38,38,100,212.00,"21,200.00"
2019-10-17,2019101701003027,NBL,38,33,40,317.00,"12,680.00"
2019-10-17,2019101701002949,NBL,3,33,30,317.00,"9,510.00"
2019-10-17,2019101701002948,NBL,47,33,40,317.00,"12,680.00"
2019-10-17,2019101701002759,NBL,47,41,80,317.00,"25,360.00"
2019-10-17,2019101701002591,NBL,32,51,200,317.00,"63,400.00"
2019-10-17,2019101701002991,NCCB,34,40,351,197.00,"69,147.00"
2019-10-17,2019101701002990,NCCB,14,40,33,197.00,"6,501.00"
2019-10-17,2019101701002989,NCCB,52,40,45,197.00,"8,865.00"
2019-10-17,2019101701002988,NCCB,8,40,500,197.00,"98,500.00"
2019-10-17,2019101701002987,NCCB,37,40,264,197.00,"52,008.00"
2019-10-17,2019101701002965,NCCB,37,32,736,197.00,"144,992.00"
2019-10-17,2019101701002675,NCCB,49,57,476,198.00,"94,248.00"
2019-10-17,2019101701002674,NCCB,49,52,347,198.00,"68,706.00"
2019-10-17,2019101701002673,NCCB,32,38,82,197.00,"16,154.00"
2019-10-17,2019101701002726,NCCB,8,42,51,199.00,"10,149.00"
2019-10-17,2019101701002725,NCCB,8,35,179,199.00,"35,621.00"
2019-10-17,2019101701002724,NCCB,8,39,200,199.00,"39,800.00"
2019-10-17,2019101701002723,NCCB,8,55,70,199.00,"13,930.00"
2019-10-17,2019101701002691,NCCB,49,59,58,198.00,"11,484.00"
2019-10-17,2019101701002676,NCCB,49,3,100,198.00,"19,800.00"
2019-10-17,2019101701002964,NCCB,32,32,655,197.00,"129,035.00"
2019-10-17,2019101701002963,NCCB,47,32,65,198.00,"12,870.00"
2019-10-17,2019101701002962,NCCB,32,32,19,198.00,"3,762.00"
2019-10-17,2019101701002855,NCCB,32,7,481,198.00,"95,238.00"
2019-10-17,2019101701002854,NCCB,49,7,19,198.00,"3,762.00"
2019-10-17,2019101701002735,NCCB,17,42,136,199.00,"27,064.00"
2019-10-17,2019101701002701,NEF,32,39,100,7.88,788.00
2019-10-17,2019101701002754,NHPC,33,17,200,53.00,"10,600.00"
2019-10-17,2019101701002867,NIB,22,1,82,445.00,"36,490.00"
2019-10-17,2019101701002866,NIB,22,8,18,445.00,"8,010.00"
2019-10-17,2019101701002849,NIB,26,8,10,445.00,"4,450.00"
2019-10-17,2019101701002755,NIB,22,36,265,443.00,"117,395.00"
2019-10-17,2019101701002719,NIB,42,36,100,443.00,"44,300.00"
2019-10-17,2019101701002710,NIB,45,36,100,443.00,"44,300.00"
2019-10-17,2019101701002709,NIB,48,36,35,443.00,"15,505.00"
2019-10-17,2019101701002705,NIB,51,8,27,445.00,"12,015.00"
2019-10-17,2019101701002704,NIB,51,21,73,445.00,"32,485.00"
2019-10-17,2019101701002643,NIB,5,21,50,445.00,"22,250.00"
2019-10-17,2019101701002932,NIBPO,14,52,"1,000",405.00,"405,000.00"
2019-10-17,2019101701003064,NICA,52,26,200,384.00,"76,800.00"
2019-10-17,2019101701003010,NICA,11,39,100,385.00,"38,500.00"
2019-10-17,2019101701002995,NICA,11,36,200,385.00,"77,000.00"
2019-10-17,2019101701002994,NICA,11,36,800,385.00,"308,000.00"
2019-10-17,2019101701002903,NICA,11,26,200,385.00,"77,000.00"
2019-10-17,2019101701002902,NICA,33,26,75,385.00,"28,875.00"
2019-10-17,2019101701002901,NICA,45,26,125,385.00,"48,125.00"
2019-10-17,2019101701002680,NICA,45,19,100,385.00,"38,500.00"
2019-10-17,2019101701002911,NICL,56,28,100,264.00,"26,400.00"
2019-10-17,2019101701002850,NLBBL,34,19,"1,000",497.00,"497,000.00"
2019-10-17,2019101701003018,NLIC,8,45,51,771.00,"39,321.00"
2019-10-17,2019101701003017,NLIC,5,45,100,771.00,"77,100.00"
2019-10-17,2019101701003016,NLIC,49,45,210,771.00,"161,910.00"
2019-10-17,2019101701002981,NLIC,32,16,20,773.00,"15,460.00"
2019-10-17,2019101701002915,NLIC,49,52,90,771.00,"69,390.00"
2019-10-17,2019101701002914,NLIC,46,52,300,772.00,"231,600.00"
2019-10-17,2019101701002913,NLIC,7,52,10,772.00,"7,720.00"
2019-10-17,2019101701002840,NLIC,26,16,10,773.00,"7,730.00"
2019-10-17,2019101701002760,NLICL,38,52,100,450.00,"45,000.00"
2019-10-17,2019101701002625,NLICL,43,52,43,450.00,"19,350.00"
2019-10-17,2019101701002958,NMBMF,8,1,42,"1,080.00","45,360.00"
2019-10-17,2019101701002637,NMBMF,22,11,11,"1,076.00","11,836.00"
2019-10-17,2019101701002636,NMBMF,32,11,50,"1,077.00","53,850.00"
2019-10-17,2019101701002628,NMBMF,6,6,2,"1,068.00","2,136.00"
2019-10-17,2019101701002908,NMBSF1,21,6,"3,500",10.28,"35,980.00"
2019-10-17,2019101701002835,NTC,59,4,10,623.00,"6,230.00"
2019-10-17,2019101701002828,NTC,43,59,"1,000",620.00,"620,000.00"
2019-10-17,2019101701002827,NTC,35,59,20,620.00,"12,400.00"
2019-10-17,2019101701002826,NTC,45,59,100,620.00,"62,000.00"
2019-10-17,2019101701002825,NTC,44,59,50,620.00,"31,000.00"
2019-10-17,2019101701002824,NTC,14,59,30,620.00,"18,600.00"
2019-10-17,2019101701002579,NUBL,44,28,620,860.00,"533,200.00"
2019-10-17,2019101701003066,PCBL,29,36,500,264.00,"132,000.00"
2019-10-17,2019101701003004,PCBL,8,36,54,264.00,"14,256.00"
2019-10-17,2019101701003003,PCBL,8,34,"1,446",264.00,"381,744.00"
2019-10-17,2019101701002976,PCBL,49,34,100,264.00,"26,400.00"
2019-10-17,2019101701002852,PCBL,26,34,10,264.00,"2,640.00"
2019-10-17,2019101701002873,PIC,16,51,35,365.00,"12,775.00"
2019-10-17,2019101701002844,PIC,49,6,"1,000",366.00,"366,000.00"
2019-10-17,2019101701002843,PIC,36,6,200,367.00,"73,400.00"
2019-10-17,2019101701002634,PMHPL,54,44,10,89.00,890.00
2019-10-17,2019101701002627,PMHPL,54,44,10,89.00,890.00
2019-10-17,2019101701002620,PMHPL,54,44,10,89.00,890.00
2019-10-17,2019101701002961,PPCL,21,29,10,94.00,940.00
2019-10-17,2019101701003045,PRVU,20,45,250,266.00,"66,500.00"
2019-10-17,2019101701003002,PRVU,35,45,100,266.00,"26,600.00"
2019-10-17,2019101701002997,PRVU,44,33,200,265.00,"53,000.00"
2019-10-17,2019101701002985,PRVU,35,45,300,266.00,"79,800.00"
2019-10-17,2019101701002975,PRVU,55,45,68,266.00,"18,088.00"
2019-10-17,2019101701002895,PRVU,45,45,150,266.00,"39,900.00"
2019-10-17,2019101701002655,PRVU,34,53,50,266.00,"13,300.00"
2019-10-17,2019101701002654,PRVU,17,53,100,266.00,"26,600.00"
2019-10-17,2019101701002653,PRVU,34,53,10,266.00,"2,660.00"
2019-10-17,2019101701002589,PRVU,56,45,200,266.00,"53,200.00"
2019-10-17,2019101701002697,PRVU,44,28,"1,112",265.00,"294,680.00"
2019-10-17,2019101701002696,PRVU,45,45,900,266.00,"239,400.00"
2019-10-17,2019101701002695,PRVU,44,28,"1,500",265.00,"397,500.00"
2019-10-17,2019101701002677,PRVU,16,45,160,266.00,"42,560.00"
2019-10-17,2019101701002658,PRVU,47,28,500,267.00,"133,500.00"
2019-10-17,2019101701002656,PRVU,16,53,840,266.00,"223,440.00"
2019-10-17,2019101701002869,PRVU,45,45,40,266.00,"10,640.00"
2019-10-17,2019101701002847,PRVU,34,45,160,266.00,"42,560.00"
2019-10-17,2019101701002831,PRVU,26,45,10,266.00,"2,660.00"
2019-10-17,2019101701002739,PRVU,35,45,20,266.00,"5,320.00"
2019-10-17,2019101701002728,PRVU,45,45,200,266.00,"53,200.00"
2019-10-17,2019101701002727,PRVU,42,45,100,266.00,"26,600.00"
2019-10-17,2019101701003006,RHPL,58,26,40,163.00,"6,520.00"
2019-10-17,2019101701002785,RHPL,59,45,500,166.00,"83,000.00"
2019-10-17,2019101701002784,RHPL,59,10,100,166.00,"16,600.00"
2019-10-17,2019101701002783,RHPL,59,17,40,166.00,"6,640.00"
2019-10-17,2019101701002782,RHPL,59,32,50,166.00,"8,300.00"
2019-10-17,2019101701002781,RHPL,59,59,150,166.00,"24,900.00"
2019-10-17,2019101701002595,RHPL,45,44,40,163.00,"6,520.00"
2019-10-17,2019101701002594,RHPL,45,44,40,163.00,"6,520.00"
2019-10-17,2019101701002593,RHPL,45,44,10,163.00,"1,630.00"
2019-10-17,2019101701002601,RHPL,45,58,30,163.00,"4,890.00"
2019-10-17,2019101701002600,RHPL,45,6,100,163.00,"16,300.00"
2019-10-17,2019101701002599,RHPL,45,41,10,163.00,"1,630.00"
2019-10-17,2019101701002598,RHPL,45,44,40,163.00,"6,520.00"
2019-10-17,2019101701002597,RHPL,45,44,40,163.00,"6,520.00"
2019-10-17,2019101701002596,RHPL,45,44,40,163.00,"6,520.00"
2019-10-17,2019101701002630,RHPL,45,21,40,162.00,"6,480.00"
2019-10-17,2019101701002629,RHPL,45,48,30,163.00,"4,890.00"
2019-10-17,2019101701002605,RHPL,45,48,190,163.00,"30,970.00"
2019-10-17,2019101701002604,RHPL,45,29,30,163.00,"4,890.00"
2019-10-17,2019101701002603,RHPL,45,22,10,163.00,"1,630.00"
2019-10-17,2019101701002602,RHPL,45,53,420,163.00,"68,460.00"
2019-10-17,2019101701002700,RHPL,45,21,30,162.00,"4,860.00"
2019-10-17,2019101701002687,RHPL,45,21,30,162.00,"4,860.00"
2019-10-17,2019101701002682,RHPL,45,21,30,162.00,"4,860.00"
2019-10-17,2019101701002659,RHPL,45,21,30,162.00,"4,860.00"
2019-10-17,2019101701002641,RHPL,45,21,40,162.00,"6,480.00"
2019-10-17,2019101701002633,RHPL,45,8,30,162.00,"4,860.00"
2019-10-17,2019101701002765,RHPL,59,47,40,163.00,"6,520.00"
2019-10-17,2019101701002764,RHPL,59,17,40,163.00,"6,520.00"
2019-10-17,2019101701002763,RHPL,59,38,10,163.00,"1,630.00"
2019-10-17,2019101701002762,RHPL,59,38,10,163.00,"1,630.00"
2019-10-17,2019101701002761,RHPL,59,48,20,163.00,"3,260.00"
2019-10-17,2019101701002708,RHPL,45,21,30,162.00,"4,860.00"
2019-10-17,2019101701002771,RHPL,59,26,10,165.00,"1,650.00"
2019-10-17,2019101701002770,RHPL,59,28,870,164.00,"142,680.00"
2019-10-17,2019101701002769,RHPL,59,48,40,164.00,"6,560.00"
2019-10-17,2019101701002768,RHPL,59,48,40,164.00,"6,560.00"
2019-10-17,2019101701002767,RHPL,59,14,40,164.00,"6,560.00"
2019-10-17,2019101701002766,RHPL,59,47,40,163.00,"6,520.00"
2019-10-17,2019101701002780,RHPL,59,35,"1,000",166.00,"166,000.00"
2019-10-17,2019101701002776,RHPL,59,51,50,165.00,"8,250.00"
2019-10-17,2019101701002775,RHPL,59,34,100,165.00,"16,500.00"
2019-10-17,2019101701002774,RHPL,59,32,"1,000",165.00,"165,000.00"
2019-10-17,2019101701002773,RHPL,59,1,200,165.00,"33,000.00"
2019-10-17,2019101701002772,RHPL,59,21,"1,000",165.00,"165,000.00"
2019-10-17,2019101701002996,RMDC,34,29,25,610.00,"15,250.00"
2019-10-17,2019101701002936,RMDC,34,29,249,610.00,"151,890.00"
2019-10-17,2019101701002894,RMDC,34,29,440,610.00,"268,400.00"
2019-10-17,2019101701002890,RSDC,37,19,50,320.00,"16,000.00"
2019-10-17,2019101701002788,RSDC,42,17,37,319.00,"11,803.00"
2019-10-17,2019101701002787,RSDC,42,51,100,319.00,"31,900.00"
2019-10-17,2019101701002730,RSDC,42,45,17,317.00,"5,389.00"
2019-10-17,2019101701002729,RSDC,39,45,83,317.00,"26,311.00"
2019-10-17,2019101701002717,SADBL,13,45,"1,000",139.00,"139,000.00"
2019-10-17,2019101701002716,SADBL,8,45,"1,100",139.00,"152,900.00"
2019-10-17,2019101701002715,SADBL,40,45,545,140.00,"76,300.00"
2019-10-17,2019101701002714,SADBL,35,45,300,140.00,"42,000.00"
2019-10-17,2019101701002713,SADBL,37,45,20,140.00,"2,800.00"
2019-10-17,2019101701002694,SADBL,37,14,180,140.00,"25,200.00"
2019-10-17,2019101701002693,SADBL,14,14,148,140.00,"20,720.00"
2019-10-17,2019101701002692,SADBL,38,14,32,140.00,"4,480.00"
2019-10-17,2019101701002979,SANIMA,57,21,20,305.00,"6,100.00"
2019-10-17,2019101701002912,SANIMA,57,57,150,305.00,"45,750.00"
2019-10-17,2019101701002870,SANIMA,57,38,80,305.00,"24,400.00"
2019-10-17,2019101701002886,SAPDBL,46,45,10,123.00,"1,230.00"
2019-10-17,2019101701003008,SBL,45,13,100,295.00,"29,500.00"
2019-10-17,2019101701002941,SBL,34,57,250,294.00,"73,500.00"
2019-10-17,2019101701002931,SBL,21,13,100,295.00,"29,500.00"
2019-10-17,2019101701002816,SBL,42,13,200,295.00,"59,000.00"
2019-10-17,2019101701002734,SBL,5,13,50,295.00,"14,750.00"
2019-10-17,2019101701002718,SBL,34,13,100,295.00,"29,500.00"
2019-10-17,2019101701002712,SBL,51,13,100,295.00,"29,500.00"
2019-10-17,2019101701002681,SBL,49,13,30,295.00,"8,850.00"
2019-10-17,2019101701002652,SBL,34,1,60,294.00,"17,640.00"
2019-10-17,2019101701003058,SCB,44,44,400,573.00,"229,200.00"
2019-10-17,2019101701003057,SCB,10,44,100,573.00,"57,300.00"
2019-10-17,2019101701003056,SCB,42,44,55,573.00,"31,515.00"
2019-10-17,2019101701002953,SCB,43,40,100,574.00,"57,400.00"
2019-10-17,2019101701002900,SCB,42,21,10,573.00,"5,730.00"
2019-10-17,2019101701002885,SCB,44,44,"1,000",573.00,"573,000.00"
2019-10-17,2019101701002884,SCB,42,21,10,573.00,"5,730.00"
2019-10-17,2019101701002588,SCB,5,40,50,574.00,"28,700.00"
2019-10-17,2019101701003075,SDESI,35,34,150,606.00,"90,900.00"
2019-10-17,2019101701002952,SDESI,35,34,200,606.00,"121,200.00"
2019-10-17,2019101701002951,SDESI,35,34,58,606.00,"35,148.00"
2019-10-17,2019101701002882,SEF,3,28,"3,000",8.89,"26,670.00"
2019-10-17,2019101701003071,SHINE,57,42,159,253.00,"40,227.00"
2019-10-17,2019101701003070,SHINE,57,57,20,253.00,"5,060.00"
2019-10-17,2019101701003069,SHINE,57,44,21,253.00,"5,313.00"
2019-10-17,2019101701003063,SHIVM,45,14,40,493.00,"19,720.00"
2019-10-17,2019101701003007,SHIVM,3,14,25,493.00,"12,325.00"
2019-10-17,2019101701002993,SHIVM,32,14,30,493.00,"14,790.00"
2019-10-17,2019101701002889,SHIVM,56,21,10,492.00,"4,920.00"
2019-10-17,2019101701002853,SHL,16,58,500,208.00,"104,000.00"
2019-10-17,2019101701002638,SHL,34,42,200,207.00,"41,400.00"
2019-10-17,2019101701003000,SHPC,1,7,200,188.00,"37,600.00"
2019-10-17,2019101701002999,SHPC,52,7,108,188.00,"20,304.00"
2019-10-17,2019101701002883,SHPC,16,7,461,188.00,"86,668.00"
2019-10-17,2019101701002678,SHPC,16,17,39,188.00,"7,332.00"
2019-10-17,2019101701002737,SICL,51,57,16,725.00,"11,600.00"
2019-10-17,2019101701002929,SIL,51,25,60,375.00,"22,500.00"
2019-10-17,2019101701002607,SIL,45,47,13,380.00,"4,940.00"
2019-10-17,2019101701002584,SINDU,35,57,500,123.00,"61,500.00"
2019-10-17,2019101701002583,SINDU,1,57,150,123.00,"18,450.00"
2019-10-17,2019101701002582,SINDU,26,57,200,124.00,"24,800.00"
2019-10-17,2019101701002581,SINDU,26,57,200,124.00,"24,800.00"
2019-10-17,2019101701003077,SJCL,35,51,151,169.00,"25,519.00"
2019-10-17,2019101701003062,SJCL,35,51,349,169.00,"58,981.00"
2019-10-17,2019101701003061,SJCL,35,35,151,169.00,"25,519.00"
2019-10-17,2019101701003060,SJCL,57,35,100,169.00,"16,900.00"
2019-10-17,2019101701003059,SJCL,1,35,50,169.00,"8,450.00"
2019-10-17,2019101701002703,SJCL,1,21,20,169.00,"3,380.00"
2019-10-17,2019101701002689,SJCL,13,21,20,168.00,"3,360.00"
2019-10-17,2019101701002684,SJCL,13,21,20,168.00,"3,360.00"
2019-10-17,2019101701002672,SJCL,13,21,20,168.00,"3,360.00"
2019-10-17,2019101701002642,SJCL,13,21,20,168.00,"3,360.00"
2019-10-17,2019101701002635,SJCL,13,21,20,168.00,"3,360.00"
2019-10-17,2019101701002795,SJCL,35,1,10,170.00,"1,700.00"
2019-10-17,2019101701002794,SJCL,35,37,10,170.00,"1,700.00"
2019-10-17,2019101701002786,SJCL,1,8,10,169.00,"1,690.00"
2019-10-17,2019101701002757,SJCL,1,8,20,169.00,"3,380.00"
2019-10-17,2019101701002711,SJCL,1,21,20,169.00,"3,380.00"
2019-10-17,2019101701002801,SJCL,35,1,20,170.00,"3,400.00"
2019-10-17,2019101701002800,SJCL,35,1,20,170.00,"3,400.00"
2019-10-17,2019101701002799,SJCL,35,1,20,170.00,"3,400.00"
2019-10-17,2019101701002798,SJCL,35,41,10,170.00,"1,700.00"
2019-10-17,2019101701002797,SJCL,35,41,10,170.00,"1,700.00"
2019-10-17,2019101701002796,SJCL,35,1,20,170.00,"3,400.00"
2019-10-17,2019101701002807,SJCL,35,1,20,170.00,"3,400.00"
2019-10-17,2019101701002806,SJCL,35,1,20,170.00,"3,400.00"
2019-10-17,2019101701002805,SJCL,35,1,20,170.00,"3,400.00"
2019-10-17,2019101701002804,SJCL,35,1,20,170.00,"3,400.00"
2019-10-17,2019101701002803,SJCL,35,1,20,170.00,"3,400.00"
2019-10-17,2019101701002802,SJCL,35,1,20,170.00,"3,400.00"
2019-10-17,2019101701002813,SJCL,35,38,10,170.00,"1,700.00"
2019-10-17,2019101701002812,SJCL,35,22,10,170.00,"1,700.00"
2019-10-17,2019101701002811,SJCL,35,54,20,170.00,"3,400.00"
2019-10-17,2019101701002810,SJCL,35,1,20,170.00,"3,400.00"
2019-10-17,2019101701002809,SJCL,35,1,20,170.00,"3,400.00"
2019-10-17,2019101701002808,SJCL,35,1,20,170.00,"3,400.00"
2019-10-17,2019101701003009,SJCL,1,26,20,169.00,"3,380.00"
2019-10-17,2019101701002984,SJCL,1,29,10,169.00,"1,690.00"
2019-10-17,2019101701002815,SJCL,35,39,500,170.00,"85,000.00"
2019-10-17,2019101701002814,SJCL,35,38,10,170.00,"1,700.00"
2019-10-17,2019101701002845,SLBSL,34,18,50,690.00,"34,500.00"
2019-10-17,2019101701002959,SLICL,4,4,"5,000",263.00,"1,315,000.00"
2019-10-17,2019101701002947,SLICL,35,42,10,265.00,"2,650.00"
2019-10-17,2019101701002960,SMFBS,48,14,10,777.00,"7,770.00"
2019-10-17,2019101701003039,SPARS,26,40,10,535.00,"5,350.00"
2019-10-17,2019101701003038,SPARS,26,40,10,535.00,"5,350.00"
2019-10-17,2019101701003037,SPARS,26,39,10,533.00,"5,330.00"
2019-10-17,2019101701003036,SPARS,26,45,10,532.00,"5,320.00"
2019-10-17,2019101701003035,SPARS,26,44,10,530.00,"5,300.00"
2019-10-17,2019101701002973,SPARS,35,14,10,527.00,"5,270.00"
2019-10-17,2019101701003040,SRBL,42,36,200,240.00,"48,000.00"
2019-10-17,2019101701003001,SRBL,58,36,100,240.00,"24,000.00"
2019-10-17,2019101701002998,SRBL,34,36,70,240.00,"16,800.00"
2019-10-17,2019101701002992,SRBL,21,36,40,240.00,"9,600.00"
2019-10-17,2019101701002980,SRBL,3,36,20,240.00,"4,800.00"
2019-10-17,2019101701002974,SRBL,3,36,60,240.00,"14,400.00"
2019-10-17,2019101701002609,SRBL,13,36,77,239.00,"18,403.00"
2019-10-17,2019101701002608,SRBL,35,36,128,239.00,"30,592.00"
2019-10-17,2019101701002606,SRBL,17,25,100,240.00,"24,000.00"
2019-10-17,2019101701002586,SRBL,11,25,200,240.00,"48,000.00"
2019-10-17,2019101701002663,SRBL,49,7,100,240.00,"24,000.00"
2019-10-17,2019101701002662,SRBL,49,35,50,240.00,"12,000.00"
2019-10-17,2019101701002661,SRBL,49,35,49,240.00,"11,760.00"
2019-10-17,2019101701002660,SRBL,49,35,221,240.00,"53,040.00"
2019-10-17,2019101701002613,SRBL,11,35,29,240.00,"6,960.00"
2019-10-17,2019101701002612,SRBL,11,25,71,240.00,"17,040.00"
2019-10-17,2019101701002669,SRBL,49,42,500,240.00,"120,000.00"
2019-10-17,2019101701002668,SRBL,49,32,500,240.00,"120,000.00"
2019-10-17,2019101701002667,SRBL,49,1,381,240.00,"91,440.00"
2019-10-17,2019101701002666,SRBL,49,1,240,240.00,"57,600.00"
2019-10-17,2019101701002665,SRBL,49,17,"1,700",240.00,"408,000.00"
2019-10-17,2019101701002664,SRBL,49,54,500,240.00,"120,000.00"
2019-10-17,2019101701002818,SRBL,51,11,60,240.00,"14,400.00"
2019-10-17,2019101701002817,SRBL,51,1,40,240.00,"9,600.00"
2019-10-17,2019101701002736,SRBL,45,1,200,240.00,"48,000.00"
2019-10-17,2019101701002720,SRBL,17,57,141,240.00,"33,840.00"
2019-10-17,2019101701002698,SRBL,55,57,100,240.00,"24,000.00"
2019-10-17,2019101701002670,SRBL,49,57,759,240.00,"182,160.00"
2019-10-17,2019101701002877,SRBL,19,36,100,240.00,"24,000.00"
2019-10-17,2019101701002838,SRBL,13,36,70,240.00,"16,800.00"
2019-10-17,2019101701002837,SRBL,13,43,100,240.00,"24,000.00"
2019-10-17,2019101701002836,SRBL,13,11,30,240.00,"7,200.00"
2019-10-17,2019101701002832,SRBL,21,11,100,240.00,"24,000.00"
2019-10-17,2019101701002819,SRBL,26,11,10,240.00,"2,400.00"
2019-10-17,2019101701002943,SRBL,58,36,50,240.00,"12,000.00"
2019-10-17,2019101701002934,SRBL,51,36,100,240.00,"24,000.00"
2019-10-17,2019101701002893,SRBL,57,36,500,240.00,"120,000.00"
2019-10-17,2019101701002888,SRBL,51,26,196,239.00,"46,844.00"
2019-10-17,2019101701002887,SRBL,13,26,223,239.00,"53,297.00"
2019-10-17,2019101701002880,SRBL,21,36,10,240.00,"2,400.00"
2019-10-17,2019101701002921,TMDBL,34,57,300,147.00,"44,100.00"
2019-10-17,2019101701002707,UMHL,45,17,14,103.00,"1,442.00"
2019-10-17,2019101701002585,UNHPL,25,25,50,58.00,"2,900.00"
2019-10-17,2019101701002746,UPCL,13,17,70,79.00,"5,530.00"
2019-10-17,2019101701002590,UPCL,13,25,50,79.00,"3,950.00"
2019-10-17,2019101701002906,UPPER,33,26,107,235.00,"25,145.00"
2019-10-17,2019101701002905,UPPER,42,26,200,235.00,"47,000.00"
2019-10-17,2019101701002904,UPPER,33,26,93,235.00,"21,855.00"
2019-10-17,2019101701002721,UPPER,33,17,40,235.00,"9,400.00"
2019-10-17,2019101701002683,UPPER,33,10,10,236.00,"2,360.00"
2019-10-17,2019101701002467,ADBL,39,58,102,414.00,"42,228.00"
2019-10-17,2019101701002442,ADBL,39,58,898,414.00,"371,772.00"
2019-10-17,2019101701002438,ADBL,39,39,408,414.00,"168,912.00"
2019-10-17,2019101701002411,ADBL,39,28,"1,000",414.00,"414,000.00"
2019-10-17,2019101701002109,ADBL,39,38,50,414.00,"20,700.00"
2019-10-17,2019101701002108,ADBL,39,19,52,414.00,"21,528.00"
2019-10-17,2019101701002487,AKBSL,43,1,10,412.00,"4,120.00"
2019-10-17,2019101701002486,AKBSL,43,29,10,411.00,"4,110.00"
2019-10-17,2019101701002514,ALBSL,14,25,180,385.00,"69,300.00"
2019-10-17,2019101701002513,ALBSL,41,25,40,385.00,"15,400.00"
2019-10-17,2019101701002512,ALBSL,35,25,30,386.00,"11,580.00"
2019-10-17,2019101701002542,API,50,49,10,113.00,"1,130.00"
2019-10-17,2019101701002484,API,50,49,500,111.00,"55,500.00"
2019-10-17,2019101701002481,API,49,49,500,111.00,"55,500.00"
2019-10-17,2019101701002480,API,50,49,"2,000",111.00,"222,000.00"
2019-10-17,2019101701002439,API,49,49,271,111.00,"30,081.00"
2019-10-17,2019101701002422,API,25,49,"1,500",111.00,"166,500.00"
2019-10-17,2019101701002371,API,1,42,200,113.00,"22,600.00"
2019-10-17,2019101701002370,API,40,42,500,113.00,"56,500.00"
2019-10-17,2019101701002369,API,37,42,659,113.00,"74,467.00"
2019-10-17,2019101701002415,API,3,49,150,112.00,"16,800.00"
2019-10-17,2019101701002414,API,38,49,200,112.00,"22,400.00"
2019-10-17,2019101701002413,API,57,49,200,112.00,"22,400.00"
2019-10-17,2019101701002412,API,49,49,259,113.00,"29,267.00"
2019-10-17,2019101701002373,API,49,42,141,113.00,"15,933.00"
2019-10-17,2019101701002372,API,37,42,"1,000",113.00,"113,000.00"
2019-10-17,2019101701002421,API,25,49,"4,000",111.00,"444,000.00"
2019-10-17,2019101701002420,API,29,49,200,111.00,"22,200.00"
2019-10-17,2019101701002419,API,42,49,"1,000",111.00,"111,000.00"
2019-10-17,2019101701002418,API,34,49,20,111.00,"2,220.00"
2019-10-17,2019101701002417,API,25,49,100,111.00,"11,100.00"
2019-10-17,2019101701002416,API,13,49,100,112.00,"11,200.00"
2019-10-17,2019101701002349,BOKL,50,41,30,226.00,"6,780.00"
2019-10-17,2019101701002265,BOKL,7,40,100,227.00,"22,700.00"
2019-10-17,2019101701002164,BOKL,13,40,100,227.00,"22,700.00"
2019-10-17,2019101701002138,BOKL,46,40,200,227.00,"45,400.00"
2019-10-17,2019101701002476,BPCL,48,45,50,364.00,"18,200.00"
2019-10-17,2019101701002475,BPCL,48,42,20,364.00,"7,280.00"
2019-10-17,2019101701002205,BPCL,33,26,33,361.00,"11,913.00"
2019-10-17,2019101701002449,CBBL,45,42,50,965.00,"48,250.00"
2019-10-17,2019101701002342,CBBL,34,42,500,961.00,"480,500.00"
2019-10-17,2019101701002341,CBBL,22,42,300,962.00,"288,600.00"
2019-10-17,2019101701002340,CBBL,42,42,200,962.00,"192,400.00"
2019-10-17,2019101701002207,CBBL,44,34,100,965.00,"96,500.00"
2019-10-17,2019101701002206,CBBL,44,34,126,965.00,"121,590.00"
2019-10-17,2019101701002198,CBL,36,36,1,145.00,145.00
2019-10-17,2019101701002195,CBL,36,36,1,145.00,145.00
2019-10-17,2019101701002179,CBL,36,36,3,145.00,435.00
2019-10-17,2019101701002173,CBL,36,36,2,143.00,286.00
2019-10-17,2019101701002158,CBL,36,36,2,144.00,288.00
2019-10-17,2019101701002297,CCBL,46,40,100,155.00,"15,500.00"
2019-10-17,2019101701002172,CCBL,42,40,10,155.00,"1,550.00"
2019-10-17,2019101701002493,CHCL,48,6,65,423.00,"27,495.00"
2019-10-17,2019101701002492,CHCL,48,56,50,422.00,"21,100.00"
2019-10-17,2019101701002110,CHCL,28,13,58,419.00,"24,302.00"
2019-10-17,2019101701002101,CHCL,48,6,58,423.00,"24,534.00"
2019-10-17,2019101701002092,CZBIL,50,56,50,193.00,"9,650.00"
2019-10-17,2019101701002091,CZBIL,43,56,500,193.00,"96,500.00"
2019-10-17,2019101701002090,CZBIL,45,56,250,193.00,"48,250.00"
2019-10-17,2019101701002447,DBBL,49,38,32,127.00,"4,064.00"
2019-10-17,2019101701002446,DBBL,49,44,968,127.00,"122,936.00"
2019-10-17,2019101701002384,DBBL,34,34,10,126.00,"1,260.00"
2019-10-17,2019101701002577,EBL,5,44,100,550.00,"55,000.00"
2019-10-17,2019101701002559,EBL,50,57,39,548.00,"21,372.00"
2019-10-17,2019101701002515,EBL,3,57,30,548.00,"16,440.00"
2019-10-17,2019101701002494,EBL,13,57,10,548.00,"5,480.00"
2019-10-17,2019101701002408,EBL,44,57,50,548.00,"27,400.00"
2019-10-17,2019101701002285,EBL,21,57,100,548.00,"54,800.00"
2019-10-17,2019101701002196,EBL,29,57,176,548.00,"96,448.00"
2019-10-17,2019101701002089,EBL,33,57,10,548.00,"5,480.00"
2019-10-17,2019101701002511,FMDBL,5,47,243,308.00,"74,844.00"
2019-10-17,2019101701002510,FMDBL,47,47,20,308.00,"6,160.00"
2019-10-17,2019101701002509,FMDBL,57,47,20,308.00,"6,160.00"
2019-10-17,2019101701002508,FMDBL,59,47,300,308.00,"92,400.00"
2019-10-17,2019101701002507,FMDBL,45,47,50,309.00,"15,450.00"
2019-10-17,2019101701002506,FMDBL,57,47,10,309.00,"3,090.00"
2019-10-17,2019101701002505,FMDBL,17,47,200,309.00,"61,800.00"
2019-10-17,2019101701002504,FMDBL,49,47,60,310.00,"18,600.00"
2019-10-17,2019101701002503,FMDBL,33,47,50,311.00,"15,550.00"
2019-10-17,2019101701002502,FMDBL,44,47,200,311.00,"62,200.00"
2019-10-17,2019101701002560,FOWAD,7,45,19,"1,275.00","24,225.00"
2019-10-17,2019101701002335,FOWAD,46,13,34,"1,278.00","43,452.00"
2019-10-17,2019101701002334,FOWAD,46,44,12,"1,278.00","15,336.00"
2019-10-17,2019101701002545,GBBL,35,57,285,216.00,"61,560.00"
2019-10-17,2019101701002544,GBBL,35,29,15,215.00,"3,225.00"
2019-10-17,2019101701002269,GBBL,39,45,20,214.00,"4,280.00"
2019-10-17,2019101701002267,GBBL,39,44,583,214.00,"124,762.00"
2019-10-17,2019101701002562,GBLBS,11,41,15,313.00,"4,695.00"
2019-10-17,2019101701002533,GBLBS,16,47,140,310.00,"43,400.00"
2019-10-17,2019101701002532,GBLBS,41,47,60,310.00,"18,600.00"
2019-10-17,2019101701002531,GBLBS,42,47,300,311.00,"93,300.00"
2019-10-17,2019101701002443,GBLBS,36,36,15,312.00,"4,680.00"
2019-10-17,2019101701002431,GBLBS,36,36,15,312.00,"4,680.00"
2019-10-17,2019101701002166,GBLBS,38,49,20,312.00,"6,240.00"
2019-10-17,2019101701002154,GBLBS,26,45,10,312.00,"3,120.00"
2019-10-17,2019101701002423,GBLBS,36,36,15,312.00,"4,680.00"
2019-10-17,2019101701002381,GBLBS,7,49,50,311.00,"15,550.00"
2019-10-17,2019101701002243,GBLBS,41,45,10,310.00,"3,100.00"
2019-10-17,2019101701002169,GBLBS,1,49,150,311.00,"46,650.00"
2019-10-17,2019101701002168,GBLBS,33,49,500,311.00,"155,500.00"
2019-10-17,2019101701002167,GBLBS,42,49,200,311.00,"62,200.00"
2019-10-17,2019101701002485,GILB,7,1,22,690.00,"15,180.00"
2019-10-17,2019101701002284,GLICL,42,45,10,352.00,"3,520.00"
2019-10-17,2019101701002112,GLICL,42,45,10,352.00,"3,520.00"
2019-10-17,2019101701002479,GUFL,3,44,21,109.00,"2,289.00"
2019-10-17,2019101701002445,HBL,22,45,20,502.00,"10,040.00"
2019-10-17,2019101701002264,HBL,45,38,100,500.00,"50,000.00"
2019-10-17,2019101701002263,HBL,45,38,100,500.00,"50,000.00"
2019-10-17,2019101701002527,HIDCL,44,44,11,137.00,"1,507.00"
2019-10-17,2019101701002526,HIDCL,44,44,11,137.00,"1,507.00"
2019-10-17,2019101701002525,HIDCL,44,44,11,137.00,"1,507.00"
2019-10-17,2019101701002524,HIDCL,44,44,11,137.00,"1,507.00"
2019-10-17,2019101701002523,HIDCL,44,44,11,137.00,"1,507.00"
2019-10-17,2019101701002522,HIDCL,44,44,11,137.00,"1,507.00"
2019-10-17,2019101701002337,HIDCL,35,11,67,136.00,"9,112.00"
2019-10-17,2019101701002336,HIDCL,16,11,133,136.00,"18,088.00"
2019-10-17,2019101701002120,HIDCL,16,13,495,136.00,"67,320.00"
2019-10-17,2019101701002478,HPPL,22,41,10,138.00,"1,380.00"
2019-10-17,2019101701002084,HPPL,18,59,210,139.00,"29,190.00"
2019-10-17,2019101701002568,HURJA,45,25,20,105.00,"2,100.00"
2019-10-17,2019101701002474,ILBS,48,35,100,420.00,"42,000.00"
2019-10-17,2019101701002393,ILBS,39,26,10,419.00,"4,190.00"
2019-10-17,2019101701002118,ILBS,34,22,100,420.00,"42,000.00"
2019-10-17,2019101701002448,JBBL,35,1,19,157.00,"2,983.00"
2019-10-17,2019101701002425,KBL,44,32,500,181.00,"90,500.00"
2019-10-17,2019101701002331,KBL,56,42,110,181.00,"19,910.00"
2019-10-17,2019101701002330,KBL,22,42,200,181.00,"36,200.00"
2019-10-17,2019101701002329,KBL,42,42,30,181.00,"5,430.00"
2019-10-17,2019101701002328,KBL,28,42,300,181.00,"54,300.00"
2019-10-17,2019101701002327,KBL,42,42,20,181.00,"3,620.00"
2019-10-17,2019101701002326,KBL,35,42,620,181.00,"112,220.00"
2019-10-17,2019101701002295,KBL,58,38,36,182.00,"6,552.00"
2019-10-17,2019101701002294,KBL,58,50,900,182.00,"163,800.00"
2019-10-17,2019101701002180,KBL,5,50,100,182.00,"18,200.00"
2019-10-17,2019101701002565,KSBBL,39,32,205,141.00,"28,905.00"
2019-10-17,2019101701002310,KSBBL,33,22,100,140.00,"14,000.00"
2019-10-17,2019101701002098,LBL,56,49,100,214.00,"21,400.00"
2019-10-17,2019101701002352,LGIL,11,17,30,317.00,"9,510.00"
2019-10-17,2019101701002204,LGIL,42,17,10,317.00,"3,170.00"
2019-10-17,2019101701002392,LVF1,11,38,"11,000",8.35,"91,850.00"
2019-10-17,2019101701002454,MBL,29,57,54,224.00,"12,096.00"
2019-10-17,2019101701002453,MBL,34,57,434,224.00,"97,216.00"
2019-10-17,2019101701002367,MBL,34,42,66,224.00,"14,784.00"
2019-10-17,2019101701002366,MBL,49,42,"1,434",224.00,"321,216.00"
2019-10-17,2019101701002268,MBL,29,57,50,224.00,"11,200.00"
2019-10-17,2019101701002102,MBL,14,50,500,225.00,"112,500.00"
2019-10-17,2019101701002578,MDB,35,25,100,245.00,"24,500.00"
2019-10-17,2019101701002444,MEGA,22,32,20,197.00,"3,940.00"
2019-10-17,2019101701002096,MEGA,57,45,20,196.00,"3,920.00"
2019-10-17,2019101701002088,MEGA,14,34,"1,000",197.00,"197,000.00"
2019-10-17,2019101701002087,MEGA,14,32,950,197.00,"187,150.00"
2019-10-17,2019101701002321,MEGA,57,45,10,196.00,"1,960.00"
2019-10-17,2019101701002134,MEGA,57,45,50,196.00,"9,800.00"
2019-10-17,2019101701002576,MERO,47,49,20,550.00,"11,000.00"
2019-10-17,2019101701002240,MERO,41,45,10,545.00,"5,450.00"
2019-10-17,2019101701002306,MERO,41,42,10,550.00,"5,500.00"
2019-10-17,2019101701002574,MHNL,38,25,30,79.00,"2,370.00"
2019-10-17,2019101701002490,MLBL,41,13,36,215.00,"7,740.00"
2019-10-17,2019101701002489,MLBL,6,13,72,215.00,"15,480.00"
2019-10-17,2019101701002471,MLBL,36,8,20,216.00,"4,320.00"
2019-10-17,2019101701002432,MLBL,6,52,28,215.00,"6,020.00"
2019-10-17,2019101701002376,MLBL,13,41,161,213.00,"34,293.00"
2019-10-17,2019101701002079,MLBL,4,22,100,215.00,"21,500.00"
2019-10-17,2019101701002287,MLBL,33,45,10,215.00,"2,150.00"
2019-10-17,2019101701002080,MLBL,33,22,150,215.00,"32,250.00"
2019-10-17,2019101701002315,MLBL,35,52,500,214.00,"107,000.00"
2019-10-17,2019101701002314,MLBL,56,52,100,214.00,"21,400.00"
2019-10-17,2019101701002313,MLBL,42,52,200,215.00,"43,000.00"
2019-10-17,2019101701002312,MLBL,47,52,150,215.00,"32,250.00"
2019-10-17,2019101701002311,MLBL,33,52,140,215.00,"30,100.00"
2019-10-17,2019101701002375,MLBL,13,52,10,213.00,"2,130.00"
2019-10-17,2019101701002320,MLBL,59,52,"1,000",213.00,"213,000.00"
2019-10-17,2019101701002319,MLBL,59,52,"2,000",213.00,"426,000.00"
2019-10-17,2019101701002318,MLBL,4,52,200,213.00,"42,600.00"
2019-10-17,2019101701002317,MLBL,14,52,200,214.00,"42,800.00"
2019-10-17,2019101701002316,MLBL,43,52,500,214.00,"107,000.00"
2019-10-17,2019101701002495,MNBBL,4,28,8,307.00,"2,456.00"
2019-10-17,2019101701002325,MNBBL,35,51,40,313.00,"12,520.00"
2019-10-17,2019101701002208,MNBBL,6,45,90,310.00,"27,900.00"
2019-10-17,2019101701002155,MNBBL,45,45,20,310.00,"6,200.00"
2019-10-17,2019101701002530,MSLB,10,52,40,872.00,"34,880.00"
2019-10-17,2019101701002529,MSLB,41,52,10,872.00,"8,720.00"
2019-10-17,2019101701002528,MSLB,10,52,50,873.00,"43,650.00"
2019-10-17,2019101701002380,NABIL,39,58,427,760.00,"324,520.00"
2019-10-17,2019101701002379,NABIL,42,58,10,760.00,"7,600.00"
2019-10-17,2019101701002378,NABIL,22,58,63,760.00,"47,880.00"
2019-10-17,2019101701002299,NABIL,35,38,10,764.00,"7,640.00"
2019-10-17,2019101701002203,NABIL,22,58,37,760.00,"28,120.00"
2019-10-17,2019101701002202,NABIL,57,58,100,760.00,"76,000.00"
2019-10-17,2019101701002201,NABIL,40,58,100,760.00,"76,000.00"
2019-10-17,2019101701002200,NABIL,11,58,50,760.00,"38,000.00"
2019-10-17,2019101701002199,NABIL,44,58,33,760.00,"25,080.00"
2019-10-17,2019101701002176,NABIL,5,38,20,764.00,"15,280.00"
2019-10-17,2019101701002382,NBL,47,42,500,316.00,"158,000.00"
2019-10-17,2019101701002242,NBL,4,46,110,317.00,"34,870.00"
2019-10-17,2019101701002178,NBL,4,50,210,317.00,"66,570.00"
2019-10-17,2019101701002374,NCCB,32,5,222,197.00,"43,734.00"
2019-10-17,2019101701002307,NCCB,32,45,30,197.00,"5,910.00"
2019-10-17,2019101701002271,NCCB,32,45,20,197.00,"3,940.00"
2019-10-17,2019101701002175,NCCB,32,50,75,197.00,"14,775.00"
2019-10-17,2019101701002174,NCCB,8,50,925,197.00,"182,225.00"
2019-10-17,2019101701002148,NCCB,8,45,30,197.00,"5,910.00"
2019-10-17,2019101701002099,NCCB,8,45,20,197.00,"3,940.00"
2019-10-17,2019101701002304,NEF,19,17,"1,800",7.73,"13,914.00"
2019-10-17,2019101701002303,NEF,19,39,"4,993",7.73,"38,595.89"
2019-10-17,2019101701002302,NEF,19,1,"2,000",7.72,"15,440.00"
2019-10-17,2019101701002133,NHPC,42,14,300,54.00,"16,200.00"
2019-10-17,2019101701002501,NIB,48,34,75,443.00,"33,225.00"
2019-10-17,2019101701002498,NIB,47,34,425,443.00,"188,275.00"
2019-10-17,2019101701002497,NIB,47,38,60,443.00,"26,580.00"
2019-10-17,2019101701002496,NIB,47,49,75,442.00,"33,150.00"
2019-10-17,2019101701002491,NIB,37,37,"2,500",441.00,"1,102,500.00"
2019-10-17,2019101701002472,NIB,39,20,20,440.00,"8,800.00"
2019-10-17,2019101701002397,NIB,44,38,140,443.00,"62,020.00"
2019-10-17,2019101701002396,NIB,44,38,360,443.00,"159,480.00"
2019-10-17,2019101701002273,NIB,11,45,10,442.00,"4,420.00"
2019-10-17,2019101701002466,NIB,6,20,450,441.00,"198,450.00"
2019-10-17,2019101701002465,NIB,52,20,20,441.00,"8,820.00"
2019-10-17,2019101701002464,NIB,51,20,59,441.00,"26,019.00"
2019-10-17,2019101701002463,NIB,22,20,66,442.00,"29,172.00"
2019-10-17,2019101701002462,NIB,53,20,200,442.00,"88,400.00"
2019-10-17,2019101701002461,NIB,11,20,178,442.00,"78,676.00"
2019-10-17,2019101701002391,NIBPO,14,42,200,403.00,"80,600.00"
2019-10-17,2019101701002259,NIBPO,56,38,23,402.00,"9,246.00"
2019-10-17,2019101701002258,NIBPO,39,38,20,405.00,"8,100.00"
2019-10-17,2019101701002257,NIBPO,39,38,50,405.00,"20,250.00"
2019-10-17,2019101701002256,NIBPO,6,38,107,405.00,"43,335.00"
2019-10-17,2019101701002572,NICA,45,22,200,385.00,"77,000.00"
2019-10-17,2019101701002569,NICA,45,41,35,385.00,"13,475.00"
2019-10-17,2019101701002541,NICA,45,51,40,385.00,"15,400.00"
2019-10-17,2019101701002540,NICA,29,51,60,385.00,"23,100.00"
2019-10-17,2019101701002469,NICA,48,49,70,386.00,"27,020.00"
2019-10-17,2019101701002468,NICA,48,8,40,386.00,"15,440.00"
2019-10-17,2019101701002161,NICA,56,50,200,385.00,"77,000.00"
2019-10-17,2019101701002160,NICA,34,50,15,385.00,"5,775.00"
2019-10-17,2019101701002385,NICA,29,13,140,385.00,"53,900.00"
2019-10-17,2019101701002290,NICA,48,8,100,386.00,"38,600.00"
2019-10-17,2019101701002270,NICA,38,8,250,386.00,"96,500.00"
2019-10-17,2019101701002215,NICA,29,45,15,385.00,"5,775.00"
2019-10-17,2019101701002163,NICA,29,50,785,385.00,"302,225.00"
2019-10-17,2019101701002162,NICA,29,50,100,385.00,"38,500.00"
2019-10-17,2019101701002332,NICL,25,28,30,264.00,"7,920.00"
2019-10-17,2019101701002093,NIL,43,20,100,363.00,"36,300.00"
2019-10-17,2019101701002301,NLBBL,55,56,93,496.00,"46,128.00"
2019-10-17,2019101701002394,NLIC,19,22,100,770.00,"77,000.00"
2019-10-17,2019101701002305,NLIC,48,16,38,773.00,"29,374.00"
2019-10-17,2019101701002292,NLIC,14,16,25,773.00,"19,325.00"
2019-10-17,2019101701002291,NLIC,14,33,40,773.00,"30,920.00"
2019-10-17,2019101701002255,NLIC,19,25,64,770.00,"49,280.00"
2019-10-17,2019101701002254,NLIC,22,25,50,770.00,"38,500.00"
2019-10-17,2019101701002209,NLIC,44,28,220,772.00,"169,840.00"
2019-10-17,2019101701002247,NLIC,34,25,100,770.00,"77,000.00"
2019-10-17,2019101701002246,NLIC,4,25,82,770.00,"63,140.00"
2019-10-17,2019101701002245,NLIC,6,25,50,771.00,"38,550.00"
2019-10-17,2019101701002244,NLIC,56,25,54,771.00,"41,634.00"
2019-10-17,2019101701002211,NLIC,44,52,100,772.00,"77,200.00"
2019-10-17,2019101701002210,NLIC,44,17,22,772.00,"16,984.00"
2019-10-17,2019101701002253,NLIC,33,25,100,770.00,"77,000.00"
2019-10-17,2019101701002252,NLIC,3,25,50,770.00,"38,500.00"
2019-10-17,2019101701002251,NLIC,41,25,200,770.00,"154,000.00"
2019-10-17,2019101701002250,NLIC,57,25,100,770.00,"77,000.00"
2019-10-17,2019101701002249,NLIC,41,25,100,770.00,"77,000.00"
2019-10-17,2019101701002248,NLIC,39,25,50,770.00,"38,500.00"
2019-10-17,2019101701002235,NLICL,13,52,50,450.00,"22,500.00"
2019-10-17,2019101701002237,NMBMF,6,17,20,"1,089.00","21,780.00"
2019-10-17,2019101701002103,NMBMF,57,45,10,"1,080.00","10,800.00"
2019-10-17,2019101701002300,NMBSF1,21,6,"3,500",10.30,"36,050.00"
2019-10-17,2019101701002451,NTC,49,4,50,623.00,"31,150.00"
2019-10-17,2019101701002434,NTC,47,29,25,625.00,"15,625.00"
2019-10-17,2019101701002395,NTC,33,29,10,625.00,"6,250.00"
2019-10-17,2019101701002364,NTC,14,58,20,620.00,"12,400.00"
2019-10-17,2019101701002261,NTC,14,42,900,620.00,"558,000.00"
2019-10-17,2019101701002260,NTC,39,42,100,620.00,"62,000.00"
2019-10-17,2019101701002482,PCBL,29,34,40,264.00,"10,560.00"
2019-10-17,2019101701002470,PCBL,51,34,100,264.00,"26,400.00"
2019-10-17,2019101701002458,PCBL,44,41,161,263.00,"42,343.00"
2019-10-17,2019101701002363,PCBL,35,34,10,264.00,"2,640.00"
2019-10-17,2019101701002362,PCBL,35,56,11,263.00,"2,893.00"
2019-10-17,2019101701002226,PCBL,21,5,15,262.00,"3,930.00"
2019-10-17,2019101701002142,PCBL,51,34,"1,000",263.00,"263,000.00"
2019-10-17,2019101701002141,PCBL,22,34,100,264.00,"26,400.00"
2019-10-17,2019101701002140,PCBL,38,34,300,264.00,"79,200.00"
2019-10-17,2019101701002139,PCBL,57,34,"1,304",264.00,"344,256.00"
2019-10-17,2019101701002097,PCBL,57,52,400,264.00,"105,600.00"
2019-10-17,2019101701002181,PCBL,35,34,10,264.00,"2,640.00"
2019-10-17,2019101701002147,PCBL,57,34,"1,000",263.00,"263,000.00"
2019-10-17,2019101701002146,PCBL,53,34,500,263.00,"131,500.00"
2019-10-17,2019101701002145,PCBL,39,34,200,263.00,"52,600.00"
2019-10-17,2019101701002144,PCBL,44,34,100,263.00,"26,300.00"
2019-10-17,2019101701002143,PCBL,32,34,200,263.00,"52,600.00"
2019-10-17,2019101701002440,PFL,50,1,63,135.00,"8,505.00"
2019-10-17,2019101701002433,PFL,50,1,65,135.00,"8,775.00"
2019-10-17,2019101701002407,PICL,58,6,20,458.00,"9,160.00"
2019-10-17,2019101701002262,PLIC,56,49,200,322.00,"64,400.00"
2019-10-17,2019101701002233,PLIC,46,33,80,323.00,"25,840.00"
2019-10-17,2019101701002119,PLIC,56,20,100,322.00,"32,200.00"
2019-10-17,2019101701002563,PMHPL,54,44,10,89.00,890.00
2019-10-17,2019101701002546,PMHPL,54,44,10,89.00,890.00
2019-10-17,2019101701002516,PMHPL,54,44,10,89.00,890.00
2019-10-17,2019101701002383,PMHPL,54,44,10,89.00,890.00
2019-10-17,2019101701002104,PMHPL,54,44,10,89.00,890.00
2019-10-17,2019101701002094,PMHPL,54,44,10,89.00,890.00
2019-10-17,2019101701002556,PRIN,58,47,55,305.00,"16,775.00"
2019-10-17,2019101701002555,PRIN,57,47,314,305.00,"95,770.00"
2019-10-17,2019101701002554,PRIN,7,47,50,305.00,"15,250.00"
2019-10-17,2019101701002553,PRIN,55,47,200,306.00,"61,200.00"
2019-10-17,2019101701002552,PRIN,35,47,20,307.00,"6,140.00"
2019-10-17,2019101701002106,PRIN,51,45,100,307.00,"30,700.00"
2019-10-17,2019101701002571,PRVU,14,45,300,266.00,"79,800.00"
2019-10-17,2019101701002539,PRVU,34,45,200,266.00,"53,200.00"
2019-10-17,2019101701002521,PRVU,49,45,500,266.00,"133,000.00"
2019-10-17,2019101701002520,PRVU,51,45,100,266.00,"26,600.00"
2019-10-17,2019101701002519,PRVU,56,45,50,266.00,"13,300.00"
2019-10-17,2019101701002518,PRVU,21,45,560,266.00,"148,960.00"
2019-10-17,2019101701002095,PRVU,39,45,100,267.00,"26,700.00"
2019-10-17,2019101701002086,PRVU,39,45,50,267.00,"13,350.00"
2019-10-17,2019101701002083,PRVU,39,45,50,267.00,"13,350.00"
2019-10-17,2019101701002081,PRVU,16,45,50,266.00,"13,300.00"
2019-10-17,2019101701002125,PRVU,6,28,450,266.00,"119,700.00"
2019-10-17,2019101701002123,PRVU,39,45,30,267.00,"8,010.00"
2019-10-17,2019101701002116,PRVU,6,28,550,266.00,"146,300.00"
2019-10-17,2019101701002115,PRVU,16,28,950,266.00,"252,700.00"
2019-10-17,2019101701002114,PRVU,39,45,30,267.00,"8,010.00"
2019-10-17,2019101701002107,PRVU,39,45,50,267.00,"13,350.00"
2019-10-17,2019101701002153,PRVU,48,28,10,266.00,"2,660.00"
2019-10-17,2019101701002152,PRVU,37,28,"1,000",266.00,"266,000.00"
2019-10-17,2019101701002151,PRVU,36,28,450,266.00,"119,700.00"
2019-10-17,2019101701002150,PRVU,39,45,50,267.00,"13,350.00"
2019-10-17,2019101701002135,PRVU,36,28,"1,500",266.00,"399,000.00"
2019-10-17,2019101701002126,PRVU,36,28,"1,050",266.00,"279,300.00"
2019-10-17,2019101701002278,PRVU,48,42,100,265.00,"26,500.00"
2019-10-17,2019101701002277,PRVU,34,42,100,266.00,"26,600.00"
2019-10-17,2019101701002276,PRVU,56,42,300,266.00,"79,800.00"
2019-10-17,2019101701002275,PRVU,44,42,"3,000",266.00,"798,000.00"
2019-10-17,2019101701002197,PRVU,8,45,100,267.00,"26,700.00"
2019-10-17,2019101701002157,PRVU,39,45,30,267.00,"8,010.00"
2019-10-17,2019101701002298,PRVU,48,45,100,267.00,"26,700.00"
2019-10-17,2019101701002283,PRVU,44,42,"1,280",265.00,"339,200.00"
2019-10-17,2019101701002282,PRVU,34,42,500,265.00,"132,500.00"
2019-10-17,2019101701002281,PRVU,57,42,20,265.00,"5,300.00"
2019-10-17,2019101701002280,PRVU,29,42,200,265.00,"53,000.00"
2019-10-17,2019101701002279,PRVU,41,42,100,265.00,"26,500.00"
2019-10-17,2019101701002517,PRVU,13,45,50,266.00,"13,300.00"
2019-10-17,2019101701002390,PRVU,56,45,150,267.00,"40,050.00"
2019-10-17,2019101701002353,PRVU,13,5,75,266.00,"19,950.00"
2019-10-17,2019101701002348,PRVU,13,53,330,266.00,"87,780.00"
2019-10-17,2019101701002347,PRVU,54,53,70,266.00,"18,620.00"
2019-10-17,2019101701002346,PRVU,58,53,100,266.00,"26,600.00"
2019-10-17,2019101701002488,RHPL,36,36,2,162.00,324.00
2019-10-17,2019101701002406,RHPL,45,26,40,162.00,"6,480.00"
2019-10-17,2019101701002398,RHPL,45,26,50,162.00,"8,100.00"
2019-10-17,2019101701002358,RHPL,45,26,40,162.00,"6,480.00"
2019-10-17,2019101701002241,RHPL,45,36,40,162.00,"6,480.00"
2019-10-17,2019101701002236,RHPL,45,36,40,162.00,"6,480.00"
2019-10-17,2019101701002220,RHPL,36,44,10,163.00,"1,630.00"
2019-10-17,2019101701002165,RHPL,45,42,20,162.00,"3,240.00"
2019-10-17,2019101701002156,RHPL,45,29,10,162.00,"1,620.00"
2019-10-17,2019101701002124,RHPL,45,29,10,162.00,"1,620.00"
2019-10-17,2019101701002230,RHPL,45,36,40,162.00,"6,480.00"
2019-10-17,2019101701002229,RHPL,45,36,40,162.00,"6,480.00"
2019-10-17,2019101701002224,RHPL,36,44,30,163.00,"4,890.00"
2019-10-17,2019101701002223,RHPL,36,44,40,163.00,"6,520.00"
2019-10-17,2019101701002222,RHPL,36,28,40,163.00,"6,520.00"
2019-10-17,2019101701002221,RHPL,36,28,40,163.00,"6,520.00"
2019-10-17,2019101701002177,RLFL,35,29,13,115.00,"1,495.00"
2019-10-17,2019101701002105,RLFL,35,3,11,115.00,"1,265.00"
2019-10-17,2019101701002232,RMDC,42,29,15,615.00,"9,225.00"
2019-10-17,2019101701002082,RSDC,39,42,60,317.00,"19,020.00"
2019-10-17,2019101701002570,SABSL,32,21,10,452.00,"4,520.00"
2019-10-17,2019101701002564,SABSL,32,21,10,452.00,"4,520.00"
2019-10-17,2019101701002548,SABSL,45,21,10,454.00,"4,540.00"
2019-10-17,2019101701002538,SABSL,45,21,10,454.00,"4,540.00"
2019-10-17,2019101701002537,SABSL,45,45,10,454.00,"4,540.00"
2019-10-17,2019101701002536,SABSL,45,44,10,454.00,"4,540.00"
2019-10-17,2019101701002266,SABSL,1,1,10,453.00,"4,530.00"
2019-10-17,2019101701002238,SABSL,1,1,10,453.00,"4,530.00"
2019-10-17,2019101701002231,SABSL,1,1,10,453.00,"4,530.00"
2019-10-17,2019101701002219,SABSL,1,1,10,453.00,"4,530.00"
2019-10-17,2019101701002127,SABSL,32,20,10,452.00,"4,520.00"
2019-10-17,2019101701002535,SABSL,45,34,10,454.00,"4,540.00"
2019-10-17,2019101701002483,SABSL,32,45,10,452.00,"4,520.00"
2019-10-17,2019101701002459,SABSL,36,36,10,453.00,"4,530.00"
2019-10-17,2019101701002424,SABSL,32,26,10,452.00,"4,520.00"
2019-10-17,2019101701002293,SABSL,1,1,10,453.00,"4,530.00"
2019-10-17,2019101701002272,SABSL,1,1,10,453.00,"4,530.00"
2019-10-17,2019101701002547,SAEF,57,5,300,9.13,"2,739.00"
2019-10-17,2019101701002159,SAEF,57,57,100,9.13,913.00
2019-10-17,2019101701002477,SANIMA,51,38,20,306.00,"6,120.00"
2019-10-17,2019101701002361,SANIMA,50,5,25,306.00,"7,650.00"
2019-10-17,2019101701002377,SAPDBL,55,42,52,122.00,"6,344.00"
2019-10-17,2019101701002368,SAPDBL,39,42,50,122.00,"6,100.00"
2019-10-17,2019101701002128,SAPDBL,55,6,96,122.00,"11,712.00"
2019-10-17,2019101701002350,SBI,46,6,400,400.00,"160,000.00"
2019-10-17,2019101701002289,SBI,44,48,250,396.00,"99,000.00"
2019-10-17,2019101701002288,SBI,44,34,26,396.00,"10,296.00"
2019-10-17,2019101701002561,SBL,11,5,14,294.00,"4,116.00"
2019-10-17,2019101701002388,SBL,38,5,100,294.00,"29,400.00"
2019-10-17,2019101701002387,SBL,11,5,500,294.00,"147,000.00"
2019-10-17,2019101701002386,SBL,33,5,386,294.00,"113,484.00"
2019-10-17,2019101701002357,SBL,33,19,114,294.00,"33,516.00"
2019-10-17,2019101701002356,SBL,50,19,50,294.00,"14,700.00"
2019-10-17,2019101701002355,SBL,41,19,10,294.00,"2,940.00"
2019-10-17,2019101701002354,SBL,34,19,26,294.00,"7,644.00"
2019-10-17,2019101701002234,SBL,34,5,15,294.00,"4,410.00"
2019-10-17,2019101701002085,SBL,33,57,50,295.00,"14,750.00"
2019-10-17,2019101701002573,SCB,42,11,75,573.00,"42,975.00"
2019-10-17,2019101701002450,SCB,22,25,500,573.00,"286,500.00"
2019-10-17,2019101701002171,SCB,56,29,20,572.00,"11,440.00"
2019-10-17,2019101701002457,SDESI,34,34,500,607.00,"303,500.00"
2019-10-17,2019101701002456,SDESI,35,34,100,608.00,"60,800.00"
2019-10-17,2019101701002216,SHINE,42,42,50,253.00,"12,650.00"
2019-10-17,2019101701002473,SHIVM,35,47,10,494.00,"4,940.00"
2019-10-17,2019101701002184,SHIVM,1,50,100,491.00,"49,100.00"
2019-10-17,2019101701002183,SHIVM,58,50,50,491.00,"24,550.00"
2019-10-17,2019101701002182,SHIVM,6,50,40,491.00,"19,640.00"
2019-10-17,2019101701002190,SHIVM,32,50,100,490.00,"49,000.00"
2019-10-17,2019101701002189,SHIVM,19,50,100,490.00,"49,000.00"
2019-10-17,2019101701002188,SHIVM,34,50,50,490.00,"24,500.00"
2019-10-17,2019101701002187,SHIVM,54,50,50,490.00,"24,500.00"
2019-10-17,2019101701002186,SHIVM,35,50,50,491.00,"24,550.00"
2019-10-17,2019101701002185,SHIVM,34,50,100,491.00,"49,100.00"
2019-10-17,2019101701002351,SHIVM,10,6,109,492.00,"53,628.00"
2019-10-17,2019101701002339,SHIVM,14,35,150,491.00,"73,650.00"
2019-10-17,2019101701002213,SHIVM,48,35,100,491.00,"49,100.00"
2019-10-17,2019101701002193,SHIVM,38,50,160,490.00,"78,400.00"
2019-10-17,2019101701002192,SHIVM,17,50,100,490.00,"49,000.00"
2019-10-17,2019101701002191,SHIVM,32,50,100,490.00,"49,000.00"
2019-10-17,2019101701002404,SHL,44,42,200,205.00,"41,000.00"
2019-10-17,2019101701002403,SHL,39,42,100,205.00,"20,500.00"
2019-10-17,2019101701002402,SHL,32,42,"1,000",205.00,"205,000.00"
2019-10-17,2019101701002401,SHL,39,42,100,206.00,"20,600.00"
2019-10-17,2019101701002324,SHL,34,28,200,206.00,"41,200.00"
2019-10-17,2019101701002323,SHL,22,28,300,206.00,"61,800.00"
2019-10-17,2019101701002214,SHL,52,52,300,207.00,"62,100.00"
2019-10-17,2019101701002534,SHPC,35,25,500,190.00,"95,000.00"
2019-10-17,2019101701002286,SICL,40,29,26,720.00,"18,720.00"
2019-10-17,2019101701002111,SICL,51,39,28,723.00,"20,244.00"
2019-10-17,2019101701002100,SICL,35,35,"3,934",721.00,"2,836,414.00"
2019-10-17,2019101701002567,SIL,32,47,20,380.00,"7,600.00"
2019-10-17,2019101701002575,SJCL,13,21,20,168.00,"3,360.00"
2019-10-17,2019101701002566,SJCL,13,21,20,168.00,"3,360.00"
2019-10-17,2019101701002543,SJCL,13,21,20,168.00,"3,360.00"
2019-10-17,2019101701002409,SJCL,13,26,10,168.00,"1,680.00"
2019-10-17,2019101701002400,SJCL,13,26,10,168.00,"1,680.00"
2019-10-17,2019101701002132,SJCL,52,29,10,169.00,"1,690.00"
2019-10-17,2019101701002309,SJCL,36,37,10,170.00,"1,700.00"
2019-10-17,2019101701002308,SJCL,36,57,70,170.00,"11,900.00"
2019-10-17,2019101701002194,SJCL,52,42,10,169.00,"1,690.00"
2019-10-17,2019101701002149,SJCL,52,29,10,169.00,"1,690.00"
2019-10-17,2019101701002399,SJCL,52,26,10,169.00,"1,690.00"
2019-10-17,2019101701002360,SJCL,52,26,20,169.00,"3,380.00"
2019-10-17,2019101701002343,SJCL,52,36,20,169.00,"3,380.00"
2019-10-17,2019101701002338,SJCL,52,36,20,169.00,"3,380.00"
2019-10-17,2019101701002333,SJCL,52,36,20,169.00,"3,380.00"
2019-10-17,2019101701002322,SJCL,52,36,20,169.00,"3,380.00"
2019-10-17,2019101701002452,SKBBL,34,38,400,914.00,"365,600.00"
2019-10-17,2019101701002405,SLICL,43,22,200,263.00,"52,600.00"
2019-10-17,2019101701002436,SMFBS,34,34,500,780.00,"390,000.00"
2019-10-17,2019101701002365,SMFBS,14,26,10,778.00,"7,780.00"
2019-10-17,2019101701002558,SRBL,35,46,22,239.00,"5,258.00"
2019-10-17,2019101701002557,SRBL,4,46,538,239.00,"128,582.00"
2019-10-17,2019101701002551,SRBL,36,25,139,240.00,"33,360.00"
2019-10-17,2019101701002550,SRBL,36,4,86,240.00,"20,640.00"
2019-10-17,2019101701002549,SRBL,36,53,275,240.00,"66,000.00"
2019-10-17,2019101701002499,SRBL,4,43,145,239.00,"34,655.00"
2019-10-17,2019101701002227,SRBL,29,7,360,240.00,"86,400.00"
2019-10-17,2019101701002217,SRBL,21,7,20,240.00,"4,800.00"
2019-10-17,2019101701002121,SRBL,6,7,20,240.00,"4,800.00"
2019-10-17,2019101701002441,SRBL,17,53,50,240.00,"12,000.00"
2019-10-17,2019101701002437,SRBL,22,53,20,240.00,"4,800.00"
2019-10-17,2019101701002389,SRBL,4,52,450,239.00,"107,550.00"
2019-10-17,2019101701002359,SRBL,4,11,222,239.00,"53,058.00"
2019-10-17,2019101701002274,SRBL,21,53,15,240.00,"3,600.00"
2019-10-17,2019101701002228,SRBL,29,53,140,240.00,"33,600.00"
2019-10-17,2019101701002296,SWBBL,28,19,32,915.00,"29,280.00"
2019-10-17,2019101701002131,SWBBL,28,49,73,901.00,"65,773.00"
2019-10-17,2019101701002225,TMDBL,59,50,55,147.00,"8,085.00"
2019-10-17,2019101701002218,TMDBL,59,26,41,148.00,"6,068.00"
2019-10-17,2019101701002212,TMDBL,39,26,161,148.00,"23,828.00"
2019-10-17,2019101701002239,TRH,33,42,10,284.00,"2,840.00"
2019-10-17,2019101701002122,UIC,22,1,100,265.00,"26,500.00"
2019-10-17,2019101701002460,UMHL,42,41,14,102.00,"1,428.00"
2019-10-17,2019101701002345,UPCL,13,41,30,79.00,"2,370.00"
2019-10-17,2019101701002344,UPCL,34,41,20,79.00,"1,580.00"
2019-10-17,2019101701002500,UPPER,33,13,50,235.00,"11,750.00"
2019-10-17,2019101701002455,UPPER,33,56,200,235.00,"47,000.00"
2019-10-17,2019101701002435,UPPER,33,34,50,235.00,"11,750.00"
2019-10-17,2019101701002410,UPPER,33,1,40,235.00,"9,400.00"
2019-10-17,2019101701002170,UPPER,33,22,27,235.00,"6,345.00"
2019-10-17,2019101701002137,UPPER,20,29,40,234.00,"9,360.00"
2019-10-17,2019101701002136,UPPER,57,29,10,234.00,"2,340.00"
2019-10-17,2019101701002130,UPPER,22,22,923,235.00,"216,905.00"
2019-10-17,2019101701002129,UPPER,22,45,77,235.00,"18,095.00"
2019-10-17,2019101701002117,UPPER,57,29,50,234.00,"11,700.00"
2019-10-17,2019101701002113,UPPER,10,22,40,235.00,"9,400.00"
2019-10-17,2019101701002430,VLBS,45,53,41,566.00,"23,206.00"
2019-10-17,2019101701002429,VLBS,45,39,100,565.00,"56,500.00"
2019-10-17,2019101701002428,VLBS,45,17,20,564.00,"11,280.00"
2019-10-17,2019101701002427,VLBS,45,11,19,564.00,"10,716.00"
2019-10-17,2019101701002426,VLBS,45,1,20,563.00,"11,260.00"
2019-10-17,2019101701002014,ADBL,34,36,204,413.00,"84,252.00"
2019-10-17,2019101701002013,ADBL,19,48,20,414.00,"8,280.00"
2019-10-17,2019101701001946,ADBL,34,6,50,413.00,"20,650.00"
2019-10-17,2019101701001602,ADBL,49,48,10,414.00,"4,140.00"
2019-10-17,2019101701002053,AKBSL,36,36,10,410.00,"4,100.00"
2019-10-17,2019101701002051,AKBSL,36,36,10,410.00,"4,100.00"
2019-10-17,2019101701001976,AKBSL,48,33,10,409.00,"4,090.00"
2019-10-17,2019101701001908,AKBSL,48,57,10,409.00,"4,090.00"
2019-10-17,2019101701001606,ALBSL,42,42,10,386.00,"3,860.00"
2019-10-17,2019101701001818,ALICL,7,4,34,315.00,"10,710.00"
2019-10-17,2019101701001817,ALICL,38,4,10,316.00,"3,160.00"
2019-10-17,2019101701001816,ALICL,16,4,11,316.00,"3,476.00"
2019-10-17,2019101701001684,ALICL,16,47,167,316.00,"52,772.00"
2019-10-17,2019101701001601,ALICL,16,59,10,316.00,"3,160.00"
2019-10-17,2019101701002078,API,37,44,11,113.00,"1,243.00"
2019-10-17,2019101701001636,API,56,21,418,114.00,"47,652.00"
2019-10-17,2019101701001633,API,56,44,11,114.00,"1,254.00"
2019-10-17,2019101701001585,API,56,21,500,114.00,"57,000.00"
2019-10-17,2019101701001584,API,57,21,82,114.00,"9,348.00"
2019-10-17,2019101701002060,API,37,45,330,113.00,"37,290.00"
2019-10-17,2019101701002059,API,48,45,100,113.00,"11,300.00"
2019-10-17,2019101701002058,API,59,45,70,113.00,"7,910.00"
2019-10-17,2019101701001680,API,13,44,18,114.00,"2,052.00"
2019-10-17,2019101701001640,API,56,21,71,114.00,"8,094.00"
2019-10-17,2019101701001728,BFC,34,52,10,94.00,940.00
2019-10-17,2019101701001655,BFC,34,34,10,93.00,930.00
2019-10-17,2019101701001643,BFC,34,21,50,92.00,"4,600.00"
2019-10-17,2019101701001642,BFC,34,32,180,92.00,"16,560.00"
2019-10-17,2019101701001639,BFC,34,34,10,91.00,910.00
2019-10-17,2019101701001950,BOKL,50,40,10,227.00,"2,270.00"
2019-10-17,2019101701001738,BOKL,50,35,467,226.00,"105,542.00"
2019-10-17,2019101701001737,BOKL,40,35,103,226.00,"23,278.00"
2019-10-17,2019101701001613,BOKL,28,49,129,227.00,"29,283.00"
2019-10-17,2019101701001605,BOKL,58,57,329,227.00,"74,683.00"
2019-10-17,2019101701001604,BOKL,58,50,100,227.00,"22,700.00"
2019-10-17,2019101701001603,BOKL,58,44,89,227.00,"20,203.00"
2019-10-17,2019101701001711,BPCL,28,39,100,360.00,"36,000.00"
2019-10-17,2019101701001710,BPCL,28,49,381,360.00,"137,160.00"
2019-10-17,2019101701001657,BPCL,13,49,119,360.00,"42,840.00"
2019-10-17,2019101701001727,CBBL,11,33,20,970.00,"19,400.00"
2019-10-17,2019101701001706,CBBL,44,58,74,965.00,"71,410.00"
2019-10-17,2019101701001705,CBBL,44,58,100,965.00,"96,500.00"
2019-10-17,2019101701001704,CBBL,44,58,100,965.00,"96,500.00"
2019-10-17,2019101701001703,CBBL,44,58,16,965.00,"15,440.00"
2019-10-17,2019101701001689,CBBL,56,58,100,966.00,"96,600.00"
2019-10-17,2019101701001682,CBBL,49,58,510,967.00,"493,170.00"
2019-10-17,2019101701001713,CBL,49,52,10,143.00,"1,430.00"
2019-10-17,2019101701001712,CBL,37,52,700,143.00,"100,100.00"
2019-10-17,2019101701001676,CBL,6,51,10,144.00,"1,440.00"
2019-10-17,2019101701001978,CHCL,28,11,247,419.00,"103,493.00"
2019-10-17,2019101701001743,CHCL,28,34,99,419.00,"41,481.00"
2019-10-17,2019101701001833,CHL,1,44,10,80.00,800.00
2019-10-17,2019101701001767,CIT,54,35,25,"1,800.00","45,000.00"
2019-10-17,2019101701001766,CIT,34,35,30,"1,805.00","54,150.00"
2019-10-17,2019101701001765,CIT,49,35,50,"1,810.00","90,500.00"
2019-10-17,2019101701001814,CORBL,41,1,200,104.00,"20,800.00"
2019-10-17,2019101701001764,CZBIL,5,33,50,194.00,"9,700.00"
2019-10-17,2019101701001759,CZBIL,45,13,250,193.00,"48,250.00"
2019-10-17,2019101701001758,CZBIL,40,13,98,193.00,"18,914.00"
2019-10-17,2019101701001840,DBBL,34,44,500,127.00,"63,500.00"
2019-10-17,2019101701001589,DBBL,34,44,10,126.00,"1,260.00"
2019-10-17,2019101701002075,EBL,13,57,20,548.00,"10,960.00"
2019-10-17,2019101701002027,EBL,19,57,20,548.00,"10,960.00"
2019-10-17,2019101701001790,EBL,41,4,170,547.00,"92,990.00"
2019-10-17,2019101701001740,EBL,40,57,90,548.00,"49,320.00"
2019-10-17,2019101701001674,EBL,40,34,10,548.00,"5,480.00"
2019-10-17,2019101701001626,EBL,44,57,100,549.00,"54,900.00"
2019-10-17,2019101701002074,FMDBL,56,19,200,312.00,"62,400.00"
2019-10-17,2019101701001813,FMDBL,49,34,140,310.00,"43,400.00"
2019-10-17,2019101701001812,FMDBL,55,34,20,310.00,"6,200.00"
2019-10-17,2019101701001811,FMDBL,44,34,50,310.00,"15,500.00"
2019-10-17,2019101701001810,FMDBL,57,34,10,310.00,"3,100.00"
2019-10-17,2019101701001809,FMDBL,52,34,30,310.00,"9,300.00"
2019-10-17,2019101701001719,FMDBL,55,19,30,312.00,"9,360.00"
2019-10-17,2019101701001718,FMDBL,45,19,20,312.00,"6,240.00"
2019-10-17,2019101701001808,FMDBL,25,34,350,311.00,"108,850.00"
2019-10-17,2019101701001807,FMDBL,45,34,100,311.00,"31,100.00"
2019-10-17,2019101701001806,FMDBL,58,34,200,311.00,"62,200.00"
2019-10-17,2019101701001805,FMDBL,26,34,50,311.00,"15,550.00"
2019-10-17,2019101701001804,FMDBL,53,34,50,311.00,"15,550.00"
2019-10-17,2019101701001720,FMDBL,34,19,100,312.00,"31,200.00"
2019-10-17,2019101701001741,FOWAD,25,44,21,"1,275.00","26,775.00"
2019-10-17,2019101701001916,GBBL,39,54,280,213.00,"59,640.00"
2019-10-17,2019101701001915,GBBL,14,54,50,214.00,"10,700.00"
2019-10-17,2019101701001914,GBBL,13,54,100,214.00,"21,400.00"
2019-10-17,2019101701001629,GBBL,28,29,50,215.00,"10,750.00"
2019-10-17,2019101701001617,GBBL,26,29,200,215.00,"43,000.00"
2019-10-17,2019101701001592,GBBL,28,29,20,215.00,"4,300.00"
2019-10-17,2019101701002039,GBLBS,26,1,25,312.00,"7,800.00"
2019-10-17,2019101701001998,GBLBS,26,42,15,312.00,"4,680.00"
2019-10-17,2019101701001956,GBLBS,26,44,10,312.00,"3,120.00"
2019-10-17,2019101701001855,GFCL,59,22,190,132.00,"25,080.00"
2019-10-17,2019101701001847,GFCL,47,22,50,133.00,"6,650.00"
2019-10-17,2019101701001846,GFCL,49,22,10,134.00,"1,340.00"
2019-10-17,2019101701001691,GGBSL,38,36,10,286.00,"2,860.00"
2019-10-17,2019101701001596,GGBSL,40,36,50,281.00,"14,050.00"
2019-10-17,2019101701001594,GGBSL,43,36,10,276.00,"2,760.00"
2019-10-17,2019101701001953,GIMES1,32,38,346,7.02,"2,428.92"
2019-10-17,2019101701001683,GIMES1,32,34,"1,654",7.02,"11,611.08"
2019-10-17,2019101701001980,GLBSL,58,33,10,426.00,"4,260.00"
2019-10-17,2019101701001990,GMFIL,49,26,132,113.00,"14,916.00"
2019-10-17,2019101701001987,GMFIL,56,26,300,113.00,"33,900.00"
2019-10-17,2019101701001986,GMFIL,48,26,100,113.00,"11,300.00"
2019-10-17,2019101701001985,GMFIL,35,26,13,113.00,"1,469.00"
2019-10-17,2019101701002030,GRDBL,13,57,623,106.00,"66,038.00"
2019-10-17,2019101701001979,GRDBL,56,44,10,105.00,"1,050.00"
2019-10-17,2019101701001856,GRDBL,56,44,10,105.00,"1,050.00"
2019-10-17,2019101701002033,GUFL,3,28,10,109.00,"1,090.00"
2019-10-17,2019101701001666,GUFL,45,44,18,108.00,"1,944.00"
2019-10-17,2019101701001911,HGI,29,5,60,262.00,"15,720.00"
2019-10-17,2019101701001762,HIDCL,16,34,41,136.00,"5,576.00"
2019-10-17,2019101701001761,HIDCL,41,34,20,137.00,"2,740.00"
2019-10-17,2019101701001742,HIDCL,41,44,11,137.00,"1,507.00"
2019-10-17,2019101701001693,HIDCL,41,34,10,137.00,"1,370.00"
2019-10-17,2019101701001791,HPPL,22,34,10,138.00,"1,380.00"
2019-10-17,2019101701001600,HPPL,22,44,10,138.00,"1,380.00"
2019-10-17,2019101701001579,HPPL,22,59,"1,640",139.00,"227,960.00"
2019-10-17,2019101701001607,IGI,37,7,100,290.00,"29,000.00"
2019-10-17,2019101701001612,ILBS,42,42,10,420.00,"4,200.00"
2019-10-17,2019101701001581,ILBS,42,42,10,420.00,"4,200.00"
2019-10-17,2019101701001819,JBBL,35,45,10,157.00,"1,570.00"
2019-10-17,2019101701001815,JOSHI,21,16,10,63.00,630.00
2019-10-17,2019101701001923,KBL,35,14,100,181.00,"18,100.00"
2019-10-17,2019101701001830,KBL,45,50,200,182.00,"36,400.00"
2019-10-17,2019101701001829,KBL,49,50,10,182.00,"1,820.00"
2019-10-17,2019101701002001,KSBBL,50,14,681,141.00,"96,021.00"
2019-10-17,2019101701001921,KSBBL,33,14,200,141.00,"28,200.00"
2019-10-17,2019101701001898,KSBBL,14,14,40,141.00,"5,640.00"
2019-10-17,2019101701001897,KSBBL,50,14,"2,000",141.00,"282,000.00"
2019-10-17,2019101701001763,KSBBL,10,14,500,141.00,"70,500.00"
