Date,Transact. No.,Symbol,Buyer,Seller,Quantity,Rate,Amount
2020-09-03,2020090301039100,ACLBSL,34,38,40,704.00,"28,160.00"
2020-09-03,2020090301039099,ACLBSL,34,35,10,703.00,"7,030.00"
2020-09-03,2020090301039098,ACLBSL,34,38,40,702.00,"28,080.00"
2020-09-03,2020090301039097,ACLBSL,34,37,10,701.00,"7,010.00"
2020-09-03,2020090301038867,ACLBSL,43,45,10,700.00,"7,000.00"
2020-09-03,2020090301038866,ACLBSL,43,29,60,700.00,"42,000.00"
2020-09-03,2020090301039062,ADBL,14,38,50,432.00,"21,600.00"
2020-09-03,2020090301039004,AHPC,45,45,318,112.00,"35,616.00"
2020-09-03,2020090301038755,AHPC,52,45,100,112.00,"11,200.00"
2020-09-03,2020090301039044,AIL,25,45,90,515.00,"46,350.00"
2020-09-03,2020090301039043,AIL,17,45,70,515.00,"36,050.00"
2020-09-03,2020090301039042,AIL,17,37,10,515.00,"5,150.00"
2020-09-03,2020090301039040,AIL,14,52,10,518.00,"5,180.00"
2020-09-03,2020090301039039,AIL,14,58,10,518.00,"5,180.00"
2020-09-03,2020090301039038,AIL,14,42,10,518.00,"5,180.00"
2020-09-03,2020090301038853,AIL,17,35,10,515.00,"5,150.00"
2020-09-03,2020090301038835,AIL,17,33,10,515.00,"5,150.00"
2020-09-03,2020090301038823,AIL,55,37,10,515.00,"5,150.00"
2020-09-03,2020090301039082,AKJCL,45,45,20,60.00,"1,200.00"
2020-09-03,2020090301039179,AKPL,58,26,125,167.00,"20,875.00"
2020-09-03,2020090301039137,AKPL,58,37,900,167.00,"150,300.00"
2020-09-03,2020090301039114,AKPL,58,38,500,167.00,"83,500.00"
2020-09-03,2020090301039026,AKPL,58,52,"5,000",167.00,"835,000.00"
2020-09-03,2020090301038811,AKPL,58,57,20,167.00,"3,340.00"
2020-09-03,2020090301038804,AKPL,58,47,500,167.00,"83,500.00"
2020-09-03,2020090301039020,AKPL,58,46,780,167.00,"130,260.00"
2020-09-03,2020090301038971,AKPL,58,36,"1,000",167.00,"167,000.00"
2020-09-03,2020090301039195,ALBSL,28,1,22,859.00,"18,898.00"
2020-09-03,2020090301039032,ALBSL,43,19,10,856.00,"8,560.00"
2020-09-03,2020090301038906,ALBSL,28,1,28,859.00,"24,052.00"
2020-09-03,2020090301038905,ALBSL,28,34,22,856.00,"18,832.00"
2020-09-03,2020090301038860,ALBSL,28,34,18,856.00,"15,408.00"
2020-09-03,2020090301038832,ALBSL,28,13,60,856.00,"51,360.00"
2020-09-03,2020090301039202,ALICL,49,21,879,723.00,"635,517.00"
2020-09-03,2020090301038824,ALICL,52,26,100,724.00,"72,400.00"
2020-09-03,2020090301039204,API,53,51,10,127.00,"1,270.00"
2020-09-03,2020090301039194,API,22,51,89,127.00,"11,303.00"
2020-09-03,2020090301039193,API,22,7,11,127.00,"1,397.00"
2020-09-03,2020090301039183,API,44,7,989,127.00,"125,603.00"
2020-09-03,2020090301039128,API,45,7,20,128.00,"2,560.00"
2020-09-03,2020090301039005,API,44,3,11,127.00,"1,397.00"
2020-09-03,2020090301038799,API,51,38,37,127.00,"4,699.00"
2020-09-03,2020090301038803,API,28,38,100,126.00,"12,600.00"
2020-09-03,2020090301038802,API,48,38,100,126.00,"12,600.00"
2020-09-03,2020090301038801,API,58,38,20,126.00,"2,520.00"
2020-09-03,2020090301038800,API,38,38,239,126.00,"30,114.00"
2020-09-03,2020090301038965,BOKL,33,1,981,235.00,"230,535.00"
2020-09-03,2020090301038964,BOKL,38,1,19,236.00,"4,484.00"
2020-09-03,2020090301038859,BOKL,38,49,100,236.00,"23,600.00"
2020-09-03,2020090301038858,BOKL,38,59,50,236.00,"11,800.00"
2020-09-03,2020090301038857,BOKL,38,52,273,236.00,"64,428.00"
2020-09-03,2020090301038856,BOKL,38,58,41,236.00,"9,676.00"
2020-09-03,2020090301038855,BOKL,38,58,17,236.00,"4,012.00"
2020-09-03,2020090301038764,BOKL,50,58,283,236.00,"66,788.00"
2020-09-03,2020090301038763,BOKL,50,57,157,236.00,"37,052.00"
2020-09-03,2020090301039061,BPCL,49,38,20,383.00,"7,660.00"
2020-09-03,2020090301039060,BPCL,49,46,180,382.00,"68,760.00"
2020-09-03,2020090301038785,BPCL,45,46,20,382.00,"7,640.00"
2020-09-03,2020090301038735,BPCL,38,45,24,379.00,"9,096.00"
2020-09-03,2020090301039158,CBBL,49,58,180,"1,110.00","199,800.00"
2020-09-03,2020090301039157,CBBL,49,32,20,"1,108.00","22,160.00"
2020-09-03,2020090301038798,CBBL,35,57,50,"1,107.00","55,350.00"
2020-09-03,2020090301039109,CBL,34,33,70,146.00,"10,220.00"
2020-09-03,2020090301038750,CCBL,35,48,300,174.00,"52,200.00"
2020-09-03,2020090301039168,CFCL,50,32,100,126.00,"12,600.00"
2020-09-03,2020090301039154,CHCL,58,1,30,438.00,"13,140.00"
2020-09-03,2020090301039153,CHCL,14,1,200,438.00,"87,600.00"
2020-09-03,2020090301039152,CHCL,43,1,"1,000",438.00,"438,000.00"
2020-09-03,2020090301039151,CHCL,57,1,100,438.00,"43,800.00"
2020-09-03,2020090301039150,CHCL,22,1,170,438.00,"74,460.00"
2020-09-03,2020090301039078,CHCL,38,25,20,440.00,"8,800.00"
2020-09-03,2020090301039063,CHCL,57,1,180,439.00,"79,020.00"
2020-09-03,2020090301038920,CHCL,49,25,10,440.00,"4,400.00"
2020-09-03,2020090301039073,CHL,29,25,"2,000",105.00,"210,000.00"
2020-09-03,2020090301039134,CIT,44,55,21,"2,903.00","60,963.00"
2020-09-03,2020090301039025,CIT,44,52,20,"2,903.00","58,060.00"
2020-09-03,2020090301039024,CIT,44,22,97,"2,903.00","281,591.00"
2020-09-03,2020090301039023,CIT,44,3,70,"2,903.00","203,210.00"
2020-09-03,2020090301038766,CLBSL,45,29,89,684.00,"60,876.00"
2020-09-03,2020090301038765,CLBSL,58,29,10,685.00,"6,850.00"
2020-09-03,2020090301039181,CZBIL,59,48,300,194.00,"58,200.00"
2020-09-03,2020090301039019,DDBL,53,44,81,877.00,"71,037.00"
2020-09-03,2020090301038864,DDBL,42,44,160,877.00,"140,320.00"
2020-09-03,2020090301038948,EBL,16,46,834,748.00,"623,832.00"
2020-09-03,2020090301038947,EBL,16,7,300,748.00,"224,400.00"
2020-09-03,2020090301038871,EBL,17,34,36,747.00,"26,892.00"
2020-09-03,2020090301038870,EBL,17,47,64,747.00,"47,808.00"
2020-09-03,2020090301038946,EBL,16,14,30,748.00,"22,440.00"
2020-09-03,2020090301038945,EBL,16,41,20,747.00,"14,940.00"
2020-09-03,2020090301038944,EBL,16,57,25,747.00,"18,675.00"
2020-09-03,2020090301038943,EBL,16,45,14,747.00,"10,458.00"
2020-09-03,2020090301038904,EBL,50,45,36,747.00,"26,892.00"
2020-09-03,2020090301038903,EBL,50,34,64,747.00,"47,808.00"
2020-09-03,2020090301039132,EIC,49,58,95,488.00,"46,360.00"
2020-09-03,2020090301039131,EIC,49,38,100,488.00,"48,800.00"
2020-09-03,2020090301039130,EIC,49,48,105,488.00,"51,240.00"
2020-09-03,2020090301038721,EIC,29,48,50,488.00,"24,400.00"
2020-09-03,2020090301039018,FMDBL,32,45,190,568.00,"107,920.00"
2020-09-03,2020090301039017,FMDBL,13,45,50,569.00,"28,450.00"
2020-09-03,2020090301039016,FMDBL,1,45,60,569.00,"34,140.00"
2020-09-03,2020090301038894,FMDBL,56,49,110,573.00,"63,030.00"
2020-09-03,2020090301038893,FMDBL,56,59,250,572.00,"143,000.00"
2020-09-03,2020090301038892,FMDBL,56,41,40,572.00,"22,880.00"
2020-09-03,2020090301038891,FMDBL,56,45,500,571.00,"285,500.00"
2020-09-03,2020090301038890,FMDBL,56,16,100,571.00,"57,100.00"
2020-09-03,2020090301038887,FMDBL,7,26,66,570.00,"37,620.00"
2020-09-03,2020090301038886,FMDBL,7,38,34,570.00,"19,380.00"
2020-09-03,2020090301038768,FMDBL,26,38,83,570.00,"47,310.00"
2020-09-03,2020090301038767,FMDBL,26,19,50,570.00,"28,500.00"
2020-09-03,2020090301038934,GBBL,34,13,20,240.00,"4,800.00"
2020-09-03,2020090301039192,GBIME,42,42,50,265.00,"13,250.00"
2020-09-03,2020090301039180,GBIME,21,42,50,265.00,"13,250.00"
2020-09-03,2020090301038810,GBIME,26,28,927,264.00,"244,728.00"
2020-09-03,2020090301038809,GBIME,21,28,50,264.00,"13,200.00"
2020-09-03,2020090301038808,GBIME,37,28,23,264.00,"6,072.00"
2020-09-03,2020090301039115,GLICL,45,59,100,576.00,"57,600.00"
2020-09-03,2020090301039021,GLICL,28,39,100,576.00,"57,600.00"
2020-09-03,2020090301038796,GLICL,51,45,100,576.00,"57,600.00"
2020-09-03,2020090301039096,HDHPC,39,54,10,99.00,990.00
2020-09-03,2020090301039095,HDHPC,39,34,30,98.00,"2,940.00"
2020-09-03,2020090301039094,HDHPC,39,34,30,98.00,"2,940.00"
2020-09-03,2020090301039093,HDHPC,39,34,30,98.00,"2,940.00"
2020-09-03,2020090301039092,HDHPC,39,34,30,98.00,"2,940.00"
2020-09-03,2020090301039091,HDHPC,39,34,30,98.00,"2,940.00"
2020-09-03,2020090301039090,HDHPC,39,28,10,97.00,970.00
2020-09-03,2020090301039089,HDHPC,39,17,50,97.00,"4,850.00"
2020-09-03,2020090301039088,HDHPC,39,17,10,96.00,960.00
2020-09-03,2020090301039087,HDHPC,39,34,50,95.00,"4,750.00"
2020-09-03,2020090301039086,HDHPC,39,48,50,95.00,"4,750.00"
2020-09-03,2020090301038884,HDL,44,53,130,"1,800.00","234,000.00"
2020-09-03,2020090301038883,HDL,32,53,100,"1,801.00","180,100.00"
2020-09-03,2020090301038882,HDL,56,53,200,"1,801.00","360,200.00"
2020-09-03,2020090301038881,HDL,57,53,10,"1,801.00","18,010.00"
2020-09-03,2020090301038880,HDL,52,53,10,"1,801.00","18,010.00"
2020-09-03,2020090301038879,HDL,35,53,100,"1,801.00","180,100.00"
2020-09-03,2020090301038878,HDL,26,53,500,"1,803.00","901,500.00"
2020-09-03,2020090301038877,HDL,19,53,100,"1,804.00","180,400.00"
2020-09-03,2020090301038876,HDL,5,53,40,"1,805.00","72,200.00"
2020-09-03,2020090301038869,HIDCL,42,25,16,146.00,"2,336.00"
2020-09-03,2020090301038792,HIDCL,16,58,170,148.00,"25,160.00"
2020-09-03,2020090301038791,HIDCL,16,49,77,148.00,"11,396.00"
2020-09-03,2020090301038790,HIDCL,16,47,53,147.00,"7,791.00"
2020-09-03,2020090301039074,IGI,57,1,42,526.00,"22,092.00"
2020-09-03,2020090301038862,IGI,55,13,10,526.00,"5,260.00"
2020-09-03,2020090301039167,ILBS,38,52,11,780.00,"8,580.00"
2020-09-03,2020090301039126,ILBS,38,55,19,784.00,"14,896.00"
2020-09-03,2020090301039125,ILBS,38,34,11,784.00,"8,624.00"
2020-09-03,2020090301038921,ILBS,38,45,11,780.00,"8,580.00"
2020-09-03,2020090301038731,ILBS,38,55,300,780.00,"234,000.00"
2020-09-03,2020090301038753,JSLBB,45,32,64,"1,394.00","89,216.00"
2020-09-03,2020090301038806,KBL,45,16,216,192.00,"41,472.00"
2020-09-03,2020090301038751,KBL,7,16,"1,000",192.00,"192,000.00"
2020-09-03,2020090301039111,KMCDB,16,45,10,765.00,"7,650.00"
2020-09-03,2020090301039110,KMCDB,16,56,10,762.00,"7,620.00"
2020-09-03,2020090301039113,KPCL,25,25,20,120.00,"2,400.00"
2020-09-03,2020090301039031,KPCL,59,18,10,118.00,"1,180.00"
2020-09-03,2020090301038720,KPCL,25,25,20,120.00,"2,400.00"
2020-09-03,2020090301039117,KSBBL,29,6,181,145.00,"26,245.00"
2020-09-03,2020090301038932,LBBL,59,16,200,185.00,"37,000.00"
2020-09-03,2020090301039033,LBL,49,52,10,241.00,"2,410.00"
2020-09-03,2020090301039178,LGIL,32,38,14,524.00,"7,336.00"
2020-09-03,2020090301039177,LGIL,32,26,46,524.00,"24,104.00"
2020-09-03,2020090301039176,LGIL,32,11,50,524.00,"26,200.00"
2020-09-03,2020090301039175,LGIL,32,58,90,524.00,"47,160.00"
2020-09-03,2020090301039066,LICN,17,50,50,"1,480.00","74,000.00"
2020-09-03,2020090301039065,LICN,17,57,100,"1,480.00","148,000.00"
2020-09-03,2020090301039064,LICN,17,28,500,"1,478.00","739,000.00"
2020-09-03,2020090301038820,LICN,17,7,200,"1,477.00","295,400.00"
2020-09-03,2020090301038819,LICN,17,28,"1,000","1,475.00","1,475,000.00"
2020-09-03,2020090301038818,LICN,17,34,180,"1,475.00","265,500.00"
2020-09-03,2020090301038817,LICN,17,35,40,"1,474.00","58,960.00"
2020-09-03,2020090301039124,MBL,47,53,500,231.00,"115,500.00"
2020-09-03,2020090301039108,MEGA,37,51,412,225.00,"92,700.00"
2020-09-03,2020090301039107,MEGA,58,51,50,225.00,"11,250.00"
2020-09-03,2020090301039106,MEGA,21,51,200,225.00,"45,000.00"
2020-09-03,2020090301039105,MEGA,39,51,500,225.00,"112,500.00"
2020-09-03,2020090301039104,MEGA,4,51,500,225.00,"112,500.00"
2020-09-03,2020090301039103,MEGA,14,51,200,225.00,"45,000.00"
2020-09-03,2020090301039102,MEGA,14,51,138,225.00,"31,050.00"
2020-09-03,2020090301039022,MEGA,34,28,302,226.00,"68,252.00"
2020-09-03,2020090301038955,MERO,58,42,10,706.00,"7,060.00"
2020-09-03,2020090301038954,MERO,58,19,10,705.00,"7,050.00"
2020-09-03,2020090301038953,MERO,58,41,15,705.00,"10,575.00"
2020-09-03,2020090301038740,MERO,48,51,35,702.00,"24,570.00"
2020-09-03,2020090301038746,MERO,48,11,80,705.00,"56,400.00"
2020-09-03,2020090301038745,MERO,48,41,19,705.00,"13,395.00"
2020-09-03,2020090301038744,MERO,48,34,30,704.00,"21,120.00"
2020-09-03,2020090301038743,MERO,48,58,100,704.00,"70,400.00"
2020-09-03,2020090301038742,MERO,48,17,99,704.00,"69,696.00"
2020-09-03,2020090301038741,MERO,48,16,113,704.00,"79,552.00"
2020-09-03,2020090301038749,MERO,58,49,50,700.00,"35,000.00"
2020-09-03,2020090301038747,MERO,48,33,24,705.00,"16,920.00"
2020-09-03,2020090301038952,MERO,58,33,26,705.00,"18,330.00"
2020-09-03,2020090301038951,MERO,58,45,10,704.00,"7,040.00"
2020-09-03,2020090301038898,MFIL,37,7,200,281.00,"56,200.00"
2020-09-03,2020090301039051,MPFL,8,32,50,110.00,"5,500.00"
2020-09-03,2020090301038901,MSMBS,44,49,20,715.00,"14,300.00"
2020-09-03,2020090301039156,NABIL,33,1,200,860.00,"172,000.00"
2020-09-03,2020090301039041,NABIL,58,4,"1,000",861.00,"861,000.00"
2020-09-03,2020090301039014,NABIL,33,4,500,861.00,"430,500.00"
2020-09-03,2020090301038925,NABIL,52,4,10,861.00,"8,610.00"
2020-09-03,2020090301038924,NABIL,33,4,79,864.00,"68,256.00"
2020-09-03,2020090301038839,NABIL,33,34,114,864.00,"98,496.00"
2020-09-03,2020090301038771,NABIL,33,16,10,862.00,"8,620.00"
2020-09-03,2020090301038770,NABIL,33,48,100,862.00,"86,200.00"
2020-09-03,2020090301038769,NABIL,33,47,51,862.00,"43,962.00"
2020-09-03,2020090301038777,NABIL,33,39,318,864.00,"274,752.00"
2020-09-03,2020090301038776,NABIL,33,49,25,863.00,"21,575.00"
2020-09-03,2020090301038775,NABIL,33,47,100,863.00,"86,300.00"
2020-09-03,2020090301038774,NABIL,33,11,200,863.00,"172,600.00"
2020-09-03,2020090301038773,NABIL,33,4,420,863.00,"362,460.00"
2020-09-03,2020090301038772,NABIL,33,35,17,862.00,"14,654.00"
2020-09-03,2020090301038783,NABIL,33,44,100,864.00,"86,400.00"
2020-09-03,2020090301038782,NABIL,33,4,150,864.00,"129,600.00"
2020-09-03,2020090301038781,NABIL,33,22,10,864.00,"8,640.00"
2020-09-03,2020090301038780,NABIL,33,1,100,864.00,"86,400.00"
2020-09-03,2020090301038779,NABIL,33,41,186,864.00,"160,704.00"
2020-09-03,2020090301038778,NABIL,33,45,20,864.00,"17,280.00"
2020-09-03,2020090301039191,NADEP,38,42,23,650.00,"14,950.00"
2020-09-03,2020090301038919,NBB,10,35,303,200.00,"60,600.00"
2020-09-03,2020090301039198,NBL,34,17,"1,500",303.00,"454,500.00"
2020-09-03,2020090301039197,NBL,57,17,500,303.00,"151,500.00"
2020-09-03,2020090301039196,NBL,34,17,"1,910",303.00,"578,730.00"
2020-09-03,2020090301039166,NBL,34,34,714,303.00,"216,342.00"
2020-09-03,2020090301039148,NBL,34,42,10,303.00,"3,030.00"
2020-09-03,2020090301038942,NBL,20,10,48,304.00,"14,592.00"
2020-09-03,2020090301038941,NBL,20,4,452,304.00,"137,408.00"
2020-09-03,2020090301038873,NBL,45,4,48,304.00,"14,592.00"
2020-09-03,2020090301038872,NBL,45,17,52,304.00,"15,808.00"
2020-09-03,2020090301039085,NCCB,56,6,20,198.00,"3,960.00"
2020-09-03,2020090301038930,NCCB,56,7,500,197.00,"98,500.00"
2020-09-03,2020090301038929,NCCB,58,7,28,197.00,"5,516.00"
2020-09-03,2020090301038706,NCCB,33,6,10,198.00,"1,980.00"
2020-09-03,2020090301038852,NHDL,34,10,10,150.00,"1,500.00"
2020-09-03,2020090301039182,NIB,52,58,200,429.00,"85,800.00"
2020-09-03,2020090301039140,NIB,45,58,819,427.00,"349,713.00"
2020-09-03,2020090301039139,NIB,48,58,181,427.00,"77,287.00"
2020-09-03,2020090301039170,NICA,51,5,50,595.00,"29,750.00"
2020-09-03,2020090301039077,NICA,51,5,200,595.00,"119,000.00"
2020-09-03,2020090301039076,NICA,51,1,25,595.00,"14,875.00"
2020-09-03,2020090301039203,NICGF,43,57,"1,000",10.99,"10,990.00"
2020-09-03,2020090301039184,NICL,6,5,100,548.00,"54,800.00"
2020-09-03,2020090301038918,NIL,44,53,576,789.00,"454,464.00"
2020-09-03,2020090301038917,NIL,44,58,500,789.00,"394,500.00"
2020-09-03,2020090301038916,NIL,44,17,310,788.00,"244,280.00"
2020-09-03,2020090301038915,NIL,44,28,500,788.00,"394,000.00"
2020-09-03,2020090301038914,NIL,44,13,100,788.00,"78,800.00"
2020-09-03,2020090301038913,NIL,44,43,18,788.00,"14,184.00"
2020-09-03,2020090301038845,NIL,52,49,151,784.00,"118,384.00"
2020-09-03,2020090301038844,NIL,16,49,430,784.00,"337,120.00"
2020-09-03,2020090301038843,NIL,34,49,50,785.00,"39,250.00"
2020-09-03,2020090301038842,NIL,14,49,84,785.00,"65,940.00"
2020-09-03,2020090301038841,NIL,42,49,285,785.00,"223,725.00"
2020-09-03,2020090301038912,NIL,44,47,50,787.00,"39,350.00"
2020-09-03,2020090301038911,NIL,44,51,30,787.00,"23,610.00"
2020-09-03,2020090301038910,NIL,44,5,500,787.00,"393,500.00"
2020-09-03,2020090301038909,NIL,44,28,200,787.00,"157,400.00"
2020-09-03,2020090301038908,NIL,44,48,16,787.00,"12,592.00"
2020-09-03,2020090301038907,NIL,44,28,200,785.00,"157,000.00"
2020-09-03,2020090301039165,NLG,25,53,56,742.00,"41,552.00"
2020-09-03,2020090301039164,NLG,25,42,200,742.00,"148,400.00"
2020-09-03,2020090301039163,NLG,25,17,40,741.00,"29,640.00"
2020-09-03,2020090301039162,NLIC,47,5,50,"1,375.00","68,750.00"
2020-09-03,2020090301039161,NLIC,42,5,50,"1,377.00","68,850.00"
2020-09-03,2020090301039160,NLIC,37,5,150,"1,378.00","206,700.00"
2020-09-03,2020090301039159,NLIC,42,5,50,"1,378.00","68,900.00"
2020-09-03,2020090301039101,NLIC,47,6,20,"1,379.00","27,580.00"
2020-09-03,2020090301038900,NLIC,50,6,130,"1,379.00","179,270.00"
2020-09-03,2020090301038863,NLIC,50,52,150,"1,379.00","206,850.00"
2020-09-03,2020090301039084,NLICL,4,49,812,779.00,"632,548.00"
2020-09-03,2020090301039083,NLICL,4,49,88,783.00,"68,904.00"
2020-09-03,2020090301039079,NLICL,4,7,200,783.00,"156,600.00"
2020-09-03,2020090301039070,NLICL,4,49,500,783.00,"391,500.00"
2020-09-03,2020090301038960,NLICL,4,45,250,783.00,"195,750.00"
2020-09-03,2020090301038959,NLICL,4,8,342,783.00,"267,786.00"
2020-09-03,2020090301038958,NLICL,4,49,500,782.00,"391,000.00"
2020-09-03,2020090301038957,NLICL,4,25,100,781.00,"78,100.00"
2020-09-03,2020090301038956,NLICL,4,45,20,781.00,"15,620.00"
2020-09-03,2020090301038927,NLICL,19,45,40,781.00,"31,240.00"
2020-09-03,2020090301038926,NLICL,19,16,60,781.00,"46,860.00"
2020-09-03,2020090301038739,NLICL,51,10,"1,000",780.00,"780,000.00"
2020-09-03,2020090301038868,NMB,37,51,60,432.00,"25,920.00"
2020-09-03,2020090301038730,NMB,33,51,500,432.00,"216,000.00"
2020-09-03,2020090301038963,NMBMF,33,53,159,790.00,"125,610.00"
2020-09-03,2020090301038962,NMBMF,33,22,41,790.00,"32,390.00"
2020-09-03,2020090301038788,NMFBS,26,22,16,"1,561.00","24,976.00"
2020-09-03,2020090301038787,NMFBS,51,22,10,"1,561.00","15,610.00"
2020-09-03,2020090301039201,NRIC,1,32,24,889.00,"21,336.00"
2020-09-03,2020090301039174,NRIC,57,50,50,890.00,"44,500.00"
2020-09-03,2020090301039173,NRIC,1,38,150,889.00,"133,350.00"
2020-09-03,2020090301039147,NRIC,1,46,26,889.00,"23,114.00"
2020-09-03,2020090301039146,NRIC,7,46,200,889.00,"177,800.00"
2020-09-03,2020090301039145,NRIC,10,46,100,889.00,"88,900.00"
2020-09-03,2020090301038786,NRIC,22,50,100,890.00,"89,000.00"
2020-09-03,2020090301038784,NRIC,42,50,30,890.00,"26,700.00"
2020-09-03,2020090301038756,NRIC,8,50,500,890.00,"445,000.00"
2020-09-03,2020090301038754,NRIC,36,45,40,889.00,"35,560.00"
2020-09-03,2020090301038830,NRIC,54,35,134,889.00,"119,126.00"
2020-09-03,2020090301038829,NRIC,33,35,206,889.00,"183,134.00"
2020-09-03,2020090301038822,NRIC,33,10,94,889.00,"83,566.00"
2020-09-03,2020090301038821,NRIC,36,10,406,889.00,"360,934.00"
2020-09-03,2020090301038812,NRIC,42,50,95,890.00,"84,550.00"
2020-09-03,2020090301038795,NRIC,36,39,40,889.00,"35,560.00"
2020-09-03,2020090301038938,NRIC,42,33,24,889.00,"21,336.00"
2020-09-03,2020090301038935,NRIC,58,33,20,889.00,"17,780.00"
2020-09-03,2020090301038899,NRIC,42,33,50,889.00,"44,450.00"
2020-09-03,2020090301038896,NRIC,44,33,150,889.00,"133,350.00"
2020-09-03,2020090301038895,NRIC,54,33,56,889.00,"49,784.00"
2020-09-03,2020090301038840,NRIC,54,49,10,889.00,"8,890.00"
2020-09-03,2020090301039127,NRIC,38,10,40,889.00,"35,560.00"
2020-09-03,2020090301039112,NRIC,50,50,100,890.00,"89,000.00"
2020-09-03,2020090301039034,NRIC,59,50,10,890.00,"8,900.00"
2020-09-03,2020090301039030,NRIC,28,50,100,890.00,"89,000.00"
2020-09-03,2020090301038940,NRIC,42,50,466,890.00,"414,740.00"
2020-09-03,2020090301038939,NRIC,42,34,10,889.00,"8,890.00"
2020-09-03,2020090301039144,NRIC,50,46,100,889.00,"88,900.00"
2020-09-03,2020090301039143,NRIC,11,46,44,889.00,"39,116.00"
2020-09-03,2020090301039142,NRIC,36,46,10,889.00,"8,890.00"
2020-09-03,2020090301039141,NRIC,38,46,10,889.00,"8,890.00"
2020-09-03,2020090301039138,NRIC,38,48,50,889.00,"44,450.00"
2020-09-03,2020090301039129,NRIC,38,49,100,889.00,"88,900.00"
2020-09-03,2020090301039205,NRN,20,37,10,537.00,"5,370.00"
2020-09-03,2020090301039075,NRN,20,51,10,537.00,"5,370.00"
2020-09-03,2020090301038789,NRN,20,55,500,537.00,"268,500.00"
2020-09-03,2020090301038874,NRN,20,39,10,537.00,"5,370.00"
2020-09-03,2020090301039190,NTC,58,7,130,722.00,"93,860.00"
2020-09-03,2020090301039189,NTC,58,35,30,722.00,"21,660.00"
2020-09-03,2020090301039188,NTC,58,35,10,721.00,"7,210.00"
2020-09-03,2020090301039187,NTC,58,58,50,715.00,"35,750.00"
2020-09-03,2020090301039186,NTC,58,42,50,713.00,"35,650.00"
2020-09-03,2020090301039185,NTC,58,53,930,710.00,"660,300.00"
2020-09-03,2020090301039050,NTC,28,53,20,710.00,"14,200.00"
2020-09-03,2020090301038734,NTC,58,34,90,708.00,"63,720.00"
2020-09-03,2020090301038733,NTC,58,34,10,709.00,"7,090.00"
2020-09-03,2020090301038719,NTC,52,53,50,710.00,"35,500.00"
2020-09-03,2020090301038933,PFL,35,42,150,149.00,"22,350.00"
2020-09-03,2020090301039149,PIC,42,45,11,751.00,"8,261.00"
2020-09-03,2020090301039067,PIC,57,26,50,753.00,"37,650.00"
2020-09-03,2020090301039054,PIC,42,34,100,751.00,"75,100.00"
2020-09-03,2020090301039052,PICL,45,36,14,545.00,"7,630.00"
2020-09-03,2020090301038970,PLIC,59,29,363,643.00,"233,409.00"
2020-09-03,2020090301038969,PLIC,59,46,19,643.00,"12,217.00"
2020-09-03,2020090301038813,PLIC,18,7,14,640.00,"8,960.00"
2020-09-03,2020090301038807,PLIC,59,32,10,639.00,"6,390.00"
2020-09-03,2020090301038968,PLIC,59,44,138,642.00,"88,596.00"
2020-09-03,2020090301038967,PLIC,59,17,10,642.00,"6,420.00"
2020-09-03,2020090301038966,PLIC,59,21,56,642.00,"35,952.00"
2020-09-03,2020090301038816,PLIC,18,57,393,640.00,"251,520.00"
2020-09-03,2020090301038815,PLIC,18,54,50,640.00,"32,000.00"
2020-09-03,2020090301038814,PLIC,18,13,119,640.00,"76,160.00"
2020-09-03,2020090301039120,PPCL,46,49,"1,350",133.00,"179,550.00"
2020-09-03,2020090301039119,PPCL,38,49,170,133.00,"22,610.00"
2020-09-03,2020090301039118,PPCL,38,49,280,134.00,"37,520.00"
2020-09-03,2020090301039116,PPCL,38,1,10,134.00,"1,340.00"
2020-09-03,2020090301038748,PPCL,38,3,10,134.00,"1,340.00"
2020-09-03,2020090301038937,PRIN,14,43,210,596.00,"125,160.00"
2020-09-03,2020090301038936,PRIN,14,34,90,596.00,"53,640.00"
2020-09-03,2020090301038805,PRIN,5,34,10,596.00,"5,960.00"
2020-09-03,2020090301039200,PRVU,19,42,150,237.00,"35,550.00"
2020-09-03,2020090301039199,PRVU,57,42,43,237.00,"10,191.00"
2020-09-03,2020090301039135,PRVU,57,19,464,237.00,"109,968.00"
2020-09-03,2020090301039080,RHPL,49,35,200,170.00,"34,000.00"
2020-09-03,2020090301038797,RHPL,49,52,10,170.00,"1,700.00"
2020-09-03,2020090301039081,RMDC,6,48,100,872.00,"87,200.00"
2020-09-03,2020090301039058,RRHP,36,33,10,111.00,"1,110.00"
2020-09-03,2020090301039057,RRHP,36,33,10,111.00,"1,110.00"
2020-09-03,2020090301039056,RRHP,36,33,10,111.00,"1,110.00"
2020-09-03,2020090301039055,RRHP,36,53,"1,230",111.00,"136,530.00"
2020-09-03,2020090301039029,RSDC,42,42,95,526.00,"49,970.00"
2020-09-03,2020090301039028,RSDC,42,45,100,526.00,"52,600.00"
2020-09-03,2020090301039027,RSDC,42,32,20,526.00,"10,520.00"
2020-09-03,2020090301038794,RSDC,26,32,20,526.00,"10,520.00"
2020-09-03,2020090301038793,RSDC,26,41,80,526.00,"42,080.00"
2020-09-03,2020090301039059,SABSL,46,35,11,824.00,"9,064.00"
2020-09-03,2020090301039155,SADBL,34,26,10,146.00,"1,460.00"
2020-09-03,2020090301039133,SADBL,32,26,100,146.00,"14,600.00"
2020-09-03,2020090301038851,SADBL,6,32,95,145.00,"13,775.00"
2020-09-03,2020090301038850,SADBL,42,32,10,145.00,"1,450.00"
2020-09-03,2020090301038849,SADBL,42,32,10,145.00,"1,450.00"
2020-09-03,2020090301038848,SADBL,25,32,500,145.00,"72,500.00"
2020-09-03,2020090301038847,SADBL,42,32,10,145.00,"1,450.00"
2020-09-03,2020090301038846,SADBL,14,32,634,145.00,"91,930.00"
2020-09-03,2020090301038931,SANIMA,22,44,30,352.00,"10,560.00"
2020-09-03,2020090301038897,SAPDBL,58,34,83,120.00,"9,960.00"
2020-09-03,2020090301039072,SBI,57,16,11,435.00,"4,785.00"
2020-09-03,2020090301039071,SBI,57,16,37,435.00,"16,095.00"
2020-09-03,2020090301038838,SBL,10,14,400,306.00,"122,400.00"
2020-09-03,2020090301038837,SBL,57,14,500,306.00,"153,000.00"
2020-09-03,2020090301038836,SBL,37,14,100,306.00,"30,600.00"
2020-09-03,2020090301038885,SCB,17,49,40,670.00,"26,800.00"
2020-09-03,2020090301039003,SDLBSL,56,54,10,858.00,"8,580.00"
2020-09-03,2020090301039002,SDLBSL,56,25,40,858.00,"34,320.00"
2020-09-03,2020090301039001,SDLBSL,56,10,100,846.00,"84,600.00"
2020-09-03,2020090301039000,SDLBSL,56,48,20,846.00,"16,920.00"
2020-09-03,2020090301038999,SDLBSL,56,51,50,846.00,"42,300.00"
2020-09-03,2020090301038998,SDLBSL,56,17,60,845.00,"50,700.00"
2020-09-03,2020090301038979,SDLBSL,56,37,10,830.00,"8,300.00"
2020-09-03,2020090301038978,SDLBSL,56,37,10,830.00,"8,300.00"
2020-09-03,2020090301038977,SDLBSL,56,10,40,828.00,"33,120.00"
2020-09-03,2020090301038875,SDLBSL,58,10,10,828.00,"8,280.00"
2020-09-03,2020090301038831,SDLBSL,34,33,10,827.00,"8,270.00"
2020-09-03,2020090301038985,SDLBSL,56,3,10,837.00,"8,370.00"
2020-09-03,2020090301038984,SDLBSL,56,54,10,835.00,"8,350.00"
2020-09-03,2020090301038983,SDLBSL,56,14,10,835.00,"8,350.00"
2020-09-03,2020090301038982,SDLBSL,56,40,10,835.00,"8,350.00"
2020-09-03,2020090301038981,SDLBSL,56,41,10,835.00,"8,350.00"
2020-09-03,2020090301038980,SDLBSL,56,41,10,835.00,"8,350.00"
2020-09-03,2020090301038991,SDLBSL,56,28,10,840.00,"8,400.00"
2020-09-03,2020090301038990,SDLBSL,56,40,10,840.00,"8,400.00"
2020-09-03,2020090301038989,SDLBSL,56,34,10,838.00,"8,380.00"
2020-09-03,2020090301038988,SDLBSL,56,42,10,838.00,"8,380.00"
2020-09-03,2020090301038987,SDLBSL,56,36,10,837.00,"8,370.00"
2020-09-03,2020090301038986,SDLBSL,56,3,10,837.00,"8,370.00"
2020-09-03,2020090301038997,SDLBSL,56,45,20,845.00,"16,900.00"
2020-09-03,2020090301038996,SDLBSL,56,45,10,842.00,"8,420.00"
2020-09-03,2020090301038995,SDLBSL,56,21,10,840.00,"8,400.00"
2020-09-03,2020090301038994,SDLBSL,56,48,10,840.00,"8,400.00"
2020-09-03,2020090301038993,SDLBSL,56,40,10,840.00,"8,400.00"
2020-09-03,2020090301038992,SDLBSL,56,38,10,840.00,"8,400.00"
2020-09-03,2020090301038724,SFCL,50,45,92,110.00,"10,120.00"
2020-09-03,2020090301038723,SFCL,52,45,108,110.00,"11,880.00"
2020-09-03,2020090301039013,SHINE,34,6,550,241.00,"132,550.00"
2020-09-03,2020090301039012,SHINE,34,26,190,241.00,"45,790.00"
2020-09-03,2020090301039011,SHINE,34,35,260,240.00,"62,400.00"
2020-09-03,2020090301038732,SHINE,57,26,10,241.00,"2,410.00"
2020-09-03,2020090301039069,SHIVM,59,49,55,725.00,"39,875.00"
2020-09-03,2020090301038949,SHIVM,57,34,100,730.00,"73,000.00"
2020-09-03,2020090301038828,SHIVM,57,7,200,724.00,"144,800.00"
2020-09-03,2020090301038827,SHIVM,59,7,50,724.00,"36,200.00"
2020-09-03,2020090301038826,SHIVM,34,7,50,724.00,"36,200.00"
2020-09-03,2020090301038825,SHIVM,52,7,100,724.00,"72,400.00"
2020-09-03,2020090301038712,SHIVM,45,58,30,727.00,"21,810.00"
2020-09-03,2020090301038711,SHIVM,45,43,100,727.00,"72,700.00"
2020-09-03,2020090301038710,SHIVM,45,22,100,727.00,"72,700.00"
2020-09-03,2020090301038709,SHIVM,45,4,50,726.00,"36,300.00"
2020-09-03,2020090301038708,SHIVM,45,48,20,726.00,"14,520.00"
2020-09-03,2020090301038707,SHIVM,45,47,500,725.00,"362,500.00"
2020-09-03,2020090301038718,SHIVM,45,34,230,730.00,"167,900.00"
2020-09-03,2020090301038717,SHIVM,45,5,100,729.00,"72,900.00"
2020-09-03,2020090301038716,SHIVM,45,1,550,729.00,"400,950.00"
2020-09-03,2020090301038715,SHIVM,45,33,100,729.00,"72,900.00"
2020-09-03,2020090301038714,SHIVM,45,42,200,729.00,"145,800.00"
2020-09-03,2020090301038713,SHIVM,45,6,20,728.00,"14,560.00"
2020-09-03,2020090301038902,SHL,34,52,100,161.00,"16,100.00"
2020-09-03,2020090301038752,SHPC,29,8,100,260.00,"26,000.00"
2020-09-03,2020090301038738,SHPC,59,28,30,258.00,"7,740.00"
2020-09-03,2020090301038737,SHPC,29,28,220,258.00,"56,760.00"
2020-09-03,2020090301038736,SHPC,57,28,40,259.00,"10,360.00"
2020-09-03,2020090301039172,SICL,55,16,22,"1,335.00","29,370.00"
2020-09-03,2020090301039171,SICL,55,45,78,"1,335.00","104,130.00"
2020-09-03,2020090301039169,SICL,37,45,15,"1,335.00","20,025.00"
2020-09-03,2020090301038722,SICL,1,22,87,"1,334.00","116,058.00"
2020-09-03,2020090301038761,SICL,52,50,60,"1,338.00","80,280.00"
2020-09-03,2020090301038760,SICL,52,58,"1,747","1,338.00","2,337,490.00"
2020-09-03,2020090301038759,SICL,52,44,30,"1,334.00","40,020.00"
2020-09-03,2020090301038758,SICL,52,22,98,"1,334.00","130,732.00"
2020-09-03,2020090301038889,SICL,58,45,107,"1,335.00","142,845.00"
2020-09-03,2020090301038888,SICL,58,36,80,"1,334.00","106,720.00"
2020-09-03,2020090301038865,SICL,58,10,100,"1,332.00","133,200.00"
2020-09-03,2020090301038762,SICL,52,11,25,"1,338.00","33,450.00"
2020-09-03,2020090301039049,SIL,44,49,100,751.00,"75,100.00"
2020-09-03,2020090301039048,SIL,44,17,17,751.00,"12,767.00"
2020-09-03,2020090301039047,SIL,44,11,200,750.00,"150,000.00"
2020-09-03,2020090301039046,SIL,44,21,100,750.00,"75,000.00"
2020-09-03,2020090301039045,SIL,44,56,500,750.00,"375,000.00"
2020-09-03,2020090301038928,SIL,48,37,450,745.00,"335,250.00"
2020-09-03,2020090301038972,SJCL,28,37,170,150.00,"25,500.00"
2020-09-03,2020090301038961,SJCL,28,52,10,150.00,"1,500.00"
2020-09-03,2020090301038976,SJCL,14,37,80,150.00,"12,000.00"
2020-09-03,2020090301038975,SJCL,58,37,500,150.00,"75,000.00"
2020-09-03,2020090301038974,SJCL,17,37,50,150.00,"7,500.00"
2020-09-03,2020090301038973,SJCL,47,37,100,150.00,"15,000.00"
2020-09-03,2020090301038923,SKBBL,6,56,10,"1,342.00","13,420.00"
2020-09-03,2020090301038757,SLBS,1,45,80,930.00,"74,400.00"
2020-09-03,2020090301038834,SLBSL,4,51,50,814.00,"40,700.00"
2020-09-03,2020090301038833,SLBSL,16,51,10,815.00,"8,150.00"
2020-09-03,2020090301039123,SLICL,11,49,420,572.00,"240,240.00"
2020-09-03,2020090301039122,SLICL,50,49,80,572.00,"45,760.00"
2020-09-03,2020090301039010,SLICL,35,48,78,574.00,"44,772.00"
2020-09-03,2020090301039009,SLICL,35,39,300,574.00,"172,200.00"
2020-09-03,2020090301039008,SLICL,35,39,200,574.00,"114,800.00"
2020-09-03,2020090301039007,SLICL,35,43,422,574.00,"242,228.00"
2020-09-03,2020090301038922,SLICL,50,32,20,572.00,"11,440.00"
2020-09-03,2020090301038854,SLICL,26,26,200,573.00,"114,600.00"
2020-09-03,2020090301039015,SMB,29,48,10,862.00,"8,620.00"
2020-09-03,2020090301039053,SPDL,4,29,12,133.00,"1,596.00"
2020-09-03,2020090301039037,STC,57,57,10,"2,900.00","29,000.00"
2020-09-03,2020090301039036,STC,21,57,50,"2,900.00","145,000.00"
2020-09-03,2020090301039035,STC,1,57,10,"2,900.00","29,000.00"
2020-09-03,2020090301039006,TMDBL,57,44,50,171.00,"8,550.00"
2020-09-03,2020090301038861,TRH,17,1,470,212.00,"99,640.00"
2020-09-03,2020090301039136,UFL,6,38,209,196.00,"40,964.00"
2020-09-03,2020090301039121,UPCL,22,42,100,84.00,"8,400.00"
2020-09-03,2020090301039068,UPPER,46,29,40,250.00,"10,000.00"
2020-09-03,2020090301038950,UPPER,50,29,50,250.00,"12,500.00"
2020-09-03,2020090301038729,UPPER,59,29,141,250.00,"35,250.00"
2020-09-03,2020090301038728,UPPER,59,57,199,250.00,"49,750.00"
2020-09-03,2020090301038727,UPPER,59,58,40,250.00,"10,000.00"
2020-09-03,2020090301038726,UPPER,59,49,200,250.00,"50,000.00"
2020-09-03,2020090301038725,UPPER,59,52,920,250.00,"230,000.00"
2020-09-03,2020090301038589,ACLBSL,5,13,10,699.00,"6,990.00"
2020-09-03,2020090301038539,ACLBSL,45,29,20,698.00,"13,960.00"
2020-09-03,2020090301038564,ADBL,14,54,36,434.00,"15,624.00"
2020-09-03,2020090301038563,ADBL,14,51,30,434.00,"13,020.00"
2020-09-03,2020090301038562,ADBL,14,35,134,433.00,"58,022.00"
2020-09-03,2020090301038297,ADBL,58,51,30,434.00,"13,020.00"
2020-09-03,2020090301038684,AHPC,58,45,"1,000",112.00,"112,000.00"
2020-09-03,2020090301038683,AHPC,38,45,"1,000",112.00,"112,000.00"
2020-09-03,2020090301038682,AHPC,53,45,"4,000",112.00,"448,000.00"
2020-09-03,2020090301038681,AHPC,50,45,100,112.00,"11,200.00"
2020-09-03,2020090301038680,AHPC,1,45,350,113.00,"39,550.00"
2020-09-03,2020090301038679,AHPC,38,45,332,113.00,"37,516.00"
2020-09-03,2020090301038310,AHPC,38,13,350,113.00,"39,550.00"
2020-09-03,2020090301038629,AHPC,38,51,318,113.00,"35,934.00"
2020-09-03,2020090301038628,AHPC,35,51,50,113.00,"5,650.00"
2020-09-03,2020090301038627,AHPC,13,51,200,113.00,"22,600.00"
2020-09-03,2020090301038626,AHPC,16,51,100,113.00,"11,300.00"
2020-09-03,2020090301038625,AHPC,14,51,332,113.00,"37,516.00"
2020-09-03,2020090301038590,AHPC,14,33,10,113.00,"1,130.00"
2020-09-03,2020090301038660,AIL,55,33,10,515.00,"5,150.00"
2020-09-03,2020090301038656,AIL,55,38,10,515.00,"5,150.00"
2020-09-03,2020090301038654,AIL,58,32,10,518.00,"5,180.00"
2020-09-03,2020090301038653,AIL,58,45,20,518.00,"10,360.00"
2020-09-03,2020090301038652,AIL,58,34,10,518.00,"5,180.00"
2020-09-03,2020090301038651,AIL,58,34,10,518.00,"5,180.00"
2020-09-03,2020090301038567,AIL,6,42,40,517.00,"20,680.00"
2020-09-03,2020090301038247,AIL,55,28,10,515.00,"5,150.00"
2020-09-03,2020090301038650,AIL,58,29,10,518.00,"5,180.00"
2020-09-03,2020090301038649,AIL,58,40,10,518.00,"5,180.00"
2020-09-03,2020090301038648,AIL,58,16,10,518.00,"5,180.00"
2020-09-03,2020090301038647,AIL,58,47,10,518.00,"5,180.00"
2020-09-03,2020090301038646,AIL,58,57,10,518.00,"5,180.00"
2020-09-03,2020090301038568,AIL,6,35,10,517.00,"5,170.00"
2020-09-03,2020090301038313,AKJCL,6,14,50,61.00,"3,050.00"
2020-09-03,2020090301038312,AKJCL,29,14,20,61.00,"1,220.00"
2020-09-03,2020090301038678,AKPL,58,11,"1,000",167.00,"167,000.00"
2020-09-03,2020090301038484,AKPL,58,17,100,164.00,"16,400.00"
2020-09-03,2020090301038537,AKPL,58,39,"3,000",160.00,"480,000.00"
2020-09-03,2020090301038486,AKPL,58,13,77,167.00,"12,859.00"
2020-09-03,2020090301038485,AKPL,58,17,723,164.00,"118,572.00"
2020-09-03,2020090301038677,AKPL,58,22,400,167.00,"66,800.00"
2020-09-03,2020090301038595,AKPL,58,43,233,167.00,"38,911.00"
2020-09-03,2020090301038594,AKPL,58,13,723,167.00,"120,741.00"
2020-09-03,2020090301038593,AKPL,58,52,800,167.00,"133,600.00"
2020-09-03,2020090301038691,ALBSL,28,3,50,843.00,"42,150.00"
2020-09-03,2020090301038690,ALBSL,28,25,100,843.00,"84,300.00"
2020-09-03,2020090301038689,ALBSL,28,6,94,840.00,"78,960.00"
2020-09-03,2020090301038688,ALBSL,28,16,451,840.00,"378,840.00"
2020-09-03,2020090301038687,ALBSL,28,51,227,840.00,"190,680.00"
2020-09-03,2020090301038385,ALBSL,28,10,20,836.00,"16,720.00"
2020-09-03,2020090301038384,ALBSL,28,14,211,831.00,"175,341.00"
2020-09-03,2020090301038390,ALBSL,28,43,169,840.00,"141,960.00"
2020-09-03,2020090301038389,ALBSL,28,42,321,840.00,"269,640.00"
2020-09-03,2020090301038388,ALBSL,28,45,11,836.00,"9,196.00"
2020-09-03,2020090301038387,ALBSL,28,59,168,836.00,"140,448.00"
2020-09-03,2020090301038386,ALBSL,28,22,100,836.00,"83,600.00"
2020-09-03,2020090301038579,ALBSL,28,43,131,840.00,"110,040.00"
2020-09-03,2020090301038578,ALBSL,28,16,100,839.00,"83,900.00"
2020-09-03,2020090301038577,ALBSL,28,25,21,831.00,"17,451.00"
2020-09-03,2020090301038581,ALBSL,28,51,148,840.00,"124,320.00"
2020-09-03,2020090301038580,ALBSL,28,57,100,840.00,"84,000.00"
2020-09-03,2020090301038592,API,45,7,34,128.00,"4,352.00"
2020-09-03,2020090301038591,API,13,7,71,128.00,"9,088.00"
2020-09-03,2020090301038540,API,13,57,300,128.00,"38,400.00"
2020-09-03,2020090301038410,BARUN,35,1,10,110.00,"1,100.00"
2020-09-03,2020090301038409,BARUN,35,43,10,109.00,"1,090.00"
2020-09-03,2020090301038285,BARUN,35,17,10,108.00,"1,080.00"
2020-09-03,2020090301038284,BARUN,35,42,10,108.00,"1,080.00"
2020-09-03,2020090301038283,BARUN,35,17,10,108.00,"1,080.00"
2020-09-03,2020090301038282,BARUN,35,17,10,108.00,"1,080.00"
2020-09-03,2020090301038281,BARUN,35,28,10,107.00,"1,070.00"
2020-09-03,2020090301038280,BARUN,35,35,100,107.00,"10,700.00"
2020-09-03,2020090301038642,BFC,51,58,10,104.00,"1,040.00"
2020-09-03,2020090301038536,BFC,51,8,10,104.00,"1,040.00"
2020-09-03,2020090301038278,BFC,8,44,"1,000",105.00,"105,000.00"
2020-09-03,2020090301038275,BFC,51,57,30,104.00,"3,120.00"
2020-09-03,2020090301038331,BOKL,34,57,20,236.00,"4,720.00"
2020-09-03,2020090301038449,BPCL,35,7,48,378.00,"18,144.00"
2020-09-03,2020090301038448,BPCL,7,7,200,378.00,"75,600.00"
2020-09-03,2020090301038447,BPCL,44,7,200,378.00,"75,600.00"
2020-09-03,2020090301038446,BPCL,5,7,150,379.00,"56,850.00"
2020-09-03,2020090301038445,BPCL,42,7,100,379.00,"37,900.00"
2020-09-03,2020090301038444,BPCL,35,7,61,379.00,"23,119.00"
2020-09-03,2020090301038437,BPCL,49,7,67,381.00,"25,527.00"
2020-09-03,2020090301038436,BPCL,19,7,500,382.00,"191,000.00"
2020-09-03,2020090301038435,BPCL,49,7,65,382.00,"24,830.00"
2020-09-03,2020090301038339,BPCL,49,1,12,382.00,"4,584.00"
2020-09-03,2020090301038443,BPCL,11,7,200,380.00,"76,000.00"
2020-09-03,2020090301038442,BPCL,56,7,61,380.00,"23,180.00"
2020-09-03,2020090301038441,BPCL,34,7,50,380.00,"19,000.00"
2020-09-03,2020090301038440,BPCL,45,7,48,380.00,"18,240.00"
2020-09-03,2020090301038439,BPCL,19,7,200,381.00,"76,200.00"
2020-09-03,2020090301038438,BPCL,34,7,50,381.00,"19,050.00"
2020-09-03,2020090301038400,CBBL,46,47,109,"1,108.00","120,772.00"
2020-09-03,2020090301038630,CBL,14,44,572,146.00,"83,512.00"
2020-09-03,2020090301038430,CBL,57,32,67,145.00,"9,715.00"
2020-09-03,2020090301038344,CBL,57,48,50,145.00,"7,250.00"
2020-09-03,2020090301038495,CCBL,29,54,500,175.00,"87,500.00"
2020-09-03,2020090301038431,CCBL,34,54,300,175.00,"52,500.00"
2020-09-03,2020090301038603,CHCL,57,1,20,439.00,"8,780.00"
2020-09-03,2020090301038498,CHCL,36,1,150,439.00,"65,850.00"
2020-09-03,2020090301038466,CHCL,42,25,10,440.00,"4,400.00"
2020-09-03,2020090301038465,CHCL,11,25,10,440.00,"4,400.00"
2020-09-03,2020090301038329,CIT,16,5,100,"2,902.00","290,200.00"
2020-09-03,2020090301038655,CZBIL,25,17,15,195.00,"2,925.00"
2020-09-03,2020090301038459,DDBL,43,44,400,877.00,"350,800.00"
2020-09-03,2020090301038458,DDBL,5,44,300,877.00,"263,100.00"
2020-09-03,2020090301038402,DDBL,43,19,100,877.00,"87,700.00"
2020-09-03,2020090301038286,DDBL,39,3,31,879.00,"27,249.00"
2020-09-03,2020090301038643,EBL,37,57,320,746.00,"238,720.00"
2020-09-03,2020090301038582,EBL,47,57,50,746.00,"37,300.00"
2020-09-03,2020090301038406,EBL,16,45,160,745.00,"119,200.00"
2020-09-03,2020090301038405,EBL,16,36,195,745.00,"145,275.00"
2020-09-03,2020090301038404,EBL,16,26,403,745.00,"300,235.00"
2020-09-03,2020090301038403,EBL,16,47,19,744.00,"14,136.00"
2020-09-03,2020090301038398,EBL,50,43,16,743.00,"11,888.00"
2020-09-03,2020090301038666,EDBL,53,17,10,306.00,"3,060.00"
2020-09-03,2020090301038569,EIC,46,48,100,488.00,"48,800.00"
2020-09-03,2020090301038554,EIC,3,48,200,488.00,"97,600.00"
2020-09-03,2020090301038483,EIC,37,48,955,488.00,"466,040.00"
2020-09-03,2020090301038290,EIC,37,48,10,488.00,"4,880.00"
2020-09-03,2020090301038207,EIC,45,48,400,488.00,"195,200.00"
2020-09-03,2020090301038342,FMDBL,25,19,50,570.00,"28,500.00"
2020-09-03,2020090301038704,GBIME,37,17,200,264.00,"52,800.00"
2020-09-03,2020090301038701,GBIME,57,42,100,265.00,"26,500.00"
2020-09-03,2020090301038615,GBIME,25,42,25,265.00,"6,625.00"
2020-09-03,2020090301038614,GBIME,25,32,70,265.00,"18,550.00"
2020-09-03,2020090301038613,GBIME,25,50,100,265.00,"26,500.00"
2020-09-03,2020090301038612,GBIME,25,58,30,265.00,"7,950.00"
2020-09-03,2020090301038327,GBIME,45,34,300,265.00,"79,500.00"
2020-09-03,2020090301038279,GBIME,34,34,60,265.00,"15,900.00"
2020-09-03,2020090301038379,GBIME,51,6,150,264.00,"39,600.00"
2020-09-03,2020090301038378,GBIME,42,6,115,264.00,"30,360.00"
2020-09-03,2020090301038377,GBIME,32,6,100,264.00,"26,400.00"
2020-09-03,2020090301038376,GBIME,58,6,100,264.00,"26,400.00"
2020-09-03,2020090301038375,GBIME,46,6,110,264.00,"29,040.00"
2020-09-03,2020090301038374,GBIME,34,6,198,264.00,"52,272.00"
2020-09-03,2020090301038611,GBIME,25,34,"6,775",265.00,"1,795,380.00"
2020-09-03,2020090301038584,GBIME,10,34,20,265.00,"5,300.00"
2020-09-03,2020090301038565,GBIME,37,32,50,264.00,"13,200.00"
2020-09-03,2020090301038490,GBIME,3,34,50,265.00,"13,250.00"
2020-09-03,2020090301038489,GBIME,46,34,377,265.00,"99,905.00"
2020-09-03,2020090301038380,GBIME,37,6,227,264.00,"59,928.00"
2020-09-03,2020090301038541,GBLBS,46,5,10,530.00,"5,300.00"
2020-09-03,2020090301038345,GBLBS,25,32,50,532.00,"26,600.00"
2020-09-03,2020090301038340,GBLBS,46,10,15,530.00,"7,950.00"
2020-09-03,2020090301038500,GGBSL,53,1,10,799.00,"7,990.00"
2020-09-03,2020090301038686,GHL,29,38,375,72.00,"27,000.00"
2020-09-03,2020090301038685,GHL,29,26,125,72.00,"9,000.00"
2020-09-03,2020090301038588,GILB,49,29,20,"1,180.00","23,600.00"
2020-09-03,2020090301038587,GLBSL,25,44,25,800.00,"20,000.00"
2020-09-03,2020090301038641,GMFBS,28,45,10,820.00,"8,200.00"
2020-09-03,2020090301038640,GMFBS,28,10,10,803.00,"8,030.00"
2020-09-03,2020090301038455,GMFBS,28,32,42,814.00,"34,188.00"
2020-09-03,2020090301038694,HBL,11,38,90,565.00,"50,850.00"
2020-09-03,2020090301038674,HDL,19,42,40,"1,805.00","72,200.00"
2020-09-03,2020090301038532,HDL,34,42,60,"1,805.00","108,300.00"
2020-09-03,2020090301038422,HDL,49,42,50,"1,805.00","90,250.00"
2020-09-03,2020090301038413,HDL,49,11,50,"1,805.00","90,250.00"
2020-09-03,2020090301038412,HDL,19,11,50,"1,805.00","90,250.00"
2020-09-03,2020090301038288,HGI,4,49,30,469.00,"14,070.00"
2020-09-03,2020090301038287,HGI,47,49,20,469.00,"9,380.00"
2020-09-03,2020090301038421,HIDCL,16,47,147,147.00,"21,609.00"
2020-09-03,2020090301038600,HPPL,49,10,10,166.00,"1,660.00"
2020-09-03,2020090301038369,HPPL,41,29,20,166.00,"3,320.00"
2020-09-03,2020090301038632,HURJA,46,50,20,103.00,"2,060.00"
2020-09-03,2020090301038252,ICFC,43,22,54,178.00,"9,612.00"
2020-09-03,2020090301038667,IGI,45,28,100,525.00,"52,500.00"
2020-09-03,2020090301038423,IGI,51,28,44,526.00,"23,144.00"
2020-09-03,2020090301038397,ILBS,38,19,11,780.00,"8,580.00"
2020-09-03,2020090301038638,JBBL,6,25,150,174.00,"26,100.00"
2020-09-03,2020090301038408,JBBL,7,44,20,173.00,"3,460.00"
2020-09-03,2020090301038675,KMCDB,6,13,70,758.00,"53,060.00"
2020-09-03,2020090301038298,LBBL,51,16,10,185.00,"1,850.00"
2020-09-03,2020090301038636,LGIL,55,58,10,524.00,"5,240.00"
2020-09-03,2020090301038619,LGIL,35,42,65,521.00,"33,865.00"
2020-09-03,2020090301038618,LGIL,50,42,35,521.00,"18,235.00"
2020-09-03,2020090301038617,LGIL,45,42,100,522.00,"52,200.00"
2020-09-03,2020090301038599,MBL,4,51,75,231.00,"17,325.00"
2020-09-03,2020090301038302,MBL,44,51,25,231.00,"5,775.00"
2020-09-03,2020090301038301,MBL,44,37,25,231.00,"5,775.00"
2020-09-03,2020090301038300,MBL,25,37,75,231.00,"17,325.00"
2020-09-03,2020090301038248,MBL,25,29,25,231.00,"5,775.00"
2020-09-03,2020090301038545,MEGA,57,28,125,226.00,"28,250.00"
2020-09-03,2020090301038216,MEGA,57,21,25,226.00,"5,650.00"
2020-09-03,2020090301038383,MERO,58,52,52,700.00,"36,400.00"
2020-09-03,2020090301038382,MERO,58,28,100,699.00,"69,900.00"
2020-09-03,2020090301038381,MERO,58,25,200,699.00,"139,800.00"
2020-09-03,2020090301038552,MHNL,29,48,500,88.00,"44,000.00"
2020-09-03,2020090301038574,MLBL,33,19,10,197.00,"1,970.00"
2020-09-03,2020090301038672,MNBBL,16,16,150,330.00,"49,500.00"
2020-09-03,2020090301038671,MNBBL,11,16,100,330.00,"33,000.00"
2020-09-03,2020090301038670,MNBBL,45,16,170,330.00,"56,100.00"
2020-09-03,2020090301038621,MSMBS,44,49,10,715.00,"7,150.00"
2020-09-03,2020090301038669,NABIL,53,45,50,861.00,"43,050.00"
2020-09-03,2020090301038668,NABIL,26,45,14,861.00,"12,054.00"
2020-09-03,2020090301038609,NABIL,26,45,50,861.00,"43,050.00"
2020-09-03,2020090301038411,NABIL,26,42,36,861.00,"30,996.00"
2020-09-03,2020090301038570,NADEP,38,37,23,650.00,"14,950.00"
2020-09-03,2020090301038361,NADEP,38,49,100,650.00,"65,000.00"
2020-09-03,2020090301038497,NBB,10,6,696,200.00,"139,200.00"
2020-09-03,2020090301038492,NBB,10,38,"1,000",200.00,"200,000.00"
2020-09-03,2020090301038433,NBB,58,29,20,201.00,"4,020.00"
2020-09-03,2020090301038432,NBB,58,4,80,201.00,"16,080.00"
2020-09-03,2020090301038424,NBB,10,45,236,200.00,"47,200.00"
2020-09-03,2020090301038665,NBL,33,17,198,304.00,"60,192.00"
2020-09-03,2020090301038664,NBL,33,26,175,304.00,"53,200.00"
2020-09-03,2020090301038663,NBL,33,52,500,304.00,"152,000.00"
2020-09-03,2020090301038662,NBL,33,16,127,304.00,"38,608.00"
2020-09-03,2020090301038644,NBL,34,32,200,303.00,"60,600.00"
2020-09-03,2020090301038538,NBL,21,16,10,304.00,"3,040.00"
2020-09-03,2020090301038221,NBL,34,44,529,303.00,"160,287.00"
2020-09-03,2020090301038220,NBL,34,34,"1,000",302.00,"302,000.00"
2020-09-03,2020090301038219,NBL,34,44,100,302.00,"30,200.00"
2020-09-03,2020090301038218,NBL,34,37,850,302.00,"256,700.00"
2020-09-03,2020090301038217,NBL,34,17,"3,815",302.00,"1,152,130.00"
2020-09-03,2020090301038214,NBL,42,17,30,302.00,"9,060.00"
2020-09-03,2020090301038227,NBL,34,48,100,303.00,"30,300.00"
2020-09-03,2020090301038226,NBL,34,57,"1,400",303.00,"424,200.00"
2020-09-03,2020090301038225,NBL,34,33,"1,000",303.00,"303,000.00"
2020-09-03,2020090301038224,NBL,34,6,100,303.00,"30,300.00"
2020-09-03,2020090301038223,NBL,34,50,230,303.00,"69,690.00"
2020-09-03,2020090301038222,NBL,34,17,710,303.00,"215,130.00"
2020-09-03,2020090301038233,NBL,34,43,"1,000",303.00,"303,000.00"
2020-09-03,2020090301038232,NBL,34,17,"3,000",303.00,"909,000.00"
2020-09-03,2020090301038231,NBL,34,17,30,303.00,"9,090.00"
2020-09-03,2020090301038230,NBL,34,39,260,303.00,"78,780.00"
2020-09-03,2020090301038229,NBL,34,25,"1,000",303.00,"303,000.00"
2020-09-03,2020090301038228,NBL,34,52,100,303.00,"30,300.00"
2020-09-03,2020090301038239,NBL,34,42,115,303.00,"34,845.00"
2020-09-03,2020090301038238,NBL,34,45,500,303.00,"151,500.00"
2020-09-03,2020090301038237,NBL,34,54,"1,000",303.00,"303,000.00"
2020-09-03,2020090301038236,NBL,34,34,100,303.00,"30,300.00"
2020-09-03,2020090301038235,NBL,34,38,650,303.00,"196,950.00"
2020-09-03,2020090301038234,NBL,34,37,"1,000",303.00,"303,000.00"
2020-09-03,2020090301038305,NBL,33,43,737,304.00,"224,048.00"
2020-09-03,2020090301038244,NBL,34,16,"1,000",303.00,"303,000.00"
2020-09-03,2020090301038243,NBL,34,45,50,303.00,"15,150.00"
2020-09-03,2020090301038242,NBL,34,45,50,303.00,"15,150.00"
2020-09-03,2020090301038241,NBL,34,19,20,303.00,"6,060.00"
2020-09-03,2020090301038240,NBL,34,32,100,303.00,"30,300.00"
2020-09-03,2020090301038533,NBL,34,26,"2,000",303.00,"606,000.00"
2020-09-03,2020090301038496,NBL,34,59,300,303.00,"90,900.00"
2020-09-03,2020090301038493,NBL,45,16,100,304.00,"30,400.00"
2020-09-03,2020090301038488,NBL,34,50,57,303.00,"17,271.00"
2020-09-03,2020090301038462,NBL,34,43,"5,000",303.00,"1,515,000.00"
2020-09-03,2020090301038306,NBL,33,16,763,304.00,"231,952.00"
2020-09-03,2020090301038634,NCCB,58,49,758,197.00,"149,326.00"
2020-09-03,2020090301038428,NCCB,58,1,214,197.00,"42,158.00"
2020-09-03,2020090301038292,NFS,29,42,170,181.00,"30,770.00"
2020-09-03,2020090301038291,NFS,28,42,10,181.00,"1,810.00"
2020-09-03,2020090301038620,NHDL,34,34,10,150.00,"1,500.00"
2020-09-03,2020090301038645,NHPC,46,49,10,59.00,590.00
2020-09-03,2020090301038401,NHPC,58,49,60,59.00,"3,540.00"
2020-09-03,2020090301038364,NHPC,46,49,10,59.00,590.00
2020-09-03,2020090301038212,NHPC,46,49,10,59.00,590.00
2020-09-03,2020090301038561,NIB,48,22,19,427.00,"8,113.00"
2020-09-03,2020090301038330,NIB,40,33,100,427.00,"42,700.00"
2020-09-03,2020090301038624,NICA,45,17,500,594.00,"297,000.00"
2020-09-03,2020090301038551,NICA,35,1,75,595.00,"44,625.00"
2020-09-03,2020090301038550,NICA,35,25,50,595.00,"29,750.00"
2020-09-03,2020090301038549,NICA,35,38,100,595.00,"59,500.00"
2020-09-03,2020090301038548,NICA,35,51,12,595.00,"7,140.00"
2020-09-03,2020090301038547,NICA,35,40,182,595.00,"108,290.00"
2020-09-03,2020090301038546,NICA,35,22,81,595.00,"48,195.00"
2020-09-03,2020090301038699,NICL,6,38,30,548.00,"16,440.00"
2020-09-03,2020090301038499,NICL,4,45,50,550.00,"27,500.00"
2020-09-03,2020090301038461,NICL,44,45,100,550.00,"55,000.00"
2020-09-03,2020090301038351,NICL,6,25,59,548.00,"32,332.00"
2020-09-03,2020090301038350,NICL,21,6,20,547.00,"10,940.00"
2020-09-03,2020090301038246,NICL,14,6,480,547.00,"262,560.00"
2020-09-03,2020090301038211,NICL,14,45,20,547.00,"10,940.00"
2020-09-03,2020090301038658,NIL,42,38,100,785.00,"78,500.00"
2020-09-03,2020090301038530,NIL,42,42,50,785.00,"39,250.00"
2020-09-03,2020090301038529,NIL,42,33,565,785.00,"443,525.00"
2020-09-03,2020090301038311,NIL,55,33,50,785.00,"39,250.00"
2020-09-03,2020090301038299,NIL,16,38,300,784.00,"235,200.00"
2020-09-03,2020090301038296,NIL,54,33,125,785.00,"98,125.00"
2020-09-03,2020090301038272,NIL,14,33,10,785.00,"7,850.00"
2020-09-03,2020090301038602,NLBBL,29,36,184,733.00,"134,872.00"
2020-09-03,2020090301038601,NLBBL,29,14,22,733.00,"16,126.00"
2020-09-03,2020090301038703,NLIC,47,38,50,"1,380.00","69,000.00"
2020-09-03,2020090301038700,NLIC,26,38,50,"1,380.00","69,000.00"
2020-09-03,2020090301038535,NLIC,16,45,200,"1,379.00","275,800.00"
2020-09-03,2020090301038534,NLIC,16,50,115,"1,379.00","158,585.00"
2020-09-03,2020090301038429,NLIC,50,39,25,"1,378.00","34,450.00"
2020-09-03,2020090301038274,NLIC,50,32,25,"1,378.00","34,450.00"
2020-09-03,2020090301038273,NLIC,50,6,22,"1,378.00","30,316.00"
2020-09-03,2020090301038494,NLICL,4,49,50,779.00,"38,950.00"
2020-09-03,2020090301038295,NLICL,57,16,40,781.00,"31,240.00"
2020-09-03,2020090301038294,NLICL,57,43,50,781.00,"39,050.00"
2020-09-03,2020090301038293,NLICL,57,51,10,780.00,"7,800.00"
2020-09-03,2020090301038353,NMB,49,51,181,432.00,"78,192.00"
2020-09-03,2020090301038308,NMB,49,29,100,432.00,"43,200.00"
2020-09-03,2020090301038307,NMB,49,38,19,432.00,"8,208.00"
2020-09-03,2020090301038250,NMB,42,38,581,432.00,"250,992.00"
2020-09-03,2020090301038249,NMB,42,21,219,431.00,"94,389.00"
2020-09-03,2020090301038559,NMFBS,14,7,50,"1,569.00","78,450.00"
2020-09-03,2020090301038693,NRIC,36,38,14,889.00,"12,446.00"
2020-09-03,2020090301038692,NRIC,18,38,26,889.00,"23,114.00"
2020-09-03,2020090301038673,NRIC,18,55,30,889.00,"26,670.00"
2020-09-03,2020090301038637,NRIC,18,28,44,889.00,"39,116.00"
2020-09-03,2020090301038631,NRIC,50,50,100,890.00,"89,000.00"
2020-09-03,2020090301038586,NRIC,50,50,100,890.00,"89,000.00"
2020-09-03,2020090301038208,NRIC,1,55,40,888.00,"35,520.00"
2020-09-03,2020090301038356,NRIC,38,4,50,890.00,"44,500.00"
2020-09-03,2020090301038355,NRIC,38,25,40,890.00,"35,600.00"
2020-09-03,2020090301038354,NRIC,38,29,50,890.00,"44,500.00"
2020-09-03,2020090301038332,NRIC,6,29,50,890.00,"44,500.00"
2020-09-03,2020090301038328,NRIC,1,29,40,888.00,"35,520.00"
2020-09-03,2020090301038303,NRIC,1,46,40,888.00,"35,520.00"
2020-09-03,2020090301038366,NRIC,56,50,50,889.00,"44,450.00"
2020-09-03,2020090301038365,NRIC,14,14,20,890.00,"17,800.00"
2020-09-03,2020090301038360,NRIC,38,14,40,890.00,"35,600.00"
2020-09-03,2020090301038359,NRIC,38,17,40,890.00,"35,600.00"
2020-09-03,2020090301038358,NRIC,38,25,40,890.00,"35,600.00"
2020-09-03,2020090301038357,NRIC,38,4,40,890.00,"35,600.00"
2020-09-03,2020090301038469,NRIC,26,25,40,890.00,"35,600.00"
2020-09-03,2020090301038468,NRIC,26,44,50,890.00,"44,500.00"
2020-09-03,2020090301038467,NRIC,26,14,40,890.00,"35,600.00"
2020-09-03,2020090301038391,NRIC,1,55,50,888.00,"44,400.00"
2020-09-03,2020090301038368,NRIC,1,50,680,888.00,"603,840.00"
2020-09-03,2020090301038367,NRIC,59,50,30,889.00,"26,670.00"
2020-09-03,2020090301038476,NRIC,42,25,60,888.00,"53,280.00"
2020-09-03,2020090301038475,NRIC,35,25,100,888.00,"88,800.00"
2020-09-03,2020090301038474,NRIC,25,25,40,888.00,"35,520.00"
2020-09-03,2020090301038473,NRIC,1,25,250,888.00,"222,000.00"
2020-09-03,2020090301038471,NRIC,26,34,30,890.00,"26,700.00"
2020-09-03,2020090301038470,NRIC,26,1,40,890.00,"35,600.00"
2020-09-03,2020090301038482,NRIC,39,25,100,888.00,"88,800.00"
2020-09-03,2020090301038481,NRIC,38,25,10,888.00,"8,880.00"
2020-09-03,2020090301038480,NRIC,34,25,500,888.00,"444,000.00"
2020-09-03,2020090301038479,NRIC,57,25,40,888.00,"35,520.00"
2020-09-03,2020090301038478,NRIC,57,25,100,888.00,"88,800.00"
2020-09-03,2020090301038477,NRIC,54,25,100,888.00,"88,800.00"
2020-09-03,2020090301038506,NRIC,53,1,50,890.00,"44,500.00"
2020-09-03,2020090301038505,NRIC,53,34,300,890.00,"267,000.00"
2020-09-03,2020090301038504,NRIC,53,34,20,890.00,"17,800.00"
2020-09-03,2020090301038503,NRIC,53,34,20,890.00,"17,800.00"
2020-09-03,2020090301038502,NRIC,53,1,40,888.00,"35,520.00"
2020-09-03,2020090301038501,NRIC,53,25,200,888.00,"177,600.00"
2020-09-03,2020090301038512,NRIC,53,16,40,890.00,"35,600.00"
2020-09-03,2020090301038511,NRIC,53,1,40,890.00,"35,600.00"
2020-09-03,2020090301038510,NRIC,53,44,20,890.00,"17,800.00"
2020-09-03,2020090301038509,NRIC,53,52,50,890.00,"44,500.00"
2020-09-03,2020090301038508,NRIC,53,45,100,890.00,"89,000.00"
2020-09-03,2020090301038507,NRIC,53,42,20,890.00,"17,800.00"
2020-09-03,2020090301038518,NRIC,53,51,40,891.00,"35,640.00"
2020-09-03,2020090301038517,NRIC,53,37,40,891.00,"35,640.00"
2020-09-03,2020090301038516,NRIC,53,58,10,890.00,"8,900.00"
2020-09-03,2020090301038515,NRIC,53,49,100,890.00,"89,000.00"
2020-09-03,2020090301038514,NRIC,53,22,400,890.00,"356,000.00"
2020-09-03,2020090301038513,NRIC,53,1,50,890.00,"44,500.00"
2020-09-03,2020090301038524,NRIC,53,28,210,892.00,"187,320.00"
2020-09-03,2020090301038523,NRIC,53,18,20,892.00,"17,840.00"
2020-09-03,2020090301038522,NRIC,53,1,20,892.00,"17,840.00"
2020-09-03,2020090301038521,NRIC,53,1,40,891.00,"35,640.00"
2020-09-03,2020090301038520,NRIC,53,41,50,891.00,"44,550.00"
2020-09-03,2020090301038519,NRIC,53,37,40,891.00,"35,640.00"
2020-09-03,2020090301038585,NRIC,32,50,20,890.00,"17,800.00"
2020-09-03,2020090301038576,NRIC,29,52,50,888.00,"44,400.00"
2020-09-03,2020090301038566,NRIC,28,50,400,890.00,"356,000.00"
2020-09-03,2020090301038553,NRIC,28,35,400,890.00,"356,000.00"
2020-09-03,2020090301038526,NRIC,53,6,60,892.00,"53,520.00"
2020-09-03,2020090301038525,NRIC,53,42,20,892.00,"17,840.00"
2020-09-03,2020090301038659,NRN,20,37,10,537.00,"5,370.00"
2020-09-03,2020090301038491,NRN,20,51,10,537.00,"5,370.00"
2020-09-03,2020090301038457,NRN,20,50,10,537.00,"5,370.00"
2020-09-03,2020090301038434,NRN,20,35,10,537.00,"5,370.00"
2020-09-03,2020090301038419,NRN,20,29,10,537.00,"5,370.00"
2020-09-03,2020090301038336,NRN,16,37,10,537.00,"5,370.00"
2020-09-03,2020090301038215,NRN,16,36,10,537.00,"5,370.00"
2020-09-03,2020090301038558,NTC,28,25,110,710.00,"78,100.00"
2020-09-03,2020090301038255,NTC,58,49,150,711.00,"106,650.00"
2020-09-03,2020090301038251,NTC,58,22,200,710.00,"142,000.00"
2020-09-03,2020090301038261,NTC,58,6,20,713.00,"14,260.00"
2020-09-03,2020090301038260,NTC,58,51,200,712.00,"142,400.00"
2020-09-03,2020090301038259,NTC,58,22,72,712.00,"51,264.00"
2020-09-03,2020090301038258,NTC,58,35,20,712.00,"14,240.00"
2020-09-03,2020090301038257,NTC,58,26,50,712.00,"35,600.00"
2020-09-03,2020090301038256,NTC,58,43,50,711.00,"35,550.00"
2020-09-03,2020090301038267,NTC,58,58,100,714.00,"71,400.00"
2020-09-03,2020090301038266,NTC,58,58,40,714.00,"28,560.00"
2020-09-03,2020090301038265,NTC,58,33,50,714.00,"35,700.00"
2020-09-03,2020090301038264,NTC,58,25,100,714.00,"71,400.00"
2020-09-03,2020090301038263,NTC,58,34,10,714.00,"7,140.00"
2020-09-03,2020090301038262,NTC,58,39,71,713.00,"50,623.00"
2020-09-03,2020090301038372,NTC,58,25,90,710.00,"63,900.00"
2020-09-03,2020090301038335,NTC,58,51,200,717.00,"143,400.00"
2020-09-03,2020090301038334,NTC,58,6,300,714.00,"214,200.00"
2020-09-03,2020090301038333,NTC,58,59,33,714.00,"23,562.00"
2020-09-03,2020090301038269,NTC,58,59,17,714.00,"12,138.00"
2020-09-03,2020090301038268,NTC,58,25,50,714.00,"35,700.00"
2020-09-03,2020090301038528,PCBL,34,26,118,286.00,"33,748.00"
2020-09-03,2020090301038527,PCBL,29,26,11,286.00,"3,146.00"
2020-09-03,2020090301038253,PCBL,29,26,100,286.00,"28,600.00"
2020-09-03,2020090301038698,PIC,51,56,25,751.00,"18,775.00"
2020-09-03,2020090301038697,PIC,32,56,25,751.00,"18,775.00"
2020-09-03,2020090301038696,PIC,54,56,200,751.00,"150,200.00"
2020-09-03,2020090301038695,PIC,5,56,100,752.00,"75,200.00"
2020-09-03,2020090301038396,PIC,55,14,186,754.00,"140,244.00"
2020-09-03,2020090301038373,PIC,55,38,100,754.00,"75,400.00"
2020-09-03,2020090301038560,PLIC,59,7,10,640.00,"6,400.00"
2020-09-03,2020090301038416,PLIC,59,7,70,639.00,"44,730.00"
2020-09-03,2020090301038289,PLIC,50,7,100,639.00,"63,900.00"
2020-09-03,2020090301038209,PLIC,59,7,20,639.00,"12,780.00"
2020-09-03,2020090301038277,PPCL,42,25,10,134.00,"1,340.00"
2020-09-03,2020090301038341,PRIN,35,45,22,595.00,"13,090.00"
2020-09-03,2020090301038325,RHPC,38,25,423,98.00,"41,454.00"
2020-09-03,2020090301038324,RHPC,46,25,500,98.00,"49,000.00"
2020-09-03,2020090301038323,RHPC,58,25,300,98.00,"29,400.00"
2020-09-03,2020090301038322,RHPC,28,25,220,98.00,"21,560.00"
2020-09-03,2020090301038321,RHPC,34,25,50,98.00,"4,900.00"
2020-09-03,2020090301038314,RHPC,38,25,114,98.00,"11,172.00"
2020-09-03,2020090301038320,RHPC,57,25,500,98.00,"49,000.00"
2020-09-03,2020090301038319,RHPC,32,25,100,98.00,"9,800.00"
2020-09-03,2020090301038318,RHPC,58,25,100,98.00,"9,800.00"
2020-09-03,2020090301038317,RHPC,39,25,"1,000",98.00,"98,000.00"
2020-09-03,2020090301038316,RHPC,34,25,100,98.00,"9,800.00"
2020-09-03,2020090301038315,RHPC,47,25,100,98.00,"9,800.00"
2020-09-03,2020090301038557,RHPL,49,38,10,170.00,"1,700.00"
2020-09-03,2020090301038556,RHPL,43,38,30,170.00,"5,100.00"
2020-09-03,2020090301038531,RHPL,43,37,900,170.00,"153,000.00"
2020-09-03,2020090301038210,RHPL,43,37,900,170.00,"153,000.00"
2020-09-03,2020090301038418,RLFL,37,33,100,126.00,"12,600.00"
2020-09-03,2020090301038417,RLFL,37,36,30,126.00,"3,780.00"
2020-09-03,2020090301038575,RSDC,6,41,118,526.00,"62,068.00"
2020-09-03,2020090301038456,RSDC,36,29,63,525.00,"33,075.00"
2020-09-03,2020090301038415,RSDC,36,10,100,525.00,"52,500.00"
2020-09-03,2020090301038407,SADBL,43,26,"1,000",146.00,"146,000.00"
2020-09-03,2020090301038639,SANIMA,48,45,30,351.00,"10,530.00"
2020-09-03,2020090301038608,SANIMA,22,44,20,352.00,"7,040.00"
2020-09-03,2020090301038393,SANIMA,13,44,11,352.00,"3,872.00"
2020-09-03,2020090301038304,SANIMA,22,44,30,352.00,"10,560.00"
2020-09-03,2020090301038426,SBL,37,49,800,306.00,"244,800.00"
2020-09-03,2020090301038309,SBL,32,49,200,306.00,"61,200.00"
2020-09-03,2020090301038555,SDLBSL,34,33,10,827.00,"8,270.00"
2020-09-03,2020090301038427,SDLBSL,34,45,10,827.00,"8,270.00"
2020-09-03,2020090301038326,SDLBSL,34,45,10,827.00,"8,270.00"
2020-09-03,2020090301038213,SDLBSL,34,37,10,827.00,"8,270.00"
2020-09-03,2020090301038610,SEF,59,58,"1,000",9.05,"9,050.00"
2020-09-03,2020090301038206,SHINE,33,32,470,240.00,"112,800.00"
2020-09-03,2020090301038583,SHIVM,38,52,10,725.00,"7,250.00"
2020-09-03,2020090301038487,SHIVM,19,52,500,725.00,"362,500.00"
2020-09-03,2020090301038370,SHIVM,58,52,120,725.00,"87,000.00"
2020-09-03,2020090301038271,SHIVM,10,52,50,725.00,"36,250.00"
2020-09-03,2020090301038270,SHIVM,45,52,118,725.00,"85,550.00"
2020-09-03,2020090301038657,SHPC,57,57,72,259.00,"18,648.00"
2020-09-03,2020090301038472,SHPC,57,56,138,259.00,"35,742.00"
2020-09-03,2020090301038420,SHPC,33,44,100,259.00,"25,900.00"
2020-09-03,2020090301038464,SIC,7,11,30,876.00,"26,280.00"
2020-09-03,2020090301038463,SIC,7,14,10,875.00,"8,750.00"
2020-09-03,2020090301038254,SIC,37,14,200,875.00,"175,000.00"
2020-09-03,2020090301038702,SICL,58,39,20,"1,332.00","26,640.00"
2020-09-03,2020090301038661,SICL,52,22,87,"1,334.00","116,058.00"
2020-09-03,2020090301038616,SICL,58,34,80,"1,332.00","106,560.00"
2020-09-03,2020090301038607,SICL,53,58,113,"1,338.00","151,194.00"
2020-09-03,2020090301038606,SICL,53,7,200,"1,337.00","267,400.00"
2020-09-03,2020090301038605,SICL,53,7,100,"1,335.00","133,500.00"
2020-09-03,2020090301038349,SICL,58,58,40,"1,338.00","53,520.00"
2020-09-03,2020090301038348,SICL,58,19,50,"1,337.00","66,850.00"
2020-09-03,2020090301038347,SICL,58,36,30,"1,337.00","40,110.00"
2020-09-03,2020090301038346,SICL,58,32,80,"1,336.00","106,880.00"
2020-09-03,2020090301038343,SICL,4,39,20,"1,334.00","26,680.00"
2020-09-03,2020090301038604,SICL,53,55,87,"1,334.00","116,058.00"
2020-09-03,2020090301038399,SICL,4,55,41,"1,334.00","54,694.00"
2020-09-03,2020090301038598,SIFC,45,5,100,160.00,"16,000.00"
2020-09-03,2020090301038597,SIFC,45,4,30,160.00,"4,800.00"
2020-09-03,2020090301038596,SIFC,45,44,168,160.00,"26,880.00"
2020-09-03,2020090301038363,SIFC,22,1,"1,000",158.00,"158,000.00"
2020-09-03,2020090301038362,SIFC,22,51,100,158.00,"15,800.00"
2020-09-03,2020090301038705,SIL,16,37,50,745.00,"37,250.00"
2020-09-03,2020090301038392,SIL,44,6,167,743.00,"124,081.00"
2020-09-03,2020090301038454,SINDU,25,44,50,125.00,"6,250.00"
2020-09-03,2020090301038453,SINDU,41,44,200,125.00,"25,000.00"
2020-09-03,2020090301038452,SINDU,39,44,500,125.00,"62,500.00"
2020-09-03,2020090301038451,SINDU,43,44,200,125.00,"25,000.00"
2020-09-03,2020090301038460,SJCL,28,38,20,150.00,"3,000.00"
2020-09-03,2020090301038338,SLBBL,11,16,50,846.00,"42,300.00"
2020-09-03,2020090301038676,SLICL,55,26,200,573.00,"114,600.00"
2020-09-03,2020090301038635,SLICL,26,26,300,573.00,"171,900.00"
2020-09-03,2020090301038571,SLICL,50,26,300,573.00,"171,900.00"
2020-09-03,2020090301038337,SLICL,1,26,"1,043",573.00,"597,639.00"
2020-09-03,2020090301038245,SLICL,26,43,200,574.00,"114,800.00"
2020-09-03,2020090301038633,SPDL,4,13,10,133.00,"1,330.00"
2020-09-03,2020090301038276,SPDL,35,13,50,132.00,"6,600.00"
2020-09-03,2020090301038572,SRBL,34,45,60,232.00,"13,920.00"
2020-09-03,2020090301038450,SRBL,45,49,50,233.00,"11,650.00"
2020-09-03,2020090301038573,TRH,17,19,450,212.00,"95,400.00"
2020-09-03,2020090301038542,UIC,48,58,100,425.00,"42,500.00"
2020-09-03,2020090301038425,UIC,50,45,250,424.00,"106,000.00"
2020-09-03,2020090301038352,UNHPL,5,17,750,66.00,"49,500.00"
2020-09-03,2020090301038544,UPCL,26,16,70,85.00,"5,950.00"
2020-09-03,2020090301038543,UPCL,26,38,40,85.00,"3,400.00"
2020-09-03,2020090301038623,UPPER,51,53,50,249.00,"12,450.00"
2020-09-03,2020090301038622,UPPER,55,53,150,249.00,"37,350.00"
2020-09-03,2020090301038414,UPPER,55,38,50,249.00,"12,450.00"
2020-09-03,2020090301038395,UPPER,16,52,10,250.00,"2,500.00"
2020-09-03,2020090301038394,UPPER,16,6,110,249.00,"27,390.00"
2020-09-03,2020090301038371,UPPER,26,6,890,249.00,"221,610.00"
2020-09-03,2020090301037707,ACLBSL,45,26,30,698.00,"20,940.00"
2020-09-03,2020090301037706,ACLBSL,49,26,20,699.00,"13,980.00"
2020-09-03,2020090301037991,ADBL,14,43,19,432.00,"8,208.00"
2020-09-03,2020090301037801,ADBL,14,51,"1,050",433.00,"454,650.00"
2020-09-03,2020090301038199,AIL,55,10,10,515.00,"5,150.00"
2020-09-03,2020090301038152,AIL,55,36,10,515.00,"5,150.00"
2020-09-03,2020090301037998,AIL,55,33,10,515.00,"5,150.00"
2020-09-03,2020090301037904,AIL,55,37,10,515.00,"5,150.00"
2020-09-03,2020090301037902,AIL,45,50,100,516.00,"51,600.00"
2020-09-03,2020090301037832,AIL,55,51,10,515.00,"5,150.00"
2020-09-03,2020090301037831,AIL,55,13,10,515.00,"5,150.00"
2020-09-03,2020090301037737,AIL,34,17,10,514.00,"5,140.00"
2020-09-03,2020090301037768,AKJCL,29,10,20,61.00,"1,220.00"
2020-09-03,2020090301037835,AKPL,58,22,500,159.00,"79,500.00"
2020-09-03,2020090301037834,AKPL,58,43,150,159.00,"23,850.00"
2020-09-03,2020090301037833,AKPL,58,8,"2,066",159.00,"328,494.00"
2020-09-03,2020090301037841,AKPL,58,6,500,160.00,"80,000.00"
2020-09-03,2020090301037840,AKPL,58,38,"1,500",160.00,"240,000.00"
2020-09-03,2020090301037839,AKPL,58,45,"1,000",160.00,"160,000.00"
2020-09-03,2020090301037838,AKPL,58,58,"1,000",160.00,"160,000.00"
2020-09-03,2020090301037837,AKPL,58,26,125,159.00,"19,875.00"
2020-09-03,2020090301037836,AKPL,58,21,"1,000",159.00,"159,000.00"
2020-09-03,2020090301037847,AKPL,58,29,"1,500",160.00,"240,000.00"
2020-09-03,2020090301037846,AKPL,58,42,300,160.00,"48,000.00"
2020-09-03,2020090301037845,AKPL,58,55,"1,000",160.00,"160,000.00"
2020-09-03,2020090301037844,AKPL,58,21,10,160.00,"1,600.00"
2020-09-03,2020090301037843,AKPL,58,35,50,160.00,"8,000.00"
2020-09-03,2020090301037842,AKPL,58,37,50,160.00,"8,000.00"
2020-09-03,2020090301037849,AKPL,58,57,500,160.00,"80,000.00"
2020-09-03,2020090301037848,AKPL,58,45,12,160.00,"1,920.00"
2020-09-03,2020090301038072,AKPL,58,46,"1,000",161.00,"161,000.00"
2020-09-03,2020090301038071,AKPL,58,25,300,161.00,"48,300.00"
2020-09-03,2020090301038070,AKPL,58,52,54,161.00,"8,694.00"
2020-09-03,2020090301038069,AKPL,58,1,190,161.00,"30,590.00"
2020-09-03,2020090301038078,AKPL,58,43,100,161.00,"16,100.00"
2020-09-03,2020090301038077,AKPL,58,10,800,161.00,"128,800.00"
2020-09-03,2020090301038076,AKPL,58,49,500,161.00,"80,500.00"
2020-09-03,2020090301038075,AKPL,58,43,193,161.00,"31,073.00"
2020-09-03,2020090301038074,AKPL,58,57,"2,000",161.00,"322,000.00"
2020-09-03,2020090301038073,AKPL,58,25,100,161.00,"16,100.00"
2020-09-03,2020090301038084,AKPL,58,29,"1,000",162.00,"162,000.00"
2020-09-03,2020090301038083,AKPL,58,44,295,162.00,"47,790.00"
2020-09-03,2020090301038082,AKPL,58,45,"1,000",162.00,"162,000.00"
2020-09-03,2020090301038081,AKPL,58,14,713,161.00,"114,793.00"
2020-09-03,2020090301038080,AKPL,58,59,100,161.00,"16,100.00"
2020-09-03,2020090301038079,AKPL,58,37,"1,000",161.00,"161,000.00"
2020-09-03,2020090301038090,AKPL,58,26,90,163.00,"14,670.00"
2020-09-03,2020090301038089,AKPL,58,49,250,162.00,"40,500.00"
2020-09-03,2020090301038088,AKPL,58,41,10,162.00,"1,620.00"
2020-09-03,2020090301038087,AKPL,58,21,"1,000",162.00,"162,000.00"
2020-09-03,2020090301038086,AKPL,58,32,40,162.00,"6,480.00"
2020-09-03,2020090301038085,AKPL,58,38,50,162.00,"8,100.00"
2020-09-03,2020090301038096,AKPL,58,11,"1,000",164.00,"164,000.00"
2020-09-03,2020090301038095,AKPL,58,34,100,163.00,"16,300.00"
2020-09-03,2020090301038094,AKPL,58,45,"1,000",163.00,"163,000.00"
2020-09-03,2020090301038093,AKPL,58,35,99,163.00,"16,137.00"
2020-09-03,2020090301038092,AKPL,58,26,300,163.00,"48,900.00"
2020-09-03,2020090301038091,AKPL,58,47,200,163.00,"32,600.00"
2020-09-03,2020090301038102,AKPL,58,7,20,164.00,"3,280.00"
2020-09-03,2020090301038101,AKPL,58,1,"2,000",164.00,"328,000.00"
2020-09-03,2020090301038100,AKPL,58,21,500,164.00,"82,000.00"
2020-09-03,2020090301038099,AKPL,58,58,500,164.00,"82,000.00"
2020-09-03,2020090301038098,AKPL,58,25,20,164.00,"3,280.00"
2020-09-03,2020090301038097,AKPL,58,39,500,164.00,"82,000.00"
2020-09-03,2020090301038108,AKPL,58,45,"1,013",166.00,"168,158.00"
2020-09-03,2020090301038107,AKPL,58,14,500,165.00,"82,500.00"
2020-09-03,2020090301038106,AKPL,58,36,150,165.00,"24,750.00"
2020-09-03,2020090301038105,AKPL,58,56,"3,755",165.00,"619,575.00"
2020-09-03,2020090301038104,AKPL,58,37,200,165.00,"33,000.00"
2020-09-03,2020090301038103,AKPL,58,51,500,164.00,"82,000.00"
2020-09-03,2020090301038114,AKPL,58,42,50,167.00,"8,350.00"
2020-09-03,2020090301038113,AKPL,58,42,60,167.00,"10,020.00"
2020-09-03,2020090301038112,AKPL,58,47,"3,000",167.00,"501,000.00"
2020-09-03,2020090301038111,AKPL,58,36,200,167.00,"33,400.00"
2020-09-03,2020090301038110,AKPL,58,45,500,167.00,"83,500.00"
2020-09-03,2020090301038109,AKPL,58,41,500,166.00,"83,000.00"
2020-09-03,2020090301038142,ALBSL,43,3,44,827.00,"36,388.00"
2020-09-03,2020090301038128,ALBSL,43,38,24,827.00,"19,848.00"
2020-09-03,2020090301038127,ALBSL,43,59,11,827.00,"9,097.00"
2020-09-03,2020090301038126,ALBSL,43,25,10,827.00,"8,270.00"
2020-09-03,2020090301038125,ALBSL,43,36,11,826.00,"9,086.00"
2020-09-03,2020090301038124,ALBSL,43,6,100,826.00,"82,600.00"
2020-09-03,2020090301037731,ALBSL,59,26,100,820.00,"82,000.00"
2020-09-03,2020090301037872,ALBSL,43,6,100,823.00,"82,300.00"
2020-09-03,2020090301037871,ALBSL,43,37,11,822.00,"9,042.00"
2020-09-03,2020090301037870,ALBSL,43,6,50,821.00,"41,050.00"
2020-09-03,2020090301037869,ALBSL,43,3,100,820.00,"82,000.00"
2020-09-03,2020090301037878,ALBSL,43,52,10,824.00,"8,240.00"
2020-09-03,2020090301037877,ALBSL,43,51,11,824.00,"9,064.00"
2020-09-03,2020090301037876,ALBSL,43,42,10,824.00,"8,240.00"
2020-09-03,2020090301037875,ALBSL,43,46,24,824.00,"19,776.00"
2020-09-03,2020090301037874,ALBSL,43,50,11,823.00,"9,053.00"
2020-09-03,2020090301037873,ALBSL,43,50,11,823.00,"9,053.00"
2020-09-03,2020090301037884,ALBSL,43,16,20,824.00,"16,480.00"
2020-09-03,2020090301037883,ALBSL,43,22,11,824.00,"9,064.00"
2020-09-03,2020090301037882,ALBSL,43,45,10,824.00,"8,240.00"
2020-09-03,2020090301037881,ALBSL,43,10,11,824.00,"9,064.00"
2020-09-03,2020090301037880,ALBSL,43,41,20,824.00,"16,480.00"
2020-09-03,2020090301037879,ALBSL,43,45,13,824.00,"10,712.00"
2020-09-03,2020090301038025,ALBSL,59,57,32,824.00,"26,368.00"
2020-09-03,2020090301037889,ALBSL,43,39,232,825.00,"191,400.00"
2020-09-03,2020090301037888,ALBSL,43,55,11,825.00,"9,075.00"
2020-09-03,2020090301037887,ALBSL,43,57,100,825.00,"82,500.00"
2020-09-03,2020090301037886,ALBSL,43,45,22,825.00,"18,150.00"
2020-09-03,2020090301037885,ALBSL,43,45,11,825.00,"9,075.00"
2020-09-03,2020090301038027,ALBSL,59,34,100,825.00,"82,500.00"
2020-09-03,2020090301038026,ALBSL,59,16,440,825.00,"363,000.00"
2020-09-03,2020090301038196,ALICL,25,34,100,725.00,"72,500.00"
2020-09-03,2020090301037958,ALICL,43,34,100,725.00,"72,500.00"
2020-09-03,2020090301037903,ALICL,52,45,100,724.00,"72,400.00"
2020-09-03,2020090301037788,ALICL,1,34,315,725.00,"228,375.00"
2020-09-03,2020090301037766,ALICL,1,45,185,725.00,"134,125.00"
2020-09-03,2020090301037765,ALICL,17,45,315,725.00,"228,375.00"
2020-09-03,2020090301038154,API,13,36,230,128.00,"29,440.00"
2020-09-03,2020090301038153,API,13,52,899,128.00,"115,072.00"
2020-09-03,2020090301038008,API,38,52,55,128.00,"7,040.00"
2020-09-03,2020090301037762,API,29,52,500,128.00,"64,000.00"
2020-09-03,2020090301037975,BARUN,35,14,100,106.00,"10,600.00"
2020-09-03,2020090301038006,BPCL,49,34,123,382.00,"46,986.00"
2020-09-03,2020090301037864,CBBL,38,39,50,"1,106.00","55,300.00"
2020-09-03,2020090301037748,CBBL,38,14,46,"1,106.00","50,876.00"
2020-09-03,2020090301037936,CFCL,45,6,86,126.00,"10,836.00"
2020-09-03,2020090301037800,CFCL,45,57,14,126.00,"1,764.00"
2020-09-03,2020090301038045,CHCL,49,44,41,441.00,"18,081.00"
2020-09-03,2020090301038044,CHCL,49,43,59,441.00,"26,019.00"
2020-09-03,2020090301037982,CHL,29,38,34,105.00,"3,570.00"
2020-09-03,2020090301037742,CHL,29,29,10,105.00,"1,050.00"
2020-09-03,2020090301037809,CZBIL,21,44,575,196.00,"112,700.00"
2020-09-03,2020090301037808,CZBIL,21,53,197,196.00,"38,612.00"
2020-09-03,2020090301037807,CZBIL,21,47,63,196.00,"12,348.00"
2020-09-03,2020090301037806,CZBIL,21,55,665,196.00,"130,340.00"
2020-09-03,2020090301037976,DDBL,52,44,10,880.00,"8,800.00"
2020-09-03,2020090301037744,EDBL,53,17,10,306.00,"3,060.00"
2020-09-03,2020090301038187,EIC,6,48,100,488.00,"48,800.00"
2020-09-03,2020090301037959,EIC,45,35,50,487.00,"24,350.00"
2020-09-03,2020090301037899,EIC,33,48,200,488.00,"97,600.00"
2020-09-03,2020090301037851,EIC,29,48,500,488.00,"244,000.00"
2020-09-03,2020090301037781,EIC,3,48,200,488.00,"97,600.00"
2020-09-03,2020090301037769,EIC,57,48,50,488.00,"24,400.00"
2020-09-03,2020090301037753,EIC,29,48,500,488.00,"244,000.00"
2020-09-03,2020090301038123,FMDBL,19,19,600,570.00,"342,000.00"
2020-09-03,2020090301038122,FMDBL,19,14,200,569.00,"113,800.00"
2020-09-03,2020090301038050,FMDBL,25,47,100,569.00,"56,900.00"
2020-09-03,2020090301038143,GBBL,53,22,970,239.00,"231,830.00"
2020-09-03,2020090301038064,GBBL,49,22,30,239.00,"7,170.00"
2020-09-03,2020090301038189,GBIME,28,34,500,265.00,"132,500.00"
2020-09-03,2020090301038029,GBIME,34,38,102,264.00,"26,928.00"
2020-09-03,2020090301038028,GBIME,13,38,32,264.00,"8,448.00"
2020-09-03,2020090301038007,GBIME,47,34,150,265.00,"39,750.00"
2020-09-03,2020090301038145,GBLBS,46,29,15,530.00,"7,950.00"
2020-09-03,2020090301038065,GBLBS,46,36,174,530.00,"92,220.00"
2020-09-03,2020090301037777,GBLBS,17,50,15,531.00,"7,965.00"
2020-09-03,2020090301038160,GILB,16,29,50,"1,180.00","59,000.00"
2020-09-03,2020090301038159,GILB,20,29,50,"1,181.00","59,050.00"
2020-09-03,2020090301038055,GLBSL,6,13,10,795.00,"7,950.00"
2020-09-03,2020090301038116,GLICL,10,34,200,577.00,"115,400.00"
2020-09-03,2020090301038115,GLICL,10,3,100,577.00,"57,700.00"
2020-09-03,2020090301037997,GMFBS,50,32,40,800.00,"32,000.00"
2020-09-03,2020090301037996,GMFBS,29,32,50,800.00,"40,000.00"
2020-09-03,2020090301037995,GMFBS,41,32,10,801.00,"8,010.00"
2020-09-03,2020090301037994,GMFBS,28,32,35,802.00,"28,070.00"
2020-09-03,2020090301037985,GMFBS,14,37,240,810.00,"194,400.00"
2020-09-03,2020090301037812,HBL,42,57,100,565.00,"56,500.00"
2020-09-03,2020090301038063,HGI,44,34,200,470.00,"94,000.00"
2020-09-03,2020090301038062,HGI,44,41,20,470.00,"9,400.00"
2020-09-03,2020090301037986,HIDCL,6,17,100,145.00,"14,500.00"
2020-09-03,2020090301037733,HIDCL,11,42,123,146.00,"17,958.00"
2020-09-03,2020090301037759,HURJA,46,26,20,103.00,"2,060.00"
2020-09-03,2020090301037941,IGI,45,8,100,525.00,"52,500.00"
2020-09-03,2020090301037760,IGI,45,14,391,525.00,"205,275.00"
2020-09-03,2020090301037716,IGI,49,28,46,526.00,"24,196.00"
2020-09-03,2020090301037715,IGI,49,41,19,526.00,"9,994.00"
2020-09-03,2020090301037909,ILBS,38,55,40,780.00,"31,200.00"
2020-09-03,2020090301037908,ILBS,53,55,10,780.00,"7,800.00"
2020-09-03,2020090301038157,KBL,42,42,340,191.00,"64,940.00"
2020-09-03,2020090301037954,KBL,25,16,"1,784",192.00,"342,528.00"
2020-09-03,2020090301037953,KBL,25,16,216,192.00,"41,472.00"
2020-09-03,2020090301037949,KBL,8,16,100,192.00,"19,200.00"
2020-09-03,2020090301037943,KPCL,59,36,10,119.00,"1,190.00"
2020-09-03,2020090301037752,KPCL,59,39,460,118.00,"54,280.00"
2020-09-03,2020090301037960,KSBBL,29,57,20,145.00,"2,900.00"
2020-09-03,2020090301038141,LGIL,33,58,50,524.00,"26,200.00"
2020-09-03,2020090301038052,LGIL,50,32,30,521.00,"15,630.00"
2020-09-03,2020090301038051,LGIL,26,32,50,522.00,"26,100.00"
2020-09-03,2020090301037983,LICN,25,35,10,"1,474.00","14,740.00"
2020-09-03,2020090301038205,MBL,25,47,400,231.00,"92,400.00"
2020-09-03,2020090301038204,MBL,45,47,100,231.00,"23,100.00"
2020-09-03,2020090301037966,MBL,29,54,64,232.00,"14,848.00"
2020-09-03,2020090301037965,MBL,29,44,200,232.00,"46,400.00"
2020-09-03,2020090301037964,MBL,29,42,40,232.00,"9,280.00"
2020-09-03,2020090301037963,MBL,29,56,696,232.00,"161,472.00"
2020-09-03,2020090301038184,MEGA,4,36,500,227.00,"113,500.00"
2020-09-03,2020090301037967,MEGA,57,47,50,226.00,"11,300.00"
2020-09-03,2020090301037794,MEGA,38,53,33,226.00,"7,458.00"
2020-09-03,2020090301037793,MEGA,38,6,200,226.00,"45,200.00"
2020-09-03,2020090301037792,MEGA,38,22,60,226.00,"13,560.00"
2020-09-03,2020090301037725,MEGA,14,47,15,225.00,"3,375.00"
2020-09-03,2020090301038202,MERO,22,25,100,699.00,"69,900.00"
2020-09-03,2020090301038054,MERO,3,52,10,700.00,"7,000.00"
2020-09-03,2020090301038048,MERO,51,50,10,700.00,"7,000.00"
2020-09-03,2020090301038047,MERO,51,57,500,700.00,"350,000.00"
2020-09-03,2020090301038039,MERO,28,22,21,699.00,"14,679.00"
2020-09-03,2020090301037935,MERO,28,56,70,699.00,"48,930.00"
2020-09-03,2020090301038179,MHNL,29,48,500,88.00,"44,000.00"
2020-09-03,2020090301037796,MMFDB,21,13,100,905.00,"90,500.00"
2020-09-03,2020090301037795,MMFDB,21,13,20,905.00,"18,100.00"
2020-09-03,2020090301038067,MNBBL,45,11,50,330.00,"16,500.00"
2020-09-03,2020090301037906,MNBBL,45,48,280,330.00,"92,400.00"
2020-09-03,2020090301037905,MNBBL,57,48,290,330.00,"95,700.00"
2020-09-03,2020090301038030,NABIL,45,43,"1,000",861.00,"861,000.00"
2020-09-03,2020090301037987,NABIL,33,38,148,860.00,"127,280.00"
2020-09-03,2020090301037948,NABIL,33,42,100,860.00,"86,000.00"
2020-09-03,2020090301037947,NABIL,33,43,"1,000",860.00,"860,000.00"
2020-09-03,2020090301037946,NABIL,33,57,20,860.00,"17,200.00"
2020-09-03,2020090301037945,NABIL,33,22,100,860.00,"86,000.00"
2020-09-03,2020090301037944,NABIL,33,4,603,860.00,"518,580.00"
2020-09-03,2020090301037937,NABIL,34,4,50,860.00,"43,000.00"
2020-09-03,2020090301037934,NABIL,22,4,20,860.00,"17,200.00"
2020-09-03,2020090301037914,NABIL,33,4,327,860.00,"281,220.00"
2020-09-03,2020090301037913,NABIL,33,4,173,860.00,"148,780.00"
2020-09-03,2020090301037770,NABIL,5,25,200,859.00,"171,800.00"
2020-09-03,2020090301037776,NADEP,38,37,23,650.00,"14,950.00"
2020-09-03,2020090301037863,NBB,8,4,100,201.00,"20,100.00"
2020-09-03,2020090301037974,NBL,36,17,"1,155",302.00,"348,810.00"
2020-09-03,2020090301037973,NBL,36,20,345,302.00,"104,190.00"
2020-09-03,2020090301037972,NBL,36,37,980,302.00,"295,960.00"
2020-09-03,2020090301037868,NBL,34,37,20,302.00,"6,040.00"
2020-09-03,2020090301037867,NBL,34,37,"1,000",302.00,"302,000.00"
2020-09-03,2020090301037866,NBL,34,14,100,302.00,"30,200.00"
2020-09-03,2020090301037865,NBL,34,57,380,302.00,"114,760.00"
2020-09-03,2020090301038201,NCCB,39,1,"1,000",197.00,"197,000.00"
2020-09-03,2020090301038031,NFS,28,28,10,180.00,"1,800.00"
2020-09-03,2020090301037980,NHDL,34,38,70,150.00,"10,500.00"
2020-09-03,2020090301037979,NHDL,22,38,200,150.00,"30,000.00"
2020-09-03,2020090301037978,NHDL,22,38,10,152.00,"1,520.00"
2020-09-03,2020090301038156,NHPC,55,49,11,59.00,649.00
2020-09-03,2020090301038198,NIB,45,58,"2,000",429.00,"858,000.00"
2020-09-03,2020090301037825,NIB,49,58,100,427.00,"42,700.00"
2020-09-03,2020090301037824,NIB,45,58,55,427.00,"23,485.00"
2020-09-03,2020090301037823,NIB,45,58,"2,000",427.00,"854,000.00"
2020-09-03,2020090301037822,NIB,41,58,100,427.00,"42,700.00"
2020-09-03,2020090301037821,NIB,52,58,200,427.00,"85,400.00"
2020-09-03,2020090301037820,NIB,43,58,145,428.00,"62,060.00"
2020-09-03,2020090301038186,NIBPO,56,38,"1,000",369.00,"369,000.00"
2020-09-03,2020090301037942,NICA,45,42,777,594.00,"461,538.00"
2020-09-03,2020090301037773,NICGF,50,57,"1,000",10.99,"10,990.00"
2020-09-03,2020090301037931,NICL,6,45,97,550.00,"53,350.00"
2020-09-03,2020090301037930,NICL,6,33,50,550.00,"27,500.00"
2020-09-03,2020090301037929,NICL,6,13,451,550.00,"248,050.00"
2020-09-03,2020090301037928,NICL,6,25,93,550.00,"51,150.00"
2020-09-03,2020090301037927,NICL,6,28,100,550.00,"55,000.00"
2020-09-03,2020090301037926,NICL,6,49,210,550.00,"115,500.00"
2020-09-03,2020090301037893,NICL,58,16,21,547.00,"11,487.00"
2020-09-03,2020090301037919,NICL,6,25,32,548.00,"17,536.00"
2020-09-03,2020090301037918,NICL,6,53,100,548.00,"54,800.00"
2020-09-03,2020090301037917,NICL,6,35,300,548.00,"164,400.00"
2020-09-03,2020090301037916,NICL,6,33,384,547.00,"210,048.00"
2020-09-03,2020090301037895,NICL,58,33,116,547.00,"63,452.00"
2020-09-03,2020090301037894,NICL,58,18,363,547.00,"198,561.00"
2020-09-03,2020090301037925,NICL,6,44,50,550.00,"27,500.00"
2020-09-03,2020090301037924,NICL,6,1,500,550.00,"275,000.00"
2020-09-03,2020090301037923,NICL,6,44,150,549.00,"82,350.00"
2020-09-03,2020090301037922,NICL,6,32,60,549.00,"32,940.00"
2020-09-03,2020090301037921,NICL,6,50,100,549.00,"54,900.00"
2020-09-03,2020090301037920,NICL,6,44,323,549.00,"177,327.00"
2020-09-03,2020090301038017,NIL,16,38,150,784.00,"117,600.00"
2020-09-03,2020090301037993,NIL,16,45,50,784.00,"39,200.00"
2020-09-03,2020090301037992,NIL,16,58,70,784.00,"54,880.00"
2020-09-03,2020090301037969,NIL,1,58,100,784.00,"78,400.00"
2020-09-03,2020090301037901,NIL,22,58,20,784.00,"15,680.00"
2020-09-03,2020090301037828,NIL,58,58,500,784.00,"392,000.00"
2020-09-03,2020090301037719,NIL,58,45,900,782.00,"703,800.00"
2020-09-03,2020090301037718,NIL,8,45,50,782.00,"39,100.00"
2020-09-03,2020090301037717,NIL,34,45,50,783.00,"39,150.00"
2020-09-03,2020090301038195,NLBBL,29,7,82,732.00,"60,024.00"
2020-09-03,2020090301038194,NLBBL,29,48,50,730.00,"36,500.00"
2020-09-03,2020090301038193,NLBBL,29,37,10,730.00,"7,300.00"
2020-09-03,2020090301038192,NLBBL,29,48,20,729.00,"14,580.00"
2020-09-03,2020090301038191,NLBBL,29,43,50,728.00,"36,400.00"
2020-09-03,2020090301038190,NLBBL,29,50,30,727.00,"21,810.00"
2020-09-03,2020090301037898,NLIC,54,21,20,"1,374.00","27,480.00"
2020-09-03,2020090301037850,NLIC,54,6,893,"1,374.00","1,226,980.00"
2020-09-03,2020090301037735,NLIC,33,6,100,"1,374.00","137,400.00"
2020-09-03,2020090301037912,NLICL,4,47,605,779.00,"471,295.00"
2020-09-03,2020090301037911,NLICL,53,47,68,780.00,"53,040.00"
2020-09-03,2020090301037910,NLICL,32,47,327,780.00,"255,060.00"
2020-09-03,2020090301037858,NLICL,32,7,68,780.00,"53,040.00"
2020-09-03,2020090301037750,NLICL,4,45,150,779.00,"116,850.00"
2020-09-03,2020090301038118,NMB,20,21,500,431.00,"215,500.00"
2020-09-03,2020090301038024,NMB,34,21,200,431.00,"86,200.00"
2020-09-03,2020090301038023,NMB,36,21,"1,000",431.00,"431,000.00"
2020-09-03,2020090301038022,NMB,45,21,100,431.00,"43,100.00"
2020-09-03,2020090301038021,NMB,39,21,200,431.00,"86,200.00"
2020-09-03,2020090301038020,NMB,16,21,100,431.00,"43,100.00"
2020-09-03,2020090301038019,NMB,36,21,"1,681",431.00,"724,511.00"
2020-09-03,2020090301037799,NMB,57,38,300,432.00,"129,600.00"
2020-09-03,2020090301038005,NMBHF1,7,21,832,10.10,"8,403.20"
2020-09-03,2020090301038004,NMBHF1,7,21,832,10.10,"8,403.20"
2020-09-03,2020090301038003,NMBHF1,7,21,"10,000",10.10,"101,000.00"
2020-09-03,2020090301038002,NMBHF1,7,21,832,10.10,"8,403.20"
2020-09-03,2020090301038001,NMBHF1,7,17,"2,080",10.10,"21,008.00"
2020-09-03,2020090301038197,NRIC,59,29,10,890.00,"8,900.00"
2020-09-03,2020090301038178,NRIC,28,29,290,890.00,"258,100.00"
2020-09-03,2020090301038177,NRIC,28,42,30,890.00,"26,700.00"
2020-09-03,2020090301038176,NRIC,28,32,50,890.00,"44,500.00"
2020-09-03,2020090301038175,NRIC,28,52,40,890.00,"35,600.00"
2020-09-03,2020090301038174,NRIC,28,44,50,890.00,"44,500.00"
2020-09-03,2020090301037713,NRIC,49,40,69,887.00,"61,203.00"
2020-09-03,2020090301037726,NRIC,55,33,100,886.00,"88,600.00"
2020-09-03,2020090301037724,NRIC,57,55,50,886.00,"44,300.00"
2020-09-03,2020090301037723,NRIC,56,55,25,886.00,"22,150.00"
2020-09-03,2020090301037722,NRIC,55,55,20,886.00,"17,720.00"
2020-09-03,2020090301037721,NRIC,38,55,500,886.00,"443,000.00"
2020-09-03,2020090301037720,NRIC,38,55,400,886.00,"354,400.00"
2020-09-03,2020090301037738,NRIC,33,21,41,887.00,"36,367.00"
2020-09-03,2020090301037734,NRIC,45,21,300,887.00,"266,100.00"
2020-09-03,2020090301037730,NRIC,4,21,59,887.00,"52,333.00"
2020-09-03,2020090301037729,NRIC,4,40,201,887.00,"178,287.00"
2020-09-03,2020090301037728,NRIC,1,40,300,887.00,"266,100.00"
2020-09-03,2020090301037727,NRIC,37,33,50,886.00,"44,300.00"
2020-09-03,2020090301037761,NRIC,44,38,40,887.00,"35,480.00"
2020-09-03,2020090301037756,NRIC,44,19,21,887.00,"18,627.00"
2020-09-03,2020090301037755,NRIC,33,19,279,887.00,"247,473.00"
2020-09-03,2020090301037741,NRIC,33,38,100,887.00,"88,700.00"
2020-09-03,2020090301037740,NRIC,33,21,40,887.00,"35,480.00"
2020-09-03,2020090301037739,NRIC,33,21,40,887.00,"35,480.00"
2020-09-03,2020090301037830,NRIC,44,49,70,887.00,"62,090.00"
2020-09-03,2020090301037827,NRIC,38,59,300,888.00,"266,400.00"
2020-09-03,2020090301037826,NRIC,38,59,50,888.00,"44,400.00"
2020-09-03,2020090301037790,NRIC,33,59,490,888.00,"435,120.00"
2020-09-03,2020090301037789,NRIC,33,3,10,888.00,"8,880.00"
2020-09-03,2020090301037763,NRIC,44,32,40,887.00,"35,480.00"
2020-09-03,2020090301038009,NRIC,13,39,50,888.00,"44,400.00"
2020-09-03,2020090301037968,NRIC,3,10,40,888.00,"35,520.00"
2020-09-03,2020090301037938,NRIC,58,49,20,889.00,"17,780.00"
2020-09-03,2020090301037890,NRIC,3,33,100,888.00,"88,800.00"
2020-09-03,2020090301037859,NRIC,3,59,60,888.00,"53,280.00"
2020-09-03,2020090301037852,NRIC,25,59,100,888.00,"88,800.00"
2020-09-03,2020090301038035,NRIC,55,51,20,889.00,"17,780.00"
2020-09-03,2020090301038014,NRIC,55,32,50,889.00,"44,450.00"
2020-09-03,2020090301038013,NRIC,55,38,40,889.00,"35,560.00"
2020-09-03,2020090301038012,NRIC,55,49,30,889.00,"26,670.00"
2020-09-03,2020090301038011,NRIC,13,13,10,888.00,"8,880.00"
2020-09-03,2020090301038010,NRIC,13,18,40,888.00,"35,520.00"
2020-09-03,2020090301038155,NRIC,1,47,40,888.00,"35,520.00"
2020-09-03,2020090301038117,NRIC,1,52,50,888.00,"44,400.00"
2020-09-03,2020090301038053,NRIC,44,6,40,887.00,"35,480.00"
2020-09-03,2020090301038049,NRIC,50,46,40,888.00,"35,520.00"
2020-09-03,2020090301038038,NRIC,50,34,10,888.00,"8,880.00"
2020-09-03,2020090301038036,NRIC,44,51,190,887.00,"168,530.00"
2020-09-03,2020090301038167,NRIC,28,28,40,890.00,"35,600.00"
2020-09-03,2020090301038166,NRIC,28,5,30,890.00,"26,700.00"
2020-09-03,2020090301038165,NRIC,1,38,270,888.00,"239,760.00"
2020-09-03,2020090301038162,NRIC,49,5,100,890.00,"89,000.00"
2020-09-03,2020090301038161,NRIC,1,58,500,888.00,"444,000.00"
2020-09-03,2020090301038158,NRIC,1,39,40,888.00,"35,520.00"
2020-09-03,2020090301038173,NRIC,28,17,40,890.00,"35,600.00"
2020-09-03,2020090301038172,NRIC,28,34,70,890.00,"62,300.00"
2020-09-03,2020090301038171,NRIC,28,28,40,890.00,"35,600.00"
2020-09-03,2020090301038170,NRIC,28,28,50,890.00,"44,500.00"
2020-09-03,2020090301038169,NRIC,28,28,40,890.00,"35,600.00"
2020-09-03,2020090301038168,NRIC,28,58,30,890.00,"26,700.00"
2020-09-03,2020090301038042,NRN,16,35,10,537.00,"5,370.00"
2020-09-03,2020090301038018,NRN,16,39,10,537.00,"5,370.00"
2020-09-03,2020090301038015,NRN,16,37,10,537.00,"5,370.00"
2020-09-03,2020090301037764,NRN,16,36,10,537.00,"5,370.00"
2020-09-03,2020090301037758,NRN,16,35,10,537.00,"5,370.00"
2020-09-03,2020090301038183,NTC,58,41,50,710.00,"35,500.00"
2020-09-03,2020090301038182,NTC,58,57,250,710.00,"177,500.00"
2020-09-03,2020090301038181,NTC,58,8,100,710.00,"71,000.00"
2020-09-03,2020090301038180,NTC,58,28,310,710.00,"220,100.00"
2020-09-03,2020090301038144,NTC,58,58,90,709.00,"63,810.00"
2020-09-03,2020090301038061,NTC,58,28,190,710.00,"134,900.00"
2020-09-03,2020090301037771,NTC,58,49,20,703.00,"14,060.00"
2020-09-03,2020090301037860,NTC,58,26,96,708.00,"67,968.00"
2020-09-03,2020090301037810,NTC,58,25,100,705.00,"70,500.00"
2020-09-03,2020090301037805,NTC,58,26,530,705.00,"373,650.00"
2020-09-03,2020090301037804,NTC,58,34,10,705.00,"7,050.00"
2020-09-03,2020090301037803,NTC,58,17,100,704.00,"70,400.00"
2020-09-03,2020090301037802,NTC,58,16,80,704.00,"56,320.00"
2020-09-03,2020090301038060,NTC,58,44,10,710.00,"7,100.00"
2020-09-03,2020090301037955,NTC,58,7,200,709.00,"141,800.00"
2020-09-03,2020090301037932,NTC,58,36,50,708.00,"35,400.00"
2020-09-03,2020090301037862,NTC,58,59,100,708.00,"70,800.00"
2020-09-03,2020090301037861,NTC,58,52,100,708.00,"70,800.00"
2020-09-03,2020090301037797,NUBL,43,38,50,979.00,"48,950.00"
2020-09-03,2020090301037772,NUBL,45,5,56,984.00,"55,104.00"
2020-09-03,2020090301037940,OHL,45,11,479,350.00,"167,650.00"
2020-09-03,2020090301037939,OHL,45,57,21,350.00,"7,350.00"
2020-09-03,2020090301037915,PCBL,29,59,89,286.00,"25,454.00"
2020-09-03,2020090301037775,PCBL,19,59,325,286.00,"92,950.00"
2020-09-03,2020090301037957,PIC,55,42,184,754.00,"138,736.00"
2020-09-03,2020090301037907,PIC,55,58,30,754.00,"22,620.00"
2020-09-03,2020090301038043,PICL,36,25,150,545.00,"81,750.00"
2020-09-03,2020090301038000,PLIC,44,38,15,635.00,"9,525.00"
2020-09-03,2020090301037999,PLIC,18,38,10,637.00,"6,370.00"
2020-09-03,2020090301037981,PLIC,59,7,10,639.00,"6,390.00"
2020-09-03,2020090301037779,PLIC,18,49,240,637.00,"152,880.00"
2020-09-03,2020090301037786,PPCL,28,46,10,136.00,"1,360.00"
2020-09-03,2020090301037785,PPCL,28,52,30,136.00,"4,080.00"
2020-09-03,2020090301037784,PPCL,28,56,10,136.00,"1,360.00"
2020-09-03,2020090301037783,PPCL,28,35,10,135.00,"1,350.00"
2020-09-03,2020090301037782,PPCL,28,35,30,135.00,"4,050.00"
2020-09-03,2020090301037989,PRIN,22,45,50,595.00,"29,750.00"
2020-09-03,2020090301038164,PRVU,57,4,240,237.00,"56,880.00"
2020-09-03,2020090301038163,PRVU,57,33,253,236.00,"59,708.00"
2020-09-03,2020090301037774,PRVU,57,4,760,237.00,"180,120.00"
2020-09-03,2020090301037854,RADHI,32,38,100,208.00,"20,800.00"
2020-09-03,2020090301038151,RHPC,25,25,"1,000",99.00,"99,000.00"
2020-09-03,2020090301038150,RHPC,10,25,"1,300",99.00,"128,700.00"
2020-09-03,2020090301038149,RHPC,5,25,500,99.00,"49,500.00"
2020-09-03,2020090301038148,RHPC,22,25,"1,000",99.00,"99,000.00"
2020-09-03,2020090301038147,RHPC,52,25,62,99.00,"6,138.00"
2020-09-03,2020090301038146,RHPC,26,25,401,99.00,"39,699.00"
2020-09-03,2020090301037962,RHPC,5,25,500,100.00,"50,000.00"
2020-09-03,2020090301037961,RHPC,34,25,200,100.00,"20,000.00"
2020-09-03,2020090301037951,RHPC,34,17,300,100.00,"30,000.00"
2020-09-03,2020090301037950,RHPC,8,17,200,100.00,"20,000.00"
2020-09-03,2020090301037745,RHPC,8,45,600,100.00,"60,000.00"
2020-09-03,2020090301038034,RHPL,43,38,40,170.00,"6,800.00"
2020-09-03,2020090301037990,RHPL,49,6,275,171.00,"47,025.00"
2020-09-03,2020090301037798,RHPL,49,53,50,171.00,"8,550.00"
2020-09-03,2020090301037780,RHPL,49,14,95,171.00,"16,245.00"
2020-09-03,2020090301038033,RMDC,49,36,10,872.00,"8,720.00"
2020-09-03,2020090301038032,RMDC,34,36,84,872.00,"73,248.00"
2020-09-03,2020090301037977,RMDC,34,57,106,872.00,"92,432.00"
2020-09-03,2020090301037896,RMDC,34,32,200,872.00,"174,400.00"
2020-09-03,2020090301037732,RMDC,34,6,100,872.00,"87,200.00"
2020-09-03,2020090301037743,RRHP,36,53,500,111.00,"55,500.00"
2020-09-03,2020090301037712,RRHP,36,58,500,111.00,"55,500.00"
2020-09-03,2020090301037711,RRHP,6,58,200,111.00,"22,200.00"
2020-09-03,2020090301037710,RRHP,40,58,100,111.00,"11,100.00"
2020-09-03,2020090301037709,RRHP,36,58,500,111.00,"55,500.00"
2020-09-03,2020090301037708,RRHP,20,58,430,112.00,"48,160.00"
2020-09-03,2020090301037952,RSDC,36,42,40,525.00,"21,000.00"
2020-09-03,2020090301037811,RSDC,6,1,67,524.00,"35,108.00"
2020-09-03,2020090301037970,SABSL,49,4,11,818.00,"8,998.00"
2020-09-03,2020090301037819,SABSL,56,45,17,825.00,"14,025.00"
2020-09-03,2020090301037818,SABSL,56,42,11,825.00,"9,075.00"
2020-09-03,2020090301037817,SABSL,56,34,11,825.00,"9,075.00"
2020-09-03,2020090301037816,SABSL,56,57,31,824.00,"25,544.00"
2020-09-03,2020090301037815,SABSL,56,19,500,824.00,"412,000.00"
2020-09-03,2020090301037814,SABSL,56,34,330,823.00,"271,590.00"
2020-09-03,2020090301037813,SABSL,56,42,100,820.00,"82,000.00"
2020-09-03,2020090301038203,SANIMA,48,1,30,352.00,"10,560.00"
2020-09-03,2020090301037853,SBL,21,29,100,306.00,"30,600.00"
2020-09-03,2020090301037749,SDLBSL,33,25,10,826.00,"8,260.00"
2020-09-03,2020090301038046,SHINE,38,26,300,241.00,"72,300.00"
2020-09-03,2020090301037933,SHINE,33,57,"1,000",240.00,"240,000.00"
2020-09-03,2020090301038140,SHIVM,45,10,32,725.00,"23,200.00"
2020-09-03,2020090301038139,SHIVM,45,10,600,725.00,"435,000.00"
2020-09-03,2020090301038138,SHIVM,52,10,50,725.00,"36,250.00"
2020-09-03,2020090301038137,SHIVM,45,10,50,725.00,"36,250.00"
2020-09-03,2020090301038136,SHIVM,33,10,200,725.00,"145,000.00"
2020-09-03,2020090301038135,SHIVM,52,10,50,725.00,"36,250.00"
2020-09-03,2020090301037892,SHIVM,42,42,550,725.00,"398,750.00"
2020-09-03,2020090301037891,SHIVM,57,42,450,726.00,"326,700.00"
2020-09-03,2020090301037829,SHIVM,57,1,50,726.00,"36,300.00"
2020-09-03,2020090301037767,SHIVM,22,4,50,726.00,"36,300.00"
2020-09-03,2020090301038134,SHIVM,48,10,200,725.00,"145,000.00"
2020-09-03,2020090301038133,SHIVM,29,10,70,725.00,"50,750.00"
2020-09-03,2020090301038132,SHIVM,57,10,50,725.00,"36,250.00"
2020-09-03,2020090301038131,SHIVM,13,10,100,725.00,"72,500.00"
2020-09-03,2020090301038130,SHIVM,50,10,50,725.00,"36,250.00"
2020-09-03,2020090301038129,SHIVM,42,10,548,725.00,"397,300.00"
2020-09-03,2020090301037787,SHPC,29,17,100,258.00,"25,800.00"
2020-09-03,2020090301038041,SICL,4,34,89,"1,334.00","118,726.00"
2020-09-03,2020090301037778,SICL,4,52,310,"1,333.00","413,230.00"
2020-09-03,2020090301037751,SICL,4,44,40,"1,333.00","53,320.00"
2020-09-03,2020090301037747,SICL,44,37,38,"1,334.00","50,692.00"
2020-09-03,2020090301037746,SICL,44,48,36,"1,334.00","48,024.00"
2020-09-03,2020090301038016,SICL,38,55,65,"1,331.00","86,515.00"
2020-09-03,2020090301037897,SICL,5,34,21,"1,336.00","28,056.00"
2020-09-03,2020090301037856,SICL,5,37,12,"1,334.00","16,008.00"
2020-09-03,2020090301037855,SICL,5,49,59,"1,333.00","78,647.00"
2020-09-03,2020090301037791,SICL,4,49,441,"1,333.00","587,853.00"
2020-09-03,2020090301038121,SIFC,22,14,100,157.00,"15,700.00"
2020-09-03,2020090301038120,SIFC,22,45,85,157.00,"13,345.00"
2020-09-03,2020090301038119,SIFC,22,51,10,157.00,"1,570.00"
2020-09-03,2020090301038059,SIL,5,6,100,743.00,"74,300.00"
2020-09-03,2020090301038058,SIL,13,6,100,743.00,"74,300.00"
2020-09-03,2020090301038057,SIL,52,6,50,744.00,"37,200.00"
2020-09-03,2020090301038056,SIL,58,6,50,745.00,"37,250.00"
2020-09-03,2020090301038066,SJCL,8,38,20,150.00,"3,000.00"
2020-09-03,2020090301038040,SJCL,8,53,20,150.00,"3,000.00"
2020-09-03,2020090301037971,SJCL,8,1,10,150.00,"1,500.00"
2020-09-03,2020090301037754,SJCL,8,10,20,150.00,"3,000.00"
2020-09-03,2020090301037714,SJCL,8,32,20,150.00,"3,000.00"
2020-09-03,2020090301037757,SLBBL,10,21,62,847.00,"52,514.00"
2020-09-03,2020090301037988,SLBSL,4,34,26,814.00,"21,164.00"
2020-09-03,2020090301037956,SLICL,1,39,200,573.00,"114,600.00"
2020-09-03,2020090301037857,SLICL,1,28,300,573.00,"171,900.00"
2020-09-03,2020090301037736,SLICL,1,32,100,573.00,"57,300.00"
2020-09-03,2020090301038185,SPDL,6,26,97,131.00,"12,707.00"
2020-09-03,2020090301038068,SRBL,34,45,218,232.00,"50,576.00"
2020-09-03,2020090301038188,UPCL,22,57,468,84.00,"39,312.00"
2020-09-03,2020090301038037,UPCL,14,38,200,85.00,"17,000.00"
2020-09-03,2020090301037984,UPCL,42,38,350,85.00,"29,750.00"
2020-09-03,2020090301037900,UPCL,22,13,100,84.00,"8,400.00"
2020-09-03,2020090301038200,UPPER,26,38,50,249.00,"12,450.00"
2020-09-03,2020090301037554,ACLBSL,48,37,10,700.00,"7,000.00"
2020-09-03,2020090301037451,ACLBSL,48,3,92,700.00,"64,400.00"
2020-09-03,2020090301037230,ACLBSL,49,10,10,699.00,"6,990.00"
2020-09-03,2020090301037467,ADBL,58,51,200,433.00,"86,600.00"
2020-09-03,2020090301037466,ADBL,38,51,100,433.00,"43,300.00"
2020-09-03,2020090301037465,ADBL,43,51,150,433.00,"64,950.00"
2020-09-03,2020090301037610,AHPC,14,6,158,113.00,"17,854.00"
2020-09-03,2020090301037609,AHPC,38,6,297,113.00,"33,561.00"
2020-09-03,2020090301037700,AIL,52,35,10,516.00,"5,160.00"
2020-09-03,2020090301037680,AIL,52,39,10,516.00,"5,160.00"
2020-09-03,2020090301037677,AIL,52,3,20,516.00,"10,320.00"
2020-09-03,2020090301037676,AIL,52,45,30,516.00,"15,480.00"
2020-09-03,2020090301037675,AIL,52,21,10,515.00,"5,150.00"
2020-09-03,2020090301037674,AIL,52,17,10,515.00,"5,150.00"
2020-09-03,2020090301037275,AIL,10,50,20,515.00,"10,300.00"
2020-09-03,2020090301037271,AIL,49,58,5,514.00,"2,570.00"
2020-09-03,2020090301037412,AIL,42,57,10,514.00,"5,140.00"
2020-09-03,2020090301037390,AIL,42,26,10,514.00,"5,140.00"
2020-09-03,2020090301037385,AIL,42,35,10,514.00,"5,140.00"
2020-09-03,2020090301037323,AIL,42,38,10,514.00,"5,140.00"
2020-09-03,2020090301037316,AIL,42,10,10,514.00,"5,140.00"
2020-09-03,2020090301037294,AIL,18,50,10,515.00,"5,150.00"
2020-09-03,2020090301037673,AIL,52,50,10,515.00,"5,150.00"
2020-09-03,2020090301037602,AIL,34,57,10,514.00,"5,140.00"
2020-09-03,2020090301037566,AIL,34,56,10,514.00,"5,140.00"
2020-09-03,2020090301037536,AIL,42,50,10,515.00,"5,150.00"
2020-09-03,2020090301037456,AIL,51,1,50,514.00,"25,700.00"
2020-09-03,2020090301037455,AIL,34,1,50,514.00,"25,700.00"
2020-09-03,2020090301037260,AKPL,58,37,"3,000",157.00,"471,000.00"
2020-09-03,2020090301037259,AKPL,58,47,548,157.00,"86,036.00"
2020-09-03,2020090301037258,AKPL,58,32,778,157.00,"122,146.00"
2020-09-03,2020090301037206,AKPL,45,32,10,157.00,"1,570.00"
2020-09-03,2020090301037288,AKPL,58,51,500,158.00,"79,000.00"
2020-09-03,2020090301037261,AKPL,58,13,700,157.00,"109,900.00"
2020-09-03,2020090301037375,AKPL,58,25,79,158.00,"12,482.00"
2020-09-03,2020090301037374,AKPL,58,3,"1,000",158.00,"158,000.00"
2020-09-03,2020090301037373,AKPL,58,21,515,158.00,"81,370.00"
2020-09-03,2020090301037372,AKPL,58,51,500,158.00,"79,000.00"
2020-09-03,2020090301037360,AKPL,58,43,380,157.00,"59,660.00"
2020-09-03,2020090301037452,AKPL,45,48,209,158.00,"33,022.00"
2020-09-03,2020090301037431,AKPL,58,33,"3,500",157.00,"549,500.00"
2020-09-03,2020090301037378,AKPL,58,48,196,158.00,"30,968.00"
2020-09-03,2020090301037377,AKPL,58,25,200,158.00,"31,600.00"
2020-09-03,2020090301037376,AKPL,58,29,"2,000",158.00,"316,000.00"
2020-09-03,2020090301037498,AKPL,45,11,100,158.00,"15,800.00"
2020-09-03,2020090301037634,ALBSL,28,43,19,820.00,"15,580.00"
2020-09-03,2020090301037633,ALBSL,28,3,70,820.00,"57,400.00"
2020-09-03,2020090301037632,ALBSL,28,5,11,820.00,"9,020.00"
2020-09-03,2020090301037631,ALBSL,28,45,11,820.00,"9,020.00"
2020-09-03,2020090301037630,ALBSL,28,19,30,820.00,"24,600.00"
2020-09-03,2020090301037629,ALBSL,28,57,11,820.00,"9,020.00"
2020-09-03,2020090301037281,ALBSL,59,52,11,805.00,"8,855.00"
2020-09-03,2020090301037280,ALBSL,59,32,20,805.00,"16,100.00"
2020-09-03,2020090301037279,ALBSL,59,34,11,805.00,"8,855.00"
2020-09-03,2020090301037278,ALBSL,59,49,50,803.00,"40,150.00"
2020-09-03,2020090301037340,ALBSL,28,48,11,810.00,"8,910.00"
2020-09-03,2020090301037339,ALBSL,28,52,100,809.00,"80,900.00"
2020-09-03,2020090301037338,ALBSL,28,21,230,808.00,"185,840.00"
2020-09-03,2020090301037337,ALBSL,28,7,30,808.00,"24,240.00"
2020-09-03,2020090301037336,ALBSL,28,35,11,808.00,"8,888.00"
2020-09-03,2020090301037320,ALBSL,59,37,11,805.00,"8,855.00"
2020-09-03,2020090301037346,ALBSL,28,13,200,811.00,"162,200.00"
2020-09-03,2020090301037345,ALBSL,28,34,283,810.00,"229,230.00"
2020-09-03,2020090301037344,ALBSL,28,10,11,810.00,"8,910.00"
2020-09-03,2020090301037343,ALBSL,28,58,11,810.00,"8,910.00"
2020-09-03,2020090301037342,ALBSL,28,1,11,810.00,"8,910.00"
2020-09-03,2020090301037341,ALBSL,28,6,75,810.00,"60,750.00"
2020-09-03,2020090301037347,ALBSL,28,47,11,811.00,"8,921.00"
2020-09-03,2020090301037379,ALBSL,28,10,11,812.00,"8,932.00"
2020-09-03,2020090301037503,ALBSL,28,29,100,816.00,"81,600.00"
2020-09-03,2020090301037502,ALBSL,28,6,12,815.00,"9,780.00"
2020-09-03,2020090301037501,ALBSL,28,48,21,813.00,"17,073.00"
2020-09-03,2020090301037500,ALBSL,28,38,11,813.00,"8,943.00"
2020-09-03,2020090301037499,ALBSL,28,6,22,813.00,"17,886.00"
2020-09-03,2020090301037509,ALBSL,28,26,189,820.00,"154,980.00"
2020-09-03,2020090301037508,ALBSL,28,52,50,819.00,"40,950.00"
2020-09-03,2020090301037507,ALBSL,28,6,22,816.00,"17,952.00"
2020-09-03,2020090301037506,ALBSL,28,25,40,816.00,"32,640.00"
2020-09-03,2020090301037505,ALBSL,28,44,11,816.00,"8,976.00"
2020-09-03,2020090301037504,ALBSL,28,39,22,816.00,"17,952.00"
2020-09-03,2020090301037628,ALBSL,28,26,11,820.00,"9,020.00"
2020-09-03,2020090301037627,ALBSL,28,48,50,812.00,"40,600.00"
2020-09-03,2020090301037626,ALBSL,28,57,87,810.00,"70,470.00"
2020-09-03,2020090301037580,ALBSL,59,38,11,808.00,"8,888.00"
2020-09-03,2020090301037534,ALBSL,59,57,34,812.00,"27,608.00"
2020-09-03,2020090301037510,ALBSL,59,16,20,812.00,"16,240.00"
2020-09-03,2020090301037692,ALICL,17,29,400,725.00,"290,000.00"
2020-09-03,2020090301037541,ALICL,17,34,285,725.00,"206,625.00"
2020-09-03,2020090301037468,ALICL,49,33,100,723.00,"72,300.00"
2020-09-03,2020090301037416,ALICL,49,34,440,725.00,"319,000.00"
2020-09-03,2020090301037415,ALICL,49,48,100,725.00,"72,500.00"
2020-09-03,2020090301037414,ALICL,49,13,310,725.00,"224,750.00"
2020-09-03,2020090301037413,ALICL,49,38,150,724.00,"108,600.00"
2020-09-03,2020090301037460,BARUN,19,26,10,105.00,"1,050.00"
2020-09-03,2020090301037568,BOKL,33,34,500,235.00,"117,500.00"
2020-09-03,2020090301037579,BPCL,49,29,11,381.00,"4,191.00"
2020-09-03,2020090301037302,BPCL,51,45,500,384.00,"192,000.00"
2020-09-03,2020090301037298,BPCL,49,33,61,381.00,"23,241.00"
2020-09-03,2020090301037683,CBBL,35,47,160,"1,108.00","177,280.00"
2020-09-03,2020090301037682,CBBL,35,52,50,"1,108.00","55,400.00"
2020-09-03,2020090301037681,CBBL,35,55,40,"1,108.00","44,320.00"
2020-09-03,2020090301037569,CBBL,49,47,10,"1,105.00","11,050.00"
2020-09-03,2020090301037239,CBBL,35,55,300,"1,106.00","331,800.00"
2020-09-03,2020090301037425,CBBL,49,47,34,"1,105.00","37,570.00"
2020-09-03,2020090301037354,CBBL,45,14,100,"1,106.00","110,600.00"
2020-09-03,2020090301037321,CBBL,35,34,147,"1,106.00","162,582.00"
2020-09-03,2020090301037317,CBBL,35,38,300,"1,107.00","332,100.00"
2020-09-03,2020090301037296,CBL,57,38,55,145.00,"7,975.00"
2020-09-03,2020090301037295,CBL,41,38,100,145.00,"14,500.00"
2020-09-03,2020090301037654,CCBL,39,14,500,175.00,"87,500.00"
2020-09-03,2020090301037653,CCBL,39,57,200,175.00,"35,000.00"
2020-09-03,2020090301037652,CCBL,39,41,351,175.00,"61,425.00"
2020-09-03,2020090301037678,CHL,29,50,50,105.00,"5,250.00"
2020-09-03,2020090301037657,CIT,43,3,30,"2,903.00","87,090.00"
2020-09-03,2020090301037233,CIT,20,58,16,"2,901.00","46,416.00"
2020-09-03,2020090301037232,CIT,22,58,20,"2,901.00","58,020.00"
2020-09-03,2020090301037353,CZBIL,25,45,17,195.00,"3,315.00"
2020-09-03,2020090301037286,DDBL,39,41,15,877.00,"13,155.00"
2020-09-03,2020090301037285,DDBL,39,45,16,877.00,"14,032.00"
