Date,Transact. No.,Symbol,Buyer,Seller,Quantity,Rate,Amount
2019-09-09,2019090901007751,ADBL,45,58,100,418.00,"41,800.00"
2019-09-09,2019090901007750,ADBL,45,42,100,418.00,"41,800.00"
2019-09-09,2019090901007590,ADBL,50,58,"2,000",418.00,"836,000.00"
2019-09-09,2019090901007507,ADBL,50,58,500,417.00,"208,500.00"
2019-09-09,2019090901007421,ADBL,50,58,"1,000",418.00,"418,000.00"
2019-09-09,2019090901007400,ADBL,50,58,21,417.00,"8,757.00"
2019-09-09,2019090901007365,ADBL,35,58,20,417.00,"8,340.00"
2019-09-09,2019090901007364,ADBL,35,58,200,417.00,"83,400.00"
2019-09-09,2019090901007363,ADBL,11,58,96,417.00,"40,032.00"
2019-09-09,2019090901007371,ADBL,35,58,100,417.00,"41,700.00"
2019-09-09,2019090901007370,ADBL,58,58,250,417.00,"104,250.00"
2019-09-09,2019090901007369,ADBL,48,58,100,417.00,"41,700.00"
2019-09-09,2019090901007368,ADBL,42,58,100,417.00,"41,700.00"
2019-09-09,2019090901007367,ADBL,11,58,92,417.00,"38,364.00"
2019-09-09,2019090901007366,ADBL,44,58,121,417.00,"50,457.00"
2019-09-09,2019090901007748,AHPC,47,25,120,98.00,"11,760.00"
2019-09-09,2019090901007574,AHPC,47,8,27,98.00,"2,646.00"
2019-09-09,2019090901007825,AKBSL,18,4,10,467.00,"4,670.00"
2019-09-09,2019090901007821,AKBSL,18,45,10,467.00,"4,670.00"
2019-09-09,2019090901007817,AKBSL,18,59,10,469.00,"4,690.00"
2019-09-09,2019090901007813,AKBSL,18,4,10,467.00,"4,670.00"
2019-09-09,2019090901007800,AKBSL,18,39,10,467.00,"4,670.00"
2019-09-09,2019090901007787,AKBSL,18,4,10,467.00,"4,670.00"
2019-09-09,2019090901007340,AKBSL,40,39,10,464.00,"4,640.00"
2019-09-09,2019090901007337,AKBSL,40,21,10,464.00,"4,640.00"
2019-09-09,2019090901007420,AKBSL,40,18,10,464.00,"4,640.00"
2019-09-09,2019090901007401,AKBSL,40,21,10,464.00,"4,640.00"
2019-09-09,2019090901007389,AKBSL,40,39,10,464.00,"4,640.00"
2019-09-09,2019090901007376,AKBSL,40,21,10,464.00,"4,640.00"
2019-09-09,2019090901007349,AKBSL,40,21,10,464.00,"4,640.00"
2019-09-09,2019090901007342,AKBSL,40,47,10,464.00,"4,640.00"
2019-09-09,2019090901007444,AKBSL,34,29,10,465.00,"4,650.00"
2019-09-09,2019090901007443,AKBSL,34,29,10,465.00,"4,650.00"
2019-09-09,2019090901007440,AKBSL,34,29,10,464.00,"4,640.00"
2019-09-09,2019090901007435,AKBSL,34,21,10,464.00,"4,640.00"
2019-09-09,2019090901007426,AKBSL,34,22,10,464.00,"4,640.00"
2019-09-09,2019090901007425,AKBSL,34,21,10,464.00,"4,640.00"
2019-09-09,2019090901007450,AKBSL,34,34,10,465.00,"4,650.00"
2019-09-09,2019090901007449,AKBSL,34,29,10,465.00,"4,650.00"
2019-09-09,2019090901007448,AKBSL,34,29,10,465.00,"4,650.00"
2019-09-09,2019090901007447,AKBSL,34,29,10,465.00,"4,650.00"
2019-09-09,2019090901007446,AKBSL,34,29,10,465.00,"4,650.00"
2019-09-09,2019090901007445,AKBSL,34,29,10,465.00,"4,650.00"
2019-09-09,2019090901007456,AKBSL,34,29,10,465.00,"4,650.00"
2019-09-09,2019090901007455,AKBSL,34,22,10,465.00,"4,650.00"
2019-09-09,2019090901007454,AKBSL,34,29,10,465.00,"4,650.00"
2019-09-09,2019090901007453,AKBSL,34,29,10,465.00,"4,650.00"
2019-09-09,2019090901007452,AKBSL,34,29,10,465.00,"4,650.00"
2019-09-09,2019090901007451,AKBSL,34,29,10,465.00,"4,650.00"
2019-09-09,2019090901007468,AKBSL,34,21,10,464.00,"4,640.00"
2019-09-09,2019090901007462,AKBSL,34,21,10,464.00,"4,640.00"
2019-09-09,2019090901007460,AKBSL,34,17,10,465.00,"4,650.00"
2019-09-09,2019090901007459,AKBSL,34,29,10,465.00,"4,650.00"
2019-09-09,2019090901007458,AKBSL,34,29,10,465.00,"4,650.00"
2019-09-09,2019090901007457,AKBSL,34,29,10,465.00,"4,650.00"
2019-09-09,2019090901007513,AKBSL,34,42,10,464.00,"4,640.00"
2019-09-09,2019090901007510,AKBSL,34,29,10,464.00,"4,640.00"
2019-09-09,2019090901007500,AKBSL,34,39,10,464.00,"4,640.00"
2019-09-09,2019090901007497,AKBSL,34,21,10,464.00,"4,640.00"
2019-09-09,2019090901007484,AKBSL,34,21,10,464.00,"4,640.00"
2019-09-09,2019090901007470,AKBSL,34,40,10,464.00,"4,640.00"
2019-09-09,2019090901007521,AKBSL,34,4,10,464.00,"4,640.00"
2019-09-09,2019090901007520,AKBSL,34,29,10,465.00,"4,650.00"
2019-09-09,2019090901007519,AKBSL,34,55,10,465.00,"4,650.00"
2019-09-09,2019090901007518,AKBSL,34,29,10,465.00,"4,650.00"
2019-09-09,2019090901007517,AKBSL,34,29,10,465.00,"4,650.00"
2019-09-09,2019090901007515,AKBSL,34,21,10,464.00,"4,640.00"
2019-09-09,2019090901007575,AKBSL,44,17,10,467.00,"4,670.00"
2019-09-09,2019090901007573,AKBSL,26,21,10,465.00,"4,650.00"
2019-09-09,2019090901007572,AKBSL,26,4,10,465.00,"4,650.00"
2019-09-09,2019090901007544,AKBSL,34,42,10,464.00,"4,640.00"
2019-09-09,2019090901007542,AKBSL,34,4,10,464.00,"4,640.00"
2019-09-09,2019090901007538,AKBSL,34,39,10,464.00,"4,640.00"
2019-09-09,2019090901007588,AKBSL,44,21,10,467.00,"4,670.00"
2019-09-09,2019090901007587,AKBSL,44,38,10,467.00,"4,670.00"
2019-09-09,2019090901007585,AKBSL,44,4,10,467.00,"4,670.00"
2019-09-09,2019090901007582,AKBSL,44,36,10,467.00,"4,670.00"
2019-09-09,2019090901007577,AKBSL,44,34,10,467.00,"4,670.00"
2019-09-09,2019090901007576,AKBSL,44,34,10,467.00,"4,670.00"
2019-09-09,2019090901007618,AKBSL,44,4,10,467.00,"4,670.00"
2019-09-09,2019090901007617,AKBSL,44,43,10,467.00,"4,670.00"
2019-09-09,2019090901007612,AKBSL,33,56,10,468.00,"4,680.00"
2019-09-09,2019090901007611,AKBSL,33,56,10,468.00,"4,680.00"
2019-09-09,2019090901007610,AKBSL,33,56,10,468.00,"4,680.00"
2019-09-09,2019090901007600,AKBSL,44,4,10,467.00,"4,670.00"
2019-09-09,2019090901007645,AKBSL,34,36,10,465.00,"4,650.00"
2019-09-09,2019090901007644,AKBSL,34,4,10,465.00,"4,650.00"
2019-09-09,2019090901007640,AKBSL,26,43,10,465.00,"4,650.00"
2019-09-09,2019090901007633,AKBSL,26,4,10,465.00,"4,650.00"
2019-09-09,2019090901007630,AKBSL,26,39,10,465.00,"4,650.00"
2019-09-09,2019090901007626,AKBSL,26,21,10,465.00,"4,650.00"
2019-09-09,2019090901007671,AKBSL,50,4,10,466.00,"4,660.00"
2019-09-09,2019090901007669,AKBSL,50,39,10,466.00,"4,660.00"
2019-09-09,2019090901007667,AKBSL,50,36,10,466.00,"4,660.00"
2019-09-09,2019090901007663,AKBSL,50,4,10,466.00,"4,660.00"
2019-09-09,2019090901007649,AKBSL,34,38,10,465.00,"4,650.00"
2019-09-09,2019090901007648,AKBSL,34,21,10,465.00,"4,650.00"
2019-09-09,2019090901007688,AKBSL,35,4,10,467.00,"4,670.00"
2019-09-09,2019090901007687,AKBSL,35,21,10,467.00,"4,670.00"
2019-09-09,2019090901007685,AKBSL,33,21,10,466.00,"4,660.00"
2019-09-09,2019090901007684,AKBSL,34,32,10,465.00,"4,650.00"
2019-09-09,2019090901007681,AKBSL,34,4,10,465.00,"4,650.00"
2019-09-09,2019090901007672,AKBSL,50,43,10,466.00,"4,660.00"
2019-09-09,2019090901007726,AKBSL,50,21,10,466.00,"4,660.00"
2019-09-09,2019090901007724,AKBSL,50,39,10,466.00,"4,660.00"
2019-09-09,2019090901007720,AKBSL,33,57,10,469.00,"4,690.00"
2019-09-09,2019090901007718,AKBSL,34,4,10,465.00,"4,650.00"
2019-09-09,2019090901007717,AKBSL,34,32,10,465.00,"4,650.00"
2019-09-09,2019090901007710,AKBSL,35,4,10,467.00,"4,670.00"
2019-09-09,2019090901007768,AKBSL,18,4,10,467.00,"4,670.00"
2019-09-09,2019090901007749,AKBSL,18,4,10,467.00,"4,670.00"
2019-09-09,2019090901007745,AKBSL,18,39,10,467.00,"4,670.00"
2019-09-09,2019090901007741,AKBSL,50,4,10,466.00,"4,660.00"
2019-09-09,2019090901007735,AKBSL,50,45,10,466.00,"4,660.00"
2019-09-09,2019090901007729,AKBSL,50,4,10,466.00,"4,660.00"
2019-09-09,2019090901007792,AKPL,41,58,"2,000",146.00,"292,000.00"
2019-09-09,2019090901007761,ALBSL,32,6,10,447.00,"4,470.00"
2019-09-09,2019090901007734,ALBSL,45,58,10,439.00,"4,390.00"
2019-09-09,2019090901007545,ALBSL,45,58,10,439.00,"4,390.00"
2019-09-09,2019090901007387,ALBSL,38,6,50,447.00,"22,350.00"
2019-09-09,2019090901007341,ALBSL,45,58,10,439.00,"4,390.00"
2019-09-09,2019090901007546,ALICL,28,6,81,321.00,"26,001.00"
2019-09-09,2019090901007781,API,25,50,12,114.00,"1,368.00"
2019-09-09,2019090901007780,API,25,45,448,113.00,"50,624.00"
2019-09-09,2019090901007767,API,25,45,"1,000",113.00,"113,000.00"
2019-09-09,2019090901007639,API,25,45,18,113.00,"2,034.00"
2019-09-09,2019090901007638,API,25,40,332,112.00,"37,184.00"
2019-09-09,2019090901007551,API,19,40,102,112.00,"11,424.00"
2019-09-09,2019090901007483,API,25,45,31,113.00,"3,503.00"
2019-09-09,2019090901007557,API,13,40,50,112.00,"5,600.00"
2019-09-09,2019090901007556,API,38,40,100,112.00,"11,200.00"
2019-09-09,2019090901007555,API,54,40,200,112.00,"22,400.00"
2019-09-09,2019090901007554,API,34,40,50,112.00,"5,600.00"
2019-09-09,2019090901007553,API,34,40,50,112.00,"5,600.00"
2019-09-09,2019090901007552,API,40,40,250,112.00,"28,000.00"
2019-09-09,2019090901007662,BOKL,59,53,29,256.00,"7,424.00"
2019-09-09,2019090901007661,BOKL,59,26,18,256.00,"4,608.00"
2019-09-09,2019090901007660,BOKL,59,57,29,256.00,"7,424.00"
2019-09-09,2019090901007482,BOKL,22,57,300,256.00,"76,800.00"
2019-09-09,2019090901007410,BOKL,38,57,200,256.00,"51,200.00"
2019-09-09,2019090901007714,BPCL,33,41,10,382.00,"3,820.00"
2019-09-09,2019090901007680,BPCL,33,22,160,380.00,"60,800.00"
2019-09-09,2019090901007406,BPCL,49,49,50,378.00,"18,900.00"
2019-09-09,2019090901007383,BPCL,49,58,242,378.00,"91,476.00"
2019-09-09,2019090901007346,BPCL,8,49,50,379.00,"18,950.00"
2019-09-09,2019090901007764,CBBL,44,51,118,979.00,"115,522.00"
2019-09-09,2019090901007686,CBBL,35,51,482,979.00,"471,878.00"
2019-09-09,2019090901007609,CBL,44,59,473,146.00,"69,058.00"
2019-09-09,2019090901007608,CBL,44,13,"2,000",146.00,"292,000.00"
2019-09-09,2019090901007498,CBL,14,38,100,145.00,"14,500.00"
2019-09-09,2019090901007409,CBL,14,1,309,145.00,"44,805.00"
2019-09-09,2019090901007408,CBL,22,1,100,145.00,"14,500.00"
2019-09-09,2019090901007407,CBL,48,1,91,145.00,"13,195.00"
2019-09-09,2019090901007765,CCBL,38,36,13,159.00,"2,067.00"
2019-09-09,2019090901007760,CCBL,49,38,13,158.00,"2,054.00"
2019-09-09,2019090901007709,CCBL,58,36,500,159.00,"79,500.00"
2019-09-09,2019090901007634,CCBL,49,40,96,158.00,"15,168.00"
2019-09-09,2019090901007708,CHCL,13,36,60,437.00,"26,220.00"
2019-09-09,2019090901007491,CHCL,42,1,30,435.00,"13,050.00"
2019-09-09,2019090901007490,CHCL,1,1,60,435.00,"26,100.00"
2019-09-09,2019090901007487,CHCL,28,36,126,437.00,"55,062.00"
2019-09-09,2019090901007472,CHCL,1,8,50,435.00,"21,750.00"
2019-09-09,2019090901007469,CHCL,1,1,90,435.00,"39,150.00"
2019-09-09,2019090901007583,CHL,58,41,10,81.00,810.00
2019-09-09,2019090901007746,CIT,37,50,15,"1,868.00","28,020.00"
2019-09-09,2019090901007744,CIT,37,21,100,"1,868.00","186,800.00"
2019-09-09,2019090901007727,CIT,44,50,10,"1,869.00","18,690.00"
2019-09-09,2019090901007670,CIT,22,57,10,"1,878.00","18,780.00"
2019-09-09,2019090901007658,CIT,39,57,10,"1,878.00","18,780.00"
2019-09-09,2019090901007434,CIT,20,22,40,"1,869.00","74,760.00"
2019-09-09,2019090901007433,CIT,19,22,10,"1,870.00","18,700.00"
2019-09-09,2019090901007432,CIT,37,22,20,"1,870.00","37,400.00"
2019-09-09,2019090901007431,CIT,39,22,25,"1,872.00","46,800.00"
2019-09-09,2019090901007516,CLBSL,49,45,11,495.00,"5,445.00"
2019-09-09,2019090901007822,CZBIL,5,45,278,222.00,"61,716.00"
2019-09-09,2019090901007791,CZBIL,22,45,25,222.00,"5,550.00"
2019-09-09,2019090901007772,CZBIL,6,45,697,222.00,"154,734.00"
2019-09-09,2019090901007771,CZBIL,6,34,200,222.00,"44,400.00"
2019-09-09,2019090901007770,CZBIL,6,43,900,222.00,"199,800.00"
2019-09-09,2019090901007769,CZBIL,6,26,203,222.00,"45,066.00"
2019-09-09,2019090901007396,CZBIL,51,26,100,222.00,"22,200.00"
2019-09-09,2019090901007712,DBBL,41,40,422,130.00,"54,860.00"
2019-09-09,2019090901007711,DBBL,51,40,243,130.00,"31,590.00"
2019-09-09,2019090901007827,DDBL,33,34,100,715.00,"71,500.00"
2019-09-09,2019090901007806,DDBL,33,1,100,715.00,"71,500.00"
2019-09-09,2019090901007732,DDBL,44,1,50,715.00,"35,750.00"
2019-09-09,2019090901007731,DDBL,44,1,150,715.00,"107,250.00"
2019-09-09,2019090901007730,DDBL,35,1,20,716.00,"14,320.00"
2019-09-09,2019090901007429,DDBL,45,57,100,718.00,"71,800.00"
2019-09-09,2019090901007411,FMDBL,25,38,20,377.00,"7,540.00"
2019-09-09,2019090901007706,FOWAD,35,50,50,"1,292.00","64,600.00"
2019-09-09,2019090901007705,FOWAD,49,50,20,"1,292.00","25,840.00"
2019-09-09,2019090901007704,FOWAD,51,50,10,"1,292.00","12,920.00"
2019-09-09,2019090901007703,FOWAD,47,50,50,"1,293.00","64,650.00"
2019-09-09,2019090901007776,GBLBS,40,45,70,333.00,"23,310.00"
2019-09-09,2019090901007775,GBLBS,25,45,630,333.00,"209,790.00"
2019-09-09,2019090901007539,GBLBS,25,19,200,333.00,"66,600.00"
2019-09-09,2019090901007512,GBLBS,25,50,170,333.00,"56,610.00"
2019-09-09,2019090901007511,GBLBS,40,50,30,333.00,"9,990.00"
2019-09-09,2019090901007377,GBLBS,36,36,15,334.00,"5,010.00"
2019-09-09,2019090901007360,GBLBS,36,36,15,334.00,"5,010.00"
2019-09-09,2019090901007833,GHL,13,48,20,69.00,"1,380.00"
2019-09-09,2019090901007832,GHL,51,48,10,69.00,690.00
2019-09-09,2019090901007786,GHL,51,48,30,69.00,"2,070.00"
2019-09-09,2019090901007707,GLICL,17,17,52,383.00,"19,916.00"
2019-09-09,2019090901007413,GLICL,22,17,86,383.00,"32,938.00"
2019-09-09,2019090901007412,GLICL,22,39,14,383.00,"5,362.00"
2019-09-09,2019090901007701,GMFBS,16,10,30,502.00,"15,060.00"
2019-09-09,2019090901007700,GMFBS,26,10,180,503.00,"90,540.00"
2019-09-09,2019090901007810,HGI,45,34,20,288.00,"5,760.00"
2019-09-09,2019090901007479,HGI,42,34,300,288.00,"86,400.00"
2019-09-09,2019090901007478,HGI,45,34,340,288.00,"97,920.00"
2019-09-09,2019090901007477,HGI,49,34,50,288.00,"14,400.00"
2019-09-09,2019090901007476,HGI,7,34,140,290.00,"40,600.00"
2019-09-09,2019090901007338,HGI,7,34,10,290.00,"2,900.00"
2019-09-09,2019090901007496,ILBS,22,58,10,438.00,"4,380.00"
2019-09-09,2019090901007785,JBBL,49,59,20,160.00,"3,200.00"
2019-09-09,2019090901007723,KBL,13,42,500,203.00,"101,500.00"
2019-09-09,2019090901007722,KBL,13,6,200,203.00,"40,600.00"
2019-09-09,2019090901007721,KBL,13,43,400,203.00,"81,200.00"
2019-09-09,2019090901007659,KBL,45,43,500,203.00,"101,500.00"
2019-09-09,2019090901007535,KBL,48,43,690,202.00,"139,380.00"
2019-09-09,2019090901007534,KBL,38,43,120,202.00,"24,240.00"
2019-09-09,2019090901007428,KBL,13,43,100,203.00,"20,300.00"
2019-09-09,2019090901007527,KBL,35,43,100,202.00,"20,200.00"
2019-09-09,2019090901007526,KBL,4,43,500,202.00,"101,000.00"
2019-09-09,2019090901007525,KBL,18,43,50,202.00,"10,100.00"
2019-09-09,2019090901007524,KBL,49,43,"3,000",202.00,"606,000.00"
2019-09-09,2019090901007523,KBL,43,43,100,202.00,"20,200.00"
2019-09-09,2019090901007522,KBL,26,43,40,202.00,"8,080.00"
2019-09-09,2019090901007533,KBL,25,43,500,202.00,"101,000.00"
2019-09-09,2019090901007532,KBL,39,43,"1,000",202.00,"202,000.00"
2019-09-09,2019090901007531,KBL,18,43,500,202.00,"101,000.00"
2019-09-09,2019090901007530,KBL,46,43,400,202.00,"80,800.00"
2019-09-09,2019090901007529,KBL,43,43,500,202.00,"101,000.00"
2019-09-09,2019090901007528,KBL,56,43,"1,000",202.00,"202,000.00"
2019-09-09,2019090901007391,KRBL,50,37,100,104.00,"10,400.00"
2019-09-09,2019090901007350,KRBL,50,39,27,104.00,"2,808.00"
2019-09-09,2019090901007375,KSBBL,10,44,100,140.00,"14,000.00"
2019-09-09,2019090901007733,LGIL,48,57,25,367.00,"9,175.00"
2019-09-09,2019090901007599,LGIL,39,19,500,361.00,"180,500.00"
2019-09-09,2019090901007598,LGIL,17,19,50,361.00,"18,050.00"
2019-09-09,2019090901007713,LICN,1,14,31,"1,001.00","31,031.00"
2019-09-09,2019090901007679,LICN,39,14,69,"1,001.00","69,069.00"
2019-09-09,2019090901007678,LICN,39,34,31,"1,000.00","31,000.00"
2019-09-09,2019090901007343,LICN,25,37,22,"1,000.00","22,000.00"
2019-09-09,2019090901007692,LLBS,18,11,113,700.00,"79,100.00"
2019-09-09,2019090901007665,LLBS,11,11,400,699.00,"279,600.00"
2019-09-09,2019090901007504,LLBS,5,11,100,700.00,"70,000.00"
2019-09-09,2019090901007503,LLBS,40,11,37,701.00,"25,937.00"
2019-09-09,2019090901007550,MBL,55,58,600,250.00,"150,000.00"
2019-09-09,2019090901007549,MBL,14,58,300,250.00,"75,000.00"
2019-09-09,2019090901007548,MBL,43,58,100,250.00,"25,000.00"
2019-09-09,2019090901007509,MBL,38,50,200,251.00,"50,200.00"
2019-09-09,2019090901007834,MEGA,38,28,1,198.00,198.00
2019-09-09,2019090901007736,MEGA,43,51,10,199.00,"1,990.00"
2019-09-09,2019090901007591,MEGA,33,51,190,199.00,"37,810.00"
2019-09-09,2019090901007625,MEGA,7,11,603,198.00,"119,394.00"
2019-09-09,2019090901007624,MEGA,1,11,66,198.00,"13,068.00"
2019-09-09,2019090901007623,MEGA,22,11,300,198.00,"59,400.00"
2019-09-09,2019090901007622,MEGA,33,11,912,198.00,"180,576.00"
2019-09-09,2019090901007621,MEGA,46,11,119,198.00,"23,562.00"
2019-09-09,2019090901007762,MERO,34,51,13,561.00,"7,293.00"
2019-09-09,2019090901007502,MERO,42,45,77,556.00,"42,812.00"
2019-09-09,2019090901007501,MERO,41,45,13,557.00,"7,241.00"
2019-09-09,2019090901007690,MHNL,22,52,275,83.00,"22,825.00"
2019-09-09,2019090901007664,MLBL,46,6,14,211.00,"2,954.00"
2019-09-09,2019090901007632,MLBL,36,7,43,210.00,"9,030.00"
2019-09-09,2019090901007596,MNBBL,35,14,100,313.00,"31,300.00"
2019-09-09,2019090901007595,MNBBL,54,14,100,313.00,"31,300.00"
2019-09-09,2019090901007594,MNBBL,54,14,400,313.00,"125,200.00"
2019-09-09,2019090901007347,MNBBL,54,49,50,313.00,"15,650.00"
2019-09-09,2019090901007699,NADEP,26,38,15,451.00,"6,765.00"
2019-09-09,2019090901007698,NADEP,56,38,30,451.00,"13,530.00"
2019-09-09,2019090901007697,NADEP,25,38,50,452.00,"22,600.00"
2019-09-09,2019090901007696,NADEP,10,38,20,452.00,"9,040.00"
2019-09-09,2019090901007695,NADEP,50,38,55,453.00,"24,915.00"
2019-09-09,2019090901007694,NADEP,45,38,90,454.00,"40,860.00"
2019-09-09,2019090901007693,NADEP,19,38,40,455.00,"18,200.00"
2019-09-09,2019090901007603,NAGRO,34,58,10,750.00,"7,500.00"
2019-09-09,2019090901007828,NBB,44,17,600,209.00,"125,400.00"
2019-09-09,2019090901007812,NBB,44,38,494,209.00,"103,246.00"
2019-09-09,2019090901007811,NBB,45,38,100,209.00,"20,900.00"
2019-09-09,2019090901007592,NBB,26,48,"1,000",210.00,"210,000.00"
2019-09-09,2019090901007381,NBB,42,48,250,210.00,"52,500.00"
2019-09-09,2019090901007836,NBL,33,58,103,317.00,"32,651.00"
2019-09-09,2019090901007796,NBL,6,42,168,315.00,"52,920.00"
2019-09-09,2019090901007795,NBL,43,42,200,315.00,"63,000.00"
2019-09-09,2019090901007794,NBL,34,42,500,315.00,"157,500.00"
2019-09-09,2019090901007793,NBL,52,42,132,315.00,"41,580.00"
2019-09-09,2019090901007737,NBL,36,58,35,317.00,"11,095.00"
2019-09-09,2019090901007715,NBL,52,20,77,315.00,"24,255.00"
2019-09-09,2019090901007537,NBL,44,20,"1,000",316.00,"316,000.00"
2019-09-09,2019090901007506,NBL,7,20,"1,000",316.00,"316,000.00"
2019-09-09,2019090901007808,NCCB,57,22,10,202.00,"2,020.00"
2019-09-09,2019090901007801,NCCB,57,49,490,202.00,"98,980.00"
2019-09-09,2019090901007784,NCCB,33,49,10,202.00,"2,020.00"
2019-09-09,2019090901007593,NCCB,44,37,150,201.00,"30,150.00"
2019-09-09,2019090901007464,NCCB,44,37,150,201.00,"30,150.00"
2019-09-09,2019090901007439,NCCB,44,37,150,201.00,"30,150.00"
2019-09-09,2019090901007602,NHDL,56,45,730,98.00,"71,540.00"
2019-09-09,2019090901007601,NHDL,17,45,10,99.00,990.00
2019-09-09,2019090901007385,NHDL,41,45,100,100.00,"10,000.00"
2019-09-09,2019090901007581,NHPC,21,56,30,56.00,"1,680.00"
2019-09-09,2019090901007580,NHPC,11,56,500,56.00,"28,000.00"
2019-09-09,2019090901007579,NHPC,51,56,100,56.00,"5,600.00"
2019-09-09,2019090901007578,NHPC,21,56,30,56.00,"1,680.00"
2019-09-09,2019090901007637,NIB,17,39,100,446.00,"44,600.00"
2019-09-09,2019090901007427,NIB,33,39,50,446.00,"22,300.00"
2019-09-09,2019090901007650,NIBPO,4,58,25,435.00,"10,875.00"
2019-09-09,2019090901007835,NICA,44,36,30,448.00,"13,440.00"
2019-09-09,2019090901007758,NICA,56,1,68,446.00,"30,328.00"
2019-09-09,2019090901007757,NICA,49,1,50,446.00,"22,300.00"
2019-09-09,2019090901007607,NICA,46,57,17,449.00,"7,633.00"
2019-09-09,2019090901007480,NICA,17,52,242,447.00,"108,174.00"
2019-09-09,2019090901007373,NICA,53,14,60,446.00,"26,760.00"
2019-09-09,2019090901007725,NICL,56,56,43,273.00,"11,739.00"
2019-09-09,2019090901007629,NICL,55,38,300,274.00,"82,200.00"
2019-09-09,2019090901007628,NICL,28,38,100,275.00,"27,500.00"
2019-09-09,2019090901007742,NIL,38,22,320,383.00,"122,560.00"
2019-09-09,2019090901007419,NIL,39,56,130,383.00,"49,790.00"
2019-09-09,2019090901007691,NLBBL,26,33,53,514.00,"27,242.00"
2019-09-09,2019090901007728,NLG,39,25,65,577.00,"37,505.00"
2019-09-09,2019090901007677,NLG,39,38,65,577.00,"37,505.00"
2019-09-09,2019090901007676,NLG,1,38,30,577.00,"17,310.00"
2019-09-09,2019090901007675,NLG,26,38,65,578.00,"37,570.00"
2019-09-09,2019090901007815,NLIC,45,4,25,799.00,"19,975.00"
2019-09-09,2019090901007790,NLIC,25,42,100,798.00,"79,800.00"
2019-09-09,2019090901007789,NLIC,25,29,21,798.00,"16,758.00"
2019-09-09,2019090901007779,NLIC,49,17,19,795.00,"15,105.00"
2019-09-09,2019090901007778,NLIC,1,17,185,796.00,"147,260.00"
2019-09-09,2019090901007777,NLIC,58,17,10,796.00,"7,960.00"
2019-09-09,2019090901007620,NLIC,1,22,15,796.00,"11,940.00"
2019-09-09,2019090901007398,NLIC,4,42,10,795.00,"7,950.00"
2019-09-09,2019090901007397,NLIC,4,42,40,795.00,"31,800.00"
2019-09-09,2019090901007374,NLIC,58,42,10,795.00,"7,950.00"
2019-09-09,2019090901007747,NLICL,43,47,10,504.00,"5,040.00"
2019-09-09,2019090901007619,NMBSF1,28,38,"1,000",11.15,"11,150.00"
2019-09-09,2019090901007831,NMFBS,58,45,11,"1,575.00","17,325.00"
2019-09-09,2019090901007418,NMFBS,58,8,15,"1,555.00","23,325.00"
2019-09-09,2019090901007719,NSEWA,45,25,10,414.00,"4,140.00"
2019-09-09,2019090901007829,NTC,44,48,10,632.00,"6,320.00"
2019-09-09,2019090901007788,NTC,43,50,10,638.00,"6,380.00"
2019-09-09,2019090901007674,OHL,16,7,150,534.00,"80,100.00"
2019-09-09,2019090901007416,PFL,17,39,11,133.00,"1,463.00"
2019-09-09,2019090901007589,PIC,29,28,324,398.00,"128,952.00"
2019-09-09,2019090901007495,PIC,39,28,100,398.00,"39,800.00"
2019-09-09,2019090901007494,PIC,39,6,200,398.00,"79,600.00"
2019-09-09,2019090901007474,PIC,29,32,100,397.00,"39,700.00"
2019-09-09,2019090901007473,PIC,29,22,11,397.00,"4,367.00"
2019-09-09,2019090901007437,PIC,29,7,65,395.00,"25,675.00"
2019-09-09,2019090901007782,PLIC,1,26,100,397.00,"39,700.00"
2019-09-09,2019090901007683,PMHPL,54,36,10,98.00,980.00
2019-09-09,2019090901007805,PRVU,45,6,67,261.00,"17,487.00"
2019-09-09,2019090901007804,PRVU,29,6,100,261.00,"26,100.00"
2019-09-09,2019090901007803,PRVU,14,6,300,261.00,"78,300.00"
2019-09-09,2019090901007802,PRVU,40,6,133,261.00,"34,713.00"
2019-09-09,2019090901007763,PRVU,7,6,"1,000",262.00,"262,000.00"
2019-09-09,2019090901007716,PRVU,32,6,20,262.00,"5,240.00"
2019-09-09,2019090901007393,PRVU,42,6,100,262.00,"26,200.00"
2019-09-09,2019090901007643,PRVU,40,46,67,261.00,"17,487.00"
2019-09-09,2019090901007642,PRVU,38,46,100,261.00,"26,100.00"
2019-09-09,2019090901007641,PRVU,17,46,18,261.00,"4,698.00"
2019-09-09,2019090901007395,PRVU,49,6,60,262.00,"15,720.00"
2019-09-09,2019090901007394,PRVU,45,6,30,262.00,"7,860.00"
2019-09-09,2019090901007819,RBCLPO,42,3,10,"7,865.00","78,650.00"
2019-09-09,2019090901007818,RBCLPO,42,32,10,"7,865.00","78,650.00"
2019-09-09,2019090901007673,RHPL,59,45,40,166.00,"6,640.00"
2019-09-09,2019090901007636,RHPL,59,45,40,166.00,"6,640.00"
2019-09-09,2019090901007635,RHPL,18,45,10,167.00,"1,670.00"
2019-09-09,2019090901007616,RHPL,18,38,40,167.00,"6,680.00"
2019-09-09,2019090901007615,RHPL,18,20,40,167.00,"6,680.00"
2019-09-09,2019090901007614,RHPL,18,38,40,167.00,"6,680.00"
2019-09-09,2019090901007351,RHPL,45,49,30,167.00,"5,010.00"
2019-09-09,2019090901007357,RHPL,45,50,20,167.00,"3,340.00"
2019-09-09,2019090901007356,RHPL,45,38,40,167.00,"6,680.00"
2019-09-09,2019090901007355,RHPL,45,38,40,167.00,"6,680.00"
2019-09-09,2019090901007354,RHPL,45,38,50,167.00,"8,350.00"
2019-09-09,2019090901007353,RHPL,45,38,40,167.00,"6,680.00"
2019-09-09,2019090901007352,RHPL,45,38,20,167.00,"3,340.00"
2019-09-09,2019090901007463,RHPL,14,45,40,166.00,"6,640.00"
2019-09-09,2019090901007430,RHPL,45,38,10,167.00,"1,670.00"
2019-09-09,2019090901007415,RHPL,45,45,40,167.00,"6,680.00"
2019-09-09,2019090901007388,RHPL,45,38,40,167.00,"6,680.00"
2019-09-09,2019090901007386,RHPL,45,45,50,167.00,"8,350.00"
2019-09-09,2019090901007359,RHPL,45,38,40,167.00,"6,680.00"
2019-09-09,2019090901007508,RHPL,14,45,40,166.00,"6,640.00"
2019-09-09,2019090901007489,RHPL,14,45,20,166.00,"3,320.00"
2019-09-09,2019090901007488,RHPL,14,45,20,166.00,"3,320.00"
2019-09-09,2019090901007486,RHPL,14,49,30,166.00,"4,980.00"
2019-09-09,2019090901007485,RHPL,14,49,20,166.00,"3,320.00"
2019-09-09,2019090901007471,RHPL,14,45,40,166.00,"6,640.00"
2019-09-09,2019090901007613,RHPL,18,42,380,167.00,"63,460.00"
2019-09-09,2019090901007605,RHPL,38,42,20,167.00,"3,340.00"
2019-09-09,2019090901007604,RHPL,38,38,30,167.00,"5,010.00"
2019-09-09,2019090901007597,RHPL,59,45,40,166.00,"6,640.00"
2019-09-09,2019090901007541,RHPL,59,20,40,166.00,"6,640.00"
2019-09-09,2019090901007540,RHPL,14,45,40,166.00,"6,640.00"
2019-09-09,2019090901007759,RLFL,51,57,315,115.00,"36,225.00"
2019-09-09,2019090901007422,RRHP,22,36,10,104.00,"1,040.00"
2019-09-09,2019090901007414,RRHP,36,36,10,105.00,"1,050.00"
2019-09-09,2019090901007390,RRHP,36,58,10,105.00,"1,050.00"
2019-09-09,2019090901007339,RSDC,22,32,80,341.00,"27,280.00"
2019-09-09,2019090901007826,SABSL,16,19,40,493.00,"19,720.00"
2019-09-09,2019090901007824,SABSL,28,19,20,493.00,"9,860.00"
2019-09-09,2019090901007823,SABSL,40,19,130,494.00,"64,220.00"
2019-09-09,2019090901007809,SABSL,40,39,10,494.00,"4,940.00"
2019-09-09,2019090901007738,SABSL,40,20,10,494.00,"4,940.00"
2019-09-09,2019090901007702,SABSL,40,20,10,494.00,"4,940.00"
2019-09-09,2019090901007348,SABSL,40,38,10,494.00,"4,940.00"
2019-09-09,2019090901007666,SABSL,40,38,10,494.00,"4,940.00"
2019-09-09,2019090901007543,SABSL,40,45,10,494.00,"4,940.00"
2019-09-09,2019090901007499,SABSL,40,38,10,494.00,"4,940.00"
2019-09-09,2019090901007492,SABSL,40,38,10,494.00,"4,940.00"
2019-09-09,2019090901007475,SABSL,40,4,10,494.00,"4,940.00"
2019-09-09,2019090901007382,SABSL,40,8,10,494.00,"4,940.00"
2019-09-09,2019090901007820,SANIMA,40,50,450,350.00,"157,500.00"
2019-09-09,2019090901007799,SANIMA,50,38,47,349.00,"16,403.00"
2019-09-09,2019090901007783,SANIMA,38,50,47,350.00,"16,450.00"
2019-09-09,2019090901007586,SANIMA,44,50,100,350.00,"35,000.00"
2019-09-09,2019090901007568,SANIMA,56,11,466,348.00,"162,168.00"
2019-09-09,2019090901007567,SANIMA,14,11,250,348.00,"87,000.00"
2019-09-09,2019090901007560,SANIMA,38,11,20,349.00,"6,980.00"
2019-09-09,2019090901007559,SANIMA,25,11,200,349.00,"69,800.00"
2019-09-09,2019090901007467,SANIMA,59,50,300,350.00,"105,000.00"
2019-09-09,2019090901007466,SANIMA,46,50,100,350.00,"35,000.00"
2019-09-09,2019090901007566,SANIMA,6,11,100,348.00,"34,800.00"
2019-09-09,2019090901007565,SANIMA,42,11,23,348.00,"8,004.00"
2019-09-09,2019090901007564,SANIMA,7,11,38,348.00,"13,224.00"
2019-09-09,2019090901007563,SANIMA,14,11,203,349.00,"70,847.00"
2019-09-09,2019090901007562,SANIMA,14,11,100,349.00,"34,900.00"
2019-09-09,2019090901007561,SANIMA,32,11,600,349.00,"209,400.00"
2019-09-09,2019090901007536,SBL,49,17,742,313.00,"232,246.00"
2019-09-09,2019090901007417,SBL,13,17,50,313.00,"15,650.00"
2019-09-09,2019090901007816,SCB,33,6,100,600.00,"60,000.00"
2019-09-09,2019090901007344,SCB,8,41,200,599.00,"119,800.00"
2019-09-09,2019090901007740,SFFIL,45,6,100,251.00,"25,100.00"
2019-09-09,2019090901007739,SFFIL,45,57,15,250.00,"3,750.00"
2019-09-09,2019090901007814,SHIVM,49,25,10,538.00,"5,380.00"
2019-09-09,2019090901007647,SHIVM,50,47,100,532.00,"53,200.00"
2019-09-09,2019090901007774,SICL,57,10,10,765.00,"7,650.00"
2019-09-09,2019090901007754,SICL,26,38,29,753.00,"21,837.00"
2019-09-09,2019090901007753,SICL,32,38,100,754.00,"75,400.00"
2019-09-09,2019090901007345,SIL,29,56,50,400.00,"20,000.00"
2019-09-09,2019090901007798,SINDU,19,39,"1,980",126.00,"249,480.00"
2019-09-09,2019090901007797,SINDU,45,39,10,126.00,"1,260.00"
2019-09-09,2019090901007766,SJCL,49,39,20,181.00,"3,620.00"
2019-09-09,2019090901007743,SJCL,49,39,20,181.00,"3,620.00"
2019-09-09,2019090901007682,SJCL,49,45,20,181.00,"3,620.00"
2019-09-09,2019090901007646,SJCL,49,45,20,181.00,"3,620.00"
2019-09-09,2019090901007384,SJCL,45,7,10,181.00,"1,810.00"
2019-09-09,2019090901007380,SJCL,45,38,20,181.00,"3,620.00"
2019-09-09,2019090901007362,SJCL,45,34,10,181.00,"1,810.00"
2019-09-09,2019090901007358,SJCL,45,21,150,182.00,"27,300.00"
2019-09-09,2019090901007424,SJCL,19,42,50,181.00,"9,050.00"
2019-09-09,2019090901007423,SJCL,58,42,30,181.00,"5,430.00"
2019-09-09,2019090901007404,SJCL,58,21,70,181.00,"12,670.00"
2019-09-09,2019090901007403,SJCL,45,21,230,181.00,"41,630.00"
2019-09-09,2019090901007402,SJCL,45,38,20,181.00,"3,620.00"
2019-09-09,2019090901007392,SJCL,45,45,20,181.00,"3,620.00"
2019-09-09,2019090901007481,SJCL,49,38,20,181.00,"3,620.00"
2019-09-09,2019090901007465,SJCL,49,45,10,181.00,"1,810.00"
2019-09-09,2019090901007442,SJCL,49,45,20,181.00,"3,620.00"
2019-09-09,2019090901007441,SJCL,49,7,10,181.00,"1,810.00"
2019-09-09,2019090901007438,SJCL,8,38,20,180.00,"3,600.00"
2019-09-09,2019090901007436,SJCL,32,42,220,181.00,"39,820.00"
2019-09-09,2019090901007606,SJCL,49,45,20,181.00,"3,620.00"
2019-09-09,2019090901007584,SJCL,49,58,20,181.00,"3,620.00"
2019-09-09,2019090901007547,SJCL,49,45,20,181.00,"3,620.00"
2019-09-09,2019090901007514,SJCL,49,45,20,181.00,"3,620.00"
2019-09-09,2019090901007493,SJCL,49,45,20,181.00,"3,620.00"
2019-09-09,2019090901007631,SJCL,49,38,20,181.00,"3,620.00"
2019-09-09,2019090901007752,SLBBL,1,22,62,556.00,"34,472.00"
2019-09-09,2019090901007405,SLBBL,1,40,100,556.00,"55,600.00"
2019-09-09,2019090901007773,SLBSL,52,58,10,719.00,"7,190.00"
2019-09-09,2019090901007657,SLICL,25,38,107,281.00,"30,067.00"
2019-09-09,2019090901007656,SLICL,40,38,200,281.00,"56,200.00"
2019-09-09,2019090901007655,SLICL,1,38,44,281.00,"12,364.00"
2019-09-09,2019090901007654,SLICL,5,38,50,281.00,"14,050.00"
2019-09-09,2019090901007653,SLICL,57,38,200,281.00,"56,200.00"
2019-09-09,2019090901007652,SLICL,45,38,50,282.00,"14,100.00"
2019-09-09,2019090901007651,SLICL,19,38,50,282.00,"14,100.00"
2019-09-09,2019090901007668,SMFBS,22,45,10,805.00,"8,050.00"
2019-09-09,2019090901007361,SMFBS,34,38,10,801.00,"8,010.00"
2019-09-09,2019090901007689,SPARS,34,42,10,589.00,"5,890.00"
2019-09-09,2019090901007461,SPDL,34,16,15,70.00,"1,050.00"
2019-09-09,2019090901007558,SWBBL,38,38,150,908.00,"136,200.00"
2019-09-09,2019090901007505,TRH,44,8,10,289.00,"2,890.00"
2019-09-09,2019090901007807,UPCL,25,58,10,80.00,800.00
2019-09-09,2019090901007830,UPPER,34,58,50,241.00,"12,050.00"
2019-09-09,2019090901007756,UPPER,38,59,100,242.00,"24,200.00"
2019-09-09,2019090901007755,UPPER,1,59,"1,860",242.00,"450,120.00"
2019-09-09,2019090901007571,UPPER,39,17,40,243.00,"9,720.00"
2019-09-09,2019090901007570,UPPER,39,17,50,243.00,"12,150.00"
2019-09-09,2019090901007569,UPPER,39,59,285,243.00,"69,255.00"
2019-09-09,2019090901007399,UPPER,41,59,715,243.00,"173,745.00"
2019-09-09,2019090901007379,UPPER,41,6,240,243.00,"58,320.00"
2019-09-09,2019090901007378,UPPER,41,59,45,243.00,"10,935.00"
2019-09-09,2019090901007372,UPPER,1,38,40,242.00,"9,680.00"
2019-09-09,2019090901007627,VLBS,51,22,50,576.00,"28,800.00"
2019-09-09,2019090901007275,ADBL,50,58,990,418.00,"413,820.00"
2019-09-09,2019090901007250,ADBL,50,58,959,418.00,"400,862.00"
2019-09-09,2019090901007249,ADBL,11,58,50,419.00,"20,950.00"
2019-09-09,2019090901007112,ADBL,50,14,42,418.00,"17,556.00"
2019-09-09,2019090901007111,ADBL,19,14,50,418.00,"20,900.00"
2019-09-09,2019090901007110,ADBL,58,14,20,418.00,"8,360.00"
2019-09-09,2019090901006952,ADBL,50,14,500,419.00,"209,500.00"
2019-09-09,2019090901006951,ADBL,50,58,717,419.00,"300,423.00"
2019-09-09,2019090901007335,AKBSL,36,29,10,465.00,"4,650.00"
2019-09-09,2019090901007323,AKBSL,40,21,10,464.00,"4,640.00"
2019-09-09,2019090901007322,AKBSL,40,39,10,464.00,"4,640.00"
2019-09-09,2019090901007318,AKBSL,40,36,10,464.00,"4,640.00"
2019-09-09,2019090901007316,AKBSL,40,21,10,464.00,"4,640.00"
2019-09-09,2019090901007312,AKBSL,40,21,10,464.00,"4,640.00"
2019-09-09,2019090901006867,AKBSL,50,18,10,464.00,"4,640.00"
2019-09-09,2019090901006920,AKBSL,50,56,10,464.00,"4,640.00"
2019-09-09,2019090901006918,AKBSL,50,21,10,464.00,"4,640.00"
2019-09-09,2019090901006904,AKBSL,50,56,10,464.00,"4,640.00"
2019-09-09,2019090901006903,AKBSL,50,21,10,464.00,"4,640.00"
2019-09-09,2019090901006886,AKBSL,18,16,10,466.00,"4,660.00"
2019-09-09,2019090901006883,AKBSL,50,56,10,464.00,"4,640.00"
2019-09-09,2019090901007001,AKBSL,40,34,10,464.00,"4,640.00"
2019-09-09,2019090901006992,AKBSL,40,56,10,464.00,"4,640.00"
2019-09-09,2019090901006983,AKBSL,40,38,10,464.00,"4,640.00"
2019-09-09,2019090901006971,AKBSL,50,56,10,464.00,"4,640.00"
2019-09-09,2019090901006956,AKBSL,50,56,10,464.00,"4,640.00"
2019-09-09,2019090901006934,AKBSL,50,56,10,464.00,"4,640.00"
2019-09-09,2019090901007027,AKBSL,19,41,10,465.00,"4,650.00"
2019-09-09,2019090901007020,AKBSL,19,6,10,465.00,"4,650.00"
2019-09-09,2019090901007016,AKBSL,19,56,10,465.00,"4,650.00"
2019-09-09,2019090901007015,AKBSL,19,56,10,465.00,"4,650.00"
2019-09-09,2019090901007014,AKBSL,19,13,10,465.00,"4,650.00"
2019-09-09,2019090901007002,AKBSL,40,56,10,464.00,"4,640.00"
2019-09-09,2019090901007117,AKBSL,50,1,10,466.00,"4,660.00"
2019-09-09,2019090901007116,AKBSL,50,1,10,466.00,"4,660.00"
2019-09-09,2019090901007115,AKBSL,50,1,10,466.00,"4,660.00"
2019-09-09,2019090901007114,AKBSL,50,16,10,466.00,"4,660.00"
2019-09-09,2019090901007113,AKBSL,50,16,10,466.00,"4,660.00"
2019-09-09,2019090901007101,AKBSL,19,48,10,465.00,"4,650.00"
2019-09-09,2019090901007127,AKBSL,19,29,10,465.00,"4,650.00"
2019-09-09,2019090901007122,AKBSL,50,34,10,466.00,"4,660.00"
2019-09-09,2019090901007121,AKBSL,50,47,10,466.00,"4,660.00"
2019-09-09,2019090901007120,AKBSL,50,47,10,466.00,"4,660.00"
2019-09-09,2019090901007119,AKBSL,50,1,10,466.00,"4,660.00"
2019-09-09,2019090901007118,AKBSL,50,1,10,466.00,"4,660.00"
2019-09-09,2019090901007170,AKBSL,50,29,10,465.00,"4,650.00"
2019-09-09,2019090901007160,AKBSL,50,34,10,465.00,"4,650.00"
2019-09-09,2019090901007155,AKBSL,50,29,10,465.00,"4,650.00"
2019-09-09,2019090901007138,AKBSL,19,29,10,465.00,"4,650.00"
2019-09-09,2019090901007136,AKBSL,19,34,10,465.00,"4,650.00"
2019-09-09,2019090901007128,AKBSL,19,46,10,465.00,"4,650.00"
2019-09-09,2019090901007271,AKBSL,40,34,10,464.00,"4,640.00"
2019-09-09,2019090901007234,AKBSL,40,21,10,464.00,"4,640.00"
2019-09-09,2019090901007214,AKBSL,40,21,10,464.00,"4,640.00"
2019-09-09,2019090901007180,AKBSL,5,21,10,465.00,"4,650.00"
2019-09-09,2019090901007179,AKBSL,50,29,10,465.00,"4,650.00"
2019-09-09,2019090901007173,AKBSL,50,34,10,465.00,"4,650.00"
2019-09-09,2019090901006990,AKPL,55,41,31,145.00,"4,495.00"
2019-09-09,2019090901007135,ALBSL,32,6,10,447.00,"4,470.00"
2019-09-09,2019090901007134,ALBSL,32,7,20,444.00,"8,880.00"
2019-09-09,2019090901007133,ALBSL,32,46,10,441.00,"4,410.00"
2019-09-09,2019090901007276,ALICL,37,14,420,319.00,"133,980.00"
2019-09-09,2019090901007109,ALICL,39,14,500,319.00,"159,500.00"
2019-09-09,2019090901006997,ALICL,34,14,10,319.00,"3,190.00"
2019-09-09,2019090901006972,ALICL,39,36,26,318.00,"8,268.00"
2019-09-09,2019090901006913,API,19,46,10,112.00,"1,120.00"
2019-09-09,2019090901007202,BOKL,11,57,50,256.00,"12,800.00"
2019-09-09,2019090901007083,BOKL,14,57,150,256.00,"38,400.00"
2019-09-09,2019090901007082,BOKL,56,57,50,256.00,"12,800.00"
2019-09-09,2019090901007081,BOKL,17,57,30,256.00,"7,680.00"
2019-09-09,2019090901006889,BOKL,14,4,200,257.00,"51,400.00"
2019-09-09,2019090901007132,CBL,48,26,13,145.00,"1,885.00"
2019-09-09,2019090901006977,CBL,44,13,"1,500",146.00,"219,000.00"
2019-09-09,2019090901006976,CBL,44,57,422,146.00,"61,612.00"
2019-09-09,2019090901006864,CBL,44,58,71,146.00,"10,366.00"
2019-09-09,2019090901006863,CBL,44,13,950,146.00,"138,700.00"
2019-09-09,2019090901007086,CCBL,13,36,146,159.00,"23,214.00"
2019-09-09,2019090901007085,CCBL,13,45,54,159.00,"8,586.00"
2019-09-09,2019090901007026,CCBL,49,53,92,158.00,"14,536.00"
2019-09-09,2019090901007025,CCBL,49,1,208,158.00,"32,864.00"
2019-09-09,2019090901007229,CFCL,59,28,"1,000",112.00,"112,000.00"
2019-09-09,2019090901007228,CFCL,1,28,500,112.00,"56,000.00"
2019-09-09,2019090901007227,CFCL,1,28,988,113.00,"111,644.00"
2019-09-09,2019090901007131,CFCL,1,16,12,113.00,"1,356.00"
2019-09-09,2019090901007200,CZBIL,1,49,10,221.00,"2,210.00"
2019-09-09,2019090901007178,CZBIL,1,49,10,221.00,"2,210.00"
2019-09-09,2019090901007171,CZBIL,1,49,10,221.00,"2,210.00"
2019-09-09,2019090901007163,CZBIL,1,49,10,221.00,"2,210.00"
2019-09-09,2019090901007146,CZBIL,1,49,10,221.00,"2,210.00"
2019-09-09,2019090901007130,CZBIL,1,49,10,221.00,"2,210.00"
2019-09-09,2019090901006950,CZBIL,1,1,300,221.00,"66,300.00"
2019-09-09,2019090901007125,CZBIL,1,49,10,221.00,"2,210.00"
2019-09-09,2019090901007108,CZBIL,1,49,10,221.00,"2,210.00"
2019-09-09,2019090901007100,CZBIL,16,26,197,222.00,"43,734.00"
2019-09-09,2019090901007099,CZBIL,16,53,10,222.00,"2,220.00"
2019-09-09,2019090901007098,CZBIL,16,38,183,222.00,"40,626.00"
2019-09-09,2019090901007095,CZBIL,1,49,197,221.00,"43,537.00"
2019-09-09,2019090901007129,DBBL,51,38,100,130.00,"13,000.00"
2019-09-09,2019090901006924,DHPL,7,14,10,60.00,600.00
2019-09-09,2019090901007107,EBL,19,32,98,602.00,"58,996.00"
2019-09-09,2019090901006838,EBL,48,32,50,602.00,"30,100.00"
2019-09-09,2019090901006837,EBL,49,32,342,602.00,"205,884.00"
2019-09-09,2019090901006969,FOWAD,45,36,33,"1,295.00","42,735.00"
2019-09-09,2019090901006964,FOWAD,50,36,11,"1,295.00","14,245.00"
2019-09-09,2019090901006923,FOWAD,40,33,50,"1,292.00","64,600.00"
2019-09-09,2019090901006922,FOWAD,47,33,50,"1,293.00","64,650.00"
2019-09-09,2019090901007291,GBLBS,40,35,270,333.00,"89,910.00"
2019-09-09,2019090901007290,GBLBS,34,35,35,333.00,"11,655.00"
2019-09-09,2019090901007289,GBLBS,57,35,75,333.00,"24,975.00"
2019-09-09,2019090901007257,GBLBS,21,35,120,334.00,"40,080.00"
2019-09-09,2019090901007248,GBLBS,21,37,100,334.00,"33,400.00"
2019-09-09,2019090901007221,GBLBS,21,50,280,334.00,"93,520.00"
2019-09-09,2019090901007220,GBLBS,42,50,20,334.00,"6,680.00"
2019-09-09,2019090901007040,GBLBS,42,38,15,334.00,"5,010.00"
2019-09-09,2019090901006970,GBLBS,56,1,80,334.00,"26,720.00"
2019-09-09,2019090901006963,GDBL,26,52,978,207.00,"202,446.00"
2019-09-09,2019090901006962,GDBL,45,52,100,208.00,"20,800.00"
2019-09-09,2019090901006961,GDBL,40,52,122,208.00,"25,376.00"
2019-09-09,2019090901007167,GFCL,59,11,700,138.00,"96,600.00"
2019-09-09,2019090901006851,GILB,52,38,30,712.00,"21,360.00"
2019-09-09,2019090901006850,GILB,21,38,10,712.00,"7,120.00"
2019-09-09,2019090901006849,GILB,49,38,150,712.00,"106,800.00"
2019-09-09,2019090901006848,GILB,17,38,20,712.00,"14,240.00"
2019-09-09,2019090901006847,GILB,44,38,200,713.00,"142,600.00"
2019-09-09,2019090901006846,GILB,47,38,10,715.00,"7,150.00"
2019-09-09,2019090901006845,GILB,43,38,20,716.00,"14,320.00"
2019-09-09,2019090901006844,GILB,45,38,50,720.00,"36,000.00"
2019-09-09,2019090901007177,GLBSL,39,38,40,464.00,"18,560.00"
2019-09-09,2019090901007176,GLBSL,35,38,30,464.00,"13,920.00"
2019-09-09,2019090901007096,GLBSL,40,40,10,467.00,"4,670.00"
2019-09-09,2019090901007087,GLBSL,40,40,10,467.00,"4,670.00"
2019-09-09,2019090901007031,GLICL,57,41,16,381.00,"6,096.00"
2019-09-09,2019090901006933,GLICL,50,25,200,382.00,"76,400.00"
2019-09-09,2019090901007259,GMFBS,26,38,10,503.00,"5,030.00"
2019-09-09,2019090901007239,GMFBS,26,58,10,503.00,"5,030.00"
2019-09-09,2019090901007145,GMFBS,40,40,10,506.00,"5,060.00"
2019-09-09,2019090901007097,GMFBS,16,34,10,502.00,"5,020.00"
2019-09-09,2019090901007088,GMFBS,39,34,10,506.00,"5,060.00"
2019-09-09,2019090901007080,GMFBS,39,39,40,516.00,"20,640.00"
2019-09-09,2019090901007079,GMFBS,39,39,150,516.00,"77,400.00"
2019-09-09,2019090901007078,GMFBS,39,10,10,516.00,"5,160.00"
2019-09-09,2019090901007077,GMFBS,39,58,10,515.00,"5,150.00"
2019-09-09,2019090901007076,GMFBS,39,34,100,513.00,"51,300.00"
2019-09-09,2019090901007028,GMFBS,39,33,50,512.00,"25,600.00"
2019-09-09,2019090901006919,GMFBS,16,45,10,502.00,"5,020.00"
2019-09-09,2019090901007231,HBL,49,26,12,526.00,"6,312.00"
2019-09-09,2019090901007293,ILBS,22,38,20,438.00,"8,760.00"
2019-09-09,2019090901007215,ILBS,18,38,10,438.00,"4,380.00"
2019-09-09,2019090901007201,ILBS,18,38,10,438.00,"4,380.00"
2019-09-09,2019090901006993,ILBS,1,38,10,438.00,"4,380.00"
2019-09-09,2019090901007313,JBBL,50,29,633,158.00,"100,014.00"
2019-09-09,2019090901007269,JBBL,17,48,282,157.00,"44,274.00"
2019-09-09,2019090901007268,JBBL,49,48,483,157.00,"75,831.00"
2019-09-09,2019090901007247,JBBL,16,48,500,158.00,"79,000.00"
2019-09-09,2019090901007246,JBBL,25,48,100,158.00,"15,800.00"
2019-09-09,2019090901007245,JBBL,18,48,500,158.00,"79,000.00"
2019-09-09,2019090901007244,JBBL,32,48,500,158.00,"79,000.00"
2019-09-09,2019090901007243,JBBL,17,48,200,158.00,"31,600.00"
2019-09-09,2019090901007242,JBBL,50,48,774,158.00,"122,292.00"
2019-09-09,2019090901007241,JBBL,58,48,100,159.00,"15,900.00"
2019-09-09,2019090901007240,JBBL,20,48,61,159.00,"9,699.00"
2019-09-09,2019090901007157,JFL,45,5,100,200.00,"20,000.00"
2019-09-09,2019090901007256,KBL,6,39,500,203.00,"101,500.00"
2019-09-09,2019090901007255,KBL,14,39,568,203.00,"115,304.00"
2019-09-09,2019090901007018,KBL,14,17,301,203.00,"61,103.00"
2019-09-09,2019090901006932,KBL,45,43,"3,000",203.00,"609,000.00"
2019-09-09,2019090901006854,KBL,14,43,100,204.00,"20,400.00"
2019-09-09,2019090901007168,KKHC,5,39,10,54.00,540.00
2019-09-09,2019090901007106,KKHC,5,39,10,54.00,540.00
2019-09-09,2019090901006878,KPCL,22,40,10,79.00,790.00
2019-09-09,2019090901006855,KPCL,22,40,10,79.00,790.00
2019-09-09,2019090901007292,LBL,38,25,10,213.00,"2,130.00"
2019-09-09,2019090901007151,LBL,1,17,47,213.00,"10,011.00"
2019-09-09,2019090901007150,LBL,4,17,100,213.00,"21,300.00"
2019-09-09,2019090901007149,LBL,43,17,100,213.00,"21,300.00"
2019-09-09,2019090901007148,LBL,42,17,100,213.00,"21,300.00"
2019-09-09,2019090901007147,LBL,38,17,138,213.00,"29,394.00"
2019-09-09,2019090901007307,LICN,57,22,100,"1,001.00","100,100.00"
2019-09-09,2019090901006842,LICN,1,14,30,"1,010.00","30,300.00"
2019-09-09,2019090901007075,LLBS,11,11,50,710.00,"35,500.00"
2019-09-09,2019090901007236,MBL,1,49,106,251.00,"26,606.00"
2019-09-09,2019090901007022,MBL,1,38,400,251.00,"100,400.00"
2019-09-09,2019090901006906,MBL,1,42,300,251.00,"75,300.00"
2019-09-09,2019090901007262,MEGA,7,51,50,199.00,"9,950.00"
2019-09-09,2019090901006882,MEGA,28,51,30,199.00,"5,970.00"
2019-09-09,2019090901007041,MERO,42,45,17,555.00,"9,435.00"
2019-09-09,2019090901006900,MERO,41,33,37,557.00,"20,609.00"
2019-09-09,2019090901006899,MERO,3,33,67,557.00,"37,319.00"
2019-09-09,2019090901006898,MERO,32,33,17,557.00,"9,469.00"
2019-09-09,2019090901006897,MERO,42,33,26,557.00,"14,482.00"
2019-09-09,2019090901006896,MERO,36,33,10,558.00,"5,580.00"
2019-09-09,2019090901006895,MERO,33,33,100,558.00,"55,800.00"
2019-09-09,2019090901006894,MERO,40,33,50,558.00,"27,900.00"
2019-09-09,2019090901006893,MERO,34,33,33,559.00,"18,447.00"
2019-09-09,2019090901006892,MERO,59,33,10,560.00,"5,600.00"
2019-09-09,2019090901007137,MLBL,25,14,64,209.00,"13,376.00"
2019-09-09,2019090901006859,MLBL,14,37,21,211.00,"4,431.00"
2019-09-09,2019090901006858,MLBL,14,37,21,211.00,"4,431.00"
2019-09-09,2019090901006857,MLBL,14,49,132,211.00,"27,852.00"
2019-09-09,2019090901006860,MLBL,14,6,26,211.00,"5,486.00"
2019-09-09,2019090901006930,MSMBS,32,10,10,489.00,"4,890.00"
2019-09-09,2019090901006902,MSMBS,32,44,22,480.00,"10,560.00"
2019-09-09,2019090901006901,MSMBS,32,36,33,474.00,"15,642.00"
2019-09-09,2019090901007260,NADEP,19,8,110,455.00,"50,050.00"
2019-09-09,2019090901007230,NADEP,45,40,10,454.00,"4,540.00"
2019-09-09,2019090901007193,NADEP,40,8,10,455.00,"4,550.00"
2019-09-09,2019090901007144,NBB,32,26,100,209.00,"20,900.00"
2019-09-09,2019090901007143,NBB,50,26,180,209.00,"37,620.00"
2019-09-09,2019090901007142,NBB,50,26,100,209.00,"20,900.00"
2019-09-09,2019090901007141,NBB,22,26,14,209.00,"2,926.00"
2019-09-09,2019090901006840,NBB,14,48,85,210.00,"17,850.00"
2019-09-09,2019090901006839,NBB,14,19,15,210.00,"3,150.00"
2019-09-09,2019090901007123,NBL,26,20,100,316.00,"31,600.00"
2019-09-09,2019090901007058,NBL,48,20,200,316.00,"63,200.00"
2019-09-09,2019090901007057,NBL,22,20,30,316.00,"9,480.00"
2019-09-09,2019090901007056,NBL,16,20,100,316.00,"31,600.00"
2019-09-09,2019090901007055,NBL,5,20,200,316.00,"63,200.00"
2019-09-09,2019090901007054,NBL,44,20,200,316.00,"63,200.00"
2019-09-09,2019090901007019,NBL,6,4,50,317.00,"15,850.00"
2019-09-09,2019090901007047,NBL,46,20,200,316.00,"63,200.00"
2019-09-09,2019090901007046,NBL,51,20,100,316.00,"31,600.00"
2019-09-09,2019090901007045,NBL,56,20,"1,083",316.00,"342,228.00"
2019-09-09,2019090901007044,NBL,26,20,"2,000",317.00,"634,000.00"
2019-09-09,2019090901007043,NBL,6,20,"1,500",317.00,"475,500.00"
2019-09-09,2019090901007042,NBL,6,20,210,317.00,"66,570.00"
2019-09-09,2019090901007053,NBL,19,20,300,316.00,"94,800.00"
2019-09-09,2019090901007052,NBL,40,20,300,316.00,"94,800.00"
2019-09-09,2019090901007051,NBL,59,20,200,316.00,"63,200.00"
2019-09-09,2019090901007050,NBL,42,20,500,316.00,"158,000.00"
2019-09-09,2019090901007049,NBL,44,20,500,316.00,"158,000.00"
2019-09-09,2019090901007048,NBL,14,20,200,316.00,"63,200.00"
2019-09-09,2019090901007038,NCCB,44,51,280,201.00,"56,280.00"
2019-09-09,2019090901007037,NCCB,52,51,"1,000",201.00,"201,000.00"
2019-09-09,2019090901007036,NCCB,44,51,470,201.00,"94,470.00"
2019-09-09,2019090901006991,NCCB,44,26,30,201.00,"6,030.00"
2019-09-09,2019090901006989,NGPL,36,46,10,100.00,"1,000.00"
2019-09-09,2019090901006945,NHDL,17,45,90,99.00,"8,910.00"
2019-09-09,2019090901006944,NHDL,42,45,100,99.00,"9,900.00"
2019-09-09,2019090901006943,NHDL,39,45,190,99.00,"18,810.00"
2019-09-09,2019090901006942,NHDL,39,45,200,99.00,"19,800.00"
2019-09-09,2019090901006941,NHDL,45,45,100,100.00,"10,000.00"
2019-09-09,2019090901006940,NHDL,47,45,300,100.00,"30,000.00"
2019-09-09,2019090901006939,NHDL,57,45,50,100.00,"5,000.00"
2019-09-09,2019090901006938,NHDL,34,45,80,101.00,"8,080.00"
2019-09-09,2019090901006937,NHDL,41,45,390,103.00,"40,170.00"
2019-09-09,2019090901007333,NIB,6,45,10,444.00,"4,440.00"
2019-09-09,2019090901007332,NIB,54,45,41,445.00,"18,245.00"
2019-09-09,2019090901007331,NIB,47,45,20,445.00,"8,900.00"
2019-09-09,2019090901007330,NIB,13,45,82,445.00,"36,490.00"
2019-09-09,2019090901007329,NIB,38,45,110,445.00,"48,950.00"
2019-09-09,2019090901007328,NIB,38,45,110,445.00,"48,950.00"
2019-09-09,2019090901007103,NIB,28,55,137,446.00,"61,102.00"
2019-09-09,2019090901007092,NIB,28,39,44,446.00,"19,624.00"
2019-09-09,2019090901007032,NIB,38,56,15,448.00,"6,720.00"
2019-09-09,2019090901007159,NIB,45,56,60,446.00,"26,760.00"
2019-09-09,2019090901007158,NIB,52,56,189,446.00,"84,294.00"
2019-09-09,2019090901007156,NIB,52,39,44,446.00,"19,624.00"
2019-09-09,2019090901007139,NIB,52,39,44,446.00,"19,624.00"
2019-09-09,2019090901007105,NIB,52,55,223,446.00,"99,458.00"
2019-09-09,2019090901007104,NIB,49,55,"1,000",446.00,"446,000.00"
2019-09-09,2019090901007327,NIB,38,45,40,445.00,"17,800.00"
2019-09-09,2019090901007326,NIB,39,45,25,445.00,"11,125.00"
2019-09-09,2019090901007325,NIB,25,45,240,445.00,"106,800.00"
2019-09-09,2019090901007319,NIB,33,56,83,446.00,"37,018.00"
2019-09-09,2019090901007274,NIB,25,56,260,445.00,"115,700.00"
2019-09-09,2019090901007273,NIB,25,56,155,445.00,"68,975.00"
2019-09-09,2019090901007266,NICA,18,14,680,446.00,"303,280.00"
2019-09-09,2019090901007265,NICA,11,14,100,446.00,"44,600.00"
2019-09-09,2019090901007264,NICA,35,14,25,446.00,"11,150.00"
2019-09-09,2019090901007263,NICA,18,14,500,446.00,"223,000.00"
2019-09-09,2019090901007154,NICA,53,26,60,446.00,"26,760.00"
2019-09-09,2019090901007153,NICA,22,26,40,446.00,"17,840.00"
2019-09-09,2019090901007152,NICA,25,26,200,447.00,"89,400.00"
2019-09-09,2019090901007012,NICA,49,49,"2,000",446.00,"892,000.00"
2019-09-09,2019090901006982,NICA,13,36,80,448.00,"35,840.00"
2019-09-09,2019090901006981,NICA,17,36,100,448.00,"44,800.00"
2019-09-09,2019090901006980,NICA,11,36,100,448.00,"44,800.00"
2019-09-09,2019090901007324,NICL,6,56,20,278.00,"5,560.00"
2019-09-09,2019090901007172,NLBBL,45,51,50,512.00,"25,600.00"
2019-09-09,2019090901007029,NLBBL,45,33,47,512.00,"24,064.00"
2019-09-09,2019090901007213,NLG,49,38,240,578.00,"138,720.00"
2019-09-09,2019090901007308,NLIC,58,35,40,793.00,"31,720.00"
2019-09-09,2019090901007190,NLIC,58,36,26,793.00,"20,618.00"
2019-09-09,2019090901007189,NLIC,51,36,100,793.00,"79,300.00"
2019-09-09,2019090901007188,NLIC,35,36,20,793.00,"15,860.00"
2019-09-09,2019090901007187,NLIC,47,36,50,793.00,"39,650.00"
2019-09-09,2019090901007186,NLIC,40,36,200,794.00,"158,800.00"
2019-09-09,2019090901007007,NLIC,39,45,12,795.00,"9,540.00"
2019-09-09,2019090901007006,NLIC,34,45,10,795.00,"7,950.00"
2019-09-09,2019090901007005,NLIC,32,45,10,796.00,"7,960.00"
2019-09-09,2019090901007004,NLIC,56,45,10,796.00,"7,960.00"
2019-09-09,2019090901007161,NLIC,58,52,76,795.00,"60,420.00"
2019-09-09,2019090901007084,NLIC,58,39,86,795.00,"68,370.00"
2019-09-09,2019090901007011,NLIC,58,45,88,795.00,"69,960.00"
2019-09-09,2019090901007010,NLIC,43,45,80,795.00,"63,600.00"
2019-09-09,2019090901007009,NLIC,45,45,20,795.00,"15,900.00"
2019-09-09,2019090901007008,NLIC,32,45,20,795.00,"15,900.00"
2019-09-09,2019090901007185,NLIC,51,36,50,794.00,"39,700.00"
2019-09-09,2019090901007184,NLIC,48,36,30,794.00,"23,820.00"
2019-09-09,2019090901007183,NLIC,53,36,248,794.00,"196,912.00"
2019-09-09,2019090901007182,NLIC,34,36,100,795.00,"79,500.00"
2019-09-09,2019090901007181,NLIC,14,36,51,795.00,"40,545.00"
2019-09-09,2019090901007162,NLIC,14,52,49,795.00,"38,955.00"
2019-09-09,2019090901007283,NLICL,19,36,97,498.00,"48,306.00"
2019-09-09,2019090901007282,NLICL,8,36,100,498.00,"49,800.00"
2019-09-09,2019090901007281,NLICL,33,36,100,499.00,"49,900.00"
2019-09-09,2019090901007280,NLICL,54,36,50,499.00,"24,950.00"
2019-09-09,2019090901007279,NLICL,35,36,100,499.00,"49,900.00"
2019-09-09,2019090901007278,NLICL,49,36,10,500.00,"5,000.00"
2019-09-09,2019090901006891,NLICL,22,22,13,503.00,"6,539.00"
2019-09-09,2019090901006890,NLICL,22,21,30,503.00,"15,090.00"
2019-09-09,2019090901007277,NLICL,34,36,43,500.00,"21,500.00"
2019-09-09,2019090901007251,NLICL,34,33,322,500.00,"161,000.00"
2019-09-09,2019090901007226,NLICL,34,33,135,500.00,"67,500.00"
2019-09-09,2019090901007225,NLICL,42,33,15,501.00,"7,515.00"
2019-09-09,2019090901007224,NLICL,8,33,50,501.00,"25,050.00"
2019-09-09,2019090901007223,NLICL,43,33,100,501.00,"50,100.00"
2019-09-09,2019090901007284,NMBMF,42,21,11,"1,053.00","11,583.00"
2019-09-09,2019090901007060,NMFBS,58,49,35,"1,555.00","54,425.00"
2019-09-09,2019090901007059,NMFBS,26,49,15,"1,560.00","23,400.00"
2019-09-09,2019090901007336,OHL,16,19,350,534.00,"186,900.00"
2019-09-09,2019090901007261,PFL,29,59,200,134.00,"26,800.00"
2019-09-09,2019090901006955,PMHPL,54,34,80,98.00,"7,840.00"
2019-09-09,2019090901006954,PMHPL,45,34,20,99.00,"1,980.00"
2019-09-09,2019090901006866,PMHPL,45,40,10,99.00,990.00
2019-09-09,2019090901007194,PRVU,42,1,100,262.00,"26,200.00"
2019-09-09,2019090901006921,PRVU,28,49,10,263.00,"2,630.00"
2019-09-09,2019090901006843,PRVU,49,49,115,263.00,"30,245.00"
2019-09-09,2019090901007166,RBCLPO,42,14,30,"7,765.00","232,950.00"
2019-09-09,2019090901007165,RBCLPO,49,14,10,"7,767.00","77,670.00"
2019-09-09,2019090901007164,RBCLPO,56,14,10,"7,768.00","77,680.00"
2019-09-09,2019090901007297,RHPC,39,45,100,82.00,"8,200.00"
2019-09-09,2019090901007296,RHPC,7,45,500,83.00,"41,500.00"
2019-09-09,2019090901007295,RHPC,58,45,10,83.00,830.00
2019-09-09,2019090901007294,RHPC,58,45,23,83.00,"1,909.00"
2019-09-09,2019090901007272,RHPC,58,7,48,83.00,"3,984.00"
2019-09-09,2019090901006865,RHPC,58,53,10,83.00,830.00
2019-09-09,2019090901007212,RHPL,59,49,10,167.00,"1,670.00"
2019-09-09,2019090901007211,RHPL,59,38,40,167.00,"6,680.00"
2019-09-09,2019090901007210,RHPL,59,36,20,167.00,"3,340.00"
2019-09-09,2019090901007209,RHPL,59,38,40,167.00,"6,680.00"
2019-09-09,2019090901007208,RHPL,59,36,20,167.00,"3,340.00"
2019-09-09,2019090901007207,RHPL,59,20,"1,300",167.00,"217,100.00"
2019-09-09,2019090901006911,RHPL,48,8,30,167.00,"5,010.00"
2019-09-09,2019090901006905,RHPL,48,5,40,167.00,"6,680.00"
2019-09-09,2019090901006949,RHPL,1,38,10,167.00,"1,670.00"
2019-09-09,2019090901006948,RHPL,1,43,40,167.00,"6,680.00"
2019-09-09,2019090901006947,RHPL,1,43,40,167.00,"6,680.00"
2019-09-09,2019090901006917,RHPL,45,49,40,166.00,"6,640.00"
2019-09-09,2019090901006916,RHPL,48,51,10,167.00,"1,670.00"
2019-09-09,2019090901006912,RHPL,48,51,10,167.00,"1,670.00"
2019-09-09,2019090901007035,RHPL,36,38,40,167.00,"6,680.00"
2019-09-09,2019090901007034,RHPL,36,58,40,167.00,"6,680.00"
2019-09-09,2019090901007033,RHPL,36,38,30,167.00,"5,010.00"
2019-09-09,2019090901007003,RHPL,45,38,40,166.00,"6,640.00"
2019-09-09,2019090901006984,RHPL,45,45,40,166.00,"6,640.00"
2019-09-09,2019090901006953,RHPL,45,49,40,166.00,"6,640.00"
2019-09-09,2019090901007066,RHPL,6,21,40,167.00,"6,680.00"
2019-09-09,2019090901007065,RHPL,6,14,10,167.00,"1,670.00"
2019-09-09,2019090901007064,RHPL,6,14,10,167.00,"1,670.00"
2019-09-09,2019090901007063,RHPL,6,44,40,167.00,"6,680.00"
2019-09-09,2019090901007062,RHPL,6,44,30,167.00,"5,010.00"
2019-09-09,2019090901007061,RHPL,6,51,40,167.00,"6,680.00"
2019-09-09,2019090901007072,RHPL,6,49,100,167.00,"16,700.00"
2019-09-09,2019090901007071,RHPL,6,40,30,167.00,"5,010.00"
2019-09-09,2019090901007070,RHPL,6,14,10,167.00,"1,670.00"
2019-09-09,2019090901007069,RHPL,6,21,40,167.00,"6,680.00"
2019-09-09,2019090901007068,RHPL,6,21,40,167.00,"6,680.00"
2019-09-09,2019090901007067,RHPL,6,14,10,167.00,"1,670.00"
2019-09-09,2019090901007206,RHPL,59,36,20,167.00,"3,340.00"
2019-09-09,2019090901007205,RHPL,59,36,20,167.00,"3,340.00"
2019-09-09,2019090901007204,RHPL,59,36,20,167.00,"3,340.00"
2019-09-09,2019090901007203,RHPL,59,38,10,167.00,"1,670.00"
2019-09-09,2019090901007074,RHPL,56,38,30,167.00,"5,010.00"
2019-09-09,2019090901007073,RHPL,56,36,20,167.00,"3,340.00"
2019-09-09,2019090901006841,RSDC,11,46,10,337.00,"3,370.00"
2019-09-09,2019090901007315,SABSL,19,43,10,495.00,"4,950.00"
2019-09-09,2019090901007270,SABSL,40,38,10,494.00,"4,940.00"
2019-09-09,2019090901007126,SABSL,36,38,10,495.00,"4,950.00"
2019-09-09,2019090901006987,SABSL,36,36,10,495.00,"4,950.00"
2019-09-09,2019090901006979,SABSL,36,36,10,495.00,"4,950.00"
2019-09-09,2019090901006910,SABSL,40,34,10,494.00,"4,940.00"
2019-09-09,2019090901006881,SABSL,40,8,10,494.00,"4,940.00"
2019-09-09,2019090901007317,SANIMA,42,32,150,351.00,"52,650.00"
2019-09-09,2019090901007124,SANIMA,14,39,150,350.00,"52,500.00"
2019-09-09,2019090901007300,SBI,26,8,35,422.00,"14,770.00"
2019-09-09,2019090901007299,SBI,48,8,20,423.00,"8,460.00"
2019-09-09,2019090901006874,SBI,10,36,455,420.00,"191,100.00"
2019-09-09,2019090901006873,SBI,48,36,200,421.00,"84,200.00"
2019-09-09,2019090901006872,SBI,37,36,"1,000",421.00,"421,000.00"
2019-09-09,2019090901006871,SBI,59,36,300,422.00,"126,600.00"
2019-09-09,2019090901006870,SBI,25,36,980,422.00,"413,560.00"
2019-09-09,2019090901006869,SBI,19,36,95,422.00,"40,090.00"
2019-09-09,2019090901007311,SBL,49,26,902,313.00,"282,326.00"
2019-09-09,2019090901007219,SBL,33,26,700,313.00,"219,100.00"
2019-09-09,2019090901007218,SBL,13,26,200,313.00,"62,600.00"
2019-09-09,2019090901007217,SBL,58,26,100,313.00,"31,300.00"
2019-09-09,2019090901007216,SBL,33,26,98,313.00,"30,674.00"
2019-09-09,2019090901007023,SBL,51,17,200,314.00,"62,800.00"
2019-09-09,2019090901006957,SBL,49,49,"10,000",313.00,"3,130,000.00"
2019-09-09,2019090901007197,SCB,41,6,24,600.00,"14,400.00"
2019-09-09,2019090901007196,SCB,41,25,32,600.00,"19,200.00"
2019-09-09,2019090901007195,SCB,41,26,44,600.00,"26,400.00"
2019-09-09,2019090901006928,SCB,19,22,78,596.00,"46,488.00"
2019-09-09,2019090901006927,SCB,35,22,20,596.00,"11,920.00"
2019-09-09,2019090901006926,SCB,42,22,90,596.00,"53,640.00"
2019-09-09,2019090901007288,SDESI,26,38,50,620.00,"31,000.00"
2019-09-09,2019090901007287,SDESI,17,38,10,620.00,"6,200.00"
2019-09-09,2019090901007286,SDESI,17,38,10,620.00,"6,200.00"
2019-09-09,2019090901007030,SHIVM,21,57,100,532.00,"53,200.00"
2019-09-09,2019090901006966,SINDU,55,34,10,128.00,"1,280.00"
2019-09-09,2019090901006885,SINDU,45,34,10,126.00,"1,260.00"
2019-09-09,2019090901007334,SJCL,45,38,20,182.00,"3,640.00"
2019-09-09,2019090901007314,SJCL,45,58,20,181.00,"3,620.00"
2019-09-09,2019090901007298,SJCL,45,7,10,181.00,"1,810.00"
2019-09-09,2019090901007285,SJCL,45,36,20,181.00,"3,620.00"
2019-09-09,2019090901007267,SJCL,45,36,10,181.00,"1,810.00"
2019-09-09,2019090901006856,SJCL,43,7,10,181.00,"1,810.00"
2019-09-09,2019090901006853,SJCL,43,46,10,181.00,"1,810.00"
2019-09-09,2019090901006887,SJCL,43,14,10,181.00,"1,810.00"
2019-09-09,2019090901006884,SJCL,43,21,20,181.00,"3,620.00"
2019-09-09,2019090901006868,SJCL,43,34,10,181.00,"1,810.00"
2019-09-09,2019090901006862,SJCL,43,21,20,181.00,"3,620.00"
2019-09-09,2019090901006861,SJCL,43,14,10,181.00,"1,810.00"
2019-09-09,2019090901006931,SJCL,43,8,10,181.00,"1,810.00"
2019-09-09,2019090901006925,SJCL,43,21,20,181.00,"3,620.00"
2019-09-09,2019090901006915,SJCL,43,7,10,181.00,"1,810.00"
2019-09-09,2019090901006914,SJCL,43,45,20,181.00,"3,620.00"
2019-09-09,2019090901006909,SJCL,43,21,20,181.00,"3,620.00"
2019-09-09,2019090901006888,SJCL,43,34,10,181.00,"1,810.00"
2019-09-09,2019090901006973,SJCL,43,49,30,181.00,"5,430.00"
2019-09-09,2019090901006968,SJCL,43,21,20,181.00,"3,620.00"
2019-09-09,2019090901006965,SJCL,43,38,10,181.00,"1,810.00"
2019-09-09,2019090901006958,SJCL,43,58,10,181.00,"1,810.00"
2019-09-09,2019090901006936,SJCL,43,7,10,181.00,"1,810.00"
2019-09-09,2019090901006935,SJCL,43,21,20,181.00,"3,620.00"
2019-09-09,2019090901006999,SJCL,45,40,20,181.00,"3,620.00"
2019-09-09,2019090901006996,SJCL,45,58,10,181.00,"1,810.00"
2019-09-09,2019090901006986,SJCL,45,21,20,181.00,"3,620.00"
2019-09-09,2019090901006985,SJCL,45,40,20,181.00,"3,620.00"
2019-09-09,2019090901006975,SJCL,45,21,20,181.00,"3,620.00"
2019-09-09,2019090901006974,SJCL,45,49,50,181.00,"9,050.00"
2019-09-09,2019090901007140,SJCL,37,38,20,181.00,"3,620.00"
2019-09-09,2019090901007089,SJCL,37,38,20,181.00,"3,620.00"
2019-09-09,2019090901007024,SJCL,37,21,20,181.00,"3,620.00"
2019-09-09,2019090901007021,SJCL,45,38,20,181.00,"3,620.00"
2019-09-09,2019090901007017,SJCL,45,21,20,181.00,"3,620.00"
2019-09-09,2019090901007000,SJCL,45,21,20,181.00,"3,620.00"
2019-09-09,2019090901007199,SJCL,45,36,10,181.00,"1,810.00"
2019-09-09,2019090901007198,SJCL,37,36,10,181.00,"1,810.00"
2019-09-09,2019090901007191,SJCL,37,38,20,181.00,"3,620.00"
2019-09-09,2019090901007175,SJCL,37,4,910,181.00,"164,710.00"
2019-09-09,2019090901007174,SJCL,36,4,90,182.00,"16,380.00"
2019-09-09,2019090901007169,SJCL,36,16,20,182.00,"3,640.00"
2019-09-09,2019090901007254,SJCL,45,36,20,181.00,"3,620.00"
2019-09-09,2019090901007253,SJCL,45,38,20,181.00,"3,620.00"
2019-09-09,2019090901007252,SJCL,45,38,20,181.00,"3,620.00"
2019-09-09,2019090901007235,SJCL,45,36,20,181.00,"3,620.00"
2019-09-09,2019090901007233,SJCL,45,38,20,181.00,"3,620.00"
2019-09-09,2019090901007222,SJCL,45,36,20,181.00,"3,620.00"
2019-09-09,2019090901007321,SKBBL,45,58,25,959.00,"23,975.00"
2019-09-09,2019090901007094,SKBBL,11,55,58,959.00,"55,622.00"
2019-09-09,2019090901007258,SLBBL,1,51,50,556.00,"27,800.00"
2019-09-09,2019090901007320,SLBSL,22,38,10,716.00,"7,160.00"
2019-09-09,2019090901007093,SLBSL,22,49,35,716.00,"25,060.00"
2019-09-09,2019090901006967,SLBSL,52,52,10,716.00,"7,160.00"
2019-09-09,2019090901007192,SLICL,14,7,30,282.00,"8,460.00"
2019-09-09,2019090901006946,SLICL,38,55,120,283.00,"33,960.00"
2019-09-09,2019090901006880,SLICL,56,55,500,283.00,"141,500.00"
2019-09-09,2019090901006879,SLICL,10,55,380,284.00,"107,920.00"
2019-09-09,2019090901006875,SLICL,10,58,120,284.00,"34,080.00"
2019-09-09,2019090901006852,SLICL,39,42,40,286.00,"11,440.00"
2019-09-09,2019090901007310,SMATA,41,28,10,"1,241.00","12,410.00"
2019-09-09,2019090901007309,SMATA,48,28,30,"1,241.00","37,230.00"
2019-09-09,2019090901007306,SMATA,47,28,20,"1,245.00","24,900.00"
2019-09-09,2019090901007305,SMATA,6,28,20,"1,245.00","24,900.00"
2019-09-09,2019090901007304,SMATA,48,28,10,"1,246.00","12,460.00"
2019-09-09,2019090901007303,SMATA,35,28,30,"1,247.00","37,410.00"
2019-09-09,2019090901007302,SMATA,35,28,15,"1,250.00","18,750.00"
2019-09-09,2019090901007301,SMATA,35,28,12,"1,251.00","15,012.00"
2019-09-09,2019090901007013,SMFBS,40,40,10,802.00,"8,020.00"
2019-09-09,2019090901006998,SMFBS,40,40,10,802.00,"8,020.00"
2019-09-09,2019090901006978,SMFBS,40,40,10,802.00,"8,020.00"
2019-09-09,2019090901006995,SRBL,52,6,900,231.00,"207,900.00"
2019-09-09,2019090901006994,SRBL,52,45,100,231.00,"23,100.00"
2019-09-09,2019090901006908,UFL,44,42,245,181.00,"44,345.00"
2019-09-09,2019090901006907,UFL,44,44,325,181.00,"58,825.00"
2019-09-09,2019090901007238,UIC,57,36,75,267.00,"20,025.00"
2019-09-09,2019090901007237,UIC,39,36,425,267.00,"113,475.00"
2019-09-09,2019090901007102,UIC,39,41,55,267.00,"14,685.00"
2019-09-09,2019090901007091,UIC,39,41,20,267.00,"5,340.00"
2019-09-09,2019090901007090,UIC,38,41,100,267.00,"26,700.00"
2019-09-09,2019090901007232,UPPER,1,40,50,242.00,"12,100.00"
2019-09-09,2019090901007039,UPPER,1,46,10,242.00,"2,420.00"
2019-09-09,2019090901006988,UPPER,42,59,255,243.00,"61,965.00"
2019-09-09,2019090901006960,UPPER,42,59,150,243.00,"36,450.00"
2019-09-09,2019090901006959,UPPER,42,59,95,243.00,"23,085.00"
2019-09-09,2019090901006929,UPPER,1,50,40,242.00,"9,680.00"
2019-09-09,2019090901006877,UPPER,58,59,55,243.00,"13,365.00"
2019-09-09,2019090901006876,UPPER,58,59,145,243.00,"35,235.00"
2019-09-09,2019090901006817,ADBL,49,58,200,419.00,"83,800.00"
2019-09-09,2019090901006468,ADBL,11,40,100,417.00,"41,700.00"
2019-09-09,2019090901006435,ADBL,11,14,93,417.00,"38,781.00"
2019-09-09,2019090901006394,ADBL,35,26,20,418.00,"8,360.00"
2019-09-09,2019090901006720,AHPC,7,45,413,99.00,"40,887.00"
2019-09-09,2019090901006362,AHPC,34,45,400,99.00,"39,600.00"
2019-09-09,2019090901006811,AKBSL,39,46,10,465.00,"4,650.00"
2019-09-09,2019090901006810,AKBSL,39,38,10,465.00,"4,650.00"
2019-09-09,2019090901006809,AKBSL,39,16,10,465.00,"4,650.00"
2019-09-09,2019090901006808,AKBSL,39,45,10,465.00,"4,650.00"
2019-09-09,2019090901006806,AKBSL,50,14,10,464.00,"4,640.00"
2019-09-09,2019090901006786,AKBSL,50,38,10,464.00,"4,640.00"
2019-09-09,2019090901006402,AKBSL,36,16,10,465.00,"4,650.00"
2019-09-09,2019090901006401,AKBSL,36,16,10,465.00,"4,650.00"
2019-09-09,2019090901006400,AKBSL,36,57,10,465.00,"4,650.00"
2019-09-09,2019090901006376,AKBSL,17,57,10,465.00,"4,650.00"
2019-09-09,2019090901006375,AKBSL,17,28,10,465.00,"4,650.00"
2019-09-09,2019090901006351,AKBSL,56,34,10,464.00,"4,640.00"
2019-09-09,2019090901006408,AKBSL,36,38,10,465.00,"4,650.00"
2019-09-09,2019090901006407,AKBSL,36,38,10,465.00,"4,650.00"
2019-09-09,2019090901006406,AKBSL,36,38,10,465.00,"4,650.00"
2019-09-09,2019090901006405,AKBSL,36,16,10,465.00,"4,650.00"
2019-09-09,2019090901006404,AKBSL,36,16,10,465.00,"4,650.00"
2019-09-09,2019090901006403,AKBSL,36,17,10,465.00,"4,650.00"
2019-09-09,2019090901006443,AKBSL,39,32,10,463.00,"4,630.00"
2019-09-09,2019090901006438,AKBSL,39,38,10,463.00,"4,630.00"
2019-09-09,2019090901006434,AKBSL,56,32,10,464.00,"4,640.00"
2019-09-09,2019090901006415,AKBSL,56,6,10,464.00,"4,640.00"
2019-09-09,2019090901006410,AKBSL,56,6,10,464.00,"4,640.00"
2019-09-09,2019090901006409,AKBSL,36,16,10,465.00,"4,650.00"
2019-09-09,2019090901006481,AKBSL,39,32,10,463.00,"4,630.00"
2019-09-09,2019090901006475,AKBSL,39,38,10,463.00,"4,630.00"
2019-09-09,2019090901006471,AKBSL,39,18,10,463.00,"4,630.00"
2019-09-09,2019090901006467,AKBSL,39,32,10,463.00,"4,630.00"
2019-09-09,2019090901006465,AKBSL,42,58,10,464.00,"4,640.00"
2019-09-09,2019090901006446,AKBSL,39,18,10,463.00,"4,630.00"
2019-09-09,2019090901006512,AKBSL,1,39,10,463.00,"4,630.00"
2019-09-09,2019090901006509,AKBSL,39,32,10,463.00,"4,630.00"
2019-09-09,2019090901006508,AKBSL,39,58,10,463.00,"4,630.00"
2019-09-09,2019090901006502,AKBSL,39,18,10,463.00,"4,630.00"
2019-09-09,2019090901006501,AKBSL,39,32,10,463.00,"4,630.00"
2019-09-09,2019090901006483,AKBSL,39,18,10,463.00,"4,630.00"
2019-09-09,2019090901006533,AKBSL,39,6,10,464.00,"4,640.00"
2019-09-09,2019090901006532,AKBSL,39,58,10,464.00,"4,640.00"
2019-09-09,2019090901006530,AKBSL,1,49,10,463.00,"4,630.00"
2019-09-09,2019090901006524,AKBSL,1,32,10,463.00,"4,630.00"
2019-09-09,2019090901006523,AKBSL,1,34,10,463.00,"4,630.00"
2019-09-09,2019090901006514,AKBSL,1,18,10,463.00,"4,630.00"
2019-09-09,2019090901006554,AKBSL,40,38,10,463.00,"4,630.00"
2019-09-09,2019090901006550,AKBSL,40,38,10,463.00,"4,630.00"
2019-09-09,2019090901006544,AKBSL,40,34,10,463.00,"4,630.00"
2019-09-09,2019090901006543,AKBSL,40,42,10,463.00,"4,630.00"
2019-09-09,2019090901006540,AKBSL,40,32,10,463.00,"4,630.00"
2019-09-09,2019090901006537,AKBSL,40,49,10,463.00,"4,630.00"
2019-09-09,2019090901006640,AKBSL,49,49,10,464.00,"4,640.00"
2019-09-09,2019090901006632,AKBSL,40,55,10,463.00,"4,630.00"
2019-09-09,2019090901006621,AKBSL,40,38,10,463.00,"4,630.00"
2019-09-09,2019090901006610,AKBSL,40,38,10,463.00,"4,630.00"
2019-09-09,2019090901006597,AKBSL,40,55,10,463.00,"4,630.00"
2019-09-09,2019090901006575,AKBSL,40,38,10,463.00,"4,630.00"
2019-09-09,2019090901006667,AKBSL,34,28,10,465.00,"4,650.00"
2019-09-09,2019090901006666,AKBSL,34,49,10,465.00,"4,650.00"
2019-09-09,2019090901006665,AKBSL,34,16,10,465.00,"4,650.00"
2019-09-09,2019090901006664,AKBSL,34,49,10,465.00,"4,650.00"
2019-09-09,2019090901006663,AKBSL,34,16,10,465.00,"4,650.00"
2019-09-09,2019090901006662,AKBSL,34,38,10,465.00,"4,650.00"
2019-09-09,2019090901006673,AKBSL,34,16,10,465.00,"4,650.00"
2019-09-09,2019090901006672,AKBSL,34,16,10,465.00,"4,650.00"
2019-09-09,2019090901006671,AKBSL,34,16,10,465.00,"4,650.00"
2019-09-09,2019090901006670,AKBSL,34,16,10,465.00,"4,650.00"
2019-09-09,2019090901006669,AKBSL,34,16,10,465.00,"4,650.00"
2019-09-09,2019090901006668,AKBSL,34,16,10,465.00,"4,650.00"
2019-09-09,2019090901006702,AKBSL,40,7,10,463.00,"4,630.00"
2019-09-09,2019090901006701,AKBSL,40,40,10,463.00,"4,630.00"
2019-09-09,2019090901006695,AKBSL,40,7,10,463.00,"4,630.00"
2019-09-09,2019090901006693,AKBSL,40,40,10,463.00,"4,630.00"
2019-09-09,2019090901006675,AKBSL,34,16,10,465.00,"4,650.00"
2019-09-09,2019090901006674,AKBSL,34,16,10,465.00,"4,650.00"
2019-09-09,2019090901006726,AKBSL,40,21,10,463.00,"4,630.00"
2019-09-09,2019090901006722,AKBSL,57,38,10,464.00,"4,640.00"
2019-09-09,2019090901006718,AKBSL,57,21,10,464.00,"4,640.00"
2019-09-09,2019090901006716,AKBSL,57,38,10,464.00,"4,640.00"
2019-09-09,2019090901006712,AKBSL,57,7,10,464.00,"4,640.00"
2019-09-09,2019090901006710,AKBSL,57,38,10,464.00,"4,640.00"
2019-09-09,2019090901006755,AKBSL,50,38,10,464.00,"4,640.00"
2019-09-09,2019090901006744,AKBSL,50,38,10,464.00,"4,640.00"
2019-09-09,2019090901006743,AKBSL,50,7,10,464.00,"4,640.00"
2019-09-09,2019090901006740,AKBSL,40,38,10,463.00,"4,630.00"
2019-09-09,2019090901006735,AKBSL,40,38,10,463.00,"4,630.00"
2019-09-09,2019090901006733,AKBSL,40,7,10,463.00,"4,630.00"
2019-09-09,2019090901006779,AKBSL,50,38,10,464.00,"4,640.00"
2019-09-09,2019090901006778,AKBSL,50,38,10,464.00,"4,640.00"
2019-09-09,2019090901006773,AKBSL,50,38,10,464.00,"4,640.00"
2019-09-09,2019090901006766,AKBSL,50,38,10,464.00,"4,640.00"
2019-09-09,2019090901006760,AKBSL,50,38,10,464.00,"4,640.00"
2019-09-09,2019090901006759,AKBSL,50,14,10,464.00,"4,640.00"
2019-09-09,2019090901006765,AKPL,55,53,10,145.00,"1,450.00"
2019-09-09,2019090901006616,AKPL,55,29,13,145.00,"1,885.00"
2019-09-09,2019090901006573,ALBSL,57,7,70,441.00,"30,870.00"
2019-09-09,2019090901006572,ALBSL,57,45,10,441.00,"4,410.00"
2019-09-09,2019090901006804,BBC,55,34,10,"1,386.00","13,860.00"
2019-09-09,2019090901006777,BBC,48,34,10,"1,414.00","14,140.00"
2019-09-09,2019090901006601,BFC,8,45,"1,000",92.00,"92,000.00"
2019-09-09,2019090901006707,BPCL,36,22,19,382.00,"7,258.00"
2019-09-09,2019090901006700,BPCL,33,1,200,380.00,"76,000.00"
2019-09-09,2019090901006699,BPCL,33,4,11,380.00,"4,180.00"
2019-09-09,2019090901006344,BPCL,38,38,55,379.00,"20,845.00"
2019-09-09,2019090901006737,CBBL,35,25,325,980.00,"318,500.00"
2019-09-09,2019090901006736,CBBL,35,48,23,979.00,"22,517.00"
2019-09-09,2019090901006725,CBL,53,13,50,146.00,"7,300.00"
2019-09-09,2019090901006348,CBL,42,13,500,146.00,"73,000.00"
2019-09-09,2019090901006614,CCBL,49,1,292,158.00,"46,136.00"
2019-09-09,2019090901006569,CHCL,35,57,37,435.00,"16,095.00"
2019-09-09,2019090901006545,CHCL,43,57,50,435.00,"21,750.00"
2019-09-09,2019090901006460,CHCL,6,55,200,433.00,"86,600.00"
2019-09-09,2019090901006459,CHCL,16,55,200,433.00,"86,600.00"
2019-09-09,2019090901006458,CHCL,59,55,100,433.00,"43,300.00"
2019-09-09,2019090901006457,CHCL,39,55,500,433.00,"216,500.00"
2019-09-09,2019090901006456,CHCL,6,55,100,434.00,"43,400.00"
2019-09-09,2019090901006455,CHCL,16,55,20,434.00,"8,680.00"
2019-09-09,2019090901006454,CHCL,53,55,227,434.00,"98,518.00"
2019-09-09,2019090901006453,CHCL,45,55,50,435.00,"21,750.00"
2019-09-09,2019090901006414,CHCL,45,29,50,435.00,"21,750.00"
2019-09-09,2019090901006812,CMF1,29,50,250,9.62,"2,405.00"
2019-09-09,2019090901006822,CZBIL,16,53,872,222.00,"193,584.00"
2019-09-09,2019090901006821,CZBIL,16,34,400,222.00,"88,800.00"
2019-09-09,2019090901006820,CZBIL,16,47,500,222.00,"111,000.00"
2019-09-09,2019090901006819,CZBIL,16,19,103,222.00,"22,866.00"
2019-09-09,2019090901006818,CZBIL,16,52,235,222.00,"52,170.00"
2019-09-09,2019090901006814,CZBIL,14,52,65,222.00,"14,430.00"
2019-09-09,2019090901006813,CZBIL,14,55,135,222.00,"29,970.00"
2019-09-09,2019090901006568,CZBIL,1,16,339,221.00,"74,919.00"
2019-09-09,2019090901006539,DDBL,45,1,100,716.00,"71,600.00"
2019-09-09,2019090901006834,EBL,49,32,58,602.00,"34,916.00"
2019-09-09,2019090901006793,EBL,49,42,100,602.00,"60,200.00"
2019-09-09,2019090901006661,EBL,49,48,20,602.00,"12,040.00"
2019-09-09,2019090901006574,EBL,25,41,10,609.00,"6,090.00"
2019-09-09,2019090901006461,EBL,45,14,494,602.00,"297,388.00"
2019-09-09,2019090901006439,EBL,56,14,150,602.00,"90,300.00"
2019-09-09,2019090901006756,FMDBL,44,25,25,379.00,"9,475.00"
2019-09-09,2019090901006600,GBBL,49,55,"1,265",212.00,"268,180.00"
2019-09-09,2019090901006567,GBLBS,56,52,20,334.00,"6,680.00"
2019-09-09,2019090901006566,GBLBS,32,52,255,334.00,"85,170.00"
2019-09-09,2019090901006565,GBLBS,36,52,15,334.00,"5,010.00"
2019-09-09,2019090901006564,GBLBS,35,52,10,334.00,"3,340.00"
2019-09-09,2019090901006546,GDBL,40,49,10,208.00,"2,080.00"
2019-09-09,2019090901006513,GDBL,40,44,368,208.00,"76,544.00"
2019-09-09,2019090901006385,GFCL,44,11,500,137.00,"68,500.00"
2019-09-09,2019090901006382,GFCL,45,11,253,138.00,"34,914.00"
2019-09-09,2019090901006832,GLBSL,38,39,50,473.00,"23,650.00"
2019-09-09,2019090901006831,GLBSL,38,36,10,470.00,"4,700.00"
2019-09-09,2019090901006830,GLBSL,38,54,10,470.00,"4,700.00"
2019-09-09,2019090901006829,GLBSL,38,54,10,470.00,"4,700.00"
2019-09-09,2019090901006828,GLBSL,38,54,10,470.00,"4,700.00"
2019-09-09,2019090901006345,GLBSL,39,58,10,464.00,"4,640.00"
2019-09-09,2019090901006762,GMFBS,14,34,10,501.00,"5,010.00"
2019-09-09,2019090901006749,GMFBS,39,25,10,510.00,"5,100.00"
2019-09-09,2019090901006748,GMFBS,39,37,10,509.00,"5,090.00"
2019-09-09,2019090901006747,GMFBS,39,17,10,506.00,"5,060.00"
2019-09-09,2019090901006746,GMFBS,39,45,10,506.00,"5,060.00"
2019-09-09,2019090901006395,GMFBS,52,45,10,503.00,"5,030.00"
2019-09-09,2019090901006739,GMFIL,56,26,300,117.00,"35,100.00"
2019-09-09,2019090901006738,GRDBL,45,43,20,106.00,"2,120.00"
2019-09-09,2019090901006350,GUFL,44,47,250,116.00,"29,000.00"
2019-09-09,2019090901006349,GUFL,43,47,250,117.00,"29,250.00"
2019-09-09,2019090901006444,HBL,25,56,20,535.00,"10,700.00"
2019-09-09,2019090901006361,HGI,41,57,21,288.00,"6,048.00"
2019-09-09,2019090901006677,HIDCL,56,40,522,137.00,"71,514.00"
2019-09-09,2019090901006638,HIDCL,29,45,27,136.00,"3,672.00"
2019-09-09,2019090901006570,HIDCL,29,3,190,136.00,"25,840.00"
2019-09-09,2019090901006556,HIDCL,29,49,61,136.00,"8,296.00"
2019-09-09,2019090901006360,ICFC,50,47,530,159.00,"84,270.00"
2019-09-09,2019090901006359,ICFC,40,47,20,160.00,"3,200.00"
2019-09-09,2019090901006785,ILBS,1,38,10,438.00,"4,380.00"
2019-09-09,2019090901006623,ILBS,1,34,10,438.00,"4,380.00"
2019-09-09,2019090901006613,ILBS,1,49,10,438.00,"4,380.00"
2019-09-09,2019090901006427,ILBS,1,58,10,438.00,"4,380.00"
2019-09-09,2019090901006387,ILBS,52,44,10,445.00,"4,450.00"
2019-09-09,2019090901006386,ILBS,52,55,10,443.00,"4,430.00"
2019-09-09,2019090901006780,JBBL,49,59,10,160.00,"1,600.00"
2019-09-09,2019090901006609,JBBL,49,49,366,159.00,"58,194.00"
2019-09-09,2019090901006393,JBBL,50,47,"1,117",158.00,"176,486.00"
2019-09-09,2019090901006764,JFL,50,58,300,200.00,"60,000.00"
2019-09-09,2019090901006763,JFL,50,25,200,200.00,"40,000.00"
2019-09-09,2019090901006683,JFL,41,56,360,199.00,"71,640.00"
2019-09-09,2019090901006555,JFL,14,56,100,199.00,"19,900.00"
2019-09-09,2019090901006542,JFL,55,56,150,199.00,"29,850.00"
2019-09-09,2019090901006541,JFL,55,26,50,199.00,"9,950.00"
2019-09-09,2019090901006412,JFL,14,26,100,199.00,"19,900.00"
2019-09-09,2019090901006396,JFL,49,26,100,199.00,"19,900.00"
2019-09-09,2019090901006805,KBL,14,43,200,204.00,"40,800.00"
2019-09-09,2019090901006801,KBL,49,49,"3,800",203.00,"771,400.00"
2019-09-09,2019090901006713,KBL,6,43,10,204.00,"2,040.00"
2019-09-09,2019090901006607,KBL,22,39,30,203.00,"6,090.00"
2019-09-09,2019090901006606,KBL,51,39,100,203.00,"20,300.00"
2019-09-09,2019090901006605,KBL,32,39,100,203.00,"20,300.00"
2019-09-09,2019090901006448,KBL,45,8,98,204.00,"19,992.00"
2019-09-09,2019090901006604,KBL,18,39,500,203.00,"101,500.00"
2019-09-09,2019090901006603,KBL,34,39,100,203.00,"20,300.00"
2019-09-09,2019090901006602,KBL,41,39,481,203.00,"97,643.00"
2019-09-09,2019090901006492,KBL,41,29,19,203.00,"3,857.00"
2019-09-09,2019090901006491,KBL,33,29,81,203.00,"16,443.00"
2019-09-09,2019090901006449,KBL,45,43,102,204.00,"20,808.00"
2019-09-09,2019090901006631,KKHC,11,29,10,54.00,540.00
2019-09-09,2019090901006430,KPCL,19,58,10,78.00,780.00
2019-09-09,2019090901006384,KRBL,42,22,10,106.00,"1,060.00"
2019-09-09,2019090901006558,KSBBL,55,44,"2,000",140.00,"280,000.00"
2019-09-09,2019090901006705,LBBL,51,52,20,175.00,"3,500.00"
2019-09-09,2019090901006784,LBL,49,49,"2,500",214.00,"535,000.00"
2019-09-09,2019090901006783,LBL,49,52,267,214.00,"57,138.00"
2019-09-09,2019090901006343,LBL,42,53,300,214.00,"64,200.00"
2019-09-09,2019090901006431,MBL,1,14,194,251.00,"48,694.00"
2019-09-09,2019090901006447,MEGA,34,36,400,198.00,"79,200.00"
2019-09-09,2019090901006437,MEGA,34,36,19,198.00,"3,762.00"
2019-09-09,2019090901006436,MEGA,34,3,100,198.00,"19,800.00"
2019-09-09,2019090901006462,MEGA,45,36,200,198.00,"39,600.00"
2019-09-09,2019090901006617,MEGA,46,36,81,198.00,"16,038.00"
2019-09-09,2019090901006757,MEGA,49,43,200,199.00,"39,800.00"
2019-09-09,2019090901006358,MLBL,36,7,330,210.00,"69,300.00"
2019-09-09,2019090901006357,MLBL,36,14,400,210.00,"84,000.00"
2019-09-09,2019090901006356,MLBL,36,13,"1,000",210.00,"210,000.00"
2019-09-09,2019090901006355,MLBL,36,36,129,210.00,"27,090.00"
2019-09-09,2019090901006560,MNBBL,54,14,147,314.00,"46,158.00"
2019-09-09,2019090901006559,MNBBL,54,14,252,314.00,"79,128.00"
2019-09-09,2019090901006553,MNBBL,54,58,50,313.00,"15,650.00"
2019-09-09,2019090901006378,MNBBL,58,6,"1,350",313.00,"422,550.00"
2019-09-09,2019090901006685,NABIL,49,49,90,776.00,"69,840.00"
2019-09-09,2019090901006562,NABIL,49,6,410,775.00,"317,750.00"
2019-09-09,2019090901006418,NABIL,25,14,12,774.00,"9,288.00"
2019-09-09,2019090901006732,NADEP,38,57,20,464.00,"9,280.00"
2019-09-09,2019090901006731,NADEP,38,58,100,462.00,"46,200.00"
2019-09-09,2019090901006730,NADEP,38,48,10,460.00,"4,600.00"
2019-09-09,2019090901006729,NADEP,38,45,15,460.00,"6,900.00"
2019-09-09,2019090901006548,NBB,51,19,85,210.00,"17,850.00"
2019-09-09,2019090901006547,NBB,51,51,34,210.00,"7,140.00"
2019-09-09,2019090901006520,NBB,22,1,86,209.00,"17,974.00"
2019-09-09,2019090901006519,NBB,43,1,200,209.00,"41,800.00"
2019-09-09,2019090901006518,NBB,56,1,100,209.00,"20,900.00"
2019-09-09,2019090901006517,NBB,8,1,500,209.00,"104,500.00"
2019-09-09,2019090901006516,NBB,3,1,14,209.00,"2,926.00"
2019-09-09,2019090901006753,NBL,6,21,40,317.00,"12,680.00"
2019-09-09,2019090901006752,NBL,50,21,100,317.00,"31,700.00"
2019-09-09,2019090901006751,NBL,8,21,60,317.00,"19,020.00"
2019-09-09,2019090901006711,NBL,36,42,23,318.00,"7,314.00"
2019-09-09,2019090901006391,NBL,8,51,10,317.00,"3,170.00"
2019-09-09,2019090901006390,NBL,8,5,30,317.00,"9,510.00"
2019-09-09,2019090901006379,NBL,57,5,200,317.00,"63,400.00"
2019-09-09,2019090901006826,NCCB,44,1,500,201.00,"100,500.00"
2019-09-09,2019090901006825,NCCB,44,57,721,201.00,"144,921.00"
2019-09-09,2019090901006824,NCCB,44,1,965,201.00,"193,965.00"
2019-09-09,2019090901006772,NCCB,21,1,300,201.00,"60,300.00"
2019-09-09,2019090901006771,NCCB,57,1,500,201.00,"100,500.00"
2019-09-09,2019090901006770,NCCB,1,1,800,201.00,"160,800.00"
2019-09-09,2019090901006769,NCCB,3,1,435,201.00,"87,435.00"
2019-09-09,2019090901006531,NCCB,3,1,500,201.00,"100,500.00"
2019-09-09,2019090901006411,NHPC,14,56,10,56.00,560.00
2019-09-09,2019090901006367,NHPC,39,56,10,55.00,550.00
2019-09-09,2019090901006788,NIB,28,5,19,446.00,"8,474.00"
2019-09-09,2019090901006787,NIB,59,5,10,448.00,"4,480.00"
2019-09-09,2019090901006466,NIBLPF,22,43,404,6.81,"2,751.24"
2019-09-09,2019090901006792,NICA,47,57,433,449.00,"194,417.00"
2019-09-09,2019090901006791,NICA,47,14,67,449.00,"30,083.00"
2019-09-09,2019090901006715,NICA,11,41,100,448.00,"44,800.00"
2019-09-09,2019090901006642,NICA,44,14,33,449.00,"14,817.00"
2019-09-09,2019090901006615,NICA,11,32,300,448.00,"134,400.00"
2019-09-09,2019090901006802,NICGF,22,50,250,8.60,"2,150.00"
2019-09-09,2019090901006473,NICL,36,38,300,276.00,"82,800.00"
2019-09-09,2019090901006719,NIL,13,35,100,382.00,"38,200.00"
2019-09-09,2019090901006552,NIL,13,38,320,383.00,"122,560.00"
2019-09-09,2019090901006525,NLBBL,45,21,19,512.00,"9,728.00"
2019-09-09,2019090901006620,NLG,49,35,60,578.00,"34,680.00"
2019-09-09,2019090901006619,NLG,17,35,20,580.00,"11,600.00"
2019-09-09,2019090901006618,NLG,16,35,20,581.00,"11,620.00"
2019-09-09,2019090901006682,NLIC,4,17,36,799.00,"28,764.00"
2019-09-09,2019090901006681,NLIC,4,6,33,799.00,"26,367.00"
2019-09-09,2019090901006680,NLIC,4,34,31,798.00,"24,738.00"
2019-09-09,2019090901006627,NLIC,45,4,150,796.00,"119,400.00"
2019-09-09,2019090901006796,NMFBS,49,49,15,"1,553.00","23,295.00"
2019-09-09,2019090901006557,NTC,8,8,"2,100",632.00,"1,327,200.00"
2019-09-09,2019090901006469,NTC,8,48,10,632.00,"6,320.00"
2019-09-09,2019090901006383,NTC,25,49,10,640.00,"6,400.00"
2019-09-09,2019090901006354,NTC,8,8,"1,155",632.00,"729,960.00"
2019-09-09,2019090901006353,NTC,13,8,50,632.00,"31,600.00"
2019-09-09,2019090901006536,PIC,35,45,11,393.00,"4,323.00"
2019-09-09,2019090901006535,PIC,39,45,10,394.00,"3,940.00"
2019-09-09,2019090901006374,PLIC,54,25,30,395.00,"11,850.00"
2019-09-09,2019090901006373,PLIC,1,25,300,395.00,"118,500.00"
2019-09-09,2019090901006372,PLIC,42,25,50,395.00,"19,750.00"
2019-09-09,2019090901006371,PLIC,57,25,50,395.00,"19,750.00"
2019-09-09,2019090901006370,PLIC,1,25,450,395.00,"177,750.00"
2019-09-09,2019090901006369,PLIC,45,25,100,395.00,"39,500.00"
2019-09-09,2019090901006368,PLIC,35,25,20,396.00,"7,920.00"
2019-09-09,2019090901006472,PMHPL,45,28,10,99.00,990.00
2019-09-09,2019090901006807,PRVU,45,49,300,263.00,"78,900.00"
2019-09-09,2019090901006596,PRVU,17,1,500,264.00,"132,000.00"
2019-09-09,2019090901006463,PRVU,34,46,363,265.00,"96,195.00"
2019-09-09,2019090901006551,RHPC,58,45,19,83.00,"1,577.00"
2019-09-09,2019090901006833,RHPL,57,49,40,166.00,"6,640.00"
2019-09-09,2019090901006797,RHPL,57,5,40,166.00,"6,640.00"
2019-09-09,2019090901006790,RHPL,57,38,40,166.00,"6,640.00"
2019-09-09,2019090901006761,RHPL,57,38,50,166.00,"8,300.00"
2019-09-09,2019090901006728,RHPL,32,51,20,167.00,"3,340.00"
2019-09-09,2019090901006727,RHPL,32,55,20,167.00,"3,340.00"
2019-09-09,2019090901006392,RHPL,37,8,30,167.00,"5,010.00"
2019-09-09,2019090901006643,RHPL,57,45,40,166.00,"6,640.00"
2019-09-09,2019090901006529,RHPL,8,55,20,167.00,"3,340.00"
2019-09-09,2019090901006528,RHPL,8,8,20,167.00,"3,340.00"
2019-09-09,2019090901006527,RHPL,8,37,30,167.00,"5,010.00"
2019-09-09,2019090901006526,RHPL,8,8,30,167.00,"5,010.00"
2019-09-09,2019090901006482,RHPL,57,45,40,166.00,"6,640.00"
2019-09-09,2019090901006561,RLFL,51,45,41,115.00,"4,715.00"
2019-09-09,2019090901006499,RLFL,51,45,41,115.00,"4,715.00"
2019-09-09,2019090901006445,RRHP,22,38,10,104.00,"1,040.00"
2019-09-09,2019090901006413,RRHP,22,38,10,104.00,"1,040.00"
2019-09-09,2019090901006342,RRHP,22,47,10,105.00,"1,050.00"
2019-09-09,2019090901006341,RRHP,22,48,10,104.00,"1,040.00"
2019-09-09,2019090901006429,RSDC,43,35,41,341.00,"13,981.00"
2019-09-09,2019090901006428,RSDC,43,32,20,340.00,"6,800.00"
2019-09-09,2019090901006803,SABSL,19,49,10,498.00,"4,980.00"
2019-09-09,2019090901006799,SABSL,19,19,10,498.00,"4,980.00"
2019-09-09,2019090901006768,SABSL,40,38,10,494.00,"4,940.00"
2019-09-09,2019090901006742,SABSL,40,34,10,494.00,"4,940.00"
2019-09-09,2019090901006741,SABSL,40,14,10,494.00,"4,940.00"
2019-09-09,2019090901006687,SABSL,40,40,10,494.00,"4,940.00"
2019-09-09,2019090901006442,SABSL,40,58,10,493.00,"4,930.00"
2019-09-09,2019090901006398,SABSL,40,43,10,493.00,"4,930.00"
2019-09-09,2019090901006381,SABSL,52,22,10,494.00,"4,940.00"
2019-09-09,2019090901006500,SABSL,16,55,10,494.00,"4,940.00"
2019-09-09,2019090901006489,SABSL,16,36,10,494.00,"4,940.00"
2019-09-09,2019090901006488,SABSL,16,36,10,494.00,"4,940.00"
2019-09-09,2019090901006487,SABSL,16,55,10,493.00,"4,930.00"
2019-09-09,2019090901006452,SABSL,4,21,10,493.00,"4,930.00"
2019-09-09,2019090901006451,SABSL,4,38,10,493.00,"4,930.00"
2019-09-09,2019090901006648,SABSL,19,39,10,494.00,"4,940.00"
2019-09-09,2019090901006611,SABSL,28,39,10,493.00,"4,930.00"
2019-09-09,2019090901006599,SABSL,5,43,10,494.00,"4,940.00"
2019-09-09,2019090901006521,SABSL,16,34,10,494.00,"4,940.00"
2019-09-09,2019090901006510,SABSL,16,49,10,494.00,"4,940.00"
2019-09-09,2019090901006507,SABSL,16,43,10,494.00,"4,940.00"
2019-09-09,2019090901006654,SABSL,19,41,10,495.00,"4,950.00"
2019-09-09,2019090901006653,SABSL,19,36,10,495.00,"4,950.00"
2019-09-09,2019090901006652,SABSL,19,52,10,495.00,"4,950.00"
2019-09-09,2019090901006651,SABSL,19,54,10,495.00,"4,950.00"
2019-09-09,2019090901006650,SABSL,19,54,10,495.00,"4,950.00"
2019-09-09,2019090901006649,SABSL,19,39,10,494.00,"4,940.00"
2019-09-09,2019090901006660,SABSL,19,14,10,498.00,"4,980.00"
2019-09-09,2019090901006659,SABSL,19,19,10,498.00,"4,980.00"
2019-09-09,2019090901006658,SABSL,19,6,10,497.00,"4,970.00"
2019-09-09,2019090901006657,SABSL,19,55,10,496.00,"4,960.00"
2019-09-09,2019090901006656,SABSL,19,36,10,495.00,"4,950.00"
2019-09-09,2019090901006655,SABSL,19,49,10,495.00,"4,950.00"
2019-09-09,2019090901006827,SADBL,10,42,100,140.00,"14,000.00"
2019-09-09,2019090901006635,SADBL,45,42,20,140.00,"2,800.00"
2019-09-09,2019090901006758,SBI,25,48,20,423.00,"8,460.00"
2019-09-09,2019090901006646,SBI,25,44,10,431.00,"4,310.00"
2019-09-09,2019090901006624,SBI,45,44,10,431.00,"4,310.00"
2019-09-09,2019090901006595,SBI,10,36,"2,758",420.00,"1,158,360.00"
2019-09-09,2019090901006594,SBI,43,36,100,420.00,"42,000.00"
2019-09-09,2019090901006593,SBI,41,36,50,420.00,"21,000.00"
2019-09-09,2019090901006580,SBI,45,36,129,421.00,"54,309.00"
2019-09-09,2019090901006579,SBI,45,36,100,422.00,"42,200.00"
2019-09-09,2019090901006578,SBI,40,36,200,422.00,"84,400.00"
2019-09-09,2019090901006577,SBI,35,36,50,422.00,"21,100.00"
2019-09-09,2019090901006576,SBI,22,36,20,422.00,"8,440.00"
2019-09-09,2019090901006586,SBI,22,36,100,421.00,"42,100.00"
2019-09-09,2019090901006585,SBI,20,36,100,421.00,"42,100.00"
2019-09-09,2019090901006584,SBI,19,36,50,421.00,"21,050.00"
2019-09-09,2019090901006583,SBI,42,36,200,421.00,"84,200.00"
2019-09-09,2019090901006582,SBI,32,36,515,421.00,"216,815.00"
2019-09-09,2019090901006581,SBI,45,36,13,421.00,"5,473.00"
2019-09-09,2019090901006592,SBI,34,36,175,420.00,"73,500.00"
2019-09-09,2019090901006591,SBI,28,36,100,420.00,"42,000.00"
2019-09-09,2019090901006590,SBI,21,36,200,420.00,"84,000.00"
2019-09-09,2019090901006589,SBI,45,36,100,420.00,"42,000.00"
2019-09-09,2019090901006588,SBI,32,36,100,420.00,"42,000.00"
2019-09-09,2019090901006587,SBI,45,36,20,420.00,"8,400.00"
2019-09-09,2019090901006754,SBL,33,1,60,313.00,"18,780.00"
2019-09-09,2019090901006686,SBL,33,1,90,313.00,"28,170.00"
2019-09-09,2019090901006498,SBL,34,17,300,314.00,"94,200.00"
2019-09-09,2019090901006366,SBL,47,17,175,314.00,"54,950.00"
2019-09-09,2019090901006794,SCB,57,20,190,597.00,"113,430.00"
2019-09-09,2019090901006789,SCB,13,20,80,597.00,"47,760.00"
2019-09-09,2019090901006767,SCB,42,16,100,596.00,"59,600.00"
2019-09-09,2019090901006745,SCB,3,20,105,597.00,"62,685.00"
2019-09-09,2019090901006478,SCB,5,20,100,597.00,"59,700.00"
2019-09-09,2019090901006477,SCB,32,20,85,598.00,"50,830.00"
2019-09-09,2019090901006476,SCB,11,20,100,598.00,"59,800.00"
2019-09-09,2019090901006708,SCB,26,20,20,597.00,"11,940.00"
2019-09-09,2019090901006506,SCB,35,20,200,597.00,"119,400.00"
2019-09-09,2019090901006480,SCB,26,20,20,597.00,"11,940.00"
2019-09-09,2019090901006479,SCB,38,20,100,597.00,"59,700.00"
2019-09-09,2019090901006515,SEF,8,25,"6,000",8.90,"53,400.00"
2019-09-09,2019090901006497,SHIVM,51,25,260,536.00,"139,360.00"
2019-09-09,2019090901006496,SHIVM,51,6,40,535.00,"21,400.00"
2019-09-09,2019090901006495,SHIVM,51,41,50,535.00,"26,750.00"
2019-09-09,2019090901006494,SHIVM,51,19,100,534.00,"53,400.00"
2019-09-09,2019090901006493,SHIVM,51,41,50,534.00,"26,700.00"
2019-09-09,2019090901006426,SHIVM,38,3,100,533.00,"53,300.00"
2019-09-09,2019090901006425,SHIVM,38,22,20,533.00,"10,660.00"
2019-09-09,2019090901006485,SHPC,42,3,39,209.00,"8,151.00"
2019-09-09,2019090901006641,SIC,48,35,100,525.00,"52,500.00"
2019-09-09,2019090901006417,SIFC,6,25,100,152.00,"15,200.00"
2019-09-09,2019090901006416,SIFC,26,25,500,152.00,"76,000.00"
2019-09-09,2019090901006836,SJCL,43,34,10,181.00,"1,810.00"
2019-09-09,2019090901006835,SJCL,43,7,10,181.00,"1,810.00"
2019-09-09,2019090901006816,SJCL,43,21,20,181.00,"3,620.00"
2019-09-09,2019090901006815,SJCL,43,7,10,181.00,"1,810.00"
2019-09-09,2019090901006800,SJCL,43,53,10,181.00,"1,810.00"
2019-09-09,2019090901006798,SJCL,43,14,10,181.00,"1,810.00"
2019-09-09,2019090901006380,SJCL,21,43,10,181.00,"1,810.00"
2019-09-09,2019090901006365,SJCL,21,51,10,181.00,"1,810.00"
2019-09-09,2019090901006433,SJCL,28,38,20,181.00,"3,620.00"
2019-09-09,2019090901006432,SJCL,28,7,10,181.00,"1,810.00"
2019-09-09,2019090901006399,SJCL,28,38,20,181.00,"3,620.00"
2019-09-09,2019090901006397,SJCL,42,49,10,183.00,"1,830.00"
2019-09-09,2019090901006389,SJCL,28,43,10,181.00,"1,810.00"
2019-09-09,2019090901006388,SJCL,7,43,10,181.00,"1,810.00"
2019-09-09,2019090901006450,SJCL,28,58,20,181.00,"3,620.00"
2019-09-09,2019090901006441,SJCL,28,38,20,181.00,"3,620.00"
2019-09-09,2019090901006440,SJCL,28,7,10,181.00,"1,810.00"
2019-09-09,2019090901006486,SJCL,28,7,10,181.00,"1,810.00"
2019-09-09,2019090901006484,SJCL,28,49,20,181.00,"3,620.00"
2019-09-09,2019090901006474,SJCL,28,7,10,181.00,"1,810.00"
2019-09-09,2019090901006470,SJCL,28,7,10,181.00,"1,810.00"
2019-09-09,2019090901006464,SJCL,1,49,10,183.00,"1,830.00"
2019-09-09,2019090901006538,SJCL,28,7,10,181.00,"1,810.00"
2019-09-09,2019090901006522,SJCL,28,49,20,181.00,"3,620.00"
2019-09-09,2019090901006511,SJCL,28,7,10,181.00,"1,810.00"
2019-09-09,2019090901006505,SJCL,28,45,20,181.00,"3,620.00"
2019-09-09,2019090901006503,SJCL,28,7,10,181.00,"1,810.00"
2019-09-09,2019090901006490,SJCL,28,51,20,181.00,"3,620.00"
2019-09-09,2019090901006612,SJCL,28,7,10,181.00,"1,810.00"
2019-09-09,2019090901006608,SJCL,28,34,20,181.00,"3,620.00"
2019-09-09,2019090901006598,SJCL,28,7,10,181.00,"1,810.00"
2019-09-09,2019090901006571,SJCL,28,49,20,181.00,"3,620.00"
2019-09-09,2019090901006563,SJCL,28,7,10,181.00,"1,810.00"
2019-09-09,2019090901006549,SJCL,28,7,10,181.00,"1,810.00"
2019-09-09,2019090901006639,SJCL,28,34,20,181.00,"3,620.00"
2019-09-09,2019090901006637,SJCL,28,34,10,181.00,"1,810.00"
2019-09-09,2019090901006636,SJCL,28,7,10,181.00,"1,810.00"
2019-09-09,2019090901006633,SJCL,28,34,20,181.00,"3,620.00"
2019-09-09,2019090901006626,SJCL,28,7,10,181.00,"1,810.00"
2019-09-09,2019090901006684,SJCL,28,34,10,181.00,"1,810.00"
2019-09-09,2019090901006679,SJCL,28,34,20,181.00,"3,620.00"
2019-09-09,2019090901006678,SJCL,28,7,10,181.00,"1,810.00"
2019-09-09,2019090901006647,SJCL,28,45,20,181.00,"3,620.00"
2019-09-09,2019090901006645,SJCL,28,7,10,181.00,"1,810.00"
2019-09-09,2019090901006644,SJCL,28,49,20,181.00,"3,620.00"
2019-09-09,2019090901006709,SJCL,43,34,20,181.00,"3,620.00"
2019-09-09,2019090901006704,SJCL,43,7,10,181.00,"1,810.00"
2019-09-09,2019090901006697,SJCL,43,34,20,181.00,"3,620.00"
2019-09-09,2019090901006694,SJCL,43,7,10,181.00,"1,810.00"
2019-09-09,2019090901006689,SJCL,43,34,20,181.00,"3,620.00"
2019-09-09,2019090901006688,SJCL,28,7,10,181.00,"1,810.00"
2019-09-09,2019090901006795,SJCL,43,38,10,181.00,"1,810.00"
2019-09-09,2019090901006782,SJCL,43,14,10,181.00,"1,810.00"
2019-09-09,2019090901006776,SJCL,43,38,20,181.00,"3,620.00"
2019-09-09,2019090901006721,SJCL,43,34,10,181.00,"1,810.00"
2019-09-09,2019090901006717,SJCL,43,34,20,181.00,"3,620.00"
2019-09-09,2019090901006363,SLBBL,1,51,88,556.00,"48,928.00"
2019-09-09,2019090901006630,SLICL,14,35,70,282.00,"19,740.00"
2019-09-09,2019090901006629,SLICL,56,35,14,282.00,"3,948.00"
2019-09-09,2019090901006628,SLICL,35,35,16,283.00,"4,528.00"
2019-09-09,2019090901006424,SLICL,35,17,54,283.00,"15,282.00"
2019-09-09,2019090901006423,SLICL,19,17,100,283.00,"28,300.00"
2019-09-09,2019090901006422,SLICL,36,17,278,283.00,"78,674.00"
2019-09-09,2019090901006421,SLICL,49,17,500,284.00,"142,000.00"
2019-09-09,2019090901006420,SLICL,22,17,50,284.00,"14,200.00"
2019-09-09,2019090901006419,SLICL,19,17,18,285.00,"5,130.00"
2019-09-09,2019090901006347,SLICL,19,38,32,285.00,"9,120.00"
2019-09-09,2019090901006346,SLICL,13,38,100,285.00,"28,500.00"
2019-09-09,2019090901006352,SMB,38,38,10,449.00,"4,490.00"
2019-09-09,2019090901006823,SMFBS,33,25,20,800.00,"16,000.00"
2019-09-09,2019090901006676,SMFBS,32,49,10,796.00,"7,960.00"
2019-09-09,2019090901006504,SMFBS,32,34,10,796.00,"7,960.00"
2019-09-09,2019090901006750,SPARS,40,40,10,583.00,"5,830.00"
2019-09-09,2019090901006734,SPARS,40,40,10,583.00,"5,830.00"
2019-09-09,2019090901006706,SPARS,40,40,10,583.00,"5,830.00"
2019-09-09,2019090901006692,SRBL,16,1,124,229.00,"28,396.00"
2019-09-09,2019090901006691,SRBL,51,1,33,229.00,"7,557.00"
2019-09-09,2019090901006690,SRBL,32,1,43,229.00,"9,847.00"
2019-09-09,2019090901006781,UIC,43,38,300,272.00,"81,600.00"
2019-09-09,2019090901006703,UIC,52,17,20,272.00,"5,440.00"
2019-09-09,2019090901006714,UNHPL,22,22,50,55.00,"2,750.00"
2019-09-09,2019090901006775,UPPER,11,59,55,243.00,"13,365.00"
2019-09-09,2019090901006774,UPPER,11,1,60,243.00,"14,580.00"
2019-09-09,2019090901006724,UPPER,21,5,40,242.00,"9,680.00"
2019-09-09,2019090901006723,UPPER,49,5,10,242.00,"2,420.00"
2019-09-09,2019090901006698,UPPER,40,1,60,243.00,"14,580.00"
2019-09-09,2019090901006634,UPPER,40,8,50,243.00,"12,150.00"
2019-09-09,2019090901006340,UPPER,55,59,150,243.00,"36,450.00"
2019-09-09,2019090901006339,UPPER,55,55,400,243.00,"97,200.00"
2019-09-09,2019090901006338,UPPER,55,1,40,243.00,"9,720.00"
2019-09-09,2019090901006337,UPPER,55,33,50,243.00,"12,150.00"
2019-09-09,2019090901006625,UPPER,40,8,50,243.00,"12,150.00"
2019-09-09,2019090901006534,UPPER,40,49,40,243.00,"9,720.00"
2019-09-09,2019090901006377,UPPER,1,6,10,244.00,"2,440.00"
2019-09-09,2019090901006364,UPPER,38,38,40,243.00,"9,720.00"
2019-09-09,2019090901006696,VLBS,51,43,50,580.00,"29,000.00"
2019-09-09,2019090901006622,VLBS,58,22,10,580.00,"5,800.00"
2019-09-09,2019090901006276,ADBL,57,36,300,418.00,"125,400.00"
2019-09-09,2019090901006183,ADBL,11,22,61,417.00,"25,437.00"
2019-09-09,2019090901006042,ADBL,11,36,150,417.00,"62,550.00"
2019-09-09,2019090901006041,ADBL,42,36,100,417.00,"41,700.00"
2019-09-09,2019090901005935,ADBL,33,58,"1,000",418.00,"418,000.00"
2019-09-09,2019090901005837,ADBL,14,22,14,416.00,"5,824.00"
2019-09-09,2019090901006180,AHPC,45,45,50,99.00,"4,950.00"
2019-09-09,2019090901006310,AKBSL,14,48,10,466.00,"4,660.00"
2019-09-09,2019090901006275,AKBSL,39,43,10,465.00,"4,650.00"
2019-09-09,2019090901006274,AKBSL,39,35,10,465.00,"4,650.00"
2019-09-09,2019090901006273,AKBSL,39,34,10,465.00,"4,650.00"
2019-09-09,2019090901006272,AKBSL,39,36,10,465.00,"4,650.00"
2019-09-09,2019090901006271,AKBSL,39,43,10,465.00,"4,650.00"
2019-09-09,2019090901005873,AKBSL,36,39,10,465.00,"4,650.00"
2019-09-09,2019090901005871,AKBSL,36,28,10,465.00,"4,650.00"
2019-09-09,2019090901005857,AKBSL,36,39,10,465.00,"4,650.00"
2019-09-09,2019090901005854,AKBSL,36,28,10,465.00,"4,650.00"
2019-09-09,2019090901005852,AKBSL,36,21,10,465.00,"4,650.00"
2019-09-09,2019090901005911,AKBSL,6,28,10,465.00,"4,650.00"
2019-09-09,2019090901005903,AKBSL,36,28,10,465.00,"4,650.00"
2019-09-09,2019090901005888,AKBSL,36,28,10,465.00,"4,650.00"
2019-09-09,2019090901005886,AKBSL,36,39,10,465.00,"4,650.00"
2019-09-09,2019090901005876,AKBSL,36,57,10,465.00,"4,650.00"
2019-09-09,2019090901005875,AKBSL,36,21,10,465.00,"4,650.00"
2019-09-09,2019090901005957,AKBSL,51,28,10,465.00,"4,650.00"
2019-09-09,2019090901005956,AKBSL,51,34,10,465.00,"4,650.00"
2019-09-09,2019090901005938,AKBSL,6,28,10,465.00,"4,650.00"
2019-09-09,2019090901005934,AKBSL,6,34,10,465.00,"4,650.00"
2019-09-09,2019090901005930,AKBSL,6,22,10,465.00,"4,650.00"
2019-09-09,2019090901005918,AKBSL,6,28,10,465.00,"4,650.00"
2019-09-09,2019090901005990,AKBSL,58,8,10,465.00,"4,650.00"
2019-09-09,2019090901005987,AKBSL,58,28,10,465.00,"4,650.00"
2019-09-09,2019090901005979,AKBSL,58,28,10,465.00,"4,650.00"
2019-09-09,2019090901005977,AKBSL,51,1,10,465.00,"4,650.00"
2019-09-09,2019090901005971,AKBSL,51,34,10,465.00,"4,650.00"
2019-09-09,2019090901005970,AKBSL,51,28,10,465.00,"4,650.00"
2019-09-09,2019090901006040,AKBSL,32,28,10,465.00,"4,650.00"
2019-09-09,2019090901006036,AKBSL,40,58,10,464.00,"4,640.00"
2019-09-09,2019090901006035,AKBSL,40,8,10,464.00,"4,640.00"
2019-09-09,2019090901006032,AKBSL,40,10,10,464.00,"4,640.00"
2019-09-09,2019090901006017,AKBSL,40,8,10,464.00,"4,640.00"
2019-09-09,2019090901006006,AKBSL,43,28,10,464.00,"4,640.00"
2019-09-09,2019090901006063,AKBSL,40,8,10,464.00,"4,640.00"
2019-09-09,2019090901006056,AKBSL,40,59,10,464.00,"4,640.00"
2019-09-09,2019090901006054,AKBSL,40,8,10,464.00,"4,640.00"
2019-09-09,2019090901006048,AKBSL,40,32,10,464.00,"4,640.00"
2019-09-09,2019090901006045,AKBSL,40,58,10,464.00,"4,640.00"
2019-09-09,2019090901006044,AKBSL,40,8,10,464.00,"4,640.00"
2019-09-09,2019090901006091,AKBSL,40,59,10,464.00,"4,640.00"
2019-09-09,2019090901006083,AKBSL,40,59,10,464.00,"4,640.00"
2019-09-09,2019090901006080,AKBSL,40,8,10,464.00,"4,640.00"
2019-09-09,2019090901006079,AKBSL,40,59,10,464.00,"4,640.00"
2019-09-09,2019090901006071,AKBSL,40,59,10,464.00,"4,640.00"
2019-09-09,2019090901006067,AKBSL,40,58,10,464.00,"4,640.00"
2019-09-09,2019090901006121,AKBSL,39,8,10,463.00,"4,630.00"
2019-09-09,2019090901006099,AKBSL,39,8,10,463.00,"4,630.00"
2019-09-09,2019090901006096,AKBSL,40,59,10,464.00,"4,640.00"
2019-09-09,2019090901006095,AKBSL,40,8,10,464.00,"4,640.00"
2019-09-09,2019090901006093,AKBSL,40,59,10,464.00,"4,640.00"
2019-09-09,2019090901006092,AKBSL,40,8,10,464.00,"4,640.00"
2019-09-09,2019090901006270,AKBSL,39,26,10,465.00,"4,650.00"
2019-09-09,2019090901006262,AKBSL,56,42,10,464.00,"4,640.00"
2019-09-09,2019090901006261,AKBSL,39,53,10,463.00,"4,630.00"
2019-09-09,2019090901006230,AKBSL,39,33,10,463.00,"4,630.00"
2019-09-09,2019090901006166,AKBSL,39,57,10,463.00,"4,630.00"
2019-09-09,2019090901006153,AKBSL,39,8,10,463.00,"4,630.00"
2019-09-09,2019090901006122,AKJCL,41,25,20,58.00,"1,160.00"
2019-09-09,2019090901005936,AKJCL,33,4,20,57.00,"1,140.00"
2019-09-09,2019090901006267,AKPL,19,38,13,144.00,"1,872.00"
2019-09-09,2019090901005945,AKPL,19,4,10,144.00,"1,440.00"
2019-09-09,2019090901006178,ALBSL,57,57,10,441.00,"4,410.00"
2019-09-09,2019090901006132,ALBSL,57,51,70,441.00,"30,870.00"
2019-09-09,2019090901005914,ALBSL,42,21,20,442.00,"8,840.00"
2019-09-09,2019090901006097,ALICL,17,17,23,316.00,"7,268.00"
2019-09-09,2019090901006076,ALICL,17,40,180,316.00,"56,880.00"
2019-09-09,2019090901005853,ALICL,58,14,10,319.00,"3,190.00"
2019-09-09,2019090901006306,API,19,14,88,112.00,"9,856.00"
2019-09-09,2019090901006305,API,16,14,12,112.00,"1,344.00"
2019-09-09,2019090901006105,BOKL,29,18,"1,435",256.00,"367,360.00"
2019-09-09,2019090901006104,BOKL,29,44,158,256.00,"40,448.00"
2019-09-09,2019090901006103,BOKL,29,50,116,256.00,"29,696.00"
2019-09-09,2019090901006038,BOKL,41,17,14,255.00,"3,570.00"
2019-09-09,2019090901005843,BOKL,41,6,906,255.00,"231,030.00"
2019-09-09,2019090901005842,BOKL,41,6,150,255.00,"38,250.00"
2019-09-09,2019090901005841,BOKL,54,6,50,255.00,"12,750.00"
2019-09-09,2019090901005840,BOKL,45,6,20,255.00,"5,100.00"
2019-09-09,2019090901005839,BOKL,1,6,74,255.00,"18,870.00"
2019-09-09,2019090901006213,CBBL,47,4,40,975.00,"39,000.00"
2019-09-09,2019090901006232,CCBL,49,26,"2,000",158.00,"316,000.00"
2019-09-09,2019090901006022,CCBL,49,17,43,158.00,"6,794.00"
2019-09-09,2019090901005921,CCBL,49,26,"2,665",158.00,"421,070.00"
2019-09-09,2019090901005920,CCBL,49,26,335,158.00,"52,930.00"
2019-09-09,2019090901006102,CHCL,53,16,30,434.00,"13,020.00"
2019-09-09,2019090901006241,CORBL,34,42,164,118.00,"19,352.00"
2019-09-09,2019090901006332,CZBIL,42,55,260,222.00,"57,720.00"
2019-09-09,2019090901006331,CZBIL,42,57,180,222.00,"39,960.00"
2019-09-09,2019090901006330,CZBIL,42,34,60,221.00,"13,260.00"
2019-09-09,2019090901006228,CZBIL,38,55,76,220.00,"16,720.00"
2019-09-09,2019090901006227,CZBIL,44,55,710,220.00,"156,200.00"
2019-09-09,2019090901006226,CZBIL,5,55,250,221.00,"55,250.00"
2019-09-09,2019090901005889,CZBIL,1,32,110,220.00,"24,200.00"
2019-09-09,2019090901005870,CZBIL,39,28,990,221.00,"218,790.00"
2019-09-09,2019090901006194,CZBIL,5,56,50,221.00,"11,050.00"
2019-09-09,2019090901006193,CZBIL,42,56,100,221.00,"22,100.00"
2019-09-09,2019090901006192,CZBIL,48,56,350,221.00,"77,350.00"
2019-09-09,2019090901006072,CZBIL,41,57,20,222.00,"4,440.00"
2019-09-09,2019090901005891,CZBIL,44,32,"2,290",220.00,"503,800.00"
2019-09-09,2019090901005890,CZBIL,6,32,100,220.00,"22,000.00"
2019-09-09,2019090901006216,DBBL,45,40,20,132.00,"2,640.00"
2019-09-09,2019090901006176,DBBL,51,16,189,130.00,"24,570.00"
2019-09-09,2019090901006175,DBBL,46,16,100,130.00,"13,000.00"
2019-09-09,2019090901006174,DBBL,22,16,100,130.00,"13,000.00"
2019-09-09,2019090901006173,DBBL,38,16,57,130.00,"7,410.00"
2019-09-09,2019090901006169,DBBL,38,16,43,130.00,"5,590.00"
2019-09-09,2019090901006168,DBBL,56,16,404,130.00,"52,520.00"
2019-09-09,2019090901006119,DBBL,56,16,323,130.00,"41,990.00"
2019-09-09,2019090901006118,DBBL,34,16,100,131.00,"13,100.00"
2019-09-09,2019090901005877,DDBL,58,57,10,724.00,"7,240.00"
2019-09-09,2019090901006238,DHPL,6,14,78,61.00,"4,758.00"
2019-09-09,2019090901006237,DHPL,6,39,22,60.00,"1,320.00"
2019-09-09,2019090901006086,EBL,14,14,100,598.00,"59,800.00"
2019-09-09,2019090901006085,EBL,45,14,20,598.00,"11,960.00"
2019-09-09,2019090901006084,EBL,21,14,90,598.00,"53,820.00"
2019-09-09,2019090901006060,EBL,21,48,10,598.00,"5,980.00"
2019-09-09,2019090901005984,EBL,58,32,10,610.00,"6,100.00"
2019-09-09,2019090901005967,EBL,44,44,"1,000",603.00,"603,000.00"
2019-09-09,2019090901005966,EBL,44,53,272,602.00,"163,744.00"
2019-09-09,2019090901005932,EBL,44,57,240,600.00,"144,000.00"
2019-09-09,2019090901006170,FMDBL,59,38,100,375.00,"37,500.00"
2019-09-09,2019090901005906,FMDBL,16,36,100,374.00,"37,400.00"
2019-09-09,2019090901006034,GBBL,34,50,300,211.00,"63,300.00"
2019-09-09,2019090901006289,GBLBS,35,38,15,334.00,"5,010.00"
2019-09-09,2019090901006225,GBLBS,17,50,100,335.00,"33,500.00"
2019-09-09,2019090901006224,GBLBS,38,50,200,335.00,"67,000.00"
2019-09-09,2019090901006223,GBLBS,58,50,50,335.00,"16,750.00"
2019-09-09,2019090901005919,GBLBS,40,40,5,329.00,"1,645.00"
2019-09-09,2019090901006012,GHL,51,1,20,69.00,"1,380.00"
