Date,Transact. No.,Symbol,Buyer,Seller,Quantity,Rate,Amount
2019-11-03,2019110301003883,ADBL,42,6,60,412.00,"24,720.00"
2019-11-03,2019110301003784,ADBL,41,39,2,412.00,824.00
2019-11-03,2019110301003783,ADBL,45,39,130,412.00,"53,560.00"
2019-11-03,2019110301004072,AKBSL,43,43,10,411.00,"4,110.00"
2019-11-03,2019110301004059,AKBSL,43,58,10,410.00,"4,100.00"
2019-11-03,2019110301004024,AKBSL,48,56,60,408.00,"24,480.00"
2019-11-03,2019110301004023,AKBSL,35,56,10,409.00,"4,090.00"
2019-11-03,2019110301003748,AKBSL,35,44,10,409.00,"4,090.00"
2019-11-03,2019110301003980,AKPL,52,28,46,130.00,"5,980.00"
2019-11-03,2019110301003599,AKPL,25,28,20,130.00,"2,600.00"
2019-11-03,2019110301003937,ALICL,16,19,36,310.00,"11,160.00"
2019-11-03,2019110301003657,ALICL,16,11,648,310.00,"200,880.00"
2019-11-03,2019110301004009,API,25,22,10,110.00,"1,100.00"
2019-11-03,2019110301003990,API,55,34,17,108.00,"1,836.00"
2019-11-03,2019110301003907,API,25,22,17,110.00,"1,870.00"
2019-11-03,2019110301003906,API,25,29,200,109.00,"21,800.00"
2019-11-03,2019110301003905,API,25,8,253,109.00,"27,577.00"
2019-11-03,2019110301003897,API,55,25,736,108.00,"79,488.00"
2019-11-03,2019110301003699,API,21,58,200,109.00,"21,800.00"
2019-11-03,2019110301003698,API,25,58,147,109.00,"16,023.00"
2019-11-03,2019110301003692,API,25,22,20,110.00,"2,200.00"
2019-11-03,2019110301003655,API,25,34,17,109.00,"1,853.00"
2019-11-03,2019110301003896,API,43,25,100,108.00,"10,800.00"
2019-11-03,2019110301003895,API,6,25,83,108.00,"8,964.00"
2019-11-03,2019110301003785,API,6,34,17,108.00,"1,836.00"
2019-11-03,2019110301003723,API,57,8,247,109.00,"26,923.00"
2019-11-03,2019110301003701,API,57,58,253,109.00,"27,577.00"
2019-11-03,2019110301003700,API,51,58,"1,000",109.00,"109,000.00"
2019-11-03,2019110301003981,BOKL,44,25,50,225.00,"11,250.00"
2019-11-03,2019110301003923,BOKL,44,25,50,225.00,"11,250.00"
2019-11-03,2019110301003922,BOKL,21,25,50,225.00,"11,250.00"
2019-11-03,2019110301003824,BOKL,39,43,100,226.00,"22,600.00"
2019-11-03,2019110301003775,BOKL,21,49,450,225.00,"101,250.00"
2019-11-03,2019110301003774,BOKL,44,49,50,225.00,"11,250.00"
2019-11-03,2019110301004012,BPCL,13,28,44,364.00,"16,016.00"
2019-11-03,2019110301003995,BPCL,25,28,10,364.00,"3,640.00"
2019-11-03,2019110301003992,BPCL,33,28,10,364.00,"3,640.00"
2019-11-03,2019110301003702,BPCL,13,34,56,360.00,"20,160.00"
2019-11-03,2019110301003979,CBBL,39,53,100,972.00,"97,200.00"
2019-11-03,2019110301003793,CBBL,13,4,20,971.00,"19,420.00"
2019-11-03,2019110301003634,CBL,29,51,26,142.00,"3,692.00"
2019-11-03,2019110301003587,CBL,29,26,74,142.00,"10,508.00"
2019-11-03,2019110301003586,CBL,42,26,256,142.00,"36,352.00"
2019-11-03,2019110301004039,CCBL,45,34,27,155.00,"4,185.00"
2019-11-03,2019110301004019,CCBL,45,45,122,156.00,"19,032.00"
2019-11-03,2019110301003985,CCBL,45,17,180,155.00,"27,900.00"
2019-11-03,2019110301003984,CCBL,21,17,350,155.00,"54,250.00"
2019-11-03,2019110301003919,CCBL,21,17,11,155.00,"1,705.00"
2019-11-03,2019110301003878,CCBL,21,4,15,155.00,"2,325.00"
2019-11-03,2019110301003877,CCBL,51,4,85,156.00,"13,260.00"
2019-11-03,2019110301003870,CCBL,51,39,106,156.00,"16,536.00"
2019-11-03,2019110301003869,CCBL,51,37,200,156.00,"31,200.00"
2019-11-03,2019110301003868,CCBL,51,13,309,156.00,"48,204.00"
2019-11-03,2019110301003669,CCBL,28,28,2,156.00,312.00
2019-11-03,2019110301003598,CFCL,11,34,97,112.00,"10,864.00"
2019-11-03,2019110301003926,CHCL,25,16,10,433.00,"4,330.00"
2019-11-03,2019110301003838,CHCL,20,22,500,428.00,"214,000.00"
2019-11-03,2019110301003800,CHCL,20,37,50,428.00,"21,400.00"
2019-11-03,2019110301003799,CHCL,20,52,50,428.00,"21,400.00"
2019-11-03,2019110301003798,CHCL,20,49,880,426.00,"374,880.00"
2019-11-03,2019110301003797,CHCL,20,22,500,423.00,"211,500.00"
2019-11-03,2019110301003796,CHCL,20,52,98,423.00,"41,454.00"
2019-11-03,2019110301003795,CHCL,20,42,90,423.00,"38,070.00"
2019-11-03,2019110301003680,CHCL,25,42,10,423.00,"4,230.00"
2019-11-03,2019110301003876,CIT,5,57,38,"1,792.00","68,096.00"
2019-11-03,2019110301003875,CIT,34,57,11,"1,792.00","19,712.00"
2019-11-03,2019110301003874,CIT,14,57,25,"1,793.00","44,825.00"
2019-11-03,2019110301003873,CIT,22,57,30,"1,795.00","53,850.00"
2019-11-03,2019110301003872,CIT,22,57,30,"1,795.00","53,850.00"
2019-11-03,2019110301003871,CIT,25,57,30,"1,796.00","53,880.00"
2019-11-03,2019110301003834,CLBSL,45,34,10,444.00,"4,440.00"
2019-11-03,2019110301003695,CLBSL,7,34,16,444.00,"7,104.00"
2019-11-03,2019110301003901,CZBIL,51,4,380,192.00,"72,960.00"
2019-11-03,2019110301004020,DBBL,42,34,80,125.00,"10,000.00"
2019-11-03,2019110301003622,DBBL,32,34,50,125.00,"6,250.00"
2019-11-03,2019110301003632,DDBL,45,25,73,713.00,"52,049.00"
2019-11-03,2019110301003631,DDBL,35,25,20,713.00,"14,260.00"
2019-11-03,2019110301003630,DDBL,56,25,37,714.00,"26,418.00"
2019-11-03,2019110301003629,DDBL,56,25,159,714.00,"113,526.00"
2019-11-03,2019110301003860,EBL,58,38,10,559.00,"5,590.00"
2019-11-03,2019110301003712,EBL,32,38,50,554.00,"27,700.00"
2019-11-03,2019110301003711,EBL,42,38,600,554.00,"332,400.00"
2019-11-03,2019110301003710,EBL,49,38,500,554.00,"277,000.00"
2019-11-03,2019110301003709,EBL,40,38,250,554.00,"138,500.00"
2019-11-03,2019110301003708,EBL,35,38,30,554.00,"16,620.00"
2019-11-03,2019110301003707,EBL,45,38,20,554.00,"11,080.00"
2019-11-03,2019110301003706,EBL,22,38,79,555.00,"43,845.00"
2019-11-03,2019110301003607,EBL,22,22,876,555.00,"486,180.00"
2019-11-03,2019110301003606,EBL,6,22,50,555.00,"27,750.00"
2019-11-03,2019110301003605,EBL,47,22,24,555.00,"13,320.00"
2019-11-03,2019110301003604,EBL,28,22,50,556.00,"27,800.00"
2019-11-03,2019110301003936,EDBL,32,45,178,265.00,"47,170.00"
2019-11-03,2019110301003935,EDBL,13,45,222,266.00,"59,052.00"
2019-11-03,2019110301003746,EIC,7,14,133,225.00,"29,925.00"
2019-11-03,2019110301003745,EIC,11,14,200,226.00,"45,200.00"
2019-11-03,2019110301003978,FMDBL,47,51,10,309.00,"3,090.00"
2019-11-03,2019110301003862,FOWAD,45,43,10,"1,270.00","12,700.00"
2019-11-03,2019110301004000,GBBL,5,10,173,222.00,"38,406.00"
2019-11-03,2019110301003999,GBBL,5,10,27,222.00,"5,994.00"
2019-11-03,2019110301003679,GBLBS,7,41,365,311.00,"113,515.00"
2019-11-03,2019110301003678,GBLBS,7,51,100,311.00,"31,100.00"
2019-11-03,2019110301003677,GBLBS,7,58,400,310.00,"124,000.00"
2019-11-03,2019110301003676,GBLBS,7,42,15,310.00,"4,650.00"
2019-11-03,2019110301003675,GBLBS,7,42,10,310.00,"3,100.00"
2019-11-03,2019110301003674,GBLBS,7,59,100,309.00,"30,900.00"
2019-11-03,2019110301003673,GBLBS,7,17,10,309.00,"3,090.00"
2019-11-03,2019110301003626,GBLBS,14,1,165,307.00,"50,655.00"
2019-11-03,2019110301003625,GBLBS,8,1,40,307.00,"12,280.00"
2019-11-03,2019110301003624,GBLBS,11,1,50,307.00,"15,350.00"
2019-11-03,2019110301003973,GILB,5,11,80,755.00,"60,400.00"
2019-11-03,2019110301003972,GILB,42,11,20,755.00,"15,100.00"
2019-11-03,2019110301003971,GILB,22,11,100,756.00,"75,600.00"
2019-11-03,2019110301003969,GLBSL,7,44,10,418.00,"4,180.00"
2019-11-03,2019110301003656,HBL,22,40,434,496.00,"215,264.00"
2019-11-03,2019110301004067,HDL,35,5,100,"1,453.00","145,300.00"
2019-11-03,2019110301004066,HDL,35,5,100,"1,453.00","145,300.00"
2019-11-03,2019110301003694,HGI,32,58,34,264.00,"8,976.00"
2019-11-03,2019110301003916,HIDCL,51,57,448,132.00,"59,136.00"
2019-11-03,2019110301003915,HIDCL,52,57,100,132.00,"13,200.00"
2019-11-03,2019110301003914,HIDCL,39,57,900,132.00,"118,800.00"
2019-11-03,2019110301003913,HIDCL,47,57,500,132.00,"66,000.00"
2019-11-03,2019110301003899,HIDCL,52,34,61,132.00,"8,052.00"
2019-11-03,2019110301003715,HIDCL,52,34,138,132.00,"18,216.00"
2019-11-03,2019110301003714,HIDCL,39,34,21,132.00,"2,772.00"
2019-11-03,2019110301003932,HPPL,45,19,10,137.00,"1,370.00"
2019-11-03,2019110301003858,ICFC,40,39,296,160.00,"47,360.00"
2019-11-03,2019110301004068,ILBS,39,55,20,438.00,"8,760.00"
2019-11-03,2019110301004027,ILBS,39,44,10,438.00,"4,380.00"
2019-11-03,2019110301003786,ILBS,17,17,10,439.00,"4,390.00"
2019-11-03,2019110301003646,ILBS,32,55,30,439.00,"13,170.00"
2019-11-03,2019110301003949,JBBL,13,11,239,156.00,"37,284.00"
2019-11-03,2019110301003628,JBBL,58,1,33,155.00,"5,115.00"
2019-11-03,2019110301004038,JFL,32,32,500,192.00,"96,000.00"
2019-11-03,2019110301003951,KBL,50,4,140,180.00,"25,200.00"
2019-11-03,2019110301003639,KBL,18,6,437,180.00,"78,660.00"
2019-11-03,2019110301003590,KBL,36,48,632,179.00,"113,128.00"
2019-11-03,2019110301003589,KBL,49,48,"1,000",179.00,"179,000.00"
2019-11-03,2019110301003588,KBL,38,48,368,179.00,"65,872.00"
2019-11-03,2019110301003946,LBBL,51,44,19,172.00,"3,268.00"
2019-11-03,2019110301003666,LBBL,56,48,50,171.00,"8,550.00"
2019-11-03,2019110301003665,LBBL,1,48,50,171.00,"8,550.00"
2019-11-03,2019110301003615,LBBL,33,44,46,172.00,"7,912.00"
2019-11-03,2019110301003597,LBBL,57,44,180,172.00,"30,960.00"
2019-11-03,2019110301003751,LBBL,32,48,448,170.00,"76,160.00"
2019-11-03,2019110301003667,LBBL,42,48,120,171.00,"20,520.00"
2019-11-03,2019110301004018,LBL,32,37,414,222.00,"91,908.00"
2019-11-03,2019110301004017,LBL,32,49,200,222.00,"44,400.00"
2019-11-03,2019110301004016,LBL,32,14,50,222.00,"11,100.00"
2019-11-03,2019110301003842,LBL,10,42,50,221.00,"11,050.00"
2019-11-03,2019110301003841,LBL,10,32,855,221.00,"188,955.00"
2019-11-03,2019110301003840,LBL,10,25,400,221.00,"88,400.00"
2019-11-03,2019110301003839,LBL,10,51,300,221.00,"66,300.00"
2019-11-03,2019110301003664,LBL,32,14,217,220.00,"47,740.00"
2019-11-03,2019110301003912,LGIL,44,11,290,316.00,"91,640.00"
2019-11-03,2019110301003636,LLBS,54,42,12,670.00,"8,040.00"
2019-11-03,2019110301003582,MBL,50,43,30,227.00,"6,810.00"
2019-11-03,2019110301003581,MBL,50,36,954,227.00,"216,558.00"
2019-11-03,2019110301003650,MDB,34,28,500,245.00,"122,500.00"
2019-11-03,2019110301003649,MDB,5,28,205,246.00,"50,430.00"
2019-11-03,2019110301003648,MDB,58,28,100,246.00,"24,600.00"
2019-11-03,2019110301004079,MEGA,42,38,46,191.00,"8,786.00"
2019-11-03,2019110301003653,MEGA,42,38,100,191.00,"19,100.00"
2019-11-03,2019110301003894,MEGA,34,35,"1,000",190.00,"190,000.00"
2019-11-03,2019110301003893,MEGA,34,8,500,190.00,"95,000.00"
2019-11-03,2019110301003952,MEGA,43,38,10,191.00,"1,910.00"
2019-11-03,2019110301004030,MEGA,47,13,500,190.00,"95,000.00"
2019-11-03,2019110301004029,MEGA,34,13,500,190.00,"95,000.00"
2019-11-03,2019110301003991,MEGA,22,38,500,191.00,"95,500.00"
2019-11-03,2019110301003859,MERO,36,1,50,559.00,"27,950.00"
2019-11-03,2019110301003643,MERO,35,35,1,559.00,559.00
2019-11-03,2019110301003619,MERO,49,49,100,559.00,"55,900.00"
2019-11-03,2019110301003823,MHNL,47,39,400,80.00,"32,000.00"
2019-11-03,2019110301003822,MHNL,19,39,100,80.00,"8,000.00"
2019-11-03,2019110301003821,MHNL,22,39,10,80.00,800.00
2019-11-03,2019110301003934,MLBBL,48,22,100,424.00,"42,400.00"
2019-11-03,2019110301004001,MLBL,4,47,100,213.00,"21,300.00"
2019-11-03,2019110301003904,MLBL,20,47,300,213.00,"63,900.00"
2019-11-03,2019110301003718,MLBL,17,47,100,213.00,"21,300.00"
2019-11-03,2019110301003908,MNBBL,28,22,235,318.00,"74,730.00"
2019-11-03,2019110301003882,MNBBL,28,59,200,318.00,"63,600.00"
2019-11-03,2019110301003881,MNBBL,28,40,548,317.00,"173,716.00"
2019-11-03,2019110301003852,MNBBL,16,40,102,317.00,"32,334.00"
2019-11-03,2019110301003837,MNBBL,21,40,100,317.00,"31,700.00"
2019-11-03,2019110301003663,MNBBL,42,40,50,317.00,"15,850.00"
2019-11-03,2019110301003662,MNBBL,5,40,200,317.00,"63,400.00"
2019-11-03,2019110301003773,MNBBL,28,44,17,316.00,"5,372.00"
2019-11-03,2019110301003772,MNBBL,32,44,200,316.00,"63,200.00"
2019-11-03,2019110301003771,MNBBL,7,44,40,316.00,"12,640.00"
2019-11-03,2019110301003770,MNBBL,58,44,643,316.00,"203,188.00"
2019-11-03,2019110301004080,MSLB,50,10,10,863.00,"8,630.00"
2019-11-03,2019110301004062,NABIL,58,42,10,760.00,"7,600.00"
2019-11-03,2019110301004061,NABIL,58,53,20,759.00,"15,180.00"
2019-11-03,2019110301004048,NABIL,35,49,29,752.00,"21,808.00"
2019-11-03,2019110301004047,NABIL,44,49,21,753.00,"15,813.00"
2019-11-03,2019110301004046,NABIL,7,49,50,753.00,"37,650.00"
2019-11-03,2019110301004045,NABIL,44,49,100,754.00,"75,400.00"
2019-11-03,2019110301003585,NABIL,38,58,275,755.00,"207,625.00"
2019-11-03,2019110301003647,NABIL,42,58,200,755.00,"151,000.00"
2019-11-03,2019110301003635,NABIL,7,58,261,755.00,"197,055.00"
2019-11-03,2019110301003621,NABIL,7,22,104,754.00,"78,416.00"
2019-11-03,2019110301003618,NABIL,59,22,10,754.00,"7,540.00"
2019-11-03,2019110301003617,NABIL,47,22,35,754.00,"26,390.00"
2019-11-03,2019110301003616,NABIL,55,22,151,754.00,"113,854.00"
2019-11-03,2019110301003685,NABIL,25,48,96,752.00,"72,192.00"
2019-11-03,2019110301003684,NABIL,38,48,120,753.00,"90,360.00"
2019-11-03,2019110301003683,NABIL,50,48,30,753.00,"22,590.00"
2019-11-03,2019110301003682,NABIL,40,48,50,753.00,"37,650.00"
2019-11-03,2019110301003681,NABIL,35,48,14,753.00,"10,542.00"
2019-11-03,2019110301003652,NABIL,38,58,25,755.00,"18,875.00"
2019-11-03,2019110301003986,NADEP,17,17,20,391.00,"7,820.00"
2019-11-03,2019110301003867,NBL,32,34,86,315.00,"27,090.00"
2019-11-03,2019110301003866,NBL,32,20,401,315.00,"126,315.00"
2019-11-03,2019110301003778,NBL,32,21,100,314.00,"31,400.00"
2019-11-03,2019110301003610,NBL,7,20,500,315.00,"157,500.00"
2019-11-03,2019110301004073,NCCB,33,39,10,203.00,"2,030.00"
2019-11-03,2019110301004002,NCCB,44,56,"3,000",202.00,"606,000.00"
2019-11-03,2019110301003891,NCCB,8,39,580,203.00,"117,740.00"
2019-11-03,2019110301003890,NCCB,8,47,"1,000",203.00,"203,000.00"
2019-11-03,2019110301003889,NCCB,8,58,200,203.00,"40,600.00"
2019-11-03,2019110301003888,NCCB,8,25,200,203.00,"40,600.00"
2019-11-03,2019110301003887,NCCB,8,49,20,203.00,"4,060.00"
2019-11-03,2019110301003856,NCCB,44,16,158,202.00,"31,916.00"
2019-11-03,2019110301003855,NCCB,44,45,38,202.00,"7,676.00"
2019-11-03,2019110301003983,NHPC,20,56,90,53.00,"4,770.00"
2019-11-03,2019110301003727,NHPC,20,34,500,53.00,"26,500.00"
2019-11-03,2019110301004044,NIB,45,45,44,442.00,"19,448.00"
2019-11-03,2019110301004011,NIB,28,21,300,441.00,"132,300.00"
2019-11-03,2019110301003988,NIB,28,6,989,441.00,"436,149.00"
2019-11-03,2019110301003918,NIB,28,34,203,441.00,"89,523.00"
2019-11-03,2019110301003765,NIB,28,6,200,441.00,"88,200.00"
2019-11-03,2019110301003764,NIB,28,52,206,441.00,"90,846.00"
2019-11-03,2019110301003741,NIB,51,34,44,440.00,"19,360.00"
2019-11-03,2019110301003623,NIB,51,48,135,440.00,"59,400.00"
2019-11-03,2019110301003612,NIB,21,48,200,440.00,"88,000.00"
2019-11-03,2019110301004060,NICA,43,39,20,405.00,"8,100.00"
2019-11-03,2019110301003976,NICA,52,21,183,404.00,"73,932.00"
2019-11-03,2019110301003975,NICA,44,21,117,404.00,"47,268.00"
2019-11-03,2019110301003900,NICA,51,39,20,405.00,"8,100.00"
2019-11-03,2019110301003717,NICA,44,50,283,404.00,"114,332.00"
2019-11-03,2019110301003672,NICA,44,50,83,404.00,"33,532.00"
2019-11-03,2019110301003661,NICA,44,52,117,404.00,"47,268.00"
2019-11-03,2019110301003596,NICA,44,52,83,404.00,"33,532.00"
2019-11-03,2019110301003595,NICA,44,33,117,404.00,"47,268.00"
2019-11-03,2019110301003592,NICA,32,33,133,404.00,"53,732.00"
2019-11-03,2019110301003591,NICA,32,28,367,404.00,"148,268.00"
2019-11-03,2019110301003825,NIL,49,49,175,375.00,"65,625.00"
2019-11-03,2019110301003690,NIL,49,39,131,375.00,"49,125.00"
2019-11-03,2019110301003689,NIL,28,39,369,375.00,"138,375.00"
2019-11-03,2019110301003989,NLIC,34,45,10,803.00,"8,030.00"
2019-11-03,2019110301003957,NLIC,34,43,25,802.00,"20,050.00"
2019-11-03,2019110301003956,NLIC,34,37,50,800.00,"40,000.00"
2019-11-03,2019110301003594,NLIC,42,1,22,800.00,"17,600.00"
2019-11-03,2019110301003593,NLIC,42,14,38,800.00,"30,400.00"
2019-11-03,2019110301004075,NLICL,22,22,800,421.00,"336,800.00"
2019-11-03,2019110301004074,NLICL,45,22,100,421.00,"42,100.00"
2019-11-03,2019110301004052,NLICL,25,42,10,432.00,"4,320.00"
2019-11-03,2019110301004010,NLICL,22,22,90,425.00,"38,250.00"
2019-11-03,2019110301003955,NLICL,43,42,10,432.00,"4,320.00"
2019-11-03,2019110301003903,NLICL,22,11,90,430.00,"38,700.00"
2019-11-03,2019110301003752,NLICL,25,11,10,430.00,"4,300.00"
2019-11-03,2019110301003743,NLICL,22,25,10,425.00,"4,250.00"
2019-11-03,2019110301003998,NMBMF,45,18,10,495.00,"4,950.00"
2019-11-03,2019110301003997,NMBMF,45,18,10,495.00,"4,950.00"
2019-11-03,2019110301003761,NMBMF,41,18,100,495.00,"49,500.00"
2019-11-03,2019110301003760,NMBMF,34,18,20,495.00,"9,900.00"
2019-11-03,2019110301003759,NMBMF,1,18,10,495.00,"4,950.00"
2019-11-03,2019110301003758,NMBMF,41,18,70,496.00,"34,720.00"
2019-11-03,2019110301003757,NMBMF,32,18,10,500.00,"5,000.00"
2019-11-03,2019110301003756,NMBMF,28,18,200,501.00,"100,200.00"
2019-11-03,2019110301003790,NMFBS,56,49,25,"1,701.00","42,525.00"
2019-11-03,2019110301003789,NMFBS,56,49,15,"1,701.00","25,515.00"
2019-11-03,2019110301003788,NMFBS,10,49,30,"1,706.00","51,180.00"
2019-11-03,2019110301003609,NMFBS,56,28,80,"1,701.00","136,080.00"
2019-11-03,2019110301003608,NMFBS,16,28,30,"1,705.00","51,150.00"
2019-11-03,2019110301003939,NSEWA,42,19,10,375.00,"3,750.00"
2019-11-03,2019110301004042,NTC,59,44,10,633.00,"6,330.00"
2019-11-03,2019110301004014,NTC,43,59,250,625.00,"156,250.00"
2019-11-03,2019110301004013,NTC,19,59,200,625.00,"125,000.00"
2019-11-03,2019110301003974,NTC,43,44,10,633.00,"6,330.00"
2019-11-03,2019110301004015,NUBL,11,16,30,879.00,"26,370.00"
2019-11-03,2019110301003950,NUBL,29,16,200,879.00,"175,800.00"
2019-11-03,2019110301003688,NUBL,42,49,10,875.00,"8,750.00"
2019-11-03,2019110301003687,NUBL,25,49,20,876.00,"17,520.00"
2019-11-03,2019110301003686,NUBL,25,49,20,876.00,"17,520.00"
2019-11-03,2019110301003994,PCBL,39,22,50,261.00,"13,050.00"
2019-11-03,2019110301003968,PCBL,39,53,"1,720",261.00,"448,920.00"
2019-11-03,2019110301003967,PCBL,13,53,500,261.00,"130,500.00"
2019-11-03,2019110301003966,PCBL,5,53,100,261.00,"26,100.00"
2019-11-03,2019110301003965,PCBL,25,53,200,261.00,"52,200.00"
2019-11-03,2019110301003964,PCBL,39,53,200,261.00,"52,200.00"
2019-11-03,2019110301003963,PCBL,32,53,500,261.00,"130,500.00"
2019-11-03,2019110301003962,PCBL,28,53,50,261.00,"13,050.00"
2019-11-03,2019110301003961,PCBL,50,53,300,261.00,"78,300.00"
2019-11-03,2019110301003960,PCBL,40,53,30,262.00,"7,860.00"
2019-11-03,2019110301003959,PCBL,34,53,100,262.00,"26,200.00"
2019-11-03,2019110301003958,PCBL,38,53,300,262.00,"78,600.00"
2019-11-03,2019110301003885,PFL,13,17,78,132.00,"10,296.00"
2019-11-03,2019110301003614,PIC,47,47,9,357.00,"3,213.00"
2019-11-03,2019110301003925,PLIC,28,28,64,309.00,"19,776.00"
2019-11-03,2019110301003924,PLIC,43,28,65,310.00,"20,150.00"
2019-11-03,2019110301003851,PLIC,43,57,135,310.00,"41,850.00"
2019-11-03,2019110301003850,PLIC,6,57,"1,000",310.00,"310,000.00"
2019-11-03,2019110301003849,PLIC,28,57,50,310.00,"15,500.00"
2019-11-03,2019110301003848,PLIC,4,57,75,311.00,"23,325.00"
2019-11-03,2019110301003847,PLIC,13,57,100,311.00,"31,100.00"
2019-11-03,2019110301003846,PLIC,4,57,100,311.00,"31,100.00"
2019-11-03,2019110301003845,PLIC,16,57,20,311.00,"6,220.00"
2019-11-03,2019110301003844,PLIC,41,57,20,313.00,"6,260.00"
2019-11-03,2019110301003645,PLIC,41,34,10,313.00,"3,130.00"
2019-11-03,2019110301003611,PLIC,41,51,70,313.00,"21,910.00"
2019-11-03,2019110301004063,PRIN,49,50,100,310.00,"31,000.00"
2019-11-03,2019110301004078,PRVU,28,58,178,267.00,"47,526.00"
2019-11-03,2019110301004077,PRVU,35,58,300,267.00,"80,100.00"
2019-11-03,2019110301004033,PRVU,22,53,95,267.00,"25,365.00"
2019-11-03,2019110301004032,PRVU,38,53,55,267.00,"14,685.00"
2019-11-03,2019110301004031,PRVU,36,53,850,267.00,"226,950.00"
2019-11-03,2019110301004008,PRVU,13,4,100,268.00,"26,800.00"
2019-11-03,2019110301003753,PRVU,39,44,100,268.00,"26,800.00"
2019-11-03,2019110301003704,PRVU,46,44,100,268.00,"26,800.00"
2019-11-03,2019110301003703,PRVU,46,44,900,268.00,"241,200.00"
2019-11-03,2019110301003930,PRVU,58,4,200,268.00,"53,600.00"
2019-11-03,2019110301003929,PRVU,42,4,200,268.00,"53,600.00"
2019-11-03,2019110301003928,PRVU,29,4,250,268.00,"67,000.00"
2019-11-03,2019110301003927,PRVU,29,44,50,268.00,"13,400.00"
2019-11-03,2019110301003836,PRVU,1,44,"1,500",268.00,"402,000.00"
2019-11-03,2019110301003794,PRVU,57,44,250,268.00,"67,000.00"
2019-11-03,2019110301003993,PRVU,25,4,18,268.00,"4,824.00"
2019-11-03,2019110301003953,PRVU,14,4,50,268.00,"13,400.00"
2019-11-03,2019110301003944,PRVU,36,29,150,267.00,"40,050.00"
2019-11-03,2019110301003943,PRVU,47,29,100,267.00,"26,700.00"
2019-11-03,2019110301003942,PRVU,35,29,500,267.00,"133,500.00"
2019-11-03,2019110301003941,PRVU,45,29,"1,250",267.00,"333,750.00"
2019-11-03,2019110301004028,RHPL,55,43,40,171.00,"6,840.00"
2019-11-03,2019110301004021,RHPL,55,43,40,171.00,"6,840.00"
2019-11-03,2019110301003938,RHPL,16,44,30,171.00,"5,130.00"
2019-11-03,2019110301003933,RHPL,16,58,10,171.00,"1,710.00"
2019-11-03,2019110301003920,RHPL,16,44,30,171.00,"5,130.00"
2019-11-03,2019110301003910,RHPL,16,58,10,171.00,"1,710.00"
2019-11-03,2019110301003693,RHPL,16,58,10,171.00,"1,710.00"
2019-11-03,2019110301003658,RHPL,16,58,10,171.00,"1,710.00"
2019-11-03,2019110301003651,RHPL,16,58,10,171.00,"1,710.00"
2019-11-03,2019110301003826,RHPL,16,58,10,171.00,"1,710.00"
2019-11-03,2019110301003801,RHPL,16,17,30,171.00,"5,130.00"
2019-11-03,2019110301003787,RHPL,16,44,30,171.00,"5,130.00"
2019-11-03,2019110301003777,RHPL,16,58,10,171.00,"1,710.00"
2019-11-03,2019110301003740,RHPL,16,58,10,171.00,"1,710.00"
2019-11-03,2019110301003719,RHPL,16,58,10,171.00,"1,710.00"
2019-11-03,2019110301003902,RHPL,16,44,30,171.00,"5,130.00"
2019-11-03,2019110301003886,RHPL,16,44,30,171.00,"5,130.00"
2019-11-03,2019110301003880,RHPL,16,58,10,171.00,"1,710.00"
2019-11-03,2019110301003864,RHPL,16,44,30,171.00,"5,130.00"
2019-11-03,2019110301003861,RHPL,16,58,10,171.00,"1,710.00"
2019-11-03,2019110301003831,RHPL,16,44,30,171.00,"5,130.00"
2019-11-03,2019110301003843,RMDC,33,45,20,610.00,"12,200.00"
2019-11-03,2019110301003729,RMDC,6,34,55,605.00,"33,275.00"
2019-11-03,2019110301004069,SABSL,10,50,10,458.00,"4,580.00"
2019-11-03,2019110301004065,SABSL,32,34,10,450.00,"4,500.00"
2019-11-03,2019110301004049,SABSL,32,34,10,450.00,"4,500.00"
2019-11-03,2019110301004034,SABSL,32,34,10,450.00,"4,500.00"
2019-11-03,2019110301003736,SABSL,32,22,275,455.00,"125,125.00"
2019-11-03,2019110301003735,SABSL,32,44,10,455.00,"4,550.00"
2019-11-03,2019110301003734,SABSL,32,47,10,454.00,"4,540.00"
2019-11-03,2019110301003728,SABSL,32,44,10,450.00,"4,500.00"
2019-11-03,2019110301003725,SABSL,10,6,10,452.00,"4,520.00"
2019-11-03,2019110301003716,SABSL,32,44,10,450.00,"4,500.00"
2019-11-03,2019110301003705,SABSL,10,6,10,451.00,"4,510.00"
2019-11-03,2019110301003603,SADBL,36,48,426,137.00,"58,362.00"
2019-11-03,2019110301003921,SANIMA,51,25,20,308.00,"6,160.00"
2019-11-03,2019110301003767,SANIMA,10,25,103,306.00,"31,518.00"
2019-11-03,2019110301003763,SANIMA,52,57,158,305.00,"48,190.00"
2019-11-03,2019110301003762,SANIMA,58,57,242,305.00,"73,810.00"
2019-11-03,2019110301003731,SANIMA,58,48,758,305.00,"231,190.00"
2019-11-03,2019110301003730,SANIMA,34,48,100,305.00,"30,500.00"
2019-11-03,2019110301003854,SAPDBL,32,46,120,121.00,"14,520.00"
2019-11-03,2019110301003638,SAPDBL,32,44,380,121.00,"45,980.00"
2019-11-03,2019110301003637,SAPDBL,42,44,20,121.00,"2,420.00"
2019-11-03,2019110301003644,SBI,7,48,398,405.00,"161,190.00"
2019-11-03,2019110301003642,SBI,36,25,108,404.00,"43,632.00"
2019-11-03,2019110301003641,SBI,7,25,22,404.00,"8,888.00"
2019-11-03,2019110301003602,SBL,7,42,810,296.00,"239,760.00"
2019-11-03,2019110301003601,SBL,7,36,190,295.00,"56,050.00"
2019-11-03,2019110301004071,SCB,37,44,10,558.00,"5,580.00"
2019-11-03,2019110301003947,SCB,1,19,20,557.00,"11,140.00"
2019-11-03,2019110301003633,SCB,7,48,280,562.00,"157,360.00"
2019-11-03,2019110301003739,SDESI,6,4,50,619.00,"30,950.00"
2019-11-03,2019110301004076,SHIVM,48,37,10,485.00,"4,850.00"
2019-11-03,2019110301004070,SHIVM,34,37,100,485.00,"48,500.00"
2019-11-03,2019110301004058,SHIVM,34,37,301,484.00,"145,684.00"
2019-11-03,2019110301004057,SHIVM,32,37,120,484.00,"58,080.00"
2019-11-03,2019110301004056,SHIVM,57,37,200,484.00,"96,800.00"
2019-11-03,2019110301004055,SHIVM,35,37,200,484.00,"96,800.00"
2019-11-03,2019110301003806,SHIVM,39,48,435,485.00,"210,975.00"
2019-11-03,2019110301003805,SHIVM,34,48,100,486.00,"48,600.00"
2019-11-03,2019110301003804,SHIVM,57,48,200,486.00,"97,200.00"
2019-11-03,2019110301003803,SHIVM,34,48,50,486.00,"24,300.00"
2019-11-03,2019110301003802,SHIVM,59,48,50,486.00,"24,300.00"
2019-11-03,2019110301003812,SHIVM,34,48,200,485.00,"97,000.00"
2019-11-03,2019110301003811,SHIVM,37,48,100,485.00,"48,500.00"
2019-11-03,2019110301003810,SHIVM,38,48,10,485.00,"4,850.00"
2019-11-03,2019110301003809,SHIVM,29,48,100,485.00,"48,500.00"
2019-11-03,2019110301003808,SHIVM,22,48,200,485.00,"97,000.00"
2019-11-03,2019110301003807,SHIVM,57,48,200,485.00,"97,000.00"
2019-11-03,2019110301004054,SHIVM,50,37,79,484.00,"38,236.00"
2019-11-03,2019110301004053,SHIVM,42,37,100,485.00,"48,500.00"
2019-11-03,2019110301003830,SHIVM,6,26,20,487.00,"9,740.00"
2019-11-03,2019110301003828,SHIVM,58,26,50,487.00,"24,350.00"
2019-11-03,2019110301003814,SHIVM,50,48,51,484.00,"24,684.00"
2019-11-03,2019110301003813,SHIVM,45,48,50,484.00,"24,200.00"
2019-11-03,2019110301004043,SHL,32,58,200,208.00,"41,600.00"
2019-11-03,2019110301004025,SHL,44,44,"13,000",206.00,"2,678,000.00"
2019-11-03,2019110301003750,SHL,16,58,"1,000",207.00,"207,000.00"
2019-11-03,2019110301003749,SHL,16,58,"1,000",207.00,"207,000.00"
2019-11-03,2019110301003670,SHL,51,48,985,207.00,"203,895.00"
2019-11-03,2019110301003780,SICL,39,53,100,731.00,"73,100.00"
2019-11-03,2019110301003640,SICL,45,16,56,730.00,"40,880.00"
2019-11-03,2019110301003766,SIL,25,33,10,382.00,"3,820.00"
2019-11-03,2019110301004064,SJCL,16,40,20,167.00,"3,340.00"
2019-11-03,2019110301004051,SJCL,10,40,10,169.00,"1,690.00"
2019-11-03,2019110301004050,SJCL,16,40,10,167.00,"1,670.00"
2019-11-03,2019110301004041,SJCL,16,40,10,167.00,"1,670.00"
2019-11-03,2019110301004037,SJCL,10,43,20,168.00,"3,360.00"
2019-11-03,2019110301003627,SJCL,16,40,20,167.00,"3,340.00"
2019-11-03,2019110301003613,SJCL,16,40,20,167.00,"3,340.00"
2019-11-03,2019110301003600,SJCL,13,40,10,168.00,"1,680.00"
2019-11-03,2019110301003584,SJCL,13,43,20,168.00,"3,360.00"
2019-11-03,2019110301003583,SJCL,13,40,20,168.00,"3,360.00"
2019-11-03,2019110301003697,SJCL,16,40,20,167.00,"3,340.00"
2019-11-03,2019110301003696,SJCL,16,58,10,167.00,"1,670.00"
2019-11-03,2019110301003691,SJCL,16,40,20,167.00,"3,340.00"
2019-11-03,2019110301003671,SJCL,16,40,20,167.00,"3,340.00"
2019-11-03,2019110301003668,SJCL,16,58,10,167.00,"1,670.00"
2019-11-03,2019110301003654,SJCL,16,58,10,167.00,"1,670.00"
2019-11-03,2019110301003737,SJCL,16,32,10,167.00,"1,670.00"
2019-11-03,2019110301003733,SJCL,16,40,20,167.00,"3,340.00"
2019-11-03,2019110301003732,SJCL,16,40,10,167.00,"1,670.00"
2019-11-03,2019110301003726,SJCL,16,58,10,167.00,"1,670.00"
2019-11-03,2019110301003724,SJCL,16,40,20,167.00,"3,340.00"
2019-11-03,2019110301003713,SJCL,16,40,20,167.00,"3,340.00"
2019-11-03,2019110301003768,SJCL,16,40,20,167.00,"3,340.00"
2019-11-03,2019110301003755,SJCL,16,32,20,167.00,"3,340.00"
2019-11-03,2019110301003754,SJCL,16,40,20,167.00,"3,340.00"
2019-11-03,2019110301003747,SJCL,16,58,10,167.00,"1,670.00"
2019-11-03,2019110301003744,SJCL,16,32,10,167.00,"1,670.00"
2019-11-03,2019110301003742,SJCL,16,40,20,167.00,"3,340.00"
2019-11-03,2019110301003791,SJCL,16,40,10,167.00,"1,670.00"
2019-11-03,2019110301003782,SJCL,16,40,20,167.00,"3,340.00"
2019-11-03,2019110301003781,SJCL,16,58,10,167.00,"1,670.00"
2019-11-03,2019110301003779,SJCL,16,32,20,167.00,"3,340.00"
2019-11-03,2019110301003776,SJCL,16,40,20,167.00,"3,340.00"
2019-11-03,2019110301003769,SJCL,16,32,20,167.00,"3,340.00"
2019-11-03,2019110301003832,SJCL,16,17,10,167.00,"1,670.00"
2019-11-03,2019110301003829,SJCL,16,58,10,167.00,"1,670.00"
2019-11-03,2019110301003827,SJCL,16,40,20,167.00,"3,340.00"
2019-11-03,2019110301003816,SJCL,16,32,20,167.00,"3,340.00"
2019-11-03,2019110301003815,SJCL,16,40,10,167.00,"1,670.00"
2019-11-03,2019110301003792,SJCL,16,32,20,167.00,"3,340.00"
2019-11-03,2019110301003865,SJCL,16,40,20,167.00,"3,340.00"
2019-11-03,2019110301003863,SJCL,16,58,10,167.00,"1,670.00"
2019-11-03,2019110301003857,SJCL,16,40,20,167.00,"3,340.00"
2019-11-03,2019110301003853,SJCL,16,40,20,167.00,"3,340.00"
2019-11-03,2019110301003835,SJCL,16,40,20,167.00,"3,340.00"
2019-11-03,2019110301003833,SJCL,16,40,20,167.00,"3,340.00"
2019-11-03,2019110301003898,SJCL,16,40,20,167.00,"3,340.00"
2019-11-03,2019110301003892,SJCL,16,58,10,167.00,"1,670.00"
2019-11-03,2019110301003884,SJCL,16,40,20,167.00,"3,340.00"
2019-11-03,2019110301003879,SJCL,16,40,20,167.00,"3,340.00"
2019-11-03,2019110301003945,SJCL,16,40,20,167.00,"3,340.00"
2019-11-03,2019110301003940,SJCL,16,58,10,167.00,"1,670.00"
2019-11-03,2019110301003931,SJCL,16,40,10,167.00,"1,670.00"
2019-11-03,2019110301003917,SJCL,16,58,10,167.00,"1,670.00"
2019-11-03,2019110301003911,SJCL,16,40,20,167.00,"3,340.00"
2019-11-03,2019110301003909,SJCL,16,40,10,167.00,"1,670.00"
2019-11-03,2019110301003987,SJCL,16,40,20,167.00,"3,340.00"
2019-11-03,2019110301003982,SJCL,16,40,20,167.00,"3,340.00"
2019-11-03,2019110301003970,SJCL,16,40,10,167.00,"1,670.00"
2019-11-03,2019110301003954,SJCL,16,40,20,167.00,"3,340.00"
2019-11-03,2019110301003948,SJCL,16,40,20,167.00,"3,340.00"
2019-11-03,2019110301004026,SJCL,16,40,20,167.00,"3,340.00"
2019-11-03,2019110301004022,SJCL,16,40,20,167.00,"3,340.00"
2019-11-03,2019110301003996,SJCL,16,40,20,167.00,"3,340.00"
2019-11-03,2019110301004040,SKBBL,50,52,20,932.00,"18,640.00"
2019-11-03,2019110301004006,SLICL,44,17,24,258.00,"6,192.00"
2019-11-03,2019110301004005,SLICL,35,17,100,258.00,"25,800.00"
2019-11-03,2019110301004004,SLICL,39,17,100,258.00,"25,800.00"
2019-11-03,2019110301004003,SLICL,51,17,88,258.00,"22,704.00"
2019-11-03,2019110301003620,SLICL,28,28,38,259.00,"9,842.00"
2019-11-03,2019110301004007,SRBL,21,17,375,207.00,"77,625.00"
2019-11-03,2019110301003820,SRBL,21,17,25,207.00,"5,175.00"
2019-11-03,2019110301003819,SRBL,21,17,300,207.00,"62,100.00"
2019-11-03,2019110301003818,SRBL,14,17,100,207.00,"20,700.00"
2019-11-03,2019110301003817,SRBL,38,17,500,207.00,"103,500.00"
2019-11-03,2019110301003660,SRBL,43,17,250,208.00,"52,000.00"
2019-11-03,2019110301003659,SRBL,52,17,123,208.00,"25,584.00"
2019-11-03,2019110301003977,SWBBL,38,46,195,900.00,"175,500.00"
2019-11-03,2019110301003738,SWBBL,38,37,365,906.00,"330,690.00"
2019-11-03,2019110301003722,TRH,35,48,300,276.00,"82,800.00"
2019-11-03,2019110301003721,TRH,48,48,500,277.00,"138,500.00"
2019-11-03,2019110301003720,TRH,58,48,405,277.00,"112,185.00"
2019-11-03,2019110301004036,UNHPL,21,56,50,55.00,"2,750.00"
2019-11-03,2019110301004035,UNHPL,21,42,100,55.00,"5,500.00"
2019-11-03,2019110301003535,ADBL,53,49,45,411.00,"18,495.00"
2019-11-03,2019110301003470,ADBL,41,50,100,412.00,"41,200.00"
2019-11-03,2019110301003263,ADBL,41,3,28,412.00,"11,536.00"
2019-11-03,2019110301003221,ADBL,45,3,100,412.00,"41,200.00"
2019-11-03,2019110301003176,ADBL,42,3,10,412.00,"4,120.00"
2019-11-03,2019110301003250,AHPC,28,59,50,98.00,"4,900.00"
2019-11-03,2019110301003440,AKBSL,48,8,10,408.00,"4,080.00"
2019-11-03,2019110301003091,AKBSL,48,21,10,408.00,"4,080.00"
2019-11-03,2019110301003553,AKJCL,17,56,100,54.00,"5,400.00"
2019-11-03,2019110301003552,AKJCL,17,42,10,54.00,540.00
2019-11-03,2019110301003551,AKJCL,17,42,10,54.00,540.00
2019-11-03,2019110301003264,AKJCL,59,47,20,53.00,"1,060.00"
2019-11-03,2019110301003503,ALBSL,7,25,60,386.00,"23,160.00"
2019-11-03,2019110301003232,ALBSL,7,6,30,386.00,"11,580.00"
2019-11-03,2019110301003085,ALICL,16,17,203,310.00,"62,930.00"
2019-11-03,2019110301003084,ALICL,55,17,47,311.00,"14,617.00"
2019-11-03,2019110301003484,API,25,22,50,110.00,"5,500.00"
2019-11-03,2019110301003301,API,25,34,17,109.00,"1,853.00"
2019-11-03,2019110301003138,BFC,8,33,120,90.00,"10,800.00"
2019-11-03,2019110301003425,BNT,41,49,10,"6,200.00","62,000.00"
2019-11-03,2019110301003387,BNT,41,33,90,"6,200.00","558,000.00"
2019-11-03,2019110301003361,BNT,41,17,50,"6,200.00","310,000.00"
2019-11-03,2019110301003344,BNT,41,17,50,"6,200.00","310,000.00"
2019-11-03,2019110301003423,BOKL,32,57,700,225.00,"157,500.00"
2019-11-03,2019110301003192,BOKL,13,29,175,224.00,"39,200.00"
2019-11-03,2019110301003191,BOKL,49,29,50,224.00,"11,200.00"
2019-11-03,2019110301003284,BPCL,43,44,10,360.00,"3,600.00"
2019-11-03,2019110301003086,BPCL,58,20,22,358.00,"7,876.00"
2019-11-03,2019110301003193,CBBL,13,6,25,971.00,"24,275.00"
2019-11-03,2019110301003415,CBL,42,48,14,142.00,"1,988.00"
2019-11-03,2019110301003342,CBL,22,48,50,142.00,"7,100.00"
2019-11-03,2019110301003507,CCBL,21,11,51,155.00,"7,905.00"
2019-11-03,2019110301003435,CCBL,21,48,73,155.00,"11,315.00"
2019-11-03,2019110301003434,CCBL,19,48,182,155.00,"28,210.00"
2019-11-03,2019110301003324,CCBL,19,34,14,155.00,"2,170.00"
2019-11-03,2019110301003266,CCBL,19,6,60,155.00,"9,300.00"
2019-11-03,2019110301003265,CCBL,6,6,"1,962",155.00,"304,110.00"
2019-11-03,2019110301003166,CHCL,34,17,60,420.00,"25,200.00"
2019-11-03,2019110301003101,CHCL,28,35,114,419.00,"47,766.00"
2019-11-03,2019110301003100,CHCL,6,35,37,419.00,"15,503.00"
2019-11-03,2019110301003095,CHL,58,20,10,79.00,790.00
2019-11-03,2019110301003576,CIT,37,6,73,"1,798.00","131,254.00"
2019-11-03,2019110301003528,CIT,38,6,10,"1,799.00","17,990.00"
2019-11-03,2019110301003347,CIT,45,33,15,"1,798.00","26,970.00"
2019-11-03,2019110301003341,CLBSL,7,34,16,444.00,"7,104.00"
2019-11-03,2019110301003451,CZBIL,57,50,75,191.00,"14,325.00"
2019-11-03,2019110301003337,CZBIL,57,37,136,191.00,"25,976.00"
2019-11-03,2019110301003336,CZBIL,38,37,692,191.00,"132,172.00"
2019-11-03,2019110301003235,CZBIL,57,6,40,191.00,"7,640.00"
2019-11-03,2019110301003165,CZBIL,57,29,150,191.00,"28,650.00"
2019-11-03,2019110301003492,DBBL,51,34,209,125.00,"26,125.00"
2019-11-03,2019110301003468,DBBL,51,13,291,125.00,"36,375.00"
2019-11-03,2019110301003270,DDBL,56,37,41,714.00,"29,274.00"
2019-11-03,2019110301003269,DDBL,25,37,50,715.00,"35,750.00"
2019-11-03,2019110301003268,DDBL,51,37,50,715.00,"35,750.00"
2019-11-03,2019110301003267,DDBL,28,37,50,715.00,"35,750.00"
2019-11-03,2019110301003181,EBL,28,28,103,559.00,"57,577.00"
2019-11-03,2019110301003180,EBL,28,19,100,558.00,"55,800.00"
2019-11-03,2019110301003179,EBL,28,33,50,557.00,"27,850.00"
2019-11-03,2019110301003178,EBL,28,25,50,557.00,"27,850.00"
2019-11-03,2019110301003151,EBL,22,48,545,556.00,"303,020.00"
2019-11-03,2019110301003112,EBL,7,48,400,556.00,"222,400.00"
2019-11-03,2019110301003316,EIC,7,56,16,225.00,"3,600.00"
2019-11-03,2019110301003315,EIC,8,56,100,225.00,"22,500.00"
2019-11-03,2019110301003314,EIC,41,56,10,225.00,"2,250.00"
2019-11-03,2019110301003313,EIC,17,56,20,226.00,"4,520.00"
2019-11-03,2019110301003420,FOWAD,29,56,30,"1,275.00","38,250.00"
2019-11-03,2019110301003502,GBBL,45,10,300,222.00,"66,600.00"
2019-11-03,2019110301003498,GBBL,55,39,300,221.00,"66,300.00"
2019-11-03,2019110301003450,GBBL,21,10,22,222.00,"4,884.00"
2019-11-03,2019110301003340,GBBL,55,39,200,221.00,"44,200.00"
2019-11-03,2019110301003189,GBBL,42,10,20,222.00,"4,440.00"
2019-11-03,2019110301003143,GBBL,17,10,40,222.00,"8,880.00"
2019-11-03,2019110301003471,GBLBS,7,1,345,308.00,"106,260.00"
2019-11-03,2019110301003111,GBLBS,55,20,15,308.00,"4,620.00"
2019-11-03,2019110301003575,GLICL,51,19,16,348.00,"5,568.00"
2019-11-03,2019110301003574,GLICL,39,19,300,349.00,"104,700.00"
2019-11-03,2019110301003550,GLICL,39,19,200,350.00,"70,000.00"
2019-11-03,2019110301003504,GRDBL,55,52,500,103.00,"51,500.00"
2019-11-03,2019110301003483,HBL,22,48,591,496.00,"293,136.00"
2019-11-03,2019110301003482,HBL,43,48,50,496.00,"24,800.00"
2019-11-03,2019110301003385,HGI,11,58,100,264.00,"26,400.00"
2019-11-03,2019110301003177,HGI,40,37,20,265.00,"5,300.00"
2019-11-03,2019110301003358,HIDCL,39,34,61,132.00,"8,052.00"
2019-11-03,2019110301003148,HPPL,45,20,20,137.00,"2,740.00"
2019-11-03,2019110301003098,HPPL,18,18,10,138.00,"1,380.00"
2019-11-03,2019110301003506,IGI,42,25,20,285.00,"5,700.00"
2019-11-03,2019110301003448,IGI,41,25,30,285.00,"8,550.00"
2019-11-03,2019110301003447,IGI,28,25,100,285.00,"28,500.00"
2019-11-03,2019110301003446,IGI,42,25,50,285.00,"14,250.00"
2019-11-03,2019110301003200,IGI,39,21,100,286.00,"28,600.00"
2019-11-03,2019110301003486,ILBS,32,47,30,439.00,"13,170.00"
2019-11-03,2019110301003295,ILBS,32,6,100,436.00,"43,600.00"
2019-11-03,2019110301003255,ILBS,32,57,10,436.00,"4,360.00"
2019-11-03,2019110301003569,JBBL,57,11,200,156.00,"31,200.00"
2019-11-03,2019110301003568,JBBL,13,11,91,156.00,"14,196.00"
2019-11-03,2019110301003562,JBBL,13,25,439,156.00,"68,484.00"
2019-11-03,2019110301003531,JFL,8,32,410,193.00,"79,130.00"
2019-11-03,2019110301003290,JFL,25,32,100,193.00,"19,300.00"
2019-11-03,2019110301003493,KBL,52,6,100,180.00,"18,000.00"
2019-11-03,2019110301003197,KBL,43,6,464,180.00,"83,520.00"
2019-11-03,2019110301003141,KBL,43,29,36,180.00,"6,480.00"
2019-11-03,2019110301003140,KBL,34,29,14,180.00,"2,520.00"
2019-11-03,2019110301003120,KBL,58,45,10,181.00,"1,810.00"
2019-11-03,2019110301003473,KRBL,42,21,100,102.00,"10,200.00"
2019-11-03,2019110301003487,KSBBL,56,33,200,144.00,"28,800.00"
2019-11-03,2019110301003546,LBBL,13,44,100,172.00,"17,200.00"
2019-11-03,2019110301003545,LBBL,44,44,50,172.00,"8,600.00"
2019-11-03,2019110301003544,LBBL,1,44,25,172.00,"4,300.00"
2019-11-03,2019110301003543,LBBL,8,44,580,172.00,"99,760.00"
2019-11-03,2019110301003537,LBL,32,1,300,220.00,"66,000.00"
2019-11-03,2019110301003467,LBL,41,51,100,221.00,"22,100.00"
2019-11-03,2019110301003419,LBL,49,26,500,220.00,"110,000.00"
2019-11-03,2019110301003418,LBL,28,26,"1,435",220.00,"315,700.00"
2019-11-03,2019110301003198,LBL,37,51,100,221.00,"22,100.00"
2019-11-03,2019110301003145,LBL,28,26,500,220.00,"110,000.00"
2019-11-03,2019110301003144,LBL,28,48,65,220.00,"14,300.00"
2019-11-03,2019110301003431,LGIL,44,50,200,316.00,"63,200.00"
2019-11-03,2019110301003287,LGIL,44,58,112,316.00,"35,392.00"
2019-11-03,2019110301003437,LICN,37,28,100,"1,000.00","100,000.00"
2019-11-03,2019110301003279,LLBS,42,34,10,675.00,"6,750.00"
2019-11-03,2019110301003196,LLBS,18,53,50,673.00,"33,650.00"
2019-11-03,2019110301003516,MBL,35,36,500,227.00,"113,500.00"
2019-11-03,2019110301003320,MBL,33,57,173,226.00,"39,098.00"
2019-11-03,2019110301003319,MBL,22,57,"1,500",226.00,"339,000.00"
2019-11-03,2019110301003318,MBL,44,57,200,226.00,"45,200.00"
2019-11-03,2019110301003317,MBL,50,57,127,226.00,"28,702.00"
2019-11-03,2019110301003556,MEGA,51,6,"1,677",190.00,"318,630.00"
2019-11-03,2019110301003527,MEGA,10,11,20,189.00,"3,780.00"
2019-11-03,2019110301003242,MEGA,34,45,387,190.00,"73,530.00"
2019-11-03,2019110301003241,MEGA,34,44,500,190.00,"95,000.00"
2019-11-03,2019110301003240,MEGA,34,53,50,190.00,"9,500.00"
2019-11-03,2019110301003239,MEGA,34,39,200,190.00,"38,000.00"
2019-11-03,2019110301003238,MEGA,34,50,"1,000",190.00,"190,000.00"
2019-11-03,2019110301003237,MEGA,34,13,363,190.00,"68,970.00"
2019-11-03,2019110301003254,MEGA,34,7,100,190.00,"19,000.00"
2019-11-03,2019110301003253,MEGA,34,1,280,190.00,"53,200.00"
2019-11-03,2019110301003252,MEGA,34,21,200,190.00,"38,000.00"
2019-11-03,2019110301003251,MEGA,34,45,113,190.00,"21,470.00"
2019-11-03,2019110301003243,MEGA,45,45,7,188.00,"1,316.00"
2019-11-03,2019110301003299,MEGA,34,26,"4,000",190.00,"760,000.00"
2019-11-03,2019110301003421,MEGA,51,51,"1,010",190.00,"191,900.00"
2019-11-03,2019110301003224,MERO,19,49,390,560.00,"218,400.00"
2019-11-03,2019110301003223,MERO,42,49,20,561.00,"11,220.00"
2019-11-03,2019110301003222,MERO,52,49,13,562.00,"7,306.00"
2019-11-03,2019110301003309,MERO,22,6,25,559.00,"13,975.00"
2019-11-03,2019110301003308,MERO,32,6,10,559.00,"5,590.00"
2019-11-03,2019110301003294,MERO,39,49,20,560.00,"11,200.00"
2019-11-03,2019110301003226,MERO,22,49,50,560.00,"28,000.00"
2019-11-03,2019110301003225,MERO,19,49,100,560.00,"56,000.00"
2019-11-03,2019110301003392,MERO,17,49,20,558.00,"11,160.00"
2019-11-03,2019110301003391,MERO,6,49,145,558.00,"80,910.00"
2019-11-03,2019110301003383,MERO,52,6,36,559.00,"20,124.00"
2019-11-03,2019110301003377,MERO,6,49,55,558.00,"30,690.00"
2019-11-03,2019110301003310,MERO,52,6,30,559.00,"16,770.00"
2019-11-03,2019110301003459,MERO,48,49,81,558.00,"45,198.00"
2019-11-03,2019110301003395,MERO,21,49,15,558.00,"8,370.00"
2019-11-03,2019110301003394,MERO,36,49,14,558.00,"7,812.00"
2019-11-03,2019110301003393,MERO,22,49,25,558.00,"13,950.00"
2019-11-03,2019110301003579,MLBL,13,11,32,212.00,"6,784.00"
2019-11-03,2019110301003573,MLBL,13,42,490,212.00,"103,880.00"
2019-11-03,2019110301003530,MLBL,16,47,100,213.00,"21,300.00"
2019-11-03,2019110301003509,MLBL,16,47,25,213.00,"5,325.00"
2019-11-03,2019110301003508,MLBL,16,48,75,213.00,"15,975.00"
2019-11-03,2019110301003289,MLBL,41,48,100,213.00,"21,300.00"
2019-11-03,2019110301003327,MLBL,35,48,300,213.00,"63,900.00"
2019-11-03,2019110301003456,MLBL,21,48,300,213.00,"63,900.00"
2019-11-03,2019110301003410,MLBL,8,48,50,213.00,"10,650.00"
2019-11-03,2019110301003491,MNBBL,19,48,50,317.00,"15,850.00"
2019-11-03,2019110301003461,MNBBL,41,28,93,318.00,"29,574.00"
2019-11-03,2019110301003469,MSLB,39,58,10,847.00,"8,470.00"
2019-11-03,2019110301003445,MSLB,34,58,34,848.00,"28,832.00"
2019-11-03,2019110301003444,MSLB,47,58,40,849.00,"33,960.00"
2019-11-03,2019110301003443,MSLB,34,58,50,849.00,"42,450.00"
2019-11-03,2019110301003442,MSLB,34,58,50,850.00,"42,500.00"
2019-11-03,2019110301003517,NABIL,21,58,70,755.00,"52,850.00"
2019-11-03,2019110301003424,NABIL,28,58,55,755.00,"41,525.00"
2019-11-03,2019110301003369,NABIL,6,58,335,755.00,"252,925.00"
2019-11-03,2019110301003322,NABIL,22,58,50,755.00,"37,750.00"
2019-11-03,2019110301003305,NABIL,18,58,100,755.00,"75,500.00"
2019-11-03,2019110301003160,NABIL,56,58,15,755.00,"11,325.00"
2019-11-03,2019110301003455,NADEP,47,47,20,391.00,"7,820.00"
2019-11-03,2019110301003152,NADEP,19,20,20,390.00,"7,800.00"
2019-11-03,2019110301003381,NBB,25,35,"1,000",210.00,"210,000.00"
2019-11-03,2019110301003380,NBB,25,21,500,210.00,"105,000.00"
2019-11-03,2019110301003378,NBB,25,57,472,209.00,"98,648.00"
2019-11-03,2019110301003375,NBB,25,50,244,209.00,"50,996.00"
2019-11-03,2019110301003374,NBB,25,50,200,209.00,"41,800.00"
2019-11-03,2019110301003089,NBB,25,28,373,210.00,"78,330.00"
2019-11-03,2019110301003088,NBB,25,59,612,210.00,"128,520.00"
2019-11-03,2019110301003087,NBB,25,48,863,210.00,"181,230.00"
2019-11-03,2019110301003273,NBB,11,6,200,210.00,"42,000.00"
2019-11-03,2019110301003113,NBB,25,33,404,209.00,"84,436.00"
2019-11-03,2019110301003107,NBB,49,58,200,211.00,"42,200.00"
2019-11-03,2019110301003373,NBB,35,50,300,209.00,"62,700.00"
2019-11-03,2019110301003372,NBB,32,50,60,209.00,"12,540.00"
2019-11-03,2019110301003277,NBB,32,6,40,209.00,"8,360.00"
2019-11-03,2019110301003276,NBB,25,6,"1,000",209.00,"209,000.00"
2019-11-03,2019110301003275,NBB,44,6,20,209.00,"4,180.00"
2019-11-03,2019110301003274,NBB,17,6,240,209.00,"50,160.00"
2019-11-03,2019110301003522,NBL,32,46,413,314.00,"129,682.00"
2019-11-03,2019110301003521,NBL,45,46,100,314.00,"31,400.00"
2019-11-03,2019110301003520,NBL,19,46,100,314.00,"31,400.00"
2019-11-03,2019110301003519,NBL,6,46,387,314.00,"121,518.00"
2019-11-03,2019110301003256,NBL,41,20,300,315.00,"94,500.00"
2019-11-03,2019110301003539,NCCB,8,45,602,202.00,"121,604.00"
2019-11-03,2019110301003538,NCCB,8,48,"1,198",202.00,"241,996.00"
2019-11-03,2019110301003272,NCCB,32,48,250,202.00,"50,500.00"
2019-11-03,2019110301003136,NCCB,8,29,68,201.00,"13,668.00"
2019-11-03,2019110301003540,NGPL,37,43,455,99.00,"45,045.00"
2019-11-03,2019110301003514,NIB,41,48,29,440.00,"12,760.00"
2019-11-03,2019110301003368,NIB,41,34,21,440.00,"9,240.00"
2019-11-03,2019110301003367,NIB,16,34,23,440.00,"10,120.00"
2019-11-03,2019110301003158,NIB,16,20,27,440.00,"11,880.00"
2019-11-03,2019110301003157,NIB,42,20,17,440.00,"7,480.00"
2019-11-03,2019110301003357,NIBLPF,26,17,"2,273",6.90,"15,683.70"
2019-11-03,2019110301003463,NICA,42,28,50,404.00,"20,200.00"
2019-11-03,2019110301003428,NICA,10,21,100,403.00,"40,300.00"
2019-11-03,2019110301003207,NICA,37,28,100,404.00,"40,400.00"
2019-11-03,2019110301003199,NICA,44,28,200,404.00,"80,800.00"
2019-11-03,2019110301003194,NICA,44,28,100,404.00,"40,400.00"
2019-11-03,2019110301003288,NICGF,22,22,100,8.78,878.00
2019-11-03,2019110301003278,NICGF,22,22,100,8.61,861.00
2019-11-03,2019110301003495,NICL,25,1,10,267.00,"2,670.00"
2019-11-03,2019110301003362,NICL,43,25,20,262.00,"5,240.00"
2019-11-03,2019110301003567,NIL,28,48,131,375.00,"49,125.00"
2019-11-03,2019110301003566,NIL,49,48,619,375.00,"232,125.00"
2019-11-03,2019110301003416,NIL,14,49,500,376.00,"188,000.00"
2019-11-03,2019110301003534,NLIC,58,58,230,799.00,"183,770.00"
2019-11-03,2019110301003426,NLIC,41,14,50,800.00,"40,000.00"
2019-11-03,2019110301003406,NLIC,55,14,50,800.00,"40,000.00"
2019-11-03,2019110301003370,NLIC,55,44,400,799.00,"319,600.00"
2019-11-03,2019110301003234,NLIC,17,14,100,800.00,"80,000.00"
2019-11-03,2019110301003161,NLIC,55,20,22,799.00,"17,578.00"
2019-11-03,2019110301003513,NLICL,22,22,700,421.00,"294,700.00"
2019-11-03,2019110301003512,NLICL,47,22,20,422.00,"8,440.00"
2019-11-03,2019110301003511,NLICL,40,22,100,423.00,"42,300.00"
2019-11-03,2019110301003510,NLICL,32,22,105,423.00,"44,415.00"
2019-11-03,2019110301003465,NLICL,32,22,95,423.00,"40,185.00"
2019-11-03,2019110301003464,NLICL,32,22,130,423.00,"54,990.00"
2019-11-03,2019110301003458,NLICL,56,22,275,424.00,"116,600.00"
2019-11-03,2019110301003449,NLICL,56,48,47,424.00,"19,928.00"
2019-11-03,2019110301003296,NLICL,56,26,100,424.00,"42,400.00"
2019-11-03,2019110301003123,NLICL,56,17,796,424.00,"337,504.00"
2019-11-03,2019110301003122,NLICL,25,17,59,425.00,"25,075.00"
2019-11-03,2019110301003490,NMBMF,54,18,50,500.00,"25,000.00"
2019-11-03,2019110301003489,NMBMF,57,18,130,500.00,"65,000.00"
2019-11-03,2019110301003389,NMBMF,57,45,70,500.00,"35,000.00"
2019-11-03,2019110301003215,NMBMF,5,18,80,507.00,"40,560.00"
2019-11-03,2019110301003382,NTC,42,58,10,626.00,"6,260.00"
2019-11-03,2019110301003104,NTC,42,59,10,626.00,"6,260.00"
2019-11-03,2019110301003103,NTC,22,59,200,627.00,"125,400.00"
2019-11-03,2019110301003102,NTC,55,59,80,628.00,"50,240.00"
2019-11-03,2019110301003116,NTC,59,44,10,633.00,"6,330.00"
2019-11-03,2019110301003106,NTC,42,59,10,626.00,"6,260.00"
2019-11-03,2019110301003105,NTC,57,59,200,626.00,"125,200.00"
2019-11-03,2019110301003529,PCBL,28,28,46,263.00,"12,098.00"
2019-11-03,2019110301003523,PCBL,11,53,30,264.00,"7,920.00"
2019-11-03,2019110301003414,PCBL,11,22,70,263.00,"18,410.00"
2019-11-03,2019110301003413,PCBL,41,22,490,263.00,"128,870.00"
2019-11-03,2019110301003412,PCBL,41,22,200,263.00,"52,600.00"
2019-11-03,2019110301003168,PCBL,57,53,490,263.00,"128,870.00"
2019-11-03,2019110301003093,PCBL,57,45,10,263.00,"2,630.00"
2019-11-03,2019110301003092,PCBL,10,45,41,263.00,"10,783.00"
2019-11-03,2019110301003555,PIC,20,57,10,353.00,"3,530.00"
2019-11-03,2019110301003548,PIC,47,47,9,357.00,"3,213.00"
2019-11-03,2019110301003532,PIC,20,57,82,353.00,"28,946.00"
2019-11-03,2019110301003501,PIC,7,49,13,357.00,"4,641.00"
2019-11-03,2019110301003494,PIC,47,47,20,356.00,"7,120.00"
2019-11-03,2019110301003462,PIC,44,49,"1,423",357.00,"508,011.00"
2019-11-03,2019110301003169,PIC,39,49,673,362.00,"243,626.00"
2019-11-03,2019110301003350,PIC,59,38,30,361.00,"10,830.00"
2019-11-03,2019110301003349,PIC,39,38,420,361.00,"151,620.00"
2019-11-03,2019110301003173,PIC,39,49,100,362.00,"36,200.00"
2019-11-03,2019110301003172,PIC,11,49,50,362.00,"18,100.00"
2019-11-03,2019110301003171,PIC,45,49,10,362.00,"3,620.00"
2019-11-03,2019110301003170,PIC,44,49,50,362.00,"18,100.00"
2019-11-03,2019110301003356,PIC,44,38,577,357.00,"205,989.00"
2019-11-03,2019110301003355,PIC,53,38,92,360.00,"33,120.00"
2019-11-03,2019110301003354,PIC,47,38,50,360.00,"18,000.00"
2019-11-03,2019110301003353,PIC,47,38,100,360.00,"36,000.00"
2019-11-03,2019110301003352,PIC,1,38,131,360.00,"47,160.00"
2019-11-03,2019110301003351,PIC,17,38,100,361.00,"36,100.00"
2019-11-03,2019110301003131,PLIC,16,38,10,311.00,"3,110.00"
2019-11-03,2019110301003130,PLIC,1,38,200,312.00,"62,400.00"
2019-11-03,2019110301003129,PLIC,41,38,20,312.00,"6,240.00"
2019-11-03,2019110301003128,PLIC,49,38,500,312.00,"156,000.00"
2019-11-03,2019110301003307,PPCL,42,47,10,96.00,960.00
2019-11-03,2019110301003488,PRIN,36,7,100,311.00,"31,100.00"
2019-11-03,2019110301003577,PRVU,58,44,100,268.00,"26,800.00"
2019-11-03,2019110301003547,PRVU,45,59,200,267.00,"53,400.00"
2019-11-03,2019110301003481,PRVU,41,44,100,268.00,"26,800.00"
2019-11-03,2019110301003480,PRVU,57,44,400,268.00,"107,200.00"
2019-11-03,2019110301003479,PRVU,50,44,100,268.00,"26,800.00"
2019-11-03,2019110301003478,PRVU,21,44,400,268.00,"107,200.00"
2019-11-03,2019110301003155,PRVU,17,14,47,268.00,"12,596.00"
2019-11-03,2019110301003154,PRVU,17,44,719,268.00,"192,692.00"
2019-11-03,2019110301003142,PRVU,49,44,500,268.00,"134,000.00"
2019-11-03,2019110301003121,PRVU,45,5,200,267.00,"53,400.00"
2019-11-03,2019110301003081,PRVU,45,1,200,267.00,"53,400.00"
2019-11-03,2019110301003258,PRVU,11,40,66,268.00,"17,688.00"
2019-11-03,2019110301003245,PRVU,41,40,700,268.00,"187,600.00"
2019-11-03,2019110301003228,PRVU,39,40,234,268.00,"62,712.00"
2019-11-03,2019110301003227,PRVU,39,4,266,268.00,"71,288.00"
2019-11-03,2019110301003202,PRVU,37,4,100,268.00,"26,800.00"
2019-11-03,2019110301003156,PRVU,17,4,634,268.00,"169,912.00"
2019-11-03,2019110301003339,PRVU,17,44,60,268.00,"16,080.00"
2019-11-03,2019110301003326,PRVU,22,44,200,268.00,"53,600.00"
2019-11-03,2019110301003303,PRVU,44,44,534,268.00,"143,112.00"
2019-11-03,2019110301003302,PRVU,44,40,466,268.00,"124,888.00"
2019-11-03,2019110301003259,PRVU,11,40,34,268.00,"9,112.00"
2019-11-03,2019110301003439,PRVU,38,4,99,269.00,"26,631.00"
2019-11-03,2019110301003438,PRVU,38,44,171,269.00,"45,999.00"
2019-11-03,2019110301003433,PRVU,35,44,"4,000",268.00,"1,072,000.00"
2019-11-03,2019110301003432,PRVU,35,53,206,268.00,"55,208.00"
2019-11-03,2019110301003360,PRVU,38,53,794,268.00,"212,792.00"
2019-11-03,2019110301003359,PRVU,38,44,"1,206",268.00,"323,208.00"
2019-11-03,2019110301003230,RBCL,7,17,10,"8,000.00","80,000.00"
2019-11-03,2019110301003404,RHPL,16,58,10,171.00,"1,710.00"
2019-11-03,2019110301003402,RHPL,16,44,40,171.00,"6,840.00"
2019-11-03,2019110301003386,RHPL,16,58,10,171.00,"1,710.00"
2019-11-03,2019110301003371,RHPL,16,44,40,171.00,"6,840.00"
2019-11-03,2019110301003338,RHPL,16,44,40,171.00,"6,840.00"
2019-11-03,2019110301003325,RHPL,16,44,40,171.00,"6,840.00"
2019-11-03,2019110301003137,RHPL,16,44,40,171.00,"6,840.00"
2019-11-03,2019110301003118,RHPL,16,40,10,171.00,"1,710.00"
2019-11-03,2019110301003099,RHPL,16,44,40,171.00,"6,840.00"
2019-11-03,2019110301003082,RHPL,16,44,40,171.00,"6,840.00"
2019-11-03,2019110301003203,RHPL,13,44,40,172.00,"6,880.00"
2019-11-03,2019110301003201,RHPL,13,26,40,172.00,"6,880.00"
2019-11-03,2019110301003175,RHPL,16,38,30,171.00,"5,130.00"
2019-11-03,2019110301003174,RHPL,16,44,40,171.00,"6,840.00"
2019-11-03,2019110301003164,RHPL,16,38,30,171.00,"5,130.00"
2019-11-03,2019110301003153,RHPL,16,38,30,171.00,"5,130.00"
2019-11-03,2019110301003311,RHPL,16,44,40,171.00,"6,840.00"
2019-11-03,2019110301003304,RHPL,16,44,40,171.00,"6,840.00"
2019-11-03,2019110301003298,RHPL,16,47,10,171.00,"1,710.00"
2019-11-03,2019110301003280,RHPL,16,44,40,171.00,"6,840.00"
2019-11-03,2019110301003236,RHPL,16,44,20,171.00,"3,420.00"
2019-11-03,2019110301003214,RHPL,13,44,20,172.00,"3,440.00"
2019-11-03,2019110301003457,RMDC,6,1,86,605.00,"52,030.00"
2019-11-03,2019110301003515,RRHP,22,47,10,102.00,"1,020.00"
2019-11-03,2019110301003186,RRHP,22,20,10,100.00,"1,000.00"
2019-11-03,2019110301003083,RSDC,38,38,50,325.00,"16,250.00"
2019-11-03,2019110301003292,SABSL,32,44,10,450.00,"4,500.00"
2019-11-03,2019110301003139,SABSL,32,44,10,448.00,"4,480.00"
2019-11-03,2019110301003119,SABSL,10,44,10,449.00,"4,490.00"
2019-11-03,2019110301003554,SADBL,32,48,100,137.00,"13,700.00"
2019-11-03,2019110301003497,SADBL,35,48,285,137.00,"39,045.00"
2019-11-03,2019110301003477,SADBL,35,19,215,137.00,"29,455.00"
2019-11-03,2019110301003476,SADBL,42,19,115,137.00,"15,755.00"
2019-11-03,2019110301003475,SADBL,42,19,170,137.00,"23,290.00"
2019-11-03,2019110301003248,SADBL,42,28,30,137.00,"4,110.00"
2019-11-03,2019110301003247,SADBL,56,28,511,137.00,"70,007.00"
2019-11-03,2019110301003246,SADBL,56,28,459,137.00,"62,883.00"
2019-11-03,2019110301003345,SANIMA,48,57,100,306.00,"30,600.00"
2019-11-03,2019110301003150,SANIMA,4,47,899,305.00,"274,195.00"
2019-11-03,2019110301003149,SANIMA,40,47,100,306.00,"30,600.00"
2019-11-03,2019110301003127,SANIMA,4,43,101,305.00,"30,805.00"
2019-11-03,2019110301003126,SANIMA,4,43,200,305.00,"61,000.00"
2019-11-03,2019110301003125,SANIMA,45,43,20,306.00,"6,120.00"
2019-11-03,2019110301003124,SANIMA,50,43,179,306.00,"54,774.00"
2019-11-03,2019110301003526,SBI,38,48,250,405.00,"101,250.00"
2019-11-03,2019110301003525,SBI,38,48,500,405.00,"202,500.00"
2019-11-03,2019110301003524,SBI,37,48,100,406.00,"40,600.00"
2019-11-03,2019110301003110,SBI,7,5,478,404.00,"193,112.00"
2019-11-03,2019110301003109,SBI,6,5,50,404.00,"20,200.00"
2019-11-03,2019110301003108,SBI,6,5,10,405.00,"4,050.00"
2019-11-03,2019110301003536,SBL,49,17,50,293.00,"14,650.00"
2019-11-03,2019110301003499,SBL,46,17,500,292.00,"146,000.00"
2019-11-03,2019110301003472,SBL,50,50,343,293.00,"100,499.00"
2019-11-03,2019110301003401,SBL,41,17,100,295.00,"29,500.00"
2019-11-03,2019110301003400,SBL,46,17,18,292.00,"5,256.00"
2019-11-03,2019110301003399,SBL,57,17,50,292.00,"14,600.00"
2019-11-03,2019110301003187,SBL,46,17,109,295.00,"32,155.00"
2019-11-03,2019110301003135,SBL,46,17,91,295.00,"26,845.00"
2019-11-03,2019110301003134,SBL,29,17,50,295.00,"14,750.00"
2019-11-03,2019110301003133,SBL,5,17,150,295.00,"44,250.00"
2019-11-03,2019110301003132,SBL,6,17,209,295.00,"61,655.00"
2019-11-03,2019110301003097,SBL,6,1,150,295.00,"44,250.00"
2019-11-03,2019110301003398,SBL,14,17,41,292.00,"11,972.00"
2019-11-03,2019110301003397,SBL,56,17,81,293.00,"23,733.00"
2019-11-03,2019110301003396,SBL,45,17,10,293.00,"2,930.00"
2019-11-03,2019110301003365,SBL,14,56,19,292.00,"5,548.00"
2019-11-03,2019110301003297,SBL,49,56,50,294.00,"14,700.00"
2019-11-03,2019110301003188,SBL,5,17,300,295.00,"88,500.00"
2019-11-03,2019110301003561,SCB,1,38,66,557.00,"36,762.00"
2019-11-03,2019110301003560,SCB,42,38,10,559.00,"5,590.00"
2019-11-03,2019110301003559,SCB,47,38,100,559.00,"55,900.00"
2019-11-03,2019110301003558,SCB,29,38,30,559.00,"16,770.00"
2019-11-03,2019110301003557,SCB,46,38,50,560.00,"28,000.00"
2019-11-03,2019110301003146,SCB,40,29,30,561.00,"16,830.00"
2019-11-03,2019110301003096,SCB,16,29,50,561.00,"28,050.00"
2019-11-03,2019110301003312,SCB,7,48,267,562.00,"150,054.00"
2019-11-03,2019110301003262,SCB,46,6,30,561.00,"16,830.00"
2019-11-03,2019110301003190,SCB,7,20,20,560.00,"11,200.00"
2019-11-03,2019110301003184,SCB,7,29,13,560.00,"7,280.00"
2019-11-03,2019110301003183,SCB,32,29,57,560.00,"31,920.00"
2019-11-03,2019110301003182,SCB,29,29,30,560.00,"16,800.00"
2019-11-03,2019110301003580,SHIVM,51,26,50,487.00,"24,350.00"
2019-11-03,2019110301003571,SHIVM,41,53,50,488.00,"24,400.00"
2019-11-03,2019110301003163,SHIVM,34,3,100,488.00,"48,800.00"
2019-11-03,2019110301003162,SHIVM,46,3,400,488.00,"195,200.00"
2019-11-03,2019110301003286,SHPC,55,53,47,188.00,"8,836.00"
2019-11-03,2019110301003285,SHPC,13,53,443,188.00,"83,284.00"
2019-11-03,2019110301003271,SHPC,34,19,"1,205",189.00,"227,745.00"
2019-11-03,2019110301003205,SHPC,57,19,75,189.00,"14,175.00"
2019-11-03,2019110301003578,SICL,44,25,120,728.00,"87,360.00"
2019-11-03,2019110301003572,SJCL,13,40,20,168.00,"3,360.00"
2019-11-03,2019110301003563,SJCL,13,40,10,168.00,"1,680.00"
2019-11-03,2019110301003549,SJCL,13,40,20,168.00,"3,360.00"
2019-11-03,2019110301003533,SJCL,13,40,20,168.00,"3,360.00"
2019-11-03,2019110301003167,SJCL,40,38,10,168.00,"1,680.00"
2019-11-03,2019110301003159,SJCL,40,38,10,168.00,"1,680.00"
2019-11-03,2019110301003147,SJCL,40,44,20,168.00,"3,360.00"
2019-11-03,2019110301003117,SJCL,40,44,20,168.00,"3,360.00"
2019-11-03,2019110301003094,SJCL,40,44,20,168.00,"3,360.00"
2019-11-03,2019110301003090,SJCL,40,39,20,168.00,"3,360.00"
2019-11-03,2019110301003233,SJCL,40,40,20,168.00,"3,360.00"
2019-11-03,2019110301003229,SJCL,40,40,20,168.00,"3,360.00"
2019-11-03,2019110301003213,SJCL,40,40,20,168.00,"3,360.00"
2019-11-03,2019110301003206,SJCL,40,44,20,168.00,"3,360.00"
2019-11-03,2019110301003195,SJCL,40,44,20,168.00,"3,360.00"
2019-11-03,2019110301003185,SJCL,40,38,10,168.00,"1,680.00"
2019-11-03,2019110301003244,SJCL,40,40,20,168.00,"3,360.00"
2019-11-03,2019110301003293,SJCL,40,40,20,168.00,"3,360.00"
2019-11-03,2019110301003283,SJCL,40,44,20,168.00,"3,360.00"
2019-11-03,2019110301003281,SJCL,40,40,20,168.00,"3,360.00"
2019-11-03,2019110301003261,SJCL,40,40,20,168.00,"3,360.00"
2019-11-03,2019110301003257,SJCL,40,44,20,168.00,"3,360.00"
2019-11-03,2019110301003333,SJCL,40,44,20,168.00,"3,360.00"
2019-11-03,2019110301003328,SJCL,40,40,20,168.00,"3,360.00"
2019-11-03,2019110301003323,SJCL,40,40,20,168.00,"3,360.00"
2019-11-03,2019110301003321,SJCL,40,44,20,168.00,"3,360.00"
2019-11-03,2019110301003306,SJCL,40,44,20,168.00,"3,360.00"
2019-11-03,2019110301003300,SJCL,40,47,10,168.00,"1,680.00"
2019-11-03,2019110301003366,SJCL,40,40,10,168.00,"1,680.00"
2019-11-03,2019110301003363,SJCL,40,40,20,168.00,"3,360.00"
2019-11-03,2019110301003348,SJCL,40,40,20,168.00,"3,360.00"
2019-11-03,2019110301003346,SJCL,40,44,20,168.00,"3,360.00"
2019-11-03,2019110301003343,SJCL,40,40,20,168.00,"3,360.00"
2019-11-03,2019110301003335,SJCL,40,40,20,168.00,"3,360.00"
2019-11-03,2019110301003403,SJCL,40,40,20,168.00,"3,360.00"
2019-11-03,2019110301003390,SJCL,40,58,10,168.00,"1,680.00"
2019-11-03,2019110301003388,SJCL,40,40,20,168.00,"3,360.00"
2019-11-03,2019110301003384,SJCL,40,40,20,168.00,"3,360.00"
2019-11-03,2019110301003379,SJCL,40,44,20,168.00,"3,360.00"
2019-11-03,2019110301003376,SJCL,40,40,20,168.00,"3,360.00"
2019-11-03,2019110301003422,SJCL,40,40,20,168.00,"3,360.00"
2019-11-03,2019110301003417,SJCL,40,40,20,168.00,"3,360.00"
2019-11-03,2019110301003409,SJCL,40,58,10,168.00,"1,680.00"
2019-11-03,2019110301003408,SJCL,40,40,20,168.00,"3,360.00"
2019-11-03,2019110301003405,SJCL,40,44,20,168.00,"3,360.00"
2019-11-03,2019110301003466,SJCL,40,40,20,168.00,"3,360.00"
2019-11-03,2019110301003460,SJCL,40,40,20,168.00,"3,360.00"
2019-11-03,2019110301003452,SJCL,40,40,20,168.00,"3,360.00"
2019-11-03,2019110301003441,SJCL,40,40,20,168.00,"3,360.00"
2019-11-03,2019110301003436,SJCL,40,40,20,168.00,"3,360.00"
2019-11-03,2019110301003427,SJCL,40,40,20,168.00,"3,360.00"
2019-11-03,2019110301003518,SJCL,40,40,20,168.00,"3,360.00"
2019-11-03,2019110301003505,SJCL,40,40,20,168.00,"3,360.00"
2019-11-03,2019110301003500,SJCL,40,40,10,168.00,"1,680.00"
2019-11-03,2019110301003496,SJCL,40,40,20,168.00,"3,360.00"
2019-11-03,2019110301003485,SJCL,40,40,20,168.00,"3,360.00"
2019-11-03,2019110301003474,SJCL,40,40,20,168.00,"3,360.00"
2019-11-03,2019110301003407,SKBBL,21,53,57,925.00,"52,725.00"
2019-11-03,2019110301003204,SKBBL,39,26,400,920.00,"368,000.00"
2019-11-03,2019110301003570,SLBSL,49,39,30,712.00,"21,360.00"
2019-11-03,2019110301003565,SLBSL,49,25,30,712.00,"21,360.00"
2019-11-03,2019110301003564,SLBSL,43,25,70,712.00,"49,840.00"
2019-11-03,2019110301003231,SMATA,37,28,90,528.00,"47,520.00"
2019-11-03,2019110301003430,SRBL,52,17,177,208.00,"36,816.00"
2019-11-03,2019110301003429,SRBL,6,17,323,208.00,"67,184.00"
2019-11-03,2019110301003411,SRBL,32,57,700,209.00,"146,300.00"
2019-11-03,2019110301003364,SRBL,51,57,100,209.00,"20,900.00"
2019-11-03,2019110301003260,SRBL,6,17,500,208.00,"104,000.00"
2019-11-03,2019110301003249,SRBL,6,17,"1,000",208.00,"208,000.00"
2019-11-03,2019110301003212,SRBL,34,17,75,209.00,"15,675.00"
2019-11-03,2019110301003211,SRBL,34,51,125,209.00,"26,125.00"
2019-11-03,2019110301003210,SRBL,34,51,50,209.00,"10,450.00"
2019-11-03,2019110301003209,SRBL,17,51,500,209.00,"104,500.00"
2019-11-03,2019110301003208,SRBL,40,51,59,210.00,"12,390.00"
2019-11-03,2019110301003114,SRBL,40,1,100,210.00,"21,000.00"
2019-11-03,2019110301003454,SWBBL,39,37,100,900.00,"90,000.00"
2019-11-03,2019110301003453,SWBBL,44,37,35,900.00,"31,500.00"
2019-11-03,2019110301003334,TMDBL,33,57,100,150.00,"15,000.00"
2019-11-03,2019110301003220,TRH,58,10,95,277.00,"26,315.00"
2019-11-03,2019110301003219,TRH,7,10,400,278.00,"111,200.00"
2019-11-03,2019110301003218,TRH,56,10,50,278.00,"13,900.00"
2019-11-03,2019110301003217,TRH,57,10,100,278.00,"27,800.00"
2019-11-03,2019110301003291,UPCL,37,47,50,74.00,"3,700.00"
2019-11-03,2019110301003332,UPPER,6,56,80,235.00,"18,800.00"
2019-11-03,2019110301003331,UPPER,6,56,293,235.00,"68,855.00"
2019-11-03,2019110301003330,UPPER,6,52,127,235.00,"29,845.00"
2019-11-03,2019110301003329,UPPER,49,57,"1,100",234.00,"257,400.00"
2019-11-03,2019110301003282,UPPER,49,47,40,234.00,"9,360.00"
2019-11-03,2019110301003216,UPPER,37,52,100,235.00,"23,500.00"
2019-11-03,2019110301003115,UPPER,49,29,170,234.00,"39,780.00"
2019-11-03,2019110301003542,VLBS,38,28,21,564.00,"11,844.00"
2019-11-03,2019110301003541,VLBS,21,28,11,564.00,"6,204.00"
2019-11-03,2019110301003015,ADBL,22,42,25,411.00,"10,275.00"
2019-11-03,2019110301003014,ADBL,39,42,500,411.00,"205,500.00"
2019-11-03,2019110301002886,ADBL,53,22,13,411.00,"5,343.00"
2019-11-03,2019110301002885,ADBL,22,22,50,411.00,"20,550.00"
2019-11-03,2019110301002884,ADBL,49,22,300,411.00,"123,300.00"
2019-11-03,2019110301002883,ADBL,6,22,50,411.00,"20,550.00"
2019-11-03,2019110301002882,ADBL,21,22,159,411.00,"65,349.00"
2019-11-03,2019110301002788,ADBL,21,19,31,411.00,"12,741.00"
2019-11-03,2019110301002740,ADBL,21,50,177,411.00,"72,747.00"
2019-11-03,2019110301002965,AKBSL,48,44,10,408.00,"4,080.00"
2019-11-03,2019110301002948,AKBSL,48,44,10,408.00,"4,080.00"
2019-11-03,2019110301002889,AKBSL,48,44,10,408.00,"4,080.00"
2019-11-03,2019110301002685,AKBSL,26,26,10,412.00,"4,120.00"
2019-11-03,2019110301002662,AKBSL,48,57,10,408.00,"4,080.00"
2019-11-03,2019110301002624,AKBSL,48,44,10,408.00,"4,080.00"
2019-11-03,2019110301002611,AKBSL,48,44,10,408.00,"4,080.00"
2019-11-03,2019110301002930,AKJCL,59,34,20,53.00,"1,060.00"
2019-11-03,2019110301002929,AKJCL,59,56,10,53.00,530.00
2019-11-03,2019110301002921,AKJCL,11,18,10,52.00,520.00
2019-11-03,2019110301002849,AKJCL,11,18,10,52.00,520.00
2019-11-03,2019110301002808,AKJCL,11,56,10,52.00,520.00
2019-11-03,2019110301002806,AKJCL,11,56,10,52.00,520.00
2019-11-03,2019110301002756,AKJCL,25,18,10,52.00,520.00
2019-11-03,2019110301002800,AKJCL,11,56,10,52.00,520.00
2019-11-03,2019110301002785,AKJCL,11,56,10,52.00,520.00
2019-11-03,2019110301002782,AKJCL,11,56,10,52.00,520.00
2019-11-03,2019110301002780,AKJCL,11,56,10,52.00,520.00
2019-11-03,2019110301002767,AKJCL,11,56,10,52.00,520.00
2019-11-03,2019110301002757,AKJCL,11,18,10,52.00,520.00
2019-11-03,2019110301002669,AKPL,26,57,84,128.00,"10,752.00"
2019-11-03,2019110301002623,AKPL,26,57,32,128.00,"4,096.00"
2019-11-03,2019110301002622,AKPL,45,57,52,130.00,"6,760.00"
2019-11-03,2019110301002850,ALBSL,47,43,40,387.00,"15,480.00"
2019-11-03,2019110301002949,ALICL,25,19,64,314.00,"20,096.00"
2019-11-03,2019110301002703,ALICL,16,52,10,310.00,"3,100.00"
2019-11-03,2019110301003070,API,3,42,10,110.00,"1,100.00"
2019-11-03,2019110301003007,API,35,42,100,110.00,"11,000.00"
2019-11-03,2019110301003006,API,35,25,100,110.00,"11,000.00"
2019-11-03,2019110301002836,API,33,42,40,110.00,"4,400.00"
2019-11-03,2019110301002697,API,25,42,119,109.00,"12,971.00"
2019-11-03,2019110301002696,API,39,42,881,109.00,"96,029.00"
2019-11-03,2019110301002613,API,39,52,300,109.00,"32,700.00"
2019-11-03,2019110301003056,BOKL,40,47,200,224.00,"44,800.00"
2019-11-03,2019110301003051,BOKL,38,47,200,224.00,"44,800.00"
2019-11-03,2019110301003050,BOKL,55,47,500,224.00,"112,000.00"
2019-11-03,2019110301003049,BOKL,22,47,450,224.00,"100,800.00"
2019-11-03,2019110301003048,BOKL,29,47,50,224.00,"11,200.00"
2019-11-03,2019110301003047,BOKL,26,47,100,224.00,"22,400.00"
2019-11-03,2019110301002710,BOKL,22,43,481,226.00,"108,706.00"
2019-11-03,2019110301002709,BOKL,22,22,138,226.00,"31,188.00"
2019-11-03,2019110301002708,BOKL,22,28,11,226.00,"2,486.00"
2019-11-03,2019110301002650,BOKL,45,28,100,226.00,"22,600.00"
2019-11-03,2019110301002996,BOKL,6,42,27,225.00,"6,075.00"
2019-11-03,2019110301002899,BOKL,6,43,239,225.00,"53,775.00"
2019-11-03,2019110301002856,BOKL,6,50,98,225.00,"22,050.00"
2019-11-03,2019110301002830,BOKL,6,51,136,225.00,"30,600.00"
2019-11-03,2019110301002829,BOKL,48,51,10,225.00,"2,250.00"
2019-11-03,2019110301002828,BOKL,51,51,262,225.00,"58,950.00"
2019-11-03,2019110301003029,BOKL,25,47,"1,000",225.00,"225,000.00"
2019-11-03,2019110301003028,BOKL,41,47,100,225.00,"22,500.00"
2019-11-03,2019110301003027,BOKL,19,47,179,225.00,"40,275.00"
2019-11-03,2019110301002999,BOKL,19,42,21,225.00,"4,725.00"
2019-11-03,2019110301002998,BOKL,33,42,130,225.00,"29,250.00"
2019-11-03,2019110301002997,BOKL,44,42,50,225.00,"11,250.00"
2019-11-03,2019110301002966,BPCL,58,18,55,358.00,"19,690.00"
2019-11-03,2019110301002928,BPCL,47,18,55,357.00,"19,635.00"
2019-11-03,2019110301002916,BPCL,47,18,20,358.00,"7,160.00"
2019-11-03,2019110301002864,BPCL,49,18,35,358.00,"12,530.00"
2019-11-03,2019110301002759,BPCL,49,18,55,358.00,"19,690.00"
2019-11-03,2019110301002673,BPCL,49,57,55,358.00,"19,690.00"
2019-11-03,2019110301002628,BPCL,49,57,55,358.00,"19,690.00"
2019-11-03,2019110301003044,CBBL,32,58,35,974.00,"34,090.00"
2019-11-03,2019110301003043,CBBL,32,49,20,974.00,"19,480.00"
2019-11-03,2019110301003026,CBBL,29,25,17,972.00,"16,524.00"
2019-11-03,2019110301002835,CBBL,32,37,155,969.00,"150,195.00"
2019-11-03,2019110301002834,CBBL,40,37,10,972.00,"9,720.00"
2019-11-03,2019110301003009,CBL,7,48,"2,100",142.00,"298,200.00"
2019-11-03,2019110301003008,CBL,7,53,900,142.00,"127,800.00"
2019-11-03,2019110301002858,CBL,38,50,39,141.00,"5,499.00"
2019-11-03,2019110301002799,CBL,38,33,73,141.00,"10,293.00"
2019-11-03,2019110301002797,CBL,5,22,493,141.00,"69,513.00"
2019-11-03,2019110301002796,CBL,48,22,700,141.00,"98,700.00"
2019-11-03,2019110301002671,CBL,14,53,100,142.00,"14,200.00"
2019-11-03,2019110301002795,CBL,22,22,100,141.00,"14,100.00"
2019-11-03,2019110301002794,CBL,59,22,200,141.00,"28,200.00"
2019-11-03,2019110301002793,CBL,8,22,"1,000",141.00,"141,000.00"
2019-11-03,2019110301002792,CBL,41,22,500,141.00,"70,500.00"
2019-11-03,2019110301002791,CBL,41,22,300,141.00,"42,300.00"
2019-11-03,2019110301002790,CBL,56,22,14,141.00,"1,974.00"
2019-11-03,2019110301002838,CCBL,6,57,38,155.00,"5,890.00"
2019-11-03,2019110301002837,CCBL,34,57,79,155.00,"12,245.00"
2019-11-03,2019110301002804,CCBL,34,33,78,155.00,"12,090.00"
2019-11-03,2019110301002741,CCBL,49,37,100,156.00,"15,600.00"
2019-11-03,2019110301002608,CCBL,34,25,143,155.00,"22,165.00"
2019-11-03,2019110301002607,CCBL,34,25,79,155.00,"12,245.00"
2019-11-03,2019110301002980,CHCL,6,37,95,419.00,"39,805.00"
2019-11-03,2019110301002653,CHCL,37,37,100,420.00,"42,000.00"
2019-11-03,2019110301002945,CHL,58,18,10,79.00,790.00
2019-11-03,2019110301002874,CHL,58,18,10,79.00,790.00
2019-11-03,2019110301002769,CHL,58,18,10,79.00,790.00
2019-11-03,2019110301002581,CIT,37,1,27,"1,791.00","48,357.00"
2019-11-03,2019110301003038,CZBIL,42,37,22,192.00,"4,224.00"
2019-11-03,2019110301003037,CZBIL,42,13,24,192.00,"4,608.00"
2019-11-03,2019110301003057,DBBL,26,14,"1,931",124.00,"239,444.00"
2019-11-03,2019110301002989,DBBL,45,14,"1,000",123.00,"123,000.00"
2019-11-03,2019110301002988,DBBL,40,14,138,123.00,"16,974.00"
2019-11-03,2019110301002922,DBBL,40,48,62,123.00,"7,626.00"
2019-11-03,2019110301002913,DBBL,7,48,"2,500",123.00,"307,500.00"
2019-11-03,2019110301002807,DBBL,17,48,78,123.00,"9,594.00"
2019-11-03,2019110301002746,DBBL,47,41,55,122.00,"6,710.00"
2019-11-03,2019110301002693,DBBL,17,14,100,123.00,"12,300.00"
2019-11-03,2019110301002692,DBBL,36,14,600,123.00,"73,800.00"
2019-11-03,2019110301002691,DBBL,5,14,40,123.00,"4,920.00"
2019-11-03,2019110301002690,DBBL,42,14,200,123.00,"24,600.00"
2019-11-03,2019110301002689,DBBL,39,14,150,123.00,"18,450.00"
2019-11-03,2019110301002717,DBBLPO,17,58,"139,600",103.00,"14,378,800.00"
2019-11-03,2019110301002661,DDBL,49,14,50,717.00,"35,850.00"
2019-11-03,2019110301002964,EBL,16,48,50,556.00,"27,800.00"
2019-11-03,2019110301002946,EBL,47,50,76,555.00,"42,180.00"
2019-11-03,2019110301002873,EBL,11,50,100,555.00,"55,500.00"
2019-11-03,2019110301002867,EBL,42,48,200,556.00,"111,200.00"
2019-11-03,2019110301003041,EDBL,42,45,100,270.00,"27,000.00"
2019-11-03,2019110301002642,EDBL,56,39,103,271.00,"27,913.00"
2019-11-03,2019110301002598,FMDBL,16,48,30,306.00,"9,180.00"
2019-11-03,2019110301002597,FMDBL,55,48,20,307.00,"6,140.00"
2019-11-03,2019110301002596,FMDBL,17,48,100,308.00,"30,800.00"
2019-11-03,2019110301002938,FOWAD,56,13,100,"1,280.00","128,000.00"
2019-11-03,2019110301002982,GBBL,55,22,322,221.00,"71,162.00"
2019-11-03,2019110301002937,GBBL,45,10,20,222.00,"4,440.00"
2019-11-03,2019110301002912,GBBL,55,48,290,221.00,"64,090.00"
2019-11-03,2019110301002843,GBBL,32,48,600,221.00,"132,600.00"
2019-11-03,2019110301002827,GBBL,32,57,400,221.00,"88,400.00"
2019-11-03,2019110301002969,GBLBS,55,18,15,308.00,"4,620.00"
2019-11-03,2019110301002877,GBLBS,55,18,15,308.00,"4,620.00"
2019-11-03,2019110301002591,GBLBS,55,40,10,308.00,"3,080.00"
2019-11-03,2019110301002707,GFCL,59,6,35,133.00,"4,655.00"
2019-11-03,2019110301002959,GMFBS,10,4,20,469.00,"9,380.00"
2019-11-03,2019110301002957,GMFBS,10,56,14,468.00,"6,552.00"
2019-11-03,2019110301002951,GMFBS,10,39,10,460.00,"4,600.00"
2019-11-03,2019110301003054,GRDBL,42,57,100,105.00,"10,500.00"
2019-11-03,2019110301002917,HBL,53,17,24,495.00,"11,880.00"
2019-11-03,2019110301002847,HBL,53,22,23,495.00,"11,385.00"
2019-11-03,2019110301002846,HBL,22,22,10,495.00,"4,950.00"
2019-11-03,2019110301002845,HBL,51,22,20,496.00,"9,920.00"
2019-11-03,2019110301002762,HBL,51,21,10,496.00,"4,960.00"
2019-11-03,2019110301002606,HGI,37,46,465,261.00,"121,365.00"
2019-11-03,2019110301002605,HGI,35,46,100,262.00,"26,200.00"
2019-11-03,2019110301002604,HGI,37,46,100,262.00,"26,200.00"
2019-11-03,2019110301002603,HGI,56,46,270,262.00,"70,740.00"
2019-11-03,2019110301002602,HGI,56,46,100,263.00,"26,300.00"
2019-11-03,2019110301003001,HIDCL,6,33,319,134.00,"42,746.00"
2019-11-03,2019110301002986,HIDCL,39,42,61,132.00,"8,052.00"
2019-11-03,2019110301002677,HIDCL,14,57,61,133.00,"8,113.00"
2019-11-03,2019110301002631,HIDCL,14,57,61,133.00,"8,113.00"
2019-11-03,2019110301003046,HPPL,45,44,10,137.00,"1,370.00"
2019-11-03,2019110301002931,HPPL,18,18,10,138.00,"1,380.00"
2019-11-03,2019110301002896,HPPL,18,18,10,138.00,"1,380.00"
2019-11-03,2019110301002809,HPPL,18,18,10,138.00,"1,380.00"
2019-11-03,2019110301002635,HPPL,45,57,10,137.00,"1,370.00"
2019-11-03,2019110301003080,ILBS,32,51,20,436.00,"8,720.00"
2019-11-03,2019110301003025,ILBS,32,58,10,436.00,"4,360.00"
2019-11-03,2019110301003020,ILBS,55,47,10,439.00,"4,390.00"
2019-11-03,2019110301002682,ILBS,26,26,10,442.00,"4,420.00"
2019-11-03,2019110301002783,JOSHI,29,18,20,62.00,"1,240.00"
2019-11-03,2019110301002754,JOSHI,29,28,20,62.00,"1,240.00"
2019-11-03,2019110301002853,KBL,58,58,10,183.00,"1,830.00"
2019-11-03,2019110301002643,KSBBL,22,57,91,144.00,"13,104.00"
2019-11-03,2019110301002875,LBBL,35,48,412,173.00,"71,276.00"
2019-11-03,2019110301002852,LBBL,35,57,120,173.00,"20,760.00"
2019-11-03,2019110301003011,LBL,32,48,"2,000",220.00,"440,000.00"
2019-11-03,2019110301002902,LBL,19,48,100,220.00,"22,000.00"
2019-11-03,2019110301002900,LBL,45,48,550,220.00,"121,000.00"
2019-11-03,2019110301002890,LBL,32,50,16,219.00,"3,504.00"
2019-11-03,2019110301002881,LBL,32,48,282,220.00,"62,040.00"
2019-11-03,2019110301002862,LBL,32,36,100,220.00,"22,000.00"
2019-11-03,2019110301002861,LBL,32,45,40,220.00,"8,800.00"
2019-11-03,2019110301002860,LBL,32,37,400,220.00,"88,000.00"
2019-11-03,2019110301002859,LBL,32,25,178,220.00,"39,160.00"
2019-11-03,2019110301002854,LBL,11,37,100,220.00,"22,000.00"
2019-11-03,2019110301002732,LBL,32,21,15,219.00,"3,285.00"
2019-11-03,2019110301002627,LBL,32,22,788,219.00,"172,572.00"
2019-11-03,2019110301002768,LGIL,49,21,600,315.00,"189,000.00"
2019-11-03,2019110301002833,LLBS,42,17,10,670.00,"6,700.00"
2019-11-03,2019110301002821,LVF1,11,14,"16,100",8.70,"140,070.00"
2019-11-03,2019110301002919,MBL,22,36,284,227.00,"64,468.00"
2019-11-03,2019110301002893,MBL,50,48,405,226.00,"91,530.00"
2019-11-03,2019110301002892,MBL,13,48,200,226.00,"45,200.00"
2019-11-03,2019110301002891,MBL,6,48,395,226.00,"89,270.00"
2019-11-03,2019110301002802,MBL,6,19,32,226.00,"7,232.00"
2019-11-03,2019110301002721,MBL,6,50,73,226.00,"16,498.00"
2019-11-03,2019110301002720,MBL,49,50,800,226.00,"180,800.00"
2019-11-03,2019110301002719,MBL,34,36,100,227.00,"22,700.00"
2019-11-03,2019110301002718,MBL,34,28,400,227.00,"90,800.00"
2019-11-03,2019110301002695,MDB,13,19,220,248.00,"54,560.00"
2019-11-03,2019110301002991,MEGA,43,13,500,190.00,"95,000.00"
2019-11-03,2019110301002984,MEGA,41,13,20,190.00,"3,800.00"
2019-11-03,2019110301002646,MEGA,28,35,200,189.00,"37,800.00"
2019-11-03,2019110301002645,MEGA,28,6,300,189.00,"56,700.00"
2019-11-03,2019110301002731,MEGA,51,45,102,189.00,"19,278.00"
2019-11-03,2019110301002730,MEGA,49,45,200,189.00,"37,800.00"
2019-11-03,2019110301002869,MEGA,22,25,40,189.00,"7,560.00"
2019-11-03,2019110301002820,MEGA,28,25,494,189.00,"93,366.00"
2019-11-03,2019110301002819,MEGA,45,25,25,189.00,"4,725.00"
2019-11-03,2019110301002818,MEGA,28,25,600,189.00,"113,400.00"
2019-11-03,2019110301002817,MEGA,51,25,898,189.00,"169,722.00"
2019-11-03,2019110301002960,MEGA,10,50,43,189.00,"8,127.00"
2019-11-03,2019110301002871,MEGA,10,25,910,189.00,"171,990.00"
2019-11-03,2019110301002870,MEGA,25,25,50,189.00,"9,450.00"
2019-11-03,2019110301002994,MERO,52,44,17,562.00,"9,554.00"
2019-11-03,2019110301002826,MERO,22,49,200,565.00,"113,000.00"
2019-11-03,2019110301002753,MERO,19,58,110,560.00,"61,600.00"
2019-11-03,2019110301002734,MERO,52,58,70,560.00,"39,200.00"
2019-11-03,2019110301002670,MERO,52,14,70,560.00,"39,200.00"
2019-11-03,2019110301003076,MLBL,32,48,10,213.00,"2,130.00"
2019-11-03,2019110301002933,MLBL,13,22,62,212.00,"13,144.00"
2019-11-03,2019110301002932,MLBL,32,22,150,212.00,"31,800.00"
2019-11-03,2019110301002904,MLBL,45,48,50,213.00,"10,650.00"
2019-11-03,2019110301002903,MLBL,50,48,25,213.00,"5,325.00"
2019-11-03,2019110301002668,MLBL,46,34,18,214.00,"3,852.00"
2019-11-03,2019110301002684,MLBL,13,57,100,213.00,"21,300.00"
2019-11-03,2019110301002683,MLBL,7,57,10,213.00,"2,130.00"
2019-11-03,2019110301002955,MNBBL,58,45,113,317.00,"35,821.00"
2019-11-03,2019110301002954,MNBBL,58,35,170,317.00,"53,890.00"
2019-11-03,2019110301002953,MNBBL,58,17,38,317.00,"12,046.00"
2019-11-03,2019110301002918,MNBBL,57,17,200,317.00,"63,400.00"
2019-11-03,2019110301002910,MNBBL,57,17,100,317.00,"31,700.00"
2019-11-03,2019110301003058,NABIL,55,29,170,754.00,"128,180.00"
2019-11-03,2019110301003045,NABIL,56,58,400,755.00,"302,000.00"
2019-11-03,2019110301003039,NABIL,56,58,100,755.00,"75,500.00"
2019-11-03,2019110301003017,NABIL,13,58,400,755.00,"302,000.00"
2019-11-03,2019110301002978,NABIL,55,50,29,754.00,"21,866.00"
2019-11-03,2019110301002977,NABIL,44,50,100,754.00,"75,400.00"
2019-11-03,2019110301002660,NABIL,51,58,50,755.00,"37,750.00"
2019-11-03,2019110301002659,NABIL,33,58,50,755.00,"37,750.00"
2019-11-03,2019110301002658,NABIL,22,58,62,756.00,"46,872.00"
2019-11-03,2019110301002649,NABIL,22,49,38,756.00,"28,728.00"
2019-11-03,2019110301002648,NABIL,34,49,12,756.00,"9,072.00"
2019-11-03,2019110301002944,NABIL,43,58,500,755.00,"377,500.00"
2019-11-03,2019110301002911,NABIL,43,58,485,755.00,"366,175.00"
2019-11-03,2019110301002880,NABIL,54,58,15,755.00,"11,325.00"
2019-11-03,2019110301002798,NABIL,6,58,188,755.00,"141,940.00"
2019-11-03,2019110301002737,NABIL,19,58,100,755.00,"75,500.00"
2019-11-03,2019110301002678,NABIL,38,58,50,755.00,"37,750.00"
2019-11-03,2019110301002976,NABIL,35,50,50,754.00,"37,700.00"
2019-11-03,2019110301002975,NABIL,33,50,200,754.00,"150,800.00"
2019-11-03,2019110301002974,NABIL,37,50,30,754.00,"22,620.00"
2019-11-03,2019110301002973,NABIL,35,50,20,754.00,"15,080.00"
2019-11-03,2019110301002967,NABIL,22,58,500,755.00,"377,500.00"
2019-11-03,2019110301002947,NABIL,43,58,200,755.00,"151,000.00"
2019-11-03,2019110301003052,NADEP,55,48,10,395.00,"3,950.00"
2019-11-03,2019110301002620,NADEP,37,44,230,389.00,"89,470.00"
2019-11-03,2019110301003062,NBB,3,48,10,210.00,"2,100.00"
2019-11-03,2019110301002927,NBB,11,48,100,210.00,"21,000.00"
2019-11-03,2019110301002926,NBB,53,48,140,210.00,"29,400.00"
2019-11-03,2019110301002888,NBB,53,40,160,210.00,"33,600.00"
2019-11-03,2019110301002887,NBB,57,40,840,210.00,"176,400.00"
2019-11-03,2019110301002832,NBB,57,32,660,210.00,"138,600.00"
2019-11-03,2019110301002831,NBB,45,32,40,210.00,"8,400.00"
2019-11-03,2019110301002612,NBB,25,34,300,210.00,"63,000.00"
2019-11-03,2019110301003002,NBL,32,20,100,315.00,"31,500.00"
2019-11-03,2019110301002983,NBL,6,42,250,314.00,"78,500.00"
2019-11-03,2019110301002956,NBL,6,59,200,314.00,"62,800.00"
2019-11-03,2019110301002936,NBL,6,48,63,314.00,"19,782.00"
2019-11-03,2019110301002786,NBL,35,34,200,315.00,"63,000.00"
2019-11-03,2019110301002752,NBL,57,34,14,315.00,"4,410.00"
2019-11-03,2019110301002751,NBL,57,49,300,315.00,"94,500.00"
2019-11-03,2019110301002750,NBL,57,44,186,315.00,"58,590.00"
2019-11-03,2019110301002733,NBL,39,44,200,315.00,"63,000.00"
2019-11-03,2019110301002601,NBL,6,35,100,314.00,"31,400.00"
2019-11-03,2019110301002942,NCCB,58,49,10,203.00,"2,030.00"
2019-11-03,2019110301002866,NCCB,8,43,92,201.00,"18,492.00"
2019-11-03,2019110301002724,NCCB,8,3,350,202.00,"70,700.00"
2019-11-03,2019110301002863,NGPL,59,43,45,99.00,"4,455.00"
2019-11-03,2019110301003067,NIB,42,29,133,440.00,"58,520.00"
2019-11-03,2019110301003066,NIB,25,29,50,440.00,"22,000.00"
2019-11-03,2019110301003065,NIB,36,29,200,440.00,"88,000.00"
2019-11-03,2019110301003064,NIB,35,29,50,440.00,"22,000.00"
2019-11-03,2019110301003063,NIB,45,29,55,440.00,"24,200.00"
2019-11-03,2019110301003034,NIB,45,22,195,440.00,"85,800.00"
2019-11-03,2019110301003033,NIB,56,22,50,440.00,"22,000.00"
2019-11-03,2019110301003032,NIB,38,22,10,440.00,"4,400.00"
2019-11-03,2019110301003031,NIB,43,22,50,440.00,"22,000.00"
2019-11-03,2019110301003030,NIB,38,22,45,440.00,"19,800.00"
2019-11-03,2019110301002848,NIB,43,41,50,440.00,"22,000.00"
2019-11-03,2019110301003073,NIBPO,7,28,500,412.00,"206,000.00"
2019-11-03,2019110301003072,NIBPO,7,44,500,410.00,"205,000.00"
2019-11-03,2019110301003071,NIBPO,7,51,100,409.00,"40,900.00"
2019-11-03,2019110301002621,NIBPO,28,49,"1,655",407.00,"673,585.00"
2019-11-03,2019110301003023,NICA,22,28,100,404.00,"40,400.00"
2019-11-03,2019110301002963,NICA,44,28,83,404.00,"33,532.00"
2019-11-03,2019110301002962,NICA,44,50,17,404.00,"6,868.00"
2019-11-03,2019110301002655,NICA,46,50,12,404.00,"4,848.00"
2019-11-03,2019110301002647,NICA,42,57,40,403.00,"16,120.00"
2019-11-03,2019110301002633,NICA,42,57,35,403.00,"14,105.00"
2019-11-03,2019110301002632,NICA,44,57,15,403.00,"6,045.00"
2019-11-03,2019110301002593,NICA,44,49,85,403.00,"34,255.00"
2019-11-03,2019110301002592,NICA,37,49,15,403.00,"6,045.00"
2019-11-03,2019110301002766,NIL,37,14,35,378.00,"13,230.00"
2019-11-03,2019110301002688,NLBBL,22,52,10,492.00,"4,920.00"
2019-11-03,2019110301003061,NLIC,42,14,25,800.00,"20,000.00"
2019-11-03,2019110301002979,NLIC,55,42,62,799.00,"49,538.00"
2019-11-03,2019110301002915,NLIC,34,14,100,800.00,"80,000.00"
2019-11-03,2019110301002907,NLIC,49,14,57,800.00,"45,600.00"
2019-11-03,2019110301002906,NLIC,49,44,13,800.00,"10,400.00"
2019-11-03,2019110301002823,NLIC,17,44,100,800.00,"80,000.00"
2019-11-03,2019110301002775,NLIC,53,16,28,800.00,"22,400.00"
2019-11-03,2019110301002774,NLIC,42,16,100,800.00,"80,000.00"
2019-11-03,2019110301002773,NLIC,49,16,106,800.00,"84,800.00"
2019-11-03,2019110301002728,NLIC,34,45,10,803.00,"8,030.00"
2019-11-03,2019110301002822,NLIC,29,44,32,800.00,"25,600.00"
2019-11-03,2019110301002784,NLIC,29,51,17,800.00,"13,600.00"
2019-11-03,2019110301002779,NLIC,29,16,41,800.00,"32,800.00"
2019-11-03,2019110301002778,NLIC,28,16,50,800.00,"40,000.00"
2019-11-03,2019110301002777,NLIC,6,16,10,800.00,"8,000.00"
2019-11-03,2019110301002776,NLIC,57,16,165,800.00,"132,000.00"
2019-11-03,2019110301003004,NLICL,25,44,21,425.00,"8,925.00"
2019-11-03,2019110301003003,NLICL,11,44,70,425.00,"29,750.00"
2019-11-03,2019110301002985,NLICL,1,48,13,430.00,"5,590.00"
2019-11-03,2019110301002865,NLICL,11,49,30,425.00,"12,750.00"
2019-11-03,2019110301002760,NLICL,32,59,70,423.00,"29,610.00"
2019-11-03,2019110301002761,NSEWA,14,38,10,381.00,"3,810.00"
2019-11-03,2019110301002634,NTC,59,19,10,635.00,"6,350.00"
2019-11-03,2019110301002745,NUBL,29,53,40,880.00,"35,200.00"
2019-11-03,2019110301002680,NUBL,22,14,50,880.00,"44,000.00"
2019-11-03,2019110301002749,OHL,34,28,10,479.00,"4,790.00"
2019-11-03,2019110301002879,PCBL,10,22,459,263.00,"120,717.00"
2019-11-03,2019110301002844,PCBL,7,56,100,263.00,"26,300.00"
2019-11-03,2019110301002781,PCBL,57,56,60,262.00,"15,720.00"
2019-11-03,2019110301002765,PCBL,39,57,"1,241",263.00,"326,383.00"
2019-11-03,2019110301002716,PCBL,39,57,85,263.00,"22,355.00"
2019-11-03,2019110301002681,PCBL,57,52,20,262.00,"5,240.00"
2019-11-03,2019110301002616,PCBL,57,37,116,262.00,"30,392.00"
2019-11-03,2019110301002615,PCBL,50,37,200,262.00,"52,400.00"
2019-11-03,2019110301002614,PCBL,50,37,134,262.00,"35,108.00"
2019-11-03,2019110301003000,PFL,13,18,16,132.00,"2,112.00"
2019-11-03,2019110301002990,PFL,28,18,10,133.00,"1,330.00"
2019-11-03,2019110301002901,PFL,13,18,26,132.00,"3,432.00"
2019-11-03,2019110301002787,PFL,13,18,26,132.00,"3,432.00"
2019-11-03,2019110301003042,PIC,39,56,17,362.00,"6,154.00"
2019-11-03,2019110301002878,PIC,38,38,8,359.00,"2,872.00"
2019-11-03,2019110301002868,PIC,38,38,8,359.00,"2,872.00"
2019-11-03,2019110301002729,PIC,42,22,30,366.00,"10,980.00"
2019-11-03,2019110301002698,PLIC,34,36,42,313.00,"13,146.00"
2019-11-03,2019110301002629,PLIC,40,36,20,313.00,"6,260.00"
2019-11-03,2019110301003005,PMHPL,58,18,10,85.00,850.00
2019-11-03,2019110301002898,PPCL,45,52,100,95.00,"9,500.00"
2019-11-03,2019110301002897,PPCL,45,41,100,95.00,"9,500.00"
2019-11-03,2019110301002758,PPCL,42,28,10,94.00,940.00
2019-11-03,2019110301002636,PPCL,42,44,10,94.00,940.00
2019-11-03,2019110301003069,PRVU,45,44,500,268.00,"134,000.00"
2019-11-03,2019110301002971,PRVU,19,44,20,268.00,"5,360.00"
2019-11-03,2019110301002952,PRVU,42,44,37,268.00,"9,916.00"
2019-11-03,2019110301002925,PRVU,42,44,74,268.00,"19,832.00"
2019-11-03,2019110301002803,PRVU,28,44,50,268.00,"13,400.00"
2019-11-03,2019110301002590,PRVU,47,53,"1,000",268.00,"268,000.00"
2019-11-03,2019110301002589,PRVU,47,44,100,268.00,"26,800.00"
2019-11-03,2019110301002588,PRVU,47,53,100,268.00,"26,800.00"
2019-11-03,2019110301002587,PRVU,47,32,300,268.00,"80,400.00"
2019-11-03,2019110301002586,PRVU,47,37,192,268.00,"51,456.00"
2019-11-03,2019110301002626,PRVU,6,44,500,268.00,"134,000.00"
2019-11-03,2019110301002625,PRVU,17,44,350,268.00,"93,800.00"
2019-11-03,2019110301002617,PRVU,17,44,"1,650",268.00,"442,200.00"
2019-11-03,2019110301002610,PRVU,36,44,200,268.00,"53,600.00"
2019-11-03,2019110301002600,PRVU,45,44,100,268.00,"26,800.00"
2019-11-03,2019110301002599,PRVU,51,44,50,268.00,"13,400.00"
2019-11-03,2019110301002739,PRVU,54,44,100,268.00,"26,800.00"
2019-11-03,2019110301002706,PRVU,11,44,"1,301",268.00,"348,668.00"
2019-11-03,2019110301002687,PRVU,17,44,699,268.00,"187,332.00"
2019-11-03,2019110301002644,PRVU,17,33,200,268.00,"53,600.00"
2019-11-03,2019110301002641,PRVU,17,51,151,268.00,"40,468.00"
2019-11-03,2019110301002640,PRVU,17,44,"1,150",268.00,"308,200.00"
2019-11-03,2019110301002789,RADHI,22,18,11,132.00,"1,452.00"
2019-11-03,2019110301002585,RADHI,22,49,11,132.00,"1,452.00"
2019-11-03,2019110301003059,RHPC,3,57,23,79.00,"1,817.00"
2019-11-03,2019110301003055,RHPL,16,44,40,171.00,"6,840.00"
2019-11-03,2019110301003019,RHPL,16,44,20,171.00,"3,420.00"
2019-11-03,2019110301003018,RHPL,44,44,20,171.00,"3,420.00"
2019-11-03,2019110301002981,RHPL,44,56,30,171.00,"5,130.00"
2019-11-03,2019110301002968,RHPL,44,44,40,171.00,"6,840.00"
2019-11-03,2019110301002950,RHPL,44,44,40,171.00,"6,840.00"
2019-11-03,2019110301002619,RHPL,44,37,30,171.00,"5,130.00"
2019-11-03,2019110301002736,RHPL,44,17,50,171.00,"8,550.00"
2019-11-03,2019110301002705,RHPL,44,57,40,171.00,"6,840.00"
2019-11-03,2019110301002699,RHPL,44,41,50,171.00,"8,550.00"
2019-11-03,2019110301002686,RHPL,44,17,40,171.00,"6,840.00"
2019-11-03,2019110301002672,RHPL,26,26,40,172.00,"6,880.00"
2019-11-03,2019110301002651,RHPL,44,57,40,171.00,"6,840.00"
2019-11-03,2019110301002939,RHPL,44,44,40,171.00,"6,840.00"
2019-11-03,2019110301002905,RHPL,44,44,40,171.00,"6,840.00"
2019-11-03,2019110301002855,RHPL,44,46,20,171.00,"3,420.00"
2019-11-03,2019110301002851,RHPL,44,17,50,171.00,"8,550.00"
2019-11-03,2019110301002772,RHPL,44,17,50,171.00,"8,550.00"
2019-11-03,2019110301002743,RHPL,44,28,10,171.00,"1,710.00"
2019-11-03,2019110301002923,RRHP,22,57,20,100.00,"2,000.00"
2019-11-03,2019110301002805,RRHP,47,18,10,99.00,990.00
2019-11-03,2019110301002711,RRHP,47,57,80,100.00,"8,000.00"
2019-11-03,2019110301002652,RRHP,47,44,10,100.00,"1,000.00"
2019-11-03,2019110301002594,RRHP,47,49,10,100.00,"1,000.00"
2019-11-03,2019110301002667,RSDC,57,52,17,321.00,"5,457.00"
2019-11-03,2019110301002666,RSDC,22,52,10,321.00,"3,210.00"
2019-11-03,2019110301002665,RSDC,35,52,20,322.00,"6,440.00"
2019-11-03,2019110301002664,RSDC,13,52,100,323.00,"32,300.00"
2019-11-03,2019110301003022,SABSL,10,44,10,449.00,"4,490.00"
2019-11-03,2019110301003010,SABSL,36,44,10,450.00,"4,500.00"
2019-11-03,2019110301002771,SABSL,36,50,180,450.00,"81,000.00"
2019-11-03,2019110301002770,SABSL,39,50,20,451.00,"9,020.00"
2019-11-03,2019110301002679,SABSL,26,26,10,454.00,"4,540.00"
2019-11-03,2019110301002993,SADBL,48,48,20,138.00,"2,760.00"
2019-11-03,2019110301003075,SANIMA,50,29,10,306.00,"3,060.00"
2019-11-03,2019110301003074,SANIMA,4,29,150,306.00,"45,900.00"
2019-11-03,2019110301002713,SAPDBL,55,22,59,120.00,"7,080.00"
2019-11-03,2019110301002702,SAPDBL,55,22,59,120.00,"7,080.00"
2019-11-03,2019110301002876,SBL,42,17,200,296.00,"59,200.00"
2019-11-03,2019110301002872,SBL,7,17,100,296.00,"29,600.00"
2019-11-03,2019110301002738,SBL,46,58,155,296.00,"45,880.00"
2019-11-03,2019110301002723,SBL,6,43,141,295.00,"41,595.00"
2019-11-03,2019110301002722,SBL,6,43,149,295.00,"43,955.00"
2019-11-03,2019110301002584,SDESI,6,59,50,622.00,"31,100.00"
2019-11-03,2019110301002583,SDESI,6,42,30,620.00,"18,600.00"
2019-11-03,2019110301002727,SFFIL,34,28,10,195.00,"1,950.00"
2019-11-03,2019110301002726,SFFIL,49,28,80,195.00,"15,600.00"
2019-11-03,2019110301002725,SFFIL,55,28,10,196.00,"1,960.00"
2019-11-03,2019110301003079,SHIVM,46,48,100,489.00,"48,900.00"
2019-11-03,2019110301003078,SHIVM,34,48,50,489.00,"24,450.00"
2019-11-03,2019110301003077,SHIVM,34,48,50,489.00,"24,450.00"
2019-11-03,2019110301003035,SHIVM,45,28,100,490.00,"49,000.00"
2019-11-03,2019110301002924,SHIVM,34,25,150,489.00,"73,350.00"
2019-11-03,2019110301002895,SHIVM,46,28,160,490.00,"78,400.00"
2019-11-03,2019110301002764,SHIVM,34,28,60,490.00,"29,400.00"
2019-11-03,2019110301002763,SHIVM,34,36,40,490.00,"19,600.00"
2019-11-03,2019110301002735,SHIVM,34,47,100,489.00,"48,900.00"
2019-11-03,2019110301002747,SHL,34,58,100,206.00,"20,600.00"
2019-11-03,2019110301002894,SHPC,55,42,"1,000",189.00,"189,000.00"
2019-11-03,2019110301002825,SIC,6,58,172,453.00,"77,916.00"
2019-11-03,2019110301002824,SIC,45,58,10,454.00,"4,540.00"
2019-11-03,2019110301002815,SIC,39,58,50,455.00,"22,750.00"
2019-11-03,2019110301002814,SIC,41,58,20,455.00,"9,100.00"
2019-11-03,2019110301002813,SIC,43,58,20,455.00,"9,100.00"
2019-11-03,2019110301002812,SIC,11,58,50,457.00,"22,850.00"
2019-11-03,2019110301002811,SIC,19,58,50,458.00,"22,900.00"
2019-11-03,2019110301002674,SIC,34,49,23,464.00,"10,672.00"
2019-11-03,2019110301002618,SICL,36,16,100,730.00,"73,000.00"
2019-11-03,2019110301003068,SJCL,40,44,20,168.00,"3,360.00"
2019-11-03,2019110301003036,SJCL,40,44,20,168.00,"3,360.00"
2019-11-03,2019110301002987,SJCL,40,56,20,168.00,"3,360.00"
2019-11-03,2019110301002970,SJCL,40,44,20,168.00,"3,360.00"
2019-11-03,2019110301002638,SJCL,35,40,10,169.00,"1,690.00"
2019-11-03,2019110301002582,SJCL,40,35,10,168.00,"1,680.00"
2019-11-03,2019110301002675,SJCL,26,40,10,169.00,"1,690.00"
2019-11-03,2019110301002663,SJCL,40,26,20,168.00,"3,360.00"
2019-11-03,2019110301002654,SJCL,40,57,20,168.00,"3,360.00"
2019-11-03,2019110301002639,SJCL,35,40,10,169.00,"1,690.00"
2019-11-03,2019110301002748,SJCL,40,28,10,168.00,"1,680.00"
2019-11-03,2019110301002701,SJCL,40,41,20,168.00,"3,360.00"
2019-11-03,2019110301002694,SJCL,40,57,20,168.00,"3,360.00"
2019-11-03,2019110301002676,SJCL,26,40,10,169.00,"1,690.00"
2019-11-03,2019110301002857,SJCL,40,46,20,168.00,"3,360.00"
2019-11-03,2019110301002958,SJCL,40,44,20,168.00,"3,360.00"
2019-11-03,2019110301002943,SJCL,40,44,20,168.00,"3,360.00"
2019-11-03,2019110301002920,SJCL,40,44,20,168.00,"3,360.00"
2019-11-03,2019110301002712,SKBBL,39,6,200,925.00,"185,000.00"
2019-11-03,2019110301003016,SLBSL,7,18,10,711.00,"7,110.00"
2019-11-03,2019110301002941,SLICL,7,38,300,260.00,"78,000.00"
2019-11-03,2019110301002630,SMATA,45,45,150,530.00,"79,500.00"
2019-11-03,2019110301003060,SMFBS,32,44,10,768.00,"7,680.00"
2019-11-03,2019110301002908,SMFBS,32,18,10,768.00,"7,680.00"
2019-11-03,2019110301002961,SRBL,40,6,77,210.00,"16,170.00"
2019-11-03,2019110301002935,SRBL,7,6,573,210.00,"120,330.00"
2019-11-03,2019110301002934,SRBL,7,28,27,210.00,"5,670.00"
2019-11-03,2019110301002609,SRBL,37,28,100,210.00,"21,000.00"
2019-11-03,2019110301002744,SWBBL,28,38,100,900.00,"90,000.00"
2019-11-03,2019110301002801,TRH,32,34,500,280.00,"140,000.00"
2019-11-03,2019110301002742,UIC,1,52,30,254.00,"7,620.00"
2019-11-03,2019110301002637,UIC,40,52,20,254.00,"5,080.00"
2019-11-03,2019110301002595,UNHPL,52,35,40,54.00,"2,160.00"
2019-11-03,2019110301003053,UPCL,37,44,50,74.00,"3,700.00"
2019-11-03,2019110301003040,UPCL,37,18,30,74.00,"2,220.00"
2019-11-03,2019110301003021,UPCL,52,18,20,75.00,"1,500.00"
2019-11-03,2019110301002995,UPCL,52,56,80,75.00,"6,000.00"
2019-11-03,2019110301002909,UPCL,52,18,50,75.00,"3,750.00"
2019-11-03,2019110301002810,UPCL,52,18,50,75.00,"3,750.00"
2019-11-03,2019110301002755,UPCL,52,28,50,75.00,"3,750.00"
2019-11-03,2019110301002715,UPCL,52,57,200,75.00,"15,000.00"
2019-11-03,2019110301002700,UPCL,52,18,50,75.00,"3,750.00"
2019-11-03,2019110301002657,UPCL,52,44,50,75.00,"3,750.00"
2019-11-03,2019110301002656,UPCL,52,57,200,75.00,"15,000.00"
2019-11-03,2019110301003024,UPPER,49,18,50,234.00,"11,700.00"
2019-11-03,2019110301003013,UPPER,32,52,100,235.00,"23,500.00"
2019-11-03,2019110301003012,UPPER,49,56,50,234.00,"11,700.00"
2019-11-03,2019110301002992,UPPER,55,52,100,235.00,"23,500.00"
2019-11-03,2019110301002972,UPPER,17,52,150,235.00,"35,250.00"
2019-11-03,2019110301002940,UPPER,49,42,40,234.00,"9,360.00"
2019-11-03,2019110301002714,UPPER,16,18,40,235.00,"9,400.00"
2019-11-03,2019110301002704,UPPER,37,49,100,236.00,"23,600.00"
2019-11-03,2019110301002914,UPPER,49,18,50,234.00,"11,700.00"
2019-11-03,2019110301002842,UPPER,55,52,50,235.00,"11,750.00"
2019-11-03,2019110301002841,UPPER,13,52,100,235.00,"23,500.00"
2019-11-03,2019110301002840,UPPER,37,52,60,235.00,"14,100.00"
2019-11-03,2019110301002839,UPPER,16,52,213,235.00,"50,055.00"
2019-11-03,2019110301002816,UPPER,16,18,40,235.00,"9,400.00"
2019-11-03,2019110301002428,ADBL,21,5,133,411.00,"54,663.00"
2019-11-03,2019110301002387,ADBL,11,5,100,411.00,"41,100.00"
2019-11-03,2019110301002328,ADBL,17,57,67,410.00,"27,470.00"
2019-11-03,2019110301002327,ADBL,51,57,31,410.00,"12,710.00"
2019-11-03,2019110301002401,AKBSL,26,26,10,414.00,"4,140.00"
2019-11-03,2019110301002176,AKBSL,48,45,10,408.00,"4,080.00"
2019-11-03,2019110301002489,AKJCL,25,18,10,52.00,520.00
2019-11-03,2019110301002353,AKJCL,25,48,10,52.00,520.00
2019-11-03,2019110301002324,AKJCL,25,56,20,52.00,"1,040.00"
2019-11-03,2019110301002323,AKJCL,25,58,10,52.00,520.00
2019-11-03,2019110301002322,AKJCL,25,56,20,52.00,"1,040.00"
2019-11-03,2019110301002321,AKJCL,25,58,20,52.00,"1,040.00"
2019-11-03,2019110301002333,AKPL,45,57,13,130.00,"1,690.00"
2019-11-03,2019110301002266,AKPL,45,56,13,130.00,"1,690.00"
2019-11-03,2019110301002248,AKPL,21,38,30,131.00,"3,930.00"
2019-11-03,2019110301002204,AKPL,45,57,213,130.00,"27,690.00"
2019-11-03,2019110301002102,AKPL,45,52,51,130.00,"6,630.00"
2019-11-03,2019110301002543,ALBSL,47,38,50,387.00,"19,350.00"
2019-11-03,2019110301002542,ALBSL,47,17,10,387.00,"3,870.00"
2019-11-03,2019110301002503,ALBSL,45,18,10,386.00,"3,860.00"
2019-11-03,2019110301002501,ALBSL,45,48,10,386.00,"3,860.00"
2019-11-03,2019110301002484,API,39,58,291,109.00,"31,719.00"
2019-11-03,2019110301002452,API,41,29,14,110.00,"1,540.00"
2019-11-03,2019110301002343,API,39,48,400,109.00,"43,600.00"
2019-11-03,2019110301002210,API,39,42,100,109.00,"10,900.00"
2019-11-03,2019110301002209,API,39,56,28,109.00,"3,052.00"
2019-11-03,2019110301002181,API,42,38,500,109.00,"54,500.00"
2019-11-03,2019110301002407,BFC,42,33,50,90.00,"4,500.00"
2019-11-03,2019110301002406,BFC,49,33,300,90.00,"27,000.00"
2019-11-03,2019110301002126,BFC,49,41,100,90.00,"9,000.00"
2019-11-03,2019110301002109,BFC,49,52,90,90.00,"8,100.00"
2019-11-03,2019110301002455,BOKL,16,28,250,226.00,"56,500.00"
2019-11-03,2019110301002454,BOKL,38,28,79,226.00,"17,854.00"
2019-11-03,2019110301002434,BOKL,21,57,500,227.00,"113,500.00"
2019-11-03,2019110301002570,BPCL,47,49,33,357.00,"11,781.00"
2019-11-03,2019110301002532,BPCL,47,49,33,357.00,"11,781.00"
2019-11-03,2019110301002518,BPCL,14,49,458,360.00,"164,880.00"
2019-11-03,2019110301002517,BPCL,14,18,55,359.00,"19,745.00"
2019-11-03,2019110301002488,BPCL,47,49,33,357.00,"11,781.00"
2019-11-03,2019110301002460,BPCL,3,49,30,357.00,"10,710.00"
2019-11-03,2019110301002444,BPCL,37,49,434,362.00,"157,108.00"
2019-11-03,2019110301002357,BPCL,6,49,33,361.00,"11,913.00"
2019-11-03,2019110301002295,BPCL,55,53,500,363.00,"181,500.00"
2019-11-03,2019110301002450,BPCL,6,49,500,360.00,"180,000.00"
2019-11-03,2019110301002449,BPCL,7,49,500,360.00,"180,000.00"
2019-11-03,2019110301002448,BPCL,20,49,100,360.00,"36,000.00"
2019-11-03,2019110301002447,BPCL,37,49,500,360.00,"180,000.00"
2019-11-03,2019110301002446,BPCL,55,49,500,361.00,"180,500.00"
2019-11-03,2019110301002445,BPCL,6,49,235,361.00,"84,835.00"
2019-11-03,2019110301002243,CBBL,32,57,290,971.00,"281,590.00"
2019-11-03,2019110301002239,CBBL,42,57,10,971.00,"9,710.00"
2019-11-03,2019110301002114,CBL,56,16,50,141.00,"7,050.00"
2019-11-03,2019110301002108,CBL,56,44,185,141.00,"26,085.00"
2019-11-03,2019110301002579,CCBL,34,3,121,155.00,"18,755.00"
2019-11-03,2019110301002167,CCBL,41,22,60,154.00,"9,240.00"
2019-11-03,2019110301002166,CCBL,51,22,54,154.00,"8,316.00"
2019-11-03,2019110301002118,CCBL,51,16,21,154.00,"3,234.00"
2019-11-03,2019110301002199,CHCL,52,28,200,419.00,"83,800.00"
2019-11-03,2019110301002198,CHCL,6,28,48,419.00,"20,112.00"
2019-11-03,2019110301002515,CHL,58,18,10,79.00,790.00
2019-11-03,2019110301002355,CHL,58,48,10,79.00,790.00
2019-11-03,2019110301002351,CIT,50,33,50,"1,791.00","89,550.00"
2019-11-03,2019110301002350,CIT,32,33,270,"1,791.00","483,570.00"
2019-11-03,2019110301002349,CIT,19,33,60,"1,791.00","107,460.00"
2019-11-03,2019110301002348,CIT,32,33,105,"1,791.00","188,055.00"
2019-11-03,2019110301002082,CIT,32,49,150,"1,791.00","268,650.00"
2019-11-03,2019110301002081,CIT,16,49,50,"1,791.00","89,550.00"
2019-11-03,2019110301002580,CZBIL,57,49,10,191.00,"1,910.00"
2019-11-03,2019110301002535,CZBIL,57,49,10,191.00,"1,910.00"
2019-11-03,2019110301002504,CZBIL,57,49,10,191.00,"1,910.00"
2019-11-03,2019110301002366,CZBIL,57,49,10,191.00,"1,910.00"
2019-11-03,2019110301002315,CZBIL,46,13,50,192.00,"9,600.00"
2019-11-03,2019110301002265,DBBL,1,41,220,123.00,"27,060.00"
2019-11-03,2019110301002246,DBBL,34,41,100,123.00,"12,300.00"
2019-11-03,2019110301002245,DBBL,22,41,180,123.00,"22,140.00"
2019-11-03,2019110301002227,DBBL,22,56,320,123.00,"39,360.00"
2019-11-03,2019110301002226,DBBL,32,56,180,123.00,"22,140.00"
2019-11-03,2019110301002225,DBBL,25,56,200,123.00,"24,600.00"
2019-11-03,2019110301002224,DBBL,42,56,"1,000",123.00,"123,000.00"
2019-11-03,2019110301002223,DBBL,21,56,200,123.00,"24,600.00"
2019-11-03,2019110301002222,DBBL,59,56,200,123.00,"24,600.00"
2019-11-03,2019110301002153,DBBL,22,34,500,124.00,"62,000.00"
2019-11-03,2019110301002378,DDBL,28,39,150,715.00,"107,250.00"
2019-11-03,2019110301002344,DDBL,29,39,50,716.00,"35,800.00"
2019-11-03,2019110301002396,DHPL,17,22,10,53.00,530.00
2019-11-03,2019110301002457,EBL,6,25,474,555.00,"263,070.00"
2019-11-03,2019110301002456,EBL,17,25,19,555.00,"10,545.00"
2019-11-03,2019110301002257,EBL,6,10,26,554.00,"14,404.00"
2019-11-03,2019110301002206,EBL,1,33,50,556.00,"27,800.00"
2019-11-03,2019110301002302,EIC,47,57,100,225.00,"22,500.00"
2019-11-03,2019110301002301,EIC,45,57,100,225.00,"22,500.00"
2019-11-03,2019110301002300,EIC,58,57,40,225.00,"9,000.00"
2019-11-03,2019110301002299,EIC,28,57,100,225.00,"22,500.00"
2019-11-03,2019110301002298,EIC,51,57,20,226.00,"4,520.00"
2019-11-03,2019110301002297,EIC,16,57,136,227.00,"30,872.00"
2019-11-03,2019110301002130,EIC,16,28,64,227.00,"14,528.00"
2019-11-03,2019110301002443,FOWAD,45,36,130,"1,270.00","165,100.00"
2019-11-03,2019110301002442,FOWAD,1,36,20,"1,270.00","25,400.00"
2019-11-03,2019110301002441,FOWAD,36,36,25,"1,275.00","31,875.00"
2019-11-03,2019110301002440,FOWAD,36,36,25,"1,276.00","31,900.00"
2019-11-03,2019110301002146,FOWAD,40,57,69,"1,271.00","87,699.00"
2019-11-03,2019110301002141,FOWAD,40,57,29,"1,271.00","36,859.00"
2019-11-03,2019110301002140,FOWAD,14,57,21,"1,271.00","26,691.00"
2019-11-03,2019110301002293,GBBL,35,49,90,220.00,"19,800.00"
2019-11-03,2019110301002292,GBBL,29,49,200,220.00,"44,000.00"
2019-11-03,2019110301002291,GBBL,22,49,"1,000",220.00,"220,000.00"
2019-11-03,2019110301002290,GBBL,57,49,48,220.00,"10,560.00"
2019-11-03,2019110301002289,GBBL,44,49,500,221.00,"110,500.00"
2019-11-03,2019110301002288,GBBL,44,49,500,221.00,"110,500.00"
2019-11-03,2019110301002287,GBBL,22,49,50,221.00,"11,050.00"
2019-11-03,2019110301002286,GBBL,45,49,62,221.00,"13,702.00"
2019-11-03,2019110301002285,GBBL,42,49,50,221.00,"11,050.00"
2019-11-03,2019110301002159,GBBL,42,4,50,221.00,"11,050.00"
2019-11-03,2019110301002574,GBLBS,55,45,15,308.00,"4,620.00"
2019-11-03,2019110301002572,GBLBS,55,45,15,308.00,"4,620.00"
2019-11-03,2019110301002526,GBLBS,55,18,15,308.00,"4,620.00"
2019-11-03,2019110301002235,GBLBS,11,38,20,309.00,"6,180.00"
2019-11-03,2019110301002168,GBLBS,7,22,15,307.00,"4,605.00"
2019-11-03,2019110301002113,GBLBS,7,57,240,307.00,"73,680.00"
2019-11-03,2019110301002242,GLBSL,25,38,10,417.00,"4,170.00"
2019-11-03,2019110301002424,GLICL,51,37,106,348.00,"36,888.00"
2019-11-03,2019110301002423,GLICL,57,37,20,348.00,"6,960.00"
2019-11-03,2019110301002422,GLICL,33,37,319,348.00,"111,012.00"
2019-11-03,2019110301002233,GLICL,14,34,30,349.00,"10,470.00"
2019-11-03,2019110301002232,GLICL,45,34,210,349.00,"73,290.00"
2019-11-03,2019110301002229,GLICL,16,34,200,350.00,"70,000.00"
2019-11-03,2019110301002218,HBL,22,33,390,495.00,"193,050.00"
2019-11-03,2019110301002217,HBL,8,33,460,495.00,"227,700.00"
2019-11-03,2019110301002193,HBL,22,22,50,496.00,"24,800.00"
2019-11-03,2019110301002306,HGI,36,37,40,265.00,"10,600.00"
2019-11-03,2019110301002478,HIDCL,6,57,500,135.00,"67,500.00"
2019-11-03,2019110301002342,HIDCL,14,57,61,133.00,"8,113.00"
2019-11-03,2019110301002258,HIDCL,14,16,63,133.00,"8,379.00"
2019-11-03,2019110301002545,HPPL,18,18,10,138.00,"1,380.00"
2019-11-03,2019110301002486,HPPL,40,44,10,138.00,"1,380.00"
