Date,Transact. No.,Symbol,Buyer,Seller,Quantity,Rate,Amount
2020-02-12,2020021201015130,ADBL,14,33,272,388.00,"105,536.00"
2020-02-12,2020021201015129,ADBL,14,48,228,387.00,"88,236.00"
2020-02-12,2020021201014757,AHPC,46,33,50,97.00,"4,850.00"
2020-02-12,2020021201015197,AKPL,58,40,10,124.00,"1,240.00"
2020-02-12,2020021201015152,AKPL,29,40,"2,425",122.00,"295,850.00"
2020-02-12,2020021201015151,AKPL,48,40,500,122.00,"61,000.00"
2020-02-12,2020021201015150,AKPL,37,40,200,122.00,"24,400.00"
2020-02-12,2020021201015149,AKPL,41,40,300,122.00,"36,600.00"
2020-02-12,2020021201015148,AKPL,10,40,"1,000",122.00,"122,000.00"
2020-02-12,2020021201014859,AKPL,46,40,100,123.00,"12,300.00"
2020-02-12,2020021201014858,AKPL,14,40,"1,000",123.00,"123,000.00"
2020-02-12,2020021201014857,AKPL,45,40,500,123.00,"61,500.00"
2020-02-12,2020021201014856,AKPL,11,40,100,123.00,"12,300.00"
2020-02-12,2020021201014855,AKPL,21,40,787,123.00,"96,801.00"
2020-02-12,2020021201015141,AKPL,59,40,500,122.00,"61,000.00"
2020-02-12,2020021201015140,AKPL,58,40,"1,000",122.00,"122,000.00"
2020-02-12,2020021201014862,AKPL,46,40,500,123.00,"61,500.00"
2020-02-12,2020021201014861,AKPL,19,40,"1,000",123.00,"123,000.00"
2020-02-12,2020021201014860,AKPL,19,40,500,123.00,"61,500.00"
2020-02-12,2020021201015147,AKPL,45,40,"1,000",122.00,"122,000.00"
2020-02-12,2020021201015146,AKPL,33,40,"1,000",122.00,"122,000.00"
2020-02-12,2020021201015145,AKPL,40,40,50,122.00,"6,100.00"
2020-02-12,2020021201015144,AKPL,49,40,"1,000",122.00,"122,000.00"
2020-02-12,2020021201015143,AKPL,58,40,525,122.00,"64,050.00"
2020-02-12,2020021201015142,AKPL,39,40,500,122.00,"61,000.00"
2020-02-12,2020021201014876,ALBSL,52,41,100,740.00,"74,000.00"
2020-02-12,2020021201015199,ALICL,58,42,100,588.00,"58,800.00"
2020-02-12,2020021201015164,ALICL,58,3,100,587.00,"58,700.00"
2020-02-12,2020021201015076,ALICL,58,3,100,587.00,"58,700.00"
2020-02-12,2020021201015032,ALICL,58,43,100,585.00,"58,500.00"
2020-02-12,2020021201015031,ALICL,58,5,50,585.00,"29,250.00"
2020-02-12,2020021201015030,ALICL,58,38,100,584.00,"58,400.00"
2020-02-12,2020021201014841,ALICL,56,43,112,582.00,"65,184.00"
2020-02-12,2020021201014840,ALICL,56,43,250,582.00,"145,500.00"
2020-02-12,2020021201014839,ALICL,45,43,38,582.00,"22,116.00"
2020-02-12,2020021201014838,ALICL,19,43,100,583.00,"58,300.00"
2020-02-12,2020021201014826,ALICL,19,16,200,583.00,"116,600.00"
2020-02-12,2020021201014756,ALICL,19,49,200,583.00,"116,600.00"
2020-02-12,2020021201015029,ALICL,58,26,500,584.00,"292,000.00"
2020-02-12,2020021201015028,ALICL,58,49,400,584.00,"233,600.00"
2020-02-12,2020021201015027,ALICL,58,16,12,582.00,"6,984.00"
2020-02-12,2020021201014903,ALICL,49,14,100,581.00,"58,100.00"
2020-02-12,2020021201014886,ALICL,10,16,100,582.00,"58,200.00"
2020-02-12,2020021201014885,ALICL,56,16,388,582.00,"225,816.00"
2020-02-12,2020021201014899,API,58,45,100,133.00,"13,300.00"
2020-02-12,2020021201014837,API,58,45,950,133.00,"126,350.00"
2020-02-12,2020021201014836,API,58,49,50,132.00,"6,600.00"
2020-02-12,2020021201014817,API,58,13,"5,740",131.00,"751,940.00"
2020-02-12,2020021201014772,API,58,57,500,132.00,"66,000.00"
2020-02-12,2020021201014771,API,58,1,"2,000",132.00,"264,000.00"
2020-02-12,2020021201015065,BBC,1,32,90,"1,786.00","160,740.00"
2020-02-12,2020021201014741,BBC,39,32,10,"1,815.00","18,150.00"
2020-02-12,2020021201015135,BOKL,21,17,800,234.00,"187,200.00"
2020-02-12,2020021201014954,BOKL,5,17,10,234.00,"2,340.00"
2020-02-12,2020021201015109,BPCL,28,36,997,336.00,"334,992.00"
2020-02-12,2020021201015108,BPCL,58,36,100,336.00,"33,600.00"
2020-02-12,2020021201015107,BPCL,47,36,30,336.00,"10,080.00"
2020-02-12,2020021201015106,BPCL,28,36,73,337.00,"24,601.00"
2020-02-12,2020021201015095,BPCL,43,29,10,339.00,"3,390.00"
2020-02-12,2020021201014708,BPCL,40,44,250,338.00,"84,500.00"
2020-02-12,2020021201015016,BPCL,40,36,50,338.00,"16,900.00"
2020-02-12,2020021201015022,BPCL,28,36,927,337.00,"312,399.00"
2020-02-12,2020021201015021,BPCL,33,36,70,337.00,"23,590.00"
2020-02-12,2020021201015020,BPCL,52,36,300,337.00,"101,100.00"
2020-02-12,2020021201015019,BPCL,17,36,60,337.00,"20,220.00"
2020-02-12,2020021201015018,BPCL,1,36,"1,163",337.00,"391,931.00"
2020-02-12,2020021201015017,BPCL,26,36,100,338.00,"33,800.00"
2020-02-12,2020021201015166,CBBL,5,32,200,"1,058.00","211,600.00"
2020-02-12,2020021201015165,CBBL,16,32,10,"1,058.00","10,580.00"
2020-02-12,2020021201014765,CBBL,59,32,200,"1,058.00","211,600.00"
2020-02-12,2020021201014715,CBBL,44,58,94,"1,055.00","99,170.00"
2020-02-12,2020021201014707,CBBL,22,58,406,"1,055.00","428,330.00"
2020-02-12,2020021201014706,CBBL,22,58,94,"1,055.00","99,170.00"
2020-02-12,2020021201015001,CBBL,33,32,200,"1,058.00","211,600.00"
2020-02-12,2020021201015169,CBL,45,58,500,153.00,"76,500.00"
2020-02-12,2020021201015094,CBL,48,33,"1,000",152.00,"152,000.00"
2020-02-12,2020021201014894,CBL,48,42,500,152.00,"76,000.00"
2020-02-12,2020021201014959,CCBL,14,7,100,186.00,"18,600.00"
2020-02-12,2020021201015126,CIT,14,44,200,"2,784.00","556,800.00"
2020-02-12,2020021201015023,CIT,53,44,100,"2,784.00","278,400.00"
2020-02-12,2020021201014907,CIT,10,36,55,"2,775.00","152,625.00"
2020-02-12,2020021201014901,CIT,16,36,45,"2,775.00","124,875.00"
2020-02-12,2020021201014900,CIT,16,47,55,"2,775.00","152,625.00"
2020-02-12,2020021201015063,CLBSL,38,17,10,"1,110.00","11,100.00"
2020-02-12,2020021201015058,CLBSL,38,17,10,"1,110.00","11,100.00"
2020-02-12,2020021201015091,CZBIL,49,47,197,195.00,"38,415.00"
2020-02-12,2020021201015090,CZBIL,7,47,40,195.00,"7,800.00"
2020-02-12,2020021201015089,CZBIL,36,47,200,195.00,"39,000.00"
2020-02-12,2020021201015088,CZBIL,48,47,300,195.00,"58,500.00"
2020-02-12,2020021201015087,CZBIL,56,47,109,195.00,"21,255.00"
2020-02-12,2020021201014816,CZBIL,56,22,10,195.00,"1,950.00"
2020-02-12,2020021201015174,DDBL,6,41,50,890.00,"44,500.00"
2020-02-12,2020021201015173,DDBL,6,1,50,890.00,"44,500.00"
2020-02-12,2020021201015170,DDBL,5,41,10,890.00,"8,900.00"
2020-02-12,2020021201015075,DDBL,21,51,165,889.00,"146,685.00"
2020-02-12,2020021201014963,DDBL,25,41,30,886.00,"26,580.00"
2020-02-12,2020021201014808,DDBL,38,54,79,888.00,"70,152.00"
2020-02-12,2020021201014807,DDBL,38,54,71,888.00,"63,048.00"
2020-02-12,2020021201014806,DDBL,38,25,50,887.00,"44,350.00"
2020-02-12,2020021201014800,DDBL,25,51,200,886.00,"177,200.00"
2020-02-12,2020021201014889,DHPL,33,34,10,54.00,540.00
2020-02-12,2020021201014875,EBL,57,6,108,641.00,"69,228.00"
2020-02-12,2020021201014770,EIC,34,51,100,439.00,"43,900.00"
2020-02-12,2020021201014709,EIC,41,29,150,440.00,"66,000.00"
2020-02-12,2020021201014935,FMDBL,20,36,80,469.00,"37,520.00"
2020-02-12,2020021201015128,FOWAD,53,4,10,"1,489.00","14,890.00"
2020-02-12,2020021201014953,GBBL,14,13,100,241.00,"24,100.00"
2020-02-12,2020021201015114,GBIME,41,38,97,279.00,"27,063.00"
2020-02-12,2020021201015113,GBIME,42,38,50,279.00,"13,950.00"
2020-02-12,2020021201015112,GBIME,33,38,200,279.00,"55,800.00"
2020-02-12,2020021201015111,GBIME,57,38,500,279.00,"139,500.00"
2020-02-12,2020021201015110,GBIME,43,38,88,279.00,"24,552.00"
2020-02-12,2020021201015033,GBIME,44,49,100,280.00,"28,000.00"
2020-02-12,2020021201014802,GBIME,52,44,50,279.00,"13,950.00"
2020-02-12,2020021201014761,GBIME,43,49,600,280.00,"168,000.00"
2020-02-12,2020021201015025,GBIME,43,45,150,279.00,"41,850.00"
2020-02-12,2020021201014960,GBIME,45,49,100,280.00,"28,000.00"
2020-02-12,2020021201014902,GBIME,43,44,200,279.00,"55,800.00"
2020-02-12,2020021201014881,GBIME,43,45,62,279.00,"17,298.00"
2020-02-12,2020021201014880,GBIME,6,45,548,279.00,"152,892.00"
2020-02-12,2020021201014803,GBIME,6,44,400,279.00,"111,600.00"
2020-02-12,2020021201015101,GBLBS,52,45,10,483.00,"4,830.00"
2020-02-12,2020021201014854,GBLBS,10,51,180,482.00,"86,760.00"
2020-02-12,2020021201014853,GBLBS,59,51,20,482.00,"9,640.00"
2020-02-12,2020021201015155,GFCL,35,59,300,147.00,"44,100.00"
2020-02-12,2020021201015172,GGBSL,34,17,10,897.00,"8,970.00"
2020-02-12,2020021201014962,GGBSL,57,50,178,900.00,"160,200.00"
2020-02-12,2020021201014961,GGBSL,48,50,50,901.00,"45,050.00"
2020-02-12,2020021201014949,GGBSL,1,45,50,904.00,"45,200.00"
2020-02-12,2020021201015154,GILB,51,36,100,"1,426.00","142,600.00"
2020-02-12,2020021201014952,GILB,33,25,50,"1,440.00","72,000.00"
2020-02-12,2020021201014865,GILB,33,25,10,"1,440.00","14,400.00"
2020-02-12,2020021201015041,GLBSL,26,51,10,790.00,"7,900.00"
2020-02-12,2020021201015040,GLBSL,26,48,200,790.00,"158,000.00"
2020-02-12,2020021201015039,GLBSL,26,58,50,789.00,"39,450.00"
2020-02-12,2020021201015038,GLBSL,26,50,10,789.00,"7,890.00"
2020-02-12,2020021201015037,GLBSL,26,6,20,785.00,"15,700.00"
2020-02-12,2020021201015036,GLBSL,26,38,100,785.00,"78,500.00"
2020-02-12,2020021201015035,GLBSL,26,6,10,780.00,"7,800.00"
2020-02-12,2020021201015066,GLICL,49,32,100,770.00,"77,000.00"
2020-02-12,2020021201014942,GLICL,39,55,50,768.00,"38,400.00"
2020-02-12,2020021201015115,GMFBS,34,53,50,896.00,"44,800.00"
2020-02-12,2020021201014898,GMFBS,38,49,10,909.00,"9,090.00"
2020-02-12,2020021201014897,GMFBS,38,28,10,904.00,"9,040.00"
2020-02-12,2020021201014825,GMFBS,34,55,100,905.00,"90,500.00"
2020-02-12,2020021201014824,GMFBS,34,54,100,905.00,"90,500.00"
2020-02-12,2020021201014823,GMFBS,34,51,10,905.00,"9,050.00"
2020-02-12,2020021201014822,GMFBS,34,26,10,905.00,"9,050.00"
2020-02-12,2020021201014821,GMFBS,34,48,50,904.00,"45,200.00"
2020-02-12,2020021201014820,GMFBS,34,13,10,904.00,"9,040.00"
2020-02-12,2020021201014819,GMFBS,34,7,20,903.00,"18,060.00"
2020-02-12,2020021201015061,GMFIL,33,39,10,134.00,"1,340.00"
2020-02-12,2020021201014968,GRDBL,4,58,602,144.00,"86,688.00"
2020-02-12,2020021201014893,GRDBL,4,29,760,144.00,"109,440.00"
2020-02-12,2020021201014892,GRDBL,4,29,"1,000",144.00,"144,000.00"
2020-02-12,2020021201014891,GRDBL,4,57,200,142.00,"28,400.00"
2020-02-12,2020021201014890,GRDBL,4,49,438,142.00,"62,196.00"
2020-02-12,2020021201014700,GRDBL,26,49,57,142.00,"8,094.00"
2020-02-12,2020021201014842,GUFL,33,57,10,130.00,"1,300.00"
2020-02-12,2020021201015136,HDL,7,34,50,"1,229.00","61,450.00"
2020-02-12,2020021201015004,HDL,7,22,100,"1,229.00","122,900.00"
2020-02-12,2020021201014744,HDL,32,5,200,"1,229.00","245,800.00"
2020-02-12,2020021201015103,HGI,26,45,10,418.00,"4,180.00"
2020-02-12,2020021201014950,HGI,34,46,100,417.00,"41,700.00"
2020-02-12,2020021201015072,HIDCL,53,5,54,139.00,"7,506.00"
2020-02-12,2020021201015071,HIDCL,53,25,72,139.00,"10,008.00"
2020-02-12,2020021201015070,HIDCL,53,22,35,139.00,"4,865.00"
2020-02-12,2020021201015069,HIDCL,53,44,489,139.00,"67,971.00"
2020-02-12,2020021201015100,HURJA,36,11,20,107.00,"2,140.00"
2020-02-12,2020021201014811,IGI,40,19,100,440.00,"44,000.00"
2020-02-12,2020021201015096,ILBS,51,59,10,848.00,"8,480.00"
2020-02-12,2020021201015098,JBBL,39,26,12,189.00,"2,268.00"
2020-02-12,2020021201014810,JBBL,36,58,14,187.00,"2,618.00"
2020-02-12,2020021201015131,JSLBB,25,22,15,"1,727.00","25,905.00"
2020-02-12,2020021201015056,KBL,22,44,432,194.00,"83,808.00"
2020-02-12,2020021201015055,KBL,47,44,200,194.00,"38,800.00"
2020-02-12,2020021201015054,KBL,51,44,200,194.00,"38,800.00"
2020-02-12,2020021201015053,KBL,53,44,100,194.00,"19,400.00"
2020-02-12,2020021201015052,KBL,38,44,910,194.00,"176,540.00"
2020-02-12,2020021201015163,KPCL,48,34,30,107.00,"3,210.00"
2020-02-12,2020021201015124,KPCL,48,47,40,107.00,"4,280.00"
2020-02-12,2020021201014977,KPCL,48,6,200,107.00,"21,400.00"
2020-02-12,2020021201014786,KPCL,55,34,100,107.00,"10,700.00"
2020-02-12,2020021201014767,KPCL,6,34,400,107.00,"42,800.00"
2020-02-12,2020021201014749,KPCL,45,26,10,106.00,"1,060.00"
2020-02-12,2020021201014792,KPCL,55,41,10,107.00,"1,070.00"
2020-02-12,2020021201014791,KPCL,55,19,500,107.00,"53,500.00"
2020-02-12,2020021201014790,KPCL,55,28,10,107.00,"1,070.00"
2020-02-12,2020021201014789,KPCL,55,13,10,107.00,"1,070.00"
2020-02-12,2020021201014788,KPCL,55,42,40,107.00,"4,280.00"
2020-02-12,2020021201014787,KPCL,55,25,150,107.00,"16,050.00"
2020-02-12,2020021201014795,KPCL,55,58,90,107.00,"9,630.00"
2020-02-12,2020021201014794,KPCL,55,53,100,107.00,"10,700.00"
2020-02-12,2020021201014793,KPCL,55,38,10,107.00,"1,070.00"
2020-02-12,2020021201014888,KPCL,45,40,40,106.00,"4,240.00"
2020-02-12,2020021201014941,KSBBL,29,29,"1,387",160.00,"221,920.00"
2020-02-12,2020021201014805,KSBBL,29,26,156,160.00,"24,960.00"
2020-02-12,2020021201014804,KSBBL,29,49,853,160.00,"136,480.00"
2020-02-12,2020021201014940,LBBL,11,59,55,193.00,"10,615.00"
2020-02-12,2020021201014779,LBBL,28,58,771,191.00,"147,261.00"
2020-02-12,2020021201014778,LBBL,34,58,224,192.00,"43,008.00"
2020-02-12,2020021201014905,LBL,40,26,75,225.00,"16,875.00"
2020-02-12,2020021201015086,LGIL,38,38,10,533.00,"5,330.00"
2020-02-12,2020021201015084,LGIL,53,28,200,528.00,"105,600.00"
2020-02-12,2020021201014809,LGIL,29,45,128,527.00,"67,456.00"
2020-02-12,2020021201014705,LGIL,1,45,50,527.00,"26,350.00"
2020-02-12,2020021201014704,LGIL,39,45,20,527.00,"10,540.00"
2020-02-12,2020021201014703,LGIL,29,45,38,527.00,"20,026.00"
2020-02-12,2020021201014702,LGIL,53,45,276,528.00,"145,728.00"
2020-02-12,2020021201014701,LGIL,59,45,200,529.00,"105,800.00"
2020-02-12,2020021201015167,LICN,40,34,16,"1,230.00","19,680.00"
2020-02-12,2020021201015127,MBL,49,3,"1,000",234.00,"234,000.00"
2020-02-12,2020021201014828,MDB,34,42,30,341.00,"10,230.00"
2020-02-12,2020021201015067,MEGA,29,38,258,205.00,"52,890.00"
2020-02-12,2020021201014966,MEGA,29,38,600,205.00,"123,000.00"
2020-02-12,2020021201014965,MEGA,29,38,142,205.00,"29,110.00"
2020-02-12,2020021201014887,MEGA,29,19,103,205.00,"21,115.00"
2020-02-12,2020021201014981,MERO,53,43,15,673.00,"10,095.00"
2020-02-12,2020021201014783,MERO,34,44,10,674.00,"6,740.00"
2020-02-12,2020021201014782,MERO,34,34,100,672.00,"67,200.00"
2020-02-12,2020021201014781,MERO,34,39,35,671.00,"23,485.00"
2020-02-12,2020021201015068,MHNL,38,11,30,89.00,"2,670.00"
2020-02-12,2020021201014970,MLBBL,45,58,65,845.00,"54,925.00"
2020-02-12,2020021201014946,MLBBL,45,43,100,844.00,"84,400.00"
2020-02-12,2020021201014945,MLBBL,45,44,50,844.00,"42,200.00"
2020-02-12,2020021201014879,MLBBL,45,51,50,843.00,"42,150.00"
2020-02-12,2020021201014878,MLBBL,45,52,200,840.00,"168,000.00"
2020-02-12,2020021201014877,MLBBL,45,35,150,838.00,"125,700.00"
2020-02-12,2020021201015060,MSMBS,48,33,100,801.00,"80,100.00"
2020-02-12,2020021201015059,MSMBS,48,7,49,801.00,"39,249.00"
2020-02-12,2020021201015134,NABIL,57,25,50,722.00,"36,100.00"
2020-02-12,2020021201014910,NABIL,35,25,10,722.00,"7,220.00"
2020-02-12,2020021201014785,NABIL,38,45,20,721.00,"14,420.00"
2020-02-12,2020021201014784,NABIL,25,45,20,721.00,"14,420.00"
2020-02-12,2020021201015162,NADEP,53,39,103,736.00,"75,808.00"
2020-02-12,2020021201014967,NADEP,53,45,23,736.00,"16,928.00"
2020-02-12,2020021201014874,NADEP,53,25,50,736.00,"36,800.00"
2020-02-12,2020021201014873,NADEP,53,42,23,736.00,"16,928.00"
2020-02-12,2020021201014872,NADEP,53,51,20,736.00,"14,720.00"
2020-02-12,2020021201014871,NADEP,53,51,20,736.00,"14,720.00"
2020-02-12,2020021201014870,NADEP,53,57,200,735.00,"147,000.00"
2020-02-12,2020021201014869,NADEP,53,35,23,735.00,"16,905.00"
2020-02-12,2020021201014868,NADEP,53,52,700,735.00,"514,500.00"
2020-02-12,2020021201014867,NADEP,53,1,38,734.00,"27,892.00"
2020-02-12,2020021201014834,NADEP,26,33,200,732.00,"146,400.00"
2020-02-12,2020021201014833,NADEP,26,38,23,730.00,"16,790.00"
2020-02-12,2020021201015125,NBL,29,26,100,267.00,"26,700.00"
2020-02-12,2020021201015077,NBL,29,45,100,267.00,"26,700.00"
2020-02-12,2020021201014947,NBL,29,57,"3,000",267.00,"801,000.00"
2020-02-12,2020021201015168,NGPL,33,6,10,120.00,"1,200.00"
2020-02-12,2020021201014973,NHPC,33,4,"1,000",58.00,"58,000.00"
2020-02-12,2020021201014912,NHPC,28,51,500,57.00,"28,500.00"
2020-02-12,2020021201015183,NIB,57,11,50,378.00,"18,900.00"
2020-02-12,2020021201015123,NICA,38,50,"1,000",508.00,"508,000.00"
2020-02-12,2020021201015122,NICA,38,7,100,508.00,"50,800.00"
2020-02-12,2020021201015121,NICA,38,44,80,508.00,"40,640.00"
2020-02-12,2020021201015120,NICA,38,10,600,508.00,"304,800.00"
2020-02-12,2020021201015119,NICA,38,29,399,508.00,"202,692.00"
2020-02-12,2020021201015118,NICA,38,28,813,508.00,"413,004.00"
2020-02-12,2020021201015002,NICA,50,38,200,507.00,"101,400.00"
2020-02-12,2020021201014948,NICA,40,44,"1,000",507.00,"507,000.00"
2020-02-12,2020021201014764,NICA,3,38,150,507.00,"76,050.00"
2020-02-12,2020021201014763,NICA,47,38,100,507.00,"50,700.00"
2020-02-12,2020021201014762,NICA,47,38,495,507.00,"250,965.00"
2020-02-12,2020021201015188,NICL,53,33,200,442.00,"88,400.00"
2020-02-12,2020021201015160,NICL,34,33,50,442.00,"22,100.00"
2020-02-12,2020021201015159,NICL,34,6,185,441.00,"81,585.00"
2020-02-12,2020021201015158,NICL,34,34,15,441.00,"6,615.00"
2020-02-12,2020021201014943,NICL,34,42,"1,000",439.00,"439,000.00"
2020-02-12,2020021201015048,NICL,34,34,85,441.00,"37,485.00"
2020-02-12,2020021201015047,NICL,34,49,132,440.00,"58,080.00"
2020-02-12,2020021201015046,NICL,34,35,107,440.00,"47,080.00"
2020-02-12,2020021201015045,NICL,34,57,476,440.00,"209,440.00"
2020-02-12,2020021201014944,NICL,34,57,100,440.00,"44,000.00"
2020-02-12,2020021201015051,NIL,35,46,205,576.00,"118,080.00"
2020-02-12,2020021201015050,NIL,35,34,285,576.00,"164,160.00"
2020-02-12,2020021201015049,NIL,35,19,10,574.00,"5,740.00"
2020-02-12,2020021201014895,NIL,5,44,100,575.00,"57,500.00"
2020-02-12,2020021201014827,NIL,5,51,100,575.00,"57,500.00"
2020-02-12,2020021201014760,NIL,5,38,53,574.00,"30,422.00"
2020-02-12,2020021201014745,NLBBL,38,11,200,805.00,"161,000.00"
2020-02-12,2020021201015026,NLG,11,13,40,656.00,"26,240.00"
2020-02-12,2020021201014748,NLG,41,26,100,655.00,"65,500.00"
2020-02-12,2020021201014747,NLG,41,34,50,655.00,"32,750.00"
2020-02-12,2020021201014746,NLG,41,49,40,655.00,"26,200.00"
2020-02-12,2020021201014951,NLG,57,44,100,657.00,"65,700.00"
2020-02-12,2020021201014866,NLG,11,48,20,656.00,"13,120.00"
2020-02-12,2020021201014849,NLG,11,17,11,656.00,"7,216.00"
2020-02-12,2020021201014848,NLG,11,39,100,656.00,"65,600.00"
2020-02-12,2020021201014847,NLG,11,47,100,656.00,"65,600.00"
2020-02-12,2020021201015085,NLIC,32,43,50,"1,124.00","56,200.00"
2020-02-12,2020021201014939,NMB,14,25,350,384.00,"134,400.00"
2020-02-12,2020021201014938,NMB,14,57,50,384.00,"19,200.00"
2020-02-12,2020021201014937,NMB,14,25,100,384.00,"38,400.00"
2020-02-12,2020021201014774,NMB,11,57,50,383.00,"19,150.00"
2020-02-12,2020021201014769,NMB,44,58,200,382.00,"76,400.00"
2020-02-12,2020021201015153,NMBMF,16,50,100,900.00,"90,000.00"
2020-02-12,2020021201014812,NMFBS,49,7,20,"1,650.00","33,000.00"
2020-02-12,2020021201015157,NTC,36,41,90,619.00,"55,710.00"
2020-02-12,2020021201015156,NTC,36,45,10,619.00,"6,190.00"
2020-02-12,2020021201014958,NUBL,39,33,100,"1,025.00","102,500.00"
2020-02-12,2020021201015034,PCBL,5,39,10,279.00,"2,790.00"
2020-02-12,2020021201014896,PCBL,22,34,195,278.00,"54,210.00"
2020-02-12,2020021201014835,PCBL,11,34,50,278.00,"13,900.00"
2020-02-12,2020021201014979,PIC,52,38,10,577.00,"5,770.00"
2020-02-12,2020021201014846,PIC,16,52,146,574.00,"83,804.00"
2020-02-12,2020021201014845,PIC,53,52,50,575.00,"28,750.00"
2020-02-12,2020021201014844,PIC,41,52,50,575.00,"28,750.00"
2020-02-12,2020021201014843,PIC,56,52,54,575.00,"31,050.00"
2020-02-12,2020021201015083,PICL,48,49,40,511.00,"20,440.00"
2020-02-12,2020021201014832,PICL,48,7,50,511.00,"25,550.00"
2020-02-12,2020021201015190,PLIC,52,58,100,577.00,"57,700.00"
2020-02-12,2020021201015187,PLIC,4,46,10,580.00,"5,800.00"
2020-02-12,2020021201015139,PLIC,52,32,36,577.00,"20,772.00"
2020-02-12,2020021201015138,PLIC,45,32,20,577.00,"11,540.00"
2020-02-12,2020021201015137,PLIC,32,32,44,577.00,"25,388.00"
2020-02-12,2020021201014758,PRIN,36,44,737,460.00,"339,020.00"
2020-02-12,2020021201014713,PRIN,34,53,50,461.00,"23,050.00"
2020-02-12,2020021201014813,PROFL,40,34,500,111.00,"55,500.00"
2020-02-12,2020021201015133,PRVU,45,29,42,243.00,"10,206.00"
2020-02-12,2020021201015132,PRVU,6,29,58,243.00,"14,094.00"
2020-02-12,2020021201015105,PRVU,6,41,33,243.00,"8,019.00"
2020-02-12,2020021201015015,PRVU,6,33,409,243.00,"99,387.00"
2020-02-12,2020021201015014,PRVU,43,33,500,243.00,"121,500.00"
2020-02-12,2020021201015013,PRVU,4,33,"1,000",243.00,"243,000.00"
2020-02-12,2020021201015006,PRVU,46,33,260,243.00,"63,180.00"
2020-02-12,2020021201015005,PRVU,14,33,20,243.00,"4,860.00"
2020-02-12,2020021201014815,PRVU,37,32,237,244.00,"57,828.00"
2020-02-12,2020021201014814,PRVU,37,51,743,244.00,"181,292.00"
2020-02-12,2020021201015012,PRVU,42,33,200,243.00,"48,600.00"
2020-02-12,2020021201015011,PRVU,49,33,50,243.00,"12,150.00"
2020-02-12,2020021201015010,PRVU,51,33,100,243.00,"24,300.00"
2020-02-12,2020021201015009,PRVU,52,33,100,243.00,"24,300.00"
2020-02-12,2020021201015008,PRVU,43,33,25,243.00,"6,075.00"
2020-02-12,2020021201015007,PRVU,25,33,100,243.00,"24,300.00"
2020-02-12,2020021201015073,RBCLPO,29,59,20,"8,150.00","163,000.00"
2020-02-12,2020021201014971,RHPL,22,54,10,167.00,"1,670.00"
2020-02-12,2020021201014818,RHPL,22,35,100,167.00,"16,700.00"
2020-02-12,2020021201014753,RHPL,22,38,30,167.00,"5,010.00"
2020-02-12,2020021201014752,RHPL,48,38,100,167.00,"16,700.00"
2020-02-12,2020021201014751,RHPL,49,38,20,167.00,"3,340.00"
2020-02-12,2020021201014716,RHPL,49,54,10,167.00,"1,670.00"
2020-02-12,2020021201015195,RMDC,44,49,100,694.00,"69,400.00"
2020-02-12,2020021201014978,RMDC,44,34,96,694.00,"66,624.00"
2020-02-12,2020021201014969,RMDC,45,34,100,694.00,"69,400.00"
2020-02-12,2020021201015003,RSDC,53,43,90,480.00,"43,200.00"
2020-02-12,2020021201014743,RSDC,58,43,190,480.00,"91,200.00"
2020-02-12,2020021201014742,RSDC,45,43,200,480.00,"96,000.00"
2020-02-12,2020021201014801,SABSL,13,54,10,918.00,"9,180.00"
2020-02-12,2020021201015182,SADBL,56,57,50,165.00,"8,250.00"
2020-02-12,2020021201015181,SADBL,56,34,413,165.00,"68,145.00"
2020-02-12,2020021201015171,SBL,49,57,50,314.00,"15,700.00"
2020-02-12,2020021201014714,SCB,35,45,10,611.00,"6,110.00"
2020-02-12,2020021201015186,SDESI,4,42,20,940.00,"18,800.00"
2020-02-12,2020021201015185,SDESI,4,51,40,940.00,"37,600.00"
2020-02-12,2020021201015184,SDESI,4,45,40,922.00,"36,880.00"
2020-02-12,2020021201015102,SDESI,19,45,10,922.00,"9,220.00"
2020-02-12,2020021201015097,SDESI,25,51,10,940.00,"9,400.00"
2020-02-12,2020021201014983,SDESI,4,50,13,905.00,"11,765.00"
2020-02-12,2020021201014989,SDESI,4,13,200,910.00,"182,000.00"
2020-02-12,2020021201014988,SDESI,4,55,100,910.00,"91,000.00"
2020-02-12,2020021201014987,SDESI,4,59,50,906.00,"45,300.00"
2020-02-12,2020021201014986,SDESI,4,45,50,906.00,"45,300.00"
2020-02-12,2020021201014985,SDESI,4,46,11,906.00,"9,966.00"
2020-02-12,2020021201014984,SDESI,4,42,55,906.00,"49,830.00"
2020-02-12,2020021201014995,SDESI,4,45,100,915.00,"91,500.00"
2020-02-12,2020021201014994,SDESI,4,29,60,915.00,"54,900.00"
2020-02-12,2020021201014993,SDESI,4,34,100,914.00,"91,400.00"
2020-02-12,2020021201014992,SDESI,4,36,50,914.00,"45,700.00"
2020-02-12,2020021201014991,SDESI,4,45,20,913.00,"18,260.00"
2020-02-12,2020021201014990,SDESI,4,51,40,912.00,"36,480.00"
2020-02-12,2020021201015064,SDESI,4,44,34,922.00,"31,348.00"
2020-02-12,2020021201015000,SDESI,4,44,66,922.00,"60,852.00"
2020-02-12,2020021201014999,SDESI,4,39,22,918.00,"20,196.00"
2020-02-12,2020021201014998,SDESI,4,25,23,918.00,"21,114.00"
2020-02-12,2020021201014997,SDESI,4,38,20,918.00,"18,360.00"
2020-02-12,2020021201014996,SDESI,4,6,20,918.00,"18,360.00"
2020-02-12,2020021201014936,SHINE,20,26,100,278.00,"27,800.00"
2020-02-12,2020021201015194,SHIVM,48,58,100,579.00,"57,900.00"
2020-02-12,2020021201015193,SHIVM,48,39,"1,600",579.00,"926,400.00"
2020-02-12,2020021201015189,SHIVM,58,39,100,579.00,"57,900.00"
2020-02-12,2020021201015161,SHIVM,48,39,300,579.00,"173,700.00"
2020-02-12,2020021201015116,SHIVM,38,16,300,575.00,"172,500.00"
2020-02-12,2020021201014718,SHIVM,58,16,500,574.00,"287,000.00"
2020-02-12,2020021201014717,SHIVM,58,4,100,573.00,"57,300.00"
2020-02-12,2020021201014724,SHIVM,58,6,300,576.00,"172,800.00"
2020-02-12,2020021201014723,SHIVM,58,45,100,576.00,"57,600.00"
2020-02-12,2020021201014722,SHIVM,58,58,478,575.00,"274,850.00"
2020-02-12,2020021201014721,SHIVM,58,13,856,575.00,"492,200.00"
2020-02-12,2020021201014720,SHIVM,58,38,200,574.00,"114,800.00"
2020-02-12,2020021201014719,SHIVM,58,42,400,574.00,"229,600.00"
2020-02-12,2020021201014730,SHIVM,58,28,500,579.00,"289,500.00"
2020-02-12,2020021201014729,SHIVM,58,58,500,578.00,"289,000.00"
2020-02-12,2020021201014728,SHIVM,58,49,500,576.00,"288,000.00"
2020-02-12,2020021201014727,SHIVM,58,57,125,576.00,"72,000.00"
2020-02-12,2020021201014726,SHIVM,58,42,50,576.00,"28,800.00"
2020-02-12,2020021201014725,SHIVM,58,43,500,576.00,"288,000.00"
2020-02-12,2020021201014736,SHIVM,58,14,50,580.00,"29,000.00"
2020-02-12,2020021201014735,SHIVM,58,57,70,580.00,"40,600.00"
2020-02-12,2020021201014734,SHIVM,58,28,"1,800",580.00,"1,044,000.00"
2020-02-12,2020021201014733,SHIVM,58,58,500,580.00,"290,000.00"
2020-02-12,2020021201014732,SHIVM,58,56,100,580.00,"58,000.00"
2020-02-12,2020021201014731,SHIVM,58,46,500,580.00,"290,000.00"
2020-02-12,2020021201014755,SHIVM,58,28,"2,000",586.00,"1,172,000.00"
2020-02-12,2020021201014754,SHIVM,58,28,200,585.00,"117,000.00"
2020-02-12,2020021201014740,SHIVM,58,28,"1,800",585.00,"1,053,000.00"
2020-02-12,2020021201014739,SHIVM,58,50,200,580.00,"116,000.00"
2020-02-12,2020021201014738,SHIVM,58,34,100,580.00,"58,000.00"
2020-02-12,2020021201014737,SHIVM,58,35,"1,000",580.00,"580,000.00"
2020-02-12,2020021201014798,SHIVM,58,22,100,580.00,"58,000.00"
2020-02-12,2020021201014797,SHIVM,58,49,480,580.00,"278,400.00"
2020-02-12,2020021201014796,SHIVM,58,49,"2,000",575.00,"1,150,000.00"
2020-02-12,2020021201014773,SHIVM,48,49,500,580.00,"290,000.00"
2020-02-12,2020021201014766,SHIVM,56,49,20,580.00,"11,600.00"
2020-02-12,2020021201014759,SHIVM,56,52,200,585.00,"117,000.00"
2020-02-12,2020021201014908,SHIVM,19,16,50,568.00,"28,400.00"
2020-02-12,2020021201014884,SHIVM,48,6,150,577.00,"86,550.00"
2020-02-12,2020021201014883,SHIVM,48,40,50,576.00,"28,800.00"
2020-02-12,2020021201014830,SHIVM,56,46,453,579.00,"262,287.00"
2020-02-12,2020021201014829,SHIVM,56,3,47,578.00,"27,166.00"
2020-02-12,2020021201014799,SHIVM,58,42,420,584.00,"245,280.00"
2020-02-12,2020021201014917,SHIVM,28,14,100,577.00,"57,700.00"
2020-02-12,2020021201014916,SHIVM,28,6,50,577.00,"28,850.00"
2020-02-12,2020021201014915,SHIVM,28,58,100,576.00,"57,600.00"
2020-02-12,2020021201014914,SHIVM,28,38,"5,000",575.00,"2,875,000.00"
2020-02-12,2020021201014913,SHIVM,28,16,150,566.00,"84,900.00"
2020-02-12,2020021201014909,SHIVM,28,16,100,566.00,"56,600.00"
2020-02-12,2020021201014923,SHIVM,28,32,500,579.00,"289,500.00"
2020-02-12,2020021201014922,SHIVM,28,46,47,579.00,"27,213.00"
2020-02-12,2020021201014921,SHIVM,28,16,700,578.00,"404,600.00"
2020-02-12,2020021201014920,SHIVM,28,44,100,577.00,"57,700.00"
2020-02-12,2020021201014919,SHIVM,28,25,50,577.00,"28,850.00"
2020-02-12,2020021201014918,SHIVM,28,5,100,577.00,"57,700.00"
2020-02-12,2020021201014929,SHIVM,28,50,250,580.00,"145,000.00"
2020-02-12,2020021201014928,SHIVM,28,34,200,580.00,"116,000.00"
2020-02-12,2020021201014927,SHIVM,28,49,"2,000",580.00,"1,160,000.00"
2020-02-12,2020021201014926,SHIVM,28,28,100,580.00,"58,000.00"
2020-02-12,2020021201014925,SHIVM,28,22,100,579.00,"57,900.00"
2020-02-12,2020021201014924,SHIVM,28,4,100,579.00,"57,900.00"
2020-02-12,2020021201014964,SHIVM,59,57,200,580.00,"116,000.00"
2020-02-12,2020021201014934,SHIVM,28,58,53,585.00,"31,005.00"
2020-02-12,2020021201014933,SHIVM,28,16,100,585.00,"58,500.00"
2020-02-12,2020021201014932,SHIVM,28,52,20,585.00,"11,700.00"
2020-02-12,2020021201014931,SHIVM,28,59,100,584.00,"58,400.00"
2020-02-12,2020021201014930,SHIVM,28,42,80,584.00,"46,720.00"
2020-02-12,2020021201015082,SHIVM,58,57,90,580.00,"52,200.00"
2020-02-12,2020021201015081,SHIVM,58,25,200,579.00,"115,800.00"
2020-02-12,2020021201015080,SHIVM,58,42,10,559.00,"5,590.00"
2020-02-12,2020021201014980,SHIVM,46,45,10,549.00,"5,490.00"
2020-02-12,2020021201014972,SHIVM,35,25,100,579.00,"57,900.00"
2020-02-12,2020021201015079,SHPC,1,56,450,218.00,"98,100.00"
2020-02-12,2020021201015078,SHPC,51,56,550,218.00,"119,900.00"
2020-02-12,2020021201014957,SHPC,49,45,500,219.00,"109,500.00"
2020-02-12,2020021201014956,SHPC,42,45,50,219.00,"10,950.00"
2020-02-12,2020021201014955,SHPC,37,45,100,219.00,"21,900.00"
2020-02-12,2020021201015117,SICL,53,32,50,"1,134.00","56,700.00"
2020-02-12,2020021201015099,SICL,5,51,10,"1,135.00","11,350.00"
2020-02-12,2020021201015057,SJCL,51,54,10,156.00,"1,560.00"
2020-02-12,2020021201014780,SJCL,51,38,180,156.00,"28,080.00"
2020-02-12,2020021201015044,SKBBL,46,34,103,"1,102.00","113,506.00"
2020-02-12,2020021201015043,SKBBL,46,25,100,"1,102.00","110,200.00"
2020-02-12,2020021201015042,SKBBL,46,53,197,"1,101.00","216,897.00"
2020-02-12,2020021201014911,SKBBL,43,37,100,"1,100.00","110,000.00"
2020-02-12,2020021201014906,SKBBL,43,56,100,"1,100.00","110,000.00"
2020-02-12,2020021201014768,SKBBL,43,34,63,"1,100.00","69,300.00"
2020-02-12,2020021201015196,SLBBL,36,54,20,960.00,"19,200.00"
2020-02-12,2020021201015074,SLBBL,1,17,26,959.00,"24,934.00"
2020-02-12,2020021201014982,SLBBL,42,54,110,960.00,"105,600.00"
2020-02-12,2020021201014976,SLBBL,42,25,50,960.00,"48,000.00"
2020-02-12,2020021201014975,SLBBL,48,25,110,960.00,"105,600.00"
2020-02-12,2020021201014864,SLBBL,1,6,40,959.00,"38,360.00"
2020-02-12,2020021201014863,SLBBL,21,6,70,959.00,"67,130.00"
2020-02-12,2020021201015198,SLICL,44,53,12,468.00,"5,616.00"
2020-02-12,2020021201015192,SLICL,44,3,59,466.00,"27,494.00"
2020-02-12,2020021201015191,SLICL,45,3,35,467.00,"16,345.00"
2020-02-12,2020021201015093,SLICL,36,53,100,468.00,"46,800.00"
2020-02-12,2020021201014904,SLICL,50,53,300,468.00,"140,400.00"
2020-02-12,2020021201014777,SMATA,32,42,130,770.00,"100,100.00"
2020-02-12,2020021201015062,SMB,21,43,100,"1,026.00","102,600.00"
2020-02-12,2020021201014712,SMB,47,34,10,"1,010.00","10,100.00"
2020-02-12,2020021201014711,SMB,16,34,80,"1,010.00","80,800.00"
2020-02-12,2020021201014710,SMB,34,34,100,"1,011.00","101,100.00"
2020-02-12,2020021201015024,SRBL,49,34,50,247.00,"12,350.00"
2020-02-12,2020021201014882,SRBL,11,34,50,247.00,"12,350.00"
2020-02-12,2020021201015180,SWBBL,57,49,93,"1,239.00","115,227.00"
2020-02-12,2020021201015179,SWBBL,57,58,25,"1,239.00","30,975.00"
2020-02-12,2020021201015178,SWBBL,57,5,50,"1,238.00","61,900.00"
2020-02-12,2020021201015177,SWBBL,57,58,182,"1,238.00","225,316.00"
2020-02-12,2020021201015176,SWBBL,57,26,100,"1,237.00","123,700.00"
2020-02-12,2020021201015175,SWBBL,57,7,50,"1,235.00","61,750.00"
2020-02-12,2020021201014831,SWBBL,10,44,187,"1,230.00","230,010.00"
2020-02-12,2020021201014750,SWBBL,29,44,313,"1,233.00","385,929.00"
2020-02-12,2020021201015092,TMDBL,28,57,150,189.00,"28,350.00"
2020-02-12,2020021201014851,UPPER,48,11,20,238.00,"4,760.00"
2020-02-12,2020021201014850,UPPER,25,11,19,238.00,"4,522.00"
2020-02-12,2020021201014852,UPPER,7,11,161,238.00,"38,318.00"
2020-02-12,2020021201015104,VLBS,49,58,10,"1,078.00","10,780.00"
2020-02-12,2020021201014974,VLBS,20,33,32,"1,061.00","33,952.00"
2020-02-12,2020021201014776,WOMI,39,41,25,"1,032.00","25,800.00"
2020-02-12,2020021201014775,WOMI,39,14,82,"1,030.00","84,460.00"
2020-02-12,2020021201014472,AKJCL,33,38,300,56.00,"16,800.00"
2020-02-12,2020021201014355,AKPL,21,51,213,123.00,"26,199.00"
2020-02-12,2020021201014354,AKPL,21,51,200,123.00,"24,600.00"
2020-02-12,2020021201014353,AKPL,38,51,187,123.00,"23,001.00"
2020-02-12,2020021201014207,AKPL,38,48,13,123.00,"1,599.00"
2020-02-12,2020021201014206,AKPL,22,48,487,123.00,"59,901.00"
2020-02-12,2020021201014696,ALBSL,58,43,100,739.00,"73,900.00"
2020-02-12,2020021201014337,ALBSL,1,6,44,737.00,"32,428.00"
2020-02-12,2020021201014336,ALBSL,29,6,46,737.00,"33,902.00"
2020-02-12,2020021201014335,ALBSL,52,6,10,738.00,"7,380.00"
2020-02-12,2020021201014356,ALICL,45,26,50,582.00,"29,100.00"
2020-02-12,2020021201014331,ALICL,19,58,57,583.00,"33,231.00"
2020-02-12,2020021201014541,API,58,45,886,133.00,"117,838.00"
2020-02-12,2020021201014540,API,58,6,100,133.00,"13,300.00"
2020-02-12,2020021201014539,API,58,34,14,133.00,"1,862.00"
2020-02-12,2020021201014469,API,58,25,526,132.00,"69,432.00"
2020-02-12,2020021201014468,API,58,51,390,132.00,"51,480.00"
2020-02-12,2020021201014467,API,58,33,100,132.00,"13,200.00"
2020-02-12,2020021201014253,API,58,34,"2,000",131.00,"262,000.00"
2020-02-12,2020021201014252,API,58,1,500,131.00,"65,500.00"
2020-02-12,2020021201014251,API,58,53,150,131.00,"19,650.00"
2020-02-12,2020021201014225,API,58,57,500,130.00,"65,000.00"
2020-02-12,2020021201014224,API,58,45,"1,400",130.00,"182,000.00"
2020-02-12,2020021201014254,API,58,42,610,131.00,"79,910.00"
2020-02-12,2020021201014289,API,58,40,"1,000",132.00,"132,000.00"
2020-02-12,2020021201014466,API,58,14,"1,000",132.00,"132,000.00"
2020-02-12,2020021201014465,API,58,43,500,132.00,"66,000.00"
2020-02-12,2020021201014464,API,58,57,"1,312",132.00,"173,184.00"
2020-02-12,2020021201014463,API,58,38,801,132.00,"105,732.00"
2020-02-12,2020021201014462,API,58,43,800,132.00,"105,600.00"
2020-02-12,2020021201014426,API,58,37,"1,000",131.00,"131,000.00"
2020-02-12,2020021201014239,BBC,1,49,100,"1,786.00","178,600.00"
2020-02-12,2020021201014277,BNT,57,38,20,"6,370.00","127,400.00"
2020-02-12,2020021201014288,BPCL,40,55,200,339.00,"67,800.00"
2020-02-12,2020021201014285,CBBL,50,58,125,"1,055.00","131,875.00"
2020-02-12,2020021201014422,CBL,28,58,650,153.00,"99,450.00"
2020-02-12,2020021201014421,CBL,22,58,433,153.00,"66,249.00"
2020-02-12,2020021201014403,CBL,22,25,67,153.00,"10,251.00"
2020-02-12,2020021201014402,CBL,39,25,500,153.00,"76,500.00"
2020-02-12,2020021201014401,CBL,33,25,433,153.00,"66,249.00"
2020-02-12,2020021201014666,CCBL,42,7,85,186.00,"15,810.00"
2020-02-12,2020021201014665,CCBL,42,40,22,186.00,"4,092.00"
2020-02-12,2020021201014562,CCBL,4,33,500,185.00,"92,500.00"
2020-02-12,2020021201014451,CCBL,4,39,17,185.00,"3,145.00"
2020-02-12,2020021201014450,CCBL,47,39,42,185.00,"7,770.00"
2020-02-12,2020021201014449,CCBL,6,39,269,185.00,"49,765.00"
2020-02-12,2020021201014688,CIT,38,8,74,"2,773.00","205,202.00"
2020-02-12,2020021201014687,CIT,44,8,150,"2,775.00","416,250.00"
2020-02-12,2020021201014686,CIT,11,8,10,"2,780.00","27,800.00"
2020-02-12,2020021201014685,CIT,51,8,10,"2,780.00","27,800.00"
2020-02-12,2020021201014682,CIT,51,8,10,"2,780.00","27,800.00"
2020-02-12,2020021201014658,CIT,44,43,50,"2,775.00","138,750.00"
2020-02-12,2020021201014480,CIT,7,8,100,"2,773.00","277,300.00"
2020-02-12,2020021201014479,CIT,20,8,50,"2,774.00","138,700.00"
2020-02-12,2020021201014396,CIT,20,43,50,"2,774.00","138,700.00"
2020-02-12,2020021201014395,CIT,6,43,50,"2,774.00","138,700.00"
2020-02-12,2020021201014352,CIT,6,8,100,"2,775.00","277,500.00"
2020-02-12,2020021201014537,CLBSL,32,47,19,"1,096.00","20,824.00"
2020-02-12,2020021201014536,CLBSL,22,47,10,"1,100.00","11,000.00"
2020-02-12,2020021201014535,CLBSL,58,47,100,"1,100.00","110,000.00"
2020-02-12,2020021201014694,DDBL,25,42,190,886.00,"168,340.00"
2020-02-12,2020021201014693,DDBL,41,42,60,887.00,"53,220.00"
2020-02-12,2020021201014214,DDBL,41,8,140,887.00,"124,180.00"
2020-02-12,2020021201014213,DDBL,41,8,30,887.00,"26,610.00"
2020-02-12,2020021201014526,EDBL,55,6,500,356.00,"178,000.00"
2020-02-12,2020021201014525,EDBL,22,6,500,356.00,"178,000.00"
2020-02-12,2020021201014674,FMDBL,32,38,58,468.00,"27,144.00"
2020-02-12,2020021201014400,FMDBL,25,44,100,467.00,"46,700.00"
2020-02-12,2020021201014440,FOWAD,37,7,70,"1,481.00","103,670.00"
2020-02-12,2020021201014439,FOWAD,46,7,200,"1,482.00","296,400.00"
2020-02-12,2020021201014438,FOWAD,53,7,100,"1,482.00","148,200.00"
2020-02-12,2020021201014437,FOWAD,40,7,50,"1,483.00","74,150.00"
2020-02-12,2020021201014343,FOWAD,40,42,100,"1,485.00","148,500.00"
2020-02-12,2020021201014342,FOWAD,37,42,200,"1,486.00","297,200.00"
2020-02-12,2020021201014341,FOWAD,36,42,35,"1,488.00","52,080.00"
2020-02-12,2020021201014418,GBBL,14,40,500,241.00,"120,500.00"
2020-02-12,2020021201014399,GBIME,32,49,50,280.00,"14,000.00"
2020-02-12,2020021201014339,GBIME,6,22,41,279.00,"11,439.00"
2020-02-12,2020021201014222,GBIME,6,21,11,279.00,"3,069.00"
2020-02-12,2020021201014221,GBIME,32,21,263,279.00,"73,377.00"
2020-02-12,2020021201014220,GBIME,16,21,126,279.00,"35,154.00"
2020-02-12,2020021201014567,GBLBS,26,5,185,484.00,"89,540.00"
2020-02-12,2020021201014566,GBLBS,26,19,50,484.00,"24,200.00"
2020-02-12,2020021201014565,GBLBS,26,34,65,483.00,"31,395.00"
2020-02-12,2020021201014471,GBLBS,59,36,980,482.00,"472,360.00"
2020-02-12,2020021201014470,GBLBS,36,36,115,482.00,"55,430.00"
2020-02-12,2020021201014351,GBLBS,36,7,185,482.00,"89,170.00"
2020-02-12,2020021201014266,GBLBS,1,19,150,484.00,"72,600.00"
2020-02-12,2020021201014243,GBLBS,1,19,200,484.00,"96,800.00"
2020-02-12,2020021201014350,GBLBS,28,7,500,482.00,"241,000.00"
2020-02-12,2020021201014349,GBLBS,1,7,50,482.00,"24,100.00"
2020-02-12,2020021201014348,GBLBS,37,7,300,482.00,"144,600.00"
2020-02-12,2020021201014347,GBLBS,52,7,50,482.00,"24,100.00"
2020-02-12,2020021201014346,GBLBS,45,7,100,483.00,"48,300.00"
2020-02-12,2020021201014345,GBLBS,58,7,35,483.00,"16,905.00"
2020-02-12,2020021201014680,GFCL,35,17,50,147.00,"7,350.00"
2020-02-12,2020021201014575,GILB,51,42,50,"1,425.00","71,250.00"
2020-02-12,2020021201014281,GILB,21,42,100,"1,425.00","142,500.00"
2020-02-12,2020021201014280,GILB,42,42,20,"1,426.00","28,520.00"
2020-02-12,2020021201014574,GLICL,42,33,200,767.00,"153,400.00"
2020-02-12,2020021201014573,GLICL,22,33,100,767.00,"76,700.00"
2020-02-12,2020021201014572,GLICL,1,33,313,767.00,"240,071.00"
2020-02-12,2020021201014571,GLICL,8,33,250,768.00,"192,000.00"
2020-02-12,2020021201014569,GLICL,58,55,50,768.00,"38,400.00"
2020-02-12,2020021201014322,GLICL,41,32,100,770.00,"77,000.00"
2020-02-12,2020021201014268,GLICL,56,32,20,770.00,"15,400.00"
2020-02-12,2020021201014267,GLICL,56,26,30,769.00,"23,070.00"
2020-02-12,2020021201014697,GMFBS,34,50,50,903.00,"45,150.00"
2020-02-12,2020021201014699,GRDBL,26,38,20,141.00,"2,820.00"
2020-02-12,2020021201014698,GRDBL,26,45,123,140.00,"17,220.00"
2020-02-12,2020021201014256,GRDBL,4,45,77,140.00,"10,780.00"
2020-02-12,2020021201014652,HDL,32,22,100,"1,229.00","122,900.00"
2020-02-12,2020021201014320,HDL,8,10,100,"1,227.00","122,700.00"
2020-02-12,2020021201014564,HGI,29,41,130,413.00,"53,690.00"
2020-02-12,2020021201014563,HGI,54,41,220,413.00,"90,860.00"
2020-02-12,2020021201014360,HGI,54,21,280,413.00,"115,640.00"
2020-02-12,2020021201014359,HGI,35,21,20,413.00,"8,260.00"
2020-02-12,2020021201014358,HGI,20,21,100,414.00,"41,400.00"
2020-02-12,2020021201014357,HGI,37,21,100,414.00,"41,400.00"
2020-02-12,2020021201014532,HIDCL,53,5,350,138.00,"48,300.00"
2020-02-12,2020021201014531,HIDCL,44,5,200,138.00,"27,600.00"
2020-02-12,2020021201014419,JBBL,32,58,"1,000",187.00,"187,000.00"
2020-02-12,2020021201014552,JOSHI,21,39,500,60.00,"30,000.00"
2020-02-12,2020021201014250,JOSHI,34,8,20,59.00,"1,180.00"
2020-02-12,2020021201014452,JSLBB,34,44,10,"1,735.00","17,350.00"
2020-02-12,2020021201014461,KBL,38,34,90,194.00,"17,460.00"
2020-02-12,2020021201014460,KBL,34,34,500,194.00,"97,000.00"
2020-02-12,2020021201014459,KBL,37,34,500,194.00,"97,000.00"
2020-02-12,2020021201014458,KBL,32,34,910,194.00,"176,540.00"
2020-02-12,2020021201014423,KBL,51,44,200,195.00,"39,000.00"
2020-02-12,2020021201014209,KBL,33,44,300,195.00,"58,500.00"
2020-02-12,2020021201014205,KBL,49,44,200,195.00,"39,000.00"
2020-02-12,2020021201014204,KBL,33,44,"1,958",195.00,"381,810.00"
2020-02-12,2020021201014398,KKHC,21,8,10,55.00,550.00
2020-02-12,2020021201014684,KPCL,45,26,10,106.00,"1,060.00"
2020-02-12,2020021201014582,KPCL,45,26,10,106.00,"1,060.00"
2020-02-12,2020021201014550,KPCL,45,26,10,106.00,"1,060.00"
2020-02-12,2020021201014389,KPCL,45,38,160,106.00,"16,960.00"
2020-02-12,2020021201014319,KPCL,54,34,580,107.00,"62,060.00"
2020-02-12,2020021201014318,KPCL,54,1,420,107.00,"44,940.00"
2020-02-12,2020021201014456,KRBL,29,49,500,118.00,"59,000.00"
2020-02-12,2020021201014455,KRBL,45,49,13,119.00,"1,547.00"
2020-02-12,2020021201014228,KRBL,45,32,987,119.00,"117,453.00"
2020-02-12,2020021201014227,KRBL,41,32,13,120.00,"1,560.00"
2020-02-12,2020021201014412,KSBBL,42,49,20,160.00,"3,200.00"
2020-02-12,2020021201014411,KSBBL,42,49,200,160.00,"32,000.00"
2020-02-12,2020021201014410,KSBBL,28,49,300,160.00,"48,000.00"
2020-02-12,2020021201014409,KSBBL,29,49,"1,000",160.00,"160,000.00"
2020-02-12,2020021201014408,KSBBL,21,49,"1,000",160.00,"160,000.00"
2020-02-12,2020021201014407,KSBBL,28,49,378,160.00,"60,480.00"
2020-02-12,2020021201014406,KSBBL,50,49,900,161.00,"144,900.00"
2020-02-12,2020021201014362,KSBBL,50,37,100,161.00,"16,100.00"
2020-02-12,2020021201014361,KSBBL,29,37,900,161.00,"144,900.00"
2020-02-12,2020021201014338,LBBL,34,51,351,192.00,"67,392.00"
2020-02-12,2020021201014247,LBL,32,49,501,224.00,"112,224.00"
2020-02-12,2020021201014246,LBL,32,49,500,224.00,"112,000.00"
2020-02-12,2020021201014245,LBL,43,49,499,224.00,"111,776.00"
2020-02-12,2020021201014555,LGIL,52,38,26,533.00,"13,858.00"
2020-02-12,2020021201014218,LGIL,52,21,100,533.00,"53,300.00"
2020-02-12,2020021201014217,LGIL,52,21,10,532.00,"5,320.00"
2020-02-12,2020021201014216,LGIL,52,14,264,532.00,"140,448.00"
2020-02-12,2020021201014215,LGIL,52,34,100,531.00,"53,100.00"
2020-02-12,2020021201014242,LICN,25,19,10,"1,234.00","12,340.00"
2020-02-12,2020021201014477,MBL,56,3,500,233.00,"116,500.00"
2020-02-12,2020021201014397,MBL,56,19,"1,000",233.00,"233,000.00"
2020-02-12,2020021201014317,MBL,56,43,423,233.00,"98,559.00"
2020-02-12,2020021201014316,MBL,50,43,77,233.00,"17,941.00"
2020-02-12,2020021201014560,MEGA,29,34,55,205.00,"11,275.00"
2020-02-12,2020021201014559,MEGA,49,34,500,205.00,"102,500.00"
2020-02-12,2020021201014558,MEGA,29,34,445,205.00,"91,225.00"
2020-02-12,2020021201014547,MEGA,29,22,355,205.00,"72,775.00"
2020-02-12,2020021201014546,MEGA,58,22,"1,645",205.00,"337,225.00"
2020-02-12,2020021201014420,MEGA,58,28,450,205.00,"92,250.00"
2020-02-12,2020021201014364,MEGA,58,34,105,205.00,"21,525.00"
2020-02-12,2020021201014363,MEGA,49,34,895,205.00,"183,475.00"
2020-02-12,2020021201014581,MERO,42,42,100,670.00,"67,000.00"
2020-02-12,2020021201014692,MLBBL,45,19,46,835.00,"38,410.00"
2020-02-12,2020021201014691,MLBBL,45,21,80,835.00,"66,800.00"
2020-02-12,2020021201014690,MLBBL,45,38,200,831.00,"166,200.00"
2020-02-12,2020021201014689,MLBBL,45,51,174,831.00,"144,594.00"
2020-02-12,2020021201014435,MLBBL,45,51,26,831.00,"21,606.00"
2020-02-12,2020021201014434,MLBBL,45,25,85,831.00,"70,635.00"
2020-02-12,2020021201014230,MLBBL,45,57,10,823.00,"8,230.00"
2020-02-12,2020021201014236,MLBBL,45,25,128,828.00,"105,984.00"
2020-02-12,2020021201014235,MLBBL,45,25,185,828.00,"153,180.00"
2020-02-12,2020021201014234,MLBBL,45,25,203,827.00,"167,881.00"
2020-02-12,2020021201014233,MLBBL,45,21,100,825.00,"82,500.00"
2020-02-12,2020021201014232,MLBBL,45,54,74,825.00,"61,050.00"
2020-02-12,2020021201014231,MLBBL,45,40,300,824.00,"247,200.00"
2020-02-12,2020021201014433,MLBBL,45,11,200,830.00,"166,000.00"
2020-02-12,2020021201014432,MLBBL,45,29,100,830.00,"83,000.00"
2020-02-12,2020021201014431,MLBBL,45,22,209,829.00,"173,261.00"
2020-02-12,2020021201014430,MLBBL,45,17,90,829.00,"74,610.00"
2020-02-12,2020021201014429,MLBBL,45,58,18,828.00,"14,904.00"
2020-02-12,2020021201014428,MLBBL,45,25,272,828.00,"225,216.00"
2020-02-12,2020021201014300,MLBL,41,8,25,216.00,"5,400.00"
2020-02-12,2020021201014279,MLBL,28,37,500,214.00,"107,000.00"
2020-02-12,2020021201014681,MNBBL,34,34,103,319.00,"32,857.00"
2020-02-12,2020021201014290,MNBBL,34,35,12,319.00,"3,828.00"
2020-02-12,2020021201014549,MSMBS,32,37,91,801.00,"72,891.00"
2020-02-12,2020021201014548,MSMBS,32,56,100,800.00,"80,000.00"
2020-02-12,2020021201014448,NABIL,44,19,56,722.00,"40,432.00"
2020-02-12,2020021201014473,NADEP,58,22,180,735.00,"132,300.00"
2020-02-12,2020021201014384,NADEP,58,49,200,735.00,"147,000.00"
2020-02-12,2020021201014383,NADEP,58,1,100,735.00,"73,500.00"
2020-02-12,2020021201014382,NADEP,58,52,763,735.00,"560,805.00"
2020-02-12,2020021201014381,NADEP,58,50,50,734.00,"36,700.00"
2020-02-12,2020021201014380,NADEP,58,42,50,734.00,"36,700.00"
2020-02-12,2020021201014373,NADEP,58,6,10,731.00,"7,310.00"
2020-02-12,2020021201014379,NADEP,58,59,26,734.00,"19,084.00"
2020-02-12,2020021201014378,NADEP,58,57,100,733.00,"73,300.00"
2020-02-12,2020021201014377,NADEP,58,35,200,733.00,"146,600.00"
2020-02-12,2020021201014376,NADEP,58,19,23,733.00,"16,859.00"
2020-02-12,2020021201014375,NADEP,58,51,20,732.00,"14,640.00"
2020-02-12,2020021201014374,NADEP,58,39,277,732.00,"202,764.00"
2020-02-12,2020021201014583,NBB,34,56,840,206.00,"173,040.00"
2020-02-12,2020021201014304,NBB,34,38,160,206.00,"32,960.00"
2020-02-12,2020021201014303,NBB,48,38,200,206.00,"41,200.00"
2020-02-12,2020021201014302,NBB,40,38,500,206.00,"103,000.00"
2020-02-12,2020021201014301,NBB,19,38,140,206.00,"28,840.00"
2020-02-12,2020021201014570,NBL,42,56,22,268.00,"5,896.00"
2020-02-12,2020021201014417,NBL,57,56,210,268.00,"56,280.00"
2020-02-12,2020021201014416,NBL,57,48,500,268.00,"134,000.00"
2020-02-12,2020021201014415,NBL,57,21,330,268.00,"88,440.00"
2020-02-12,2020021201014388,NBL,29,4,"3,468",267.00,"925,956.00"
2020-02-12,2020021201014387,NBL,44,4,"1,302",267.00,"347,634.00"
2020-02-12,2020021201014241,NBL,25,4,200,268.00,"53,600.00"
2020-02-12,2020021201014672,NCCB,49,34,637,194.00,"123,578.00"
2020-02-12,2020021201014671,NCCB,53,34,50,194.00,"9,700.00"
2020-02-12,2020021201014670,NCCB,42,34,500,194.00,"97,000.00"
2020-02-12,2020021201014669,NCCB,48,34,200,194.00,"38,800.00"
2020-02-12,2020021201014668,NCCB,8,34,500,194.00,"97,000.00"
2020-02-12,2020021201014667,NCCB,50,34,200,194.00,"38,800.00"
2020-02-12,2020021201014454,NHPC,28,8,20,57.00,"1,140.00"
2020-02-12,2020021201014413,NIB,21,11,15,378.00,"5,670.00"
2020-02-12,2020021201014265,NIB,29,33,488,377.00,"183,976.00"
2020-02-12,2020021201014334,NIBLPF,35,47,"1,515",7.80,"11,817.00"
2020-02-12,2020021201014695,NICA,47,45,160,507.00,"81,120.00"
2020-02-12,2020021201014661,NICA,47,46,345,507.00,"174,915.00"
2020-02-12,2020021201014660,NICA,47,46,100,507.00,"50,700.00"
2020-02-12,2020021201014659,NICA,47,46,105,507.00,"53,235.00"
2020-02-12,2020021201014545,NICA,47,42,95,507.00,"48,165.00"
2020-02-12,2020021201014530,NICA,47,32,200,507.00,"101,400.00"
2020-02-12,2020021201014263,NICA,47,22,200,507.00,"101,400.00"
2020-02-12,2020021201014226,NICA,47,22,100,507.00,"50,700.00"
2020-02-12,2020021201014366,NICA,48,38,100,507.00,"50,700.00"
2020-02-12,2020021201014365,NICA,48,34,398,507.00,"201,786.00"
2020-02-12,2020021201014321,NICA,58,56,55,506.00,"27,830.00"
2020-02-12,2020021201014296,NICA,47,34,42,507.00,"21,294.00"
2020-02-12,2020021201014295,NICA,47,39,110,507.00,"55,770.00"
2020-02-12,2020021201014294,NICA,47,22,348,507.00,"176,436.00"
2020-02-12,2020021201014291,NICL,26,29,200,439.00,"87,800.00"
2020-02-12,2020021201014483,NIL,52,38,337,574.00,"193,438.00"
2020-02-12,2020021201014287,NIL,52,52,363,574.00,"208,362.00"
2020-02-12,2020021201014240,NIL,29,52,200,575.00,"115,000.00"
2020-02-12,2020021201014371,NLBBL,59,11,37,801.00,"29,637.00"
2020-02-12,2020021201014370,NLBBL,52,11,300,802.00,"240,600.00"
2020-02-12,2020021201014369,NLBBL,52,11,500,802.00,"401,000.00"
2020-02-12,2020021201014368,NLBBL,46,11,125,803.00,"100,375.00"
2020-02-12,2020021201014367,NLBBL,28,11,38,804.00,"30,552.00"
2020-02-12,2020021201014673,NLG,54,49,200,653.00,"130,600.00"
2020-02-12,2020021201014580,NLG,37,49,210,655.00,"137,550.00"
2020-02-12,2020021201014579,NLG,37,39,40,655.00,"26,200.00"
2020-02-12,2020021201014578,NLG,37,14,100,654.00,"65,400.00"
2020-02-12,2020021201014577,NLG,37,16,50,654.00,"32,700.00"
2020-02-12,2020021201014238,NLG,5,39,10,655.00,"6,550.00"
2020-02-12,2020021201014237,NLG,5,29,60,655.00,"39,300.00"
2020-02-12,2020021201014476,NLIC,20,34,100,"1,121.00","112,100.00"
2020-02-12,2020021201014475,NLIC,13,34,30,"1,121.00","33,630.00"
2020-02-12,2020021201014394,NLIC,32,34,100,"1,122.00","112,200.00"
2020-02-12,2020021201014255,NLIC,13,43,195,"1,124.00","219,180.00"
2020-02-12,2020021201014542,NMB,45,57,350,383.00,"134,050.00"
2020-02-12,2020021201014282,NMB,44,46,500,382.00,"191,000.00"
2020-02-12,2020021201014249,NMB,51,57,100,383.00,"38,300.00"
2020-02-12,2020021201014248,NMB,51,33,100,383.00,"38,300.00"
2020-02-12,2020021201014200,NMBMF,48,50,10,900.00,"9,000.00"
2020-02-12,2020021201014436,NSEWA,48,50,100,810.00,"81,000.00"
2020-02-12,2020021201014330,NTC,38,45,100,619.00,"61,900.00"
2020-02-12,2020021201014203,NUBL,49,49,403,"1,020.00","411,060.00"
2020-02-12,2020021201014386,PCBL,59,7,206,276.00,"56,856.00"
2020-02-12,2020021201014385,PCBL,16,7,395,277.00,"109,415.00"
2020-02-12,2020021201014332,PIC,56,38,110,575.00,"63,250.00"
2020-02-12,2020021201014557,PICL,48,42,400,511.00,"204,400.00"
2020-02-12,2020021201014556,PICL,43,42,100,512.00,"51,200.00"
2020-02-12,2020021201014445,PICL,25,49,10,513.00,"5,130.00"
2020-02-12,2020021201014424,PICL,43,14,100,512.00,"51,200.00"
2020-02-12,2020021201014212,PICL,55,34,284,509.00,"144,556.00"
2020-02-12,2020021201014211,PICL,49,34,100,509.00,"50,900.00"
2020-02-12,2020021201014210,PICL,29,34,147,510.00,"74,970.00"
2020-02-12,2020021201014405,PLIC,19,43,45,579.00,"26,055.00"
2020-02-12,2020021201014340,PLIC,19,47,85,578.00,"49,130.00"
2020-02-12,2020021201014278,PMHPL,34,21,10,93.00,930.00
2020-02-12,2020021201014244,PPCL,13,40,30,123.00,"3,690.00"
2020-02-12,2020021201014538,PRIN,36,38,200,460.00,"92,000.00"
2020-02-12,2020021201014534,PRIN,44,53,160,461.00,"73,760.00"
2020-02-12,2020021201014533,PRIN,44,32,40,461.00,"18,440.00"
2020-02-12,2020021201014293,PRIN,39,32,70,461.00,"32,270.00"
2020-02-12,2020021201014292,PRIN,39,49,30,461.00,"13,830.00"
2020-02-12,2020021201014474,PROFL,40,32,"1,000",111.00,"111,000.00"
2020-02-12,2020021201014524,PRVU,14,35,202,243.00,"49,086.00"
2020-02-12,2020021201014576,RHPC,19,39,10,83.00,830.00
2020-02-12,2020021201014444,RHPC,11,38,100,82.00,"8,200.00"
2020-02-12,2020021201014443,RHPC,11,38,179,82.00,"14,678.00"
2020-02-12,2020021201014264,RHPC,40,40,19,81.00,"1,539.00"
2020-02-12,2020021201014404,RHPL,49,54,10,167.00,"1,670.00"
2020-02-12,2020021201014372,RHPL,49,8,50,167.00,"8,350.00"
2020-02-12,2020021201014446,RLFL,57,51,10,144.00,"1,440.00"
2020-02-12,2020021201014333,RLFL,51,58,500,142.00,"71,000.00"
2020-02-12,2020021201014310,RLFL,4,51,69,144.00,"9,936.00"
2020-02-12,2020021201014478,RSDC,45,53,300,480.00,"144,000.00"
2020-02-12,2020021201014307,SABSL,13,5,110,918.00,"100,980.00"
2020-02-12,2020021201014306,SABSL,58,5,40,919.00,"36,760.00"
2020-02-12,2020021201014305,SABSL,5,5,50,920.00,"46,000.00"
2020-02-12,2020021201014544,SADBL,58,5,"1,570",164.00,"257,480.00"
2020-02-12,2020021201014223,SADBL,59,34,270,165.00,"44,550.00"
2020-02-12,2020021201014442,SANIMA,57,29,288,349.00,"100,512.00"
2020-02-12,2020021201014441,SANIMA,57,42,50,349.00,"17,450.00"
2020-02-12,2020021201014678,SBL,25,57,45,314.00,"14,130.00"
2020-02-12,2020021201014677,SBL,25,52,55,314.00,"17,270.00"
2020-02-12,2020021201014329,SDESI,4,50,87,905.00,"78,735.00"
2020-02-12,2020021201014328,SDESI,4,58,23,905.00,"20,815.00"
2020-02-12,2020021201014327,SDESI,4,45,300,905.00,"271,500.00"
2020-02-12,2020021201014326,SDESI,4,46,10,905.00,"9,050.00"
2020-02-12,2020021201014325,SDESI,4,50,100,904.00,"90,400.00"
2020-02-12,2020021201014324,SDESI,4,32,180,904.00,"162,720.00"
2020-02-12,2020021201014323,SDESI,4,41,200,901.00,"180,200.00"
2020-02-12,2020021201014257,SDESI,1,35,90,899.00,"80,910.00"
2020-02-12,2020021201014657,SHIVM,58,13,144,575.00,"82,800.00"
2020-02-12,2020021201014656,SHIVM,58,43,500,575.00,"287,500.00"
2020-02-12,2020021201014655,SHIVM,58,50,500,574.00,"287,000.00"
2020-02-12,2020021201014654,SHIVM,58,44,100,572.00,"57,200.00"
2020-02-12,2020021201014653,SHIVM,58,17,206,572.00,"117,832.00"
2020-02-12,2020021201014651,SHIVM,28,17,144,572.00,"82,368.00"
2020-02-12,2020021201014260,SHIVM,14,42,350,548.00,"191,800.00"
2020-02-12,2020021201014259,SHIVM,14,49,300,548.00,"164,400.00"
2020-02-12,2020021201014258,SHIVM,1,34,100,547.00,"54,700.00"
2020-02-12,2020021201014488,SHIVM,58,49,250,549.00,"137,250.00"
2020-02-12,2020021201014487,SHIVM,58,34,500,549.00,"274,500.00"
2020-02-12,2020021201014486,SHIVM,58,50,500,549.00,"274,500.00"
2020-02-12,2020021201014485,SHIVM,58,49,200,549.00,"109,800.00"
2020-02-12,2020021201014484,SHIVM,58,50,800,548.00,"438,400.00"
2020-02-12,2020021201014261,SHIVM,14,58,75,548.00,"41,100.00"
2020-02-12,2020021201014494,SHIVM,58,38,"1,168",551.00,"643,568.00"
2020-02-12,2020021201014493,SHIVM,58,42,100,550.00,"55,000.00"
2020-02-12,2020021201014492,SHIVM,58,53,200,550.00,"110,000.00"
2020-02-12,2020021201014491,SHIVM,58,56,100,550.00,"55,000.00"
2020-02-12,2020021201014490,SHIVM,58,35,"1,800",550.00,"990,000.00"
2020-02-12,2020021201014489,SHIVM,58,58,200,549.00,"109,800.00"
2020-02-12,2020021201014500,SHIVM,58,35,"2,000",555.00,"1,110,000.00"
2020-02-12,2020021201014499,SHIVM,58,34,500,554.00,"277,000.00"
2020-02-12,2020021201014498,SHIVM,58,50,800,553.00,"442,400.00"
2020-02-12,2020021201014497,SHIVM,58,34,200,553.00,"110,600.00"
2020-02-12,2020021201014496,SHIVM,58,57,100,552.00,"55,200.00"
2020-02-12,2020021201014495,SHIVM,58,58,200,551.00,"110,200.00"
2020-02-12,2020021201014506,SHIVM,58,45,200,557.00,"111,400.00"
2020-02-12,2020021201014505,SHIVM,58,28,200,557.00,"111,400.00"
2020-02-12,2020021201014504,SHIVM,58,41,500,556.00,"278,000.00"
2020-02-12,2020021201014503,SHIVM,58,6,500,556.00,"278,000.00"
2020-02-12,2020021201014502,SHIVM,58,53,800,555.00,"444,000.00"
2020-02-12,2020021201014501,SHIVM,58,35,300,555.00,"166,500.00"
2020-02-12,2020021201014512,SHIVM,58,38,"1,000",558.00,"558,000.00"
2020-02-12,2020021201014511,SHIVM,58,4,25,558.00,"13,950.00"
2020-02-12,2020021201014510,SHIVM,58,38,10,558.00,"5,580.00"
2020-02-12,2020021201014509,SHIVM,58,45,500,558.00,"279,000.00"
2020-02-12,2020021201014508,SHIVM,58,38,50,558.00,"27,900.00"
2020-02-12,2020021201014507,SHIVM,58,34,350,557.00,"194,950.00"
2020-02-12,2020021201014518,SHIVM,58,57,"1,150",560.00,"644,000.00"
2020-02-12,2020021201014517,SHIVM,58,34,100,560.00,"56,000.00"
2020-02-12,2020021201014516,SHIVM,58,32,230,560.00,"128,800.00"
2020-02-12,2020021201014515,SHIVM,58,35,"2,000",559.00,"1,118,000.00"
2020-02-12,2020021201014514,SHIVM,58,26,100,559.00,"55,900.00"
2020-02-12,2020021201014513,SHIVM,58,32,200,558.00,"111,600.00"
2020-02-12,2020021201014584,SHIVM,48,39,500,557.00,"278,500.00"
2020-02-12,2020021201014523,SHIVM,58,51,517,560.00,"289,520.00"
2020-02-12,2020021201014522,SHIVM,58,50,100,560.00,"56,000.00"
2020-02-12,2020021201014521,SHIVM,58,35,"1,000",560.00,"560,000.00"
2020-02-12,2020021201014520,SHIVM,58,56,500,560.00,"280,000.00"
2020-02-12,2020021201014519,SHIVM,58,41,50,560.00,"28,000.00"
2020-02-12,2020021201014590,SHIVM,28,6,100,560.00,"56,000.00"
2020-02-12,2020021201014589,SHIVM,28,13,50,560.00,"28,000.00"
2020-02-12,2020021201014588,SHIVM,28,51,"1,183",560.00,"662,480.00"
2020-02-12,2020021201014587,SHIVM,28,58,100,559.00,"55,900.00"
2020-02-12,2020021201014586,SHIVM,28,35,"3,000",558.00,"1,674,000.00"
2020-02-12,2020021201014585,SHIVM,28,39,950,557.00,"529,150.00"
2020-02-12,2020021201014596,SHIVM,28,40,50,563.00,"28,150.00"
2020-02-12,2020021201014595,SHIVM,28,34,500,562.00,"281,000.00"
2020-02-12,2020021201014594,SHIVM,28,49,"1,000",562.00,"562,000.00"
2020-02-12,2020021201014593,SHIVM,28,47,"2,000",561.00,"1,122,000.00"
2020-02-12,2020021201014592,SHIVM,28,7,605,561.00,"339,405.00"
2020-02-12,2020021201014591,SHIVM,28,43,500,561.00,"280,500.00"
2020-02-12,2020021201014602,SHIVM,28,42,900,565.00,"508,500.00"
2020-02-12,2020021201014601,SHIVM,28,58,10,565.00,"5,650.00"
2020-02-12,2020021201014600,SHIVM,28,58,500,564.00,"282,000.00"
2020-02-12,2020021201014599,SHIVM,28,41,50,564.00,"28,200.00"
2020-02-12,2020021201014598,SHIVM,28,34,200,564.00,"112,800.00"
2020-02-12,2020021201014597,SHIVM,28,25,150,564.00,"84,600.00"
2020-02-12,2020021201014608,SHIVM,28,52,50,565.00,"28,250.00"
2020-02-12,2020021201014607,SHIVM,28,47,"1,000",565.00,"565,000.00"
2020-02-12,2020021201014606,SHIVM,28,38,500,565.00,"282,500.00"
2020-02-12,2020021201014605,SHIVM,28,57,500,565.00,"282,500.00"
2020-02-12,2020021201014604,SHIVM,28,42,50,565.00,"28,250.00"
2020-02-12,2020021201014603,SHIVM,28,41,40,565.00,"22,600.00"
2020-02-12,2020021201014614,SHIVM,28,28,300,567.00,"170,100.00"
2020-02-12,2020021201014613,SHIVM,28,41,50,566.00,"28,300.00"
2020-02-12,2020021201014612,SHIVM,28,44,50,566.00,"28,300.00"
2020-02-12,2020021201014611,SHIVM,28,41,510,566.00,"288,660.00"
2020-02-12,2020021201014610,SHIVM,28,57,500,565.00,"282,500.00"
2020-02-12,2020021201014609,SHIVM,28,57,500,565.00,"282,500.00"
2020-02-12,2020021201014620,SHIVM,28,56,300,569.00,"170,700.00"
2020-02-12,2020021201014619,SHIVM,28,29,30,569.00,"17,070.00"
2020-02-12,2020021201014618,SHIVM,28,35,500,568.00,"284,000.00"
2020-02-12,2020021201014617,SHIVM,28,6,100,568.00,"56,800.00"
2020-02-12,2020021201014616,SHIVM,28,35,20,567.00,"11,340.00"
2020-02-12,2020021201014615,SHIVM,28,56,200,567.00,"113,400.00"
2020-02-12,2020021201014626,SHIVM,28,37,50,570.00,"28,500.00"
2020-02-12,2020021201014625,SHIVM,28,39,100,570.00,"57,000.00"
2020-02-12,2020021201014624,SHIVM,28,32,250,570.00,"142,500.00"
2020-02-12,2020021201014623,SHIVM,28,4,25,570.00,"14,250.00"
2020-02-12,2020021201014622,SHIVM,28,41,500,569.00,"284,500.00"
2020-02-12,2020021201014621,SHIVM,28,44,100,569.00,"56,900.00"
2020-02-12,2020021201014632,SHIVM,28,21,100,570.00,"57,000.00"
2020-02-12,2020021201014631,SHIVM,28,41,50,570.00,"28,500.00"
2020-02-12,2020021201014630,SHIVM,28,52,100,570.00,"57,000.00"
2020-02-12,2020021201014629,SHIVM,28,43,75,570.00,"42,750.00"
2020-02-12,2020021201014628,SHIVM,28,6,100,570.00,"57,000.00"
2020-02-12,2020021201014627,SHIVM,28,21,200,570.00,"114,000.00"
2020-02-12,2020021201014638,SHIVM,28,21,200,571.00,"114,200.00"
2020-02-12,2020021201014637,SHIVM,28,5,100,571.00,"57,100.00"
2020-02-12,2020021201014636,SHIVM,28,57,30,570.00,"17,100.00"
2020-02-12,2020021201014635,SHIVM,28,21,50,570.00,"28,500.00"
2020-02-12,2020021201014634,SHIVM,28,45,"1,000",570.00,"570,000.00"
2020-02-12,2020021201014633,SHIVM,28,26,98,570.00,"55,860.00"
2020-02-12,2020021201014644,SHIVM,28,22,20,571.00,"11,420.00"
2020-02-12,2020021201014643,SHIVM,28,45,100,571.00,"57,100.00"
2020-02-12,2020021201014642,SHIVM,28,56,500,571.00,"285,500.00"
2020-02-12,2020021201014641,SHIVM,28,58,100,571.00,"57,100.00"
2020-02-12,2020021201014640,SHIVM,28,21,100,571.00,"57,100.00"
2020-02-12,2020021201014639,SHIVM,28,56,"1,200",571.00,"685,200.00"
2020-02-12,2020021201014650,SHIVM,28,44,100,572.00,"57,200.00"
2020-02-12,2020021201014649,SHIVM,28,6,500,571.00,"285,500.00"
2020-02-12,2020021201014648,SHIVM,28,28,"1,000",571.00,"571,000.00"
2020-02-12,2020021201014647,SHIVM,28,25,500,571.00,"285,500.00"
2020-02-12,2020021201014646,SHIVM,28,14,60,571.00,"34,260.00"
2020-02-12,2020021201014645,SHIVM,28,58,500,571.00,"285,500.00"
2020-02-12,2020021201014202,SHPC,37,42,900,219.00,"197,100.00"
2020-02-12,2020021201014201,SHPC,1,42,100,219.00,"21,900.00"
2020-02-12,2020021201014391,SIC,5,43,80,743.00,"59,440.00"
2020-02-12,2020021201014276,SIC,26,11,50,744.00,"37,200.00"
2020-02-12,2020021201014482,SICL,52,26,22,"1,130.00","24,860.00"
2020-02-12,2020021201014481,SICL,38,26,88,"1,130.00","99,440.00"
2020-02-12,2020021201014315,SICL,38,40,12,"1,130.00","13,560.00"
2020-02-12,2020021201014314,SICL,44,40,100,"1,130.00","113,000.00"
2020-02-12,2020021201014313,SICL,39,40,50,"1,130.00","56,500.00"
2020-02-12,2020021201014312,SICL,35,40,100,"1,130.00","113,000.00"
2020-02-12,2020021201014311,SICL,42,40,38,"1,131.00","42,978.00"
2020-02-12,2020021201014284,SICL,42,14,12,"1,131.00","13,572.00"
2020-02-12,2020021201014283,SICL,59,14,10,"1,132.00","11,320.00"
2020-02-12,2020021201014664,SIL,7,34,200,574.00,"114,800.00"
2020-02-12,2020021201014663,SIL,7,38,55,574.00,"31,570.00"
2020-02-12,2020021201014662,SIL,7,38,500,573.00,"286,500.00"
2020-02-12,2020021201014679,SJCL,51,54,10,156.00,"1,560.00"
2020-02-12,2020021201014554,SJCL,51,54,10,156.00,"1,560.00"
2020-02-12,2020021201014453,SJCL,51,54,10,156.00,"1,560.00"
2020-02-12,2020021201014309,SJCL,51,34,400,156.00,"62,400.00"
2020-02-12,2020021201014457,SKBBL,57,11,50,"1,095.00","54,750.00"
2020-02-12,2020021201014447,SKBBL,43,25,677,"1,102.00","746,054.00"
2020-02-12,2020021201014393,SKBBL,57,25,50,"1,095.00","54,750.00"
2020-02-12,2020021201014286,SKBBL,47,53,30,"1,096.00","32,880.00"
2020-02-12,2020021201014561,SLBBL,42,6,200,960.00,"192,000.00"
2020-02-12,2020021201014208,SLBSL,1,36,10,870.00,"8,700.00"
2020-02-12,2020021201014273,SLBSL,42,11,50,865.00,"43,250.00"
2020-02-12,2020021201014272,SLBSL,1,11,80,865.00,"69,200.00"
2020-02-12,2020021201014271,SLBSL,1,11,100,868.00,"86,800.00"
2020-02-12,2020021201014270,SLBSL,48,11,50,868.00,"43,400.00"
2020-02-12,2020021201014269,SLBSL,28,11,50,869.00,"43,450.00"
2020-02-12,2020021201014299,SLBSL,49,11,420,854.00,"358,680.00"
2020-02-12,2020021201014298,SLBSL,38,11,50,855.00,"42,750.00"
2020-02-12,2020021201014297,SLBSL,58,11,30,860.00,"25,800.00"
2020-02-12,2020021201014275,SLBSL,58,11,70,860.00,"60,200.00"
2020-02-12,2020021201014274,SLBSL,48,11,100,865.00,"86,500.00"
2020-02-12,2020021201014683,SLICL,45,53,54,468.00,"25,272.00"
2020-02-12,2020021201014553,SLICL,56,16,10,469.00,"4,690.00"
2020-02-12,2020021201014551,SLICL,45,1,100,468.00,"46,800.00"
2020-02-12,2020021201014529,SLICL,45,10,100,468.00,"46,800.00"
2020-02-12,2020021201014528,SLICL,45,42,116,468.00,"54,288.00"
2020-02-12,2020021201014527,SLICL,45,45,30,468.00,"14,040.00"
2020-02-12,2020021201014427,SLICL,56,45,10,468.00,"4,680.00"
2020-02-12,2020021201014390,SLICL,45,34,275,467.00,"128,425.00"
2020-02-12,2020021201014543,SPARS,21,58,50,955.00,"47,750.00"
2020-02-12,2020021201014425,SPARS,25,58,10,955.00,"9,550.00"
2020-02-12,2020021201014392,SPARS,41,37,50,948.00,"47,400.00"
2020-02-12,2020021201014414,SWBBL,29,4,187,"1,233.00","230,571.00"
2020-02-12,2020021201014229,SWBBL,48,48,20,"1,235.00","24,700.00"
2020-02-12,2020021201014568,UIC,45,13,10,424.00,"4,240.00"
2020-02-12,2020021201014344,UMHL,40,38,34,109.00,"3,706.00"
2020-02-12,2020021201014262,UMHL,40,21,14,109.00,"1,526.00"
2020-02-12,2020021201014219,UMHL,40,21,14,109.00,"1,526.00"
2020-02-12,2020021201014676,UPPER,29,14,320,239.00,"76,480.00"
2020-02-12,2020021201014675,UPPER,29,39,"1,680",239.00,"401,520.00"
2020-02-12,2020021201014308,UPPER,25,1,72,238.00,"17,136.00"
2020-02-12,2020021201013832,ADBL,39,33,10,388.00,"3,880.00"
2020-02-12,2020021201013789,ADBL,14,29,106,385.00,"40,810.00"
2020-02-12,2020021201014162,AHPC,6,42,162,96.00,"15,552.00"
2020-02-12,2020021201014161,AHPC,17,42,500,96.00,"48,000.00"
2020-02-12,2020021201014160,AHPC,25,42,68,96.00,"6,528.00"
2020-02-12,2020021201013933,AKJCL,56,6,10,57.00,570.00
2020-02-12,2020021201013924,ALBSL,48,55,100,738.00,"73,800.00"
2020-02-12,2020021201013833,ALBSL,10,6,100,738.00,"73,800.00"
2020-02-12,2020021201013714,ALBSL,7,25,466,743.00,"346,238.00"
2020-02-12,2020021201013713,ALBSL,7,6,50,742.00,"37,100.00"
2020-02-12,2020021201013712,ALBSL,7,34,112,742.00,"83,104.00"
2020-02-12,2020021201013711,ALBSL,7,6,100,742.00,"74,200.00"
2020-02-12,2020021201013710,ALBSL,7,58,200,742.00,"148,400.00"
2020-02-12,2020021201013709,ALBSL,7,51,117,741.00,"86,697.00"
2020-02-12,2020021201013708,ALBSL,7,1,10,740.00,"7,400.00"
2020-02-12,2020021201014037,ALICL,32,16,300,583.00,"174,900.00"
2020-02-12,2020021201013985,ALICL,5,46,190,583.00,"110,770.00"
2020-02-12,2020021201013865,ALICL,52,46,10,583.00,"5,830.00"
2020-02-12,2020021201013864,ALICL,52,57,100,583.00,"58,300.00"
2020-02-12,2020021201013716,ALICL,52,58,100,583.00,"58,300.00"
2020-02-12,2020021201014122,API,25,45,60,130.00,"7,800.00"
2020-02-12,2020021201014093,API,58,54,"2,600",129.00,"335,400.00"
2020-02-12,2020021201014091,API,58,25,700,129.00,"90,300.00"
2020-02-12,2020021201013898,API,57,45,40,130.00,"5,200.00"
2020-02-12,2020021201013805,API,25,53,50,131.00,"6,550.00"
2020-02-12,2020021201013859,BARUN,20,22,200,96.00,"19,200.00"
2020-02-12,2020021201014060,BOKL,54,5,"1,000",233.00,"233,000.00"
2020-02-12,2020021201013821,BOKL,36,10,273,234.00,"63,882.00"
2020-02-12,2020021201013911,BPCL,42,55,30,339.00,"10,170.00"
2020-02-12,2020021201014146,CBBL,52,20,16,"1,054.00","16,864.00"
2020-02-12,2020021201014081,CBBL,53,20,50,"1,054.00","52,700.00"
2020-02-12,2020021201014080,CBBL,22,20,124,"1,054.00","130,696.00"
2020-02-12,2020021201013988,CBBL,41,20,10,"1,055.00","10,550.00"
2020-02-12,2020021201013912,CBBL,22,35,101,"1,054.00","106,454.00"
2020-02-12,2020021201013736,CBL,33,54,567,153.00,"86,751.00"
2020-02-12,2020021201013735,CBL,17,54,400,153.00,"61,200.00"
2020-02-12,2020021201013734,CBL,53,54,33,153.00,"5,049.00"
2020-02-12,2020021201013757,CHCL,49,22,198,422.00,"83,556.00"
2020-02-12,2020021201013718,CHL,14,40,34,96.00,"3,264.00"
2020-02-12,2020021201014183,CIT,38,22,50,"2,780.00","139,000.00"
2020-02-12,2020021201014147,CIT,25,25,88,"2,774.00","244,112.00"
2020-02-12,2020021201014034,CIT,45,45,71,"2,775.00","197,025.00"
2020-02-12,2020021201013724,CIT,58,10,50,"2,769.00","138,450.00"
2020-02-12,2020021201013707,CIT,7,42,50,"2,770.00","138,500.00"
2020-02-12,2020021201013810,CLBSL,44,17,25,"1,110.00","27,750.00"
2020-02-12,2020021201014179,DDBL,52,54,60,888.00,"53,280.00"
2020-02-12,2020021201014178,DDBL,32,54,50,888.00,"44,400.00"
2020-02-12,2020021201014177,DDBL,25,54,19,888.00,"16,872.00"
2020-02-12,2020021201013945,DDBL,25,8,181,888.00,"160,728.00"
2020-02-12,2020021201013903,DDBL,21,8,39,888.00,"34,632.00"
2020-02-12,2020021201013902,DDBL,21,33,81,888.00,"71,928.00"
2020-02-12,2020021201013901,DDBL,21,43,100,888.00,"88,800.00"
2020-02-12,2020021201013951,EBL,57,7,266,641.00,"170,506.00"
2020-02-12,2020021201013908,EBL,57,50,100,641.00,"64,100.00"
2020-02-12,2020021201013863,EBL,57,39,100,642.00,"64,200.00"
2020-02-12,2020021201014103,EIC,56,13,25,440.00,"11,000.00"
2020-02-12,2020021201013875,EIC,6,13,475,440.00,"209,000.00"
2020-02-12,2020021201013874,EIC,6,6,25,440.00,"11,000.00"
2020-02-12,2020021201014018,FMDBL,25,36,50,467.00,"23,350.00"
2020-02-12,2020021201013905,FMDBL,44,53,561,468.00,"262,548.00"
2020-02-12,2020021201013867,FMDBL,44,43,916,468.00,"428,688.00"
2020-02-12,2020021201013861,FMDBL,32,52,993,469.00,"465,717.00"
2020-02-12,2020021201014137,FOWAD,29,7,100,"1,490.00","149,000.00"
2020-02-12,2020021201014009,FOWAD,19,7,50,"1,490.00","74,500.00"
2020-02-12,2020021201013834,FOWAD,36,49,15,"1,488.00","22,320.00"
2020-02-12,2020021201013801,FOWAD,1,7,10,"1,490.00","14,900.00"
2020-02-12,2020021201014150,GBIME,16,37,74,279.00,"20,646.00"
2020-02-12,2020021201014149,GBIME,6,37,200,279.00,"55,800.00"
2020-02-12,2020021201014148,GBIME,7,37,12,279.00,"3,348.00"
2020-02-12,2020021201014121,GBIME,7,37,38,279.00,"10,602.00"
2020-02-12,2020021201014120,GBIME,56,37,100,279.00,"27,900.00"
2020-02-12,2020021201014119,GBIME,59,37,100,279.00,"27,900.00"
2020-02-12,2020021201013817,GBIME,22,43,170,279.00,"47,430.00"
2020-02-12,2020021201014118,GBIME,6,37,20,279.00,"5,580.00"
2020-02-12,2020021201014117,GBIME,22,37,60,279.00,"16,740.00"
2020-02-12,2020021201014036,GBIME,22,42,100,279.00,"27,900.00"
2020-02-12,2020021201013820,GBIME,22,43,140,279.00,"39,060.00"
2020-02-12,2020021201013819,GBIME,42,43,190,279.00,"53,010.00"
2020-02-12,2020021201013818,GBIME,51,43,500,279.00,"139,500.00"
2020-02-12,2020021201014159,GBLBS,58,7,165,483.00,"79,695.00"
2020-02-12,2020021201014153,GBLBS,55,7,335,483.00,"161,805.00"
2020-02-12,2020021201014152,GBLBS,55,39,400,483.00,"193,200.00"
2020-02-12,2020021201014151,GBLBS,55,7,265,483.00,"127,995.00"
2020-02-12,2020021201014138,GBLBS,59,7,235,483.00,"113,505.00"
2020-02-12,2020021201013921,GBLBS,57,19,100,484.00,"48,400.00"
2020-02-12,2020021201013848,GBLBS,59,43,265,483.00,"127,995.00"
2020-02-12,2020021201013847,GBLBS,49,43,35,484.00,"16,940.00"
2020-02-12,2020021201013843,GBLBS,49,45,15,484.00,"7,260.00"
2020-02-12,2020021201014015,GLICL,1,13,158,767.00,"121,186.00"
2020-02-12,2020021201013939,GLICL,1,35,29,767.00,"22,243.00"
2020-02-12,2020021201013938,GLICL,6,35,"1,572",767.00,"1,205,724.00"
2020-02-12,2020021201013937,GLICL,6,35,65,767.00,"49,855.00"
2020-02-12,2020021201013936,GLICL,32,35,100,768.00,"76,800.00"
2020-02-12,2020021201013935,GLICL,6,35,500,768.00,"384,000.00"
2020-02-12,2020021201013934,GLICL,6,35,234,768.00,"179,712.00"
2020-02-12,2020021201013835,GLICL,8,6,500,769.00,"384,500.00"
2020-02-12,2020021201013725,GLICL,45,32,40,770.00,"30,800.00"
2020-02-12,2020021201014022,GRDBL,4,53,290,140.00,"40,600.00"
2020-02-12,2020021201014019,GRDBL,4,19,220,140.00,"30,800.00"
2020-02-12,2020021201013743,GRDBL,4,5,150,140.00,"21,000.00"
2020-02-12,2020021201013739,GRDBL,4,40,50,140.00,"7,000.00"
2020-02-12,2020021201013723,GRDBL,4,5,13,140.00,"1,820.00"
2020-02-12,2020021201014167,HDL,8,10,185,"1,228.00","227,180.00"
2020-02-12,2020021201014163,HDL,8,19,50,"1,226.00","61,300.00"
2020-02-12,2020021201014078,HDL,8,38,35,"1,226.00","42,910.00"
2020-02-12,2020021201014077,HDL,45,38,50,"1,226.00","61,300.00"
2020-02-12,2020021201014076,HDL,21,38,60,"1,226.00","73,560.00"
2020-02-12,2020021201014075,HDL,47,38,25,"1,226.00","30,650.00"
2020-02-12,2020021201014074,HDL,6,38,150,"1,226.00","183,900.00"
2020-02-12,2020021201014073,HDL,39,38,180,"1,228.00","221,040.00"
2020-02-12,2020021201014067,HDL,39,55,20,"1,227.00","24,540.00"
2020-02-12,2020021201013897,HDL,6,26,150,"1,226.00","183,900.00"
2020-02-12,2020021201013896,HDL,45,26,20,"1,226.00","24,520.00"
2020-02-12,2020021201013895,HDL,1,26,20,"1,227.00","24,540.00"
2020-02-12,2020021201014064,HGI,26,45,270,413.00,"111,510.00"
2020-02-12,2020021201013983,HGI,20,45,100,413.00,"41,300.00"
2020-02-12,2020021201013868,HGI,42,45,200,413.00,"82,600.00"
2020-02-12,2020021201013856,HGI,41,45,100,413.00,"41,300.00"
2020-02-12,2020021201013755,HGI,38,45,100,413.00,"41,300.00"
2020-02-12,2020021201013754,HGI,41,45,300,413.00,"123,900.00"
2020-02-12,2020021201013747,HGI,59,45,100,415.00,"41,500.00"
2020-02-12,2020021201013753,HGI,3,45,500,414.00,"207,000.00"
2020-02-12,2020021201013752,HGI,58,45,100,414.00,"41,400.00"
2020-02-12,2020021201013751,HGI,38,45,100,414.00,"41,400.00"
2020-02-12,2020021201013750,HGI,56,45,200,414.00,"82,800.00"
2020-02-12,2020021201013749,HGI,35,45,400,415.00,"166,000.00"
2020-02-12,2020021201013748,HGI,48,45,60,415.00,"24,900.00"
2020-02-12,2020021201013756,HPPL,42,40,10,147.00,"1,470.00"
2020-02-12,2020021201014133,HURJA,36,41,100,107.00,"10,700.00"
2020-02-12,2020021201014132,HURJA,36,28,20,107.00,"2,140.00"
2020-02-12,2020021201014131,HURJA,36,28,10,107.00,"1,070.00"
2020-02-12,2020021201014130,HURJA,36,28,20,107.00,"2,140.00"
2020-02-12,2020021201013876,HURJA,41,40,20,106.00,"2,120.00"
2020-02-12,2020021201013705,IGI,41,5,100,440.00,"44,000.00"
2020-02-12,2020021201013704,IGI,37,5,314,440.00,"138,160.00"
2020-02-12,2020021201013929,ILBS,46,35,20,847.00,"16,940.00"
2020-02-12,2020021201013928,ILBS,33,35,100,847.00,"84,700.00"
2020-02-12,2020021201013849,ILBS,35,38,100,855.00,"85,500.00"
2020-02-12,2020021201014174,JBBL,32,42,421,187.00,"78,727.00"
2020-02-12,2020021201014106,JBBL,13,42,100,187.00,"18,700.00"
2020-02-12,2020021201013884,JBBL,38,42,"1,000",187.00,"187,000.00"
2020-02-12,2020021201013883,JBBL,42,42,"1,000",187.00,"187,000.00"
2020-02-12,2020021201013882,JBBL,13,42,"1,000",187.00,"187,000.00"
2020-02-12,2020021201013881,JBBL,10,42,73,188.00,"13,724.00"
2020-02-12,2020021201013803,JBBL,10,22,327,188.00,"61,476.00"
2020-02-12,2020021201013802,JBBL,52,22,194,188.00,"36,472.00"
2020-02-12,2020021201013788,JBBL,51,26,160,189.00,"30,240.00"
2020-02-12,2020021201014050,KBL,33,36,101,195.00,"19,695.00"
2020-02-12,2020021201013879,KBL,39,51,10,196.00,"1,960.00"
2020-02-12,2020021201013855,KBL,33,29,110,195.00,"21,450.00"
2020-02-12,2020021201013804,KBL,33,42,"1,050",195.00,"204,750.00"
2020-02-12,2020021201013952,KKHC,21,40,10,55.00,550.00
2020-02-12,2020021201013733,KPCL,45,58,100,106.00,"10,600.00"
2020-02-12,2020021201013732,KPCL,45,49,35,106.00,"3,710.00"
2020-02-12,2020021201013979,KPCL,45,40,10,106.00,"1,060.00"
2020-02-12,2020021201013923,KPCL,45,58,100,106.00,"10,600.00"
2020-02-12,2020021201014061,KRBL,41,56,650,120.00,"78,000.00"
2020-02-12,2020021201013900,KRBL,41,21,337,120.00,"40,440.00"
2020-02-12,2020021201014156,LBBL,34,52,425,192.00,"81,600.00"
2020-02-12,2020021201014007,LBBL,28,40,42,191.00,"8,022.00"
2020-02-12,2020021201013914,LBBL,44,52,100,192.00,"19,200.00"
2020-02-12,2020021201013795,LGIL,39,14,10,533.00,"5,330.00"
2020-02-12,2020021201013721,LGIL,39,6,56,531.00,"29,736.00"
2020-02-12,2020021201014071,LICN,5,5,100,"1,230.00","123,000.00"
2020-02-12,2020021201013885,LLBS,52,28,10,"1,169.00","11,690.00"
2020-02-12,2020021201014104,MBL,50,36,101,233.00,"23,533.00"
2020-02-12,2020021201014066,MBL,50,41,22,233.00,"5,126.00"
2020-02-12,2020021201014185,MEGA,49,51,105,205.00,"21,525.00"
2020-02-12,2020021201014184,MEGA,56,51,495,205.00,"101,475.00"
2020-02-12,2020021201014092,MEGA,56,11,200,205.00,"41,000.00"
2020-02-12,2020021201014008,MEGA,56,56,105,205.00,"21,525.00"
2020-02-12,2020021201013967,MERO,16,52,50,669.00,"33,450.00"
2020-02-12,2020021201013966,MERO,16,33,100,669.00,"66,900.00"
2020-02-12,2020021201013965,MERO,16,21,50,669.00,"33,450.00"
2020-02-12,2020021201013846,MERO,20,21,50,669.00,"33,450.00"
2020-02-12,2020021201014021,MHNL,38,40,10,89.00,890.00
2020-02-12,2020021201014020,MHNL,1,40,20,89.00,"1,780.00"
2020-02-12,2020021201013990,MLBL,28,7,357,214.00,"76,398.00"
2020-02-12,2020021201013989,MLBL,43,7,100,214.00,"21,400.00"
2020-02-12,2020021201013930,MNBBL,34,16,500,319.00,"159,500.00"
2020-02-12,2020021201013869,MNBBL,45,34,50,320.00,"16,000.00"
2020-02-12,2020021201013791,MNBBL,34,45,50,319.00,"15,950.00"
2020-02-12,2020021201013790,MNBBL,34,42,420,319.00,"133,980.00"
2020-02-12,2020021201013984,NABIL,25,52,100,721.00,"72,100.00"
2020-02-12,2020021201013917,NABIL,25,20,180,721.00,"129,780.00"
2020-02-12,2020021201013916,NABIL,38,20,100,721.00,"72,100.00"
2020-02-12,2020021201013793,NABIL,11,52,60,722.00,"43,320.00"
2020-02-12,2020021201013792,NABIL,19,52,40,722.00,"28,880.00"
2020-02-12,2020021201014090,NADEP,26,19,277,733.00,"203,041.00"
2020-02-12,2020021201014089,NADEP,26,25,50,733.00,"36,650.00"
2020-02-12,2020021201014088,NADEP,26,8,23,730.00,"16,790.00"
2020-02-12,2020021201014087,NADEP,26,50,50,729.00,"36,450.00"
2020-02-12,2020021201014047,NADEP,33,33,300,725.00,"217,500.00"
2020-02-12,2020021201014046,NADEP,33,11,23,725.00,"16,675.00"
2020-02-12,2020021201013980,NBB,19,26,300,206.00,"61,800.00"
2020-02-12,2020021201014070,NBL,25,4,500,268.00,"134,000.00"
2020-02-12,2020021201013778,NBL,44,43,698,267.00,"186,366.00"
2020-02-12,2020021201013777,NBL,56,43,"1,000",267.00,"267,000.00"
2020-02-12,2020021201013776,NBL,28,43,200,267.00,"53,400.00"
2020-02-12,2020021201013775,NBL,11,43,102,267.00,"27,234.00"
2020-02-12,2020021201014069,NCCB,35,34,200,195.00,"39,000.00"
2020-02-12,2020021201013894,NCCB,51,50,196,194.00,"38,024.00"
2020-02-12,2020021201013893,NCCB,48,50,10,194.00,"1,940.00"
2020-02-12,2020021201013892,NCCB,48,50,10,194.00,"1,940.00"
2020-02-12,2020021201013891,NCCB,49,50,84,194.00,"16,296.00"
2020-02-12,2020021201013800,NCCB,49,6,416,194.00,"80,704.00"
2020-02-12,2020021201013799,NCCB,59,6,584,194.00,"113,296.00"
2020-02-12,2020021201014168,NEF,4,44,414,8.50,"3,519.00"
2020-02-12,2020021201014101,NEF,4,44,"2,000",8.50,"17,000.00"
2020-02-12,2020021201014083,NGPL,42,40,11,119.00,"1,309.00"
2020-02-12,2020021201014136,NIB,14,11,100,378.00,"37,800.00"
2020-02-12,2020021201013964,NIB,29,21,136,377.00,"51,272.00"
2020-02-12,2020021201013963,NIB,8,21,200,377.00,"75,400.00"
2020-02-12,2020021201013962,NIB,39,21,50,377.00,"18,850.00"
2020-02-12,2020021201013961,NIB,7,21,50,377.00,"18,850.00"
2020-02-12,2020021201013960,NIB,26,21,38,377.00,"14,326.00"
2020-02-12,2020021201013827,NIB,55,13,100,378.00,"37,800.00"
2020-02-12,2020021201013959,NIB,21,21,10,378.00,"3,780.00"
2020-02-12,2020021201013958,NIB,49,21,30,378.00,"11,340.00"
2020-02-12,2020021201013957,NIB,21,21,20,378.00,"7,560.00"
2020-02-12,2020021201013956,NIB,8,21,44,378.00,"16,632.00"
2020-02-12,2020021201013854,NIB,8,38,44,378.00,"16,632.00"
2020-02-12,2020021201013828,NIB,8,13,818,378.00,"309,204.00"
2020-02-12,2020021201013922,NIBSF1,7,25,"5,000",9.35,"46,750.00"
2020-02-12,2020021201014181,NICA,58,19,23,506.00,"11,638.00"
2020-02-12,2020021201014180,NICA,56,19,137,506.00,"69,322.00"
2020-02-12,2020021201014173,NICA,47,22,200,507.00,"101,400.00"
2020-02-12,2020021201014102,NICA,19,22,50,507.00,"25,350.00"
2020-02-12,2020021201013880,NICA,49,22,30,507.00,"15,210.00"
2020-02-12,2020021201013822,NICA,56,5,63,506.00,"31,878.00"
2020-02-12,2020021201013701,NICA,21,22,40,507.00,"20,280.00"
2020-02-12,2020021201013700,NICA,45,22,20,507.00,"10,140.00"
2020-02-12,2020021201013823,NICGF,43,29,500,9.16,"4,580.00"
2020-02-12,2020021201013772,NICL,35,57,100,438.00,"43,800.00"
2020-02-12,2020021201014086,NIL,52,43,300,574.00,"172,200.00"
2020-02-12,2020021201014033,NIL,59,52,500,575.00,"287,500.00"
2020-02-12,2020021201014032,NIL,49,52,500,575.00,"287,500.00"
2020-02-12,2020021201014031,NIL,25,52,"1,000",575.00,"575,000.00"
2020-02-12,2020021201014030,NIL,37,52,500,575.00,"287,500.00"
2020-02-12,2020021201013919,NIL,59,38,20,577.00,"11,540.00"
2020-02-12,2020021201013850,NIL,41,33,100,577.00,"57,700.00"
2020-02-12,2020021201014023,NIL,51,52,237,576.00,"136,512.00"
2020-02-12,2020021201013993,NIL,51,26,63,576.00,"36,288.00"
2020-02-12,2020021201013992,NIL,59,26,325,576.00,"187,200.00"
2020-02-12,2020021201013974,NIL,16,26,230,577.00,"132,710.00"
2020-02-12,2020021201013973,NIL,16,44,170,577.00,"98,090.00"
2020-02-12,2020021201013920,NIL,59,44,30,577.00,"17,310.00"
2020-02-12,2020021201014029,NIL,40,52,"1,000",575.00,"575,000.00"
2020-02-12,2020021201014028,NIL,52,52,100,575.00,"57,500.00"
2020-02-12,2020021201014027,NIL,1,52,100,575.00,"57,500.00"
2020-02-12,2020021201014026,NIL,43,52,500,576.00,"288,000.00"
2020-02-12,2020021201014025,NIL,28,52,500,576.00,"288,000.00"
2020-02-12,2020021201014024,NIL,5,52,500,576.00,"288,000.00"
2020-02-12,2020021201014072,NLBBL,28,54,62,804.00,"49,848.00"
2020-02-12,2020021201014014,NLBBL,28,21,100,804.00,"80,400.00"
2020-02-12,2020021201013873,NLBBL,51,34,500,805.00,"402,500.00"
2020-02-12,2020021201014155,NLG,5,29,40,655.00,"26,200.00"
2020-02-12,2020021201014154,NLG,5,37,160,655.00,"104,800.00"
2020-02-12,2020021201014085,NLG,5,1,33,654.00,"21,582.00"
2020-02-12,2020021201014084,NLG,5,1,150,654.00,"98,100.00"
2020-02-12,2020021201014045,NLG,33,16,100,652.00,"65,200.00"
2020-02-12,2020021201013971,NLG,7,1,22,654.00,"14,388.00"
2020-02-12,2020021201013944,NLG,37,1,45,654.00,"29,430.00"
2020-02-12,2020021201013943,NLG,37,34,30,654.00,"19,620.00"
2020-02-12,2020021201013942,NLG,37,49,75,654.00,"49,050.00"
2020-02-12,2020021201013941,NLG,37,52,50,654.00,"32,700.00"
2020-02-12,2020021201013954,NLIC,39,43,305,"1,124.00","342,820.00"
2020-02-12,2020021201013953,NLIC,39,33,195,"1,124.00","219,180.00"
2020-02-12,2020021201013852,NLIC,45,51,100,"1,124.00","112,400.00"
2020-02-12,2020021201013770,NLIC,39,42,41,"1,120.00","45,920.00"
2020-02-12,2020021201013769,NLIC,5,42,100,"1,120.00","112,000.00"
2020-02-12,2020021201013768,NLIC,20,42,50,"1,121.00","56,050.00"
2020-02-12,2020021201013767,NLIC,29,42,60,"1,122.00","67,320.00"
2020-02-12,2020021201013766,NLIC,22,42,200,"1,122.00","224,400.00"
2020-02-12,2020021201013765,NLIC,41,42,50,"1,124.00","56,200.00"
2020-02-12,2020021201014145,NLICL,55,26,185,650.00,"120,250.00"
2020-02-12,2020021201014053,NLICL,32,26,200,650.00,"130,000.00"
2020-02-12,2020021201014052,NLICL,45,26,50,650.00,"32,500.00"
2020-02-12,2020021201014051,NLICL,22,26,70,650.00,"45,500.00"
2020-02-12,2020021201013970,NMB,28,33,200,383.00,"76,600.00"
2020-02-12,2020021201013703,NMB,44,45,318,382.00,"121,476.00"
2020-02-12,2020021201013702,NMB,17,45,32,384.00,"12,288.00"
2020-02-12,2020021201014199,NMBMF,21,50,100,900.00,"90,000.00"
2020-02-12,2020021201014198,NMBMF,10,50,100,900.00,"90,000.00"
2020-02-12,2020021201014197,NMBMF,58,50,70,901.00,"63,070.00"
2020-02-12,2020021201014196,NMBMF,37,50,200,901.00,"180,200.00"
2020-02-12,2020021201014195,NMBMF,16,50,100,904.00,"90,400.00"
2020-02-12,2020021201014194,NMBMF,42,50,250,905.00,"226,250.00"
2020-02-12,2020021201014038,NMBMF,11,33,50,916.00,"45,800.00"
2020-02-12,2020021201013857,NMBMF,47,21,200,912.00,"182,400.00"
2020-02-12,2020021201014044,NMBMF,47,21,163,907.00,"147,841.00"
2020-02-12,2020021201014043,NMBMF,45,21,30,907.00,"27,210.00"
2020-02-12,2020021201014042,NMBMF,46,21,50,908.00,"45,400.00"
2020-02-12,2020021201014041,NMBMF,19,21,53,909.00,"48,177.00"
2020-02-12,2020021201014040,NMBMF,32,21,30,909.00,"27,270.00"
2020-02-12,2020021201014039,NMBMF,44,21,75,910.00,"68,250.00"
2020-02-12,2020021201014193,NMBMF,14,50,100,905.00,"90,500.00"
2020-02-12,2020021201014192,NMBMF,10,50,100,905.00,"90,500.00"
2020-02-12,2020021201014191,NMBMF,50,50,100,906.00,"90,600.00"
2020-02-12,2020021201014190,NMBMF,26,50,87,906.00,"78,822.00"
2020-02-12,2020021201014189,NMBMF,26,7,13,906.00,"11,778.00"
2020-02-12,2020021201014188,NMBMF,47,7,37,907.00,"33,559.00"
2020-02-12,2020021201014134,NTC,35,45,100,619.00,"61,900.00"
2020-02-12,2020021201013860,NTC,39,48,10,620.00,"6,200.00"
2020-02-12,2020021201014158,NUBL,14,52,150,"1,017.00","152,550.00"
2020-02-12,2020021201014157,NUBL,6,52,50,"1,018.00","50,900.00"
2020-02-12,2020021201013918,NUBL,39,55,100,"1,026.00","102,600.00"
2020-02-12,2020021201013806,NUBL,57,7,100,"1,028.00","102,800.00"
2020-02-12,2020021201014114,NUBL,44,49,"1,000","1,020.00","1,020,000.00"
2020-02-12,2020021201014113,NUBL,34,49,200,"1,021.00","204,200.00"
2020-02-12,2020021201014112,NUBL,34,49,447,"1,022.00","456,834.00"
2020-02-12,2020021201014111,NUBL,58,49,100,"1,022.00","102,200.00"
2020-02-12,2020021201014110,NUBL,47,49,50,"1,022.00","51,100.00"
2020-02-12,2020021201014109,NUBL,39,49,300,"1,023.00","306,900.00"
2020-02-12,2020021201014144,PCBL,16,34,150,278.00,"41,700.00"
2020-02-12,2020021201014143,PCBL,16,1,100,278.00,"27,800.00"
2020-02-12,2020021201014142,PCBL,16,1,100,278.00,"27,800.00"
2020-02-12,2020021201014141,PCBL,16,1,200,278.00,"55,600.00"
2020-02-12,2020021201014171,PIC,56,1,36,575.00,"20,700.00"
2020-02-12,2020021201014170,PIC,56,1,30,575.00,"17,250.00"
2020-02-12,2020021201014169,PIC,56,1,118,575.00,"67,850.00"
2020-02-12,2020021201014129,PIC,56,1,36,575.00,"20,700.00"
2020-02-12,2020021201014128,PIC,19,1,100,576.00,"57,600.00"
2020-02-12,2020021201014127,PIC,44,1,48,576.00,"27,648.00"
2020-02-12,2020021201013977,PICL,29,34,153,510.00,"78,030.00"
2020-02-12,2020021201013976,PICL,45,34,72,510.00,"36,720.00"
2020-02-12,2020021201013975,PICL,22,34,100,511.00,"51,100.00"
2020-02-12,2020021201013841,PICL,52,16,100,511.00,"51,100.00"
2020-02-12,2020021201013745,PICL,35,10,200,512.00,"102,400.00"
2020-02-12,2020021201014172,PLIC,32,42,50,577.00,"28,850.00"
2020-02-12,2020021201013866,PLIC,32,59,50,577.00,"28,850.00"
2020-02-12,2020021201014175,PMHPL,34,40,10,93.00,930.00
2020-02-12,2020021201014126,PMHPL,34,8,10,93.00,930.00
2020-02-12,2020021201014125,PMHPL,34,20,10,93.00,930.00
2020-02-12,2020021201014124,PMHPL,34,20,10,93.00,930.00
2020-02-12,2020021201014123,PMHPL,34,8,10,93.00,930.00
2020-02-12,2020021201014105,PRIN,39,49,500,461.00,"230,500.00"
2020-02-12,2020021201014068,PRIN,36,36,50,460.00,"23,000.00"
2020-02-12,2020021201014059,PRIN,36,43,300,460.00,"138,000.00"
2020-02-12,2020021201014013,PRIN,36,51,100,460.00,"46,000.00"
2020-02-12,2020021201014012,PRIN,36,51,400,460.00,"184,000.00"
2020-02-12,2020021201014011,PRIN,36,54,200,460.00,"92,000.00"
2020-02-12,2020021201014010,PRIN,36,44,800,460.00,"368,000.00"
2020-02-12,2020021201013940,PRIN,26,44,200,460.00,"92,000.00"
2020-02-12,2020021201013831,PROFL,40,11,"2,000",111.00,"222,000.00"
2020-02-12,2020021201014056,PRVU,14,57,278,243.00,"67,554.00"
2020-02-12,2020021201014055,PRVU,4,57,25,243.00,"6,075.00"
2020-02-12,2020021201014049,PRVU,41,51,"1,257",244.00,"306,708.00"
2020-02-12,2020021201014048,PRVU,41,32,743,244.00,"181,292.00"
2020-02-12,2020021201013925,PRVU,38,32,100,244.00,"24,400.00"
2020-02-12,2020021201013731,PRVU,37,32,10,244.00,"2,440.00"
2020-02-12,2020021201013878,RHPL,49,8,40,167.00,"6,680.00"
2020-02-12,2020021201013787,RHPL,49,11,10,167.00,"1,670.00"
2020-02-12,2020021201014176,RMDC,49,34,304,694.00,"210,976.00"
2020-02-12,2020021201014063,RMDC,49,34,794,694.00,"551,036.00"
2020-02-12,2020021201013932,RMDC,11,34,100,697.00,"69,700.00"
2020-02-12,2020021201013931,RMDC,49,34,106,697.00,"73,882.00"
2020-02-12,2020021201013906,RMDC,49,54,149,697.00,"103,853.00"
2020-02-12,2020021201014108,RSDC,45,21,50,480.00,"24,000.00"
2020-02-12,2020021201013969,RSDC,22,53,150,482.00,"72,300.00"
2020-02-12,2020021201013968,RSDC,17,53,126,482.00,"60,732.00"
2020-02-12,2020021201013877,RSDC,17,38,63,482.00,"30,366.00"
2020-02-12,2020021201013872,RSDC,17,22,80,482.00,"38,560.00"
2020-02-12,2020021201013871,RSDC,1,22,10,483.00,"4,830.00"
2020-02-12,2020021201013870,RSDC,59,22,10,483.00,"4,830.00"
2020-02-12,2020021201013858,SABSL,58,7,100,919.00,"91,900.00"
2020-02-12,2020021201013838,SABSL,6,7,60,920.00,"55,200.00"
2020-02-12,2020021201013837,SABSL,21,7,40,920.00,"36,800.00"
2020-02-12,2020021201013730,SABSL,13,5,20,935.00,"18,700.00"
2020-02-12,2020021201013927,SANIMA,57,55,"1,000",349.00,"349,000.00"
2020-02-12,2020021201013784,SANIMA,59,38,76,348.00,"26,448.00"
2020-02-12,2020021201013783,SANIMA,3,38,100,348.00,"34,800.00"
2020-02-12,2020021201013782,SANIMA,54,38,60,348.00,"20,880.00"
2020-02-12,2020021201013781,SANIMA,33,38,100,348.00,"34,800.00"
2020-02-12,2020021201013780,SANIMA,6,38,50,348.00,"17,400.00"
2020-02-12,2020021201013779,SANIMA,57,38,700,348.00,"243,600.00"
2020-02-12,2020021201013798,SBI,37,45,100,410.00,"41,000.00"
2020-02-12,2020021201013797,SBI,25,45,30,410.00,"12,300.00"
2020-02-12,2020021201013796,SBI,13,45,55,410.00,"22,550.00"
2020-02-12,2020021201014079,SCB,35,1,200,611.00,"122,200.00"
2020-02-12,2020021201014140,SDESI,4,51,408,898.00,"366,384.00"
2020-02-12,2020021201014139,SDESI,4,49,23,898.00,"20,654.00"
2020-02-12,2020021201013991,SDESI,25,35,10,899.00,"8,990.00"
2020-02-12,2020021201013829,SDESI,21,51,177,895.00,"158,415.00"
2020-02-12,2020021201013826,SDESI,21,34,73,895.00,"65,335.00"
2020-02-12,2020021201013825,SDESI,45,34,50,896.00,"44,800.00"
2020-02-12,2020021201013824,SDESI,4,34,200,896.00,"179,200.00"
2020-02-12,2020021201013816,SHINE,35,29,16,276.00,"4,416.00"
2020-02-12,2020021201013815,SHINE,51,29,44,276.00,"12,144.00"
2020-02-12,2020021201013774,SHINE,51,7,956,276.00,"263,856.00"
2020-02-12,2020021201013773,SHINE,58,7,44,276.00,"12,144.00"
2020-02-12,2020021201014182,SHIVM,50,49,100,548.00,"54,800.00"
2020-02-12,2020021201014116,SHIVM,28,49,400,548.00,"219,200.00"
2020-02-12,2020021201014115,SHIVM,28,36,100,547.00,"54,700.00"
2020-02-12,2020021201013786,SHIVM,45,1,400,548.00,"219,200.00"
2020-02-12,2020021201013785,SHIVM,45,50,100,548.00,"54,800.00"
2020-02-12,2020021201013741,SHIVM,8,50,200,548.00,"109,600.00"
2020-02-12,2020021201013722,SHIVM,45,50,500,548.00,"274,000.00"
2020-02-12,2020021201013715,SHIVM,45,49,"1,500",548.00,"822,000.00"
2020-02-12,2020021201013910,SHIVM,32,57,115,547.00,"62,905.00"
2020-02-12,2020021201013909,SHIVM,56,57,185,547.00,"101,195.00"
2020-02-12,2020021201013830,SHIVM,29,49,500,548.00,"274,000.00"
2020-02-12,2020021201013809,SHIVM,56,7,315,547.00,"172,305.00"
2020-02-12,2020021201013808,SHIVM,10,7,500,547.00,"273,500.00"
2020-02-12,2020021201013807,SHIVM,40,7,185,547.00,"101,195.00"
2020-02-12,2020021201013999,SHIVM,16,22,200,546.00,"109,200.00"
2020-02-12,2020021201013987,SHIVM,28,1,50,547.00,"27,350.00"
2020-02-12,2020021201013950,SHIVM,19,1,50,547.00,"27,350.00"
2020-02-12,2020021201013949,SHIVM,32,1,185,547.00,"101,195.00"
2020-02-12,2020021201013948,SHIVM,42,1,140,548.00,"76,720.00"
2020-02-12,2020021201013926,SHIVM,42,58,860,548.00,"471,280.00"
2020-02-12,2020021201014005,SHIVM,39,22,50,545.00,"27,250.00"
2020-02-12,2020021201014004,SHIVM,38,22,300,545.00,"163,500.00"
2020-02-12,2020021201014003,SHIVM,51,22,100,545.00,"54,500.00"
2020-02-12,2020021201014002,SHIVM,45,22,100,546.00,"54,600.00"
2020-02-12,2020021201014001,SHIVM,6,22,200,546.00,"109,200.00"
2020-02-12,2020021201014000,SHIVM,10,22,"1,000",546.00,"546,000.00"
2020-02-12,2020021201014016,SHIVM,45,1,75,547.00,"41,025.00"
2020-02-12,2020021201014006,SHIVM,34,22,50,545.00,"27,250.00"
2020-02-12,2020021201013746,SHL,39,56,500,196.00,"98,000.00"
2020-02-12,2020021201013836,SHPC,1,36,294,219.00,"64,386.00"
2020-02-12,2020021201013862,SIC,26,38,30,744.00,"22,320.00"
2020-02-12,2020021201013842,SIC,5,28,20,743.00,"14,860.00"
2020-02-12,2020021201014017,SIL,20,26,400,571.00,"228,400.00"
2020-02-12,2020021201013890,SIL,20,52,208,571.00,"118,768.00"
2020-02-12,2020021201013889,SIL,25,52,20,572.00,"11,440.00"
2020-02-12,2020021201013814,SIL,25,38,30,572.00,"17,160.00"
2020-02-12,2020021201013813,SIL,50,38,470,572.00,"268,840.00"
2020-02-12,2020021201013742,SIL,50,7,130,572.00,"74,360.00"
2020-02-12,2020021201014065,SJCL,51,8,20,156.00,"3,120.00"
2020-02-12,2020021201013915,SJCL,51,8,20,156.00,"3,120.00"
2020-02-12,2020021201013758,SJCL,58,32,"1,280",156.00,"199,680.00"
2020-02-12,2020021201013744,SJCL,55,26,350,157.00,"54,950.00"
2020-02-12,2020021201013740,SJCL,58,11,20,156.00,"3,120.00"
2020-02-12,2020021201013764,SJCL,51,32,980,156.00,"152,880.00"
2020-02-12,2020021201013763,SJCL,47,32,50,156.00,"7,800.00"
2020-02-12,2020021201013762,SJCL,59,32,40,156.00,"6,240.00"
2020-02-12,2020021201013761,SJCL,47,32,50,156.00,"7,800.00"
2020-02-12,2020021201013760,SJCL,53,32,100,156.00,"15,600.00"
2020-02-12,2020021201013759,SJCL,13,32,500,156.00,"78,000.00"
2020-02-12,2020021201013738,SKBBL,40,34,480,"1,093.00","524,640.00"
2020-02-12,2020021201013737,SKBBL,11,34,20,"1,094.00","21,880.00"
2020-02-12,2020021201013728,SKBBL,34,41,100,"1,100.00","110,000.00"
2020-02-12,2020021201013727,SKBBL,34,52,200,"1,100.00","220,000.00"
2020-02-12,2020021201014187,SLBBL,39,6,100,960.00,"96,000.00"
2020-02-12,2020021201014186,SLBBL,21,6,90,960.00,"86,400.00"
2020-02-12,2020021201014058,SLBBL,21,7,10,960.00,"9,600.00"
2020-02-12,2020021201014057,SLBBL,47,7,90,960.00,"86,400.00"
2020-02-12,2020021201013907,SLBBL,6,57,60,965.00,"57,900.00"
2020-02-12,2020021201013853,SLBBL,42,57,10,965.00,"9,650.00"
2020-02-12,2020021201013794,SLBBL,41,57,30,965.00,"28,950.00"
2020-02-12,2020021201013955,SLBBL,46,25,140,965.00,"135,100.00"
2020-02-12,2020021201013947,SLBBL,46,53,60,965.00,"57,900.00"
2020-02-12,2020021201013946,SLBBL,6,53,440,965.00,"424,600.00"
2020-02-12,2020021201014054,SLICL,6,45,100,468.00,"46,800.00"
2020-02-12,2020021201013839,SLICL,56,45,10,468.00,"4,680.00"
2020-02-12,2020021201013729,SLICL,56,1,190,468.00,"88,920.00"
2020-02-12,2020021201013726,SLICL,1,1,10,468.00,"4,680.00"
2020-02-12,2020021201013998,SMATA,46,29,220,772.00,"169,840.00"
2020-02-12,2020021201013997,SMATA,46,57,100,771.00,"77,100.00"
2020-02-12,2020021201013996,SMATA,46,50,40,770.00,"30,800.00"
2020-02-12,2020021201013995,SMATA,46,39,20,770.00,"15,400.00"
2020-02-12,2020021201013994,SMATA,46,57,20,769.00,"15,380.00"
2020-02-12,2020021201013899,SMATA,32,57,80,769.00,"61,520.00"
2020-02-12,2020021201013720,SMATA,39,38,100,762.00,"76,200.00"
2020-02-12,2020021201013719,SMATA,39,38,100,762.00,"76,200.00"
2020-02-12,2020021201013706,SMATA,58,45,150,763.00,"114,450.00"
2020-02-12,2020021201013904,SPARS,25,58,10,955.00,"9,550.00"
2020-02-12,2020021201013771,SPARS,41,49,50,948.00,"47,400.00"
2020-02-12,2020021201014166,SPDL,14,33,342,97.00,"33,174.00"
2020-02-12,2020021201014165,SPDL,55,33,200,97.00,"19,400.00"
2020-02-12,2020021201014164,SPDL,14,33,50,97.00,"4,850.00"
2020-02-12,2020021201014107,SWBBL,42,58,113,"1,238.00","139,894.00"
2020-02-12,2020021201014082,SWBBL,59,58,250,"1,238.00","309,500.00"
2020-02-12,2020021201013982,SWBBL,51,58,205,"1,238.00","253,790.00"
2020-02-12,2020021201013981,SWBBL,51,22,75,"1,238.00","92,850.00"
2020-02-12,2020021201013888,SWBBL,44,22,25,"1,238.00","30,950.00"
2020-02-12,2020021201013887,SWBBL,44,22,10,"1,237.00","12,370.00"
2020-02-12,2020021201013886,SWBBL,44,22,10,"1,236.00","12,360.00"
2020-02-12,2020021201013845,SWBBL,42,37,150,"1,235.00","185,250.00"
2020-02-12,2020021201013844,SWBBL,42,45,237,"1,235.00","292,695.00"
2020-02-12,2020021201013840,SWBBL,48,34,100,"1,234.00","123,400.00"
2020-02-12,2020021201013812,SWBBL,42,34,400,"1,234.00","493,600.00"
2020-02-12,2020021201013811,SWBBL,42,49,50,"1,234.00","61,700.00"
2020-02-12,2020021201013986,TRH,34,4,10,295.00,"2,950.00"
2020-02-12,2020021201013851,TRH,45,5,10,292.00,"2,920.00"
2020-02-12,2020021201014062,UPPER,42,39,20,239.00,"4,780.00"
2020-02-12,2020021201014035,UPPER,25,8,50,238.00,"11,900.00"
2020-02-12,2020021201013717,UPPER,25,11,50,238.00,"11,900.00"
2020-02-12,2020021201013913,UPPER,25,34,300,238.00,"71,400.00"
2020-02-12,2020021201013972,UPPER,25,8,50,238.00,"11,900.00"
2020-02-12,2020021201014100,VLBS,50,58,36,"1,060.00","38,160.00"
2020-02-12,2020021201014099,VLBS,34,58,200,"1,060.00","212,000.00"
2020-02-12,2020021201014098,VLBS,56,58,20,"1,060.00","21,200.00"
2020-02-12,2020021201014097,VLBS,44,58,100,"1,060.00","106,000.00"
2020-02-12,2020021201014096,VLBS,5,58,60,"1,061.00","63,660.00"
2020-02-12,2020021201014095,VLBS,20,58,504,"1,062.00","535,248.00"
2020-02-12,2020021201014094,VLBS,48,58,80,"1,063.00","85,040.00"
2020-02-12,2020021201014135,WOMI,13,34,100,"1,034.00","103,400.00"
2020-02-12,2020021201013978,WOMI,11,45,50,"1,033.00","51,650.00"
2020-02-12,2020021201013669,ADBL,57,44,50,387.00,"19,350.00"
2020-02-12,2020021201013668,ADBL,57,43,127,387.00,"49,149.00"
2020-02-12,2020021201013667,ADBL,57,59,50,387.00,"19,350.00"
2020-02-12,2020021201013666,ADBL,57,29,605,386.00,"233,530.00"
2020-02-12,2020021201013603,AKJCL,33,38,300,56.00,"16,800.00"
2020-02-12,2020021201013552,AKPL,22,40,13,123.00,"1,599.00"
2020-02-12,2020021201013454,ALBSL,10,51,123,740.00,"91,020.00"
2020-02-12,2020021201013694,ALICL,52,16,100,583.00,"58,300.00"
2020-02-12,2020021201013626,API,57,25,700,130.00,"91,000.00"
2020-02-12,2020021201013600,API,57,33,170,130.00,"22,100.00"
2020-02-12,2020021201013599,API,57,16,440,130.00,"57,200.00"
2020-02-12,2020021201013598,API,39,16,290,130.00,"37,700.00"
2020-02-12,2020021201013625,CBBL,34,54,50,"1,054.00","52,700.00"
2020-02-12,2020021201013624,CBBL,51,54,50,"1,055.00","52,750.00"
2020-02-12,2020021201013529,CBBL,22,11,61,"1,057.00","64,477.00"
2020-02-12,2020021201013502,CBBL,22,32,82,"1,055.00","86,510.00"
2020-02-12,2020021201013226,CBBL,16,8,41,"1,060.00","43,460.00"
2020-02-12,2020021201013329,CBBL,53,11,100,"1,057.00","105,700.00"
2020-02-12,2020021201013328,CBBL,58,11,100,"1,058.00","105,800.00"
2020-02-12,2020021201013327,CBBL,50,11,150,"1,059.00","158,850.00"
2020-02-12,2020021201013326,CBBL,33,11,50,"1,060.00","53,000.00"
2020-02-12,2020021201013325,CBBL,16,11,139,"1,060.00","147,340.00"
2020-02-12,2020021201013288,CBBL,16,50,20,"1,060.00","21,200.00"
2020-02-12,2020021201013452,CBBL,34,7,77,"1,054.00","81,158.00"
2020-02-12,2020021201013451,CBBL,57,7,10,"1,054.00","10,540.00"
2020-02-12,2020021201013415,CBBL,32,32,200,"1,055.00","211,000.00"
2020-02-12,2020021201013414,CBBL,42,32,100,"1,056.00","105,600.00"
2020-02-12,2020021201013413,CBBL,29,32,100,"1,056.00","105,600.00"
2020-02-12,2020021201013330,CBBL,50,11,400,"1,057.00","422,800.00"
2020-02-12,2020021201013555,CBL,53,29,79,153.00,"12,087.00"
2020-02-12,2020021201013537,CBL,53,45,288,153.00,"44,064.00"
2020-02-12,2020021201013536,CBL,22,45,10,153.00,"1,530.00"
2020-02-12,2020021201013535,CBL,35,45,"1,000",153.00,"153,000.00"
2020-02-12,2020021201013534,CBL,49,45,"1,000",153.00,"153,000.00"
2020-02-12,2020021201013533,CBL,49,45,"1,000",153.00,"153,000.00"
2020-02-12,2020021201013532,CBL,58,45,500,153.00,"76,500.00"
2020-02-12,2020021201013531,CBL,7,45,"1,452",153.00,"222,156.00"
2020-02-12,2020021201013477,CCBL,6,49,55,185.00,"10,175.00"
2020-02-12,2020021201013698,CHCL,41,56,96,424.00,"40,704.00"
2020-02-12,2020021201013697,CHCL,41,16,104,424.00,"44,096.00"
2020-02-12,2020021201013436,CHCL,26,1,400,423.00,"169,200.00"
2020-02-12,2020021201013642,CIT,38,42,50,"2,770.00","138,500.00"
2020-02-12,2020021201013641,CIT,37,42,100,"2,770.00","277,000.00"
2020-02-12,2020021201013640,CIT,37,42,100,"2,770.00","277,000.00"
2020-02-12,2020021201013639,CIT,7,42,100,"2,770.00","277,000.00"
2020-02-12,2020021201013638,CIT,45,42,20,"2,770.00","55,400.00"
2020-02-12,2020021201013637,CIT,56,42,30,"2,770.00","83,100.00"
2020-02-12,2020021201013518,CIT,7,38,20,"2,773.00","55,460.00"
2020-02-12,2020021201013517,CIT,37,38,30,"2,775.00","83,250.00"
2020-02-12,2020021201013481,CIT,26,38,50,"2,775.00","138,750.00"
2020-02-12,2020021201013636,CIT,52,42,10,"2,771.00","27,710.00"
2020-02-12,2020021201013635,CIT,47,42,40,"2,771.00","110,840.00"
2020-02-12,2020021201013634,CIT,58,42,10,"2,771.00","27,710.00"
2020-02-12,2020021201013633,CIT,20,42,10,"2,772.00","27,720.00"
2020-02-12,2020021201013632,CIT,16,42,100,"2,772.00","277,200.00"
2020-02-12,2020021201013631,CIT,7,42,80,"2,773.00","221,840.00"
2020-02-12,2020021201013510,CZBIL,56,49,41,195.00,"7,995.00"
2020-02-12,2020021201013269,CZBIL,8,22,10,197.00,"1,970.00"
2020-02-12,2020021201013268,CZBIL,8,1,"1,709",197.00,"336,673.00"
2020-02-12,2020021201013267,CZBIL,8,22,348,197.00,"68,556.00"
2020-02-12,2020021201013250,DDBL,41,7,99,889.00,"88,011.00"
2020-02-12,2020021201013406,EBL,42,28,95,640.00,"60,800.00"
2020-02-12,2020021201013397,EIC,13,38,470,438.00,"205,860.00"
2020-02-12,2020021201013396,EIC,51,38,190,438.00,"83,220.00"
2020-02-12,2020021201013395,EIC,37,38,230,438.00,"100,740.00"
2020-02-12,2020021201013394,EIC,52,38,20,439.00,"8,780.00"
2020-02-12,2020021201013393,EIC,16,38,160,439.00,"70,240.00"
2020-02-12,2020021201013244,EIC,16,22,40,439.00,"17,560.00"
2020-02-12,2020021201013243,EIC,49,22,10,439.00,"4,390.00"
2020-02-12,2020021201013689,FMDBL,32,52,200,469.00,"93,800.00"
2020-02-12,2020021201013566,FMDBL,32,6,200,469.00,"93,800.00"
2020-02-12,2020021201013480,FMDBL,32,58,500,470.00,"235,000.00"
2020-02-12,2020021201013442,FMDBL,32,28,107,469.00,"50,183.00"
2020-02-12,2020021201013231,FMDBL,44,48,523,468.00,"244,764.00"
2020-02-12,2020021201013230,FMDBL,34,48,250,468.00,"117,000.00"
2020-02-12,2020021201013229,FMDBL,16,48,66,469.00,"30,954.00"
2020-02-12,2020021201013687,GBIME,22,10,30,279.00,"8,370.00"
2020-02-12,2020021201013686,GBIME,58,10,150,279.00,"41,850.00"
2020-02-12,2020021201013685,GBIME,47,10,100,279.00,"27,900.00"
2020-02-12,2020021201013628,GBIME,38,33,700,280.00,"196,000.00"
2020-02-12,2020021201013558,GBIME,38,56,300,280.00,"84,000.00"
2020-02-12,2020021201013542,GBIME,38,54,500,280.00,"140,000.00"
2020-02-12,2020021201013202,GBIME,45,50,287,280.00,"80,360.00"
2020-02-12,2020021201013241,GBIME,21,38,25,280.00,"7,000.00"
2020-02-12,2020021201013240,GBIME,59,38,100,280.00,"28,000.00"
2020-02-12,2020021201013239,GBIME,58,38,200,280.00,"56,000.00"
2020-02-12,2020021201013238,GBIME,42,38,617,280.00,"172,760.00"
2020-02-12,2020021201013204,GBIME,42,50,133,280.00,"37,240.00"
2020-02-12,2020021201013203,GBIME,41,50,30,280.00,"8,400.00"
2020-02-12,2020021201013458,GBIME,42,56,193,280.00,"54,040.00"
2020-02-12,2020021201013441,GBIME,42,56,57,280.00,"15,960.00"
2020-02-12,2020021201013440,GBIME,48,56,300,280.00,"84,000.00"
2020-02-12,2020021201013439,GBIME,51,56,100,280.00,"28,000.00"
2020-02-12,2020021201013438,GBIME,51,56,43,280.00,"12,040.00"
2020-02-12,2020021201013242,GBIME,51,38,57,280.00,"15,960.00"
2020-02-12,2020021201013465,GBIME,26,36,100,280.00,"28,000.00"
2020-02-12,2020021201013464,GBIME,25,36,10,280.00,"2,800.00"
2020-02-12,2020021201013463,GBIME,57,36,300,280.00,"84,000.00"
