Date,Transact. No.,Symbol,Buyer,Seller,Quantity,Rate,Amount
2019-11-17,2019111701005821,ADBL,39,6,"1,000",415.00,"415,000.00"
2019-11-17,2019111701005783,ADBL,17,57,30,416.00,"12,480.00"
2019-11-17,2019111701005937,AHPC,28,46,700,95.00,"66,500.00"
2019-11-17,2019111701005920,AHPC,55,8,120,94.00,"11,280.00"
2019-11-17,2019111701005694,AHPC,55,48,519,94.00,"48,786.00"
2019-11-17,2019111701005800,AKBSL,40,54,10,432.00,"4,320.00"
2019-11-17,2019111701005533,AKBSL,40,1,20,432.00,"8,640.00"
2019-11-17,2019111701005519,AKBSL,40,40,10,432.00,"4,320.00"
2019-11-17,2019111701005865,AKJCL,56,7,10,57.00,570.00
2019-11-17,2019111701005855,AKJCL,56,22,10,56.00,560.00
2019-11-17,2019111701005854,AKJCL,56,22,10,56.00,560.00
2019-11-17,2019111701005818,AKJCL,6,54,20,55.00,"1,100.00"
2019-11-17,2019111701005622,AKPL,25,6,20,125.00,"2,500.00"
2019-11-17,2019111701005918,ALBSL,22,11,61,407.00,"24,827.00"
2019-11-17,2019111701005450,ALBSL,36,43,40,405.00,"16,200.00"
2019-11-17,2019111701005874,ALICL,28,19,315,315.00,"99,225.00"
2019-11-17,2019111701005768,ALICL,28,56,62,315.00,"19,530.00"
2019-11-17,2019111701005767,ALICL,49,56,59,315.00,"18,585.00"
2019-11-17,2019111701005665,ALICL,49,19,300,315.00,"94,500.00"
2019-11-17,2019111701005638,ALICL,51,58,"1,000",316.00,"316,000.00"
2019-11-17,2019111701005637,ALICL,8,58,221,316.00,"69,836.00"
2019-11-17,2019111701005741,API,25,57,40,105.00,"4,200.00"
2019-11-17,2019111701005739,API,25,51,980,104.00,"101,920.00"
2019-11-17,2019111701005649,API,25,51,20,104.00,"2,080.00"
2019-11-17,2019111701005859,BBC,34,52,10,"1,393.00","13,930.00"
2019-11-17,2019111701005696,BOKL,22,11,163,221.00,"36,023.00"
2019-11-17,2019111701005695,BOKL,22,50,337,221.00,"74,477.00"
2019-11-17,2019111701005578,BOKL,56,21,380,220.00,"83,600.00"
2019-11-17,2019111701005601,CBBL,58,36,10,979.00,"9,790.00"
2019-11-17,2019111701005894,CBL,1,49,92,138.00,"12,696.00"
2019-11-17,2019111701005893,CBL,58,49,208,138.00,"28,704.00"
2019-11-17,2019111701005851,CBL,58,52,100,138.00,"13,800.00"
2019-11-17,2019111701005816,CBL,58,56,90,138.00,"12,420.00"
2019-11-17,2019111701005798,CBL,58,53,150,138.00,"20,700.00"
2019-11-17,2019111701005657,CBL,58,6,452,138.00,"62,376.00"
2019-11-17,2019111701005656,CBL,22,6,60,138.00,"8,280.00"
2019-11-17,2019111701005655,CBL,21,6,260,138.00,"35,880.00"
2019-11-17,2019111701005654,CBL,6,6,815,138.00,"112,470.00"
2019-11-17,2019111701005928,CCBL,41,19,34,162.00,"5,508.00"
2019-11-17,2019111701005927,CCBL,41,19,100,162.00,"16,200.00"
2019-11-17,2019111701005926,CCBL,41,45,40,162.00,"6,480.00"
2019-11-17,2019111701005925,CCBL,41,17,26,162.00,"4,212.00"
2019-11-17,2019111701005908,CCBL,52,22,50,161.00,"8,050.00"
2019-11-17,2019111701005868,CCBL,17,17,200,162.00,"32,400.00"
2019-11-17,2019111701005667,CCBL,35,17,"1,000",162.00,"162,000.00"
2019-11-17,2019111701005634,CCBL,11,17,25,162.00,"4,050.00"
2019-11-17,2019111701005623,CCBL,5,17,600,162.00,"97,200.00"
2019-11-17,2019111701005837,CCBL,52,54,10,161.00,"1,610.00"
2019-11-17,2019111701005733,CCBL,41,41,500,162.00,"81,000.00"
2019-11-17,2019111701005697,CCBL,52,40,10,161.00,"1,610.00"
2019-11-17,2019111701005688,CCBL,37,17,"1,000",162.00,"162,000.00"
2019-11-17,2019111701005482,CFCL,49,53,86,110.00,"9,460.00"
2019-11-17,2019111701005471,CFCL,57,53,151,111.00,"16,761.00"
2019-11-17,2019111701005773,CHCL,49,25,364,355.00,"129,220.00"
2019-11-17,2019111701005772,CHCL,54,25,30,355.00,"10,650.00"
2019-11-17,2019111701005771,CHCL,21,25,200,355.00,"71,000.00"
2019-11-17,2019111701005770,CHCL,42,25,50,355.00,"17,750.00"
2019-11-17,2019111701005769,CHCL,56,25,80,355.00,"28,400.00"
2019-11-17,2019111701005612,CHCL,56,53,49,355.00,"17,395.00"
2019-11-17,2019111701005557,CHCL,56,53,47,355.00,"16,685.00"
2019-11-17,2019111701005556,CHCL,40,53,51,356.00,"18,156.00"
2019-11-17,2019111701005853,CZBIL,50,54,10,186.00,"1,860.00"
2019-11-17,2019111701005701,CZBIL,6,16,153,186.00,"28,458.00"
2019-11-17,2019111701005700,CZBIL,6,38,500,186.00,"93,000.00"
2019-11-17,2019111701005679,CZBIL,56,38,200,186.00,"37,200.00"
2019-11-17,2019111701005607,CZBIL,7,38,100,186.00,"18,600.00"
2019-11-17,2019111701005486,CZBIL,49,38,200,186.00,"37,200.00"
2019-11-17,2019111701005456,DHPL,42,28,11,50.00,550.00
2019-11-17,2019111701005626,EBL,43,16,35,555.00,"19,425.00"
2019-11-17,2019111701005589,EBL,5,48,118,552.00,"65,136.00"
2019-11-17,2019111701005588,EBL,34,48,15,552.00,"8,280.00"
2019-11-17,2019111701005761,EDBL,21,10,43,274.00,"11,782.00"
2019-11-17,2019111701005467,EDBL,58,28,60,269.00,"16,140.00"
2019-11-17,2019111701005726,EIC,40,16,20,214.00,"4,280.00"
2019-11-17,2019111701005725,EIC,8,16,100,214.00,"21,400.00"
2019-11-17,2019111701005872,FMDBL,55,8,20,305.00,"6,100.00"
2019-11-17,2019111701005871,FMDBL,22,8,40,305.00,"12,200.00"
2019-11-17,2019111701005803,FOWAD,34,52,85,"1,315.00","111,775.00"
2019-11-17,2019111701005707,FOWAD,19,52,15,"1,315.00","19,725.00"
2019-11-17,2019111701005672,FOWAD,53,7,100,"1,313.00","131,300.00"
2019-11-17,2019111701005549,FOWAD,55,53,10,"1,315.00","13,150.00"
2019-11-17,2019111701005499,FOWAD,55,53,20,"1,315.00","26,300.00"
2019-11-17,2019111701005441,FOWAD,21,53,11,"1,315.00","14,465.00"
2019-11-17,2019111701005815,GBBL,4,4,300,223.00,"66,900.00"
2019-11-17,2019111701005814,GBBL,4,4,400,223.00,"89,200.00"
2019-11-17,2019111701005813,GBBL,21,4,500,223.00,"111,500.00"
2019-11-17,2019111701005812,GBBL,14,4,10,223.00,"2,230.00"
2019-11-17,2019111701005811,GBBL,39,4,100,223.00,"22,300.00"
2019-11-17,2019111701005810,GBBL,57,4,361,223.00,"80,503.00"
2019-11-17,2019111701005558,GBBL,8,37,300,224.00,"67,200.00"
2019-11-17,2019111701005502,GBBL,57,8,308,223.00,"68,684.00"
2019-11-17,2019111701005565,GBLBS,29,19,250,300.00,"75,000.00"
2019-11-17,2019111701005564,GBLBS,42,19,49,300.00,"14,700.00"
2019-11-17,2019111701005491,GFCL,57,28,50,131.00,"6,550.00"
2019-11-17,2019111701005652,GGBSL,1,25,10,434.00,"4,340.00"
2019-11-17,2019111701005462,GGBSL,1,57,10,434.00,"4,340.00"
2019-11-17,2019111701005909,GLBSL,58,26,240,400.00,"96,000.00"
2019-11-17,2019111701005516,GLBSL,58,50,140,400.00,"56,000.00"
2019-11-17,2019111701005515,GLBSL,34,50,100,401.00,"40,100.00"
2019-11-17,2019111701005514,GLBSL,16,50,50,401.00,"20,050.00"
2019-11-17,2019111701005513,GLBSL,37,50,10,402.00,"4,020.00"
2019-11-17,2019111701005907,GMFBS,45,57,23,510.00,"11,730.00"
2019-11-17,2019111701005670,GMFBS,25,57,17,510.00,"8,670.00"
2019-11-17,2019111701005561,GMFBS,25,19,30,510.00,"15,300.00"
2019-11-17,2019111701005560,GMFBS,25,19,10,510.00,"5,100.00"
2019-11-17,2019111701005559,GMFBS,25,33,43,507.00,"21,801.00"
2019-11-17,2019111701005523,GMFBS,33,7,50,505.00,"25,250.00"
2019-11-17,2019111701005507,GMFBS,21,7,100,506.00,"50,600.00"
2019-11-17,2019111701005820,GMFIL,43,46,23,115.00,"2,645.00"
2019-11-17,2019111701005518,GMFIL,42,28,30,114.00,"3,420.00"
2019-11-17,2019111701005517,GMFIL,1,28,20,114.00,"2,280.00"
2019-11-17,2019111701005538,GRDBL,17,28,190,101.00,"19,190.00"
2019-11-17,2019111701005537,GRDBL,37,28,100,101.00,"10,100.00"
2019-11-17,2019111701005550,GUFL,44,28,50,110.00,"5,500.00"
2019-11-17,2019111701005936,HDL,58,57,10,"1,784.00","17,840.00"
2019-11-17,2019111701005935,HDL,58,49,15,"1,780.00","26,700.00"
2019-11-17,2019111701005906,HDL,6,28,20,"1,770.00","35,400.00"
2019-11-17,2019111701005905,HDL,25,28,10,"1,770.00","17,700.00"
2019-11-17,2019111701005789,HDL,58,28,20,"1,783.00","35,660.00"
2019-11-17,2019111701005738,HDL,50,4,50,"1,771.00","88,550.00"
2019-11-17,2019111701005737,HDL,33,22,20,"1,780.00","35,600.00"
2019-11-17,2019111701005573,HDL,52,19,100,"1,770.00","177,000.00"
2019-11-17,2019111701005572,HDL,48,19,30,"1,771.00","53,130.00"
2019-11-17,2019111701005666,HIDCL,43,46,50,131.00,"6,550.00"
2019-11-17,2019111701005574,HIDCL,6,6,61,130.00,"7,930.00"
2019-11-17,2019111701005562,HURJA,39,28,20,99.00,"1,980.00"
2019-11-17,2019111701005830,ILBS,1,26,140,470.00,"65,800.00"
2019-11-17,2019111701005829,ILBS,1,25,50,469.00,"23,450.00"
2019-11-17,2019111701005828,ILBS,1,50,50,469.00,"23,450.00"
2019-11-17,2019111701005827,ILBS,1,19,10,469.00,"4,690.00"
2019-11-17,2019111701005826,ILBS,1,29,60,469.00,"28,140.00"
2019-11-17,2019111701005645,ILBS,58,51,50,468.00,"23,400.00"
2019-11-17,2019111701005644,ILBS,58,55,50,466.00,"23,300.00"
2019-11-17,2019111701005625,ILBS,1,37,100,467.00,"46,700.00"
2019-11-17,2019111701005624,ILBS,1,38,10,467.00,"4,670.00"
2019-11-17,2019111701005455,ILBS,58,26,10,462.00,"4,620.00"
2019-11-17,2019111701005934,JBBL,47,57,42,160.00,"6,720.00"
2019-11-17,2019111701005933,JBBL,47,25,30,160.00,"4,800.00"
2019-11-17,2019111701005932,JBBL,47,56,500,160.00,"80,000.00"
2019-11-17,2019111701005931,JBBL,47,21,100,160.00,"16,000.00"
2019-11-17,2019111701005930,JBBL,47,46,328,160.00,"52,480.00"
2019-11-17,2019111701005895,JBBL,38,46,162,160.00,"25,920.00"
2019-11-17,2019111701005883,JBBL,47,45,26,159.00,"4,134.00"
2019-11-17,2019111701005571,JBBL,47,28,104,158.00,"16,432.00"
2019-11-17,2019111701005808,JFL,1,56,200,195.00,"39,000.00"
2019-11-17,2019111701005796,JFL,1,16,10,195.00,"1,950.00"
2019-11-17,2019111701005582,JOSHI,17,28,20,53.00,"1,060.00"
2019-11-17,2019111701005703,JSLBB,51,7,14,"1,101.00","15,414.00"
2019-11-17,2019111701005702,JSLBB,41,7,100,"1,102.00","110,200.00"
2019-11-17,2019111701005911,KBL,8,54,10,178.00,"1,780.00"
2019-11-17,2019111701005797,KBL,41,57,106,179.00,"18,974.00"
2019-11-17,2019111701005763,KBL,8,41,100,178.00,"17,800.00"
2019-11-17,2019111701005719,KBL,8,22,300,178.00,"53,400.00"
2019-11-17,2019111701005705,KBL,8,22,444,178.00,"79,032.00"
2019-11-17,2019111701005704,KBL,11,22,56,178.00,"9,968.00"
2019-11-17,2019111701005681,KBL,11,57,25,179.00,"4,475.00"
2019-11-17,2019111701005598,KBL,11,28,24,178.00,"4,272.00"
2019-11-17,2019111701005605,KKHC,14,28,20,50.00,"1,000.00"
2019-11-17,2019111701005727,KRBL,8,59,194,102.00,"19,788.00"
2019-11-17,2019111701005618,KRBL,41,28,50,100.00,"5,000.00"
2019-11-17,2019111701005863,KSBBL,33,37,34,134.00,"4,556.00"
2019-11-17,2019111701005470,KSBBL,40,37,200,135.00,"27,000.00"
2019-11-17,2019111701005449,KSBBL,22,37,220,135.00,"29,700.00"
2019-11-17,2019111701005448,KSBBL,40,37,500,135.00,"67,500.00"
2019-11-17,2019111701005447,KSBBL,43,37,200,135.00,"27,000.00"
2019-11-17,2019111701005446,KSBBL,59,37,300,135.00,"40,500.00"
2019-11-17,2019111701005445,KSBBL,1,37,500,135.00,"67,500.00"
2019-11-17,2019111701005444,KSBBL,47,37,200,135.00,"27,000.00"
2019-11-17,2019111701005443,KSBBL,40,37,500,135.00,"67,500.00"
2019-11-17,2019111701005442,KSBBL,38,37,84,135.00,"11,340.00"
2019-11-17,2019111701005630,LBBL,37,28,50,171.00,"8,550.00"
2019-11-17,2019111701005913,LBL,32,21,136,218.00,"29,648.00"
2019-11-17,2019111701005713,LBL,57,21,64,218.00,"13,952.00"
2019-11-17,2019111701005632,LBL,57,28,21,218.00,"4,578.00"
2019-11-17,2019111701005459,LBL,32,16,"1,174",218.00,"255,932.00"
2019-11-17,2019111701005458,LBL,32,25,12,218.00,"2,616.00"
2019-11-17,2019111701005784,LGIL,49,22,400,315.00,"126,000.00"
2019-11-17,2019111701005757,MBL,22,25,404,224.00,"90,496.00"
2019-11-17,2019111701005756,MBL,6,25,15,224.00,"3,360.00"
2019-11-17,2019111701005643,MBL,6,28,20,224.00,"4,480.00"
2019-11-17,2019111701005633,MBL,6,32,33,224.00,"7,392.00"
2019-11-17,2019111701005766,MEGA,1,45,60,185.00,"11,100.00"
2019-11-17,2019111701005469,MEGA,55,22,30,184.00,"5,520.00"
2019-11-17,2019111701005715,MERO,39,42,11,418.00,"4,598.00"
2019-11-17,2019111701005867,MFIL,49,59,"1,500",125.00,"187,500.00"
2019-11-17,2019111701005671,MFIL,49,32,500,125.00,"62,500.00"
2019-11-17,2019111701005653,MFIL,49,28,52,125.00,"6,500.00"
2019-11-17,2019111701005669,MHNL,40,28,30,79.00,"2,370.00"
2019-11-17,2019111701005576,MHNL,49,59,130,80.00,"10,400.00"
2019-11-17,2019111701005527,MNBBL,29,57,59,317.00,"18,703.00"
2019-11-17,2019111701005526,MNBBL,55,57,24,317.00,"7,608.00"
2019-11-17,2019111701005877,NABIL,58,42,10,755.00,"7,550.00"
2019-11-17,2019111701005840,NABIL,8,44,42,751.00,"31,542.00"
2019-11-17,2019111701005839,NABIL,42,44,10,751.00,"7,510.00"
2019-11-17,2019111701005776,NABIL,8,45,15,753.00,"11,295.00"
2019-11-17,2019111701005775,NABIL,8,58,500,753.00,"376,500.00"
2019-11-17,2019111701005774,NABIL,8,25,80,752.00,"60,160.00"
2019-11-17,2019111701005724,NABIL,22,25,110,752.00,"82,720.00"
2019-11-17,2019111701005524,NABIL,5,42,10,755.00,"7,550.00"
2019-11-17,2019111701005641,NBB,56,42,100,206.00,"20,600.00"
2019-11-17,2019111701005924,NBL,36,17,10,319.00,"3,190.00"
2019-11-17,2019111701005890,NBL,36,8,200,319.00,"63,800.00"
2019-11-17,2019111701005889,NBL,36,44,150,319.00,"47,850.00"
2019-11-17,2019111701005888,NBL,36,57,100,319.00,"31,900.00"
2019-11-17,2019111701005887,NBL,36,45,100,319.00,"31,900.00"
2019-11-17,2019111701005886,NBL,36,54,300,319.00,"95,700.00"
2019-11-17,2019111701005509,NBL,58,5,847,318.00,"269,346.00"
2019-11-17,2019111701005468,NBL,45,5,153,318.00,"48,654.00"
2019-11-17,2019111701005453,NBL,45,16,147,318.00,"46,746.00"
2019-11-17,2019111701005452,NBL,45,16,100,318.00,"31,800.00"
2019-11-17,2019111701005553,NBL,34,43,"1,447",318.00,"460,146.00"
2019-11-17,2019111701005551,NBL,45,43,300,318.00,"95,400.00"
2019-11-17,2019111701005530,NBL,42,43,100,318.00,"31,800.00"
2019-11-17,2019111701005520,NBL,58,43,"1,153",318.00,"366,654.00"
2019-11-17,2019111701005511,NBL,58,25,800,318.00,"254,400.00"
2019-11-17,2019111701005510,NBL,58,42,200,318.00,"63,600.00"
2019-11-17,2019111701005736,NBL,25,34,215,318.00,"68,370.00"
2019-11-17,2019111701005735,NBL,50,34,185,318.00,"58,830.00"
2019-11-17,2019111701005677,NBL,50,28,15,318.00,"4,770.00"
2019-11-17,2019111701005676,NBL,40,28,150,318.00,"47,700.00"
2019-11-17,2019111701005639,NBL,40,7,500,318.00,"159,000.00"
2019-11-17,2019111701005600,NBL,40,7,350,318.00,"111,300.00"
2019-11-17,2019111701005885,NBL,36,45,300,319.00,"95,700.00"
2019-11-17,2019111701005884,NBL,36,58,500,319.00,"159,500.00"
2019-11-17,2019111701005805,NBL,25,58,500,319.00,"159,500.00"
2019-11-17,2019111701005804,NBL,25,16,500,319.00,"159,500.00"
2019-11-17,2019111701005799,NBL,25,16,500,319.00,"159,500.00"
2019-11-17,2019111701005781,NBL,25,40,510,318.00,"162,180.00"
2019-11-17,2019111701005939,NCCB,58,45,10,202.00,"2,020.00"
2019-11-17,2019111701005938,NCCB,33,45,10,202.00,"2,020.00"
2019-11-17,2019111701005764,NCCB,58,28,173,200.00,"34,600.00"
2019-11-17,2019111701005651,NCCB,32,1,90,201.00,"18,090.00"
2019-11-17,2019111701005474,NCCB,32,25,"1,069",201.00,"214,869.00"
2019-11-17,2019111701005473,NCCB,32,45,100,201.00,"20,100.00"
2019-11-17,2019111701005472,NCCB,32,41,"1,238",201.00,"248,838.00"
2019-11-17,2019111701005777,NHPC,52,28,100,51.00,"5,100.00"
2019-11-17,2019111701005498,NHPC,52,32,70,51.00,"3,570.00"
2019-11-17,2019111701005497,NHPC,54,32,100,51.00,"5,100.00"
2019-11-17,2019111701005496,NHPC,36,32,505,51.00,"25,755.00"
2019-11-17,2019111701005495,NHPC,34,32,"1,000",51.00,"51,000.00"
2019-11-17,2019111701005494,NHPC,52,32,380,51.00,"19,380.00"
2019-11-17,2019111701005902,NIB,19,57,105,422.00,"44,310.00"
2019-11-17,2019111701005901,NIB,1,57,20,422.00,"8,440.00"
2019-11-17,2019111701005900,NIB,22,57,100,422.00,"42,200.00"
2019-11-17,2019111701005899,NIB,51,57,491,422.00,"207,202.00"
2019-11-17,2019111701005838,NIB,51,28,24,422.00,"10,128.00"
2019-11-17,2019111701005740,NIB,43,36,10,424.00,"4,240.00"
2019-11-17,2019111701005610,NIB,44,34,135,423.00,"57,105.00"
2019-11-17,2019111701005609,NIB,44,34,28,423.00,"11,844.00"
2019-11-17,2019111701005730,NIB,51,34,85,422.00,"35,870.00"
2019-11-17,2019111701005729,NIB,42,34,15,423.00,"6,345.00"
2019-11-17,2019111701005711,NIB,42,6,85,423.00,"35,955.00"
2019-11-17,2019111701005710,NIB,22,6,10,423.00,"4,230.00"
2019-11-17,2019111701005709,NIB,28,6,25,423.00,"10,575.00"
2019-11-17,2019111701005708,NIB,44,6,365,423.00,"154,395.00"
2019-11-17,2019111701005878,NIBPO,37,16,10,392.00,"3,920.00"
2019-11-17,2019111701005791,NIBSF1,20,51,900,8.66,"7,794.00"
2019-11-17,2019111701005866,NICA,36,57,200,418.00,"83,600.00"
2019-11-17,2019111701005852,NICA,56,28,22,415.00,"9,130.00"
2019-11-17,2019111701005850,NICA,36,38,500,416.00,"208,000.00"
2019-11-17,2019111701005849,NICA,58,38,475,416.00,"197,600.00"
2019-11-17,2019111701005848,NICA,22,38,200,416.00,"83,200.00"
2019-11-17,2019111701005847,NICA,50,38,377,416.00,"156,832.00"
2019-11-17,2019111701005650,NICA,22,25,500,416.00,"208,000.00"
2019-11-17,2019111701005635,NICA,22,51,20,416.00,"8,320.00"
2019-11-17,2019111701005531,NICA,22,19,500,416.00,"208,000.00"
2019-11-17,2019111701005747,NICA,36,54,"1,000",416.00,"416,000.00"
2019-11-17,2019111701005746,NICA,49,54,200,416.00,"83,200.00"
2019-11-17,2019111701005745,NICA,40,54,500,416.00,"208,000.00"
2019-11-17,2019111701005744,NICA,49,54,50,416.00,"20,800.00"
2019-11-17,2019111701005743,NICA,6,54,"1,000",416.00,"416,000.00"
2019-11-17,2019111701005742,NICA,22,54,35,416.00,"14,560.00"
2019-11-17,2019111701005793,NICA,50,45,58,416.00,"24,128.00"
2019-11-17,2019111701005788,NICA,36,44,300,417.00,"125,100.00"
2019-11-17,2019111701005753,NICA,50,16,65,416.00,"27,040.00"
2019-11-17,2019111701005752,NICA,10,16,325,416.00,"135,200.00"
2019-11-17,2019111701005749,NICA,10,54,175,416.00,"72,800.00"
2019-11-17,2019111701005748,NICA,22,54,40,416.00,"16,640.00"
2019-11-17,2019111701005915,NICL,25,25,10,257.00,"2,570.00"
2019-11-17,2019111701005897,NICL,28,25,10,253.00,"2,530.00"
2019-11-17,2019111701005875,NLG,58,59,200,535.00,"107,000.00"
2019-11-17,2019111701005903,NLIC,57,6,40,789.00,"31,560.00"
2019-11-17,2019111701005876,NLIC,57,44,200,789.00,"157,800.00"
2019-11-17,2019111701005833,NLIC,57,8,760,789.00,"599,640.00"
2019-11-17,2019111701005832,NLIC,40,8,10,789.00,"7,890.00"
2019-11-17,2019111701005831,NLIC,48,8,230,790.00,"181,700.00"
2019-11-17,2019111701005606,NLIC,6,6,5,787.00,"3,935.00"
2019-11-17,2019111701005580,NLIC,57,42,100,790.00,"79,000.00"
2019-11-17,2019111701005862,NMB,26,32,"1,080",385.00,"415,800.00"
2019-11-17,2019111701005861,NMB,48,28,26,384.00,"9,984.00"
2019-11-17,2019111701005860,NMB,53,28,24,384.00,"9,216.00"
2019-11-17,2019111701005809,NMB,29,32,20,385.00,"7,700.00"
2019-11-17,2019111701005734,NMB,41,32,500,385.00,"192,500.00"
2019-11-17,2019111701005620,NMB,53,33,176,384.00,"67,584.00"
2019-11-17,2019111701005534,NMB,48,50,381,385.00,"146,685.00"
2019-11-17,2019111701005484,NMB,34,51,15,385.00,"5,775.00"
2019-11-17,2019111701005619,NMB,48,33,96,384.00,"36,864.00"
2019-11-17,2019111701005603,NMB,48,42,34,384.00,"13,056.00"
2019-11-17,2019111701005567,NMB,48,43,200,384.00,"76,800.00"
2019-11-17,2019111701005566,NMB,45,43,300,384.00,"115,200.00"
2019-11-17,2019111701005536,NMB,48,32,365,385.00,"140,525.00"
2019-11-17,2019111701005535,NMB,48,51,68,385.00,"26,180.00"
2019-11-17,2019111701005914,NMFBS,37,43,20,"1,702.00","34,040.00"
2019-11-17,2019111701005548,NMFBS,37,53,15,"1,702.00","25,530.00"
2019-11-17,2019111701005503,NMFBS,37,53,15,"1,702.00","25,530.00"
2019-11-17,2019111701005802,NTC,6,47,10,624.00,"6,240.00"
2019-11-17,2019111701005782,NUBL,38,6,115,896.00,"103,040.00"
2019-11-17,2019111701005765,NUBL,38,6,35,896.00,"31,360.00"
2019-11-17,2019111701005755,NUBL,38,6,40,896.00,"35,840.00"
2019-11-17,2019111701005750,NUBL,38,6,20,896.00,"17,920.00"
2019-11-17,2019111701005732,NUBL,38,6,55,896.00,"49,280.00"
2019-11-17,2019111701005731,NUBL,38,19,20,891.00,"17,820.00"
2019-11-17,2019111701005490,NUBL,43,5,140,885.00,"123,900.00"
2019-11-17,2019111701005489,NUBL,52,5,50,886.00,"44,300.00"
2019-11-17,2019111701005488,NUBL,49,5,10,887.00,"8,870.00"
2019-11-17,2019111701005720,NUBL,38,19,20,891.00,"17,820.00"
2019-11-17,2019111701005712,NUBL,38,19,15,891.00,"13,365.00"
2019-11-17,2019111701005699,NUBL,38,19,70,891.00,"62,370.00"
2019-11-17,2019111701005689,NUBL,38,19,25,891.00,"22,275.00"
2019-11-17,2019111701005568,NUBL,43,50,200,885.00,"177,000.00"
2019-11-17,2019111701005864,OHL,58,44,30,412.00,"12,360.00"
2019-11-17,2019111701005592,OHL,58,44,20,412.00,"8,240.00"
2019-11-17,2019111701005591,OHL,48,44,"1,000",412.00,"412,000.00"
2019-11-17,2019111701005590,OHL,18,44,50,413.00,"20,650.00"
2019-11-17,2019111701005759,OHL,19,44,200,415.00,"83,000.00"
2019-11-17,2019111701005758,OHL,1,44,50,415.00,"20,750.00"
2019-11-17,2019111701005870,PCBL,53,28,36,267.00,"9,612.00"
2019-11-17,2019111701005687,PCBL,1,32,195,267.00,"52,065.00"
2019-11-17,2019111701005686,PCBL,14,32,50,267.00,"13,350.00"
2019-11-17,2019111701005685,PCBL,17,32,100,267.00,"26,700.00"
2019-11-17,2019111701005684,PCBL,51,32,30,268.00,"8,040.00"
2019-11-17,2019111701005683,PCBL,11,32,15,269.00,"4,035.00"
2019-11-17,2019111701005595,PCBL,50,58,333,268.00,"89,244.00"
2019-11-17,2019111701005594,PCBL,14,58,450,268.00,"120,600.00"
2019-11-17,2019111701005662,PCBL,34,58,77,270.00,"20,790.00"
2019-11-17,2019111701005661,PCBL,34,41,295,270.00,"79,650.00"
2019-11-17,2019111701005660,PCBL,34,25,135,270.00,"36,450.00"
2019-11-17,2019111701005628,PCBL,51,37,170,268.00,"45,560.00"
2019-11-17,2019111701005627,PCBL,8,37,456,268.00,"122,208.00"
2019-11-17,2019111701005596,PCBL,8,58,544,268.00,"145,792.00"
2019-11-17,2019111701005898,PIC,20,59,11,359.00,"3,949.00"
2019-11-17,2019111701005663,PIC,7,32,20,352.00,"7,040.00"
2019-11-17,2019111701005608,PIC,7,6,12,352.00,"4,224.00"
2019-11-17,2019111701005547,PIC,7,48,11,352.00,"3,872.00"
2019-11-17,2019111701005904,PLIC,28,28,351,309.00,"108,459.00"
2019-11-17,2019111701005846,PLIC,28,4,43,309.00,"13,287.00"
2019-11-17,2019111701005845,PLIC,1,4,70,309.00,"21,630.00"
2019-11-17,2019111701005844,PLIC,45,4,60,309.00,"18,540.00"
2019-11-17,2019111701005843,PLIC,49,4,25,309.00,"7,725.00"
2019-11-17,2019111701005842,PLIC,57,4,101,309.00,"31,209.00"
2019-11-17,2019111701005841,PLIC,57,4,201,309.00,"62,109.00"
2019-11-17,2019111701005555,PLIC,57,19,82,309.00,"25,338.00"
2019-11-17,2019111701005554,PLIC,32,19,50,310.00,"15,500.00"
2019-11-17,2019111701005929,PMHPL,54,28,10,86.00,860.00
2019-11-17,2019111701005891,PRVU,22,1,"1,000",228.00,"228,000.00"
2019-11-17,2019111701005882,PRVU,22,22,20,228.00,"4,560.00"
2019-11-17,2019111701005881,PRVU,22,34,345,228.00,"78,660.00"
2019-11-17,2019111701005880,PRVU,22,41,100,228.00,"22,800.00"
2019-11-17,2019111701005879,PRVU,22,49,110,228.00,"25,080.00"
2019-11-17,2019111701005540,PRVU,55,51,65,228.00,"14,820.00"
2019-11-17,2019111701005570,PRVU,17,17,51,228.00,"11,628.00"
2019-11-17,2019111701005542,PRVU,55,32,"1,000",228.00,"228,000.00"
2019-11-17,2019111701005541,PRVU,55,16,100,228.00,"22,800.00"
2019-11-17,2019111701005778,PRVU,4,57,700,227.00,"158,900.00"
2019-11-17,2019111701005728,PRVU,4,33,216,227.00,"49,032.00"
2019-11-17,2019111701005723,PRVU,4,19,500,227.00,"113,500.00"
2019-11-17,2019111701005642,PRVU,38,1,"1,000",228.00,"228,000.00"
2019-11-17,2019111701005492,RADHI,6,11,11,145.00,"1,595.00"
2019-11-17,2019111701005892,RBCLPO,32,44,10,"7,444.00","74,440.00"
2019-11-17,2019111701005873,RBCLPO,32,58,10,"7,400.00","74,000.00"
2019-11-17,2019111701005678,RBCLPO,33,8,10,"7,300.00","73,000.00"
2019-11-17,2019111701005646,RBCLPO,33,45,10,"7,300.00","73,000.00"
2019-11-17,2019111701005636,RBCLPO,59,8,11,"7,310.00","80,410.00"
2019-11-17,2019111701005508,RHPC,42,48,"1,000",74.00,"74,000.00"
2019-11-17,2019111701005682,RHPL,33,56,40,166.00,"6,640.00"
2019-11-17,2019111701005597,RHPL,33,29,10,166.00,"1,660.00"
2019-11-17,2019111701005569,RHPL,33,26,30,166.00,"4,980.00"
2019-11-17,2019111701005546,RHPL,33,26,40,166.00,"6,640.00"
2019-11-17,2019111701005525,RHPL,28,26,30,167.00,"5,010.00"
2019-11-17,2019111701005500,RHPL,28,26,40,167.00,"6,680.00"
2019-11-17,2019111701005466,RHPL,28,26,30,167.00,"5,010.00"
2019-11-17,2019111701005823,RRHP,58,25,100,101.00,"10,100.00"
2019-11-17,2019111701005822,RRHP,58,48,10,101.00,"1,010.00"
2019-11-17,2019111701005717,RSDC,49,35,50,296.00,"14,800.00"
2019-11-17,2019111701005716,RSDC,34,35,89,296.00,"26,344.00"
2019-11-17,2019111701005858,SABSL,46,51,15,562.00,"8,430.00"
2019-11-17,2019111701005857,SABSL,6,5,10,560.00,"5,600.00"
2019-11-17,2019111701005760,SABSL,6,58,60,560.00,"33,600.00"
2019-11-17,2019111701005751,SABSL,6,7,100,560.00,"56,000.00"
2019-11-17,2019111701005658,SABSL,6,41,10,560.00,"5,600.00"
2019-11-17,2019111701005587,SABSL,6,42,20,560.00,"11,200.00"
2019-11-17,2019111701005586,SABSL,28,42,90,560.00,"50,400.00"
2019-11-17,2019111701005585,SABSL,36,42,100,561.00,"56,100.00"
2019-11-17,2019111701005584,SABSL,36,42,90,561.00,"50,490.00"
2019-11-17,2019111701005563,SABSL,36,26,10,561.00,"5,610.00"
2019-11-17,2019111701005912,SANIMA,39,35,215,306.00,"65,790.00"
2019-11-17,2019111701005675,SANIMA,22,38,100,305.00,"30,500.00"
2019-11-17,2019111701005512,SANIMA,22,25,100,305.00,"30,500.00"
2019-11-17,2019111701005629,SAPDBL,22,16,70,119.00,"8,330.00"
2019-11-17,2019111701005463,SAPDBL,22,42,40,119.00,"4,760.00"
2019-11-17,2019111701005806,SBI,33,28,200,391.00,"78,200.00"
2019-11-17,2019111701005787,SBI,59,50,151,390.00,"58,890.00"
2019-11-17,2019111701005786,SBI,1,50,20,390.00,"7,800.00"
2019-11-17,2019111701005785,SBI,52,50,77,390.00,"30,030.00"
2019-11-17,2019111701005599,SBI,58,28,"1,000",391.00,"391,000.00"
2019-11-17,2019111701005916,SBL,4,26,100,287.00,"28,700.00"
2019-11-17,2019111701005659,SBL,4,6,824,287.00,"236,488.00"
2019-11-17,2019111701005836,SCB,25,41,128,550.00,"70,400.00"
2019-11-17,2019111701005835,SCB,45,41,15,550.00,"8,250.00"
2019-11-17,2019111701005834,SCB,42,41,57,550.00,"31,350.00"
2019-11-17,2019111701005478,SCB,42,57,400,550.00,"220,000.00"
2019-11-17,2019111701005794,SDESI,45,33,100,635.00,"63,500.00"
2019-11-17,2019111701005692,SDESI,44,52,23,639.00,"14,697.00"
2019-11-17,2019111701005691,SDESI,44,14,50,638.00,"31,900.00"
2019-11-17,2019111701005690,SDESI,44,29,20,637.00,"12,740.00"
2019-11-17,2019111701005575,SDESI,45,53,23,635.00,"14,605.00"
2019-11-17,2019111701005817,SHIVM,21,48,500,433.00,"216,500.00"
2019-11-17,2019111701005795,SHIVM,47,48,100,433.00,"43,300.00"
2019-11-17,2019111701005529,SHIVM,38,48,10,433.00,"4,330.00"
2019-11-17,2019111701005501,SHIVM,19,48,50,433.00,"21,650.00"
2019-11-17,2019111701005693,SHL,4,22,100,203.00,"20,300.00"
2019-11-17,2019111701005617,SHPC,55,57,39,190.00,"7,410.00"
2019-11-17,2019111701005616,SHPC,55,40,"1,375",190.00,"261,250.00"
2019-11-17,2019111701005615,SHPC,55,42,165,189.00,"31,185.00"
2019-11-17,2019111701005614,SHPC,55,42,398,188.00,"74,824.00"
2019-11-17,2019111701005613,SHPC,55,53,190,187.00,"35,530.00"
2019-11-17,2019111701005640,SIC,4,32,19,446.00,"8,474.00"
2019-11-17,2019111701005923,SICL,37,19,56,733.00,"41,048.00"
2019-11-17,2019111701005922,SICL,46,19,217,735.00,"159,495.00"
2019-11-17,2019111701005921,SICL,51,19,98,736.00,"72,128.00"
2019-11-17,2019111701005762,SICL,51,52,100,736.00,"73,600.00"
2019-11-17,2019111701005668,SICL,51,22,234,736.00,"172,224.00"
2019-11-17,2019111701005481,SICL,51,35,68,736.00,"50,048.00"
2019-11-17,2019111701005480,SICL,52,35,10,736.00,"7,360.00"
2019-11-17,2019111701005479,SICL,49,35,22,737.00,"16,214.00"
2019-11-17,2019111701005824,SIFC,28,55,79,149.00,"11,771.00"
2019-11-17,2019111701005825,SJCL,22,41,20,161.00,"3,220.00"
2019-11-17,2019111701005706,SJCL,22,56,20,161.00,"3,220.00"
2019-11-17,2019111701005698,SJCL,22,21,20,161.00,"3,220.00"
2019-11-17,2019111701005680,SJCL,22,21,20,161.00,"3,220.00"
2019-11-17,2019111701005664,SJCL,22,36,20,161.00,"3,220.00"
2019-11-17,2019111701005539,SJCL,17,17,20,161.00,"3,220.00"
2019-11-17,2019111701005532,SJCL,5,26,20,160.00,"3,200.00"
2019-11-17,2019111701005504,SJCL,5,26,20,160.00,"3,200.00"
2019-11-17,2019111701005487,SJCL,57,35,"1,000",161.00,"161,000.00"
2019-11-17,2019111701005485,SJCL,5,34,100,160.00,"16,000.00"
2019-11-17,2019111701005477,SJCL,5,26,20,160.00,"3,200.00"
2019-11-17,2019111701005604,SJCL,22,26,10,161.00,"1,610.00"
2019-11-17,2019111701005602,SJCL,22,5,20,161.00,"3,220.00"
2019-11-17,2019111701005593,SJCL,22,26,10,161.00,"1,610.00"
2019-11-17,2019111701005581,SJCL,22,29,10,161.00,"1,610.00"
2019-11-17,2019111701005577,SJCL,22,26,30,161.00,"4,830.00"
2019-11-17,2019111701005552,SJCL,22,26,20,161.00,"3,220.00"
2019-11-17,2019111701005807,SKBBL,25,50,190,931.00,"176,890.00"
2019-11-17,2019111701005674,SKBBL,25,50,401,931.00,"373,331.00"
2019-11-17,2019111701005673,SKBBL,41,50,20,933.00,"18,660.00"
2019-11-17,2019111701005611,SLBBL,37,37,346,597.00,"206,562.00"
2019-11-17,2019111701005506,SLBBL,50,42,100,598.00,"59,800.00"
2019-11-17,2019111701005790,SMB,49,3,40,420.00,"16,800.00"
2019-11-17,2019111701005476,SMB,49,49,10,420.00,"4,200.00"
2019-11-17,2019111701005919,SMFBS,33,18,20,796.00,"15,920.00"
2019-11-17,2019111701005896,SMFBS,33,6,10,794.00,"7,940.00"
2019-11-17,2019111701005718,SMFBS,6,57,10,788.00,"7,880.00"
2019-11-17,2019111701005583,SPARS,11,26,10,520.00,"5,200.00"
2019-11-17,2019111701005722,SPDL,29,7,126,77.00,"9,702.00"
2019-11-17,2019111701005721,SPDL,29,16,15,76.00,"1,140.00"
2019-11-17,2019111701005648,SRBL,4,42,458,211.00,"96,638.00"
2019-11-17,2019111701005647,SRBL,4,37,"1,000",211.00,"211,000.00"
2019-11-17,2019111701005579,SRBL,6,49,438,210.00,"91,980.00"
2019-11-17,2019111701005792,SRS,39,21,200,239.00,"47,800.00"
2019-11-17,2019111701005544,SWBBL,38,26,100,934.00,"93,400.00"
2019-11-17,2019111701005543,SWBBL,38,4,86,933.00,"80,238.00"
2019-11-17,2019111701005528,SWBBL,38,4,45,933.00,"41,985.00"
2019-11-17,2019111701005522,SWBBL,43,4,400,933.00,"373,200.00"
2019-11-17,2019111701005457,SWBBL,38,4,125,933.00,"116,625.00"
2019-11-17,2019111701005451,SWBBL,38,4,22,933.00,"20,526.00"
2019-11-17,2019111701005440,SWBBL,38,4,25,933.00,"23,325.00"
2019-11-17,2019111701005521,SWBBL,38,4,28,933.00,"26,124.00"
2019-11-17,2019111701005493,SWBBL,38,4,17,933.00,"15,861.00"
2019-11-17,2019111701005483,SWBBL,38,4,15,933.00,"13,995.00"
2019-11-17,2019111701005475,SWBBL,38,4,20,933.00,"18,660.00"
2019-11-17,2019111701005464,SWBBL,38,4,33,933.00,"30,789.00"
2019-11-17,2019111701005714,UFL,49,33,79,175.00,"13,825.00"
2019-11-17,2019111701005545,UFL,17,33,100,176.00,"17,600.00"
2019-11-17,2019111701005917,UMHL,43,51,14,103.00,"1,442.00"
2019-11-17,2019111701005631,UPCL,1,5,50,74.00,"3,700.00"
2019-11-17,2019111701005869,UPPER,40,4,150,228.00,"34,200.00"
2019-11-17,2019111701005856,UPPER,25,4,10,228.00,"2,280.00"
2019-11-17,2019111701005819,UPPER,10,40,50,227.00,"11,350.00"
2019-11-17,2019111701005801,UPPER,29,4,100,228.00,"22,800.00"
2019-11-17,2019111701005780,UPPER,10,40,20,227.00,"4,540.00"
2019-11-17,2019111701005779,UPPER,22,40,30,227.00,"6,810.00"
2019-11-17,2019111701005461,UPPER,36,17,40,228.00,"9,120.00"
2019-11-17,2019111701005460,UPPER,36,17,40,228.00,"9,120.00"
2019-11-17,2019111701005454,UPPER,36,58,50,227.00,"11,350.00"
2019-11-17,2019111701005754,UPPER,11,40,50,227.00,"11,350.00"
2019-11-17,2019111701005621,UPPER,55,14,353,228.00,"80,484.00"
2019-11-17,2019111701005505,UPPER,36,14,30,228.00,"6,840.00"
2019-11-17,2019111701005465,UPPER,36,14,40,228.00,"9,120.00"
2019-11-17,2019111701005910,VLBS,48,45,10,597.00,"5,970.00"
2019-11-17,2019111701005341,ADBL,39,22,10,415.00,"4,150.00"
2019-11-17,2019111701005296,ADBL,39,28,11,415.00,"4,565.00"
2019-11-17,2019111701005295,ADBL,1,28,14,415.00,"5,810.00"
2019-11-17,2019111701005167,ADBL,1,42,36,415.00,"14,940.00"
2019-11-17,2019111701005166,ADBL,52,42,64,415.00,"26,560.00"
2019-11-17,2019111701005008,ADBL,6,57,382,416.00,"158,912.00"
2019-11-17,2019111701005388,ALBSL,46,40,20,404.00,"8,080.00"
2019-11-17,2019111701005208,API,22,16,20,102.00,"2,040.00"
2019-11-17,2019111701005207,API,25,16,"3,600",102.00,"367,200.00"
2019-11-17,2019111701005206,API,25,16,"4,500",102.00,"459,000.00"
2019-11-17,2019111701005205,API,43,16,500,102.00,"51,000.00"
2019-11-17,2019111701005204,API,34,16,500,102.00,"51,000.00"
2019-11-17,2019111701005203,API,57,16,30,102.00,"3,060.00"
2019-11-17,2019111701005196,API,52,16,108,103.00,"11,124.00"
2019-11-17,2019111701005195,API,55,16,"1,000",103.00,"103,000.00"
2019-11-17,2019111701005162,API,57,16,200,104.00,"20,800.00"
2019-11-17,2019111701005110,API,38,16,300,104.00,"31,200.00"
2019-11-17,2019111701005007,API,55,46,500,103.00,"51,500.00"
2019-11-17,2019111701005202,API,38,16,200,102.00,"20,400.00"
2019-11-17,2019111701005201,API,29,16,250,103.00,"25,750.00"
2019-11-17,2019111701005200,API,42,16,500,103.00,"51,500.00"
2019-11-17,2019111701005199,API,42,16,30,103.00,"3,090.00"
2019-11-17,2019111701005198,API,34,16,300,103.00,"30,900.00"
2019-11-17,2019111701005197,API,16,16,250,103.00,"25,750.00"
2019-11-17,2019111701005303,BFC,1,28,10,92.00,920.00
2019-11-17,2019111701005350,BOKL,56,49,521,220.00,"114,620.00"
2019-11-17,2019111701005347,BOKL,56,22,20,220.00,"4,400.00"
2019-11-17,2019111701005322,BOKL,56,28,77,220.00,"16,940.00"
2019-11-17,2019111701005432,BPCL,1,57,72,350.00,"25,200.00"
2019-11-17,2019111701005323,BPCL,55,35,217,349.00,"75,733.00"
2019-11-17,2019111701005275,BPCL,45,59,44,349.00,"15,356.00"
2019-11-17,2019111701005088,BPCL,34,57,100,350.00,"35,000.00"
2019-11-17,2019111701005087,BPCL,53,57,100,350.00,"35,000.00"
2019-11-17,2019111701005086,BPCL,21,57,60,350.00,"21,000.00"
2019-11-17,2019111701005085,BPCL,51,57,40,350.00,"14,000.00"
2019-11-17,2019111701005084,BPCL,34,57,28,350.00,"9,800.00"
2019-11-17,2019111701005083,BPCL,49,57,100,350.00,"35,000.00"
2019-11-17,2019111701004980,BPCL,49,7,497,350.00,"173,950.00"
2019-11-17,2019111701004968,CBBL,14,58,50,970.00,"48,500.00"
2019-11-17,2019111701005436,CBL,6,35,185,138.00,"25,530.00"
2019-11-17,2019111701005435,CBL,38,35,110,138.00,"15,180.00"
2019-11-17,2019111701005434,CBL,58,35,100,138.00,"13,800.00"
2019-11-17,2019111701005433,CBL,29,35,42,138.00,"5,796.00"
2019-11-17,2019111701005337,CBL,29,28,132,138.00,"18,216.00"
2019-11-17,2019111701004984,CBL,29,6,10,138.00,"1,380.00"
2019-11-17,2019111701005367,CCBL,32,32,4,161.00,644.00
2019-11-17,2019111701005352,CCBL,52,22,20,161.00,"3,220.00"
2019-11-17,2019111701005346,CCBL,52,28,62,161.00,"9,982.00"
2019-11-17,2019111701005345,CCBL,16,28,12,161.00,"1,932.00"
2019-11-17,2019111701005306,CCBL,16,7,988,161.00,"159,068.00"
2019-11-17,2019111701005305,CCBL,52,7,12,161.00,"1,932.00"
2019-11-17,2019111701005001,CCBL,58,21,30,162.00,"4,860.00"
2019-11-17,2019111701005177,CCBL,45,32,"1,000",162.00,"162,000.00"
2019-11-17,2019111701005176,CCBL,45,58,28,162.00,"4,536.00"
2019-11-17,2019111701005060,CCBL,50,58,530,162.00,"85,860.00"
2019-11-17,2019111701005059,CCBL,50,21,470,162.00,"76,140.00"
2019-11-17,2019111701005301,CCBL,52,8,488,161.00,"78,568.00"
2019-11-17,2019111701005300,CCBL,45,8,12,161.00,"1,932.00"
2019-11-17,2019111701005253,CCBL,45,17,149,162.00,"24,138.00"
2019-11-17,2019111701005186,CCBL,45,32,223,162.00,"36,126.00"
2019-11-17,2019111701005185,CCBL,45,57,128,162.00,"20,736.00"
2019-11-17,2019111701005178,CCBL,45,57,972,162.00,"157,464.00"
2019-11-17,2019111701005117,CFCL,57,57,49,111.00,"5,439.00"
2019-11-17,2019111701004993,CHCL,40,25,49,356.00,"17,444.00"
2019-11-17,2019111701005355,CHL,58,28,20,79.00,"1,580.00"
2019-11-17,2019111701005377,CZBIL,6,28,20,185.00,"3,700.00"
2019-11-17,2019111701005316,CZBIL,6,7,381,185.00,"70,485.00"
2019-11-17,2019111701005315,CZBIL,35,7,50,185.00,"9,250.00"
2019-11-17,2019111701005314,CZBIL,59,7,50,185.00,"9,250.00"
2019-11-17,2019111701005313,CZBIL,45,7,100,185.00,"18,500.00"
2019-11-17,2019111701005312,CZBIL,41,7,27,185.00,"4,995.00"
2019-11-17,2019111701005311,CZBIL,34,7,392,185.00,"72,520.00"
2019-11-17,2019111701005212,CZBIL,6,38,300,186.00,"55,800.00"
2019-11-17,2019111701005211,CZBIL,6,48,75,186.00,"13,950.00"
2019-11-17,2019111701005407,DBBL,34,28,140,121.00,"16,940.00"
2019-11-17,2019111701005252,DBBL,34,28,12,121.00,"1,452.00"
2019-11-17,2019111701005040,DBBL,34,16,889,121.00,"107,569.00"
2019-11-17,2019111701004960,DBBL,14,16,300,121.00,"36,300.00"
2019-11-17,2019111701004959,DBBL,52,16,108,121.00,"13,068.00"
2019-11-17,2019111701004958,DBBL,58,16,100,121.00,"12,100.00"
2019-11-17,2019111701004951,DBBL,48,16,"1,000",122.00,"122,000.00"
2019-11-17,2019111701004957,DBBL,45,16,"1,000",121.00,"121,000.00"
2019-11-17,2019111701004956,DBBL,25,16,300,121.00,"36,300.00"
2019-11-17,2019111701004955,DBBL,21,16,100,121.00,"12,100.00"
2019-11-17,2019111701004954,DBBL,42,16,100,121.00,"12,100.00"
2019-11-17,2019111701004953,DBBL,32,16,103,121.00,"12,463.00"
2019-11-17,2019111701004952,DBBL,36,16,"1,000",122.00,"122,000.00"
2019-11-17,2019111701005139,EBL,58,6,250,553.00,"138,250.00"
2019-11-17,2019111701004992,EBL,40,6,123,553.00,"68,019.00"
2019-11-17,2019111701005021,EDBL,48,43,40,274.00,"10,960.00"
2019-11-17,2019111701005020,EDBL,48,47,200,274.00,"54,800.00"
2019-11-17,2019111701005188,FMDBL,11,5,10,308.00,"3,080.00"
2019-11-17,2019111701004970,FMDBL,55,26,119,305.00,"36,295.00"
2019-11-17,2019111701005419,FOWAD,21,53,39,"1,315.00","51,285.00"
2019-11-17,2019111701005418,FOWAD,45,53,10,"1,316.00","13,160.00"
2019-11-17,2019111701005413,GBBL,57,34,316,223.00,"70,468.00"
2019-11-17,2019111701005333,GBBL,57,7,166,223.00,"37,018.00"
2019-11-17,2019111701005332,GBBL,57,7,100,223.00,"22,300.00"
2019-11-17,2019111701005331,GBBL,42,7,100,223.00,"22,300.00"
2019-11-17,2019111701005330,GBBL,39,7,34,223.00,"7,582.00"
2019-11-17,2019111701005258,GBBL,39,37,500,224.00,"112,000.00"
2019-11-17,2019111701004996,GBBL,45,45,2,224.00,448.00
2019-11-17,2019111701004990,GBBL,45,45,4,224.00,896.00
2019-11-17,2019111701005401,GBLBS,42,25,51,300.00,"15,300.00"
2019-11-17,2019111701005400,GBLBS,42,25,100,300.00,"30,000.00"
2019-11-17,2019111701005399,GBLBS,53,25,200,300.00,"60,000.00"
2019-11-17,2019111701005398,GBLBS,7,25,500,300.00,"150,000.00"
2019-11-17,2019111701005397,GBLBS,48,25,25,300.00,"7,500.00"
2019-11-17,2019111701005396,GBLBS,40,25,50,300.00,"15,000.00"
2019-11-17,2019111701005122,GBLBS,45,33,390,302.00,"117,780.00"
2019-11-17,2019111701005121,GBLBS,36,33,"1,110",302.00,"335,220.00"
2019-11-17,2019111701005395,GBLBS,38,25,100,300.00,"30,000.00"
2019-11-17,2019111701005394,GBLBS,25,25,200,300.00,"60,000.00"
2019-11-17,2019111701005393,GBLBS,47,25,24,300.00,"7,200.00"
2019-11-17,2019111701005392,GBLBS,58,25,40,301.00,"12,040.00"
2019-11-17,2019111701005391,GBLBS,26,25,100,301.00,"30,100.00"
2019-11-17,2019111701005390,GBLBS,45,25,110,302.00,"33,220.00"
2019-11-17,2019111701005218,GLICL,49,49,81,356.00,"28,836.00"
2019-11-17,2019111701005217,GLICL,41,49,19,356.00,"6,764.00"
2019-11-17,2019111701005403,GMFBS,37,33,417,507.00,"211,419.00"
2019-11-17,2019111701005402,GMFBS,59,33,15,508.00,"7,620.00"
2019-11-17,2019111701005163,GMFBS,37,45,10,507.00,"5,070.00"
2019-11-17,2019111701005159,HBL,34,49,100,480.00,"48,000.00"
2019-11-17,2019111701005158,HBL,35,49,22,480.00,"10,560.00"
2019-11-17,2019111701005157,HBL,35,49,22,480.00,"10,560.00"
2019-11-17,2019111701005156,HBL,21,49,200,480.00,"96,000.00"
2019-11-17,2019111701005155,HBL,43,49,100,481.00,"48,100.00"
2019-11-17,2019111701005154,HBL,52,49,150,482.00,"72,300.00"
2019-11-17,2019111701005153,HBL,11,49,20,482.00,"9,640.00"
2019-11-17,2019111701005134,HDL,48,48,198,"1,771.00","350,658.00"
2019-11-17,2019111701005133,HDL,52,48,20,"1,771.00","35,420.00"
2019-11-17,2019111701005132,HDL,28,48,50,"1,772.00","88,600.00"
2019-11-17,2019111701005131,HDL,22,48,100,"1,772.00","177,200.00"
2019-11-17,2019111701005130,HDL,57,48,100,"1,773.00","177,300.00"
2019-11-17,2019111701005129,HDL,28,48,100,"1,773.00","177,300.00"
2019-11-17,2019111701005128,HDL,54,48,10,"1,774.00","17,740.00"
2019-11-17,2019111701005127,HDL,10,48,22,"1,774.00","39,028.00"
2019-11-17,2019111701005126,HDL,19,48,40,"1,774.00","70,960.00"
2019-11-17,2019111701005125,HDL,1,48,60,"1,775.00","106,500.00"
2019-11-17,2019111701005437,HGI,37,16,100,251.00,"25,100.00"
2019-11-17,2019111701005256,HIDCL,6,28,28,130.00,"3,640.00"
2019-11-17,2019111701005232,HPPL,58,48,10,139.00,"1,390.00"
2019-11-17,2019111701005106,HPPL,58,56,10,139.00,"1,390.00"
2019-11-17,2019111701005055,HPPL,58,58,10,141.00,"1,410.00"
2019-11-17,2019111701005358,HURJA,39,22,20,99.00,"1,980.00"
2019-11-17,2019111701005327,ILBS,37,57,50,462.00,"23,100.00"
2019-11-17,2019111701005326,ILBS,58,57,50,462.00,"23,100.00"
2019-11-17,2019111701005325,ILBS,55,57,40,463.00,"18,520.00"
2019-11-17,2019111701005259,ILBS,55,59,10,463.00,"4,630.00"
2019-11-17,2019111701005317,JBBL,29,52,83,159.00,"13,197.00"
2019-11-17,2019111701005005,JBBL,29,46,100,159.00,"15,900.00"
2019-11-17,2019111701005184,JOSHI,17,6,20,53.00,"1,060.00"
2019-11-17,2019111701005145,JOSHI,17,6,20,53.00,"1,060.00"
2019-11-17,2019111701005082,JSLBB,41,47,10,"1,122.00","11,220.00"
2019-11-17,2019111701005081,JSLBB,41,8,20,"1,122.00","22,440.00"
2019-11-17,2019111701005389,KBL,11,22,20,178.00,"3,560.00"
2019-11-17,2019111701005297,KBL,8,38,"1,200",178.00,"213,600.00"
2019-11-17,2019111701005247,KBL,6,57,35,179.00,"6,265.00"
2019-11-17,2019111701005144,KBL,41,52,200,178.00,"35,600.00"
2019-11-17,2019111701005304,KRBL,41,40,12,100.00,"1,200.00"
2019-11-17,2019111701005410,KSBBL,38,37,216,135.00,"29,160.00"
2019-11-17,2019111701005409,KSBBL,42,37,100,136.00,"13,600.00"
2019-11-17,2019111701005408,KSBBL,36,37,90,136.00,"12,240.00"
2019-11-17,2019111701005000,KSBBL,45,45,1,136.00,136.00
2019-11-17,2019111701005151,LBBL,22,35,302,171.00,"51,642.00"
2019-11-17,2019111701005150,LBBL,22,57,400,171.00,"68,400.00"
2019-11-17,2019111701005280,LBL,32,25,"1,300",218.00,"283,400.00"
2019-11-17,2019111701005180,LBL,54,22,50,218.00,"10,900.00"
2019-11-17,2019111701005169,LBL,54,6,100,218.00,"21,800.00"
2019-11-17,2019111701005168,LBL,54,16,16,218.00,"3,488.00"
2019-11-17,2019111701005104,LBL,32,16,300,218.00,"65,400.00"
2019-11-17,2019111701005103,LBL,32,52,200,218.00,"43,600.00"
2019-11-17,2019111701005109,LGIL,49,16,112,315.00,"35,280.00"
2019-11-17,2019111701005174,MBL,6,6,332,224.00,"74,368.00"
2019-11-17,2019111701005173,MBL,6,6,68,224.00,"15,232.00"
2019-11-17,2019111701005381,MEGA,41,8,20,184.00,"3,680.00"
2019-11-17,2019111701005380,MEGA,36,8,52,184.00,"9,568.00"
2019-11-17,2019111701005379,MEGA,28,8,"1,000",184.00,"184,000.00"
2019-11-17,2019111701005100,MEGA,6,42,480,184.00,"88,320.00"
2019-11-17,2019111701005099,MEGA,38,42,24,184.00,"4,416.00"
2019-11-17,2019111701005378,MEGA,6,8,520,184.00,"95,680.00"
2019-11-17,2019111701005356,MERO,34,16,35,421.00,"14,735.00"
2019-11-17,2019111701005339,MERO,34,53,65,421.00,"27,365.00"
2019-11-17,2019111701005062,MERO,48,25,90,429.00,"38,610.00"
2019-11-17,2019111701005061,MERO,48,5,10,429.00,"4,290.00"
2019-11-17,2019111701005004,MERO,17,17,1,422.00,422.00
2019-11-17,2019111701004975,MERO,36,5,40,429.00,"17,160.00"
2019-11-17,2019111701004974,MERO,36,53,33,429.00,"14,157.00"
2019-11-17,2019111701004973,MERO,36,52,33,429.00,"14,157.00"
2019-11-17,2019111701004972,MERO,36,40,14,429.00,"6,006.00"
2019-11-17,2019111701005374,MHNL,49,22,20,80.00,"1,600.00"
2019-11-17,2019111701005234,MNBBL,55,16,26,317.00,"8,242.00"
2019-11-17,2019111701005214,MNBBL,55,16,50,317.00,"15,850.00"
2019-11-17,2019111701005165,NADEP,1,7,10,387.00,"3,870.00"
2019-11-17,2019111701005164,NADEP,45,7,10,387.00,"3,870.00"
2019-11-17,2019111701005118,NADEP,45,7,20,387.00,"7,740.00"
2019-11-17,2019111701005411,NBB,59,42,100,207.00,"20,700.00"
2019-11-17,2019111701005179,NBB,56,58,500,206.00,"103,000.00"
2019-11-17,2019111701005123,NBB,56,16,134,206.00,"27,604.00"
2019-11-17,2019111701005420,NBL,25,48,300,318.00,"95,400.00"
2019-11-17,2019111701005387,NBL,25,48,200,318.00,"63,600.00"
2019-11-17,2019111701005370,NBL,25,7,500,318.00,"159,000.00"
2019-11-17,2019111701005354,NBL,25,6,300,318.00,"95,400.00"
2019-11-17,2019111701005291,NBL,58,42,50,318.00,"15,900.00"
2019-11-17,2019111701005290,NBL,49,42,500,318.00,"159,000.00"
2019-11-17,2019111701005070,NBL,58,40,"1,000",318.00,"318,000.00"
2019-11-17,2019111701005054,NBL,58,19,600,318.00,"190,800.00"
2019-11-17,2019111701004994,NBL,58,48,400,318.00,"127,200.00"
2019-11-17,2019111701004978,NBL,58,34,750,319.00,"239,250.00"
2019-11-17,2019111701004962,NBL,25,34,250,319.00,"79,750.00"
2019-11-17,2019111701005161,NBL,49,36,200,318.00,"63,600.00"
2019-11-17,2019111701005143,NBL,49,5,500,318.00,"159,000.00"
2019-11-17,2019111701005142,NBL,6,5,500,318.00,"159,000.00"
2019-11-17,2019111701005124,NBL,1,43,200,319.00,"63,800.00"
2019-11-17,2019111701005072,NBL,6,40,500,318.00,"159,000.00"
2019-11-17,2019111701005071,NBL,58,40,500,318.00,"159,000.00"
2019-11-17,2019111701005289,NBL,45,42,150,318.00,"47,700.00"
2019-11-17,2019111701005288,NBL,25,42,300,318.00,"95,400.00"
2019-11-17,2019111701005277,NBL,25,5,700,318.00,"222,600.00"
2019-11-17,2019111701005276,NBL,49,5,300,318.00,"95,400.00"
2019-11-17,2019111701005172,NBL,49,40,200,319.00,"63,800.00"
2019-11-17,2019111701005171,NBL,49,43,800,319.00,"255,200.00"
2019-11-17,2019111701005225,NCCB,52,41,200,201.00,"40,200.00"
2019-11-17,2019111701005213,NEF,58,22,"1,293",7.60,"9,826.80"
2019-11-17,2019111701005192,NEF,58,25,966,7.60,"7,341.60"
2019-11-17,2019111701005237,NHDL,56,4,190,96.00,"18,240.00"
2019-11-17,2019111701005236,NHDL,7,4,10,97.00,970.00
2019-11-17,2019111701005270,NIB,44,28,20,423.00,"8,460.00"
2019-11-17,2019111701005242,NIB,44,49,52,423.00,"21,996.00"
2019-11-17,2019111701005241,NIB,44,49,100,423.00,"42,300.00"
2019-11-17,2019111701005240,NIB,44,49,100,423.00,"42,300.00"
2019-11-17,2019111701005239,NIB,34,49,130,423.00,"54,990.00"
2019-11-17,2019111701005238,NIB,32,49,89,423.00,"37,647.00"
2019-11-17,2019111701005093,NIB,39,58,27,423.00,"11,421.00"
2019-11-17,2019111701005092,NIB,50,58,50,423.00,"21,150.00"
2019-11-17,2019111701005091,NIB,35,58,255,423.00,"107,865.00"
2019-11-17,2019111701005090,NIB,43,58,668,423.00,"282,564.00"
2019-11-17,2019111701004988,NIB,44,36,500,424.00,"212,000.00"
2019-11-17,2019111701005224,NIB,32,19,24,423.00,"10,152.00"
2019-11-17,2019111701005223,NIB,32,38,187,423.00,"79,101.00"
2019-11-17,2019111701005222,NIB,22,38,20,423.00,"8,460.00"
2019-11-17,2019111701005221,NIB,11,38,20,423.00,"8,460.00"
2019-11-17,2019111701005220,NIB,11,38,50,423.00,"21,150.00"
2019-11-17,2019111701005219,NIB,39,38,23,423.00,"9,729.00"
2019-11-17,2019111701005329,NIBPO,44,49,211,385.00,"81,235.00"
2019-11-17,2019111701005328,NIBPO,52,49,100,385.00,"38,500.00"
2019-11-17,2019111701005052,NIBPO,39,19,10,384.00,"3,840.00"
2019-11-17,2019111701005051,NIBPO,17,19,260,384.00,"99,840.00"
2019-11-17,2019111701005050,NIBPO,57,19,500,385.00,"192,500.00"
2019-11-17,2019111701005049,NIBPO,45,19,30,388.00,"11,640.00"
2019-11-17,2019111701005292,NICA,22,59,900,416.00,"374,400.00"
2019-11-17,2019111701005262,NICA,22,17,45,416.00,"18,720.00"
2019-11-17,2019111701005261,NICA,50,17,55,416.00,"22,880.00"
2019-11-17,2019111701005260,NICA,50,40,19,416.00,"7,904.00"
2019-11-17,2019111701005119,NICA,48,59,100,417.00,"41,700.00"
2019-11-17,2019111701005037,NICA,22,35,50,417.00,"20,850.00"
2019-11-17,2019111701005017,NICA,28,14,54,416.00,"22,464.00"
2019-11-17,2019111701005016,NICA,28,39,230,416.00,"95,680.00"
2019-11-17,2019111701005013,NICA,5,49,50,417.00,"20,850.00"
2019-11-17,2019111701005010,NICA,28,51,27,416.00,"11,232.00"
2019-11-17,2019111701004969,NICA,28,6,44,416.00,"18,304.00"
2019-11-17,2019111701005036,NICA,22,50,501,417.00,"208,917.00"
2019-11-17,2019111701005035,NICA,22,21,113,417.00,"47,121.00"
2019-11-17,2019111701005034,NICA,22,49,50,417.00,"20,850.00"
2019-11-17,2019111701005033,NICA,22,49,"1,600",417.00,"667,200.00"
2019-11-17,2019111701005019,NICA,50,14,76,416.00,"31,616.00"
2019-11-17,2019111701005018,NICA,34,14,100,416.00,"41,600.00"
2019-11-17,2019111701005032,NICL,44,41,"1,759",249.00,"437,991.00"
2019-11-17,2019111701005031,NICL,34,41,50,250.00,"12,500.00"
2019-11-17,2019111701005030,NICL,57,41,200,250.00,"50,000.00"
2019-11-17,2019111701005029,NICL,52,41,500,250.00,"125,000.00"
2019-11-17,2019111701005028,NICL,14,41,200,251.00,"50,200.00"
2019-11-17,2019111701005027,NICL,51,41,10,254.00,"2,540.00"
2019-11-17,2019111701005299,NIL,49,43,191,374.00,"71,434.00"
2019-11-17,2019111701005064,NIL,49,19,800,374.00,"299,200.00"
2019-11-17,2019111701005423,NLIC,56,55,36,790.00,"28,440.00"
2019-11-17,2019111701005210,NLIC,48,48,4,776.00,"3,104.00"
2019-11-17,2019111701005193,NLIC,48,48,4,776.00,"3,104.00"
2019-11-17,2019111701005148,NLIC,38,38,272,791.00,"215,152.00"
2019-11-17,2019111701005138,NLIC,40,56,22,789.00,"17,358.00"
2019-11-17,2019111701004977,NLIC,56,49,30,791.00,"23,730.00"
2019-11-17,2019111701004976,NLIC,56,3,34,791.00,"26,894.00"
2019-11-17,2019111701005422,NMB,34,39,135,384.00,"51,840.00"
2019-11-17,2019111701005421,NMB,55,39,65,384.00,"24,960.00"
2019-11-17,2019111701005383,NMB,55,49,35,384.00,"13,440.00"
2019-11-17,2019111701005382,NMB,45,49,165,384.00,"63,360.00"
2019-11-17,2019111701005343,NMB,6,51,15,385.00,"5,775.00"
2019-11-17,2019111701005319,NMB,38,51,49,385.00,"18,865.00"
2019-11-17,2019111701004987,NMB,45,45,3,384.00,"1,152.00"
2019-11-17,2019111701004983,NMB,45,45,3,384.00,"1,152.00"
2019-11-17,2019111701004982,NMB,45,45,3,384.00,"1,152.00"
2019-11-17,2019111701004979,NMB,45,45,3,384.00,"1,152.00"
2019-11-17,2019111701004948,NMB,40,25,31,384.00,"11,904.00"
2019-11-17,2019111701005026,NMB,7,40,113,384.00,"43,392.00"
2019-11-17,2019111701005025,NMB,49,40,"1,000",384.00,"384,000.00"
2019-11-17,2019111701005024,NMB,40,40,427,384.00,"163,968.00"
2019-11-17,2019111701005014,NMB,52,51,10,385.00,"3,850.00"
2019-11-17,2019111701005012,NMB,45,51,51,385.00,"19,635.00"
2019-11-17,2019111701005011,NMB,45,33,24,385.00,"9,240.00"
2019-11-17,2019111701005187,NMB,54,51,292,385.00,"112,420.00"
2019-11-17,2019111701005147,NMB,45,19,35,384.00,"13,440.00"
2019-11-17,2019111701005146,NMB,7,19,465,384.00,"178,560.00"
2019-11-17,2019111701005089,NMB,7,5,22,384.00,"8,448.00"
2019-11-17,2019111701005039,NMB,7,19,413,384.00,"158,592.00"
2019-11-17,2019111701005038,NMB,7,19,87,384.00,"33,408.00"
2019-11-17,2019111701005098,NNLB,1,3,25,456.00,"11,400.00"
2019-11-17,2019111701004961,NSEWA,32,50,10,387.00,"3,870.00"
2019-11-17,2019111701005438,NUBL,44,19,50,891.00,"44,550.00"
2019-11-17,2019111701005372,NUBL,38,6,200,894.00,"178,800.00"
2019-11-17,2019111701005371,NUBL,32,6,35,895.00,"31,325.00"
2019-11-17,2019111701005308,NUBL,32,32,65,895.00,"58,175.00"
2019-11-17,2019111701005307,NUBL,41,32,20,895.00,"17,900.00"
2019-11-17,2019111701005286,OHL,18,28,20,413.00,"8,260.00"
2019-11-17,2019111701005246,OHL,6,44,500,415.00,"207,500.00"
2019-11-17,2019111701005376,PCBL,48,58,100,269.00,"26,900.00"
2019-11-17,2019111701005375,PCBL,54,58,17,269.00,"4,573.00"
2019-11-17,2019111701005244,PCBL,54,58,350,269.00,"94,150.00"
2019-11-17,2019111701005175,PCBL,55,58,100,269.00,"26,900.00"
2019-11-17,2019111701004995,PCBL,54,58,50,269.00,"13,450.00"
2019-11-17,2019111701004947,PCBL,32,58,"3,700",268.00,"991,600.00"
2019-11-17,2019111701004940,PCBL,53,58,120,268.00,"32,160.00"
2019-11-17,2019111701004946,PCBL,53,58,500,268.00,"134,000.00"
2019-11-17,2019111701004945,PCBL,14,58,200,268.00,"53,600.00"
2019-11-17,2019111701004944,PCBL,14,58,500,268.00,"134,000.00"
2019-11-17,2019111701004943,PCBL,59,58,"2,000",268.00,"536,000.00"
2019-11-17,2019111701004942,PCBL,8,58,"2,000",268.00,"536,000.00"
2019-11-17,2019111701004941,PCBL,35,58,50,268.00,"13,400.00"
2019-11-17,2019111701005006,PIC,6,57,23,357.00,"8,211.00"
2019-11-17,2019111701004950,PIC,54,26,380,352.00,"133,760.00"
2019-11-17,2019111701004949,PIC,7,26,19,352.00,"6,688.00"
2019-11-17,2019111701005046,PLIC,32,4,800,310.00,"248,000.00"
2019-11-17,2019111701005152,PRIN,49,32,540,310.00,"167,400.00"
2019-11-17,2019111701005069,PRIN,49,47,140,310.00,"43,400.00"
2019-11-17,2019111701005428,PRVU,4,51,"2,935",228.00,"669,180.00"
2019-11-17,2019111701005427,PRVU,4,16,65,228.00,"14,820.00"
2019-11-17,2019111701005342,PRVU,4,22,30,227.00,"6,810.00"
2019-11-17,2019111701005269,PRVU,4,43,524,227.00,"118,948.00"
2019-11-17,2019111701005268,PRVU,57,43,100,227.00,"22,700.00"
2019-11-17,2019111701005215,PRVU,54,51,235,228.00,"53,580.00"
2019-11-17,2019111701005191,PRVU,36,32,500,227.00,"113,500.00"
2019-11-17,2019111701005097,PRVU,4,50,500,228.00,"114,000.00"
2019-11-17,2019111701005096,PRVU,4,35,300,228.00,"68,400.00"
2019-11-17,2019111701005023,PRVU,36,51,100,227.00,"22,700.00"
2019-11-17,2019111701005267,PRVU,33,43,500,227.00,"113,500.00"
2019-11-17,2019111701005266,PRVU,26,43,150,227.00,"34,050.00"
2019-11-17,2019111701005265,PRVU,36,43,226,227.00,"51,302.00"
2019-11-17,2019111701005249,PRVU,4,16,35,228.00,"7,980.00"
2019-11-17,2019111701005248,PRVU,4,51,"1,765",228.00,"402,420.00"
2019-11-17,2019111701005068,RBCL,41,59,20,"8,250.00","165,000.00"
2019-11-17,2019111701005067,RBCL,11,59,70,"8,250.00","577,500.00"
2019-11-17,2019111701005430,RHPL,28,26,30,167.00,"5,010.00"
2019-11-17,2019111701005412,RHPL,28,22,40,167.00,"6,680.00"
2019-11-17,2019111701005406,RHPL,28,26,40,167.00,"6,680.00"
2019-11-17,2019111701005344,RHPL,28,29,10,167.00,"1,670.00"
2019-11-17,2019111701005321,RHPL,28,17,30,167.00,"5,010.00"
2019-11-17,2019111701005320,RHPL,28,58,30,167.00,"5,010.00"
2019-11-17,2019111701005048,RHPL,33,38,50,166.00,"8,300.00"
2019-11-17,2019111701005042,RHPL,33,38,40,166.00,"6,640.00"
2019-11-17,2019111701005022,RHPL,33,38,40,166.00,"6,640.00"
2019-11-17,2019111701004999,RHPL,33,38,40,166.00,"6,640.00"
2019-11-17,2019111701004989,RHPL,33,38,40,166.00,"6,640.00"
2019-11-17,2019111701004963,RHPL,33,38,40,166.00,"6,640.00"
2019-11-17,2019111701005226,RHPL,11,14,20,167.00,"3,340.00"
2019-11-17,2019111701005189,RHPL,33,38,40,166.00,"6,640.00"
2019-11-17,2019111701005181,RHPL,33,38,40,166.00,"6,640.00"
2019-11-17,2019111701005107,RHPL,33,5,50,166.00,"8,300.00"
2019-11-17,2019111701005058,RHPL,33,47,40,166.00,"6,640.00"
2019-11-17,2019111701005053,RHPL,33,50,20,166.00,"3,320.00"
2019-11-17,2019111701005309,RHPL,28,58,50,167.00,"8,350.00"
2019-11-17,2019111701005293,RHPL,28,17,30,167.00,"5,010.00"
2019-11-17,2019111701005285,RHPL,28,17,30,167.00,"5,010.00"
2019-11-17,2019111701005284,RHPL,28,14,110,167.00,"18,370.00"
2019-11-17,2019111701005279,RHPL,11,14,170,167.00,"28,390.00"
2019-11-17,2019111701005278,RHPL,11,19,30,167.00,"5,010.00"
2019-11-17,2019111701004966,RMDC,44,56,67,596.00,"39,932.00"
2019-11-17,2019111701004965,RMDC,11,56,20,597.00,"11,940.00"
2019-11-17,2019111701004964,RMDC,52,56,40,597.00,"23,880.00"
2019-11-17,2019111701005094,RSDC,34,56,39,296.00,"11,544.00"
2019-11-17,2019111701005351,SABSL,28,42,10,560.00,"5,600.00"
2019-11-17,2019111701005335,SABSL,39,29,10,561.00,"5,610.00"
2019-11-17,2019111701005310,SABSL,59,29,10,559.00,"5,590.00"
2019-11-17,2019111701005298,SABSL,1,29,10,558.00,"5,580.00"
2019-11-17,2019111701005257,SABSL,1,25,10,558.00,"5,580.00"
2019-11-17,2019111701005194,SABSL,1,38,10,558.00,"5,580.00"
2019-11-17,2019111701005044,SABSL,17,17,10,561.00,"5,610.00"
2019-11-17,2019111701005043,SABSL,41,32,10,560.00,"5,600.00"
2019-11-17,2019111701005009,SABSL,32,44,10,560.00,"5,600.00"
2019-11-17,2019111701005003,SABSL,32,44,10,560.00,"5,600.00"
2019-11-17,2019111701004997,SABSL,50,44,10,561.00,"5,610.00"
2019-11-17,2019111701005141,SABSL,19,19,10,561.00,"5,610.00"
2019-11-17,2019111701005140,SABSL,19,7,40,561.00,"22,440.00"
2019-11-17,2019111701005116,SABSL,41,5,30,560.00,"16,800.00"
2019-11-17,2019111701005095,SABSL,3,51,10,562.00,"5,620.00"
2019-11-17,2019111701005074,SABSL,41,47,10,560.00,"5,600.00"
2019-11-17,2019111701005057,SABSL,41,32,10,560.00,"5,600.00"
2019-11-17,2019111701005137,SADBL,59,59,"4,325",137.00,"592,525.00"
2019-11-17,2019111701005114,SADBL,28,55,108,135.00,"14,580.00"
2019-11-17,2019111701005113,SADBL,56,55,700,135.00,"94,500.00"
2019-11-17,2019111701005112,SADBL,11,55,70,135.00,"9,450.00"
2019-11-17,2019111701005111,SADBL,17,55,130,136.00,"17,680.00"
2019-11-17,2019111701005075,SANIMA,22,55,407,306.00,"124,542.00"
2019-11-17,2019111701005243,SAPDBL,44,16,100,118.00,"11,800.00"
2019-11-17,2019111701005405,SBI,17,1,19,391.00,"7,429.00"
2019-11-17,2019111701005404,SBI,52,1,81,391.00,"31,671.00"
2019-11-17,2019111701005369,SBL,39,6,25,287.00,"7,175.00"
2019-11-17,2019111701005368,SBL,39,17,75,287.00,"21,525.00"
2019-11-17,2019111701005245,SBL,22,17,25,287.00,"7,175.00"
2019-11-17,2019111701005136,SBL,22,22,10,287.00,"2,870.00"
2019-11-17,2019111701005135,SBL,22,43,165,287.00,"47,355.00"
2019-11-17,2019111701005324,SCB,42,29,20,550.00,"11,000.00"
2019-11-17,2019111701004985,SCB,39,37,170,550.00,"93,500.00"
2019-11-17,2019111701005160,SCB,38,38,293,551.00,"161,443.00"
2019-11-17,2019111701005073,SCB,42,25,623,550.00,"342,650.00"
2019-11-17,2019111701004986,SCB,39,25,130,550.00,"71,500.00"
2019-11-17,2019111701005066,SHIVM,46,48,115,433.00,"49,795.00"
2019-11-17,2019111701004998,SHIVM,19,48,50,433.00,"21,650.00"
2019-11-17,2019111701005235,SHPC,11,53,10,187.00,"1,870.00"
2019-11-17,2019111701005047,SHPC,55,55,70,185.00,"12,950.00"
2019-11-17,2019111701005102,SIC,22,42,14,450.00,"6,300.00"
2019-11-17,2019111701005101,SIC,22,42,36,450.00,"16,200.00"
2019-11-17,2019111701005439,SJCL,5,26,20,160.00,"3,200.00"
2019-11-17,2019111701005416,SJCL,5,22,20,160.00,"3,200.00"
2019-11-17,2019111701005414,SJCL,5,26,30,160.00,"4,800.00"
2019-11-17,2019111701005045,SJCL,5,38,20,160.00,"3,200.00"
2019-11-17,2019111701005041,SJCL,5,38,10,160.00,"1,600.00"
2019-11-17,2019111701005002,SJCL,5,38,20,160.00,"3,200.00"
2019-11-17,2019111701004991,SJCL,5,38,20,160.00,"3,200.00"
2019-11-17,2019111701004967,SJCL,5,38,20,160.00,"3,200.00"
2019-11-17,2019111701005079,SJCL,52,35,"1,000",160.00,"160,000.00"
2019-11-17,2019111701005078,SJCL,57,35,461,160.00,"73,760.00"
2019-11-17,2019111701005077,SJCL,1,35,20,160.00,"3,200.00"
2019-11-17,2019111701005076,SJCL,5,35,250,160.00,"40,000.00"
2019-11-17,2019111701005065,SJCL,5,47,20,160.00,"3,200.00"
2019-11-17,2019111701005056,SJCL,5,38,20,160.00,"3,200.00"
2019-11-17,2019111701005183,SJCL,5,38,20,160.00,"3,200.00"
2019-11-17,2019111701005149,SJCL,39,17,10,160.00,"1,600.00"
2019-11-17,2019111701005120,SJCL,39,50,20,160.00,"3,200.00"
2019-11-17,2019111701005080,SJCL,39,35,369,160.00,"59,040.00"
2019-11-17,2019111701005357,SJCL,5,58,20,160.00,"3,200.00"
2019-11-17,2019111701005334,SJCL,5,58,20,160.00,"3,200.00"
2019-11-17,2019111701005302,SJCL,5,5,20,160.00,"3,200.00"
2019-11-17,2019111701005283,SJCL,5,59,20,160.00,"3,200.00"
2019-11-17,2019111701005209,SJCL,11,38,20,161.00,"3,220.00"
2019-11-17,2019111701005318,SKBBL,19,50,10,934.00,"9,340.00"
2019-11-17,2019111701005353,SLBBL,37,58,45,597.00,"26,865.00"
2019-11-17,2019111701005336,SLBBL,50,58,100,598.00,"59,800.00"
2019-11-17,2019111701005271,SLBBL,42,58,15,601.00,"9,015.00"
2019-11-17,2019111701005255,SLBBL,50,57,147,605.00,"88,935.00"
2019-11-17,2019111701005251,SLBBL,48,57,39,605.00,"23,595.00"
2019-11-17,2019111701005216,SLBBL,48,39,50,604.00,"30,200.00"
2019-11-17,2019111701005231,SLICL,29,36,836,260.00,"217,360.00"
2019-11-17,2019111701005230,SLICL,29,59,100,259.00,"25,900.00"
2019-11-17,2019111701005229,SLICL,29,16,123,259.00,"31,857.00"
2019-11-17,2019111701005228,SLICL,29,25,66,258.00,"17,028.00"
2019-11-17,2019111701005227,SLICL,29,42,100,256.00,"25,600.00"
2019-11-17,2019111701005115,SLICL,22,25,100,258.00,"25,800.00"
2019-11-17,2019111701005425,SMB,44,40,80,421.00,"33,680.00"
2019-11-17,2019111701005105,SMFBS,40,57,20,788.00,"15,760.00"
2019-11-17,2019111701005294,SMFDB,16,45,74,499.00,"36,926.00"
2019-11-17,2019111701005287,SMFDB,29,45,124,500.00,"62,000.00"
2019-11-17,2019111701005274,SMFDB,29,45,76,500.00,"38,000.00"
2019-11-17,2019111701005273,SMFDB,32,45,25,500.00,"12,500.00"
2019-11-17,2019111701005272,SMFDB,26,45,33,500.00,"16,500.00"
2019-11-17,2019111701005282,SPARS,52,40,10,519.00,"5,190.00"
2019-11-17,2019111701005254,SPARS,52,38,10,519.00,"5,190.00"
2019-11-17,2019111701004971,SPARS,17,17,10,520.00,"5,200.00"
2019-11-17,2019111701005429,SRBL,6,22,20,210.00,"4,200.00"
2019-11-17,2019111701005373,SRBL,6,19,30,210.00,"6,300.00"
2019-11-17,2019111701005431,SWBBL,38,4,23,933.00,"21,459.00"
2019-11-17,2019111701005426,SWBBL,38,4,18,933.00,"16,794.00"
2019-11-17,2019111701005417,SWBBL,38,4,20,933.00,"18,660.00"
2019-11-17,2019111701005415,SWBBL,38,4,23,933.00,"21,459.00"
2019-11-17,2019111701005349,SWBBL,38,26,198,934.00,"184,932.00"
2019-11-17,2019111701005348,SWBBL,38,7,100,932.00,"93,200.00"
2019-11-17,2019111701005338,SWBBL,38,26,40,934.00,"37,360.00"
2019-11-17,2019111701005281,SWBBL,38,4,50,935.00,"46,750.00"
2019-11-17,2019111701005264,SWBBL,38,4,250,935.00,"233,750.00"
2019-11-17,2019111701005263,SWBBL,38,53,200,934.00,"186,800.00"
2019-11-17,2019111701005250,SWBBL,38,26,500,933.00,"466,500.00"
2019-11-17,2019111701005233,SWBBL,38,52,31,932.00,"28,892.00"
2019-11-17,2019111701005366,TMDBL,21,37,120,144.00,"17,280.00"
2019-11-17,2019111701005365,TMDBL,59,37,150,144.00,"21,600.00"
2019-11-17,2019111701005364,TMDBL,57,37,20,144.00,"2,880.00"
2019-11-17,2019111701005363,TMDBL,25,37,200,145.00,"29,000.00"
2019-11-17,2019111701005362,TMDBL,40,37,500,145.00,"72,500.00"
2019-11-17,2019111701005361,TMDBL,32,37,200,145.00,"29,000.00"
2019-11-17,2019111701005360,TMDBL,21,37,97,145.00,"14,065.00"
2019-11-17,2019111701005359,TMDBL,57,37,961,146.00,"140,306.00"
2019-11-17,2019111701005182,TRH,17,53,10,261.00,"2,610.00"
2019-11-17,2019111701005108,UFL,45,33,30,176.00,"5,280.00"
2019-11-17,2019111701005063,UFL,40,33,100,176.00,"17,600.00"
2019-11-17,2019111701004981,UFL,45,33,300,176.00,"52,800.00"
2019-11-17,2019111701005190,UNL,17,55,10,"19,796.00","197,960.00"
2019-11-17,2019111701005340,UPCL,58,5,50,73.00,"3,650.00"
2019-11-17,2019111701005170,UPCL,38,22,50,72.00,"3,600.00"
2019-11-17,2019111701005424,UPPER,51,51,72,227.00,"16,344.00"
2019-11-17,2019111701005386,UPPER,19,50,50,227.00,"11,350.00"
2019-11-17,2019111701005385,UPPER,52,50,200,227.00,"45,400.00"
2019-11-17,2019111701005384,UPPER,52,50,50,227.00,"11,350.00"
2019-11-17,2019111701005015,UPPER,48,38,40,226.00,"9,040.00"
2019-11-17,2019111701004921,ADBL,6,40,14,416.00,"5,824.00"
2019-11-17,2019111701004920,ADBL,6,40,504,416.00,"209,664.00"
2019-11-17,2019111701004919,ADBL,6,41,100,416.00,"41,600.00"
2019-11-17,2019111701004756,ADBL,58,58,339,416.00,"141,024.00"
2019-11-17,2019111701004909,AHPC,55,33,288,94.00,"27,072.00"
2019-11-17,2019111701004908,AHPC,45,33,88,94.00,"8,272.00"
2019-11-17,2019111701004866,AKBSL,48,45,20,431.00,"8,620.00"
2019-11-17,2019111701004774,AKBSL,3,29,10,432.00,"4,320.00"
2019-11-17,2019111701004770,AKBSL,48,38,10,431.00,"4,310.00"
2019-11-17,2019111701004650,AKBSL,48,38,10,431.00,"4,310.00"
2019-11-17,2019111701004775,AKJCL,51,22,10,56.00,560.00
2019-11-17,2019111701004512,AKPL,25,26,104,125.00,"13,000.00"
2019-11-17,2019111701004769,ALBSL,46,5,10,404.00,"4,040.00"
2019-11-17,2019111701004506,ALICL,8,26,79,316.00,"24,964.00"
2019-11-17,2019111701004505,ALICL,29,26,29,316.00,"9,164.00"
2019-11-17,2019111701004785,API,46,16,20,104.00,"2,080.00"
2019-11-17,2019111701004722,API,44,16,400,104.00,"41,600.00"
2019-11-17,2019111701004721,API,25,16,50,104.00,"5,200.00"
2019-11-17,2019111701004897,BOKL,6,16,386,220.00,"84,920.00"
2019-11-17,2019111701004580,BOKL,38,16,114,220.00,"25,080.00"
2019-11-17,2019111701004579,BOKL,38,58,146,220.00,"32,120.00"
2019-11-17,2019111701004578,BOKL,38,22,20,220.00,"4,400.00"
2019-11-17,2019111701004577,BOKL,38,52,220,220.00,"48,400.00"
2019-11-17,2019111701004468,BPCL,49,50,319,350.00,"111,650.00"
2019-11-17,2019111701004605,CBL,29,58,610,138.00,"84,180.00"
2019-11-17,2019111701004902,CCBL,45,33,925,161.00,"148,925.00"
2019-11-17,2019111701004882,CCBL,45,21,30,161.00,"4,830.00"
2019-11-17,2019111701004851,CCBL,59,21,200,162.00,"32,400.00"
2019-11-17,2019111701004850,CCBL,59,34,800,162.00,"129,600.00"
2019-11-17,2019111701004768,CCBL,45,52,11,161.00,"1,771.00"
2019-11-17,2019111701004751,CCBL,59,34,"1,000",162.00,"162,000.00"
2019-11-17,2019111701004594,CCBL,55,32,200,162.00,"32,400.00"
2019-11-17,2019111701004557,CCBL,32,32,100,162.00,"16,200.00"
2019-11-17,2019111701004556,CCBL,51,32,170,162.00,"27,540.00"
2019-11-17,2019111701004555,CCBL,28,32,505,162.00,"81,810.00"
2019-11-17,2019111701004552,CCBL,17,7,10,163.00,"1,630.00"
2019-11-17,2019111701004543,CCBL,28,45,200,162.00,"32,400.00"
2019-11-17,2019111701004724,CCBL,45,25,19,161.00,"3,059.00"
2019-11-17,2019111701004705,CCBL,51,34,200,162.00,"32,400.00"
2019-11-17,2019111701004614,CCBL,44,32,290,162.00,"46,980.00"
2019-11-17,2019111701004595,CCBL,58,32,500,162.00,"81,000.00"
2019-11-17,2019111701004763,CHCL,42,26,30,359.00,"10,770.00"
2019-11-17,2019111701004652,CHCL,56,17,324,355.00,"115,020.00"
2019-11-17,2019111701004651,CHCL,49,17,100,355.00,"35,500.00"
2019-11-17,2019111701004643,CHCL,49,57,400,355.00,"142,000.00"
2019-11-17,2019111701004618,CHCL,57,17,20,356.00,"7,120.00"
2019-11-17,2019111701004617,CHCL,8,17,321,356.00,"114,276.00"
2019-11-17,2019111701004616,CHCL,22,17,100,357.00,"35,700.00"
2019-11-17,2019111701004615,CHCL,52,17,100,357.00,"35,700.00"
2019-11-17,2019111701004848,CZBIL,34,56,608,185.00,"112,480.00"
2019-11-17,2019111701004847,CZBIL,32,56,100,185.00,"18,500.00"
2019-11-17,2019111701004846,CZBIL,41,56,100,185.00,"18,500.00"
2019-11-17,2019111701004845,CZBIL,43,56,200,185.00,"37,000.00"
2019-11-17,2019111701004844,CZBIL,4,56,200,185.00,"37,000.00"
2019-11-17,2019111701004843,CZBIL,7,56,66,185.00,"12,210.00"
2019-11-17,2019111701004732,CZBIL,40,38,500,186.00,"93,000.00"
2019-11-17,2019111701004731,CZBIL,42,38,200,186.00,"37,200.00"
2019-11-17,2019111701004730,CZBIL,26,38,50,186.00,"9,300.00"
2019-11-17,2019111701004925,EBL,40,37,927,553.00,"512,631.00"
2019-11-17,2019111701004924,EBL,22,37,30,553.00,"16,590.00"
2019-11-17,2019111701004838,EBL,5,37,243,554.00,"134,622.00"
2019-11-17,2019111701004762,EIC,34,16,500,214.00,"107,000.00"
2019-11-17,2019111701004761,EIC,58,16,100,214.00,"21,400.00"
2019-11-17,2019111701004760,EIC,32,16,210,214.00,"44,940.00"
2019-11-17,2019111701004759,EIC,57,16,20,215.00,"4,300.00"
2019-11-17,2019111701004758,EIC,21,16,50,215.00,"10,750.00"
2019-11-17,2019111701004495,FMDBL,44,26,881,305.00,"268,705.00"
2019-11-17,2019111701004680,GBBL,41,56,"1,050",224.00,"235,200.00"
2019-11-17,2019111701004779,GBLBS,36,14,890,302.00,"268,780.00"
2019-11-17,2019111701004778,GBLBS,40,14,300,302.00,"90,600.00"
2019-11-17,2019111701004777,GBLBS,17,14,50,302.00,"15,100.00"
2019-11-17,2019111701004776,GBLBS,37,14,60,302.00,"18,120.00"
2019-11-17,2019111701004584,GBLBS,37,6,15,302.00,"4,530.00"
2019-11-17,2019111701004583,GBLBS,45,6,50,302.00,"15,100.00"
2019-11-17,2019111701004475,GBLBS,42,26,500,303.00,"151,500.00"
2019-11-17,2019111701004474,GBLBS,42,26,100,303.00,"30,300.00"
2019-11-17,2019111701004473,GBLBS,36,26,"1,704",303.00,"516,312.00"
2019-11-17,2019111701004458,GBLBS,36,42,15,303.00,"4,545.00"
2019-11-17,2019111701004915,GMFBS,38,38,10,508.00,"5,080.00"
2019-11-17,2019111701004810,GMFBS,37,38,222,507.00,"112,554.00"
2019-11-17,2019111701004809,GMFBS,46,38,80,507.00,"40,560.00"
2019-11-17,2019111701004619,HBL,45,1,15,485.00,"7,275.00"
2019-11-17,2019111701004590,HBL,45,47,80,485.00,"38,800.00"
2019-11-17,2019111701004698,HDL,41,49,50,"1,775.00","88,750.00"
2019-11-17,2019111701004515,HDL,41,28,50,"1,782.00","89,100.00"
2019-11-17,2019111701004514,HDL,41,26,40,"1,780.00","71,200.00"
2019-11-17,2019111701004511,HDL,19,4,10,"1,774.00","17,740.00"
2019-11-17,2019111701004510,HDL,38,4,50,"1,775.00","88,750.00"
2019-11-17,2019111701004509,HDL,6,4,20,"1,776.00","35,520.00"
2019-11-17,2019111701004503,HDL,34,26,10,"1,780.00","17,800.00"
2019-11-17,2019111701004805,HGI,41,48,100,253.00,"25,300.00"
2019-11-17,2019111701004639,HIDCL,6,38,339,130.00,"44,070.00"
2019-11-17,2019111701004638,HIDCL,14,38,143,130.00,"18,590.00"
2019-11-17,2019111701004637,HIDCL,45,38,200,130.00,"26,000.00"
2019-11-17,2019111701004636,HIDCL,14,38,300,130.00,"39,000.00"
2019-11-17,2019111701004635,HIDCL,40,38,200,130.00,"26,000.00"
2019-11-17,2019111701004634,HIDCL,10,38,200,130.00,"26,000.00"
2019-11-17,2019111701004633,HIDCL,49,38,100,130.00,"13,000.00"
2019-11-17,2019111701004632,HIDCL,59,38,18,130.00,"2,340.00"
2019-11-17,2019111701004463,HIDCL,59,16,61,130.00,"7,930.00"
2019-11-17,2019111701004910,IGI,32,6,139,285.00,"39,615.00"
2019-11-17,2019111701004627,ILBS,58,47,10,462.00,"4,620.00"
2019-11-17,2019111701004608,ILBS,58,18,130,466.00,"60,580.00"
2019-11-17,2019111701004607,ILBS,58,51,100,466.00,"46,600.00"
2019-11-17,2019111701004606,ILBS,58,6,10,465.00,"4,650.00"
2019-11-17,2019111701004523,ILBS,22,38,10,461.00,"4,610.00"
2019-11-17,2019111701004498,ILBS,58,7,100,462.00,"46,200.00"
2019-11-17,2019111701004497,ILBS,41,7,20,462.00,"9,240.00"
2019-11-17,2019111701004739,JBBL,29,25,17,159.00,"2,703.00"
2019-11-17,2019111701004462,JBBL,35,52,90,159.00,"14,310.00"
2019-11-17,2019111701004720,JSLBB,51,47,10,"1,100.00","11,000.00"
2019-11-17,2019111701004719,JSLBB,51,58,10,"1,095.00","10,950.00"
2019-11-17,2019111701004898,KBL,50,48,375,178.00,"66,750.00"
2019-11-17,2019111701004799,KBL,49,48,200,178.00,"35,600.00"
2019-11-17,2019111701004798,KBL,56,48,"1,000",178.00,"178,000.00"
2019-11-17,2019111701004797,KBL,32,48,900,178.00,"160,200.00"
2019-11-17,2019111701004796,KBL,16,48,"1,000",178.00,"178,000.00"
2019-11-17,2019111701004795,KBL,57,48,200,178.00,"35,600.00"
2019-11-17,2019111701004561,KBL,16,47,100,179.00,"17,900.00"
2019-11-17,2019111701004794,KBL,37,48,100,178.00,"17,800.00"
2019-11-17,2019111701004793,KBL,6,48,"1,000",178.00,"178,000.00"
2019-11-17,2019111701004792,KBL,54,48,29,178.00,"5,162.00"
2019-11-17,2019111701004675,KBL,52,57,10,179.00,"1,790.00"
2019-11-17,2019111701004674,KBL,16,57,824,179.00,"147,496.00"
2019-11-17,2019111701004562,KBL,16,18,50,179.00,"8,950.00"
2019-11-17,2019111701004855,LBBL,42,33,96,170.00,"16,320.00"
2019-11-17,2019111701004471,LBBL,42,16,83,170.00,"14,110.00"
2019-11-17,2019111701004789,LBL,54,16,500,218.00,"109,000.00"
2019-11-17,2019111701004788,LBL,41,16,212,218.00,"46,216.00"
2019-11-17,2019111701004783,LBL,41,16,288,218.00,"62,784.00"
2019-11-17,2019111701004782,LBL,26,16,50,218.00,"10,900.00"
2019-11-17,2019111701004781,LBL,14,16,50,218.00,"10,900.00"
2019-11-17,2019111701004780,LBL,45,16,"1,612",218.00,"351,416.00"
2019-11-17,2019111701004646,LBL,45,41,388,218.00,"84,584.00"
2019-11-17,2019111701004645,LBL,45,41,"1,000",218.00,"218,000.00"
2019-11-17,2019111701004644,LBL,56,41,74,218.00,"16,132.00"
2019-11-17,2019111701004697,LEMF,29,39,500,7.15,"3,575.00"
2019-11-17,2019111701004803,MBL,6,39,122,224.00,"27,328.00"
2019-11-17,2019111701004802,MBL,6,39,41,224.00,"9,184.00"
2019-11-17,2019111701004801,MBL,33,39,68,224.00,"15,232.00"
2019-11-17,2019111701004690,MBL,33,5,132,224.00,"29,568.00"
2019-11-17,2019111701004881,MEGA,38,46,26,184.00,"4,784.00"
2019-11-17,2019111701004880,MEGA,22,46,20,184.00,"3,680.00"
2019-11-17,2019111701004879,MEGA,43,46,500,184.00,"92,000.00"
2019-11-17,2019111701004521,MEGA,28,8,500,185.00,"92,500.00"
2019-11-17,2019111701004597,MEGA,35,45,20,185.00,"3,700.00"
2019-11-17,2019111701004536,MEGA,57,45,18,185.00,"3,330.00"
2019-11-17,2019111701004535,MEGA,57,8,82,185.00,"15,170.00"
2019-11-17,2019111701004878,MEGA,16,46,78,184.00,"14,352.00"
2019-11-17,2019111701004877,MEGA,14,46,287,184.00,"52,808.00"
2019-11-17,2019111701004864,MEGA,16,56,22,184.00,"4,048.00"
2019-11-17,2019111701004863,MEGA,17,56,300,184.00,"55,200.00"
2019-11-17,2019111701004862,MEGA,21,56,50,184.00,"9,200.00"
2019-11-17,2019111701004861,MEGA,6,56,324,184.00,"59,616.00"
2019-11-17,2019111701004755,MFIL,49,38,"2,000",125.00,"250,000.00"
2019-11-17,2019111701004754,MFIL,49,38,79,125.00,"9,875.00"
2019-11-17,2019111701004496,MFIL,49,58,"1,900",125.00,"237,500.00"
2019-11-17,2019111701004490,MHNL,49,16,30,80.00,"2,400.00"
2019-11-17,2019111701004928,MLBL,38,56,117,179.00,"20,943.00"
2019-11-17,2019111701004927,MLBL,59,56,242,179.00,"43,318.00"
2019-11-17,2019111701004689,MLBL,49,33,640,180.00,"115,200.00"
2019-11-17,2019111701004667,MLBL,59,33,"1,696",180.00,"305,280.00"
2019-11-17,2019111701004666,MLBL,59,48,304,180.00,"54,720.00"
2019-11-17,2019111701004842,MNBBL,29,16,300,317.00,"95,100.00"
2019-11-17,2019111701004841,MNBBL,53,16,500,317.00,"158,500.00"
2019-11-17,2019111701004840,MNBBL,34,16,37,317.00,"11,729.00"
2019-11-17,2019111701004839,MNBBL,14,16,87,318.00,"27,666.00"
2019-11-17,2019111701004648,MSLB,1,47,61,856.00,"52,216.00"
2019-11-17,2019111701004647,MSLB,1,47,50,857.00,"42,850.00"
2019-11-17,2019111701004860,NABIL,29,42,975,753.00,"734,175.00"
2019-11-17,2019111701004859,NABIL,29,21,180,752.00,"135,360.00"
2019-11-17,2019111701004727,NBB,56,39,355,206.00,"73,130.00"
2019-11-17,2019111701004726,NBB,56,39,249,206.00,"51,294.00"
2019-11-17,2019111701004725,NBB,56,54,10,206.00,"2,060.00"
2019-11-17,2019111701004934,NBL,25,6,500,319.00,"159,500.00"
2019-11-17,2019111701004933,NBL,25,43,750,319.00,"239,250.00"
2019-11-17,2019111701004930,NBL,7,43,250,319.00,"79,750.00"
2019-11-17,2019111701004907,NBL,58,43,"1,000",319.00,"319,000.00"
2019-11-17,2019111701004901,NBL,25,43,"1,000",319.00,"319,000.00"
2019-11-17,2019111701004849,NBL,49,43,"1,000",319.00,"319,000.00"
2019-11-17,2019111701004699,NBL,14,29,80,319.00,"25,520.00"
2019-11-17,2019111701004670,NBL,6,16,540,320.00,"172,800.00"
2019-11-17,2019111701004669,NBL,6,16,460,320.00,"147,200.00"
2019-11-17,2019111701004653,NBL,14,46,100,319.00,"31,900.00"
2019-11-17,2019111701004554,NBL,38,16,500,320.00,"160,000.00"
2019-11-17,2019111701004522,NBL,21,16,40,320.00,"12,800.00"
2019-11-17,2019111701004811,NBL,38,33,300,319.00,"95,700.00"
2019-11-17,2019111701004747,NBL,49,42,"1,000",319.00,"319,000.00"
2019-11-17,2019111701004746,NBL,43,42,500,319.00,"159,500.00"
2019-11-17,2019111701004745,NBL,49,42,"1,000",319.00,"319,000.00"
2019-11-17,2019111701004744,NBL,14,42,20,319.00,"6,380.00"
2019-11-17,2019111701004713,NBL,1,16,213,320.00,"68,160.00"
2019-11-17,2019111701004791,NCCB,58,1,973,200.00,"194,600.00"
2019-11-17,2019111701004790,NCCB,56,1,27,200.00,"5,400.00"
2019-11-17,2019111701004712,NCCB,52,41,300,201.00,"60,300.00"
2019-11-17,2019111701004461,NCCB,5,49,256,201.00,"51,456.00"
2019-11-17,2019111701004460,NCCB,5,17,12,201.00,"2,412.00"
2019-11-17,2019111701004447,NCCB,56,6,174,200.00,"34,800.00"
2019-11-17,2019111701004688,NEF,29,22,"3,000",7.56,"22,680.00"
2019-11-17,2019111701004574,NHPC,52,47,120,51.00,"6,120.00"
2019-11-17,2019111701004573,NHPC,57,47,980,51.00,"49,980.00"
2019-11-17,2019111701004876,NIB,22,36,"1,000",424.00,"424,000.00"
2019-11-17,2019111701004875,NIB,25,36,171,424.00,"72,504.00"
2019-11-17,2019111701004613,NIB,25,18,29,424.00,"12,296.00"
2019-11-17,2019111701004612,NIB,22,18,200,424.00,"84,800.00"
2019-11-17,2019111701004601,NIB,1,49,22,425.00,"9,350.00"
2019-11-17,2019111701004540,NIBLPF,29,19,"1,753",6.93,"12,148.29"
2019-11-17,2019111701004539,NIBLPF,29,58,101,6.80,686.80
2019-11-17,2019111701004686,NIBPO,19,49,500,388.00,"194,000.00"
2019-11-17,2019111701004685,NIBPO,52,49,200,390.00,"78,000.00"
2019-11-17,2019111701004684,NIBPO,25,49,25,391.00,"9,775.00"
2019-11-17,2019111701004560,NIBPO,25,40,475,391.00,"185,725.00"
2019-11-17,2019111701004559,NIBPO,7,40,100,391.00,"39,100.00"
2019-11-17,2019111701004544,NIBPO,56,43,100,393.00,"39,300.00"
2019-11-17,2019111701004550,NIBPO,52,16,500,392.00,"196,000.00"
2019-11-17,2019111701004549,NIBPO,8,16,"2,000",392.00,"784,000.00"
2019-11-17,2019111701004548,NIBPO,25,16,"2,000",393.00,"786,000.00"
2019-11-17,2019111701004547,NIBPO,45,16,15,393.00,"5,895.00"
2019-11-17,2019111701004546,NIBPO,52,16,200,393.00,"78,600.00"
2019-11-17,2019111701004545,NIBPO,56,16,150,393.00,"58,950.00"
2019-11-17,2019111701004610,NIBSF1,19,22,100,8.83,883.00
2019-11-17,2019111701004917,NICA,28,33,397,416.00,"165,152.00"
2019-11-17,2019111701004655,NICA,28,1,20,416.00,"8,320.00"
2019-11-17,2019111701004551,NICA,22,49,100,417.00,"41,700.00"
2019-11-17,2019111701004489,NICA,1,49,25,417.00,"10,425.00"
2019-11-17,2019111701004488,NICA,49,49,150,417.00,"62,550.00"
2019-11-17,2019111701004487,NICA,45,49,400,417.00,"166,800.00"
2019-11-17,2019111701004443,NICA,51,49,90,417.00,"37,530.00"
2019-11-17,2019111701004486,NICA,45,49,100,417.00,"41,700.00"
2019-11-17,2019111701004485,NICA,41,49,200,417.00,"83,400.00"
2019-11-17,2019111701004484,NICA,57,49,50,417.00,"20,850.00"
2019-11-17,2019111701004483,NICA,28,49,925,417.00,"385,725.00"
2019-11-17,2019111701004450,NICA,39,57,50,418.00,"20,900.00"
2019-11-17,2019111701004444,NICA,28,49,75,417.00,"31,275.00"
2019-11-17,2019111701004858,NICL,51,1,190,254.00,"48,260.00"
2019-11-17,2019111701004857,NICL,14,1,10,254.00,"2,540.00"
2019-11-17,2019111701004516,NICL,14,50,12,254.00,"3,048.00"
2019-11-17,2019111701004477,NICL,14,50,28,254.00,"7,112.00"
2019-11-17,2019111701004476,NICL,28,50,10,254.00,"2,540.00"
2019-11-17,2019111701004748,NIL,49,22,200,374.00,"74,800.00"
2019-11-17,2019111701004665,NIL,49,47,160,374.00,"59,840.00"
2019-11-17,2019111701004664,NIL,50,47,40,375.00,"15,000.00"
2019-11-17,2019111701004604,NLG,58,57,11,534.00,"5,874.00"
2019-11-17,2019111701004814,NLIC,40,48,20,789.00,"15,780.00"
2019-11-17,2019111701004804,NLIC,40,48,20,789.00,"15,780.00"
2019-11-17,2019111701004800,NLIC,58,36,39,790.00,"30,810.00"
2019-11-17,2019111701004773,NLIC,40,56,828,789.00,"653,292.00"
2019-11-17,2019111701004772,NLIC,5,56,100,789.00,"78,900.00"
2019-11-17,2019111701004771,NLIC,45,56,72,789.00,"56,808.00"
2019-11-17,2019111701004735,NLIC,58,36,61,790.00,"48,190.00"
2019-11-17,2019111701004716,NLIC,58,25,52,790.00,"41,080.00"
2019-11-17,2019111701004696,NLIC,58,18,26,790.00,"20,540.00"
2019-11-17,2019111701004591,NLIC,58,47,11,790.00,"8,690.00"
2019-11-17,2019111701004442,NLIC,5,47,10,790.00,"7,900.00"
2019-11-17,2019111701004441,NLIC,5,6,22,790.00,"17,380.00"
2019-11-17,2019111701004856,NLICL,36,26,26,419.00,"10,894.00"
2019-11-17,2019111701004753,NLICL,36,47,20,419.00,"8,380.00"
2019-11-17,2019111701004874,NMB,40,25,42,384.00,"16,128.00"
2019-11-17,2019111701004873,NMB,49,25,"1,000",384.00,"384,000.00"
2019-11-17,2019111701004872,NMB,21,25,300,384.00,"115,200.00"
2019-11-17,2019111701004871,NMB,22,25,10,384.00,"3,840.00"
2019-11-17,2019111701004870,NMB,25,25,500,384.00,"192,000.00"
2019-11-17,2019111701004869,NMB,35,25,148,384.00,"56,832.00"
2019-11-17,2019111701004482,NMB,1,45,100,384.00,"38,400.00"
2019-11-17,2019111701004469,NMB,26,49,54,385.00,"20,790.00"
2019-11-17,2019111701004568,NMB,16,43,"1,000",385.00,"385,000.00"
2019-11-17,2019111701004567,NMB,16,49,"1,922",385.00,"739,970.00"
2019-11-17,2019111701004538,NMB,40,55,100,384.00,"38,400.00"
2019-11-17,2019111701004507,NMB,49,49,40,385.00,"15,400.00"
2019-11-17,2019111701004492,NMB,40,16,126,384.00,"48,384.00"
2019-11-17,2019111701004491,NMB,1,16,900,384.00,"345,600.00"
2019-11-17,2019111701004707,NMB,50,59,10,385.00,"3,850.00"
2019-11-17,2019111701004621,NMB,38,48,345,385.00,"132,825.00"
2019-11-17,2019111701004620,NMB,16,48,55,385.00,"21,175.00"
2019-11-17,2019111701004571,NMB,16,19,23,385.00,"8,855.00"
2019-11-17,2019111701004570,NMB,16,57,"2,000",385.00,"770,000.00"
2019-11-17,2019111701004569,NMB,16,53,"1,000",385.00,"385,000.00"
2019-11-17,2019111701004765,NMB,35,59,152,384.00,"58,368.00"
2019-11-17,2019111701004764,NMB,58,59,88,384.00,"33,792.00"
2019-11-17,2019111701004711,NMB,58,41,12,384.00,"4,608.00"
2019-11-17,2019111701004710,NMB,47,41,418,384.00,"160,512.00"
2019-11-17,2019111701004709,NMB,34,41,500,384.00,"192,000.00"
2019-11-17,2019111701004708,NMB,40,41,274,384.00,"105,216.00"
2019-11-17,2019111701004806,OHL,6,26,500,415.00,"207,500.00"
2019-11-17,2019111701004939,PCBL,14,58,50,268.00,"13,400.00"
2019-11-17,2019111701004938,PCBL,33,58,630,268.00,"168,840.00"
2019-11-17,2019111701004937,PCBL,14,58,500,269.00,"134,500.00"
2019-11-17,2019111701004936,PCBL,48,58,250,269.00,"67,250.00"
2019-11-17,2019111701004913,PCBL,59,25,365,270.00,"98,550.00"
2019-11-17,2019111701004912,PCBL,59,11,240,270.00,"64,800.00"
2019-11-17,2019111701004911,PCBL,59,58,395,270.00,"106,650.00"
2019-11-17,2019111701004900,PCBL,45,58,200,270.00,"54,000.00"
2019-11-17,2019111701004899,PCBL,45,34,100,270.00,"27,000.00"
2019-11-17,2019111701004808,PCBL,33,56,270,268.00,"72,360.00"
2019-11-17,2019111701004807,PCBL,48,56,100,269.00,"26,900.00"
2019-11-17,2019111701004542,PFL,6,17,39,135.00,"5,265.00"
2019-11-17,2019111701004893,PIC,45,26,50,352.00,"17,600.00"
2019-11-17,2019111701004891,PIC,6,26,100,352.00,"35,200.00"
2019-11-17,2019111701004890,PIC,29,26,300,353.00,"105,900.00"
2019-11-17,2019111701004889,PIC,8,26,10,353.00,"3,530.00"
2019-11-17,2019111701004888,PIC,17,26,116,354.00,"41,064.00"
2019-11-17,2019111701004887,PIC,33,26,100,354.00,"35,400.00"
2019-11-17,2019111701004886,PIC,48,26,20,356.00,"7,120.00"
2019-11-17,2019111701004885,PIC,37,26,100,356.00,"35,600.00"
2019-11-17,2019111701004884,PIC,54,26,55,356.00,"19,580.00"
2019-11-17,2019111701004787,PIC,51,57,13,357.00,"4,641.00"
2019-11-17,2019111701004630,PPCL,29,47,10,112.00,"1,120.00"
2019-11-17,2019111701004932,PRIN,49,47,53,310.00,"16,430.00"
2019-11-17,2019111701004786,PRIN,49,41,80,310.00,"24,800.00"
2019-11-17,2019111701004892,PRVU,36,33,709,227.00,"160,943.00"
2019-11-17,2019111701004813,PRVU,36,1,465,227.00,"105,555.00"
2019-11-17,2019111701004812,PRVU,7,1,35,227.00,"7,945.00"
2019-11-17,2019111701004742,PRVU,42,48,14,229.00,"3,206.00"
2019-11-17,2019111701004717,PRVU,4,19,200,228.00,"45,600.00"
2019-11-17,2019111701004504,PRVU,57,57,13,228.00,"2,964.00"
2019-11-17,2019111701004502,PRVU,29,57,240,228.00,"54,720.00"
2019-11-17,2019111701004501,PRVU,55,57,251,228.00,"57,228.00"
2019-11-17,2019111701004676,PRVU,52,51,50,228.00,"11,400.00"
2019-11-17,2019111701004626,PRVU,4,57,96,228.00,"21,888.00"
2019-11-17,2019111701004533,PRVU,4,57,400,228.00,"91,200.00"
2019-11-17,2019111701004532,PRVU,4,34,500,228.00,"114,000.00"
2019-11-17,2019111701004531,RADHI,20,22,26,146.00,"3,796.00"
2019-11-17,2019111701004530,RADHI,20,38,12,146.00,"1,752.00"
2019-11-17,2019111701004529,RADHI,20,40,17,146.00,"2,482.00"
2019-11-17,2019111701004519,RADHI,59,16,12,146.00,"1,752.00"
2019-11-17,2019111701004518,RADHI,59,37,12,146.00,"1,752.00"
2019-11-17,2019111701004691,RBCL,11,28,10,"8,250.00","82,500.00"
2019-11-17,2019111701004513,RHPC,34,48,20,74.00,"1,480.00"
2019-11-17,2019111701004931,RHPL,33,38,40,166.00,"6,640.00"
2019-11-17,2019111701004918,RHPL,33,37,20,166.00,"3,320.00"
2019-11-17,2019111701004916,RHPL,33,38,40,166.00,"6,640.00"
2019-11-17,2019111701004815,RHPL,33,17,40,166.00,"6,640.00"
2019-11-17,2019111701004743,RHPL,33,1,40,166.00,"6,640.00"
2019-11-17,2019111701004741,RHPL,33,5,10,166.00,"1,660.00"
2019-11-17,2019111701004451,RHPL,33,47,40,166.00,"6,640.00"
2019-11-17,2019111701004449,RHPL,33,38,40,166.00,"6,640.00"
2019-11-17,2019111701004440,RHPL,33,35,410,166.00,"68,060.00"
2019-11-17,2019111701004470,RHPL,33,59,50,166.00,"8,300.00"
2019-11-17,2019111701004467,RHPL,33,38,40,166.00,"6,640.00"
2019-11-17,2019111701004466,RHPL,52,34,40,167.00,"6,680.00"
2019-11-17,2019111701004465,RHPL,52,42,50,167.00,"8,350.00"
2019-11-17,2019111701004464,RHPL,52,16,"2,460",167.00,"410,820.00"
2019-11-17,2019111701004453,RHPL,33,37,30,166.00,"4,980.00"
2019-11-17,2019111701004602,RHPL,33,38,40,166.00,"6,640.00"
2019-11-17,2019111701004598,RHPL,33,16,40,166.00,"6,640.00"
2019-11-17,2019111701004528,RHPL,52,26,530,167.00,"88,510.00"
2019-11-17,2019111701004525,RHPL,33,38,50,166.00,"8,300.00"
2019-11-17,2019111701004524,RHPL,52,26,500,167.00,"83,500.00"
2019-11-17,2019111701004520,RHPL,52,26,"1,000",167.00,"167,000.00"
2019-11-17,2019111701004729,RHPL,33,38,40,166.00,"6,640.00"
2019-11-17,2019111701004715,RHPL,33,38,50,166.00,"8,300.00"
2019-11-17,2019111701004703,RHPL,33,38,40,166.00,"6,640.00"
2019-11-17,2019111701004671,RHPL,33,38,40,166.00,"6,640.00"
2019-11-17,2019111701004656,RHPL,33,38,40,166.00,"6,640.00"
2019-11-17,2019111701004631,RHPL,33,38,40,166.00,"6,640.00"
2019-11-17,2019111701004868,RSDC,14,35,100,297.00,"29,700.00"
2019-11-17,2019111701004673,RSDC,34,4,72,296.00,"21,312.00"
2019-11-17,2019111701004672,RSDC,1,4,100,296.00,"29,600.00"
2019-11-17,2019111701004481,RSDC,8,14,20,297.00,"5,940.00"
2019-11-17,2019111701004480,RSDC,49,14,50,297.00,"14,850.00"
2019-11-17,2019111701004479,RSDC,10,14,43,297.00,"12,771.00"
2019-11-17,2019111701004914,SABSL,5,51,25,562.00,"14,050.00"
2019-11-17,2019111701004865,SABSL,50,18,10,561.00,"5,610.00"
2019-11-17,2019111701004738,SABSL,50,1,10,561.00,"5,610.00"
2019-11-17,2019111701004728,SABSL,39,39,10,562.00,"5,620.00"
2019-11-17,2019111701004682,SABSL,28,7,100,561.00,"56,100.00"
2019-11-17,2019111701004681,SABSL,44,7,60,562.00,"33,720.00"
2019-11-17,2019111701004541,SABSL,19,34,10,563.00,"5,630.00"
2019-11-17,2019111701004537,SABSL,28,35,10,564.00,"5,640.00"
2019-11-17,2019111701004534,SABSL,28,19,80,564.00,"45,120.00"
2019-11-17,2019111701004526,SABSL,28,44,10,564.00,"5,640.00"
2019-11-17,2019111701004494,SABSL,5,26,10,564.00,"5,640.00"
2019-11-17,2019111701004472,SABSL,5,38,10,564.00,"5,640.00"
2019-11-17,2019111701004658,SABSL,44,51,40,562.00,"22,480.00"
2019-11-17,2019111701004657,SABSL,26,51,160,562.00,"89,920.00"
2019-11-17,2019111701004603,SABSL,36,44,10,563.00,"5,630.00"
2019-11-17,2019111701004575,SABSL,36,44,10,563.00,"5,630.00"
2019-11-17,2019111701004558,SABSL,19,44,10,563.00,"5,630.00"
2019-11-17,2019111701004553,SABSL,19,34,10,563.00,"5,630.00"
2019-11-17,2019111701004582,SADBL,17,16,220,136.00,"29,920.00"
2019-11-17,2019111701004581,SADBL,53,16,280,136.00,"38,080.00"
2019-11-17,2019111701004906,SANIMA,22,55,"1,078",306.00,"329,868.00"
2019-11-17,2019111701004640,SANIMA,22,1,95,306.00,"29,070.00"
2019-11-17,2019111701004572,SANIMA,22,29,300,306.00,"91,800.00"
2019-11-17,2019111701004499,SANIMA,22,22,10,306.00,"3,060.00"
2019-11-17,2019111701004493,SANIMA,22,35,200,306.00,"61,200.00"
2019-11-17,2019111701004625,SAPDBL,1,33,"1,000",117.00,"117,000.00"
2019-11-17,2019111701004624,SAPDBL,25,33,100,117.00,"11,700.00"
2019-11-17,2019111701004623,SAPDBL,40,33,170,119.00,"20,230.00"
2019-11-17,2019111701004622,SAPDBL,58,33,38,119.00,"4,522.00"
2019-11-17,2019111701004448,SBI,52,47,19,391.00,"7,429.00"
2019-11-17,2019111701004734,SBL,48,43,50,287.00,"14,350.00"
2019-11-17,2019111701004733,SBL,26,43,15,287.00,"4,305.00"
2019-11-17,2019111701004517,SBL,26,22,20,287.00,"5,740.00"
2019-11-17,2019111701004445,SBL,26,42,30,287.00,"8,610.00"
2019-11-17,2019111701004629,SCB,38,25,220,549.00,"120,780.00"
2019-11-17,2019111701004628,SCB,6,25,27,550.00,"14,850.00"
2019-11-17,2019111701004596,SCB,6,29,73,550.00,"40,150.00"
2019-11-17,2019111701004854,SDESI,45,41,264,635.00,"167,640.00"
2019-11-17,2019111701004853,SDESI,34,41,56,636.00,"35,616.00"
2019-11-17,2019111701004852,SDESI,19,41,80,636.00,"50,880.00"
2019-11-17,2019111701004905,SHIVM,47,42,100,433.00,"43,300.00"
2019-11-17,2019111701004904,SHIVM,58,42,10,433.00,"4,330.00"
2019-11-17,2019111701004837,SHIVM,33,42,40,433.00,"17,320.00"
2019-11-17,2019111701004836,SHIVM,33,50,350,433.00,"151,550.00"
2019-11-17,2019111701004835,SHIVM,33,42,110,433.00,"47,630.00"
2019-11-17,2019111701004592,SHIVM,16,11,14,433.00,"6,062.00"
2019-11-17,2019111701004704,SHIVM,46,42,90,433.00,"38,970.00"
2019-11-17,2019111701004678,SHIVM,1,42,100,433.00,"43,300.00"
2019-11-17,2019111701004654,SHIVM,35,58,14,433.00,"6,062.00"
2019-11-17,2019111701004593,SHIVM,16,58,86,433.00,"37,238.00"
2019-11-17,2019111701004883,SHL,29,6,565,201.00,"113,565.00"
2019-11-17,2019111701004662,SHL,29,41,460,201.00,"92,460.00"
2019-11-17,2019111701004661,SHL,52,41,500,201.00,"100,500.00"
2019-11-17,2019111701004660,SHL,32,41,200,202.00,"40,400.00"
2019-11-17,2019111701004659,SHL,32,41,100,202.00,"20,200.00"
2019-11-17,2019111701004867,SICL,49,33,28,737.00,"20,636.00"
2019-11-17,2019111701004600,SICL,49,47,150,737.00,"110,550.00"
2019-11-17,2019111701004599,SICL,51,47,50,738.00,"36,900.00"
2019-11-17,2019111701004784,SIL,49,58,62,377.00,"23,374.00"
2019-11-17,2019111701004566,SIL,49,6,19,377.00,"7,163.00"
2019-11-17,2019111701004935,SJCL,5,38,20,160.00,"3,200.00"
2019-11-17,2019111701004923,SJCL,5,37,10,160.00,"1,600.00"
2019-11-17,2019111701004922,SJCL,5,38,20,160.00,"3,200.00"
2019-11-17,2019111701004452,SJCL,57,58,20,160.00,"3,200.00"
2019-11-17,2019111701004446,SJCL,57,1,20,160.00,"3,200.00"
2019-11-17,2019111701004527,SJCL,57,38,10,160.00,"1,600.00"
2019-11-17,2019111701004478,SJCL,57,38,20,160.00,"3,200.00"
2019-11-17,2019111701004459,SJCL,57,47,20,160.00,"3,200.00"
2019-11-17,2019111701004457,SJCL,57,37,20,160.00,"3,200.00"
2019-11-17,2019111701004454,SJCL,57,38,20,160.00,"3,200.00"
2019-11-17,2019111701004585,SJCL,52,26,430,161.00,"69,230.00"
2019-11-17,2019111701004576,SJCL,52,26,500,161.00,"80,500.00"
2019-11-17,2019111701004563,SJCL,57,19,20,160.00,"3,200.00"
2019-11-17,2019111701004700,SJCL,59,16,20,161.00,"3,220.00"
2019-11-17,2019111701004677,SJCL,57,38,20,160.00,"3,200.00"
2019-11-17,2019111701004663,SJCL,57,38,10,160.00,"1,600.00"
2019-11-17,2019111701004642,SJCL,57,54,20,160.00,"3,200.00"
2019-11-17,2019111701004641,SJCL,57,38,20,160.00,"3,200.00"
2019-11-17,2019111701004609,SJCL,57,38,20,160.00,"3,200.00"
2019-11-17,2019111701004750,SJCL,5,1,20,160.00,"3,200.00"
2019-11-17,2019111701004749,SJCL,5,5,10,160.00,"1,600.00"
2019-11-17,2019111701004740,SJCL,5,38,20,160.00,"3,200.00"
2019-11-17,2019111701004718,SJCL,5,38,20,160.00,"3,200.00"
2019-11-17,2019111701004706,SJCL,57,38,20,160.00,"3,200.00"
2019-11-17,2019111701004701,SJCL,59,59,10,162.00,"1,620.00"
2019-11-17,2019111701004767,SKBBL,14,50,300,932.00,"279,600.00"
2019-11-17,2019111701004766,SKBBL,57,50,50,932.00,"46,600.00"
2019-11-17,2019111701004816,SLBBL,48,39,50,605.00,"30,250.00"
2019-11-17,2019111701004752,SLBSL,43,5,10,702.00,"7,020.00"
2019-11-17,2019111701004683,SLBSL,43,38,10,702.00,"7,020.00"
2019-11-17,2019111701004737,SLICL,29,22,300,258.00,"77,400.00"
2019-11-17,2019111701004611,SMFBS,43,47,10,787.00,"7,870.00"
2019-11-17,2019111701004896,SMFDB,26,38,152,500.00,"76,000.00"
2019-11-17,2019111701004895,SMFDB,5,38,100,501.00,"50,100.00"
2019-11-17,2019111701004894,SMFDB,34,38,50,501.00,"25,050.00"
2019-11-17,2019111701004589,SRBL,49,49,600,211.00,"126,600.00"
2019-11-17,2019111701004588,SRBL,44,49,885,211.00,"186,735.00"
2019-11-17,2019111701004587,SRBL,26,49,50,212.00,"10,600.00"
2019-11-17,2019111701004586,SRBL,26,49,20,212.00,"4,240.00"
2019-11-17,2019111701004508,SRBL,26,22,10,212.00,"2,120.00"
2019-11-17,2019111701004695,TMDBL,57,26,39,146.00,"5,694.00"
2019-11-17,2019111701004687,TMDBL,21,26,20,146.00,"2,920.00"
2019-11-17,2019111701004679,TMDBL,21,26,30,146.00,"4,380.00"
2019-11-17,2019111701004649,TMDBL,21,16,26,145.00,"3,770.00"
2019-11-17,2019111701004929,UFL,51,33,60,177.00,"10,620.00"
2019-11-17,2019111701004723,UIC,16,42,100,235.00,"23,500.00"
2019-11-17,2019111701004668,UMHL,17,16,14,102.00,"1,428.00"
2019-11-17,2019111701004926,UPPER,48,16,34,226.00,"7,684.00"
2019-11-17,2019111701004903,UPPER,32,16,"1,000",226.00,"226,000.00"
2019-11-17,2019111701004834,UPPER,25,16,500,226.00,"113,000.00"
2019-11-17,2019111701004833,UPPER,52,16,50,226.00,"11,300.00"
2019-11-17,2019111701004832,UPPER,16,16,"1,000",226.00,"226,000.00"
2019-11-17,2019111701004702,UPPER,57,16,10,228.00,"2,280.00"
2019-11-17,2019111701004692,UPPER,57,57,40,228.00,"9,120.00"
2019-11-17,2019111701004456,UPPER,51,58,30,228.00,"6,840.00"
2019-11-17,2019111701004455,UPPER,22,58,20,228.00,"4,560.00"
2019-11-17,2019111701004819,UPPER,56,16,100,227.00,"22,700.00"
2019-11-17,2019111701004818,UPPER,47,16,11,227.00,"2,497.00"
2019-11-17,2019111701004817,UPPER,22,16,10,228.00,"2,280.00"
2019-11-17,2019111701004757,UPPER,22,5,50,228.00,"11,400.00"
2019-11-17,2019111701004736,UPPER,22,16,40,228.00,"9,120.00"
2019-11-17,2019111701004825,UPPER,16,16,"1,000",227.00,"227,000.00"
2019-11-17,2019111701004824,UPPER,19,16,100,227.00,"22,700.00"
2019-11-17,2019111701004823,UPPER,25,16,100,227.00,"22,700.00"
2019-11-17,2019111701004822,UPPER,18,16,445,227.00,"101,015.00"
2019-11-17,2019111701004821,UPPER,42,16,50,227.00,"11,350.00"
2019-11-17,2019111701004820,UPPER,59,16,500,227.00,"113,500.00"
2019-11-17,2019111701004831,UPPER,52,16,500,226.00,"113,000.00"
2019-11-17,2019111701004830,UPPER,55,16,500,226.00,"113,000.00"
2019-11-17,2019111701004829,UPPER,56,16,200,226.00,"45,200.00"
2019-11-17,2019111701004828,UPPER,59,16,600,226.00,"135,600.00"
2019-11-17,2019111701004827,UPPER,42,16,100,226.00,"22,600.00"
2019-11-17,2019111701004826,UPPER,14,16,200,227.00,"45,400.00"
2019-11-17,2019111701004714,VLBS,44,16,13,586.00,"7,618.00"
2019-11-17,2019111701004565,VLBS,55,29,50,590.00,"29,500.00"
2019-11-17,2019111701004564,VLBS,55,21,50,589.00,"29,450.00"
2019-11-17,2019111701004500,VLBS,42,52,139,585.00,"81,315.00"
2019-11-17,2019111701004694,VLBS,44,29,50,590.00,"29,500.00"
2019-11-17,2019111701004693,VLBS,44,46,13,585.00,"7,605.00"
2019-11-17,2019111701004264,ADBL,52,42,136,415.00,"56,440.00"
2019-11-17,2019111701004263,ADBL,56,42,364,415.00,"151,060.00"
2019-11-17,2019111701004231,ADBL,40,6,648,416.00,"269,568.00"
2019-11-17,2019111701004230,ADBL,40,43,207,416.00,"86,112.00"
2019-11-17,2019111701004229,ADBL,40,37,100,416.00,"41,600.00"
2019-11-17,2019111701004228,ADBL,40,53,"1,000",416.00,"416,000.00"
2019-11-17,2019111701004227,ADBL,40,39,97,416.00,"40,352.00"
2019-11-17,2019111701004054,AHPC,45,29,50,94.00,"4,700.00"
2019-11-17,2019111701004011,AHPC,45,29,50,94.00,"4,700.00"
2019-11-17,2019111701004436,AKBSL,48,50,150,431.00,"64,650.00"
2019-11-17,2019111701004435,AKBSL,43,50,40,431.00,"17,240.00"
2019-11-17,2019111701004434,AKBSL,40,50,10,431.00,"4,310.00"
2019-11-17,2019111701004433,AKBSL,19,50,10,432.00,"4,320.00"
2019-11-17,2019111701004392,AKBSL,19,38,10,432.00,"4,320.00"
2019-11-17,2019111701004370,AKBSL,19,22,10,432.00,"4,320.00"
2019-11-17,2019111701004391,AKJCL,6,58,20,55.00,"1,100.00"
2019-11-17,2019111701004295,AKJCL,6,3,20,55.00,"1,100.00"
2019-11-17,2019111701004097,AKJCL,42,22,30,56.00,"1,680.00"
2019-11-17,2019111701004400,AKPL,25,58,10,125.00,"1,250.00"
2019-11-17,2019111701004044,AKPL,25,38,13,125.00,"1,625.00"
2019-11-17,2019111701004043,AKPL,25,22,10,125.00,"1,250.00"
2019-11-17,2019111701004390,ALBSL,46,18,10,404.00,"4,040.00"
2019-11-17,2019111701004374,ALBSL,46,16,10,404.00,"4,040.00"
2019-11-17,2019111701004373,ALBSL,17,17,10,405.00,"4,050.00"
2019-11-17,2019111701004333,ALBSL,17,17,10,405.00,"4,050.00"
2019-11-17,2019111701004432,API,25,57,16,105.00,"1,680.00"
2019-11-17,2019111701004168,API,55,58,"1,450",104.00,"150,800.00"
2019-11-17,2019111701004129,API,25,58,47,104.00,"4,888.00"
2019-11-17,2019111701004084,API,38,58,500,103.00,"51,500.00"
2019-11-17,2019111701004031,API,39,58,455,104.00,"47,320.00"
2019-11-17,2019111701003948,API,39,25,45,104.00,"4,680.00"
2019-11-17,2019111701003947,API,50,25,"1,180",104.00,"122,720.00"
2019-11-17,2019111701004071,API,52,58,200,103.00,"20,600.00"
2019-11-17,2019111701004070,API,41,58,273,103.00,"28,119.00"
2019-11-17,2019111701004035,API,5,58,600,104.00,"62,400.00"
2019-11-17,2019111701004034,API,22,58,100,104.00,"10,400.00"
2019-11-17,2019111701004033,API,49,58,200,104.00,"20,800.00"
2019-11-17,2019111701004032,API,59,58,200,104.00,"20,800.00"
2019-11-17,2019111701004077,API,6,58,35,103.00,"3,605.00"
2019-11-17,2019111701004076,API,42,58,"1,000",103.00,"103,000.00"
2019-11-17,2019111701004075,API,52,58,500,103.00,"51,500.00"
2019-11-17,2019111701004074,API,48,58,200,103.00,"20,600.00"
2019-11-17,2019111701004073,API,48,58,100,103.00,"10,300.00"
2019-11-17,2019111701004072,API,40,58,200,103.00,"20,600.00"
2019-11-17,2019111701004083,API,41,58,800,103.00,"82,400.00"
2019-11-17,2019111701004082,API,51,58,100,103.00,"10,300.00"
2019-11-17,2019111701004081,API,22,58,20,103.00,"2,060.00"
2019-11-17,2019111701004080,API,39,58,"1,000",103.00,"103,000.00"
2019-11-17,2019111701004079,API,3,58,20,103.00,"2,060.00"
2019-11-17,2019111701004078,API,1,58,"1,500",103.00,"154,500.00"
2019-11-17,2019111701004404,BPCL,49,38,11,350.00,"3,850.00"
2019-11-17,2019111701004379,BPCL,49,16,11,350.00,"3,850.00"
2019-11-17,2019111701004301,BPCL,49,38,11,350.00,"3,850.00"
2019-11-17,2019111701004262,BPCL,49,38,11,350.00,"3,850.00"
2019-11-17,2019111701004021,BPCL,42,37,20,354.00,"7,080.00"
2019-11-17,2019111701003972,BPCL,49,16,11,350.00,"3,850.00"
2019-11-17,2019111701004098,CBBL,41,42,98,970.00,"95,060.00"
2019-11-17,2019111701004421,CBL,29,16,100,138.00,"13,800.00"
2019-11-17,2019111701004420,CBL,29,29,106,138.00,"14,628.00"
2019-11-17,2019111701004419,CBL,33,29,50,138.00,"6,900.00"
2019-11-17,2019111701004342,CCBL,28,39,125,162.00,"20,250.00"
2019-11-17,2019111701004341,CCBL,28,51,100,162.00,"16,200.00"
2019-11-17,2019111701004340,CCBL,28,16,70,162.00,"11,340.00"
2019-11-17,2019111701004181,CCBL,4,16,150,162.00,"24,300.00"
2019-11-17,2019111701004178,CCBL,4,25,50,162.00,"8,100.00"
2019-11-17,2019111701004177,CCBL,42,25,150,162.00,"24,300.00"
2019-11-17,2019111701004150,CCBL,42,57,40,162.00,"6,480.00"
2019-11-17,2019111701004149,CCBL,42,6,42,162.00,"6,804.00"
2019-11-17,2019111701004148,CCBL,42,6,34,162.00,"5,508.00"
2019-11-17,2019111701004147,CCBL,42,6,34,162.00,"5,508.00"
2019-11-17,2019111701004063,CCBL,52,57,10,162.00,"1,620.00"
2019-11-17,2019111701004187,CFCL,59,28,200,111.00,"22,200.00"
2019-11-17,2019111701004186,CFCL,25,28,200,111.00,"22,200.00"
2019-11-17,2019111701004185,CFCL,34,28,480,111.00,"53,280.00"
2019-11-17,2019111701004184,CFCL,59,28,51,112.00,"5,712.00"
2019-11-17,2019111701004094,CFCL,59,28,249,112.00,"27,888.00"
2019-11-17,2019111701004093,CFCL,37,28,251,113.00,"28,363.00"
2019-11-17,2019111701004069,CHCL,8,38,11,356.00,"3,916.00"
2019-11-17,2019111701004061,CHCL,8,25,68,356.00,"24,208.00"
2019-11-17,2019111701004060,CHCL,6,25,16,357.00,"5,712.00"
2019-11-17,2019111701004059,CHCL,6,25,16,357.00,"5,712.00"
2019-11-17,2019111701004037,CHCL,11,51,50,356.00,"17,800.00"
2019-11-17,2019111701003951,CHCL,1,45,100,356.00,"35,600.00"
2019-11-17,2019111701004110,CHL,55,29,10,80.00,800.00
2019-11-17,2019111701003967,CZBIL,26,50,50,187.00,"9,350.00"
2019-11-17,2019111701004338,DBBL,6,51,250,123.00,"30,750.00"
2019-11-17,2019111701004337,DBBL,6,35,500,123.00,"61,500.00"
2019-11-17,2019111701004336,DBBL,6,32,222,123.00,"27,306.00"
2019-11-17,2019111701004106,DDBL,20,58,100,735.00,"73,500.00"
2019-11-17,2019111701004386,DHPL,42,16,10,50.00,500.00
2019-11-17,2019111701003944,EBL,22,35,10,553.00,"5,530.00"
2019-11-17,2019111701004427,EDBL,58,43,10,269.00,"2,690.00"
2019-11-17,2019111701004247,EIC,54,38,49,216.00,"10,584.00"
2019-11-17,2019111701004313,FMDBL,16,50,41,306.00,"12,546.00"
2019-11-17,2019111701004114,FMDBL,44,16,"1,889",305.00,"576,145.00"
2019-11-17,2019111701003959,FMDBL,44,36,230,305.00,"70,150.00"
2019-11-17,2019111701003958,FMDBL,55,36,20,305.00,"6,100.00"
2019-11-17,2019111701003957,FMDBL,5,36,50,305.00,"15,250.00"
2019-11-17,2019111701003956,FMDBL,1,36,45,306.00,"13,770.00"
2019-11-17,2019111701004402,GBBL,6,5,100,224.00,"22,400.00"
2019-11-17,2019111701004401,GBBL,36,5,100,224.00,"22,400.00"
2019-11-17,2019111701004189,GBBL,57,10,85,225.00,"19,125.00"
2019-11-17,2019111701004430,GBLBS,36,52,281,303.00,"85,143.00"
2019-11-17,2019111701004429,GBLBS,6,52,75,303.00,"22,725.00"
2019-11-17,2019111701004428,GBLBS,57,52,40,303.00,"12,120.00"
2019-11-17,2019111701004348,GFCL,57,16,10,131.00,"1,310.00"
2019-11-17,2019111701003961,GFCL,59,6,35,133.00,"4,655.00"
2019-11-17,2019111701004317,GLBSL,58,32,480,404.00,"193,920.00"
2019-11-17,2019111701004316,GLBSL,37,32,10,404.00,"4,040.00"
2019-11-17,2019111701004315,GLBSL,34,32,90,405.00,"36,450.00"
2019-11-17,2019111701004314,GLBSL,51,32,50,406.00,"20,300.00"
2019-11-17,2019111701004244,GLBSL,34,26,10,405.00,"4,050.00"
2019-11-17,2019111701004298,GMFBS,45,6,10,513.00,"5,130.00"
2019-11-17,2019111701004349,GRDBL,38,44,200,100.00,"20,000.00"
2019-11-17,2019111701004101,HBL,45,38,17,485.00,"8,245.00"
2019-11-17,2019111701004335,HDL,38,58,150,"1,775.00","266,250.00"
2019-11-17,2019111701004327,HDL,42,4,100,"1,776.00","177,600.00"
2019-11-17,2019111701004096,HDL,33,4,20,"1,786.00","35,720.00"
2019-11-17,2019111701003970,HDL,33,39,30,"1,780.00","53,400.00"
2019-11-17,2019111701004160,HGI,49,48,500,249.00,"124,500.00"
2019-11-17,2019111701004159,HGI,48,48,100,249.00,"24,900.00"
2019-11-17,2019111701004158,HGI,38,48,200,250.00,"50,000.00"
2019-11-17,2019111701004157,HGI,22,48,50,252.00,"12,600.00"
2019-11-17,2019111701004140,HGI,22,37,50,252.00,"12,600.00"
2019-11-17,2019111701004139,HGI,5,37,50,252.00,"12,600.00"
2019-11-17,2019111701004138,HGI,56,37,100,252.00,"25,200.00"
2019-11-17,2019111701004137,HGI,17,37,100,252.00,"25,200.00"
2019-11-17,2019111701004136,HGI,19,37,100,253.00,"25,300.00"
2019-11-17,2019111701003966,HGI,58,36,62,254.00,"15,748.00"
2019-11-17,2019111701003998,HIDCL,59,16,21,130.00,"2,730.00"
