Date,Transact. No.,Symbol,Buyer,Seller,Quantity,Rate,Amount
2020-09-29,2020092904002690,BBC,8,26,10,"1,629.00","16,290.00"
2020-09-29,2020092904002689,BBC,8,11,10,"1,629.00","16,290.00"
2020-09-29,2020092904002731,GIMES1,6,32,"1,000",9.08,"9,080.00"
2020-09-29,2020092904002727,GIMES1,17,32,"1,000",9.09,"9,090.00"
2020-09-29,2020092904002596,GIMES1,34,7,"1,000",9.14,"9,140.00"
2020-09-29,2020092904002517,KBLD86,45,38,15,"1,050.00","15,750.00"
2020-09-29,2020092904002433,KBLD86,19,45,25,"1,030.00","25,750.00"
2020-09-29,2020092904002711,LUK,17,49,200,8.80,"1,760.00"
2020-09-29,2020092904002452,LUK,38,58,"1,000",8.82,"8,820.00"
2020-09-29,2020092904002451,LUK,38,4,100,8.79,879.00
2020-09-29,2020092904002674,NBF2,34,26,"1,000",9.00,"9,000.00"
2020-09-29,2020092904002304,NBF2,34,17,"1,900",9.00,"17,100.00"
2020-09-29,2020092904002303,NBF2,34,19,200,9.00,"1,800.00"
2020-09-29,2020092904002302,NBF2,34,32,100,9.00,900.00
2020-09-29,2020092904002606,NEF,22,39,"7,913",8.81,"69,713.53"
2020-09-29,2020092904002565,NEF,22,39,"9,556",8.81,"84,188.36"
2020-09-29,2020092904002564,NEF,16,39,500,8.84,"4,420.00"
2020-09-29,2020092904002563,NEF,6,39,726,8.85,"6,425.10"
2020-09-29,2020092904002436,NEF,6,11,"1,156",8.85,"10,230.60"
2020-09-29,2020092904002387,NEF,6,58,669,8.85,"5,920.65"
2020-09-29,2020092904002354,NEF,17,11,534,8.86,"4,731.24"
2020-09-29,2020092904002288,NEF,17,57,483,8.86,"4,279.38"
2020-09-29,2020092904002276,NEF,38,58,"1,700",8.89,"15,113.00"
2020-09-29,2020092904002257,NEF,38,43,"4,000",8.89,"35,560.00"
2020-09-29,2020092904002577,NIBLPF,28,11,"1,525",8.65,"13,191.25"
2020-09-29,2020092904002503,NIBLPF,41,25,"1,000",8.64,"8,640.00"
2020-09-29,2020092904002381,NIBLPF,6,11,"1,000",8.65,"8,650.00"
2020-09-29,2020092904002662,NIBPO,39,13,795,361.00,"286,995.00"
2020-09-29,2020092904002661,NIBPO,34,13,"1,800",361.00,"649,800.00"
2020-09-29,2020092904002660,NIBPO,34,13,405,362.00,"146,610.00"
2020-09-29,2020092904002625,NIBPO,34,47,24,362.00,"8,688.00"
2020-09-29,2020092904002592,NIBPO,34,13,949,362.00,"343,538.00"
2020-09-29,2020092904002591,NIBPO,34,5,622,362.00,"225,164.00"
2020-09-29,2020092904002730,NICBF,13,41,700,8.90,"6,230.00"
2020-09-29,2020092904002480,NICBF,13,19,200,8.90,"1,780.00"
2020-09-29,2020092904002418,NICGF,11,58,500,9.35,"4,675.00"
2020-09-29,2020092904002330,NMB50,49,55,"1,000",9.30,"9,300.00"
2020-09-29,2020092904002671,NMBHF1,10,52,450,10.00,"4,500.00"
2020-09-29,2020092904002667,NMBHF1,10,52,400,10.00,"4,000.00"
2020-09-29,2020092904002434,NMBHF1,10,7,416,10.00,"4,160.00"
2020-09-29,2020092904002416,NMBHF1,10,11,"2,080",10.00,"20,800.00"
2020-09-29,2020092904002339,NMBHF1,21,50,"1,668",10.00,"16,680.00"
2020-09-29,2020092904002283,NMBHF1,21,57,832,10.00,"8,320.00"
2020-09-29,2020092904002692,RBCLPO,45,28,10,"10,150.00","101,500.00"
2020-09-29,2020092904002691,RBCLPO,4,28,10,"10,150.00","101,500.00"
2020-09-29,2020092904002753,RLI,41,58,10,626.00,"6,260.00"
2020-09-29,2020092904002752,RLI,41,26,10,626.00,"6,260.00"
2020-09-29,2020092904002751,RLI,41,49,10,626.00,"6,260.00"
2020-09-29,2020092904002750,RLI,52,26,10,627.00,"6,270.00"
2020-09-29,2020092904002749,RLI,52,48,10,627.00,"6,270.00"
2020-09-29,2020092904002748,RLI,52,17,10,627.00,"6,270.00"
2020-09-29,2020092904002256,RLI,41,39,10,626.00,"6,260.00"
2020-09-29,2020092904002255,RLI,41,37,10,626.00,"6,260.00"
2020-09-29,2020092904002254,RLI,41,29,10,626.00,"6,260.00"
2020-09-29,2020092904002263,RLI,41,54,10,626.00,"6,260.00"
2020-09-29,2020092904002262,RLI,41,37,10,626.00,"6,260.00"
2020-09-29,2020092904002261,RLI,41,32,10,626.00,"6,260.00"
2020-09-29,2020092904002260,RLI,41,16,10,626.00,"6,260.00"
2020-09-29,2020092904002259,RLI,41,35,10,626.00,"6,260.00"
2020-09-29,2020092904002258,RLI,41,21,10,626.00,"6,260.00"
2020-09-29,2020092904002269,RLI,41,54,10,626.00,"6,260.00"
2020-09-29,2020092904002268,RLI,42,51,50,627.00,"31,350.00"
2020-09-29,2020092904002267,RLI,41,21,10,626.00,"6,260.00"
2020-09-29,2020092904002266,RLI,13,51,60,627.00,"37,620.00"
2020-09-29,2020092904002265,RLI,13,13,10,627.00,"6,270.00"
2020-09-29,2020092904002264,RLI,13,55,10,627.00,"6,270.00"
2020-09-29,2020092904002275,RLI,41,37,10,626.00,"6,260.00"
2020-09-29,2020092904002274,RLI,41,56,10,626.00,"6,260.00"
2020-09-29,2020092904002273,RLI,41,26,10,626.00,"6,260.00"
2020-09-29,2020092904002272,RLI,41,34,50,626.00,"31,300.00"
2020-09-29,2020092904002271,RLI,41,37,10,626.00,"6,260.00"
2020-09-29,2020092904002270,RLI,41,32,10,626.00,"6,260.00"
2020-09-29,2020092904002282,RLI,41,37,10,626.00,"6,260.00"
2020-09-29,2020092904002281,RLI,41,26,10,626.00,"6,260.00"
2020-09-29,2020092904002280,RLI,41,54,10,626.00,"6,260.00"
2020-09-29,2020092904002279,RLI,41,22,10,626.00,"6,260.00"
2020-09-29,2020092904002278,RLI,41,21,10,626.00,"6,260.00"
2020-09-29,2020092904002277,RLI,41,37,10,626.00,"6,260.00"
2020-09-29,2020092904002290,RLI,41,38,10,626.00,"6,260.00"
2020-09-29,2020092904002289,RLI,41,40,10,626.00,"6,260.00"
2020-09-29,2020092904002287,RLI,41,32,10,626.00,"6,260.00"
2020-09-29,2020092904002286,RLI,41,16,10,626.00,"6,260.00"
2020-09-29,2020092904002285,RLI,41,39,10,626.00,"6,260.00"
2020-09-29,2020092904002284,RLI,41,41,10,626.00,"6,260.00"
2020-09-29,2020092904002296,RLI,41,58,10,626.00,"6,260.00"
2020-09-29,2020092904002295,RLI,41,38,10,626.00,"6,260.00"
2020-09-29,2020092904002294,RLI,41,21,10,626.00,"6,260.00"
2020-09-29,2020092904002293,RLI,41,54,10,626.00,"6,260.00"
2020-09-29,2020092904002292,RLI,41,16,10,626.00,"6,260.00"
2020-09-29,2020092904002291,RLI,41,32,10,626.00,"6,260.00"
2020-09-29,2020092904002305,RLI,41,16,10,626.00,"6,260.00"
2020-09-29,2020092904002301,RLI,41,38,10,626.00,"6,260.00"
2020-09-29,2020092904002300,RLI,41,38,10,626.00,"6,260.00"
2020-09-29,2020092904002299,RLI,41,47,10,626.00,"6,260.00"
2020-09-29,2020092904002298,RLI,41,32,10,626.00,"6,260.00"
2020-09-29,2020092904002297,RLI,41,26,10,626.00,"6,260.00"
2020-09-29,2020092904002311,RLI,41,43,10,626.00,"6,260.00"
2020-09-29,2020092904002310,RLI,41,16,10,626.00,"6,260.00"
2020-09-29,2020092904002309,RLI,41,16,10,626.00,"6,260.00"
2020-09-29,2020092904002308,RLI,41,32,10,626.00,"6,260.00"
2020-09-29,2020092904002307,RLI,41,16,10,626.00,"6,260.00"
2020-09-29,2020092904002306,RLI,41,38,10,626.00,"6,260.00"
2020-09-29,2020092904002317,RLI,41,52,10,626.00,"6,260.00"
2020-09-29,2020092904002316,RLI,41,38,10,626.00,"6,260.00"
2020-09-29,2020092904002315,RLI,41,16,10,626.00,"6,260.00"
2020-09-29,2020092904002314,RLI,41,7,10,626.00,"6,260.00"
2020-09-29,2020092904002313,RLI,41,16,10,626.00,"6,260.00"
2020-09-29,2020092904002312,RLI,41,45,10,626.00,"6,260.00"
2020-09-29,2020092904002323,RLI,11,34,10,627.00,"6,270.00"
2020-09-29,2020092904002322,RLI,11,14,10,627.00,"6,270.00"
2020-09-29,2020092904002321,RLI,11,51,10,627.00,"6,270.00"
2020-09-29,2020092904002320,RLI,41,8,10,626.00,"6,260.00"
2020-09-29,2020092904002319,RLI,41,16,10,626.00,"6,260.00"
2020-09-29,2020092904002318,RLI,41,53,10,626.00,"6,260.00"
2020-09-29,2020092904002329,RLI,11,54,10,627.00,"6,270.00"
2020-09-29,2020092904002328,RLI,11,4,10,627.00,"6,270.00"
2020-09-29,2020092904002327,RLI,11,4,10,627.00,"6,270.00"
2020-09-29,2020092904002326,RLI,11,45,10,627.00,"6,270.00"
2020-09-29,2020092904002325,RLI,11,25,10,627.00,"6,270.00"
2020-09-29,2020092904002324,RLI,11,49,10,627.00,"6,270.00"
2020-09-29,2020092904002336,RLI,41,26,10,626.00,"6,260.00"
2020-09-29,2020092904002335,RLI,11,47,10,627.00,"6,270.00"
2020-09-29,2020092904002334,RLI,11,8,10,627.00,"6,270.00"
2020-09-29,2020092904002333,RLI,11,21,10,627.00,"6,270.00"
2020-09-29,2020092904002332,RLI,11,16,10,627.00,"6,270.00"
2020-09-29,2020092904002331,RLI,11,44,10,627.00,"6,270.00"
2020-09-29,2020092904002344,RLI,41,45,10,626.00,"6,260.00"
2020-09-29,2020092904002343,RLI,41,42,10,626.00,"6,260.00"
2020-09-29,2020092904002342,RLI,41,33,10,626.00,"6,260.00"
2020-09-29,2020092904002341,RLI,38,28,10,627.00,"6,270.00"
2020-09-29,2020092904002338,RLI,41,8,10,626.00,"6,260.00"
2020-09-29,2020092904002337,RLI,41,35,10,626.00,"6,260.00"
2020-09-29,2020092904002351,RLI,41,1,10,626.00,"6,260.00"
2020-09-29,2020092904002350,RLI,41,45,10,626.00,"6,260.00"
2020-09-29,2020092904002348,RLI,41,33,10,626.00,"6,260.00"
2020-09-29,2020092904002347,RLI,41,34,10,626.00,"6,260.00"
2020-09-29,2020092904002346,RLI,41,33,10,626.00,"6,260.00"
2020-09-29,2020092904002345,RLI,41,7,10,626.00,"6,260.00"
2020-09-29,2020092904002358,RLI,41,47,10,626.00,"6,260.00"
2020-09-29,2020092904002357,RLI,41,58,10,626.00,"6,260.00"
2020-09-29,2020092904002356,RLI,41,51,10,626.00,"6,260.00"
2020-09-29,2020092904002355,RLI,41,16,10,626.00,"6,260.00"
2020-09-29,2020092904002353,RLI,41,58,10,626.00,"6,260.00"
2020-09-29,2020092904002352,RLI,41,32,10,626.00,"6,260.00"
2020-09-29,2020092904002364,RLI,41,32,10,626.00,"6,260.00"
2020-09-29,2020092904002363,RLI,41,19,10,626.00,"6,260.00"
2020-09-29,2020092904002362,RLI,41,19,10,626.00,"6,260.00"
2020-09-29,2020092904002361,RLI,41,33,10,626.00,"6,260.00"
2020-09-29,2020092904002360,RLI,41,17,10,626.00,"6,260.00"
2020-09-29,2020092904002359,RLI,41,8,10,626.00,"6,260.00"
2020-09-29,2020092904002370,RLI,3,58,10,626.00,"6,260.00"
2020-09-29,2020092904002369,RLI,3,58,10,626.00,"6,260.00"
2020-09-29,2020092904002368,RLI,3,47,10,626.00,"6,260.00"
2020-09-29,2020092904002367,RLI,41,19,10,626.00,"6,260.00"
2020-09-29,2020092904002366,RLI,18,50,10,627.00,"6,270.00"
2020-09-29,2020092904002365,RLI,41,33,10,626.00,"6,260.00"
2020-09-29,2020092904002376,RLI,32,58,10,626.00,"6,260.00"
2020-09-29,2020092904002375,RLI,32,6,10,626.00,"6,260.00"
2020-09-29,2020092904002374,RLI,32,28,10,626.00,"6,260.00"
2020-09-29,2020092904002373,RLI,32,58,10,626.00,"6,260.00"
2020-09-29,2020092904002372,RLI,32,7,10,626.00,"6,260.00"
2020-09-29,2020092904002371,RLI,3,1,10,626.00,"6,260.00"
2020-09-29,2020092904002383,RLI,32,47,10,626.00,"6,260.00"
2020-09-29,2020092904002382,RLI,18,28,10,627.00,"6,270.00"
2020-09-29,2020092904002380,RLI,32,57,10,626.00,"6,260.00"
2020-09-29,2020092904002379,RLI,32,35,10,626.00,"6,260.00"
2020-09-29,2020092904002378,RLI,32,34,10,626.00,"6,260.00"
2020-09-29,2020092904002377,RLI,32,49,10,626.00,"6,260.00"
2020-09-29,2020092904002390,RLI,32,45,10,626.00,"6,260.00"
2020-09-29,2020092904002389,RLI,32,35,10,626.00,"6,260.00"
2020-09-29,2020092904002388,RLI,32,32,10,626.00,"6,260.00"
2020-09-29,2020092904002386,RLI,32,38,10,626.00,"6,260.00"
2020-09-29,2020092904002385,RLI,32,58,10,626.00,"6,260.00"
2020-09-29,2020092904002384,RLI,32,52,10,626.00,"6,260.00"
2020-09-29,2020092904002396,RLI,5,55,30,626.00,"18,780.00"
2020-09-29,2020092904002395,RLI,43,55,20,626.00,"12,520.00"
2020-09-29,2020092904002394,RLI,38,55,110,626.00,"68,860.00"
2020-09-29,2020092904002393,RLI,37,55,100,626.00,"62,600.00"
2020-09-29,2020092904002392,RLI,52,55,200,626.00,"125,200.00"
2020-09-29,2020092904002391,RLI,32,55,40,626.00,"25,040.00"
2020-09-29,2020092904002402,RLI,5,58,10,626.00,"6,260.00"
2020-09-29,2020092904002401,RLI,5,35,10,626.00,"6,260.00"
2020-09-29,2020092904002400,RLI,5,47,10,626.00,"6,260.00"
2020-09-29,2020092904002399,RLI,5,42,10,626.00,"6,260.00"
2020-09-29,2020092904002398,RLI,5,13,10,626.00,"6,260.00"
2020-09-29,2020092904002397,RLI,5,39,10,626.00,"6,260.00"
2020-09-29,2020092904002408,RLI,55,36,10,627.00,"6,270.00"
2020-09-29,2020092904002407,RLI,55,28,10,627.00,"6,270.00"
2020-09-29,2020092904002406,RLI,55,34,10,627.00,"6,270.00"
2020-09-29,2020092904002405,RLI,55,41,10,627.00,"6,270.00"
2020-09-29,2020092904002404,RLI,55,13,10,627.00,"6,270.00"
2020-09-29,2020092904002403,RLI,5,7,10,626.00,"6,260.00"
2020-09-29,2020092904002414,RLI,39,51,10,626.00,"6,260.00"
2020-09-29,2020092904002413,RLI,55,34,10,627.00,"6,270.00"
2020-09-29,2020092904002412,RLI,55,59,10,627.00,"6,270.00"
2020-09-29,2020092904002411,RLI,55,34,10,627.00,"6,270.00"
2020-09-29,2020092904002410,RLI,55,25,10,627.00,"6,270.00"
2020-09-29,2020092904002409,RLI,55,41,10,627.00,"6,270.00"
2020-09-29,2020092904002422,RLI,39,32,10,626.00,"6,260.00"
2020-09-29,2020092904002421,RLI,39,57,10,626.00,"6,260.00"
2020-09-29,2020092904002420,RLI,39,47,10,626.00,"6,260.00"
2020-09-29,2020092904002419,RLI,39,32,10,626.00,"6,260.00"
2020-09-29,2020092904002417,RLI,39,54,10,626.00,"6,260.00"
2020-09-29,2020092904002415,RLI,39,57,10,626.00,"6,260.00"
2020-09-29,2020092904002429,RLI,52,17,10,627.00,"6,270.00"
2020-09-29,2020092904002428,RLI,52,58,10,627.00,"6,270.00"
2020-09-29,2020092904002427,RLI,11,32,10,626.00,"6,260.00"
2020-09-29,2020092904002426,RLI,11,14,10,626.00,"6,260.00"
2020-09-29,2020092904002424,RLI,39,44,10,626.00,"6,260.00"
2020-09-29,2020092904002423,RLI,39,19,10,626.00,"6,260.00"
2020-09-29,2020092904002438,RLI,11,14,10,626.00,"6,260.00"
2020-09-29,2020092904002437,RLI,42,49,10,627.00,"6,270.00"
2020-09-29,2020092904002435,RLI,52,34,10,627.00,"6,270.00"
2020-09-29,2020092904002432,RLI,52,58,10,627.00,"6,270.00"
2020-09-29,2020092904002431,RLI,52,47,10,627.00,"6,270.00"
2020-09-29,2020092904002430,RLI,52,32,10,627.00,"6,270.00"
2020-09-29,2020092904002444,RLI,28,21,10,626.00,"6,260.00"
2020-09-29,2020092904002443,RLI,11,47,10,626.00,"6,260.00"
2020-09-29,2020092904002442,RLI,11,49,10,626.00,"6,260.00"
2020-09-29,2020092904002441,RLI,58,42,10,627.00,"6,270.00"
2020-09-29,2020092904002440,RLI,11,22,10,626.00,"6,260.00"
2020-09-29,2020092904002439,RLI,11,38,10,626.00,"6,260.00"
2020-09-29,2020092904002450,RLI,16,56,10,626.00,"6,260.00"
2020-09-29,2020092904002449,RLI,16,19,10,626.00,"6,260.00"
2020-09-29,2020092904002448,RLI,16,49,10,626.00,"6,260.00"
2020-09-29,2020092904002447,RLI,16,56,10,626.00,"6,260.00"
2020-09-29,2020092904002446,RLI,28,57,10,626.00,"6,260.00"
2020-09-29,2020092904002445,RLI,28,11,10,626.00,"6,260.00"
2020-09-29,2020092904002458,RLI,16,57,10,626.00,"6,260.00"
2020-09-29,2020092904002457,RLI,42,14,10,627.00,"6,270.00"
2020-09-29,2020092904002456,RLI,42,44,10,627.00,"6,270.00"
2020-09-29,2020092904002455,RLI,42,13,10,627.00,"6,270.00"
2020-09-29,2020092904002454,RLI,42,42,10,627.00,"6,270.00"
2020-09-29,2020092904002453,RLI,42,42,10,627.00,"6,270.00"
2020-09-29,2020092904002464,RLI,16,6,10,626.00,"6,260.00"
2020-09-29,2020092904002463,RLI,16,47,10,626.00,"6,260.00"
2020-09-29,2020092904002462,RLI,16,28,10,626.00,"6,260.00"
2020-09-29,2020092904002461,RLI,16,39,10,626.00,"6,260.00"
2020-09-29,2020092904002460,RLI,16,14,10,626.00,"6,260.00"
2020-09-29,2020092904002459,RLI,16,58,10,626.00,"6,260.00"
2020-09-29,2020092904002470,RLI,16,32,10,626.00,"6,260.00"
2020-09-29,2020092904002469,RLI,16,57,10,626.00,"6,260.00"
2020-09-29,2020092904002468,RLI,16,22,10,626.00,"6,260.00"
2020-09-29,2020092904002467,RLI,16,39,10,626.00,"6,260.00"
2020-09-29,2020092904002466,RLI,16,49,10,626.00,"6,260.00"
2020-09-29,2020092904002465,RLI,16,51,10,626.00,"6,260.00"
2020-09-29,2020092904002476,RLI,16,28,10,626.00,"6,260.00"
2020-09-29,2020092904002475,RLI,16,32,10,626.00,"6,260.00"
2020-09-29,2020092904002474,RLI,16,38,10,626.00,"6,260.00"
2020-09-29,2020092904002473,RLI,42,42,10,627.00,"6,270.00"
2020-09-29,2020092904002472,RLI,42,36,10,627.00,"6,270.00"
2020-09-29,2020092904002471,RLI,42,56,10,627.00,"6,270.00"
2020-09-29,2020092904002483,RLI,16,6,10,626.00,"6,260.00"
2020-09-29,2020092904002482,RLI,16,49,10,626.00,"6,260.00"
2020-09-29,2020092904002481,RLI,16,56,10,626.00,"6,260.00"
2020-09-29,2020092904002479,RLI,16,32,10,626.00,"6,260.00"
2020-09-29,2020092904002478,RLI,16,58,10,626.00,"6,260.00"
2020-09-29,2020092904002477,RLI,16,42,10,626.00,"6,260.00"
2020-09-29,2020092904002489,RLI,20,42,10,626.00,"6,260.00"
2020-09-29,2020092904002488,RLI,20,47,10,626.00,"6,260.00"
2020-09-29,2020092904002487,RLI,16,32,10,626.00,"6,260.00"
2020-09-29,2020092904002486,RLI,16,42,10,626.00,"6,260.00"
2020-09-29,2020092904002485,RLI,16,32,10,626.00,"6,260.00"
2020-09-29,2020092904002484,RLI,16,38,10,626.00,"6,260.00"
2020-09-29,2020092904002495,RLI,35,35,10,626.00,"6,260.00"
2020-09-29,2020092904002494,RLI,35,57,10,626.00,"6,260.00"
2020-09-29,2020092904002493,RLI,35,32,10,626.00,"6,260.00"
2020-09-29,2020092904002492,RLI,20,51,10,626.00,"6,260.00"
2020-09-29,2020092904002491,RLI,20,32,10,626.00,"6,260.00"
2020-09-29,2020092904002490,RLI,20,47,10,626.00,"6,260.00"
2020-09-29,2020092904002501,RLI,35,32,10,626.00,"6,260.00"
2020-09-29,2020092904002500,RLI,35,42,10,626.00,"6,260.00"
2020-09-29,2020092904002499,RLI,35,51,10,626.00,"6,260.00"
2020-09-29,2020092904002498,RLI,35,29,10,626.00,"6,260.00"
2020-09-29,2020092904002497,RLI,35,13,10,626.00,"6,260.00"
2020-09-29,2020092904002496,RLI,35,38,10,626.00,"6,260.00"
2020-09-29,2020092904002508,RLI,5,41,10,627.00,"6,270.00"
2020-09-29,2020092904002507,RLI,5,47,10,627.00,"6,270.00"
2020-09-29,2020092904002506,RLI,5,52,60,627.00,"37,620.00"
2020-09-29,2020092904002505,RLI,38,52,10,627.00,"6,270.00"
2020-09-29,2020092904002504,RLI,13,47,10,626.00,"6,260.00"
2020-09-29,2020092904002502,RLI,35,49,10,626.00,"6,260.00"
2020-09-29,2020092904002514,RLI,13,42,10,626.00,"6,260.00"
2020-09-29,2020092904002513,RLI,13,36,10,626.00,"6,260.00"
2020-09-29,2020092904002512,RLI,13,35,10,626.00,"6,260.00"
2020-09-29,2020092904002511,RLI,13,59,10,626.00,"6,260.00"
2020-09-29,2020092904002510,RLI,5,32,10,627.00,"6,270.00"
2020-09-29,2020092904002509,RLI,5,41,110,627.00,"68,970.00"
2020-09-29,2020092904002521,RLI,11,13,10,627.00,"6,270.00"
2020-09-29,2020092904002520,RLI,13,28,10,626.00,"6,260.00"
2020-09-29,2020092904002519,RLI,13,35,10,626.00,"6,260.00"
2020-09-29,2020092904002518,RLI,13,47,10,626.00,"6,260.00"
2020-09-29,2020092904002516,RLI,13,59,10,626.00,"6,260.00"
2020-09-29,2020092904002515,RLI,13,6,10,626.00,"6,260.00"
2020-09-29,2020092904002528,RLI,11,36,10,627.00,"6,270.00"
2020-09-29,2020092904002526,RLI,11,39,10,628.00,"6,280.00"
2020-09-29,2020092904002525,RLI,11,39,10,628.00,"6,280.00"
2020-09-29,2020092904002524,RLI,11,39,10,628.00,"6,280.00"
2020-09-29,2020092904002523,RLI,11,39,10,628.00,"6,280.00"
2020-09-29,2020092904002522,RLI,11,22,10,627.00,"6,270.00"
2020-09-29,2020092904002534,RLI,33,32,10,626.00,"6,260.00"
2020-09-29,2020092904002533,RLI,6,44,10,627.00,"6,270.00"
2020-09-29,2020092904002532,RLI,6,32,10,627.00,"6,270.00"
2020-09-29,2020092904002531,RLI,6,47,10,627.00,"6,270.00"
2020-09-29,2020092904002530,RLI,11,45,10,627.00,"6,270.00"
2020-09-29,2020092904002529,RLI,11,41,10,627.00,"6,270.00"
2020-09-29,2020092904002540,RLI,33,16,10,626.00,"6,260.00"
2020-09-29,2020092904002539,RLI,33,28,10,626.00,"6,260.00"
2020-09-29,2020092904002538,RLI,33,6,10,626.00,"6,260.00"
2020-09-29,2020092904002537,RLI,33,38,10,626.00,"6,260.00"
2020-09-29,2020092904002536,RLI,33,32,10,626.00,"6,260.00"
2020-09-29,2020092904002535,RLI,33,59,10,626.00,"6,260.00"
2020-09-29,2020092904002546,RLI,33,6,10,626.00,"6,260.00"
2020-09-29,2020092904002545,RLI,33,32,10,626.00,"6,260.00"
2020-09-29,2020092904002544,RLI,33,34,10,626.00,"6,260.00"
2020-09-29,2020092904002543,RLI,33,47,10,626.00,"6,260.00"
2020-09-29,2020092904002542,RLI,33,38,10,626.00,"6,260.00"
2020-09-29,2020092904002541,RLI,33,38,10,626.00,"6,260.00"
2020-09-29,2020092904002552,RLI,11,32,10,627.00,"6,270.00"
2020-09-29,2020092904002551,RLI,11,39,10,627.00,"6,270.00"
2020-09-29,2020092904002550,RLI,11,41,10,627.00,"6,270.00"
2020-09-29,2020092904002549,RLI,11,41,10,627.00,"6,270.00"
2020-09-29,2020092904002548,RLI,11,44,10,627.00,"6,270.00"
2020-09-29,2020092904002547,RLI,11,34,10,627.00,"6,270.00"
2020-09-29,2020092904002559,RLI,11,32,10,627.00,"6,270.00"
2020-09-29,2020092904002558,RLI,11,40,10,627.00,"6,270.00"
2020-09-29,2020092904002557,RLI,11,38,10,627.00,"6,270.00"
2020-09-29,2020092904002556,RLI,11,38,10,627.00,"6,270.00"
2020-09-29,2020092904002554,RLI,11,14,10,627.00,"6,270.00"
2020-09-29,2020092904002553,RLI,11,37,10,627.00,"6,270.00"
2020-09-29,2020092904002568,RLI,11,44,10,627.00,"6,270.00"
2020-09-29,2020092904002567,RLI,11,6,10,627.00,"6,270.00"
2020-09-29,2020092904002566,RLI,11,17,10,627.00,"6,270.00"
2020-09-29,2020092904002562,RLI,11,45,10,627.00,"6,270.00"
2020-09-29,2020092904002561,RLI,11,56,10,627.00,"6,270.00"
2020-09-29,2020092904002560,RLI,11,40,10,627.00,"6,270.00"
2020-09-29,2020092904002574,RLI,22,26,10,627.00,"6,270.00"
2020-09-29,2020092904002573,RLI,22,11,10,627.00,"6,270.00"
2020-09-29,2020092904002572,RLI,22,39,10,627.00,"6,270.00"
2020-09-29,2020092904002571,RLI,22,32,10,627.00,"6,270.00"
2020-09-29,2020092904002570,RLI,11,44,10,627.00,"6,270.00"
2020-09-29,2020092904002569,RLI,11,32,10,627.00,"6,270.00"
2020-09-29,2020092904002581,RLI,22,11,10,627.00,"6,270.00"
2020-09-29,2020092904002580,RLI,22,44,10,627.00,"6,270.00"
2020-09-29,2020092904002579,RLI,22,19,10,627.00,"6,270.00"
2020-09-29,2020092904002578,RLI,22,46,10,627.00,"6,270.00"
2020-09-29,2020092904002576,RLI,22,42,10,627.00,"6,270.00"
2020-09-29,2020092904002575,RLI,22,44,10,627.00,"6,270.00"
2020-09-29,2020092904002587,RLI,45,17,10,627.00,"6,270.00"
2020-09-29,2020092904002586,RLI,45,11,10,627.00,"6,270.00"
2020-09-29,2020092904002585,RLI,45,32,10,627.00,"6,270.00"
2020-09-29,2020092904002584,RLI,45,26,10,627.00,"6,270.00"
2020-09-29,2020092904002583,RLI,22,44,10,627.00,"6,270.00"
2020-09-29,2020092904002582,RLI,22,45,10,627.00,"6,270.00"
2020-09-29,2020092904002595,RLI,45,32,10,627.00,"6,270.00"
2020-09-29,2020092904002594,RLI,45,11,10,627.00,"6,270.00"
2020-09-29,2020092904002593,RLI,45,49,10,627.00,"6,270.00"
2020-09-29,2020092904002590,RLI,45,8,10,627.00,"6,270.00"
2020-09-29,2020092904002589,RLI,45,49,10,627.00,"6,270.00"
2020-09-29,2020092904002588,RLI,45,57,10,627.00,"6,270.00"
2020-09-29,2020092904002602,RLI,45,59,10,627.00,"6,270.00"
2020-09-29,2020092904002601,RLI,45,42,10,627.00,"6,270.00"
2020-09-29,2020092904002600,RLI,45,32,10,627.00,"6,270.00"
2020-09-29,2020092904002599,RLI,45,54,10,627.00,"6,270.00"
2020-09-29,2020092904002598,RLI,45,57,10,627.00,"6,270.00"
2020-09-29,2020092904002597,RLI,45,51,10,627.00,"6,270.00"
2020-09-29,2020092904002609,RLI,33,46,370,626.00,"231,620.00"
2020-09-29,2020092904002608,RLI,57,46,10,627.00,"6,270.00"
2020-09-29,2020092904002607,RLI,45,46,10,627.00,"6,270.00"
2020-09-29,2020092904002605,RLI,45,42,10,627.00,"6,270.00"
2020-09-29,2020092904002604,RLI,45,32,10,627.00,"6,270.00"
2020-09-29,2020092904002603,RLI,45,57,10,627.00,"6,270.00"
2020-09-29,2020092904002617,RLI,19,42,10,626.00,"6,260.00"
2020-09-29,2020092904002614,RLI,49,3,10,626.00,"6,260.00"
2020-09-29,2020092904002613,RLI,50,32,10,626.00,"6,260.00"
2020-09-29,2020092904002612,RLI,50,46,40,626.00,"25,040.00"
2020-09-29,2020092904002611,RLI,52,46,50,626.00,"31,300.00"
2020-09-29,2020092904002610,RLI,47,46,20,626.00,"12,520.00"
2020-09-29,2020092904002624,RLI,49,4,10,626.00,"6,260.00"
2020-09-29,2020092904002623,RLI,49,32,10,626.00,"6,260.00"
2020-09-29,2020092904002621,RLI,19,32,10,626.00,"6,260.00"
2020-09-29,2020092904002620,RLI,19,13,10,626.00,"6,260.00"
2020-09-29,2020092904002619,RLI,19,51,10,626.00,"6,260.00"
2020-09-29,2020092904002618,RLI,19,3,10,626.00,"6,260.00"
2020-09-29,2020092904002631,RLI,45,32,10,626.00,"6,260.00"
2020-09-29,2020092904002630,RLI,40,25,10,626.00,"6,260.00"
2020-09-29,2020092904002629,RLI,40,49,10,626.00,"6,260.00"
2020-09-29,2020092904002628,RLI,40,48,10,626.00,"6,260.00"
2020-09-29,2020092904002627,RLI,40,32,10,626.00,"6,260.00"
2020-09-29,2020092904002626,RLI,40,45,10,626.00,"6,260.00"
2020-09-29,2020092904002637,RLI,59,32,10,626.00,"6,260.00"
2020-09-29,2020092904002636,RLI,59,6,10,626.00,"6,260.00"
2020-09-29,2020092904002635,RLI,59,49,10,626.00,"6,260.00"
2020-09-29,2020092904002634,RLI,59,13,10,626.00,"6,260.00"
2020-09-29,2020092904002633,RLI,38,49,10,625.00,"6,250.00"
2020-09-29,2020092904002632,RLI,45,46,10,626.00,"6,260.00"
2020-09-29,2020092904002643,RLI,59,44,10,626.00,"6,260.00"
2020-09-29,2020092904002642,RLI,58,43,10,627.00,"6,270.00"
2020-09-29,2020092904002641,RLI,58,45,190,627.00,"119,130.00"
2020-09-29,2020092904002640,RLI,59,47,10,626.00,"6,260.00"
2020-09-29,2020092904002639,RLI,59,58,10,626.00,"6,260.00"
2020-09-29,2020092904002638,RLI,59,32,10,626.00,"6,260.00"
2020-09-29,2020092904002649,RLI,42,38,10,626.00,"6,260.00"
2020-09-29,2020092904002648,RLI,42,58,10,626.00,"6,260.00"
2020-09-29,2020092904002647,RLI,42,44,10,626.00,"6,260.00"
2020-09-29,2020092904002646,RLI,42,49,10,626.00,"6,260.00"
2020-09-29,2020092904002645,RLI,42,44,10,626.00,"6,260.00"
2020-09-29,2020092904002644,RLI,59,48,10,626.00,"6,260.00"
2020-09-29,2020092904002655,RLI,42,49,10,626.00,"6,260.00"
2020-09-29,2020092904002654,RLI,42,44,10,626.00,"6,260.00"
2020-09-29,2020092904002653,RLI,37,34,20,627.00,"12,540.00"
2020-09-29,2020092904002652,RLI,37,36,10,627.00,"6,270.00"
2020-09-29,2020092904002651,RLI,37,28,10,627.00,"6,270.00"
2020-09-29,2020092904002650,RLI,37,36,10,627.00,"6,270.00"
2020-09-29,2020092904002664,RLI,3,3,10,626.00,"6,260.00"
2020-09-29,2020092904002663,RLI,3,47,10,626.00,"6,260.00"
2020-09-29,2020092904002659,RLI,42,35,10,626.00,"6,260.00"
2020-09-29,2020092904002658,RLI,39,34,100,627.00,"62,700.00"
2020-09-29,2020092904002657,RLI,42,58,10,626.00,"6,260.00"
2020-09-29,2020092904002656,RLI,42,44,10,626.00,"6,260.00"
2020-09-29,2020092904002672,RLI,11,45,10,626.00,"6,260.00"
2020-09-29,2020092904002670,RLI,42,44,10,626.00,"6,260.00"
2020-09-29,2020092904002669,RLI,3,35,10,626.00,"6,260.00"
2020-09-29,2020092904002668,RLI,3,21,10,626.00,"6,260.00"
2020-09-29,2020092904002666,RLI,3,44,10,626.00,"6,260.00"
2020-09-29,2020092904002665,RLI,45,34,50,627.00,"31,350.00"
2020-09-29,2020092904002680,RLI,38,44,10,625.00,"6,250.00"
2020-09-29,2020092904002679,RLI,45,13,10,626.00,"6,260.00"
2020-09-29,2020092904002678,RLI,45,44,10,626.00,"6,260.00"
2020-09-29,2020092904002677,RLI,45,34,20,627.00,"12,540.00"
2020-09-29,2020092904002676,RLI,45,59,10,626.00,"6,260.00"
2020-09-29,2020092904002675,RLI,11,43,10,626.00,"6,260.00"
2020-09-29,2020092904002686,RLI,58,58,10,626.00,"6,260.00"
2020-09-29,2020092904002685,RLI,38,36,10,625.00,"6,250.00"
2020-09-29,2020092904002684,RLI,38,44,10,625.00,"6,250.00"
2020-09-29,2020092904002683,RLI,38,38,10,625.00,"6,250.00"
2020-09-29,2020092904002682,RLI,38,44,10,625.00,"6,250.00"
2020-09-29,2020092904002681,RLI,38,41,10,625.00,"6,250.00"
2020-09-29,2020092904002696,RLI,41,58,10,626.00,"6,260.00"
2020-09-29,2020092904002695,RLI,41,29,10,626.00,"6,260.00"
2020-09-29,2020092904002694,RLI,41,47,10,626.00,"6,260.00"
2020-09-29,2020092904002693,RLI,41,59,20,626.00,"12,520.00"
2020-09-29,2020092904002688,RLI,58,47,10,626.00,"6,260.00"
2020-09-29,2020092904002687,RLI,58,41,10,626.00,"6,260.00"
2020-09-29,2020092904002702,RLI,56,52,10,626.00,"6,260.00"
2020-09-29,2020092904002701,RLI,56,38,10,626.00,"6,260.00"
2020-09-29,2020092904002700,RLI,56,45,10,626.00,"6,260.00"
2020-09-29,2020092904002699,RLI,56,50,10,626.00,"6,260.00"
2020-09-29,2020092904002698,RLI,56,26,10,626.00,"6,260.00"
2020-09-29,2020092904002697,RLI,56,42,10,626.00,"6,260.00"
2020-09-29,2020092904002708,RLI,49,43,10,626.00,"6,260.00"
2020-09-29,2020092904002707,RLI,38,3,10,625.00,"6,250.00"
2020-09-29,2020092904002706,RLI,56,43,190,626.00,"118,940.00"
2020-09-29,2020092904002705,RLI,56,38,10,626.00,"6,260.00"
2020-09-29,2020092904002704,RLI,56,50,10,626.00,"6,260.00"
2020-09-29,2020092904002703,RLI,56,40,10,626.00,"6,260.00"
2020-09-29,2020092904002715,RLI,29,38,10,625.00,"6,250.00"
2020-09-29,2020092904002714,RLI,58,43,70,626.00,"43,820.00"
2020-09-29,2020092904002713,RLI,38,41,10,625.00,"6,250.00"
2020-09-29,2020092904002712,RLI,8,43,40,626.00,"25,040.00"
2020-09-29,2020092904002710,RLI,38,41,10,625.00,"6,250.00"
2020-09-29,2020092904002709,RLI,3,43,90,626.00,"56,340.00"
2020-09-29,2020092904002722,RLI,47,44,10,626.00,"6,260.00"
2020-09-29,2020092904002721,RLI,47,13,10,626.00,"6,260.00"
2020-09-29,2020092904002720,RLI,47,42,10,626.00,"6,260.00"
2020-09-29,2020092904002719,RLI,47,45,10,626.00,"6,260.00"
2020-09-29,2020092904002718,RLI,47,38,10,626.00,"6,260.00"
2020-09-29,2020092904002717,RLI,47,43,10,626.00,"6,260.00"
2020-09-29,2020092904002735,RLI,47,58,10,626.00,"6,260.00"
2020-09-29,2020092904002729,RLI,29,3,10,625.00,"6,250.00"
2020-09-29,2020092904002726,RLI,47,47,10,626.00,"6,260.00"
2020-09-29,2020092904002725,RLI,47,58,10,626.00,"6,260.00"
2020-09-29,2020092904002724,RLI,47,45,10,626.00,"6,260.00"
2020-09-29,2020092904002723,RLI,47,57,10,626.00,"6,260.00"
2020-09-29,2020092904002741,RLI,1,58,10,626.00,"6,260.00"
2020-09-29,2020092904002740,RLI,1,45,10,626.00,"6,260.00"
2020-09-29,2020092904002739,RLI,1,47,10,626.00,"6,260.00"
2020-09-29,2020092904002738,RLI,1,58,10,626.00,"6,260.00"
2020-09-29,2020092904002737,RLI,1,14,10,626.00,"6,260.00"
2020-09-29,2020092904002736,RLI,47,14,90,626.00,"56,340.00"
2020-09-29,2020092904002747,RLI,52,34,19,627.00,"11,913.00"
2020-09-29,2020092904002746,RLI,52,58,10,626.00,"6,260.00"
2020-09-29,2020092904002745,RLI,52,16,10,626.00,"6,260.00"
2020-09-29,2020092904002744,RLI,52,58,10,626.00,"6,260.00"
2020-09-29,2020092904002743,RLI,52,58,10,626.00,"6,260.00"
2020-09-29,2020092904002742,RLI,52,36,10,626.00,"6,260.00"
2020-09-29,2020092904002716,SAEF,35,38,200,10.37,"2,074.00"
2020-09-29,2020092904002622,SAEF,7,28,500,10.40,"5,200.00"
2020-09-29,2020092904002616,SAEF,7,29,"1,500",10.39,"15,585.00"
2020-09-29,2020092904002615,SAEF,7,7,100,10.39,"1,039.00"
2020-09-29,2020092904002555,SAEF,35,42,"1,800",10.37,"18,666.00"
2020-09-29,2020092904002728,SEF,6,38,500,9.06,"4,530.00"
2020-09-29,2020092904002349,SEF,6,41,"1,000",9.10,"9,100.00"
2020-09-29,2020092904002425,SFMF,22,17,300,9.10,"2,730.00"
2020-09-29,2020092904002340,SFMF,17,41,200,9.14,"1,828.00"
2020-09-29,2020092904002734,STC,25,19,20,"3,448.00","68,960.00"
2020-09-29,2020092904002733,STC,28,19,40,"3,451.00","138,040.00"
2020-09-29,2020092904002732,STC,45,19,10,"3,452.00","34,520.00"
2020-09-29,2020092904002673,STC,59,19,30,"3,451.00","103,530.00"
2020-09-29,2020092904002527,STC,50,57,30,"3,480.00","104,400.00"
2020-09-29,2020092904002073,BBC,8,18,10,"1,629.00","16,290.00"
2020-09-29,2020092904002072,BBC,8,1,15,"1,625.00","24,375.00"
2020-09-29,2020092904001899,CMF1,58,1,200,11.30,"2,260.00"
2020-09-29,2020092904001898,CMF1,58,22,"10,000",11.30,"113,000.00"
2020-09-29,2020092904001897,CMF1,58,21,"1,000",11.30,"11,300.00"
2020-09-29,2020092904001896,CMF1,58,45,400,11.29,"4,516.00"
2020-09-29,2020092904001895,CMF1,58,51,310,11.25,"3,487.50"
2020-09-29,2020092904001754,CMF1,7,43,200,11.10,"2,220.00"
2020-09-29,2020092904001852,GIMES1,34,32,"2,000",9.12,"18,240.00"
2020-09-29,2020092904002182,LUK,32,49,300,8.79,"2,637.00"
2020-09-29,2020092904002181,LUK,32,19,200,8.79,"1,758.00"
2020-09-29,2020092904001862,LUK,38,5,200,8.78,"1,756.00"
2020-09-29,2020092904001793,LUK,32,49,100,8.79,879.00
2020-09-29,2020092904002105,NBF2,26,10,"5,000",9.00,"45,000.00"
2020-09-29,2020092904002196,NEF,22,11,"2,414",8.90,"21,484.60"
2020-09-29,2020092904002173,NEF,17,22,483,8.86,"4,279.38"
2020-09-29,2020092904002053,NEF,50,22,800,8.93,"7,144.00"
2020-09-29,2020092904002047,NEF,50,41,"3,621",8.93,"32,335.53"
2020-09-29,2020092904001877,NEF,50,22,"2,000",8.93,"17,860.00"
2020-09-29,2020092904001848,NEF,22,25,"2,366",8.90,"21,057.40"
2020-09-29,2020092904001803,NEF,6,25,483,8.85,"4,274.55"
2020-09-29,2020092904002233,NIBLPF,22,43,"1,529",8.70,"13,302.30"
2020-09-29,2020092904002220,NIBPO,34,32,200,361.00,"72,200.00"
2020-09-29,2020092904002179,NIBPO,40,5,54,362.00,"19,548.00"
2020-09-29,2020092904002100,NIBPO,47,47,9,355.00,"3,195.00"
2020-09-29,2020092904002088,NIBPO,47,47,8,355.00,"2,840.00"
2020-09-29,2020092904002063,NIBPO,40,13,346,362.00,"125,252.00"
2020-09-29,2020092904002062,NIBPO,34,13,"1,654",362.00,"598,748.00"
2020-09-29,2020092904002056,NIBPO,34,56,112,362.00,"40,544.00"
2020-09-29,2020092904001997,NIBPO,34,52,200,362.00,"72,400.00"
2020-09-29,2020092904002019,NICD83/84,13,45,25,"1,023.00","25,575.00"
2020-09-29,2020092904002098,NICGF,11,16,100,9.35,935.00
2020-09-29,2020092904001902,NMB50,16,19,200,9.31,"1,862.00"
2020-09-29,2020092904002134,RBCLPO,33,34,20,"10,148.00","202,960.00"
2020-09-29,2020092904002133,RBCLPO,32,34,10,"10,149.00","101,490.00"
2020-09-29,2020092904002132,RBCLPO,32,34,10,"10,150.00","101,500.00"
2020-09-29,2020092904002131,RBCLPO,54,34,50,"10,157.00","507,850.00"
2020-09-29,2020092904002130,RBCLPO,4,34,10,"10,158.00","101,580.00"
2020-09-29,2020092904002253,RLI,41,32,10,626.00,"6,260.00"
2020-09-29,2020092904002252,RLI,41,37,10,626.00,"6,260.00"
2020-09-29,2020092904002251,RLI,41,48,10,626.00,"6,260.00"
2020-09-29,2020092904002250,RLI,41,26,10,626.00,"6,260.00"
2020-09-29,2020092904002249,RLI,41,26,10,626.00,"6,260.00"
2020-09-29,2020092904002248,RLI,41,54,10,626.00,"6,260.00"
2020-09-29,2020092904001758,RLI,58,7,10,627.00,"6,270.00"
2020-09-29,2020092904001757,RLI,56,19,10,627.00,"6,270.00"
2020-09-29,2020092904001756,RLI,56,34,10,627.00,"6,270.00"
2020-09-29,2020092904001755,RLI,56,17,10,627.00,"6,270.00"
2020-09-29,2020092904001764,RLI,58,17,10,627.00,"6,270.00"
2020-09-29,2020092904001763,RLI,58,43,10,627.00,"6,270.00"
2020-09-29,2020092904001762,RLI,58,7,10,627.00,"6,270.00"
2020-09-29,2020092904001761,RLI,58,34,10,627.00,"6,270.00"
2020-09-29,2020092904001760,RLI,58,17,10,627.00,"6,270.00"
2020-09-29,2020092904001759,RLI,58,40,10,627.00,"6,270.00"
2020-09-29,2020092904001770,RLI,58,40,10,627.00,"6,270.00"
2020-09-29,2020092904001769,RLI,58,17,10,627.00,"6,270.00"
2020-09-29,2020092904001768,RLI,58,44,10,627.00,"6,270.00"
2020-09-29,2020092904001767,RLI,58,34,10,627.00,"6,270.00"
2020-09-29,2020092904001766,RLI,58,38,10,627.00,"6,270.00"
2020-09-29,2020092904001765,RLI,58,7,10,627.00,"6,270.00"
2020-09-29,2020092904001776,RLI,58,21,10,627.00,"6,270.00"
2020-09-29,2020092904001775,RLI,58,58,10,627.00,"6,270.00"
2020-09-29,2020092904001774,RLI,58,21,10,627.00,"6,270.00"
2020-09-29,2020092904001773,RLI,58,35,10,627.00,"6,270.00"
2020-09-29,2020092904001772,RLI,58,17,10,627.00,"6,270.00"
2020-09-29,2020092904001771,RLI,58,22,10,627.00,"6,270.00"
2020-09-29,2020092904001782,RLI,16,11,10,627.00,"6,270.00"
2020-09-29,2020092904001781,RLI,16,25,10,627.00,"6,270.00"
2020-09-29,2020092904001780,RLI,17,53,10,627.00,"6,270.00"
2020-09-29,2020092904001779,RLI,17,22,10,627.00,"6,270.00"
2020-09-29,2020092904001778,RLI,17,41,10,627.00,"6,270.00"
2020-09-29,2020092904001777,RLI,17,37,10,627.00,"6,270.00"
2020-09-29,2020092904001788,RLI,58,39,10,628.00,"6,280.00"
2020-09-29,2020092904001787,RLI,58,54,10,628.00,"6,280.00"
2020-09-29,2020092904001786,RLI,58,58,10,628.00,"6,280.00"
2020-09-29,2020092904001785,RLI,58,17,10,628.00,"6,280.00"
2020-09-29,2020092904001784,RLI,16,22,10,627.00,"6,270.00"
2020-09-29,2020092904001783,RLI,16,22,10,627.00,"6,270.00"
2020-09-29,2020092904001796,RLI,58,37,10,628.00,"6,280.00"
2020-09-29,2020092904001794,RLI,58,11,10,628.00,"6,280.00"
2020-09-29,2020092904001792,RLI,58,45,10,628.00,"6,280.00"
2020-09-29,2020092904001791,RLI,58,58,10,628.00,"6,280.00"
2020-09-29,2020092904001790,RLI,58,40,10,628.00,"6,280.00"
2020-09-29,2020092904001789,RLI,58,42,10,628.00,"6,280.00"
2020-09-29,2020092904001802,RLI,58,41,10,628.00,"6,280.00"
2020-09-29,2020092904001801,RLI,58,39,10,628.00,"6,280.00"
2020-09-29,2020092904001800,RLI,58,49,10,628.00,"6,280.00"
2020-09-29,2020092904001799,RLI,58,21,10,628.00,"6,280.00"
2020-09-29,2020092904001798,RLI,58,11,10,628.00,"6,280.00"
2020-09-29,2020092904001797,RLI,58,49,10,628.00,"6,280.00"
2020-09-29,2020092904001809,RLI,42,19,10,629.00,"6,290.00"
2020-09-29,2020092904001808,RLI,42,54,10,629.00,"6,290.00"
2020-09-29,2020092904001807,RLI,42,49,10,629.00,"6,290.00"
2020-09-29,2020092904001806,RLI,42,49,10,629.00,"6,290.00"
2020-09-29,2020092904001805,RLI,58,22,10,628.00,"6,280.00"
2020-09-29,2020092904001804,RLI,58,49,10,628.00,"6,280.00"
2020-09-29,2020092904001816,RLI,58,6,10,628.00,"6,280.00"
2020-09-29,2020092904001815,RLI,58,14,10,628.00,"6,280.00"
2020-09-29,2020092904001814,RLI,58,21,10,628.00,"6,280.00"
2020-09-29,2020092904001813,RLI,58,38,10,628.00,"6,280.00"
2020-09-29,2020092904001811,RLI,48,58,10,629.00,"6,290.00"
2020-09-29,2020092904001810,RLI,42,58,10,629.00,"6,290.00"
2020-09-29,2020092904001822,RLI,58,38,10,628.00,"6,280.00"
2020-09-29,2020092904001821,RLI,58,39,10,628.00,"6,280.00"
2020-09-29,2020092904001820,RLI,58,14,10,628.00,"6,280.00"
2020-09-29,2020092904001819,RLI,58,14,10,628.00,"6,280.00"
2020-09-29,2020092904001818,RLI,58,38,10,628.00,"6,280.00"
2020-09-29,2020092904001817,RLI,58,45,10,628.00,"6,280.00"
2020-09-29,2020092904001828,RLI,58,39,10,628.00,"6,280.00"
2020-09-29,2020092904001827,RLI,58,14,10,628.00,"6,280.00"
2020-09-29,2020092904001826,RLI,58,42,10,628.00,"6,280.00"
2020-09-29,2020092904001825,RLI,58,35,10,628.00,"6,280.00"
2020-09-29,2020092904001824,RLI,58,45,210,628.00,"131,880.00"
2020-09-29,2020092904001823,RLI,58,14,10,628.00,"6,280.00"
2020-09-29,2020092904001834,RLI,58,21,10,628.00,"6,280.00"
2020-09-29,2020092904001833,RLI,58,5,200,628.00,"125,600.00"
2020-09-29,2020092904001832,RLI,58,58,10,628.00,"6,280.00"
2020-09-29,2020092904001831,RLI,58,43,10,628.00,"6,280.00"
2020-09-29,2020092904001830,RLI,58,16,10,628.00,"6,280.00"
2020-09-29,2020092904001829,RLI,58,42,10,628.00,"6,280.00"
2020-09-29,2020092904001840,RLI,58,19,10,628.00,"6,280.00"
2020-09-29,2020092904001839,RLI,58,5,10,628.00,"6,280.00"
2020-09-29,2020092904001838,RLI,58,45,10,628.00,"6,280.00"
2020-09-29,2020092904001837,RLI,58,48,10,628.00,"6,280.00"
2020-09-29,2020092904001836,RLI,58,45,10,628.00,"6,280.00"
2020-09-29,2020092904001835,RLI,58,34,10,628.00,"6,280.00"
2020-09-29,2020092904001846,RLI,58,38,10,628.00,"6,280.00"
2020-09-29,2020092904001845,RLI,58,7,10,628.00,"6,280.00"
2020-09-29,2020092904001844,RLI,58,45,10,628.00,"6,280.00"
2020-09-29,2020092904001843,RLI,58,48,10,628.00,"6,280.00"
2020-09-29,2020092904001842,RLI,58,43,10,628.00,"6,280.00"
2020-09-29,2020092904001841,RLI,58,51,10,628.00,"6,280.00"
2020-09-29,2020092904001854,RLI,58,38,10,628.00,"6,280.00"
2020-09-29,2020092904001853,RLI,58,21,10,628.00,"6,280.00"
2020-09-29,2020092904001851,RLI,58,38,10,628.00,"6,280.00"
2020-09-29,2020092904001850,RLI,58,59,10,628.00,"6,280.00"
2020-09-29,2020092904001849,RLI,58,13,10,628.00,"6,280.00"
2020-09-29,2020092904001847,RLI,58,22,10,628.00,"6,280.00"
2020-09-29,2020092904001860,RLI,26,49,10,628.00,"6,280.00"
2020-09-29,2020092904001859,RLI,26,39,10,628.00,"6,280.00"
2020-09-29,2020092904001858,RLI,26,26,10,628.00,"6,280.00"
2020-09-29,2020092904001857,RLI,58,48,10,628.00,"6,280.00"
2020-09-29,2020092904001856,RLI,58,6,10,628.00,"6,280.00"
2020-09-29,2020092904001855,RLI,58,45,10,628.00,"6,280.00"
2020-09-29,2020092904001867,RLI,26,6,10,628.00,"6,280.00"
2020-09-29,2020092904001866,RLI,26,37,10,628.00,"6,280.00"
2020-09-29,2020092904001865,RLI,26,26,10,628.00,"6,280.00"
2020-09-29,2020092904001864,RLI,26,39,10,628.00,"6,280.00"
2020-09-29,2020092904001863,RLI,26,26,10,628.00,"6,280.00"
2020-09-29,2020092904001861,RLI,26,59,10,628.00,"6,280.00"
2020-09-29,2020092904001873,RLI,42,57,10,628.00,"6,280.00"
2020-09-29,2020092904001872,RLI,26,14,10,628.00,"6,280.00"
2020-09-29,2020092904001871,RLI,26,39,10,628.00,"6,280.00"
2020-09-29,2020092904001870,RLI,26,17,10,628.00,"6,280.00"
2020-09-29,2020092904001869,RLI,26,39,10,628.00,"6,280.00"
2020-09-29,2020092904001868,RLI,26,14,10,628.00,"6,280.00"
2020-09-29,2020092904001880,RLI,16,47,10,627.00,"6,270.00"
2020-09-29,2020092904001879,RLI,16,42,10,627.00,"6,270.00"
2020-09-29,2020092904001878,RLI,42,8,10,628.00,"6,280.00"
2020-09-29,2020092904001876,RLI,42,42,10,628.00,"6,280.00"
2020-09-29,2020092904001875,RLI,42,7,10,628.00,"6,280.00"
2020-09-29,2020092904001874,RLI,42,33,10,628.00,"6,280.00"
2020-09-29,2020092904001886,RLI,35,38,10,629.00,"6,290.00"
2020-09-29,2020092904001885,RLI,32,14,10,627.00,"6,270.00"
2020-09-29,2020092904001884,RLI,16,45,10,627.00,"6,270.00"
2020-09-29,2020092904001883,RLI,16,38,10,627.00,"6,270.00"
2020-09-29,2020092904001882,RLI,16,26,10,627.00,"6,270.00"
2020-09-29,2020092904001881,RLI,16,56,10,627.00,"6,270.00"
2020-09-29,2020092904001892,RLI,32,8,10,627.00,"6,270.00"
2020-09-29,2020092904001891,RLI,32,47,10,627.00,"6,270.00"
2020-09-29,2020092904001890,RLI,32,26,10,627.00,"6,270.00"
2020-09-29,2020092904001889,RLI,32,14,10,627.00,"6,270.00"
2020-09-29,2020092904001888,RLI,32,14,10,627.00,"6,270.00"
2020-09-29,2020092904001887,RLI,32,45,10,627.00,"6,270.00"
2020-09-29,2020092904001904,RLI,32,57,10,627.00,"6,270.00"
2020-09-29,2020092904001903,RLI,32,14,10,627.00,"6,270.00"
2020-09-29,2020092904001901,RLI,32,44,10,627.00,"6,270.00"
2020-09-29,2020092904001900,RLI,32,39,10,627.00,"6,270.00"
2020-09-29,2020092904001894,RLI,32,14,10,627.00,"6,270.00"
2020-09-29,2020092904001893,RLI,32,14,10,627.00,"6,270.00"
2020-09-29,2020092904001910,RLI,32,10,10,627.00,"6,270.00"
2020-09-29,2020092904001909,RLI,32,26,10,627.00,"6,270.00"
2020-09-29,2020092904001908,RLI,32,49,10,627.00,"6,270.00"
2020-09-29,2020092904001907,RLI,32,46,10,627.00,"6,270.00"
2020-09-29,2020092904001906,RLI,32,26,10,627.00,"6,270.00"
2020-09-29,2020092904001905,RLI,32,21,10,627.00,"6,270.00"
2020-09-29,2020092904001917,RLI,32,45,10,627.00,"6,270.00"
2020-09-29,2020092904001916,RLI,32,29,10,627.00,"6,270.00"
2020-09-29,2020092904001915,RLI,32,40,10,627.00,"6,270.00"
2020-09-29,2020092904001914,RLI,32,26,10,627.00,"6,270.00"
2020-09-29,2020092904001913,RLI,32,39,10,627.00,"6,270.00"
2020-09-29,2020092904001912,RLI,32,5,10,627.00,"6,270.00"
2020-09-29,2020092904001923,RLI,13,58,10,627.00,"6,270.00"
2020-09-29,2020092904001922,RLI,32,39,10,627.00,"6,270.00"
2020-09-29,2020092904001921,RLI,32,21,10,627.00,"6,270.00"
2020-09-29,2020092904001920,RLI,32,26,10,627.00,"6,270.00"
2020-09-29,2020092904001919,RLI,32,37,10,627.00,"6,270.00"
2020-09-29,2020092904001918,RLI,32,39,10,627.00,"6,270.00"
2020-09-29,2020092904001929,RLI,16,43,10,628.00,"6,280.00"
2020-09-29,2020092904001928,RLI,16,38,106,628.00,"66,568.00"
2020-09-29,2020092904001927,RLI,16,32,10,628.00,"6,280.00"
2020-09-29,2020092904001926,RLI,16,48,10,628.00,"6,280.00"
2020-09-29,2020092904001925,RLI,13,39,10,627.00,"6,270.00"
2020-09-29,2020092904001924,RLI,13,46,10,627.00,"6,270.00"
2020-09-29,2020092904001935,RLI,13,37,10,627.00,"6,270.00"
2020-09-29,2020092904001934,RLI,13,46,10,627.00,"6,270.00"
2020-09-29,2020092904001933,RLI,13,14,10,627.00,"6,270.00"
2020-09-29,2020092904001932,RLI,13,14,10,627.00,"6,270.00"
2020-09-29,2020092904001931,RLI,13,39,10,627.00,"6,270.00"
2020-09-29,2020092904001930,RLI,13,25,10,627.00,"6,270.00"
2020-09-29,2020092904001941,RLI,28,14,10,627.00,"6,270.00"
2020-09-29,2020092904001940,RLI,28,40,10,627.00,"6,270.00"
2020-09-29,2020092904001939,RLI,28,36,10,627.00,"6,270.00"
2020-09-29,2020092904001938,RLI,42,8,10,627.00,"6,270.00"
2020-09-29,2020092904001937,RLI,42,14,10,627.00,"6,270.00"
2020-09-29,2020092904001936,RLI,13,39,10,627.00,"6,270.00"
2020-09-29,2020092904001947,RLI,56,41,10,627.00,"6,270.00"
2020-09-29,2020092904001946,RLI,28,22,10,627.00,"6,270.00"
2020-09-29,2020092904001945,RLI,28,39,10,627.00,"6,270.00"
2020-09-29,2020092904001944,RLI,1,46,20,629.00,"12,580.00"
2020-09-29,2020092904001943,RLI,1,44,10,628.00,"6,280.00"
2020-09-29,2020092904001942,RLI,1,21,10,628.00,"6,280.00"
2020-09-29,2020092904001953,RLI,56,14,10,627.00,"6,270.00"
2020-09-29,2020092904001952,RLI,56,25,10,627.00,"6,270.00"
2020-09-29,2020092904001951,RLI,56,39,10,627.00,"6,270.00"
2020-09-29,2020092904001950,RLI,56,37,10,627.00,"6,270.00"
2020-09-29,2020092904001949,RLI,56,39,10,627.00,"6,270.00"
2020-09-29,2020092904001948,RLI,56,21,10,627.00,"6,270.00"
2020-09-29,2020092904001959,RLI,14,48,10,626.00,"6,260.00"
2020-09-29,2020092904001958,RLI,14,42,10,626.00,"6,260.00"
2020-09-29,2020092904001957,RLI,11,39,10,627.00,"6,270.00"
2020-09-29,2020092904001956,RLI,56,37,10,627.00,"6,270.00"
2020-09-29,2020092904001955,RLI,56,41,10,627.00,"6,270.00"
2020-09-29,2020092904001954,RLI,56,53,10,627.00,"6,270.00"
2020-09-29,2020092904001965,RLI,3,14,10,627.00,"6,270.00"
2020-09-29,2020092904001964,RLI,59,8,10,626.00,"6,260.00"
2020-09-29,2020092904001963,RLI,11,42,10,626.00,"6,260.00"
2020-09-29,2020092904001962,RLI,11,8,10,626.00,"6,260.00"
2020-09-29,2020092904001961,RLI,14,8,10,626.00,"6,260.00"
2020-09-29,2020092904001960,RLI,14,8,10,626.00,"6,260.00"
2020-09-29,2020092904001971,RLI,3,58,10,627.00,"6,270.00"
2020-09-29,2020092904001970,RLI,3,41,10,627.00,"6,270.00"
2020-09-29,2020092904001969,RLI,3,58,10,627.00,"6,270.00"
2020-09-29,2020092904001968,RLI,3,14,10,627.00,"6,270.00"
2020-09-29,2020092904001967,RLI,3,14,10,627.00,"6,270.00"
2020-09-29,2020092904001966,RLI,3,14,10,627.00,"6,270.00"
2020-09-29,2020092904001977,RLI,3,14,10,627.00,"6,270.00"
2020-09-29,2020092904001976,RLI,3,41,10,627.00,"6,270.00"
2020-09-29,2020092904001975,RLI,3,14,10,627.00,"6,270.00"
2020-09-29,2020092904001974,RLI,3,41,10,627.00,"6,270.00"
2020-09-29,2020092904001973,RLI,3,41,10,627.00,"6,270.00"
2020-09-29,2020092904001972,RLI,3,14,10,627.00,"6,270.00"
2020-09-29,2020092904001983,RLI,3,40,10,627.00,"6,270.00"
2020-09-29,2020092904001982,RLI,3,42,10,627.00,"6,270.00"
2020-09-29,2020092904001981,RLI,3,58,10,627.00,"6,270.00"
2020-09-29,2020092904001980,RLI,3,39,10,627.00,"6,270.00"
2020-09-29,2020092904001979,RLI,3,37,10,627.00,"6,270.00"
2020-09-29,2020092904001978,RLI,3,37,10,627.00,"6,270.00"
2020-09-29,2020092904001989,RLI,3,14,10,627.00,"6,270.00"
2020-09-29,2020092904001988,RLI,3,41,10,627.00,"6,270.00"
2020-09-29,2020092904001987,RLI,59,45,10,626.00,"6,260.00"
2020-09-29,2020092904001986,RLI,59,5,10,626.00,"6,260.00"
2020-09-29,2020092904001985,RLI,3,36,10,627.00,"6,270.00"
2020-09-29,2020092904001984,RLI,3,37,10,627.00,"6,270.00"
2020-09-29,2020092904001995,RLI,22,39,10,627.00,"6,270.00"
2020-09-29,2020092904001994,RLI,22,36,10,627.00,"6,270.00"
2020-09-29,2020092904001993,RLI,22,14,10,627.00,"6,270.00"
2020-09-29,2020092904001992,RLI,22,14,10,627.00,"6,270.00"
2020-09-29,2020092904001991,RLI,3,58,10,627.00,"6,270.00"
2020-09-29,2020092904001990,RLI,3,14,10,627.00,"6,270.00"
2020-09-29,2020092904002002,RLI,3,16,10,627.00,"6,270.00"
2020-09-29,2020092904002001,RLI,3,39,10,627.00,"6,270.00"
2020-09-29,2020092904002000,RLI,3,45,10,627.00,"6,270.00"
2020-09-29,2020092904001999,RLI,3,14,10,627.00,"6,270.00"
2020-09-29,2020092904001998,RLI,59,1,10,626.00,"6,260.00"
2020-09-29,2020092904001996,RLI,22,48,10,627.00,"6,270.00"
2020-09-29,2020092904002008,RLI,3,45,10,627.00,"6,270.00"
2020-09-29,2020092904002007,RLI,3,21,10,627.00,"6,270.00"
2020-09-29,2020092904002006,RLI,3,45,10,627.00,"6,270.00"
2020-09-29,2020092904002005,RLI,3,1,10,627.00,"6,270.00"
2020-09-29,2020092904002004,RLI,3,45,10,627.00,"6,270.00"
2020-09-29,2020092904002003,RLI,3,58,10,627.00,"6,270.00"
2020-09-29,2020092904002014,RLI,11,47,10,627.00,"6,270.00"
2020-09-29,2020092904002013,RLI,3,39,10,627.00,"6,270.00"
2020-09-29,2020092904002012,RLI,3,47,10,627.00,"6,270.00"
2020-09-29,2020092904002011,RLI,3,58,10,627.00,"6,270.00"
2020-09-29,2020092904002010,RLI,3,17,10,627.00,"6,270.00"
2020-09-29,2020092904002009,RLI,3,58,10,627.00,"6,270.00"
2020-09-29,2020092904002021,RLI,59,25,10,626.00,"6,260.00"
2020-09-29,2020092904002020,RLI,59,16,10,626.00,"6,260.00"
2020-09-29,2020092904002018,RLI,11,26,460,627.00,"288,420.00"
2020-09-29,2020092904002017,RLI,11,17,10,627.00,"6,270.00"
2020-09-29,2020092904002016,RLI,11,25,10,627.00,"6,270.00"
2020-09-29,2020092904002015,RLI,11,36,10,627.00,"6,270.00"
2020-09-29,2020092904002027,RLI,38,1,10,626.00,"6,260.00"
2020-09-29,2020092904002026,RLI,59,22,10,626.00,"6,260.00"
2020-09-29,2020092904002025,RLI,59,16,10,626.00,"6,260.00"
2020-09-29,2020092904002024,RLI,16,26,40,627.00,"25,080.00"
2020-09-29,2020092904002023,RLI,59,17,10,626.00,"6,260.00"
2020-09-29,2020092904002022,RLI,59,21,10,626.00,"6,260.00"
2020-09-29,2020092904002033,RLI,26,49,10,626.00,"6,260.00"
2020-09-29,2020092904002032,RLI,26,1,10,626.00,"6,260.00"
2020-09-29,2020092904002031,RLI,38,47,10,626.00,"6,260.00"
2020-09-29,2020092904002030,RLI,38,16,10,626.00,"6,260.00"
2020-09-29,2020092904002029,RLI,38,21,10,626.00,"6,260.00"
2020-09-29,2020092904002028,RLI,38,39,10,626.00,"6,260.00"
2020-09-29,2020092904002040,RLI,16,14,10,627.00,"6,270.00"
2020-09-29,2020092904002039,RLI,16,16,10,627.00,"6,270.00"
2020-09-29,2020092904002038,RLI,16,28,10,627.00,"6,270.00"
2020-09-29,2020092904002037,RLI,16,44,10,627.00,"6,270.00"
2020-09-29,2020092904002036,RLI,26,16,10,626.00,"6,260.00"
2020-09-29,2020092904002035,RLI,26,33,10,626.00,"6,260.00"
2020-09-29,2020092904002046,RLI,16,14,10,627.00,"6,270.00"
2020-09-29,2020092904002045,RLI,16,47,10,627.00,"6,270.00"
2020-09-29,2020092904002044,RLI,16,7,10,627.00,"6,270.00"
2020-09-29,2020092904002043,RLI,16,28,10,627.00,"6,270.00"
2020-09-29,2020092904002042,RLI,16,36,10,627.00,"6,270.00"
2020-09-29,2020092904002041,RLI,16,57,10,627.00,"6,270.00"
2020-09-29,2020092904002055,RLI,26,57,10,626.00,"6,260.00"
2020-09-29,2020092904002052,RLI,26,21,10,626.00,"6,260.00"
2020-09-29,2020092904002051,RLI,26,58,10,626.00,"6,260.00"
2020-09-29,2020092904002050,RLI,26,28,10,626.00,"6,260.00"
2020-09-29,2020092904002049,RLI,26,16,10,626.00,"6,260.00"
2020-09-29,2020092904002048,RLI,26,47,10,626.00,"6,260.00"
2020-09-29,2020092904002064,RLI,25,21,10,626.00,"6,260.00"
2020-09-29,2020092904002061,RLI,25,47,10,626.00,"6,260.00"
2020-09-29,2020092904002060,RLI,25,57,10,626.00,"6,260.00"
2020-09-29,2020092904002059,RLI,25,21,10,626.00,"6,260.00"
2020-09-29,2020092904002058,RLI,25,57,10,626.00,"6,260.00"
2020-09-29,2020092904002057,RLI,25,19,10,626.00,"6,260.00"
2020-09-29,2020092904002070,RLI,11,29,10,626.00,"6,260.00"
2020-09-29,2020092904002069,RLI,11,52,10,626.00,"6,260.00"
2020-09-29,2020092904002068,RLI,11,39,10,626.00,"6,260.00"
2020-09-29,2020092904002067,RLI,25,51,10,626.00,"6,260.00"
2020-09-29,2020092904002066,RLI,25,7,10,626.00,"6,260.00"
2020-09-29,2020092904002065,RLI,25,29,10,626.00,"6,260.00"
2020-09-29,2020092904002078,RLI,53,49,10,627.00,"6,270.00"
2020-09-29,2020092904002077,RLI,13,26,10,626.00,"6,260.00"
2020-09-29,2020092904002076,RLI,13,21,10,626.00,"6,260.00"
2020-09-29,2020092904002075,RLI,13,37,10,626.00,"6,260.00"
2020-09-29,2020092904002074,RLI,11,47,10,626.00,"6,260.00"
2020-09-29,2020092904002071,RLI,11,39,10,626.00,"6,260.00"
2020-09-29,2020092904002084,RLI,13,39,10,626.00,"6,260.00"
2020-09-29,2020092904002083,RLI,13,58,10,626.00,"6,260.00"
2020-09-29,2020092904002082,RLI,13,37,10,626.00,"6,260.00"
2020-09-29,2020092904002081,RLI,13,13,10,626.00,"6,260.00"
2020-09-29,2020092904002080,RLI,13,44,10,626.00,"6,260.00"
2020-09-29,2020092904002079,RLI,53,32,10,627.00,"6,270.00"
2020-09-29,2020092904002091,RLI,13,7,10,626.00,"6,260.00"
2020-09-29,2020092904002090,RLI,13,37,10,626.00,"6,260.00"
2020-09-29,2020092904002089,RLI,13,47,10,626.00,"6,260.00"
2020-09-29,2020092904002087,RLI,13,42,10,626.00,"6,260.00"
2020-09-29,2020092904002086,RLI,13,22,10,626.00,"6,260.00"
2020-09-29,2020092904002085,RLI,13,37,10,626.00,"6,260.00"
2020-09-29,2020092904002097,RLI,13,29,10,626.00,"6,260.00"
2020-09-29,2020092904002096,RLI,13,7,10,626.00,"6,260.00"
2020-09-29,2020092904002095,RLI,13,26,10,626.00,"6,260.00"
2020-09-29,2020092904002094,RLI,13,57,10,626.00,"6,260.00"
2020-09-29,2020092904002093,RLI,13,44,10,626.00,"6,260.00"
2020-09-29,2020092904002092,RLI,13,58,10,626.00,"6,260.00"
2020-09-29,2020092904002106,RLI,13,59,10,626.00,"6,260.00"
2020-09-29,2020092904002104,RLI,13,37,10,626.00,"6,260.00"
2020-09-29,2020092904002103,RLI,13,38,10,626.00,"6,260.00"
2020-09-29,2020092904002102,RLI,13,21,10,626.00,"6,260.00"
2020-09-29,2020092904002101,RLI,13,42,10,626.00,"6,260.00"
2020-09-29,2020092904002099,RLI,29,39,10,628.00,"6,280.00"
2020-09-29,2020092904002112,RLI,13,21,10,626.00,"6,260.00"
2020-09-29,2020092904002111,RLI,13,47,10,626.00,"6,260.00"
2020-09-29,2020092904002110,RLI,13,44,10,626.00,"6,260.00"
2020-09-29,2020092904002109,RLI,13,51,10,626.00,"6,260.00"
2020-09-29,2020092904002108,RLI,13,39,10,626.00,"6,260.00"
2020-09-29,2020092904002107,RLI,13,52,10,626.00,"6,260.00"
2020-09-29,2020092904002118,RLI,13,36,10,626.00,"6,260.00"
2020-09-29,2020092904002117,RLI,13,22,10,626.00,"6,260.00"
2020-09-29,2020092904002116,RLI,13,7,10,626.00,"6,260.00"
2020-09-29,2020092904002115,RLI,13,21,10,626.00,"6,260.00"
2020-09-29,2020092904002114,RLI,13,59,10,626.00,"6,260.00"
2020-09-29,2020092904002113,RLI,13,38,10,626.00,"6,260.00"
2020-09-29,2020092904002124,RLI,13,45,10,626.00,"6,260.00"
2020-09-29,2020092904002123,RLI,13,37,10,626.00,"6,260.00"
2020-09-29,2020092904002122,RLI,13,22,10,626.00,"6,260.00"
2020-09-29,2020092904002121,RLI,13,56,10,626.00,"6,260.00"
2020-09-29,2020092904002120,RLI,13,42,10,626.00,"6,260.00"
2020-09-29,2020092904002119,RLI,13,7,10,626.00,"6,260.00"
2020-09-29,2020092904002135,RLI,13,22,10,626.00,"6,260.00"
2020-09-29,2020092904002129,RLI,13,6,10,626.00,"6,260.00"
2020-09-29,2020092904002128,RLI,13,39,10,626.00,"6,260.00"
2020-09-29,2020092904002127,RLI,13,44,10,626.00,"6,260.00"
2020-09-29,2020092904002126,RLI,13,47,10,626.00,"6,260.00"
2020-09-29,2020092904002125,RLI,13,21,10,626.00,"6,260.00"
2020-09-29,2020092904002141,RLI,19,44,10,626.00,"6,260.00"
2020-09-29,2020092904002140,RLI,19,47,10,626.00,"6,260.00"
2020-09-29,2020092904002139,RLI,1,58,10,626.00,"6,260.00"
2020-09-29,2020092904002138,RLI,1,48,10,626.00,"6,260.00"
2020-09-29,2020092904002137,RLI,1,53,10,626.00,"6,260.00"
2020-09-29,2020092904002136,RLI,13,22,10,626.00,"6,260.00"
2020-09-29,2020092904002147,RLI,55,42,10,627.00,"6,270.00"
2020-09-29,2020092904002146,RLI,14,3,10,626.00,"6,260.00"
2020-09-29,2020092904002145,RLI,14,52,10,626.00,"6,260.00"
2020-09-29,2020092904002144,RLI,19,21,10,626.00,"6,260.00"
2020-09-29,2020092904002143,RLI,19,22,10,626.00,"6,260.00"
2020-09-29,2020092904002142,RLI,19,55,10,626.00,"6,260.00"
2020-09-29,2020092904002153,RLI,14,16,10,626.00,"6,260.00"
2020-09-29,2020092904002152,RLI,14,43,10,626.00,"6,260.00"
2020-09-29,2020092904002151,RLI,14,4,10,626.00,"6,260.00"
2020-09-29,2020092904002150,RLI,55,58,10,627.00,"6,270.00"
2020-09-29,2020092904002149,RLI,55,56,10,627.00,"6,270.00"
2020-09-29,2020092904002148,RLI,55,3,10,627.00,"6,270.00"
2020-09-29,2020092904002162,RLI,16,52,120,627.00,"75,240.00"
2020-09-29,2020092904002161,RLI,14,38,10,626.00,"6,260.00"
2020-09-29,2020092904002160,RLI,14,39,10,626.00,"6,260.00"
2020-09-29,2020092904002157,RLI,14,39,10,626.00,"6,260.00"
2020-09-29,2020092904002156,RLI,14,19,10,626.00,"6,260.00"
2020-09-29,2020092904002154,RLI,14,47,10,626.00,"6,260.00"
2020-09-29,2020092904002168,RLI,57,55,10,626.00,"6,260.00"
2020-09-29,2020092904002167,RLI,57,35,10,626.00,"6,260.00"
2020-09-29,2020092904002166,RLI,34,5,120,627.00,"75,240.00"
2020-09-29,2020092904002165,RLI,57,37,10,626.00,"6,260.00"
2020-09-29,2020092904002164,RLI,57,26,10,626.00,"6,260.00"
2020-09-29,2020092904002163,RLI,57,37,10,626.00,"6,260.00"
2020-09-29,2020092904002175,RLI,41,29,10,626.00,"6,260.00"
2020-09-29,2020092904002174,RLI,57,39,10,626.00,"6,260.00"
2020-09-29,2020092904002172,RLI,57,28,10,626.00,"6,260.00"
2020-09-29,2020092904002171,RLI,57,37,10,626.00,"6,260.00"
2020-09-29,2020092904002170,RLI,57,14,10,626.00,"6,260.00"
2020-09-29,2020092904002169,RLI,57,26,10,626.00,"6,260.00"
2020-09-29,2020092904002184,RLI,41,14,10,626.00,"6,260.00"
2020-09-29,2020092904002183,RLI,34,5,80,627.00,"50,160.00"
2020-09-29,2020092904002180,RLI,41,14,10,626.00,"6,260.00"
2020-09-29,2020092904002178,RLI,41,35,10,626.00,"6,260.00"
2020-09-29,2020092904002177,RLI,41,39,10,626.00,"6,260.00"
2020-09-29,2020092904002176,RLI,41,26,10,626.00,"6,260.00"
2020-09-29,2020092904002190,RLI,16,55,10,627.00,"6,270.00"
2020-09-29,2020092904002189,RLI,41,43,10,626.00,"6,260.00"
2020-09-29,2020092904002188,RLI,41,37,10,626.00,"6,260.00"
2020-09-29,2020092904002187,RLI,41,46,10,626.00,"6,260.00"
2020-09-29,2020092904002186,RLI,41,40,10,626.00,"6,260.00"
2020-09-29,2020092904002185,RLI,41,21,10,626.00,"6,260.00"
2020-09-29,2020092904002197,RLI,16,14,10,627.00,"6,270.00"
2020-09-29,2020092904002195,RLI,16,35,10,627.00,"6,270.00"
2020-09-29,2020092904002194,RLI,16,45,10,627.00,"6,270.00"
2020-09-29,2020092904002193,RLI,16,37,10,627.00,"6,270.00"
2020-09-29,2020092904002192,RLI,16,21,10,627.00,"6,270.00"
2020-09-29,2020092904002191,RLI,16,3,10,627.00,"6,270.00"
2020-09-29,2020092904002203,RLI,16,55,10,627.00,"6,270.00"
2020-09-29,2020092904002202,RLI,16,41,10,627.00,"6,270.00"
2020-09-29,2020092904002201,RLI,16,26,10,627.00,"6,270.00"
2020-09-29,2020092904002200,RLI,16,37,10,627.00,"6,270.00"
2020-09-29,2020092904002199,RLI,16,37,10,627.00,"6,270.00"
2020-09-29,2020092904002198,RLI,16,55,10,627.00,"6,270.00"
2020-09-29,2020092904002209,RLI,16,13,10,627.00,"6,270.00"
2020-09-29,2020092904002208,RLI,16,39,10,627.00,"6,270.00"
2020-09-29,2020092904002207,RLI,16,22,10,627.00,"6,270.00"
2020-09-29,2020092904002206,RLI,16,37,10,627.00,"6,270.00"
2020-09-29,2020092904002205,RLI,16,58,10,627.00,"6,270.00"
2020-09-29,2020092904002204,RLI,16,14,10,627.00,"6,270.00"
2020-09-29,2020092904002215,RLI,41,20,10,626.00,"6,260.00"
2020-09-29,2020092904002214,RLI,41,38,10,626.00,"6,260.00"
2020-09-29,2020092904002213,RLI,41,37,10,626.00,"6,260.00"
2020-09-29,2020092904002212,RLI,41,21,10,626.00,"6,260.00"
2020-09-29,2020092904002211,RLI,41,38,10,626.00,"6,260.00"
2020-09-29,2020092904002210,RLI,16,36,10,627.00,"6,270.00"
2020-09-29,2020092904002222,RLI,41,37,10,626.00,"6,260.00"
2020-09-29,2020092904002221,RLI,41,26,10,626.00,"6,260.00"
2020-09-29,2020092904002219,RLI,13,26,10,627.00,"6,270.00"
2020-09-29,2020092904002218,RLI,13,37,10,627.00,"6,270.00"
2020-09-29,2020092904002217,RLI,41,37,10,626.00,"6,260.00"
2020-09-29,2020092904002216,RLI,41,21,10,626.00,"6,260.00"
2020-09-29,2020092904002228,RLI,41,32,10,626.00,"6,260.00"
2020-09-29,2020092904002227,RLI,41,37,10,626.00,"6,260.00"
2020-09-29,2020092904002226,RLI,41,40,10,626.00,"6,260.00"
2020-09-29,2020092904002225,RLI,41,54,10,626.00,"6,260.00"
2020-09-29,2020092904002224,RLI,11,55,10,627.00,"6,270.00"
2020-09-29,2020092904002223,RLI,41,54,10,626.00,"6,260.00"
2020-09-29,2020092904002235,RLI,13,37,10,626.00,"6,260.00"
2020-09-29,2020092904002234,RLI,41,54,10,626.00,"6,260.00"
2020-09-29,2020092904002232,RLI,41,32,10,626.00,"6,260.00"
2020-09-29,2020092904002231,RLI,41,38,10,626.00,"6,260.00"
2020-09-29,2020092904002230,RLI,41,26,10,626.00,"6,260.00"
2020-09-29,2020092904002229,RLI,41,37,10,626.00,"6,260.00"
2020-09-29,2020092904002241,RLI,41,40,10,626.00,"6,260.00"
2020-09-29,2020092904002240,RLI,41,21,10,626.00,"6,260.00"
2020-09-29,2020092904002239,RLI,13,37,10,626.00,"6,260.00"
2020-09-29,2020092904002238,RLI,13,43,10,626.00,"6,260.00"
2020-09-29,2020092904002237,RLI,13,32,10,626.00,"6,260.00"
2020-09-29,2020092904002236,RLI,13,21,10,626.00,"6,260.00"
2020-09-29,2020092904002247,RLI,41,32,10,626.00,"6,260.00"
2020-09-29,2020092904002246,RLI,41,21,10,626.00,"6,260.00"
2020-09-29,2020092904002245,RLI,41,21,10,626.00,"6,260.00"
2020-09-29,2020092904002244,RLI,41,37,10,626.00,"6,260.00"
2020-09-29,2020092904002243,RLI,41,54,10,626.00,"6,260.00"
2020-09-29,2020092904002242,RLI,41,32,10,626.00,"6,260.00"
2020-09-29,2020092904002159,SAEF,7,48,"1,850",10.36,"19,166.00"
2020-09-29,2020092904002158,SAEF,21,48,650,10.36,"6,734.00"
2020-09-29,2020092904002155,SAEF,7,38,"2,100",10.38,"21,798.00"
2020-09-29,2020092904002054,SAEF,21,21,500,10.36,"5,180.00"
2020-09-29,2020092904002034,SAEF,21,49,300,10.36,"3,108.00"
2020-09-29,2020092904001795,SAEF,21,22,"1,000",10.36,"10,360.00"
2020-09-29,2020092904001911,SAND2085,51,57,50,"1,020.00","51,000.00"
2020-09-29,2020092904001812,STC,59,19,20,"3,412.00","68,240.00"
2020-09-29,2020092904001501,BBC,14,48,10,"1,600.00","16,000.00"
2020-09-29,2020092904001468,BBC,45,48,10,"1,600.00","16,000.00"
2020-09-29,2020092904001467,CMF1,7,16,150,11.10,"1,665.00"
2020-09-29,2020092904001466,CMF1,7,16,150,11.10,"1,665.00"
2020-09-29,2020092904001451,CMF1,7,16,100,11.10,"1,110.00"
2020-09-29,2020092904001485,LUK,8,45,500,8.80,"4,400.00"
2020-09-29,2020092904001520,NBF2,11,22,300,8.98,"2,694.00"
2020-09-29,2020092904001472,NBF2,11,42,100,8.95,895.00
2020-09-29,2020092904001341,NBF2,36,5,100,8.85,885.00
2020-09-29,2020092904001752,NEF,6,22,966,8.85,"8,549.10"
2020-09-29,2020092904001602,NEF,22,35,444,8.81,"3,911.64"
2020-09-29,2020092904001627,NIBLPF,25,43,200,8.70,"1,740.00"
2020-09-29,2020092904001390,NIBPO,34,50,"1,215",364.00,"442,260.00"
2020-09-29,2020092904001492,NICGF,11,16,100,9.35,935.00
2020-09-29,2020092904001476,NICGF,49,22,200,9.41,"1,882.00"
2020-09-29,2020092904001301,NICGF,49,16,150,9.41,"1,411.50"
2020-09-29,2020092904001443,NMB50,49,41,100,9.30,930.00
2020-09-29,2020092904001573,NMBHF1,6,19,"15,774",10.00,"157,740.00"
2020-09-29,2020092904001296,NMBHF1,49,21,416,9.95,"4,139.20"
2020-09-29,2020092904001753,RLI,56,39,10,627.00,"6,270.00"
2020-09-29,2020092904001751,RLI,56,40,10,627.00,"6,270.00"
2020-09-29,2020092904001750,RLI,56,17,10,627.00,"6,270.00"
2020-09-29,2020092904001749,RLI,56,7,10,627.00,"6,270.00"
2020-09-29,2020092904001748,RLI,56,41,10,627.00,"6,270.00"
2020-09-29,2020092904001747,RLI,56,16,10,627.00,"6,270.00"
2020-09-29,2020092904001259,RLI,34,3,10,628.00,"6,280.00"
2020-09-29,2020092904001258,RLI,34,3,10,628.00,"6,280.00"
2020-09-29,2020092904001257,RLI,34,50,10,628.00,"6,280.00"
2020-09-29,2020092904001256,RLI,7,40,10,627.00,"6,270.00"
2020-09-29,2020092904001255,RLI,7,49,10,627.00,"6,270.00"
2020-09-29,2020092904001254,RLI,7,26,10,627.00,"6,270.00"
2020-09-29,2020092904001265,RLI,47,42,10,628.00,"6,280.00"
2020-09-29,2020092904001264,RLI,47,45,10,628.00,"6,280.00"
2020-09-29,2020092904001263,RLI,7,40,10,627.00,"6,270.00"
2020-09-29,2020092904001262,RLI,7,54,10,627.00,"6,270.00"
2020-09-29,2020092904001261,RLI,34,26,10,628.00,"6,280.00"
2020-09-29,2020092904001260,RLI,34,58,10,628.00,"6,280.00"
2020-09-29,2020092904001271,RLI,7,59,10,627.00,"6,270.00"
2020-09-29,2020092904001270,RLI,7,20,10,627.00,"6,270.00"
2020-09-29,2020092904001269,RLI,7,3,10,627.00,"6,270.00"
2020-09-29,2020092904001268,RLI,7,41,10,627.00,"6,270.00"
2020-09-29,2020092904001267,RLI,7,57,10,627.00,"6,270.00"
2020-09-29,2020092904001266,RLI,7,34,10,627.00,"6,270.00"
2020-09-29,2020092904001277,RLI,7,42,10,627.00,"6,270.00"
2020-09-29,2020092904001276,RLI,7,40,10,627.00,"6,270.00"
2020-09-29,2020092904001275,RLI,7,29,10,627.00,"6,270.00"
2020-09-29,2020092904001274,RLI,7,40,10,627.00,"6,270.00"
2020-09-29,2020092904001273,RLI,7,11,10,627.00,"6,270.00"
2020-09-29,2020092904001272,RLI,7,16,10,627.00,"6,270.00"
2020-09-29,2020092904001283,RLI,36,40,10,627.00,"6,270.00"
2020-09-29,2020092904001282,RLI,36,20,10,627.00,"6,270.00"
2020-09-29,2020092904001281,RLI,36,7,10,627.00,"6,270.00"
2020-09-29,2020092904001280,RLI,36,35,10,627.00,"6,270.00"
2020-09-29,2020092904001279,RLI,36,26,10,627.00,"6,270.00"
2020-09-29,2020092904001278,RLI,36,58,10,627.00,"6,270.00"
2020-09-29,2020092904001289,RLI,36,17,10,627.00,"6,270.00"
2020-09-29,2020092904001288,RLI,36,36,10,627.00,"6,270.00"
2020-09-29,2020092904001287,RLI,36,36,10,627.00,"6,270.00"
2020-09-29,2020092904001286,RLI,36,4,10,627.00,"6,270.00"
2020-09-29,2020092904001285,RLI,36,16,10,627.00,"6,270.00"
2020-09-29,2020092904001284,RLI,36,29,10,627.00,"6,270.00"
2020-09-29,2020092904001295,RLI,33,35,10,628.00,"6,280.00"
2020-09-29,2020092904001294,RLI,36,56,10,627.00,"6,270.00"
2020-09-29,2020092904001293,RLI,34,19,10,628.00,"6,280.00"
2020-09-29,2020092904001292,RLI,34,51,10,628.00,"6,280.00"
2020-09-29,2020092904001291,RLI,34,5,10,628.00,"6,280.00"
2020-09-29,2020092904001290,RLI,34,26,10,628.00,"6,280.00"
2020-09-29,2020092904001303,RLI,25,26,10,628.00,"6,280.00"
2020-09-29,2020092904001302,RLI,36,59,10,627.00,"6,270.00"
2020-09-29,2020092904001300,RLI,36,29,10,627.00,"6,270.00"
2020-09-29,2020092904001299,RLI,33,49,10,628.00,"6,280.00"
2020-09-29,2020092904001298,RLI,33,10,10,628.00,"6,280.00"
2020-09-29,2020092904001297,RLI,33,58,10,628.00,"6,280.00"
2020-09-29,2020092904001309,RLI,36,56,10,627.00,"6,270.00"
2020-09-29,2020092904001308,RLI,36,56,10,627.00,"6,270.00"
2020-09-29,2020092904001307,RLI,36,29,10,627.00,"6,270.00"
2020-09-29,2020092904001306,RLI,36,59,10,627.00,"6,270.00"
2020-09-29,2020092904001305,RLI,25,20,10,628.00,"6,280.00"
2020-09-29,2020092904001304,RLI,25,6,10,628.00,"6,280.00"
2020-09-29,2020092904001315,RLI,36,29,10,627.00,"6,270.00"
2020-09-29,2020092904001314,RLI,36,16,10,627.00,"6,270.00"
2020-09-29,2020092904001313,RLI,36,51,10,627.00,"6,270.00"
2020-09-29,2020092904001312,RLI,36,56,10,627.00,"6,270.00"
2020-09-29,2020092904001311,RLI,36,7,10,627.00,"6,270.00"
2020-09-29,2020092904001310,RLI,36,38,10,627.00,"6,270.00"
2020-09-29,2020092904001322,RLI,36,56,10,627.00,"6,270.00"
2020-09-29,2020092904001321,RLI,36,29,10,627.00,"6,270.00"
2020-09-29,2020092904001320,RLI,36,58,10,627.00,"6,270.00"
2020-09-29,2020092904001319,RLI,36,51,10,627.00,"6,270.00"
2020-09-29,2020092904001317,RLI,36,10,10,627.00,"6,270.00"
2020-09-29,2020092904001316,RLI,36,7,10,627.00,"6,270.00"
2020-09-29,2020092904001328,RLI,36,56,10,627.00,"6,270.00"
2020-09-29,2020092904001327,RLI,36,29,10,627.00,"6,270.00"
2020-09-29,2020092904001326,RLI,38,42,10,628.00,"6,280.00"
2020-09-29,2020092904001325,RLI,36,38,10,627.00,"6,270.00"
2020-09-29,2020092904001324,RLI,36,58,10,627.00,"6,270.00"
2020-09-29,2020092904001323,RLI,36,51,10,627.00,"6,270.00"
2020-09-29,2020092904001334,RLI,36,11,10,627.00,"6,270.00"
2020-09-29,2020092904001333,RLI,36,42,10,627.00,"6,270.00"
2020-09-29,2020092904001332,RLI,36,56,10,627.00,"6,270.00"
2020-09-29,2020092904001331,RLI,36,29,10,627.00,"6,270.00"
2020-09-29,2020092904001330,RLI,36,16,10,627.00,"6,270.00"
2020-09-29,2020092904001329,RLI,36,26,10,627.00,"6,270.00"
2020-09-29,2020092904001340,RLI,36,56,10,627.00,"6,270.00"
2020-09-29,2020092904001339,RLI,36,42,10,627.00,"6,270.00"
2020-09-29,2020092904001338,RLI,36,29,10,627.00,"6,270.00"
2020-09-29,2020092904001337,RLI,36,36,10,627.00,"6,270.00"
2020-09-29,2020092904001336,RLI,36,39,10,627.00,"6,270.00"
2020-09-29,2020092904001335,RLI,36,51,10,627.00,"6,270.00"
2020-09-29,2020092904001347,RLI,29,55,10,628.00,"6,280.00"
2020-09-29,2020092904001346,RLI,26,56,10,627.00,"6,270.00"
2020-09-29,2020092904001345,RLI,26,54,10,627.00,"6,270.00"
2020-09-29,2020092904001344,RLI,26,45,10,627.00,"6,270.00"
2020-09-29,2020092904001343,RLI,36,7,10,627.00,"6,270.00"
2020-09-29,2020092904001342,RLI,36,51,10,627.00,"6,270.00"
2020-09-29,2020092904001353,RLI,26,51,10,627.00,"6,270.00"
2020-09-29,2020092904001352,RLI,26,16,10,627.00,"6,270.00"
2020-09-29,2020092904001351,RLI,26,49,10,627.00,"6,270.00"
2020-09-29,2020092904001350,RLI,29,11,10,629.00,"6,290.00"
2020-09-29,2020092904001349,RLI,29,34,10,628.00,"6,280.00"
2020-09-29,2020092904001348,RLI,29,44,10,628.00,"6,280.00"
2020-09-29,2020092904001359,RLI,26,38,10,627.00,"6,270.00"
2020-09-29,2020092904001358,RLI,26,29,10,627.00,"6,270.00"
2020-09-29,2020092904001357,RLI,26,58,10,627.00,"6,270.00"
2020-09-29,2020092904001356,RLI,26,36,10,627.00,"6,270.00"
2020-09-29,2020092904001355,RLI,26,14,10,627.00,"6,270.00"
2020-09-29,2020092904001354,RLI,26,59,10,627.00,"6,270.00"
2020-09-29,2020092904001365,RLI,26,22,10,627.00,"6,270.00"
2020-09-29,2020092904001364,RLI,26,7,10,627.00,"6,270.00"
2020-09-29,2020092904001363,RLI,26,55,10,627.00,"6,270.00"
2020-09-29,2020092904001362,RLI,26,43,10,627.00,"6,270.00"
2020-09-29,2020092904001361,RLI,26,59,10,627.00,"6,270.00"
2020-09-29,2020092904001360,RLI,26,29,10,627.00,"6,270.00"
2020-09-29,2020092904001371,RLI,53,6,10,627.00,"6,270.00"
2020-09-29,2020092904001370,RLI,53,10,10,627.00,"6,270.00"
2020-09-29,2020092904001369,RLI,53,59,10,627.00,"6,270.00"
2020-09-29,2020092904001368,RLI,53,6,10,627.00,"6,270.00"
2020-09-29,2020092904001367,RLI,26,45,10,627.00,"6,270.00"
2020-09-29,2020092904001366,RLI,26,58,10,627.00,"6,270.00"
2020-09-29,2020092904001377,RLI,29,34,10,628.00,"6,280.00"
2020-09-29,2020092904001376,RLI,34,17,10,627.00,"6,270.00"
2020-09-29,2020092904001375,RLI,34,10,10,627.00,"6,270.00"
2020-09-29,2020092904001374,RLI,34,56,10,627.00,"6,270.00"
2020-09-29,2020092904001373,RLI,38,13,10,628.00,"6,280.00"
2020-09-29,2020092904001372,RLI,34,38,10,627.00,"6,270.00"
2020-09-29,2020092904001383,RLI,28,43,10,626.00,"6,260.00"
2020-09-29,2020092904001382,RLI,51,38,10,627.00,"6,270.00"
2020-09-29,2020092904001381,RLI,51,34,10,627.00,"6,270.00"
2020-09-29,2020092904001380,RLI,34,17,10,627.00,"6,270.00"
2020-09-29,2020092904001379,RLI,29,29,10,628.00,"6,280.00"
2020-09-29,2020092904001378,RLI,29,32,10,628.00,"6,280.00"
2020-09-29,2020092904001389,RLI,43,45,10,627.00,"6,270.00"
2020-09-29,2020092904001388,RLI,43,52,10,627.00,"6,270.00"
2020-09-29,2020092904001387,RLI,43,42,10,627.00,"6,270.00"
2020-09-29,2020092904001386,RLI,43,17,10,627.00,"6,270.00"
2020-09-29,2020092904001385,RLI,28,35,10,626.00,"6,260.00"
2020-09-29,2020092904001384,RLI,28,58,10,626.00,"6,260.00"
2020-09-29,2020092904001396,RLI,53,42,10,627.00,"6,270.00"
2020-09-29,2020092904001395,RLI,53,21,10,627.00,"6,270.00"
2020-09-29,2020092904001394,RLI,28,6,10,626.00,"6,260.00"
2020-09-29,2020092904001393,RLI,28,52,10,626.00,"6,260.00"
2020-09-29,2020092904001392,RLI,43,17,10,627.00,"6,270.00"
2020-09-29,2020092904001391,RLI,34,58,10,628.00,"6,280.00"
2020-09-29,2020092904001402,RLI,53,45,30,627.00,"18,810.00"
2020-09-29,2020092904001401,RLI,53,39,10,627.00,"6,270.00"
2020-09-29,2020092904001400,RLI,53,17,10,627.00,"6,270.00"
2020-09-29,2020092904001399,RLI,53,34,10,627.00,"6,270.00"
2020-09-29,2020092904001398,RLI,53,52,10,627.00,"6,270.00"
2020-09-29,2020092904001397,RLI,53,17,10,627.00,"6,270.00"
2020-09-29,2020092904001408,RLI,43,38,10,627.00,"6,270.00"
2020-09-29,2020092904001407,RLI,43,48,10,627.00,"6,270.00"
2020-09-29,2020092904001406,RLI,43,32,10,627.00,"6,270.00"
2020-09-29,2020092904001405,RLI,35,36,10,628.00,"6,280.00"
2020-09-29,2020092904001404,RLI,35,1,10,628.00,"6,280.00"
2020-09-29,2020092904001403,RLI,43,45,70,627.00,"43,890.00"
2020-09-29,2020092904001414,RLI,43,38,10,627.00,"6,270.00"
2020-09-29,2020092904001413,RLI,43,49,10,627.00,"6,270.00"
2020-09-29,2020092904001412,RLI,43,49,10,627.00,"6,270.00"
2020-09-29,2020092904001411,RLI,43,38,10,627.00,"6,270.00"
2020-09-29,2020092904001410,RLI,43,32,10,627.00,"6,270.00"
2020-09-29,2020092904001409,RLI,43,38,10,627.00,"6,270.00"
2020-09-29,2020092904001420,RLI,38,32,10,628.00,"6,280.00"
2020-09-29,2020092904001419,RLI,43,38,10,627.00,"6,270.00"
2020-09-29,2020092904001418,RLI,43,40,10,627.00,"6,270.00"
2020-09-29,2020092904001417,RLI,43,39,10,627.00,"6,270.00"
2020-09-29,2020092904001416,RLI,43,42,10,627.00,"6,270.00"
2020-09-29,2020092904001415,RLI,43,58,10,627.00,"6,270.00"
2020-09-29,2020092904001426,RLI,43,38,10,627.00,"6,270.00"
2020-09-29,2020092904001425,RLI,43,45,10,627.00,"6,270.00"
2020-09-29,2020092904001424,RLI,43,39,10,627.00,"6,270.00"
2020-09-29,2020092904001423,RLI,43,38,10,627.00,"6,270.00"
2020-09-29,2020092904001422,RLI,43,39,10,627.00,"6,270.00"
2020-09-29,2020092904001421,RLI,43,58,10,627.00,"6,270.00"
2020-09-29,2020092904001432,RLI,43,45,10,627.00,"6,270.00"
2020-09-29,2020092904001431,RLI,43,39,10,627.00,"6,270.00"
2020-09-29,2020092904001430,RLI,43,38,10,627.00,"6,270.00"
2020-09-29,2020092904001429,RLI,43,41,10,627.00,"6,270.00"
2020-09-29,2020092904001428,RLI,43,11,10,627.00,"6,270.00"
2020-09-29,2020092904001427,RLI,43,38,10,627.00,"6,270.00"
2020-09-29,2020092904001439,RLI,43,21,10,627.00,"6,270.00"
2020-09-29,2020092904001438,RLI,43,29,10,627.00,"6,270.00"
2020-09-29,2020092904001437,RLI,43,25,10,627.00,"6,270.00"
2020-09-29,2020092904001435,RLI,43,38,10,627.00,"6,270.00"
2020-09-29,2020092904001434,RLI,43,38,10,627.00,"6,270.00"
2020-09-29,2020092904001433,RLI,43,38,10,627.00,"6,270.00"
2020-09-29,2020092904001446,RLI,43,38,10,627.00,"6,270.00"
2020-09-29,2020092904001445,RLI,43,16,10,627.00,"6,270.00"
2020-09-29,2020092904001444,RLI,43,29,10,627.00,"6,270.00"
2020-09-29,2020092904001442,RLI,43,29,10,627.00,"6,270.00"
2020-09-29,2020092904001441,RLI,43,38,10,627.00,"6,270.00"
2020-09-29,2020092904001440,RLI,43,29,10,627.00,"6,270.00"
2020-09-29,2020092904001453,RLI,28,29,10,626.00,"6,260.00"
2020-09-29,2020092904001452,RLI,43,38,10,627.00,"6,270.00"
2020-09-29,2020092904001450,RLI,43,48,10,627.00,"6,270.00"
2020-09-29,2020092904001449,RLI,43,38,10,627.00,"6,270.00"
2020-09-29,2020092904001448,RLI,43,58,10,627.00,"6,270.00"
2020-09-29,2020092904001447,RLI,43,29,10,627.00,"6,270.00"
2020-09-29,2020092904001459,RLI,21,58,10,627.00,"6,270.00"
2020-09-29,2020092904001458,RLI,21,38,10,627.00,"6,270.00"
2020-09-29,2020092904001457,RLI,28,48,10,626.00,"6,260.00"
2020-09-29,2020092904001456,RLI,28,29,10,626.00,"6,260.00"
2020-09-29,2020092904001455,RLI,28,38,10,626.00,"6,260.00"
2020-09-29,2020092904001454,RLI,38,58,10,627.00,"6,270.00"
2020-09-29,2020092904001465,RLI,59,29,10,626.00,"6,260.00"
2020-09-29,2020092904001464,RLI,59,34,10,626.00,"6,260.00"
2020-09-29,2020092904001463,RLI,59,29,10,626.00,"6,260.00"
2020-09-29,2020092904001462,RLI,28,29,10,626.00,"6,260.00"
2020-09-29,2020092904001461,RLI,28,35,10,626.00,"6,260.00"
2020-09-29,2020092904001460,RLI,21,58,10,627.00,"6,270.00"
2020-09-29,2020092904001475,RLI,13,16,10,626.00,"6,260.00"
2020-09-29,2020092904001474,RLI,13,21,10,626.00,"6,260.00"
2020-09-29,2020092904001473,RLI,13,29,10,626.00,"6,260.00"
2020-09-29,2020092904001471,RLI,13,34,10,626.00,"6,260.00"
2020-09-29,2020092904001470,RLI,13,29,10,626.00,"6,260.00"
2020-09-29,2020092904001469,RLI,59,22,10,626.00,"6,260.00"
2020-09-29,2020092904001482,RLI,13,43,10,626.00,"6,260.00"
2020-09-29,2020092904001481,RLI,13,38,10,626.00,"6,260.00"
2020-09-29,2020092904001480,RLI,13,29,10,626.00,"6,260.00"
2020-09-29,2020092904001479,RLI,53,21,10,627.00,"6,270.00"
2020-09-29,2020092904001478,RLI,53,8,10,627.00,"6,270.00"
2020-09-29,2020092904001477,RLI,53,21,10,627.00,"6,270.00"
2020-09-29,2020092904001489,RLI,14,41,10,626.00,"6,260.00"
2020-09-29,2020092904001488,RLI,14,29,10,626.00,"6,260.00"
2020-09-29,2020092904001487,RLI,14,38,10,626.00,"6,260.00"
2020-09-29,2020092904001486,RLI,14,5,10,626.00,"6,260.00"
2020-09-29,2020092904001484,RLI,13,29,10,626.00,"6,260.00"
2020-09-29,2020092904001483,RLI,13,38,10,626.00,"6,260.00"
2020-09-29,2020092904001496,RLI,38,38,10,627.00,"6,270.00"
2020-09-29,2020092904001495,RLI,14,39,10,626.00,"6,260.00"
2020-09-29,2020092904001494,RLI,14,29,10,626.00,"6,260.00"
2020-09-29,2020092904001493,RLI,14,33,10,626.00,"6,260.00"
2020-09-29,2020092904001491,RLI,14,43,10,626.00,"6,260.00"
2020-09-29,2020092904001490,RLI,14,38,10,626.00,"6,260.00"
2020-09-29,2020092904001503,RLI,14,42,10,626.00,"6,260.00"
2020-09-29,2020092904001502,RLI,14,29,10,626.00,"6,260.00"
2020-09-29,2020092904001500,RLI,14,38,10,626.00,"6,260.00"
2020-09-29,2020092904001499,RLI,14,22,10,626.00,"6,260.00"
2020-09-29,2020092904001498,RLI,14,39,10,626.00,"6,260.00"
2020-09-29,2020092904001497,RLI,14,29,10,626.00,"6,260.00"
2020-09-29,2020092904001509,RLI,14,48,10,626.00,"6,260.00"
2020-09-29,2020092904001508,RLI,14,29,10,626.00,"6,260.00"
2020-09-29,2020092904001507,RLI,14,22,10,626.00,"6,260.00"
2020-09-29,2020092904001506,RLI,14,17,10,626.00,"6,260.00"
2020-09-29,2020092904001505,RLI,14,21,10,626.00,"6,260.00"
2020-09-29,2020092904001504,RLI,14,45,10,626.00,"6,260.00"
2020-09-29,2020092904001515,RLI,14,7,10,626.00,"6,260.00"
2020-09-29,2020092904001514,RLI,14,45,10,626.00,"6,260.00"
2020-09-29,2020092904001513,RLI,14,6,10,626.00,"6,260.00"
2020-09-29,2020092904001512,RLI,14,42,10,626.00,"6,260.00"
2020-09-29,2020092904001511,RLI,14,29,10,626.00,"6,260.00"
2020-09-29,2020092904001510,RLI,14,6,10,626.00,"6,260.00"
2020-09-29,2020092904001522,RLI,14,41,10,626.00,"6,260.00"
2020-09-29,2020092904001521,RLI,14,47,10,626.00,"6,260.00"
2020-09-29,2020092904001519,RLI,14,5,10,626.00,"6,260.00"
2020-09-29,2020092904001518,RLI,14,52,10,626.00,"6,260.00"
2020-09-29,2020092904001517,RLI,14,29,10,626.00,"6,260.00"
2020-09-29,2020092904001516,RLI,14,4,10,626.00,"6,260.00"
2020-09-29,2020092904001528,RLI,14,29,10,626.00,"6,260.00"
2020-09-29,2020092904001527,RLI,14,7,10,626.00,"6,260.00"
2020-09-29,2020092904001526,RLI,35,58,10,627.00,"6,270.00"
2020-09-29,2020092904001525,RLI,35,58,10,627.00,"6,270.00"
2020-09-29,2020092904001524,RLI,35,17,10,627.00,"6,270.00"
2020-09-29,2020092904001523,RLI,14,40,10,626.00,"6,260.00"
2020-09-29,2020092904001534,RLI,14,29,10,626.00,"6,260.00"
2020-09-29,2020092904001533,RLI,14,21,10,626.00,"6,260.00"
2020-09-29,2020092904001532,RLI,14,40,10,626.00,"6,260.00"
2020-09-29,2020092904001531,RLI,14,52,10,626.00,"6,260.00"
2020-09-29,2020092904001530,RLI,14,47,10,626.00,"6,260.00"
2020-09-29,2020092904001529,RLI,14,26,10,626.00,"6,260.00"
2020-09-29,2020092904001540,RLI,14,16,10,626.00,"6,260.00"
2020-09-29,2020092904001539,RLI,14,47,10,626.00,"6,260.00"
2020-09-29,2020092904001538,RLI,14,29,10,626.00,"6,260.00"
2020-09-29,2020092904001537,RLI,14,40,10,626.00,"6,260.00"
2020-09-29,2020092904001536,RLI,14,58,10,626.00,"6,260.00"
2020-09-29,2020092904001535,RLI,14,58,10,626.00,"6,260.00"
2020-09-29,2020092904001546,RLI,14,29,10,626.00,"6,260.00"
2020-09-29,2020092904001545,RLI,14,38,10,626.00,"6,260.00"
2020-09-29,2020092904001544,RLI,14,29,10,626.00,"6,260.00"
2020-09-29,2020092904001543,RLI,14,45,10,626.00,"6,260.00"
2020-09-29,2020092904001542,RLI,14,47,10,626.00,"6,260.00"
2020-09-29,2020092904001541,RLI,14,29,10,626.00,"6,260.00"
2020-09-29,2020092904001552,RLI,14,6,10,626.00,"6,260.00"
2020-09-29,2020092904001551,RLI,14,39,10,626.00,"6,260.00"
2020-09-29,2020092904001550,RLI,14,7,10,626.00,"6,260.00"
2020-09-29,2020092904001549,RLI,14,29,10,626.00,"6,260.00"
2020-09-29,2020092904001548,RLI,14,57,10,626.00,"6,260.00"
2020-09-29,2020092904001547,RLI,14,51,10,626.00,"6,260.00"
2020-09-29,2020092904001558,RLI,14,29,10,626.00,"6,260.00"
2020-09-29,2020092904001557,RLI,14,39,10,626.00,"6,260.00"
2020-09-29,2020092904001556,RLI,14,59,10,626.00,"6,260.00"
2020-09-29,2020092904001555,RLI,14,45,10,626.00,"6,260.00"
2020-09-29,2020092904001554,RLI,14,45,10,626.00,"6,260.00"
2020-09-29,2020092904001553,RLI,14,29,10,626.00,"6,260.00"
2020-09-29,2020092904001564,RLI,14,45,10,626.00,"6,260.00"
2020-09-29,2020092904001563,RLI,14,49,10,626.00,"6,260.00"
2020-09-29,2020092904001562,RLI,14,52,10,626.00,"6,260.00"
2020-09-29,2020092904001561,RLI,14,39,10,626.00,"6,260.00"
2020-09-29,2020092904001560,RLI,14,49,10,626.00,"6,260.00"
2020-09-29,2020092904001559,RLI,14,45,10,626.00,"6,260.00"
2020-09-29,2020092904001570,RLI,41,21,10,627.00,"6,270.00"
2020-09-29,2020092904001569,RLI,41,49,10,627.00,"6,270.00"
2020-09-29,2020092904001568,RLI,41,29,10,627.00,"6,270.00"
2020-09-29,2020092904001567,RLI,41,48,10,627.00,"6,270.00"
2020-09-29,2020092904001566,RLI,41,38,10,627.00,"6,270.00"
2020-09-29,2020092904001565,RLI,14,39,10,626.00,"6,260.00"
2020-09-29,2020092904001577,RLI,14,42,10,626.00,"6,260.00"
2020-09-29,2020092904001576,RLI,41,7,10,627.00,"6,270.00"
2020-09-29,2020092904001575,RLI,41,55,10,627.00,"6,270.00"
2020-09-29,2020092904001574,RLI,41,7,10,627.00,"6,270.00"
2020-09-29,2020092904001572,RLI,41,49,10,627.00,"6,270.00"
2020-09-29,2020092904001571,RLI,41,29,10,627.00,"6,270.00"
2020-09-29,2020092904001583,RLI,43,33,10,627.00,"6,270.00"
2020-09-29,2020092904001582,RLI,43,45,10,627.00,"6,270.00"
2020-09-29,2020092904001581,RLI,43,37,10,627.00,"6,270.00"
2020-09-29,2020092904001580,RLI,43,13,10,627.00,"6,270.00"
2020-09-29,2020092904001579,RLI,43,17,10,627.00,"6,270.00"
2020-09-29,2020092904001578,RLI,14,29,10,626.00,"6,260.00"
2020-09-29,2020092904001596,RLI,14,3,10,626.00,"6,260.00"
2020-09-29,2020092904001595,RLI,14,52,10,626.00,"6,260.00"
2020-09-29,2020092904001587,RLI,14,49,10,626.00,"6,260.00"
2020-09-29,2020092904001586,RLI,14,7,10,626.00,"6,260.00"
2020-09-29,2020092904001585,RLI,14,29,10,626.00,"6,260.00"
2020-09-29,2020092904001584,RLI,14,49,10,626.00,"6,260.00"
2020-09-29,2020092904001603,RLI,14,36,10,626.00,"6,260.00"
2020-09-29,2020092904001601,RLI,14,26,10,626.00,"6,260.00"
2020-09-29,2020092904001600,RLI,14,45,10,626.00,"6,260.00"
2020-09-29,2020092904001599,RLI,14,49,10,626.00,"6,260.00"
2020-09-29,2020092904001598,RLI,14,44,10,626.00,"6,260.00"
2020-09-29,2020092904001597,RLI,14,33,10,626.00,"6,260.00"
2020-09-29,2020092904001609,RLI,14,13,10,626.00,"6,260.00"
2020-09-29,2020092904001608,RLI,14,7,10,626.00,"6,260.00"
2020-09-29,2020092904001607,RLI,14,44,10,626.00,"6,260.00"
2020-09-29,2020092904001606,RLI,14,38,10,626.00,"6,260.00"
2020-09-29,2020092904001605,RLI,14,5,10,626.00,"6,260.00"
2020-09-29,2020092904001604,RLI,14,58,10,626.00,"6,260.00"
2020-09-29,2020092904001615,RLI,58,44,10,627.00,"6,270.00"
2020-09-29,2020092904001614,RLI,14,49,10,626.00,"6,260.00"
2020-09-29,2020092904001613,RLI,14,38,10,626.00,"6,260.00"
2020-09-29,2020092904001612,RLI,11,50,10,627.00,"6,270.00"
2020-09-29,2020092904001611,RLI,11,13,10,627.00,"6,270.00"
2020-09-29,2020092904001610,RLI,14,21,10,626.00,"6,260.00"
2020-09-29,2020092904001621,RLI,58,45,10,627.00,"6,270.00"
2020-09-29,2020092904001620,RLI,58,44,10,627.00,"6,270.00"
2020-09-29,2020092904001619,RLI,58,49,10,627.00,"6,270.00"
2020-09-29,2020092904001618,RLI,58,44,10,627.00,"6,270.00"
2020-09-29,2020092904001617,RLI,58,45,10,627.00,"6,270.00"
2020-09-29,2020092904001616,RLI,58,48,10,627.00,"6,270.00"
2020-09-29,2020092904001628,RLI,11,36,10,627.00,"6,270.00"
2020-09-29,2020092904001626,RLI,11,49,10,627.00,"6,270.00"
2020-09-29,2020092904001625,RLI,11,39,10,627.00,"6,270.00"
2020-09-29,2020092904001624,RLI,11,6,10,627.00,"6,270.00"
2020-09-29,2020092904001623,RLI,11,28,10,627.00,"6,270.00"
2020-09-29,2020092904001622,RLI,11,26,10,627.00,"6,270.00"
2020-09-29,2020092904001634,RLI,11,5,10,627.00,"6,270.00"
2020-09-29,2020092904001633,RLI,11,45,10,627.00,"6,270.00"
2020-09-29,2020092904001632,RLI,11,41,10,627.00,"6,270.00"
2020-09-29,2020092904001631,RLI,11,36,10,627.00,"6,270.00"
2020-09-29,2020092904001630,RLI,11,13,10,627.00,"6,270.00"
2020-09-29,2020092904001629,RLI,11,46,10,627.00,"6,270.00"
2020-09-29,2020092904001640,RLI,11,38,10,627.00,"6,270.00"
2020-09-29,2020092904001639,RLI,11,26,10,627.00,"6,270.00"
2020-09-29,2020092904001638,RLI,11,21,10,627.00,"6,270.00"
2020-09-29,2020092904001637,RLI,11,38,10,627.00,"6,270.00"
2020-09-29,2020092904001636,RLI,11,45,10,627.00,"6,270.00"
2020-09-29,2020092904001635,RLI,11,1,10,627.00,"6,270.00"
2020-09-29,2020092904001648,RLI,11,58,10,627.00,"6,270.00"
2020-09-29,2020092904001645,RLI,11,42,10,627.00,"6,270.00"
2020-09-29,2020092904001644,RLI,11,7,10,627.00,"6,270.00"
2020-09-29,2020092904001643,RLI,11,59,10,627.00,"6,270.00"
2020-09-29,2020092904001642,RLI,11,43,10,627.00,"6,270.00"
2020-09-29,2020092904001641,RLI,11,46,10,627.00,"6,270.00"
2020-09-29,2020092904001654,RLI,11,38,10,627.00,"6,270.00"
2020-09-29,2020092904001653,RLI,11,22,10,627.00,"6,270.00"
2020-09-29,2020092904001652,RLI,11,42,10,627.00,"6,270.00"
2020-09-29,2020092904001651,RLI,11,45,10,627.00,"6,270.00"
2020-09-29,2020092904001650,RLI,11,42,10,627.00,"6,270.00"
2020-09-29,2020092904001649,RLI,11,7,10,627.00,"6,270.00"
2020-09-29,2020092904001660,RLI,11,42,10,627.00,"6,270.00"
2020-09-29,2020092904001659,RLI,11,5,10,627.00,"6,270.00"
2020-09-29,2020092904001658,RLI,11,38,10,627.00,"6,270.00"
2020-09-29,2020092904001657,RLI,11,45,10,627.00,"6,270.00"
2020-09-29,2020092904001656,RLI,11,42,10,627.00,"6,270.00"
2020-09-29,2020092904001655,RLI,11,43,10,627.00,"6,270.00"
2020-09-29,2020092904001666,RLI,11,49,10,627.00,"6,270.00"
2020-09-29,2020092904001665,RLI,11,41,10,627.00,"6,270.00"
2020-09-29,2020092904001664,RLI,11,42,10,627.00,"6,270.00"
2020-09-29,2020092904001663,RLI,11,45,10,627.00,"6,270.00"
2020-09-29,2020092904001662,RLI,11,42,10,627.00,"6,270.00"
2020-09-29,2020092904001661,RLI,11,49,10,627.00,"6,270.00"
2020-09-29,2020092904001672,RLI,11,29,10,627.00,"6,270.00"
2020-09-29,2020092904001671,RLI,11,49,10,627.00,"6,270.00"
2020-09-29,2020092904001670,RLI,11,42,10,627.00,"6,270.00"
2020-09-29,2020092904001669,RLI,11,58,10,627.00,"6,270.00"
2020-09-29,2020092904001668,RLI,11,35,10,627.00,"6,270.00"
2020-09-29,2020092904001667,RLI,11,49,10,627.00,"6,270.00"
2020-09-29,2020092904001678,RLI,11,42,10,627.00,"6,270.00"
2020-09-29,2020092904001677,RLI,11,17,10,627.00,"6,270.00"
2020-09-29,2020092904001676,RLI,11,52,10,627.00,"6,270.00"
2020-09-29,2020092904001675,RLI,11,52,10,627.00,"6,270.00"
2020-09-29,2020092904001674,RLI,11,42,10,627.00,"6,270.00"
2020-09-29,2020092904001673,RLI,11,26,10,627.00,"6,270.00"
2020-09-29,2020092904001686,RLI,11,38,10,627.00,"6,270.00"
2020-09-29,2020092904001683,RLI,11,11,10,627.00,"6,270.00"
2020-09-29,2020092904001682,RLI,11,38,10,627.00,"6,270.00"
2020-09-29,2020092904001681,RLI,11,21,10,627.00,"6,270.00"
2020-09-29,2020092904001680,RLI,11,17,10,627.00,"6,270.00"
2020-09-29,2020092904001679,RLI,11,39,10,627.00,"6,270.00"
2020-09-29,2020092904001692,RLI,11,42,10,627.00,"6,270.00"
2020-09-29,2020092904001691,RLI,11,42,10,627.00,"6,270.00"
2020-09-29,2020092904001690,RLI,11,26,10,627.00,"6,270.00"
2020-09-29,2020092904001689,RLI,11,38,10,627.00,"6,270.00"
2020-09-29,2020092904001688,RLI,11,7,10,627.00,"6,270.00"
2020-09-29,2020092904001687,RLI,11,17,10,627.00,"6,270.00"
2020-09-29,2020092904001698,RLI,11,7,10,627.00,"6,270.00"
2020-09-29,2020092904001697,RLI,11,47,10,627.00,"6,270.00"
2020-09-29,2020092904001696,RLI,11,21,10,627.00,"6,270.00"
2020-09-29,2020092904001695,RLI,11,44,10,627.00,"6,270.00"
2020-09-29,2020092904001694,RLI,11,26,10,627.00,"6,270.00"
2020-09-29,2020092904001693,RLI,11,17,10,627.00,"6,270.00"
2020-09-29,2020092904001704,RLI,11,39,10,627.00,"6,270.00"
2020-09-29,2020092904001703,RLI,11,7,10,627.00,"6,270.00"
2020-09-29,2020092904001702,RLI,11,17,10,627.00,"6,270.00"
2020-09-29,2020092904001701,RLI,11,26,10,627.00,"6,270.00"
2020-09-29,2020092904001700,RLI,11,44,10,627.00,"6,270.00"
2020-09-29,2020092904001699,RLI,11,45,10,627.00,"6,270.00"
2020-09-29,2020092904001710,RLI,16,52,10,628.00,"6,280.00"
2020-09-29,2020092904001709,RLI,16,52,10,628.00,"6,280.00"
2020-09-29,2020092904001708,RLI,16,58,10,628.00,"6,280.00"
2020-09-29,2020092904001707,RLI,11,45,10,627.00,"6,270.00"
2020-09-29,2020092904001706,RLI,11,38,10,627.00,"6,270.00"
2020-09-29,2020092904001705,RLI,11,41,10,627.00,"6,270.00"
2020-09-29,2020092904001716,RLI,16,58,10,628.00,"6,280.00"
2020-09-29,2020092904001715,RLI,16,54,10,628.00,"6,280.00"
2020-09-29,2020092904001714,RLI,16,42,10,628.00,"6,280.00"
2020-09-29,2020092904001713,RLI,16,32,10,628.00,"6,280.00"
2020-09-29,2020092904001712,RLI,16,45,10,628.00,"6,280.00"
2020-09-29,2020092904001711,RLI,16,52,10,628.00,"6,280.00"
2020-09-29,2020092904001722,RLI,16,42,10,628.00,"6,280.00"
2020-09-29,2020092904001721,RLI,16,41,10,628.00,"6,280.00"
2020-09-29,2020092904001720,RLI,16,42,10,628.00,"6,280.00"
2020-09-29,2020092904001719,RLI,16,7,10,628.00,"6,280.00"
2020-09-29,2020092904001718,RLI,16,22,10,628.00,"6,280.00"
2020-09-29,2020092904001717,RLI,16,17,10,628.00,"6,280.00"
2020-09-29,2020092904001728,RLI,11,5,10,627.00,"6,270.00"
2020-09-29,2020092904001727,RLI,11,38,10,627.00,"6,270.00"
2020-09-29,2020092904001726,RLI,16,48,10,628.00,"6,280.00"
2020-09-29,2020092904001725,RLI,16,42,10,628.00,"6,280.00"
2020-09-29,2020092904001724,RLI,16,22,10,628.00,"6,280.00"
2020-09-29,2020092904001723,RLI,16,41,10,628.00,"6,280.00"
2020-09-29,2020092904001734,RLI,11,38,10,627.00,"6,270.00"
2020-09-29,2020092904001733,RLI,11,32,10,627.00,"6,270.00"
2020-09-29,2020092904001732,RLI,50,38,10,628.00,"6,280.00"
2020-09-29,2020092904001731,RLI,11,44,10,627.00,"6,270.00"
2020-09-29,2020092904001730,RLI,11,49,10,627.00,"6,270.00"
2020-09-29,2020092904001729,RLI,11,38,10,627.00,"6,270.00"
2020-09-29,2020092904001740,RLI,11,49,10,627.00,"6,270.00"
2020-09-29,2020092904001739,RLI,11,38,10,627.00,"6,270.00"
2020-09-29,2020092904001738,RLI,11,7,10,627.00,"6,270.00"
2020-09-29,2020092904001737,RLI,11,50,10,627.00,"6,270.00"
2020-09-29,2020092904001736,RLI,11,58,10,627.00,"6,270.00"
2020-09-29,2020092904001735,RLI,11,39,10,627.00,"6,270.00"
2020-09-29,2020092904001746,RLI,11,49,10,627.00,"6,270.00"
2020-09-29,2020092904001745,RLI,11,22,10,627.00,"6,270.00"
2020-09-29,2020092904001744,RLI,11,38,10,627.00,"6,270.00"
2020-09-29,2020092904001743,RLI,11,17,10,627.00,"6,270.00"
2020-09-29,2020092904001742,RLI,11,53,10,627.00,"6,270.00"
2020-09-29,2020092904001741,RLI,11,50,10,627.00,"6,270.00"
2020-09-29,2020092904001647,SAEF,35,21,400,10.34,"4,136.00"
2020-09-29,2020092904001646,SAEF,45,21,100,10.34,"1,034.00"
2020-09-29,2020092904001436,SAEF,45,21,900,10.34,"9,306.00"
2020-09-29,2020092904001318,SAEF,21,16,500,10.33,"5,165.00"
2020-09-29,2020092904001685,STC,59,19,20,"3,420.00","68,400.00"
2020-09-29,2020092904001684,STC,22,19,20,"3,421.00","68,420.00"
2020-09-29,2020092904001594,STC,18,18,159,"3,421.00","543,939.00"
2020-09-29,2020092904001593,STC,45,18,10,"3,421.00","34,210.00"
2020-09-29,2020092904001592,STC,55,18,10,"3,425.00","34,250.00"
2020-09-29,2020092904001591,STC,45,18,10,"3,430.00","34,300.00"
2020-09-29,2020092904001590,STC,45,18,10,"3,430.00","34,300.00"
2020-09-29,2020092904001589,STC,44,18,10,"3,431.00","34,310.00"
2020-09-29,2020092904001588,STC,10,18,10,"3,440.00","34,400.00"
2020-09-29,2020092904001064,CMF1,7,42,"1,000",11.10,"11,100.00"
2020-09-29,2020092904001056,CMF1,7,44,400,11.00,"4,400.00"
2020-09-29,2020092904000968,CMF1,7,58,"40,300",11.06,"445,718.00"
2020-09-29,2020092904000860,CMF1,43,58,200,11.06,"2,212.00"
2020-09-29,2020092904001143,LUK,47,41,"1,000",8.79,"8,790.00"
2020-09-29,2020092904001026,LUK,57,42,200,8.80,"1,760.00"
2020-09-29,2020092904000916,LUK,49,53,100,8.77,877.00
2020-09-29,2020092904000834,LUK,42,34,100,8.92,892.00
2020-09-29,2020092904000833,LUK,42,58,100,8.92,892.00
2020-09-29,2020092904000832,LUK,42,22,200,8.90,"1,780.00"
2020-09-29,2020092904000819,LUK,45,49,300,8.76,"2,628.00"
2020-09-29,2020092904000858,MMFDBP,26,16,"23,309",517.00,"12,050,753.00"
2020-09-29,2020092904001228,NEF,6,29,200,8.80,"1,760.00"
2020-09-29,2020092904001005,NEF,36,1,"2,414",8.82,"21,291.48"
2020-09-29,2020092904000980,NEF,6,25,283,8.80,"2,490.40"
2020-09-29,2020092904000979,NEF,22,25,200,8.80,"1,760.00"
2020-09-29,2020092904000861,NEF,22,58,145,8.80,"1,276.00"
2020-09-29,2020092904001167,NICGF,49,16,150,9.41,"1,411.50"
2020-09-29,2020092904001195,RBCLPO,40,3,10,"10,355.00","103,550.00"
2020-09-29,2020092904001194,RBCLPO,40,10,40,"10,312.00","412,480.00"
2020-09-29,2020092904001188,RBCLPO,40,47,50,"10,302.00","515,100.00"
2020-09-29,2020092904000921,RBCLPO,17,26,10,"10,300.00","103,000.00"
2020-09-29,2020092904000905,RBCLPO,17,45,50,"10,300.00","515,000.00"
2020-09-29,2020092904001253,RLI,7,50,10,627.00,"6,270.00"
2020-09-29,2020092904001252,RLI,7,10,10,627.00,"6,270.00"
2020-09-29,2020092904001251,RLI,7,48,10,627.00,"6,270.00"
2020-09-29,2020092904001250,RLI,7,36,10,627.00,"6,270.00"
2020-09-29,2020092904001249,RLI,7,26,10,627.00,"6,270.00"
2020-09-29,2020092904001248,RLI,7,40,10,627.00,"6,270.00"
2020-09-29,2020092904000756,RLI,6,50,10,625.00,"6,250.00"
2020-09-29,2020092904000755,RLI,6,39,10,625.00,"6,250.00"
2020-09-29,2020092904000754,RLI,6,16,10,625.00,"6,250.00"
2020-09-29,2020092904000762,RLI,58,20,10,626.00,"6,260.00"
2020-09-29,2020092904000761,RLI,29,29,10,625.00,"6,250.00"
2020-09-29,2020092904000760,RLI,6,53,10,625.00,"6,250.00"
2020-09-29,2020092904000759,RLI,6,5,10,625.00,"6,250.00"
2020-09-29,2020092904000758,RLI,6,51,10,625.00,"6,250.00"
2020-09-29,2020092904000757,RLI,6,51,10,625.00,"6,250.00"
2020-09-29,2020092904000768,RLI,58,38,10,626.00,"6,260.00"
2020-09-29,2020092904000767,RLI,58,38,10,626.00,"6,260.00"
2020-09-29,2020092904000766,RLI,58,11,10,626.00,"6,260.00"
2020-09-29,2020092904000765,RLI,58,51,10,626.00,"6,260.00"
2020-09-29,2020092904000764,RLI,58,35,10,626.00,"6,260.00"
2020-09-29,2020092904000763,RLI,58,44,10,626.00,"6,260.00"
2020-09-29,2020092904000774,RLI,53,21,10,627.00,"6,270.00"
2020-09-29,2020092904000773,RLI,53,38,10,627.00,"6,270.00"
2020-09-29,2020092904000772,RLI,29,35,10,625.00,"6,250.00"
2020-09-29,2020092904000771,RLI,58,45,10,626.00,"6,260.00"
2020-09-29,2020092904000770,RLI,58,51,10,626.00,"6,260.00"
2020-09-29,2020092904000769,RLI,58,29,10,626.00,"6,260.00"
2020-09-29,2020092904000780,RLI,53,7,10,627.00,"6,270.00"
2020-09-29,2020092904000779,RLI,53,56,10,627.00,"6,270.00"
2020-09-29,2020092904000778,RLI,53,57,10,627.00,"6,270.00"
2020-09-29,2020092904000777,RLI,53,35,10,627.00,"6,270.00"
2020-09-29,2020092904000776,RLI,53,57,10,627.00,"6,270.00"
2020-09-29,2020092904000775,RLI,53,58,10,627.00,"6,270.00"
2020-09-29,2020092904000786,RLI,56,38,10,626.00,"6,260.00"
2020-09-29,2020092904000785,RLI,56,46,10,626.00,"6,260.00"
2020-09-29,2020092904000784,RLI,56,36,10,626.00,"6,260.00"
2020-09-29,2020092904000783,RLI,56,1,10,626.00,"6,260.00"
2020-09-29,2020092904000782,RLI,53,17,10,627.00,"6,270.00"
2020-09-29,2020092904000781,RLI,53,57,10,627.00,"6,270.00"
2020-09-29,2020092904000792,RLI,56,38,10,626.00,"6,260.00"
2020-09-29,2020092904000791,RLI,56,45,10,626.00,"6,260.00"
2020-09-29,2020092904000790,RLI,56,26,10,626.00,"6,260.00"
2020-09-29,2020092904000789,RLI,56,1,10,626.00,"6,260.00"
2020-09-29,2020092904000788,RLI,56,8,10,626.00,"6,260.00"
2020-09-29,2020092904000787,RLI,56,38,10,626.00,"6,260.00"
2020-09-29,2020092904000798,RLI,53,22,10,627.00,"6,270.00"
2020-09-29,2020092904000797,RLI,53,38,10,627.00,"6,270.00"
2020-09-29,2020092904000796,RLI,53,56,10,627.00,"6,270.00"
2020-09-29,2020092904000795,RLI,53,32,10,627.00,"6,270.00"
2020-09-29,2020092904000794,RLI,53,33,10,627.00,"6,270.00"
2020-09-29,2020092904000793,RLI,6,26,10,626.00,"6,260.00"
2020-09-29,2020092904000804,RLI,6,28,10,626.00,"6,260.00"
2020-09-29,2020092904000803,RLI,53,44,10,627.00,"6,270.00"
2020-09-29,2020092904000802,RLI,53,44,10,627.00,"6,270.00"
2020-09-29,2020092904000801,RLI,53,35,10,627.00,"6,270.00"
2020-09-29,2020092904000800,RLI,53,22,10,627.00,"6,270.00"
2020-09-29,2020092904000799,RLI,53,42,10,627.00,"6,270.00"
2020-09-29,2020092904000810,RLI,6,19,10,626.00,"6,260.00"
2020-09-29,2020092904000809,RLI,6,57,10,626.00,"6,260.00"
2020-09-29,2020092904000808,RLI,6,34,10,626.00,"6,260.00"
2020-09-29,2020092904000807,RLI,6,53,10,626.00,"6,260.00"
2020-09-29,2020092904000806,RLI,6,34,10,626.00,"6,260.00"
2020-09-29,2020092904000805,RLI,25,44,10,627.00,"6,270.00"
2020-09-29,2020092904000816,RLI,41,34,10,626.00,"6,260.00"
2020-09-29,2020092904000815,RLI,41,58,10,626.00,"6,260.00"
2020-09-29,2020092904000814,RLI,41,38,10,626.00,"6,260.00"
2020-09-29,2020092904000813,RLI,6,26,10,626.00,"6,260.00"
2020-09-29,2020092904000812,RLI,6,34,10,626.00,"6,260.00"
2020-09-29,2020092904000811,RLI,6,58,10,626.00,"6,260.00"
2020-09-29,2020092904000823,RLI,44,41,10,627.00,"6,270.00"
2020-09-29,2020092904000822,RLI,44,34,10,627.00,"6,270.00"
2020-09-29,2020092904000821,RLI,44,44,10,627.00,"6,270.00"
2020-09-29,2020092904000820,RLI,44,38,300,627.00,"188,100.00"
2020-09-29,2020092904000818,RLI,41,56,10,626.00,"6,260.00"
2020-09-29,2020092904000817,RLI,41,1,10,626.00,"6,260.00"
2020-09-29,2020092904000829,RLI,41,58,10,626.00,"6,260.00"
2020-09-29,2020092904000828,RLI,41,45,10,626.00,"6,260.00"
2020-09-29,2020092904000827,RLI,41,58,10,626.00,"6,260.00"
2020-09-29,2020092904000826,RLI,41,45,10,626.00,"6,260.00"
2020-09-29,2020092904000825,RLI,44,44,10,627.00,"6,270.00"
2020-09-29,2020092904000824,RLI,44,44,10,627.00,"6,270.00"
2020-09-29,2020092904000838,RLI,41,58,10,626.00,"6,260.00"
2020-09-29,2020092904000837,RLI,41,58,10,626.00,"6,260.00"
2020-09-29,2020092904000836,RLI,41,20,10,626.00,"6,260.00"
2020-09-29,2020092904000835,RLI,41,58,10,626.00,"6,260.00"
2020-09-29,2020092904000831,RLI,41,58,10,626.00,"6,260.00"
2020-09-29,2020092904000830,RLI,41,21,10,626.00,"6,260.00"
2020-09-29,2020092904000844,RLI,56,48,40,627.00,"25,080.00"
2020-09-29,2020092904000843,RLI,32,58,10,627.00,"6,270.00"
2020-09-29,2020092904000842,RLI,32,56,10,627.00,"6,270.00"
2020-09-29,2020092904000841,RLI,32,1,10,627.00,"6,270.00"
2020-09-29,2020092904000840,RLI,32,22,10,627.00,"6,270.00"
2020-09-29,2020092904000839,RLI,32,19,10,627.00,"6,270.00"
2020-09-29,2020092904000850,RLI,1,43,10,628.00,"6,280.00"
2020-09-29,2020092904000849,RLI,1,43,10,628.00,"6,280.00"
2020-09-29,2020092904000848,RLI,1,43,10,628.00,"6,280.00"
2020-09-29,2020092904000847,RLI,1,43,10,628.00,"6,280.00"
2020-09-29,2020092904000846,RLI,32,21,10,627.00,"6,270.00"
2020-09-29,2020092904000845,RLI,32,19,10,627.00,"6,270.00"
2020-09-29,2020092904000856,RLI,41,39,10,626.00,"6,260.00"
2020-09-29,2020092904000855,RLI,44,10,10,627.00,"6,270.00"
2020-09-29,2020092904000854,RLI,32,57,10,627.00,"6,270.00"
2020-09-29,2020092904000853,RLI,32,19,10,627.00,"6,270.00"
2020-09-29,2020092904000852,RLI,32,52,10,627.00,"6,270.00"
2020-09-29,2020092904000851,RLI,1,13,10,628.00,"6,280.00"
2020-09-29,2020092904000865,RLI,33,19,10,627.00,"6,270.00"
2020-09-29,2020092904000864,RLI,33,56,10,626.00,"6,260.00"
2020-09-29,2020092904000863,RLI,41,19,10,626.00,"6,260.00"
2020-09-29,2020092904000862,RLI,41,19,10,626.00,"6,260.00"
2020-09-29,2020092904000859,RLI,41,19,10,626.00,"6,260.00"
2020-09-29,2020092904000857,RLI,41,1,10,626.00,"6,260.00"
2020-09-29,2020092904000871,RLI,39,39,10,626.00,"6,260.00"
2020-09-29,2020092904000870,RLI,41,48,40,627.00,"25,080.00"
2020-09-29,2020092904000869,RLI,41,39,10,627.00,"6,270.00"
2020-09-29,2020092904000868,RLI,33,19,10,626.00,"6,260.00"
2020-09-29,2020092904000867,RLI,33,52,10,626.00,"6,260.00"
2020-09-29,2020092904000866,RLI,33,35,10,627.00,"6,270.00"
2020-09-29,2020092904000877,RLI,39,39,10,626.00,"6,260.00"
2020-09-29,2020092904000876,RLI,39,19,10,626.00,"6,260.00"
2020-09-29,2020092904000875,RLI,39,39,10,626.00,"6,260.00"
2020-09-29,2020092904000874,RLI,33,46,10,627.00,"6,270.00"
2020-09-29,2020092904000873,RLI,33,48,10,627.00,"6,270.00"
2020-09-29,2020092904000872,RLI,39,4,10,626.00,"6,260.00"
2020-09-29,2020092904000883,RLI,39,39,10,626.00,"6,260.00"
2020-09-29,2020092904000882,RLI,39,19,10,626.00,"6,260.00"
2020-09-29,2020092904000881,RLI,39,4,10,626.00,"6,260.00"
2020-09-29,2020092904000880,RLI,39,19,10,626.00,"6,260.00"
2020-09-29,2020092904000879,RLI,39,19,10,626.00,"6,260.00"
2020-09-29,2020092904000878,RLI,39,1,10,626.00,"6,260.00"
2020-09-29,2020092904000890,RLI,39,39,10,626.00,"6,260.00"
2020-09-29,2020092904000889,RLI,39,46,10,626.00,"6,260.00"
2020-09-29,2020092904000888,RLI,39,46,10,626.00,"6,260.00"
2020-09-29,2020092904000887,RLI,39,57,10,626.00,"6,260.00"
2020-09-29,2020092904000886,RLI,39,39,10,626.00,"6,260.00"
2020-09-29,2020092904000885,RLI,39,25,10,626.00,"6,260.00"
2020-09-29,2020092904000896,RLI,39,32,10,626.00,"6,260.00"
2020-09-29,2020092904000895,RLI,39,39,10,626.00,"6,260.00"
2020-09-29,2020092904000894,RLI,39,19,10,626.00,"6,260.00"
2020-09-29,2020092904000893,RLI,33,21,10,627.00,"6,270.00"
2020-09-29,2020092904000892,RLI,39,26,10,626.00,"6,260.00"
2020-09-29,2020092904000891,RLI,39,39,10,626.00,"6,260.00"
2020-09-29,2020092904000902,RLI,40,19,10,626.00,"6,260.00"
2020-09-29,2020092904000901,RLI,40,28,10,626.00,"6,260.00"
2020-09-29,2020092904000900,RLI,40,46,10,626.00,"6,260.00"
2020-09-29,2020092904000899,RLI,40,19,10,626.00,"6,260.00"
2020-09-29,2020092904000898,RLI,39,42,10,626.00,"6,260.00"
2020-09-29,2020092904000897,RLI,39,43,10,626.00,"6,260.00"
2020-09-29,2020092904000909,RLI,56,58,60,626.00,"37,560.00"
2020-09-29,2020092904000908,RLI,17,58,10,626.00,"6,260.00"
2020-09-29,2020092904000907,RLI,40,58,30,626.00,"18,780.00"
2020-09-29,2020092904000906,RLI,40,19,10,626.00,"6,260.00"
2020-09-29,2020092904000904,RLI,40,39,10,626.00,"6,260.00"
2020-09-29,2020092904000903,RLI,40,44,10,626.00,"6,260.00"
2020-09-29,2020092904000915,RLI,20,54,10,626.00,"6,260.00"
2020-09-29,2020092904000914,RLI,20,19,10,626.00,"6,260.00"
2020-09-29,2020092904000913,RLI,56,35,10,626.00,"6,260.00"
2020-09-29,2020092904000912,RLI,56,46,10,626.00,"6,260.00"
2020-09-29,2020092904000911,RLI,56,1,10,626.00,"6,260.00"
2020-09-29,2020092904000910,RLI,56,19,10,626.00,"6,260.00"
2020-09-29,2020092904000923,RLI,20,37,10,626.00,"6,260.00"
2020-09-29,2020092904000922,RLI,20,19,10,626.00,"6,260.00"
2020-09-29,2020092904000920,RLI,20,37,10,626.00,"6,260.00"
2020-09-29,2020092904000919,RLI,20,19,10,626.00,"6,260.00"
2020-09-29,2020092904000918,RLI,20,56,10,626.00,"6,260.00"
2020-09-29,2020092904000917,RLI,33,34,10,627.00,"6,270.00"
