Date,Transact. No.,Symbol,Buyer,Seller,Quantity,Rate,Amount
2019-07-29,2019072901005624,ADBL,14,20,304,427.00,"129,808.00"
2019-07-29,2019072901005602,ADBL,14,39,291,427.00,"124,257.00"
2019-07-29,2019072901005538,ADBL,35,39,500,428.00,"214,000.00"
2019-07-29,2019072901005520,ADBL,36,39,50,428.00,"21,400.00"
2019-07-29,2019072901005519,ADBL,39,39,"1,159",428.00,"496,052.00"
2019-07-29,2019072901005514,ADBL,39,49,300,428.00,"128,400.00"
2019-07-29,2019072901005491,ADBL,39,49,200,428.00,"85,600.00"
2019-07-29,2019072901005469,ADBL,39,49,"3,005",428.00,"1,286,140.00"
2019-07-29,2019072901005421,ADBL,39,49,200,428.00,"85,600.00"
2019-07-29,2019072901005358,AHPC,22,55,50,104.00,"5,200.00"
2019-07-29,2019072901005444,AKJCL,25,57,10,70.00,700.00
2019-07-29,2019072901005443,AKJCL,17,57,10,71.00,710.00
2019-07-29,2019072901005420,AKPL,55,44,276,170.00,"46,920.00"
2019-07-29,2019072901005569,ALBSL,36,42,20,427.00,"8,540.00"
2019-07-29,2019072901005433,ALBSL,33,14,10,430.00,"4,300.00"
2019-07-29,2019072901005432,ALBSL,33,14,10,430.00,"4,300.00"
2019-07-29,2019072901005431,ALBSL,33,14,10,430.00,"4,300.00"
2019-07-29,2019072901005430,ALBSL,33,33,10,430.00,"4,300.00"
2019-07-29,2019072901005429,ALBSL,33,14,10,430.00,"4,300.00"
2019-07-29,2019072901005400,ALBSL,33,10,10,423.00,"4,230.00"
2019-07-29,2019072901005428,ALBSL,33,14,10,430.00,"4,300.00"
2019-07-29,2019072901005427,ALBSL,33,14,10,430.00,"4,300.00"
2019-07-29,2019072901005403,ALBSL,33,29,10,426.00,"4,260.00"
2019-07-29,2019072901005402,ALBSL,33,48,10,425.00,"4,250.00"
2019-07-29,2019072901005401,ALBSL,33,57,10,424.00,"4,240.00"
2019-07-29,2019072901005568,ALICL,41,50,258,368.00,"94,944.00"
2019-07-29,2019072901005567,ALICL,45,50,50,368.00,"18,400.00"
2019-07-29,2019072901005566,ALICL,37,50,50,368.00,"18,400.00"
2019-07-29,2019072901005565,ALICL,35,50,79,368.00,"29,072.00"
2019-07-29,2019072901005423,ALICL,41,38,200,369.00,"73,800.00"
2019-07-29,2019072901005382,ALICL,51,38,200,369.00,"73,800.00"
2019-07-29,2019072901005381,ALICL,13,38,30,369.00,"11,070.00"
2019-07-29,2019072901005290,ALICL,41,51,50,370.00,"18,500.00"
2019-07-29,2019072901005289,ALICL,41,54,50,370.00,"18,500.00"
2019-07-29,2019072901005661,API,47,45,471,138.00,"64,998.00"
2019-07-29,2019072901005660,API,47,38,29,138.00,"4,002.00"
2019-07-29,2019072901005523,BFC,53,39,10,102.00,"1,020.00"
2019-07-29,2019072901005655,BOKL,47,39,157,267.00,"41,919.00"
2019-07-29,2019072901005615,BOKL,47,8,343,267.00,"91,581.00"
2019-07-29,2019072901005564,BOKL,47,4,234,266.00,"62,244.00"
2019-07-29,2019072901005563,BOKL,47,4,16,266.00,"4,256.00"
2019-07-29,2019072901005559,BOKL,47,8,300,267.00,"80,100.00"
2019-07-29,2019072901005539,BOKL,47,8,300,267.00,"80,100.00"
2019-07-29,2019072901005351,BOKL,47,34,24,266.00,"6,384.00"
2019-07-29,2019072901005238,BOKL,47,25,116,266.00,"30,856.00"
2019-07-29,2019072901005518,BOKL,47,8,57,267.00,"15,219.00"
2019-07-29,2019072901005517,BOKL,47,14,53,267.00,"14,151.00"
2019-07-29,2019072901005516,BOKL,47,28,90,267.00,"24,030.00"
2019-07-29,2019072901005489,BOKL,47,28,400,267.00,"106,800.00"
2019-07-29,2019072901005371,BPCL,6,51,500,404.00,"202,000.00"
2019-07-29,2019072901005366,BPCL,6,1,72,404.00,"29,088.00"
2019-07-29,2019072901005361,BPCL,6,57,22,404.00,"8,888.00"
2019-07-29,2019072901005183,BPCL,6,33,50,404.00,"20,200.00"
2019-07-29,2019072901005619,CBL,28,43,"2,000",153.00,"306,000.00"
2019-07-29,2019072901005576,CBL,28,22,544,153.00,"83,232.00"
2019-07-29,2019072901005575,CBL,28,22,291,153.00,"44,523.00"
2019-07-29,2019072901005380,CBL,28,43,"2,709",153.00,"414,477.00"
2019-07-29,2019072901005379,CBL,52,43,"1,000",153.00,"153,000.00"
2019-07-29,2019072901005378,CBL,10,43,"2,000",153.00,"306,000.00"
2019-07-29,2019072901005251,CBL,6,57,100,154.00,"15,400.00"
2019-07-29,2019072901005377,CBL,8,43,"2,000",153.00,"306,000.00"
2019-07-29,2019072901005376,CBL,34,43,500,153.00,"76,500.00"
2019-07-29,2019072901005375,CBL,39,43,"5,000",153.00,"765,000.00"
2019-07-29,2019072901005374,CBL,34,43,"4,791",153.00,"733,023.00"
2019-07-29,2019072901005335,CBL,34,43,209,153.00,"31,977.00"
2019-07-29,2019072901005334,CBL,28,43,791,153.00,"121,023.00"
2019-07-29,2019072901005668,CCBL,32,46,25,173.00,"4,325.00"
2019-07-29,2019072901005365,CCBL,59,6,968,172.00,"166,496.00"
2019-07-29,2019072901005364,CCBL,59,42,736,172.00,"126,592.00"
2019-07-29,2019072901005267,CCBL,13,42,20,171.00,"3,420.00"
2019-07-29,2019072901005261,CEFL,4,37,298,103.00,"30,694.00"
2019-07-29,2019072901005616,CHCL,6,29,644,510.00,"328,440.00"
2019-07-29,2019072901005415,CHCL,42,8,300,511.00,"153,300.00"
2019-07-29,2019072901005205,CHCL,6,38,100,510.00,"51,000.00"
2019-07-29,2019072901005474,CZBIL,50,43,698,224.00,"156,352.00"
2019-07-29,2019072901005473,CZBIL,6,43,42,224.00,"9,408.00"
2019-07-29,2019072901005472,CZBIL,37,43,260,225.00,"58,500.00"
2019-07-29,2019072901005293,CZBIL,37,5,240,225.00,"54,000.00"
2019-07-29,2019072901005272,CZBIL,45,5,300,225.00,"67,500.00"
2019-07-29,2019072901005271,CZBIL,6,5,100,225.00,"22,500.00"
2019-07-29,2019072901005270,CZBIL,6,5,65,225.00,"14,625.00"
2019-07-29,2019072901005234,CZBIL,49,1,500,226.00,"113,000.00"
2019-07-29,2019072901005391,DBBL,44,55,50,142.00,"7,100.00"
2019-07-29,2019072901005390,DBBL,39,55,50,142.00,"7,100.00"
2019-07-29,2019072901005309,DBBL,46,5,500,143.00,"71,500.00"
2019-07-29,2019072901005308,DBBL,59,5,63,143.00,"9,009.00"
2019-07-29,2019072901005631,DDBL,42,48,100,740.00,"74,000.00"
2019-07-29,2019072901005363,DDBL,22,41,100,741.00,"74,100.00"
2019-07-29,2019072901005581,EBL,35,35,"1,334",661.00,"881,774.00"
2019-07-29,2019072901005265,EBL,22,22,110,663.00,"72,930.00"
2019-07-29,2019072901005273,FMDBL,32,49,49,386.00,"18,914.00"
2019-07-29,2019072901005219,FMDBL,40,49,451,386.00,"174,086.00"
2019-07-29,2019072901005180,FMDBL,40,37,49,386.00,"18,914.00"
2019-07-29,2019072901005210,FOWAD,33,51,100,"1,386.00","138,600.00"
2019-07-29,2019072901005209,FOWAD,33,4,100,"1,386.00","138,600.00"
2019-07-29,2019072901005208,FOWAD,33,8,50,"1,386.00","69,300.00"
2019-07-29,2019072901005192,FOWAD,33,45,19,"1,385.00","26,315.00"
2019-07-29,2019072901005184,GBLBS,39,26,10,357.00,"3,570.00"
2019-07-29,2019072901005193,GHL,16,37,30,85.00,"2,550.00"
2019-07-29,2019072901005604,GILB,58,44,10,722.00,"7,220.00"
2019-07-29,2019072901005590,GILB,37,14,50,710.00,"35,500.00"
2019-07-29,2019072901005626,GLBSL,52,39,40,427.00,"17,080.00"
2019-07-29,2019072901005338,GLBSL,40,10,100,435.00,"43,500.00"
2019-07-29,2019072901005337,GLBSL,40,44,10,431.00,"4,310.00"
2019-07-29,2019072901005336,GLBSL,40,44,10,431.00,"4,310.00"
2019-07-29,2019072901005286,GLBSL,39,17,60,430.00,"25,800.00"
2019-07-29,2019072901005285,GLBSL,39,39,40,430.00,"17,200.00"
2019-07-29,2019072901005580,GLICL,42,50,200,447.00,"89,400.00"
2019-07-29,2019072901005675,GMFBS,48,19,100,532.00,"53,200.00"
2019-07-29,2019072901005674,GMFBS,48,14,100,530.00,"53,000.00"
2019-07-29,2019072901005478,GMFBS,38,4,10,526.00,"5,260.00"
2019-07-29,2019072901005414,GRDBL,58,55,200,114.00,"22,800.00"
2019-07-29,2019072901005282,HBL,25,1,50,550.00,"27,500.00"
2019-07-29,2019072901005262,HBL,11,1,50,550.00,"27,500.00"
2019-07-29,2019072901005613,HDL,17,25,10,"1,562.00","15,620.00"
2019-07-29,2019072901005457,HDL,14,33,10,"1,545.00","15,450.00"
2019-07-29,2019072901005333,HGI,36,39,14,339.00,"4,746.00"
2019-07-29,2019072901005332,HGI,3,39,20,339.00,"6,780.00"
2019-07-29,2019072901005331,HGI,25,39,100,340.00,"34,000.00"
2019-07-29,2019072901005330,HGI,57,39,180,340.00,"61,200.00"
2019-07-29,2019072901005329,HGI,42,39,20,342.00,"6,840.00"
2019-07-29,2019072901005241,HGI,42,47,30,342.00,"10,260.00"
2019-07-29,2019072901005435,HIDCL,7,55,50,156.00,"7,800.00"
2019-07-29,2019072901005322,HIDCL,7,50,68,156.00,"10,608.00"
2019-07-29,2019072901005321,HIDCL,51,50,250,156.00,"39,000.00"
2019-07-29,2019072901005320,HIDCL,14,50,190,156.00,"29,640.00"
2019-07-29,2019072901005250,HIDCL,14,26,310,156.00,"48,360.00"
2019-07-29,2019072901005249,HIDCL,16,26,100,156.00,"15,600.00"
2019-07-29,2019072901005248,HIDCL,16,26,100,156.00,"15,600.00"
2019-07-29,2019072901005247,HIDCL,28,26,878,156.00,"136,968.00"
2019-07-29,2019072901005246,HIDCL,7,26,500,157.00,"78,500.00"
2019-07-29,2019072901005245,HIDCL,3,26,100,157.00,"15,700.00"
2019-07-29,2019072901005244,HIDCL,14,26,58,157.00,"9,106.00"
2019-07-29,2019072901005458,HPPL,22,55,10,170.00,"1,700.00"
2019-07-29,2019072901005196,HURJA,16,37,20,134.00,"2,680.00"
2019-07-29,2019072901005419,ICFC,1,4,389,161.00,"62,629.00"
2019-07-29,2019072901005418,ICFC,1,4,100,162.00,"16,200.00"
2019-07-29,2019072901005417,ICFC,58,4,100,162.00,"16,200.00"
2019-07-29,2019072901005416,ICFC,52,4,100,162.00,"16,200.00"
2019-07-29,2019072901005213,IGI,32,45,10,347.00,"3,470.00"
2019-07-29,2019072901005639,ILBS,48,35,35,440.00,"15,400.00"
2019-07-29,2019072901005638,ILBS,48,38,10,439.00,"4,390.00"
2019-07-29,2019072901005637,ILBS,48,38,10,439.00,"4,390.00"
2019-07-29,2019072901005636,ILBS,48,38,10,439.00,"4,390.00"
2019-07-29,2019072901005635,ILBS,48,38,10,439.00,"4,390.00"
2019-07-29,2019072901005634,ILBS,48,38,10,439.00,"4,390.00"
2019-07-29,2019072901005352,ILBS,45,17,20,436.00,"8,720.00"
2019-07-29,2019072901005301,ILBS,45,16,10,436.00,"4,360.00"
2019-07-29,2019072901005256,ILBS,36,16,10,436.00,"4,360.00"
2019-07-29,2019072901005218,ILBS,36,16,10,436.00,"4,360.00"
2019-07-29,2019072901005201,ILBS,45,16,10,436.00,"4,360.00"
2019-07-29,2019072901005200,ILBS,45,3,20,436.00,"8,720.00"
2019-07-29,2019072901005493,ILBS,18,33,50,437.00,"21,850.00"
2019-07-29,2019072901005492,ILBS,18,55,10,435.00,"4,350.00"
2019-07-29,2019072901005487,ILBS,22,38,10,434.00,"4,340.00"
2019-07-29,2019072901005384,ILBS,18,16,10,436.00,"4,360.00"
2019-07-29,2019072901005383,ILBS,18,17,40,436.00,"17,440.00"
2019-07-29,2019072901005355,ILBS,48,14,40,435.00,"17,400.00"
2019-07-29,2019072901005499,ILBS,18,1,25,440.00,"11,000.00"
2019-07-29,2019072901005498,ILBS,18,34,50,440.00,"22,000.00"
2019-07-29,2019072901005497,ILBS,18,52,10,440.00,"4,400.00"
2019-07-29,2019072901005496,ILBS,18,53,10,438.00,"4,380.00"
2019-07-29,2019072901005495,ILBS,18,39,10,438.00,"4,380.00"
2019-07-29,2019072901005494,ILBS,18,16,10,437.00,"4,370.00"
2019-07-29,2019072901005633,ILBS,48,38,10,439.00,"4,390.00"
2019-07-29,2019072901005632,ILBS,48,38,10,439.00,"4,390.00"
2019-07-29,2019072901005628,ILBS,22,38,10,434.00,"4,340.00"
2019-07-29,2019072901005574,ILBS,22,25,50,434.00,"21,700.00"
2019-07-29,2019072901005501,ILBS,18,35,15,440.00,"6,600.00"
2019-07-29,2019072901005500,ILBS,18,57,10,440.00,"4,400.00"
2019-07-29,2019072901005471,JBBL,48,55,90,160.00,"14,400.00"
2019-07-29,2019072901005239,JFL,3,37,27,184.00,"4,968.00"
2019-07-29,2019072901005186,JSLBB,34,47,10,975.00,"9,750.00"
2019-07-29,2019072901005185,JSLBB,34,34,50,956.00,"47,800.00"
2019-07-29,2019072901005529,KBL,48,48,200,216.00,"43,200.00"
2019-07-29,2019072901005406,KBL,26,51,102,215.00,"21,930.00"
2019-07-29,2019072901005405,KBL,56,51,292,215.00,"62,780.00"
2019-07-29,2019072901005404,KBL,42,48,50,216.00,"10,800.00"
2019-07-29,2019072901005392,KBL,38,48,500,216.00,"108,000.00"
2019-07-29,2019072901005356,KBL,58,48,200,216.00,"43,200.00"
2019-07-29,2019072901005294,KBL,34,6,500,216.00,"108,000.00"
2019-07-29,2019072901005302,KPCL,50,57,10,89.00,890.00
2019-07-29,2019072901005252,KPCL,50,48,10,89.00,890.00
2019-07-29,2019072901005220,KRBL,58,37,55,113.00,"6,215.00"
2019-07-29,2019072901005233,KSBBL,43,26,664,154.00,"102,256.00"
2019-07-29,2019072901005212,KSBBL,6,26,100,154.00,"15,400.00"
2019-07-29,2019072901005600,LBBL,33,44,10,207.00,"2,070.00"
2019-07-29,2019072901005591,LBBL,1,44,20,207.00,"4,140.00"
2019-07-29,2019072901005323,LBBL,32,55,30,204.00,"6,120.00"
2019-07-29,2019072901005278,LBBL,29,53,450,206.00,"92,700.00"
2019-07-29,2019072901005277,LBBL,29,39,300,206.00,"61,800.00"
2019-07-29,2019072901005276,LBBL,29,59,500,206.00,"103,000.00"
2019-07-29,2019072901005275,LBBL,29,53,50,206.00,"10,300.00"
2019-07-29,2019072901005274,LBBL,29,1,50,206.00,"10,300.00"
2019-07-29,2019072901005579,LBL,16,16,"1,000",221.00,"221,000.00"
2019-07-29,2019072901005562,LBL,16,46,891,221.00,"196,911.00"
2019-07-29,2019072901005561,LBL,3,46,50,221.00,"11,050.00"
2019-07-29,2019072901005560,LBL,34,46,59,221.00,"13,039.00"
2019-07-29,2019072901005558,LBL,34,16,"1,000",221.00,"221,000.00"
2019-07-29,2019072901005553,LBL,34,46,900,221.00,"198,900.00"
2019-07-29,2019072901005326,LBL,55,34,20,221.00,"4,420.00"
2019-07-29,2019072901005232,LBL,25,46,100,222.00,"22,200.00"
2019-07-29,2019072901005536,LBL,34,16,41,221.00,"9,061.00"
2019-07-29,2019072901005535,LBL,55,16,959,221.00,"211,939.00"
2019-07-29,2019072901005307,LGIL,57,39,80,427.00,"34,160.00"
2019-07-29,2019072901005306,LGIL,48,39,20,427.00,"8,540.00"
2019-07-29,2019072901005305,LGIL,17,39,25,428.00,"10,700.00"
2019-07-29,2019072901005304,LGIL,48,39,75,428.00,"32,100.00"
2019-07-29,2019072901005466,MBL,14,45,206,268.00,"55,208.00"
2019-07-29,2019072901005465,MBL,14,48,20,268.00,"5,360.00"
2019-07-29,2019072901005464,MBL,14,22,149,268.00,"39,932.00"
2019-07-29,2019072901005534,MEGA,1,42,30,208.00,"6,240.00"
2019-07-29,2019072901005533,MEGA,58,43,"1,000",207.00,"207,000.00"
2019-07-29,2019072901005522,MEGA,58,16,750,207.00,"155,250.00"
2019-07-29,2019072901005477,MEGA,58,43,642,207.00,"132,894.00"
2019-07-29,2019072901005476,MEGA,40,43,138,207.00,"28,566.00"
2019-07-29,2019072901005475,MEGA,29,43,220,207.00,"45,540.00"
2019-07-29,2019072901005288,MEGA,38,43,"1,000",207.00,"207,000.00"
2019-07-29,2019072901005287,MEGA,26,43,"1,000",207.00,"207,000.00"
2019-07-29,2019072901005467,MEGA,29,42,300,207.00,"62,100.00"
2019-07-29,2019072901005399,MEGA,1,16,100,208.00,"20,800.00"
2019-07-29,2019072901005318,MEGA,29,43,480,207.00,"99,360.00"
2019-07-29,2019072901005317,MEGA,45,43,120,207.00,"24,840.00"
2019-07-29,2019072901005316,MEGA,59,43,200,207.00,"41,400.00"
2019-07-29,2019072901005315,MEGA,43,43,200,207.00,"41,400.00"
2019-07-29,2019072901005623,MLBL,33,7,54,202.00,"10,908.00"
2019-07-29,2019072901005622,MLBL,33,17,182,202.00,"36,764.00"
2019-07-29,2019072901005621,MLBL,33,22,190,202.00,"38,380.00"
2019-07-29,2019072901005620,MLBL,33,29,540,202.00,"109,080.00"
2019-07-29,2019072901005395,MSLB,11,34,10,960.00,"9,600.00"
2019-07-29,2019072901005362,MSLB,11,37,23,959.00,"22,057.00"
2019-07-29,2019072901005310,MSLB,48,37,10,959.00,"9,590.00"
2019-07-29,2019072901005397,MSLB,11,45,22,969.00,"21,318.00"
2019-07-29,2019072901005396,MSLB,11,8,11,969.00,"10,659.00"
2019-07-29,2019072901005676,NABIL,25,20,10,803.00,"8,030.00"
2019-07-29,2019072901005198,NABIL,25,42,90,800.00,"72,000.00"
2019-07-29,2019072901005325,NADEP,19,37,10,432.00,"4,320.00"
2019-07-29,2019072901005505,NBB,45,55,70,222.00,"15,540.00"
2019-07-29,2019072901005486,NBB,45,51,61,222.00,"13,542.00"
2019-07-29,2019072901005385,NBB,45,34,40,222.00,"8,880.00"
2019-07-29,2019072901005652,NBL,8,6,240,339.00,"81,360.00"
2019-07-29,2019072901005651,NBL,8,35,751,339.00,"254,589.00"
2019-07-29,2019072901005353,NBL,45,35,25,339.00,"8,475.00"
2019-07-29,2019072901005281,NBL,6,35,10,339.00,"3,390.00"
2019-07-29,2019072901005280,NBL,11,35,200,339.00,"67,800.00"
2019-07-29,2019072901005279,NBL,29,35,152,339.00,"51,528.00"
2019-07-29,2019072901005225,NBL,29,13,848,339.00,"287,472.00"
2019-07-29,2019072901005224,NBL,6,13,300,339.00,"101,700.00"
2019-07-29,2019072901005223,NBL,45,13,300,339.00,"101,700.00"
2019-07-29,2019072901005222,NBL,43,13,52,339.00,"17,628.00"
2019-07-29,2019072901005182,NBL,45,17,25,340.00,"8,500.00"
2019-07-29,2019072901005662,NCCB,58,29,10,244.00,"2,440.00"
2019-07-29,2019072901005612,NCCB,36,29,"1,000",244.00,"244,000.00"
2019-07-29,2019072901005611,NCCB,46,29,500,244.00,"122,000.00"
2019-07-29,2019072901005610,NCCB,42,29,100,244.00,"24,400.00"
2019-07-29,2019072901005609,NCCB,8,29,"1,000",244.00,"244,000.00"
2019-07-29,2019072901005608,NCCB,49,29,30,244.00,"7,320.00"
2019-07-29,2019072901005394,NCCB,49,40,170,244.00,"41,480.00"
2019-07-29,2019072901005393,NCCB,41,40,80,244.00,"19,520.00"
2019-07-29,2019072901005370,NCCB,41,17,320,244.00,"78,080.00"
2019-07-29,2019072901005360,NCCB,41,22,600,244.00,"146,400.00"
2019-07-29,2019072901005359,NCCB,21,22,100,244.00,"24,400.00"
2019-07-29,2019072901005554,NGPL,36,48,20,115.00,"2,300.00"
2019-07-29,2019072901005236,NIB,37,22,200,515.00,"103,000.00"
2019-07-29,2019072901005235,NIB,45,22,112,515.00,"57,680.00"
2019-07-29,2019072901005507,NIBLPF,36,45,505,7.40,"3,737.00"
2019-07-29,2019072901005666,NIBSF1,21,4,"2,500",9.14,"22,850.00"
2019-07-29,2019072901005665,NIBSF1,26,4,"10,000",9.15,"91,500.00"
2019-07-29,2019072901005664,NIBSF1,6,4,"10,000",9.17,"91,700.00"
2019-07-29,2019072901005588,NICA,22,28,"1,038",462.00,"479,556.00"
2019-07-29,2019072901005298,NICA,55,46,900,462.00,"415,800.00"
2019-07-29,2019072901005260,NICA,55,49,100,462.00,"46,200.00"
2019-07-29,2019072901005587,NICL,39,54,290,344.00,"99,760.00"
2019-07-29,2019072901005485,NICL,39,58,40,344.00,"13,760.00"
2019-07-29,2019072901005484,NICL,58,58,10,345.00,"3,450.00"
2019-07-29,2019072901005328,NICL,43,45,26,345.00,"8,970.00"
2019-07-29,2019072901005324,NICL,39,58,910,344.00,"313,040.00"
2019-07-29,2019072901005243,NICL,25,4,10,347.00,"3,470.00"
2019-07-29,2019072901005503,NIL,46,17,414,475.00,"196,650.00"
2019-07-29,2019072901005502,NIL,46,6,400,474.00,"189,600.00"
2019-07-29,2019072901005197,NIL,45,46,50,473.00,"23,650.00"
2019-07-29,2019072901005540,NLBBL,16,47,100,523.00,"52,300.00"
2019-07-29,2019072901005398,NLG,49,45,200,690.00,"138,000.00"
2019-07-29,2019072901005203,NLG,49,44,50,687.00,"34,350.00"
2019-07-29,2019072901005202,NLG,49,44,497,685.00,"340,445.00"
2019-07-29,2019072901005627,NLIC,54,4,120,874.00,"104,880.00"
2019-07-29,2019072901005607,NLIC,6,50,90,873.00,"78,570.00"
2019-07-29,2019072901005606,NLIC,49,50,100,873.00,"87,300.00"
2019-07-29,2019072901005605,NLIC,50,50,10,873.00,"8,730.00"
2019-07-29,2019072901005508,NLIC,28,4,200,874.00,"174,800.00"
2019-07-29,2019072901005470,NLIC,45,4,31,875.00,"27,125.00"
2019-07-29,2019072901005206,NLIC,59,4,25,875.00,"21,875.00"
2019-07-29,2019072901005442,NLIC,32,4,55,875.00,"48,125.00"
2019-07-29,2019072901005434,NLIC,54,4,20,875.00,"17,500.00"
2019-07-29,2019072901005296,NLIC,41,42,207,874.00,"180,918.00"
2019-07-29,2019072901005295,NLIC,1,42,93,874.00,"81,282.00"
2019-07-29,2019072901005284,NLIC,1,55,17,874.00,"14,858.00"
2019-07-29,2019072901005263,NLIC,37,4,30,875.00,"26,250.00"
2019-07-29,2019072901005468,NLIC,54,4,10,875.00,"8,750.00"
2019-07-29,2019072901005463,NLIC,36,4,27,874.00,"23,598.00"
2019-07-29,2019072901005462,NLIC,17,4,110,874.00,"96,140.00"
2019-07-29,2019072901005461,NLIC,14,4,30,874.00,"26,220.00"
2019-07-29,2019072901005460,NLIC,50,4,10,874.00,"8,740.00"
2019-07-29,2019072901005459,NLIC,41,4,93,874.00,"81,282.00"
2019-07-29,2019072901005531,NLICL,22,37,16,577.00,"9,232.00"
2019-07-29,2019072901005269,NLICL,25,52,135,578.00,"78,030.00"
2019-07-29,2019072901005268,NLICL,25,46,50,578.00,"28,900.00"
2019-07-29,2019072901005199,NLICL,39,39,"5,000",576.00,"2,880,000.00"
2019-07-29,2019072901005479,NMBMF,41,25,19,"1,061.00","20,159.00"
2019-07-29,2019072901005177,NMBMF,39,25,10,"1,061.00","10,610.00"
2019-07-29,2019072901005319,NMFBS,28,26,15,"1,500.00","22,500.00"
2019-07-29,2019072901005292,NNLB,55,38,50,415.00,"20,750.00"
2019-07-29,2019072901005441,NNLB,29,13,500,421.00,"210,500.00"
2019-07-29,2019072901005440,NNLB,29,39,10,421.00,"4,210.00"
2019-07-29,2019072901005439,NNLB,29,52,20,420.00,"8,400.00"
2019-07-29,2019072901005438,NNLB,29,6,100,416.00,"41,600.00"
2019-07-29,2019072901005630,OHL,52,55,60,610.00,"36,600.00"
2019-07-29,2019072901005297,OHL,4,55,10,610.00,"6,100.00"
2019-07-29,2019072901005541,PCBL,53,51,18,282.00,"5,076.00"
2019-07-29,2019072901005227,PIC,49,21,26,470.00,"12,220.00"
2019-07-29,2019072901005226,PIC,37,21,24,470.00,"11,280.00"
2019-07-29,2019072901005657,PLIC,48,35,300,422.00,"126,600.00"
2019-07-29,2019072901005656,PLIC,38,35,100,422.00,"42,200.00"
2019-07-29,2019072901005454,PRIN,44,14,"1,093",356.00,"389,108.00"
2019-07-29,2019072901005453,PRIN,42,14,50,357.00,"17,850.00"
2019-07-29,2019072901005452,PRIN,6,14,20,357.00,"7,140.00"
2019-07-29,2019072901005451,PRIN,43,14,200,357.00,"71,400.00"
2019-07-29,2019072901005450,PRIN,32,14,200,357.00,"71,400.00"
2019-07-29,2019072901005449,PRIN,55,14,100,357.00,"35,700.00"
2019-07-29,2019072901005448,PRIN,50,14,337,357.00,"120,309.00"
2019-07-29,2019072901005614,PRVU,38,6,"1,000",274.00,"274,000.00"
2019-07-29,2019072901005589,PRVU,28,34,580,274.00,"158,920.00"
2019-07-29,2019072901005571,PRVU,28,36,414,274.00,"113,436.00"
2019-07-29,2019072901005570,PRVU,36,36,730,274.00,"200,020.00"
2019-07-29,2019072901005552,PRVU,36,33,270,274.00,"73,980.00"
2019-07-29,2019072901005221,PRVU,11,55,150,274.00,"41,100.00"
2019-07-29,2019072901005215,PRVU,11,44,345,274.00,"94,530.00"
2019-07-29,2019072901005214,PRVU,34,44,155,274.00,"42,470.00"
2019-07-29,2019072901005195,PRVU,32,36,"1,000",275.00,"275,000.00"
2019-07-29,2019072901005545,PRVU,45,33,250,274.00,"68,500.00"
2019-07-29,2019072901005544,PRVU,11,33,30,274.00,"8,220.00"
2019-07-29,2019072901005426,PRVU,1,36,100,275.00,"27,500.00"
2019-07-29,2019072901005354,PRVU,11,44,475,274.00,"130,150.00"
2019-07-29,2019072901005551,PRVU,1,33,250,274.00,"68,500.00"
2019-07-29,2019072901005550,PRVU,34,33,"1,000",274.00,"274,000.00"
2019-07-29,2019072901005549,PRVU,57,33,500,274.00,"137,000.00"
2019-07-29,2019072901005548,PRVU,42,33,500,274.00,"137,000.00"
2019-07-29,2019072901005547,PRVU,14,33,"1,000",274.00,"274,000.00"
2019-07-29,2019072901005546,PRVU,14,33,200,274.00,"54,800.00"
2019-07-29,2019072901005228,RADHI,49,57,11,143.00,"1,573.00"
2019-07-29,2019072901005647,RBCL,47,45,10,"9,251.00","92,510.00"
2019-07-29,2019072901005230,RBCL,47,28,10,"9,251.00","92,510.00"
2019-07-29,2019072901005229,RBCL,48,28,10,"9,252.00","92,520.00"
2019-07-29,2019072901005211,RRHP,34,57,10,104.00,"1,040.00"
2019-07-29,2019072901005515,RSDC,48,35,50,346.00,"17,300.00"
2019-07-29,2019072901005240,RSDC,18,55,44,345.00,"15,180.00"
2019-07-29,2019072901005573,SADBL,55,51,47,153.00,"7,191.00"
2019-07-29,2019072901005572,SADBL,1,51,200,153.00,"30,600.00"
2019-07-29,2019072901005599,SANIMA,53,32,13,356.00,"4,628.00"
2019-07-29,2019072901005598,SANIMA,36,32,500,356.00,"178,000.00"
2019-07-29,2019072901005597,SANIMA,14,32,440,356.00,"156,640.00"
2019-07-29,2019072901005596,SANIMA,57,32,60,357.00,"21,420.00"
2019-07-29,2019072901005595,SANIMA,45,32,20,357.00,"7,140.00"
2019-07-29,2019072901005594,SANIMA,29,32,100,357.00,"35,700.00"
2019-07-29,2019072901005593,SANIMA,41,32,100,357.00,"35,700.00"
2019-07-29,2019072901005592,SANIMA,11,32,39,357.00,"13,923.00"
2019-07-29,2019072901005313,SBI,44,25,315,465.00,"146,475.00"
2019-07-29,2019072901005524,SBL,36,4,600,320.00,"192,000.00"
2019-07-29,2019072901005217,SBL,56,57,400,321.00,"128,400.00"
2019-07-29,2019072901005216,SBL,56,45,300,321.00,"96,300.00"
2019-07-29,2019072901005207,SBL,36,55,140,320.00,"44,800.00"
2019-07-29,2019072901005242,SCB,22,52,68,664.00,"45,152.00"
2019-07-29,2019072901005194,SCB,1,52,100,664.00,"66,400.00"
2019-07-29,2019072901005191,SCB,6,55,60,663.00,"39,780.00"
2019-07-29,2019072901005585,SHIVM,58,40,250,599.00,"149,750.00"
2019-07-29,2019072901005584,SHIVM,39,40,500,599.00,"299,500.00"
2019-07-29,2019072901005583,SHIVM,38,40,100,599.00,"59,900.00"
2019-07-29,2019072901005582,SHIVM,20,40,150,600.00,"90,000.00"
2019-07-29,2019072901005528,SHIVM,41,40,200,600.00,"120,000.00"
2019-07-29,2019072901005527,SHIVM,46,40,25,600.00,"15,000.00"
2019-07-29,2019072901005303,SHIVM,38,39,100,603.00,"60,300.00"
2019-07-29,2019072901005254,SHIVM,34,52,90,602.00,"54,180.00"
2019-07-29,2019072901005253,SHIVM,16,52,10,602.00,"6,020.00"
2019-07-29,2019072901005455,SHIVM,22,40,245,601.00,"147,245.00"
2019-07-29,2019072901005436,SHIVM,58,49,10,602.00,"6,020.00"
2019-07-29,2019072901005422,SHIVM,43,49,100,602.00,"60,200.00"
2019-07-29,2019072901005373,SHIVM,52,49,10,602.00,"6,020.00"
2019-07-29,2019072901005372,SHIVM,34,49,10,602.00,"6,020.00"
2019-07-29,2019072901005526,SHIVM,42,40,80,600.00,"48,000.00"
2019-07-29,2019072901005525,SHIVM,45,40,390,600.00,"234,000.00"
2019-07-29,2019072901005482,SHIVM,45,45,110,600.00,"66,000.00"
2019-07-29,2019072901005481,SHIVM,32,45,110,600.00,"66,000.00"
2019-07-29,2019072901005480,SHIVM,52,45,30,601.00,"18,030.00"
2019-07-29,2019072901005456,SHIVM,46,40,500,601.00,"300,500.00"
2019-07-29,2019072901005504,SHL,47,51,200,234.00,"46,800.00"
2019-07-29,2019072901005603,SICL,22,6,10,799.00,"7,990.00"
2019-07-29,2019072901005673,SIL,25,37,10,469.00,"4,690.00"
2019-07-29,2019072901005369,SIL,34,56,150,461.00,"69,150.00"
2019-07-29,2019072901005368,SIL,51,56,50,462.00,"23,100.00"
2019-07-29,2019072901005367,SIL,29,56,100,463.00,"46,300.00"
2019-07-29,2019072901005291,SKBBL,42,51,20,980.00,"19,600.00"
2019-07-29,2019072901005653,SLBBL,1,43,200,474.00,"94,800.00"
2019-07-29,2019072901005537,SLBBL,51,37,10,479.00,"4,790.00"
2019-07-29,2019072901005650,SLICL,58,55,10,450.00,"4,500.00"
2019-07-29,2019072901005643,SLICL,42,50,343,445.00,"152,635.00"
2019-07-29,2019072901005642,SLICL,14,50,100,445.00,"44,500.00"
2019-07-29,2019072901005641,SLICL,29,50,100,445.00,"44,500.00"
2019-07-29,2019072901005640,SLICL,6,50,40,446.00,"17,840.00"
2019-07-29,2019072901005618,SLICL,6,4,10,446.00,"4,460.00"
2019-07-29,2019072901005255,SLICL,43,34,55,445.00,"24,475.00"
2019-07-29,2019072901005266,SMATA,47,17,10,"1,203.00","12,030.00"
2019-07-29,2019072901005259,SMB,39,57,10,425.00,"4,250.00"
2019-07-29,2019072901005258,SMB,39,36,10,422.00,"4,220.00"
2019-07-29,2019072901005257,SMB,39,55,10,420.00,"4,200.00"
2019-07-29,2019072901005649,SMFBS,49,26,10,550.00,"5,500.00"
2019-07-29,2019072901005648,SMFBS,49,25,10,545.00,"5,450.00"
2019-07-29,2019072901005532,SMFBS,22,39,110,540.00,"59,400.00"
2019-07-29,2019072901005506,SMFBS,22,53,40,540.00,"21,600.00"
2019-07-29,2019072901005445,SMFBS,22,6,10,540.00,"5,400.00"
2019-07-29,2019072901005425,SMFBS,47,53,50,541.00,"27,050.00"
2019-07-29,2019072901005424,SMFBS,34,53,10,541.00,"5,410.00"
2019-07-29,2019072901005312,SMFBS,34,14,490,541.00,"265,090.00"
2019-07-29,2019072901005311,SMFBS,47,14,10,541.00,"5,410.00"
2019-07-29,2019072901005187,SPARS,51,42,20,498.00,"9,960.00"
2019-07-29,2019072901005181,SPARS,40,7,350,496.00,"173,600.00"
2019-07-29,2019072901005577,SPDL,34,41,15,88.00,"1,320.00"
2019-07-29,2019072901005667,SRBL,39,43,500,248.00,"124,000.00"
2019-07-29,2019072901005663,SRBL,39,4,100,248.00,"24,800.00"
2019-07-29,2019072901005658,SRBL,39,7,84,248.00,"20,832.00"
2019-07-29,2019072901005488,SRBL,39,4,400,248.00,"99,200.00"
2019-07-29,2019072901005447,SRBL,39,4,100,248.00,"24,800.00"
2019-07-29,2019072901005646,SWBBL,38,44,18,890.00,"16,020.00"
2019-07-29,2019072901005645,SWBBL,26,44,20,890.00,"17,800.00"
2019-07-29,2019072901005644,SWBBL,53,44,62,890.00,"55,180.00"
2019-07-29,2019072901005672,UIC,26,5,20,777.00,"15,540.00"
2019-07-29,2019072901005671,UIC,55,5,10,778.00,"7,780.00"
2019-07-29,2019072901005670,UIC,49,5,20,778.00,"15,560.00"
2019-07-29,2019072901005669,UIC,6,5,50,779.00,"38,950.00"
2019-07-29,2019072901005659,UIC,45,39,10,782.00,"7,820.00"
2019-07-29,2019072901005625,UIC,34,5,50,780.00,"39,000.00"
2019-07-29,2019072901005231,UIC,42,52,10,780.00,"7,800.00"
2019-07-29,2019072901005190,UIC,51,22,30,779.00,"23,370.00"
2019-07-29,2019072901005189,UIC,34,22,10,780.00,"7,800.00"
2019-07-29,2019072901005188,UIC,22,22,100,780.00,"78,000.00"
2019-07-29,2019072901005341,UIC,14,35,15,779.00,"11,685.00"
2019-07-29,2019072901005340,UIC,34,35,24,779.00,"18,696.00"
2019-07-29,2019072901005327,UIC,22,52,10,780.00,"7,800.00"
2019-07-29,2019072901005300,UIC,45,52,10,780.00,"7,800.00"
2019-07-29,2019072901005264,UIC,57,52,50,780.00,"39,000.00"
2019-07-29,2019072901005237,UIC,7,52,100,780.00,"78,000.00"
2019-07-29,2019072901005347,UIC,42,35,12,777.00,"9,324.00"
2019-07-29,2019072901005346,UIC,50,35,10,777.00,"7,770.00"
2019-07-29,2019072901005345,UIC,34,35,10,777.00,"7,770.00"
2019-07-29,2019072901005344,UIC,6,35,50,777.00,"38,850.00"
2019-07-29,2019072901005343,UIC,41,35,30,777.00,"23,310.00"
2019-07-29,2019072901005342,UIC,42,35,100,778.00,"77,800.00"
2019-07-29,2019072901005387,UIC,32,40,10,776.00,"7,760.00"
2019-07-29,2019072901005386,UIC,57,40,101,776.00,"78,376.00"
2019-07-29,2019072901005357,UIC,14,5,160,779.00,"124,640.00"
2019-07-29,2019072901005350,UIC,6,52,100,780.00,"78,000.00"
2019-07-29,2019072901005349,UIC,57,35,199,776.00,"154,424.00"
2019-07-29,2019072901005348,UIC,33,35,150,776.00,"116,400.00"
2019-07-29,2019072901005490,UIC,33,17,150,780.00,"117,000.00"
2019-07-29,2019072901005483,UIC,49,36,100,782.00,"78,200.00"
2019-07-29,2019072901005437,UIC,57,5,40,780.00,"31,200.00"
2019-07-29,2019072901005407,UIC,57,58,60,780.00,"46,800.00"
2019-07-29,2019072901005389,UIC,38,40,79,776.00,"61,304.00"
2019-07-29,2019072901005388,UIC,32,40,10,776.00,"7,760.00"
2019-07-29,2019072901005530,UIC,21,5,25,780.00,"19,500.00"
2019-07-29,2019072901005521,UIC,21,17,75,780.00,"58,500.00"
2019-07-29,2019072901005512,UIC,51,5,20,780.00,"15,600.00"
2019-07-29,2019072901005511,UIC,26,5,10,780.00,"7,800.00"
2019-07-29,2019072901005510,UIC,7,5,10,780.00,"7,800.00"
2019-07-29,2019072901005509,UIC,33,5,50,780.00,"39,000.00"
2019-07-29,2019072901005601,UIC,57,5,20,780.00,"15,600.00"
2019-07-29,2019072901005578,UIC,52,5,50,780.00,"39,000.00"
2019-07-29,2019072901005556,UIC,7,5,20,780.00,"15,600.00"
2019-07-29,2019072901005555,UIC,41,5,50,780.00,"39,000.00"
2019-07-29,2019072901005543,UIC,48,54,97,782.00,"75,854.00"
2019-07-29,2019072901005542,UIC,48,36,170,782.00,"132,940.00"
2019-07-29,2019072901005179,UNHPL,54,39,390,78.00,"30,420.00"
2019-07-29,2019072901005178,UNHPL,54,14,100,76.00,"7,600.00"
2019-07-29,2019072901005557,UPCL,38,41,100,88.00,"8,800.00"
2019-07-29,2019072901005513,UPCL,53,46,10,89.00,890.00
2019-07-29,2019072901005654,UPPER,22,58,40,272.00,"10,880.00"
2019-07-29,2019072901005629,UPPER,22,33,600,272.00,"163,200.00"
2019-07-29,2019072901005617,UPPER,22,58,40,272.00,"10,880.00"
2019-07-29,2019072901005586,UPPER,22,58,40,272.00,"10,880.00"
2019-07-29,2019072901005204,UPPER,48,33,200,272.00,"54,400.00"
2019-07-29,2019072901005408,UPPER,7,33,194,272.00,"52,768.00"
2019-07-29,2019072901005314,UPPER,6,33,50,272.00,"13,600.00"
2019-07-29,2019072901005299,UPPER,6,38,450,271.00,"121,950.00"
2019-07-29,2019072901005283,UPPER,35,33,20,272.00,"5,440.00"
2019-07-29,2019072901005446,UPPER,22,58,52,272.00,"14,144.00"
2019-07-29,2019072901005413,UPPER,7,47,40,272.00,"10,880.00"
2019-07-29,2019072901005412,UPPER,7,6,200,272.00,"54,400.00"
2019-07-29,2019072901005411,UPPER,7,21,40,272.00,"10,880.00"
2019-07-29,2019072901005410,UPPER,7,21,50,272.00,"13,600.00"
2019-07-29,2019072901005409,UPPER,7,21,50,272.00,"13,600.00"
2019-07-29,2019072901005339,VLBS,39,37,12,525.00,"6,300.00"
2019-07-29,2019072901004996,ADBL,19,58,209,429.00,"89,661.00"
2019-07-29,2019072901004968,ADBL,19,16,91,429.00,"39,039.00"
2019-07-29,2019072901004930,ADBL,49,16,309,429.00,"132,561.00"
2019-07-29,2019072901004897,ADBL,49,34,12,429.00,"5,148.00"
2019-07-29,2019072901004876,ADBL,49,58,"1,000",429.00,"429,000.00"
2019-07-29,2019072901004864,ADBL,49,39,100,429.00,"42,900.00"
2019-07-29,2019072901004791,ADBL,49,49,79,429.00,"33,891.00"
2019-07-29,2019072901004697,ADBL,14,49,250,429.00,"107,250.00"
2019-07-29,2019072901005151,AHPC,22,37,38,104.00,"3,952.00"
2019-07-29,2019072901004846,AKPL,18,7,26,172.00,"4,472.00"
2019-07-29,2019072901004991,ALBSL,39,38,10,419.00,"4,190.00"
2019-07-29,2019072901004990,ALBSL,39,34,10,419.00,"4,190.00"
2019-07-29,2019072901004902,ALBSL,39,21,10,413.00,"4,130.00"
2019-07-29,2019072901004924,BARUN,56,42,10,90.00,900.00
2019-07-29,2019072901005126,BOKL,47,21,700,266.00,"186,200.00"
2019-07-29,2019072901004927,BOKL,11,43,294,267.00,"78,498.00"
2019-07-29,2019072901004926,BOKL,11,19,60,267.00,"16,020.00"
2019-07-29,2019072901005040,CBBL,6,16,400,982.00,"392,800.00"
2019-07-29,2019072901004795,CBBL,56,52,23,980.00,"22,540.00"
2019-07-29,2019072901005172,CBL,28,43,209,153.00,"31,977.00"
2019-07-29,2019072901005171,CBL,39,43,50,153.00,"7,650.00"
2019-07-29,2019072901005170,CBL,40,43,31,153.00,"4,743.00"
2019-07-29,2019072901005169,CBL,26,43,500,153.00,"76,500.00"
2019-07-29,2019072901005168,CBL,6,43,100,153.00,"15,300.00"
2019-07-29,2019072901005167,CBL,45,43,500,153.00,"76,500.00"
2019-07-29,2019072901005166,CBL,52,43,100,153.00,"15,300.00"
2019-07-29,2019072901005165,CBL,45,43,510,153.00,"78,030.00"
2019-07-29,2019072901005093,CBL,1,16,"1,000",154.00,"154,000.00"
2019-07-29,2019072901004981,CBL,26,43,25,154.00,"3,850.00"
2019-07-29,2019072901004955,CBL,41,43,254,154.00,"39,116.00"
2019-07-29,2019072901004954,CBL,41,43,46,154.00,"7,084.00"
2019-07-29,2019072901005089,CCBL,13,56,235,171.00,"40,185.00"
2019-07-29,2019072901004949,CCBL,32,41,344,170.00,"58,480.00"
2019-07-29,2019072901005152,CHCL,35,8,75,511.00,"38,325.00"
2019-07-29,2019072901005060,CHCL,6,7,89,510.00,"45,390.00"
2019-07-29,2019072901004980,CHCL,6,45,18,510.00,"9,180.00"
2019-07-29,2019072901004857,CHCL,57,8,46,511.00,"23,506.00"
2019-07-29,2019072901004856,CHCL,57,42,54,511.00,"27,594.00"
2019-07-29,2019072901004723,CHCL,6,55,90,510.00,"45,900.00"
2019-07-29,2019072901004762,CHL,48,48,10,90.00,900.00
2019-07-29,2019072901004681,CHL,36,45,10,89.00,890.00
2019-07-29,2019072901004680,CHL,36,51,10,89.00,890.00
2019-07-29,2019072901004679,CHL,36,52,10,89.00,890.00
2019-07-29,2019072901004979,CZBIL,45,1,88,226.00,"19,888.00"
2019-07-29,2019072901004978,CZBIL,45,29,112,226.00,"25,312.00"
2019-07-29,2019072901004908,CZBIL,6,52,12,225.00,"2,700.00"
2019-07-29,2019072901004688,CZBIL,59,29,100,226.00,"22,600.00"
2019-07-29,2019072901004685,CZBIL,6,45,23,225.00,"5,175.00"
2019-07-29,2019072901004684,CZBIL,41,45,65,225.00,"14,625.00"
2019-07-29,2019072901005123,DBBL,59,8,937,143.00,"133,991.00"
2019-07-29,2019072901005122,DBBL,1,8,63,143.00,"9,009.00"
2019-07-29,2019072901005000,DBBL,1,8,"1,437",143.00,"205,491.00"
2019-07-29,2019072901004999,DBBL,36,8,"1,000",143.00,"143,000.00"
2019-07-29,2019072901004998,DBBL,49,8,500,143.00,"71,500.00"
2019-07-29,2019072901004997,DBBL,51,8,563,143.00,"80,509.00"
2019-07-29,2019072901004995,EBL,25,45,327,662.00,"216,474.00"
2019-07-29,2019072901004994,EBL,25,26,290,662.00,"191,980.00"
2019-07-29,2019072901004961,EBL,14,26,10,662.00,"6,620.00"
2019-07-29,2019072901004779,EIC,8,17,10,367.00,"3,670.00"
2019-07-29,2019072901004901,GBLBS,1,48,100,354.00,"35,400.00"
2019-07-29,2019072901004900,GBLBS,1,53,20,354.00,"7,080.00"
2019-07-29,2019072901004899,GBLBS,1,26,10,353.00,"3,530.00"
2019-07-29,2019072901004860,GDBL,26,28,202,213.00,"43,026.00"
2019-07-29,2019072901005150,GFCL,39,25,120,135.00,"16,200.00"
2019-07-29,2019072901004849,GLBSL,25,18,10,422.00,"4,220.00"
2019-07-29,2019072901004841,GLBSL,17,18,10,421.00,"4,210.00"
2019-07-29,2019072901005088,GMFBS,38,44,10,526.00,"5,260.00"
2019-07-29,2019072901005079,GMFBS,38,44,10,526.00,"5,260.00"
2019-07-29,2019072901005078,GMFBS,38,44,10,526.00,"5,260.00"
2019-07-29,2019072901005071,GMFBS,26,45,10,525.00,"5,250.00"
2019-07-29,2019072901004987,GUFL,3,52,384,120.00,"46,080.00"
2019-07-29,2019072901004986,GUFL,3,52,96,120.00,"11,520.00"
2019-07-29,2019072901004977,HBL,6,1,100,550.00,"55,000.00"
2019-07-29,2019072901004976,HBL,11,1,55,550.00,"30,250.00"
2019-07-29,2019072901004985,HDL,38,49,45,"1,515.00","68,175.00"
2019-07-29,2019072901004984,HDL,25,49,100,"1,516.00","151,600.00"
2019-07-29,2019072901004983,HDL,33,49,20,"1,520.00","30,400.00"
2019-07-29,2019072901004982,HDL,38,49,30,"1,521.00","45,630.00"
2019-07-29,2019072901004783,HDL,5,49,200,"1,540.00","308,000.00"
2019-07-29,2019072901004782,HDL,22,49,50,"1,545.00","77,250.00"
2019-07-29,2019072901004734,HDL,35,56,60,"1,555.00","93,300.00"
2019-07-29,2019072901004733,HDL,22,56,50,"1,556.00","77,800.00"
2019-07-29,2019072901004781,HDL,32,49,100,"1,545.00","154,500.00"
2019-07-29,2019072901004780,HDL,56,49,50,"1,550.00","77,500.00"
2019-07-29,2019072901004759,HDL,53,49,95,"1,550.00","147,250.00"
2019-07-29,2019072901004758,HDL,34,49,10,"1,551.00","15,510.00"
2019-07-29,2019072901004757,HDL,35,49,20,"1,552.00","31,040.00"
2019-07-29,2019072901004735,HDL,14,56,50,"1,555.00","77,750.00"
2019-07-29,2019072901004707,HGI,1,47,20,342.00,"6,840.00"
2019-07-29,2019072901004868,HPPL,22,21,10,170.00,"1,700.00"
2019-07-29,2019072901005094,HURJA,16,47,20,134.00,"2,680.00"
2019-07-29,2019072901005057,HURJA,41,42,20,136.00,"2,720.00"
2019-07-29,2019072901005056,HURJA,41,10,20,136.00,"2,720.00"
2019-07-29,2019072901004776,HURJA,35,29,20,135.00,"2,700.00"
2019-07-29,2019072901004775,HURJA,35,28,20,135.00,"2,700.00"
2019-07-29,2019072901004948,ICFC,52,4,200,163.00,"32,600.00"
2019-07-29,2019072901004947,ICFC,40,4,11,164.00,"1,804.00"
2019-07-29,2019072901004850,ICFC,4,4,100,166.00,"16,600.00"
2019-07-29,2019072901004810,ICFC,1,57,10,169.00,"1,690.00"
2019-07-29,2019072901004809,ICFC,1,46,150,166.00,"24,900.00"
2019-07-29,2019072901005066,IGI,43,40,100,345.00,"34,500.00"
2019-07-29,2019072901005129,ILBS,22,29,10,434.00,"4,340.00"
2019-07-29,2019072901005050,ILBS,22,6,10,436.00,"4,360.00"
2019-07-29,2019072901005049,ILBS,22,6,10,436.00,"4,360.00"
2019-07-29,2019072901005048,ILBS,22,19,10,436.00,"4,360.00"
2019-07-29,2019072901005047,ILBS,22,19,20,436.00,"8,720.00"
2019-07-29,2019072901005046,ILBS,22,51,100,436.00,"43,600.00"
2019-07-29,2019072901004744,ILBS,26,45,10,421.00,"4,210.00"
2019-07-29,2019072901004741,ILBS,36,53,10,425.00,"4,250.00"
2019-07-29,2019072901004822,ILBS,52,44,10,426.00,"4,260.00"
2019-07-29,2019072901004821,ILBS,52,55,10,425.00,"4,250.00"
2019-07-29,2019072901004820,ILBS,52,42,10,425.00,"4,250.00"
2019-07-29,2019072901004819,ILBS,52,42,10,425.00,"4,250.00"
2019-07-29,2019072901004818,ILBS,52,53,10,425.00,"4,250.00"
2019-07-29,2019072901004784,ILBS,26,29,10,421.00,"4,210.00"
2019-07-29,2019072901004882,ILBS,58,22,10,426.00,"4,260.00"
2019-07-29,2019072901004858,ILBS,52,16,10,427.00,"4,270.00"
2019-07-29,2019072901004854,ILBS,52,20,10,427.00,"4,270.00"
2019-07-29,2019072901004825,ILBS,52,8,10,427.00,"4,270.00"
2019-07-29,2019072901004824,ILBS,52,44,10,426.00,"4,260.00"
2019-07-29,2019072901004823,ILBS,52,44,10,426.00,"4,260.00"
2019-07-29,2019072901004888,ILBS,58,57,10,428.00,"4,280.00"
2019-07-29,2019072901004887,ILBS,58,51,10,428.00,"4,280.00"
2019-07-29,2019072901004886,ILBS,58,29,100,428.00,"42,800.00"
2019-07-29,2019072901004885,ILBS,58,56,10,428.00,"4,280.00"
2019-07-29,2019072901004884,ILBS,58,20,10,427.00,"4,270.00"
2019-07-29,2019072901004883,ILBS,58,20,10,427.00,"4,270.00"
2019-07-29,2019072901004894,ILBS,58,29,100,430.00,"43,000.00"
2019-07-29,2019072901004893,ILBS,58,58,50,430.00,"21,500.00"
2019-07-29,2019072901004892,ILBS,58,47,10,430.00,"4,300.00"
2019-07-29,2019072901004891,ILBS,58,41,10,430.00,"4,300.00"
2019-07-29,2019072901004890,ILBS,58,3,100,429.00,"42,900.00"
2019-07-29,2019072901004889,ILBS,58,57,10,428.00,"4,280.00"
2019-07-29,2019072901004971,ILBS,58,35,10,430.00,"4,300.00"
2019-07-29,2019072901004912,ILBS,58,20,10,430.00,"4,300.00"
2019-07-29,2019072901004909,ILBS,18,34,50,432.00,"21,600.00"
2019-07-29,2019072901004898,ILBS,58,20,10,430.00,"4,300.00"
2019-07-29,2019072901004896,ILBS,58,43,98,430.00,"42,140.00"
2019-07-29,2019072901004895,ILBS,58,58,50,430.00,"21,500.00"
2019-07-29,2019072901005024,ILBS,58,45,10,430.00,"4,300.00"
2019-07-29,2019072901004993,ILBS,58,45,10,430.00,"4,300.00"
2019-07-29,2019072901004975,ILBS,58,20,10,430.00,"4,300.00"
2019-07-29,2019072901004974,ILBS,58,37,20,430.00,"8,600.00"
2019-07-29,2019072901004973,ILBS,58,16,10,430.00,"4,300.00"
2019-07-29,2019072901004972,ILBS,58,20,10,430.00,"4,300.00"
2019-07-29,2019072901005034,ILBS,22,11,10,435.00,"4,350.00"
2019-07-29,2019072901005033,ILBS,22,6,100,434.00,"43,400.00"
2019-07-29,2019072901005032,ILBS,22,34,10,433.00,"4,330.00"
2019-07-29,2019072901005031,ILBS,22,34,10,433.00,"4,330.00"
2019-07-29,2019072901005030,ILBS,22,34,50,433.00,"21,650.00"
2019-07-29,2019072901005029,ILBS,22,34,10,433.00,"4,330.00"
2019-07-29,2019072901005045,ILBS,22,25,10,436.00,"4,360.00"
2019-07-29,2019072901005039,ILBS,22,17,260,435.00,"113,100.00"
2019-07-29,2019072901005038,ILBS,22,48,10,435.00,"4,350.00"
2019-07-29,2019072901005037,ILBS,22,48,10,435.00,"4,350.00"
2019-07-29,2019072901005036,ILBS,22,48,10,435.00,"4,350.00"
2019-07-29,2019072901005035,ILBS,22,48,10,435.00,"4,350.00"
2019-07-29,2019072901005153,JBBL,48,46,600,160.00,"96,000.00"
2019-07-29,2019072901005144,JBBL,48,14,492,160.00,"78,720.00"
2019-07-29,2019072901005143,JBBL,17,14,"1,000",160.00,"160,000.00"
2019-07-29,2019072901005142,JBBL,17,14,600,160.00,"96,000.00"
2019-07-29,2019072901004732,JBBL,17,26,400,160.00,"64,000.00"
2019-07-29,2019072901004731,JBBL,34,26,100,160.00,"16,000.00"
2019-07-29,2019072901004788,JFL,54,14,23,187.00,"4,301.00"
2019-07-29,2019072901004867,JOSHI,57,57,20,75.00,"1,500.00"
2019-07-29,2019072901005147,KBL,8,38,46,216.00,"9,936.00"
2019-07-29,2019072901005146,KBL,8,45,100,216.00,"21,600.00"
2019-07-29,2019072901005145,KBL,8,45,251,216.00,"54,216.00"
2019-07-29,2019072901004845,KBL,49,45,149,216.00,"32,184.00"
2019-07-29,2019072901004844,KBL,49,46,351,216.00,"75,816.00"
2019-07-29,2019072901004798,KBL,32,34,606,215.00,"130,290.00"
2019-07-29,2019072901004777,KBL,54,46,181,216.00,"39,096.00"
2019-07-29,2019072901004690,KRBL,58,40,473,113.00,"53,449.00"
2019-07-29,2019072901005156,KSBBL,41,26,400,154.00,"61,600.00"
2019-07-29,2019072901005087,KSBBL,59,26,300,154.00,"46,200.00"
2019-07-29,2019072901004771,KSBBL,35,21,438,153.00,"67,014.00"
2019-07-29,2019072901004770,KSBBL,21,21,300,153.00,"45,900.00"
2019-07-29,2019072901004769,KSBBL,41,21,100,153.00,"15,300.00"
2019-07-29,2019072901004768,KSBBL,59,21,"1,000",153.00,"153,000.00"
2019-07-29,2019072901004767,KSBBL,34,21,350,154.00,"53,900.00"
2019-07-29,2019072901004766,KSBBL,14,21,200,154.00,"30,800.00"
2019-07-29,2019072901004765,KSBBL,25,21,"1,000",154.00,"154,000.00"
2019-07-29,2019072901004764,KSBBL,59,21,200,154.00,"30,800.00"
2019-07-29,2019072901004763,KSBBL,46,21,430,154.00,"66,220.00"
2019-07-29,2019072901004749,KSBBL,1,21,482,155.00,"74,710.00"
2019-07-29,2019072901005070,LBBL,32,51,800,205.00,"164,000.00"
2019-07-29,2019072901005069,LBBL,32,32,200,205.00,"41,000.00"
2019-07-29,2019072901005108,LBL,32,41,500,222.00,"111,000.00"
2019-07-29,2019072901004797,LGIL,48,50,30,429.00,"12,870.00"
2019-07-29,2019072901004796,LGIL,48,11,200,429.00,"85,800.00"
2019-07-29,2019072901004847,MBL,39,16,300,267.00,"80,100.00"
2019-07-29,2019072901004760,MBL,39,43,"1,000",267.00,"267,000.00"
2019-07-29,2019072901004689,MBL,39,6,140,267.00,"37,380.00"
2019-07-29,2019072901005128,MEGA,26,16,650,208.00,"135,200.00"
2019-07-29,2019072901005121,MEGA,26,43,550,208.00,"114,400.00"
2019-07-29,2019072901005120,MEGA,21,43,100,208.00,"20,800.00"
2019-07-29,2019072901005119,MEGA,45,43,100,208.00,"20,800.00"
2019-07-29,2019072901005118,MEGA,1,43,250,208.00,"52,000.00"
2019-07-29,2019072901004969,MEGA,38,16,246,208.00,"51,168.00"
2019-07-29,2019072901004914,MEGA,51,16,60,208.00,"12,480.00"
2019-07-29,2019072901004904,MEGA,34,16,194,208.00,"40,352.00"
2019-07-29,2019072901004903,MEGA,34,51,340,208.00,"70,720.00"
2019-07-29,2019072901004870,MEGA,37,51,660,208.00,"137,280.00"
2019-07-29,2019072901004869,MEGA,37,49,340,208.00,"70,720.00"
2019-07-29,2019072901004721,MEGA,56,49,500,208.00,"104,000.00"
2019-07-29,2019072901005175,MLBBL,47,56,33,430.00,"14,190.00"
2019-07-29,2019072901004946,MLBL,1,32,21,201.00,"4,221.00"
2019-07-29,2019072901004848,MLBL,33,55,30,200.00,"6,000.00"
2019-07-29,2019072901004939,MNBBL,32,44,100,370.00,"37,000.00"
2019-07-29,2019072901004938,MNBBL,28,44,100,370.00,"37,000.00"
2019-07-29,2019072901004837,NABIL,8,56,30,799.00,"23,970.00"
2019-07-29,2019072901004693,NABIL,19,45,17,798.00,"13,566.00"
2019-07-29,2019072901004913,NADEP,19,49,10,432.00,"4,320.00"
2019-07-29,2019072901004696,NBB,45,45,25,222.00,"5,550.00"
2019-07-29,2019072901004695,NBB,43,45,10,222.00,"2,220.00"
2019-07-29,2019072901005163,NBL,43,46,48,339.00,"16,272.00"
2019-07-29,2019072901005162,NBL,58,46,"1,000",339.00,"339,000.00"
2019-07-29,2019072901005161,NBL,50,46,300,339.00,"101,700.00"
2019-07-29,2019072901005160,NBL,43,46,100,339.00,"33,900.00"
2019-07-29,2019072901005159,NBL,46,46,25,339.00,"8,475.00"
2019-07-29,2019072901005158,NBL,6,46,527,339.00,"178,653.00"
2019-07-29,2019072901005107,NBL,6,49,100,339.00,"33,900.00"
2019-07-29,2019072901005041,NBL,14,17,100,340.00,"34,000.00"
2019-07-29,2019072901004814,NBL,43,17,112,340.00,"38,080.00"
2019-07-29,2019072901004813,NBL,43,44,100,340.00,"34,000.00"
2019-07-29,2019072901004812,NBL,43,47,88,340.00,"29,920.00"
2019-07-29,2019072901004774,NCCB,21,51,900,244.00,"219,600.00"
2019-07-29,2019072901004773,NCCB,35,51,100,244.00,"24,400.00"
2019-07-29,2019072901004852,NEF,11,26,"1,448",8.35,"12,090.80"
2019-07-29,2019072901004851,NEF,11,26,"1,448",8.35,"12,090.80"
2019-07-29,2019072901005132,NIB,39,47,54,516.00,"27,864.00"
2019-07-29,2019072901005131,NIB,39,55,44,516.00,"22,704.00"
2019-07-29,2019072901005130,NIB,39,32,402,516.00,"207,432.00"
2019-07-29,2019072901004742,NIB,45,46,44,515.00,"22,660.00"
2019-07-29,2019072901004738,NIB,45,29,44,515.00,"22,660.00"
2019-07-29,2019072901004729,NIB,6,45,69,515.00,"35,535.00"
2019-07-29,2019072901004699,NIB,18,32,88,516.00,"45,408.00"
2019-07-29,2019072901004799,NIBPO,22,39,322,468.00,"150,696.00"
2019-07-29,2019072901004789,NIBPO,22,39,200,468.00,"93,600.00"
2019-07-29,2019072901005134,NIBSF1,19,4,"5,000",9.24,"46,200.00"
2019-07-29,2019072901005174,NICA,45,47,139,462.00,"64,218.00"
2019-07-29,2019072901005019,NICA,45,5,139,462.00,"64,218.00"
2019-07-29,2019072901004992,NICA,45,57,22,462.00,"10,164.00"
2019-07-29,2019072901004863,NICA,45,50,270,462.00,"124,740.00"
2019-07-29,2019072901004800,NICA,39,51,500,461.00,"230,500.00"
2019-07-29,2019072901004740,NICA,39,45,119,461.00,"54,859.00"
2019-07-29,2019072901004739,NICA,13,45,50,461.00,"23,050.00"
2019-07-29,2019072901004704,NICA,54,50,"1,000",462.00,"462,000.00"
2019-07-29,2019072901004703,NICA,19,50,500,462.00,"231,000.00"
2019-07-29,2019072901004702,NICA,54,50,154,462.00,"71,148.00"
2019-07-29,2019072901005083,NICGF,58,42,500,9.97,"4,985.00"
2019-07-29,2019072901005173,NICL,39,45,116,344.00,"39,904.00"
2019-07-29,2019072901004943,NICL,39,52,12,344.00,"4,128.00"
2019-07-29,2019072901004933,NICL,26,45,200,345.00,"69,000.00"
2019-07-29,2019072901004932,NICL,25,45,150,345.00,"51,750.00"
2019-07-29,2019072901004931,NICL,48,45,30,345.00,"10,350.00"
2019-07-29,2019072901004940,NIL,58,45,90,473.00,"42,570.00"
2019-07-29,2019072901004874,NIL,42,45,50,473.00,"23,650.00"
2019-07-29,2019072901004873,NIL,22,45,50,473.00,"23,650.00"
2019-07-29,2019072901004834,NLBBL,45,1,100,530.00,"53,000.00"
2019-07-29,2019072901005140,NLG,6,35,500,684.00,"342,000.00"
2019-07-29,2019072901004942,NLG,55,45,500,683.00,"341,500.00"
2019-07-29,2019072901005157,NLIC,54,4,500,875.00,"437,500.00"
2019-07-29,2019072901005106,NLIC,1,17,90,874.00,"78,660.00"
2019-07-29,2019072901005105,NLIC,42,17,25,874.00,"21,850.00"
2019-07-29,2019072901005104,NLIC,59,17,50,874.00,"43,700.00"
2019-07-29,2019072901005103,NLIC,57,17,100,874.00,"87,400.00"
2019-07-29,2019072901005102,NLIC,14,17,30,874.00,"26,220.00"
2019-07-29,2019072901004833,NLIC,32,21,3,875.00,"2,625.00"
2019-07-29,2019072901004710,NLIC,18,40,24,876.00,"21,024.00"
2019-07-29,2019072901004709,NLIC,18,40,62,876.00,"54,312.00"
2019-07-29,2019072901004916,NLIC,26,4,200,876.00,"175,200.00"
2019-07-29,2019072901004915,NLIC,43,4,102,876.00,"89,352.00"
2019-07-29,2019072901004861,NLIC,56,16,26,878.00,"22,828.00"
2019-07-29,2019072901004855,NLIC,43,40,98,876.00,"85,848.00"
2019-07-29,2019072901004843,NLIC,34,40,100,876.00,"87,600.00"
2019-07-29,2019072901004842,NLIC,42,40,25,876.00,"21,900.00"
2019-07-29,2019072901004922,NLIC,11,16,58,878.00,"50,924.00"
2019-07-29,2019072901004921,NLIC,56,4,15,875.00,"13,125.00"
2019-07-29,2019072901004920,NLIC,19,4,200,875.00,"175,000.00"
2019-07-29,2019072901004919,NLIC,1,4,50,875.00,"43,750.00"
2019-07-29,2019072901004918,NLIC,22,4,10,875.00,"8,750.00"
2019-07-29,2019072901004917,NLIC,4,4,123,875.00,"107,625.00"
2019-07-29,2019072901005068,NLIC,21,21,3,875.00,"2,625.00"
2019-07-29,2019072901004966,NLIC,7,4,15,875.00,"13,125.00"
2019-07-29,2019072901004965,NLIC,25,4,150,875.00,"131,250.00"
2019-07-29,2019072901004964,NLIC,45,4,10,875.00,"8,750.00"
2019-07-29,2019072901004963,NLIC,25,4,10,875.00,"8,750.00"
2019-07-29,2019072901004962,NLIC,56,4,15,875.00,"13,125.00"
2019-07-29,2019072901005101,NLIC,21,17,100,874.00,"87,400.00"
2019-07-29,2019072901005100,NLIC,6,17,10,874.00,"8,740.00"
2019-07-29,2019072901005099,NLIC,19,17,60,874.00,"52,440.00"
2019-07-29,2019072901005098,NLIC,59,17,50,875.00,"43,750.00"
2019-07-29,2019072901005097,NLIC,7,17,15,875.00,"13,125.00"
2019-07-29,2019072901005096,NLIC,36,17,20,876.00,"17,520.00"
2019-07-29,2019072901005176,NLICL,46,46,135,577.00,"77,895.00"
2019-07-29,2019072901005080,NMBHF1,45,17,"4,161",9.90,"41,193.90"
2019-07-29,2019072901005064,NMBHF1,45,17,"4,161",9.90,"41,193.90"
2019-07-29,2019072901005116,OHL,26,26,1,594.00,594.00
2019-07-29,2019072901004745,PCBL,53,45,74,282.00,"20,868.00"
2019-07-29,2019072901004728,PCBL,36,45,10,284.00,"2,840.00"
2019-07-29,2019072901004727,PCBL,36,39,50,283.00,"14,150.00"
2019-07-29,2019072901004952,PIC,38,21,100,471.00,"47,100.00"
2019-07-29,2019072901004951,PIC,17,21,50,472.00,"23,600.00"
2019-07-29,2019072901004736,PIC,18,29,11,475.00,"5,225.00"
2019-07-29,2019072901004802,PLIC,34,45,100,422.00,"42,200.00"
2019-07-29,2019072901005065,PMHPL,58,21,10,103.00,"1,030.00"
2019-07-29,2019072901005051,PMHPL,6,21,10,103.00,"1,030.00"
2019-07-29,2019072901004988,PMHPL,6,21,10,103.00,"1,030.00"
2019-07-29,2019072901004923,PMHPL,6,21,10,103.00,"1,030.00"
2019-07-29,2019072901004829,PMHPL,6,21,10,103.00,"1,030.00"
2019-07-29,2019072901005023,PPCL,50,57,10,133.00,"1,330.00"
2019-07-29,2019072901004950,PPCL,17,20,10,132.00,"1,320.00"
2019-07-29,2019072901004941,PPCL,17,20,10,132.00,"1,320.00"
2019-07-29,2019072901004756,PPCL,56,14,10,133.00,"1,330.00"
2019-07-29,2019072901004755,PPCL,56,57,20,133.00,"2,660.00"
2019-07-29,2019072901004754,PPCL,56,57,20,133.00,"2,660.00"
2019-07-29,2019072901004753,PPCL,56,51,10,133.00,"1,330.00"
2019-07-29,2019072901005149,PRIN,42,10,50,358.00,"17,900.00"
2019-07-29,2019072901005148,PRIN,53,10,100,358.00,"35,800.00"
2019-07-29,2019072901004692,PRIN,42,34,100,358.00,"35,800.00"
2019-07-29,2019072901005133,PRVU,45,36,250,275.00,"68,750.00"
2019-07-29,2019072901005114,PRVU,34,50,45,274.00,"12,330.00"
2019-07-29,2019072901005113,PRVU,45,50,129,274.00,"35,346.00"
2019-07-29,2019072901005112,PRVU,45,50,200,274.00,"54,800.00"
2019-07-29,2019072901005111,PRVU,57,50,500,274.00,"137,000.00"
2019-07-29,2019072901004708,PRVU,56,36,"1,000",275.00,"275,000.00"
2019-07-29,2019072901005110,PRVU,33,50,500,274.00,"137,000.00"
2019-07-29,2019072901005109,PRVU,41,50,27,274.00,"7,398.00"
2019-07-29,2019072901004871,PRVU,35,36,100,275.00,"27,500.00"
2019-07-29,2019072901004811,PRVU,36,36,100,275.00,"27,500.00"
2019-07-29,2019072901004719,PRVU,28,36,100,275.00,"27,500.00"
2019-07-29,2019072901005062,RADHI,49,21,11,143.00,"1,573.00"
2019-07-29,2019072901005020,RADHI,49,21,11,143.00,"1,573.00"
2019-07-29,2019072901004691,RADHI,49,51,11,143.00,"1,573.00"
2019-07-29,2019072901004752,RBCLPO,33,35,14,"8,350.00","116,900.00"
2019-07-29,2019072901004706,RHPC,14,7,18,89.00,"1,602.00"
2019-07-29,2019072901004722,RSDC,18,19,17,345.00,"5,865.00"
2019-07-29,2019072901005095,SANIMA,19,53,34,358.00,"12,172.00"
2019-07-29,2019072901005084,SANIMA,19,49,"4,000",358.00,"1,432,000.00"
2019-07-29,2019072901005063,SANIMA,19,57,16,358.00,"5,728.00"
2019-07-29,2019072901005061,SANIMA,19,53,950,358.00,"340,100.00"
2019-07-29,2019072901004953,SANIMA,40,53,50,358.00,"17,900.00"
2019-07-29,2019072901004816,SANIMA,11,45,75,357.00,"26,775.00"
2019-07-29,2019072901004794,SANIMA,11,17,37,357.00,"13,209.00"
2019-07-29,2019072901004761,SANIMA,11,29,19,357.00,"6,783.00"
2019-07-29,2019072901004967,SBI,32,38,156,465.00,"72,540.00"
2019-07-29,2019072901004832,SBI,17,45,50,464.00,"23,200.00"
2019-07-29,2019072901004831,SBI,6,45,71,464.00,"32,944.00"
2019-07-29,2019072901004785,SBI,6,17,29,464.00,"13,456.00"
2019-07-29,2019072901004751,SBI,18,38,44,465.00,"20,460.00"
2019-07-29,2019072901004911,SBL,14,47,490,321.00,"157,290.00"
2019-07-29,2019072901004910,SBL,14,53,"1,322",321.00,"424,362.00"
2019-07-29,2019072901004905,SCB,56,50,38,663.00,"25,194.00"
2019-07-29,2019072901004839,SCB,19,45,29,662.00,"19,198.00"
2019-07-29,2019072901004838,SCB,43,45,31,662.00,"20,522.00"
2019-07-29,2019072901004743,SCB,18,50,20,663.00,"13,260.00"
2019-07-29,2019072901005042,SDESI,34,53,10,613.00,"6,130.00"
2019-07-29,2019072901005028,SDESI,25,53,13,613.00,"7,969.00"
2019-07-29,2019072901004737,SDESI,17,49,47,603.00,"28,341.00"
2019-07-29,2019072901004726,SDESI,34,49,100,603.00,"60,300.00"
2019-07-29,2019072901004725,SDESI,34,49,100,605.00,"60,500.00"
2019-07-29,2019072901004724,SDESI,36,49,17,606.00,"10,302.00"
2019-07-29,2019072901004678,SDESI,48,48,23,607.00,"13,961.00"
2019-07-29,2019072901005137,SHIVM,16,50,490,602.00,"294,980.00"
2019-07-29,2019072901005082,SHIVM,52,38,73,602.00,"43,946.00"
2019-07-29,2019072901005081,SHIVM,52,57,20,602.00,"12,040.00"
2019-07-29,2019072901005026,SHIVM,22,14,255,601.00,"153,255.00"
2019-07-29,2019072901005025,SHIVM,21,14,45,601.00,"27,045.00"
2019-07-29,2019072901004945,SHIVM,21,21,155,601.00,"93,155.00"
2019-07-29,2019072901004944,SHIVM,18,21,150,601.00,"90,150.00"
2019-07-29,2019072901004937,SHIVM,52,21,95,602.00,"57,190.00"
2019-07-29,2019072901004853,SHIVM,52,41,40,602.00,"24,080.00"
2019-07-29,2019072901004787,SHIVM,52,8,50,602.00,"30,100.00"
2019-07-29,2019072901004705,SHIVM,52,52,15,602.00,"9,030.00"
2019-07-29,2019072901004840,SHL,58,22,633,238.00,"150,654.00"
2019-07-29,2019072901004828,SHL,58,57,757,238.00,"180,166.00"
2019-07-29,2019072901004827,SHL,58,20,110,237.00,"26,070.00"
2019-07-29,2019072901004826,SHL,58,32,300,237.00,"71,100.00"
2019-07-29,2019072901004925,SHPC,36,46,100,249.00,"24,900.00"
2019-07-29,2019072901004936,SIC,13,21,60,595.00,"35,700.00"
2019-07-29,2019072901004935,SIC,44,21,50,595.00,"29,750.00"
2019-07-29,2019072901004934,SIC,38,21,20,600.00,"12,000.00"
2019-07-29,2019072901004730,SIC,20,45,300,604.00,"181,200.00"
2019-07-29,2019072901005076,SICL,39,10,28,792.00,"22,176.00"
2019-07-29,2019072901005075,SICL,57,10,100,793.00,"79,300.00"
2019-07-29,2019072901005074,SICL,58,10,22,795.00,"17,490.00"
2019-07-29,2019072901004687,SICL,7,42,18,799.00,"14,382.00"
2019-07-29,2019072901005073,SKBBL,43,36,275,989.00,"271,975.00"
2019-07-29,2019072901005067,SKBBL,43,50,125,989.00,"123,625.00"
2019-07-29,2019072901004808,SLBSL,18,7,50,604.00,"30,200.00"
2019-07-29,2019072901004807,SLBSL,18,45,50,604.00,"30,200.00"
2019-07-29,2019072901004806,SLBSL,18,39,10,604.00,"6,040.00"
2019-07-29,2019072901004805,SLBSL,18,35,100,600.00,"60,000.00"
2019-07-29,2019072901004804,SLBSL,18,51,20,600.00,"12,000.00"
2019-07-29,2019072901005091,SLICL,1,8,200,445.00,"89,000.00"
2019-07-29,2019072901005090,SLICL,52,8,50,446.00,"22,300.00"
2019-07-29,2019072901005027,SMATA,28,48,10,"1,203.00","12,030.00"
2019-07-29,2019072901004865,SMFBS,19,45,10,545.00,"5,450.00"
2019-07-29,2019072901005115,SMFDB,20,42,47,525.00,"24,675.00"
2019-07-29,2019072901005124,SPARS,40,52,50,496.00,"24,800.00"
2019-07-29,2019072901005085,SPARS,40,14,100,496.00,"49,600.00"
2019-07-29,2019072901004906,SPARS,40,49,10,496.00,"4,960.00"
2019-07-29,2019072901004815,SPARS,44,7,70,503.00,"35,210.00"
2019-07-29,2019072901005141,SRBL,39,43,"1,500",248.00,"372,000.00"
2019-07-29,2019072901004772,SRBL,39,17,59,248.00,"14,632.00"
2019-07-29,2019072901005022,TRH,7,46,127,310.00,"39,370.00"
2019-07-29,2019072901005021,TRH,53,46,100,311.00,"31,100.00"
2019-07-29,2019072901005139,UIC,13,17,220,780.00,"171,600.00"
2019-07-29,2019072901005138,UIC,13,1,100,780.00,"78,000.00"
2019-07-29,2019072901005136,UIC,6,1,100,780.00,"78,000.00"
2019-07-29,2019072901005127,UIC,43,1,20,780.00,"15,600.00"
2019-07-29,2019072901005125,UIC,39,1,30,780.00,"23,400.00"
2019-07-29,2019072901005092,UIC,36,6,10,780.00,"7,800.00"
2019-07-29,2019072901004715,UIC,52,5,10,777.00,"7,770.00"
2019-07-29,2019072901004714,UIC,55,5,100,777.00,"77,700.00"
2019-07-29,2019072901004713,UIC,39,5,13,777.00,"10,101.00"
2019-07-29,2019072901004712,UIC,6,5,20,780.00,"15,600.00"
2019-07-29,2019072901004711,UIC,36,5,10,780.00,"7,800.00"
2019-07-29,2019072901004698,UIC,52,55,10,781.00,"7,810.00"
2019-07-29,2019072901004748,UIC,45,17,30,780.00,"23,400.00"
2019-07-29,2019072901004747,UIC,48,17,10,780.00,"7,800.00"
2019-07-29,2019072901004746,UIC,45,17,10,780.00,"7,800.00"
2019-07-29,2019072901004718,UIC,47,5,11,775.00,"8,525.00"
2019-07-29,2019072901004717,UIC,42,5,"1,716",776.00,"1,331,616.00"
2019-07-29,2019072901004716,UIC,41,5,50,777.00,"38,850.00"
2019-07-29,2019072901004801,UIC,39,20,10,780.00,"7,800.00"
2019-07-29,2019072901004793,UIC,39,25,158,780.00,"123,240.00"
2019-07-29,2019072901004792,UIC,45,25,10,780.00,"7,800.00"
2019-07-29,2019072901004786,UIC,44,55,30,781.00,"23,430.00"
2019-07-29,2019072901004778,UIC,58,58,722,778.00,"561,716.00"
2019-07-29,2019072901004750,UIC,45,42,20,780.00,"15,600.00"
2019-07-29,2019072901004862,UIC,16,5,150,778.00,"116,700.00"
2019-07-29,2019072901004859,UIC,17,5,15,778.00,"11,670.00"
2019-07-29,2019072901004836,UIC,16,5,100,778.00,"77,800.00"
2019-07-29,2019072901004835,UIC,57,5,20,778.00,"15,560.00"
2019-07-29,2019072901004830,UIC,58,5,50,778.00,"38,900.00"
2019-07-29,2019072901004817,UIC,58,58,50,778.00,"38,900.00"
2019-07-29,2019072901004879,UIC,58,34,10,777.00,"7,770.00"
2019-07-29,2019072901004878,UIC,47,34,10,777.00,"7,770.00"
2019-07-29,2019072901004877,UIC,3,34,50,777.00,"38,850.00"
2019-07-29,2019072901004875,UIC,6,5,15,778.00,"11,670.00"
2019-07-29,2019072901004872,UIC,58,5,40,778.00,"31,120.00"
2019-07-29,2019072901004866,UIC,6,5,10,778.00,"7,780.00"
2019-07-29,2019072901004956,UIC,45,5,80,780.00,"62,400.00"
2019-07-29,2019072901004929,UIC,13,55,48,777.00,"37,296.00"
2019-07-29,2019072901004928,UIC,37,55,40,777.00,"31,080.00"
2019-07-29,2019072901004907,UIC,34,20,10,780.00,"7,800.00"
2019-07-29,2019072901004881,UIC,39,34,120,776.00,"93,120.00"
2019-07-29,2019072901004880,UIC,25,34,10,776.00,"7,760.00"
2019-07-29,2019072901005001,UIC,14,44,50,778.00,"38,900.00"
2019-07-29,2019072901004989,UIC,29,6,10,780.00,"7,800.00"
2019-07-29,2019072901004970,UIC,18,6,10,780.00,"7,800.00"
2019-07-29,2019072901004960,UIC,45,6,40,781.00,"31,240.00"
2019-07-29,2019072901004958,UIC,45,39,180,781.00,"140,580.00"
2019-07-29,2019072901004957,UIC,45,42,200,781.00,"156,200.00"
2019-07-29,2019072901005007,UIC,55,44,10,777.00,"7,770.00"
2019-07-29,2019072901005006,UIC,22,44,50,777.00,"38,850.00"
2019-07-29,2019072901005005,UIC,51,44,50,777.00,"38,850.00"
2019-07-29,2019072901005004,UIC,13,44,152,777.00,"118,104.00"
2019-07-29,2019072901005003,UIC,7,44,20,778.00,"15,560.00"
2019-07-29,2019072901005002,UIC,7,44,20,778.00,"15,560.00"
2019-07-29,2019072901005013,UIC,57,44,50,776.00,"38,800.00"
2019-07-29,2019072901005012,UIC,39,44,13,776.00,"10,088.00"
2019-07-29,2019072901005011,UIC,55,44,10,776.00,"7,760.00"
2019-07-29,2019072901005010,UIC,58,44,50,776.00,"38,800.00"
2019-07-29,2019072901005009,UIC,39,44,180,776.00,"139,680.00"
2019-07-29,2019072901005008,UIC,58,44,100,777.00,"77,700.00"
2019-07-29,2019072901005043,UIC,57,6,50,780.00,"39,000.00"
2019-07-29,2019072901005018,UIC,19,44,26,775.00,"20,150.00"
2019-07-29,2019072901005017,UIC,50,44,20,775.00,"15,500.00"
2019-07-29,2019072901005016,UIC,36,44,100,775.00,"77,500.00"
2019-07-29,2019072901005015,UIC,34,44,100,775.00,"77,500.00"
2019-07-29,2019072901005014,UIC,5,44,20,775.00,"15,500.00"
2019-07-29,2019072901005086,UIC,42,34,100,779.00,"77,900.00"
2019-07-29,2019072901005077,UIC,17,6,33,780.00,"25,740.00"
2019-07-29,2019072901005072,UIC,58,6,100,780.00,"78,000.00"
2019-07-29,2019072901005059,UIC,34,6,15,780.00,"11,700.00"
2019-07-29,2019072901005058,UIC,56,6,12,780.00,"9,360.00"
2019-07-29,2019072901005044,UIC,34,6,15,780.00,"11,700.00"
2019-07-29,2019072901005117,UPCL,38,45,80,88.00,"7,040.00"
2019-07-29,2019072901004683,UPCL,52,45,100,88.00,"8,800.00"
2019-07-29,2019072901004682,UPCL,34,45,320,88.00,"28,160.00"
2019-07-29,2019072901005164,UPPER,6,57,40,271.00,"10,840.00"
2019-07-29,2019072901005155,UPPER,45,33,76,272.00,"20,672.00"
2019-07-29,2019072901005154,UPPER,45,21,24,272.00,"6,528.00"
2019-07-29,2019072901005135,UPPER,6,42,140,271.00,"37,940.00"
2019-07-29,2019072901005055,UPPER,1,21,26,272.00,"7,072.00"
2019-07-29,2019072901004720,UPPER,22,1,868,272.00,"236,096.00"
2019-07-29,2019072901004701,UPPER,48,45,10,273.00,"2,730.00"
2019-07-29,2019072901004700,UPPER,48,26,30,272.00,"8,160.00"
2019-07-29,2019072901004694,UPPER,22,48,40,271.00,"10,840.00"
2019-07-29,2019072901004686,UPPER,22,50,40,271.00,"10,840.00"
2019-07-29,2019072901004677,UPPER,22,51,40,271.00,"10,840.00"
2019-07-29,2019072901005054,UPPER,1,21,50,272.00,"13,600.00"
2019-07-29,2019072901005053,UPPER,1,21,40,272.00,"10,880.00"
2019-07-29,2019072901005052,UPPER,1,26,34,272.00,"9,248.00"
2019-07-29,2019072901004959,UPPER,22,26,50,272.00,"13,600.00"
2019-07-29,2019072901004803,UPPER,22,26,416,272.00,"113,152.00"
2019-07-29,2019072901004790,UPPER,22,21,40,272.00,"10,880.00"
2019-07-29,2019072901004650,ADBL,14,49,750,429.00,"321,750.00"
2019-07-29,2019072901004647,ADBL,57,49,250,429.00,"107,250.00"
2019-07-29,2019072901004625,ADBL,14,45,50,429.00,"21,450.00"
2019-07-29,2019072901004624,ADBL,14,49,400,429.00,"171,600.00"
2019-07-29,2019072901004614,ADBL,1,49,600,429.00,"257,400.00"
2019-07-29,2019072901004585,ADBL,39,45,50,428.00,"21,400.00"
2019-07-29,2019072901004311,ADBL,57,49,"3,000",428.00,"1,284,000.00"
2019-07-29,2019072901004523,ADBL,39,22,86,428.00,"36,808.00"
2019-07-29,2019072901004522,ADBL,45,22,14,428.00,"5,992.00"
2019-07-29,2019072901004480,ADBL,45,45,16,428.00,"6,848.00"
2019-07-29,2019072901004370,ADBL,8,50,100,429.00,"42,900.00"
2019-07-29,2019072901004369,ADBL,8,57,100,429.00,"42,900.00"
2019-07-29,2019072901004368,ADBL,8,49,"1,000",429.00,"429,000.00"
2019-07-29,2019072901004477,AKJCL,17,45,20,71.00,"1,420.00"
2019-07-29,2019072901004620,ALBSL,25,50,10,412.00,"4,120.00"
2019-07-29,2019072901004577,ALBSL,45,34,10,419.00,"4,190.00"
2019-07-29,2019072901004529,ALBSL,25,55,10,420.00,"4,200.00"
2019-07-29,2019072901004528,ALBSL,25,22,10,420.00,"4,200.00"
2019-07-29,2019072901004527,ALBSL,25,22,10,420.00,"4,200.00"
2019-07-29,2019072901004526,ALBSL,25,7,10,420.00,"4,200.00"
2019-07-29,2019072901004525,ALBSL,25,7,10,420.00,"4,200.00"
2019-07-29,2019072901004524,ALBSL,25,7,10,420.00,"4,200.00"
2019-07-29,2019072901004475,ALBSL,45,17,10,419.00,"4,190.00"
2019-07-29,2019072901004359,ALBSL,21,32,100,420.00,"42,000.00"
2019-07-29,2019072901004277,ALBSL,35,48,10,425.00,"4,250.00"
2019-07-29,2019072901004264,ALBSL,35,7,10,425.00,"4,250.00"
2019-07-29,2019072901004442,ALICL,8,5,102,370.00,"37,740.00"
2019-07-29,2019072901004390,ALICL,13,45,70,369.00,"25,830.00"
2019-07-29,2019072901004389,ALICL,58,45,86,369.00,"31,734.00"
2019-07-29,2019072901004662,API,33,22,200,139.00,"27,800.00"
2019-07-29,2019072901004487,API,25,22,30,139.00,"4,170.00"
2019-07-29,2019072901004435,API,43,26,27,137.00,"3,699.00"
2019-07-29,2019072901004430,API,25,22,20,139.00,"2,780.00"
2019-07-29,2019072901004405,API,43,42,18,137.00,"2,466.00"
2019-07-29,2019072901004379,API,43,26,29,137.00,"3,973.00"
2019-07-29,2019072901004589,BFC,58,40,50,101.00,"5,050.00"
2019-07-29,2019072901004588,BFC,58,40,97,101.00,"9,797.00"
2019-07-29,2019072901004630,BOKL,47,45,44,266.00,"11,704.00"
2019-07-29,2019072901004623,BOKL,6,45,32,266.00,"8,512.00"
2019-07-29,2019072901004456,BOKL,6,49,200,266.00,"53,200.00"
2019-07-29,2019072901004446,BOKL,6,40,30,266.00,"7,980.00"
2019-07-29,2019072901004424,BOKL,6,57,238,266.00,"63,308.00"
2019-07-29,2019072901004423,BOKL,47,57,162,266.00,"43,092.00"
2019-07-29,2019072901004224,BOKL,16,6,150,266.00,"39,900.00"
2019-07-29,2019072901004353,BOKL,47,8,838,266.00,"222,908.00"
2019-07-29,2019072901004352,BOKL,6,8,162,266.00,"43,092.00"
2019-07-29,2019072901004284,BOKL,6,39,50,266.00,"13,300.00"
2019-07-29,2019072901004253,BOKL,6,7,"1,071",266.00,"284,886.00"
2019-07-29,2019072901004252,BOKL,38,7,200,266.00,"53,200.00"
2019-07-29,2019072901004251,BOKL,16,7,12,266.00,"3,192.00"
2019-07-29,2019072901004619,BPCL,49,14,100,404.00,"40,400.00"
2019-07-29,2019072901004416,BPCL,6,18,11,403.00,"4,433.00"
2019-07-29,2019072901004338,BPCL,6,43,111,404.00,"44,844.00"
2019-07-29,2019072901004337,BPCL,58,43,89,404.00,"35,956.00"
2019-07-29,2019072901004274,BPCL,58,46,400,404.00,"161,600.00"
2019-07-29,2019072901004260,BPCL,58,57,511,404.00,"206,444.00"
2019-07-29,2019072901004180,CBBL,6,32,100,980.00,"98,000.00"
2019-07-29,2019072901004179,CBBL,6,51,100,980.00,"98,000.00"
2019-07-29,2019072901004503,CBL,33,43,209,154.00,"32,186.00"
2019-07-29,2019072901004428,CBL,54,43,245,154.00,"37,730.00"
2019-07-29,2019072901004376,CBL,54,26,243,154.00,"37,422.00"
2019-07-29,2019072901004351,CBL,45,46,"3,000",154.00,"462,000.00"
2019-07-29,2019072901004350,CBL,11,46,465,154.00,"71,610.00"
2019-07-29,2019072901004323,CBL,11,1,35,154.00,"5,390.00"
2019-07-29,2019072901004322,CBL,52,1,16,154.00,"2,464.00"
2019-07-29,2019072901004675,CCBL,32,45,42,170.00,"7,140.00"
2019-07-29,2019072901004320,CCBL,32,45,200,170.00,"34,000.00"
2019-07-29,2019072901004291,CCBL,13,59,"1,000",171.00,"171,000.00"
2019-07-29,2019072901004290,CCBL,13,51,400,171.00,"68,400.00"
2019-07-29,2019072901004289,CCBL,13,42,990,171.00,"169,290.00"
2019-07-29,2019072901004288,CCBL,13,39,"4,000",171.00,"684,000.00"
2019-07-29,2019072901004287,CCBL,13,59,600,171.00,"102,600.00"
2019-07-29,2019072901004259,CCBL,32,50,322,170.00,"54,740.00"
2019-07-29,2019072901004258,CCBL,43,50,500,170.00,"85,000.00"
2019-07-29,2019072901004257,CCBL,29,50,178,170.00,"30,260.00"
2019-07-29,2019072901004332,CLBSL,57,7,54,510.00,"27,540.00"
2019-07-29,2019072901004629,CZBIL,41,50,10,225.00,"2,250.00"
2019-07-29,2019072901004554,CZBIL,41,50,10,225.00,"2,250.00"
2019-07-29,2019072901004399,CZBIL,41,4,15,225.00,"3,375.00"
2019-07-29,2019072901004225,DBBL,58,57,10,145.00,"1,450.00"
2019-07-29,2019072901004209,DBBL,51,29,"1,168",143.00,"167,024.00"
2019-07-29,2019072901004199,DBBL,51,29,"1,169",143.00,"167,167.00"
2019-07-29,2019072901004177,DHPL,42,57,10,65.00,650.00
2019-07-29,2019072901004191,EIC,6,19,50,360.00,"18,000.00"
2019-07-29,2019072901004190,EIC,6,17,149,357.00,"53,193.00"
2019-07-29,2019072901004361,FMDBL,10,49,25,386.00,"9,650.00"
2019-07-29,2019072901004208,FMDBL,34,49,500,386.00,"193,000.00"
2019-07-29,2019072901004207,FMDBL,25,49,175,386.00,"67,550.00"
2019-07-29,2019072901004206,FMDBL,29,49,500,386.00,"193,000.00"
2019-07-29,2019072901004205,FMDBL,35,49,300,387.00,"116,100.00"
2019-07-29,2019072901004578,GBBL,26,42,100,225.00,"22,500.00"
2019-07-29,2019072901004242,GBBL,39,39,"1,000",224.00,"224,000.00"
2019-07-29,2019072901004645,GBLBS,18,43,10,353.00,"3,530.00"
2019-07-29,2019072901004592,GBLBS,43,36,500,350.00,"175,000.00"
2019-07-29,2019072901004372,GBLBS,38,43,50,348.00,"17,400.00"
2019-07-29,2019072901004327,GDBL,26,4,12,213.00,"2,556.00"
2019-07-29,2019072901004488,GDBL,26,1,240,213.00,"51,120.00"
2019-07-29,2019072901004278,GFCL,52,43,200,136.00,"27,200.00"
2019-07-29,2019072901004483,GHL,16,45,30,85.00,"2,550.00"
2019-07-29,2019072901004283,GLBSL,45,17,10,427.00,"4,270.00"
2019-07-29,2019072901004458,GLICL,57,45,278,448.00,"124,544.00"
2019-07-29,2019072901004441,GLICL,46,45,142,447.00,"63,474.00"
2019-07-29,2019072901004432,GLICL,16,45,500,448.00,"224,000.00"
2019-07-29,2019072901004431,GLICL,22,45,80,449.00,"35,920.00"
2019-07-29,2019072901004336,GMFBS,42,38,10,522.00,"5,220.00"
2019-07-29,2019072901004217,GMFBS,42,18,10,522.00,"5,220.00"
2019-07-29,2019072901004433,GMFIL,22,26,30,129.00,"3,870.00"
2019-07-29,2019072901004514,GRDBL,6,48,50,116.00,"5,800.00"
2019-07-29,2019072901004658,GUFL,3,40,904,120.00,"108,480.00"
2019-07-29,2019072901004657,GUFL,44,40,396,120.00,"47,520.00"
2019-07-29,2019072901004471,GUFL,44,39,"1,604",120.00,"192,480.00"
2019-07-29,2019072901004470,GUFL,35,39,38,120.00,"4,560.00"
2019-07-29,2019072901004319,HBL,11,6,150,550.00,"82,500.00"
2019-07-29,2019072901004233,HBL,6,6,20,550.00,"11,000.00"
2019-07-29,2019072901004649,HDL,35,21,40,"1,555.00","62,200.00"
2019-07-29,2019072901004648,HDL,37,21,60,"1,560.00","93,600.00"
2019-07-29,2019072901004634,HDL,37,21,40,"1,560.00","62,400.00"
2019-07-29,2019072901004633,HDL,14,21,10,"1,561.00","15,610.00"
2019-07-29,2019072901004632,HDL,38,21,40,"1,561.00","62,440.00"
2019-07-29,2019072901004631,HDL,7,21,10,"1,569.00","15,690.00"
2019-07-29,2019072901004569,HGI,51,47,250,342.00,"85,500.00"
2019-07-29,2019072901004671,HIDCL,14,57,242,157.00,"37,994.00"
2019-07-29,2019072901004670,HIDCL,1,57,58,157.00,"9,106.00"
2019-07-29,2019072901004515,HIDCL,1,45,16,157.00,"2,512.00"
2019-07-29,2019072901004445,HIDCL,1,57,31,157.00,"4,867.00"
2019-07-29,2019072901004411,HIDCL,1,42,44,157.00,"6,908.00"
2019-07-29,2019072901004349,HIDCL,1,57,31,157.00,"4,867.00"
2019-07-29,2019072901004254,HIDCL,40,57,31,157.00,"4,867.00"
2019-07-29,2019072901004666,HPPL,18,57,10,172.00,"1,720.00"
2019-07-29,2019072901004665,HPPL,18,57,10,172.00,"1,720.00"
2019-07-29,2019072901004664,HPPL,18,57,10,172.00,"1,720.00"
2019-07-29,2019072901004561,HPPL,22,50,10,170.00,"1,700.00"
2019-07-29,2019072901004364,HPPL,22,33,10,170.00,"1,700.00"
2019-07-29,2019072901004641,HURJA,16,50,20,134.00,"2,680.00"
2019-07-29,2019072901004567,HURJA,16,50,20,134.00,"2,680.00"
2019-07-29,2019072901004234,HURJA,16,55,20,134.00,"2,680.00"
2019-07-29,2019072901004215,ICFC,1,46,50,166.00,"8,300.00"
2019-07-29,2019072901004566,ILBS,49,5,20,421.00,"8,420.00"
2019-07-29,2019072901004531,ILBS,49,45,10,421.00,"4,210.00"
2019-07-29,2019072901004530,ILBS,18,18,10,422.00,"4,220.00"
2019-07-29,2019072901004457,ILBS,49,38,10,421.00,"4,210.00"
2019-07-29,2019072901004330,ILBS,18,18,10,422.00,"4,220.00"
2019-07-29,2019072901004321,ILBS,38,10,10,422.00,"4,220.00"
2019-07-29,2019072901004226,ILBS,22,7,10,421.00,"4,210.00"
2019-07-29,2019072901004214,ILBS,22,44,10,421.00,"4,210.00"
2019-07-29,2019072901004189,ILBS,22,20,10,421.00,"4,210.00"
2019-07-29,2019072901004316,ILBS,38,18,10,422.00,"4,220.00"
2019-07-29,2019072901004307,ILBS,18,18,10,422.00,"4,220.00"
2019-07-29,2019072901004246,ILBS,39,18,10,422.00,"4,220.00"
2019-07-29,2019072901004232,ILBS,39,7,10,422.00,"4,220.00"
2019-07-29,2019072901004231,ILBS,39,18,10,422.00,"4,220.00"
2019-07-29,2019072901004230,ILBS,22,7,10,421.00,"4,210.00"
2019-07-29,2019072901004485,JBBL,58,5,148,161.00,"23,828.00"
2019-07-29,2019072901004366,JBBL,19,26,50,162.00,"8,100.00"
2019-07-29,2019072901004365,JBBL,19,28,50,162.00,"8,100.00"
2019-07-29,2019072901004486,JFL,18,45,61,185.00,"11,285.00"
2019-07-29,2019072901004555,JOSHI,57,45,20,75.00,"1,500.00"
2019-07-29,2019072901004587,KBL,26,46,50,216.00,"10,800.00"
2019-07-29,2019072901004558,KBL,32,3,64,215.00,"13,760.00"
2019-07-29,2019072901004557,KBL,57,3,20,215.00,"4,300.00"
2019-07-29,2019072901004358,KBL,22,43,500,215.00,"107,500.00"
2019-07-29,2019072901004357,KBL,45,43,500,215.00,"107,500.00"
2019-07-29,2019072901004241,KBL,52,46,500,216.00,"108,000.00"
2019-07-29,2019072901004229,KBL,34,46,918,216.00,"198,288.00"
2019-07-29,2019072901004553,KKHC,48,22,36,67.00,"2,412.00"
2019-07-29,2019072901004656,KPCL,50,50,10,89.00,890.00
2019-07-29,2019072901004576,KPCL,50,50,10,89.00,890.00
2019-07-29,2019072901004387,KRBL,1,6,2,113.00,226.00
2019-07-29,2019072901004203,KRBL,58,42,104,113.00,"11,752.00"
2019-07-29,2019072901004202,KRBL,42,42,18,113.00,"2,034.00"
2019-07-29,2019072901004582,LICN,20,32,46,"1,140.00","52,440.00"
2019-07-29,2019072901004216,LVF1,58,49,"10,000",10.59,"105,900.00"
2019-07-29,2019072901004198,MBL,39,44,500,267.00,"133,500.00"
2019-07-29,2019072901004467,MEGA,33,49,300,208.00,"62,400.00"
2019-07-29,2019072901004466,MEGA,43,49,500,208.00,"104,000.00"
2019-07-29,2019072901004465,MEGA,56,49,500,208.00,"104,000.00"
2019-07-29,2019072901004464,MEGA,18,49,150,208.00,"31,200.00"
2019-07-29,2019072901004463,MEGA,18,49,210,208.00,"43,680.00"
2019-07-29,2019072901004459,MEGA,58,58,"5,000",208.00,"1,040,000.00"
2019-07-29,2019072901004386,MEGA,18,26,57,208.00,"11,856.00"
2019-07-29,2019072901004354,MEGA,50,59,20,209.00,"4,180.00"
2019-07-29,2019072901004331,MEGA,11,59,200,209.00,"41,800.00"
2019-07-29,2019072901004314,MEGA,43,59,20,209.00,"4,180.00"
2019-07-29,2019072901004419,MFIL,1,19,100,127.00,"12,700.00"
2019-07-29,2019072901004593,MHNL,59,45,30,100.00,"3,000.00"
2019-07-29,2019072901004579,MHNL,48,45,10,100.00,"1,000.00"
2019-07-29,2019072901004439,MLBBL,49,44,90,427.00,"38,430.00"
2019-07-29,2019072901004438,MLBBL,49,55,10,427.00,"4,270.00"
2019-07-29,2019072901004360,MLBBL,1,51,55,426.00,"23,430.00"
2019-07-29,2019072901004285,MLBBL,45,10,114,422.00,"48,108.00"
2019-07-29,2019072901004646,MLBL,33,22,200,200.00,"40,000.00"
2019-07-29,2019072901004669,MNBBL,26,33,100,371.00,"37,100.00"
2019-07-29,2019072901004584,MNBBL,14,33,200,370.00,"74,000.00"
2019-07-29,2019072901004409,MNBBL,32,40,41,370.00,"15,170.00"
2019-07-29,2019072901004356,MNBBL,16,13,500,369.00,"184,500.00"
2019-07-29,2019072901004355,MNBBL,32,13,500,369.00,"184,500.00"
2019-07-29,2019072901004312,MNBBL,43,37,10,370.00,"3,700.00"
2019-07-29,2019072901004204,MSLB,39,36,10,941.00,"9,410.00"
2019-07-29,2019072901004610,NABIL,11,45,20,799.00,"15,980.00"
2019-07-29,2019072901004609,NABIL,11,45,20,799.00,"15,980.00"
2019-07-29,2019072901004608,NABIL,5,45,15,800.00,"12,000.00"
2019-07-29,2019072901004521,NABIL,25,42,10,805.00,"8,050.00"
2019-07-29,2019072901004282,NABIL,19,39,183,798.00,"146,034.00"
2019-07-29,2019072901004281,NABIL,4,39,100,798.00,"79,800.00"
2019-07-29,2019072901004280,NABIL,6,39,50,798.00,"39,900.00"
2019-07-29,2019072901004279,NABIL,39,39,47,798.00,"37,506.00"
2019-07-29,2019072901004273,NABIL,39,39,53,798.00,"42,294.00"
2019-07-29,2019072901004272,NABIL,57,39,117,798.00,"93,366.00"
2019-07-29,2019072901004247,NABIL,32,45,200,799.00,"159,800.00"
2019-07-29,2019072901004674,NAGRO,34,50,10,594.00,"5,940.00"
2019-07-29,2019072901004404,NAGRO,34,18,10,594.00,"5,940.00"
2019-07-29,2019072901004362,NBB,43,57,10,222.00,"2,220.00"
2019-07-29,2019072901004318,NBB,25,33,10,223.00,"2,230.00"
2019-07-29,2019072901004663,NBL,6,45,100,339.00,"33,900.00"
2019-07-29,2019072901004219,NBL,6,10,273,339.00,"92,547.00"
2019-07-29,2019072901004218,NBL,52,10,27,339.00,"9,153.00"
2019-07-29,2019072901004659,NCCB,35,17,100,244.00,"24,400.00"
2019-07-29,2019072901004615,NCCB,35,45,100,244.00,"24,400.00"
2019-07-29,2019072901004317,NCCB,43,17,10,245.00,"2,450.00"
2019-07-29,2019072901004474,NGPL,36,57,11,115.00,"1,265.00"
2019-07-29,2019072901004501,NIB,25,32,10,516.00,"5,160.00"
2019-07-29,2019072901004429,NIB,6,57,178,515.00,"91,670.00"
2019-07-29,2019072901004407,NIB,50,57,95,515.00,"48,925.00"
2019-07-29,2019072901004406,NIB,53,57,527,515.00,"271,405.00"
2019-07-29,2019072901004326,NIB,53,55,236,515.00,"121,540.00"
2019-07-29,2019072901004449,NICA,54,25,100,462.00,"46,200.00"
2019-07-29,2019072901004448,NICA,54,34,53,462.00,"24,486.00"
2019-07-29,2019072901004447,NICA,54,16,199,462.00,"91,938.00"
2019-07-29,2019072901004324,NICA,43,16,10,462.00,"4,620.00"
2019-07-29,2019072901004221,NICL,19,37,46,348.00,"16,008.00"
2019-07-29,2019072901004196,NIL,39,57,585,472.00,"276,120.00"
2019-07-29,2019072901004586,NLIC,4,37,77,875.00,"67,375.00"
2019-07-29,2019072901004556,NLIC,56,4,50,875.00,"43,750.00"
2019-07-29,2019072901004482,NLIC,44,4,50,875.00,"43,750.00"
2019-07-29,2019072901004417,NLIC,4,4,50,875.00,"43,750.00"
2019-07-29,2019072901004383,NLIC,52,40,13,876.00,"11,388.00"
2019-07-29,2019072901004240,NLIC,22,4,130,875.00,"113,750.00"
2019-07-29,2019072901004239,NLIC,43,4,50,875.00,"43,750.00"
2019-07-29,2019072901004238,NLIC,33,4,60,875.00,"52,500.00"
2019-07-29,2019072901004565,NLICL,58,25,100,578.00,"57,800.00"
2019-07-29,2019072901004564,NLICL,58,33,49,578.00,"28,322.00"
2019-07-29,2019072901004502,NLICL,46,32,204,577.00,"117,708.00"
2019-07-29,2019072901004518,NMBSF1,56,29,300,11.28,"3,384.00"
2019-07-29,2019072901004385,NNLB,40,42,80,408.00,"32,640.00"
2019-07-29,2019072901004384,NNLB,14,42,20,409.00,"8,180.00"
2019-07-29,2019072901004255,NSEWA,51,44,10,402.00,"4,020.00"
2019-07-29,2019072901004472,NTC,25,6,10,693.00,"6,930.00"
2019-07-29,2019072901004413,NTC,22,36,540,687.00,"370,980.00"
2019-07-29,2019072901004412,NTC,36,36,30,687.00,"20,610.00"
2019-07-29,2019072901004195,PIC,48,48,11,471.00,"5,181.00"
2019-07-29,2019072901004583,PMHPL,6,50,10,103.00,"1,030.00"
2019-07-29,2019072901004479,PMHPL,6,57,10,103.00,"1,030.00"
2019-07-29,2019072901004478,PMHPL,48,48,10,104.00,"1,040.00"
2019-07-29,2019072901004575,PPCL,53,48,10,132.00,"1,320.00"
2019-07-29,2019072901004443,PPCL,53,16,10,132.00,"1,320.00"
2019-07-29,2019072901004388,PPCL,53,16,10,132.00,"1,320.00"
2019-07-29,2019072901004367,PPCL,53,16,10,132.00,"1,320.00"
2019-07-29,2019072901004243,PPCL,53,55,30,132.00,"3,960.00"
2019-07-29,2019072901004667,PRIN,50,34,100,357.00,"35,700.00"
2019-07-29,2019072901004653,PRIN,50,34,263,357.00,"93,891.00"
2019-07-29,2019072901004652,PRIN,22,34,37,358.00,"13,246.00"
2019-07-29,2019072901004574,PRIN,22,10,963,358.00,"344,754.00"
2019-07-29,2019072901004573,PRIN,51,10,100,358.00,"35,800.00"
2019-07-29,2019072901004572,PRIN,37,10,37,358.00,"13,246.00"
2019-07-29,2019072901004345,PRIN,37,5,63,358.00,"22,554.00"
2019-07-29,2019072901004344,PRIN,22,5,50,358.00,"17,900.00"
2019-07-29,2019072901004343,PRIN,22,5,160,358.00,"57,280.00"
2019-07-29,2019072901004342,PRIN,28,5,205,360.00,"73,800.00"
2019-07-29,2019072901004341,PRIN,42,5,72,360.00,"25,920.00"
2019-07-29,2019072901004256,PRIN,43,34,90,361.00,"32,490.00"
2019-07-29,2019072901004626,PRVU,41,45,12,274.00,"3,288.00"
2019-07-29,2019072901004616,PRVU,13,36,30,275.00,"8,250.00"
2019-07-29,2019072901004607,PRVU,45,36,20,275.00,"5,500.00"
2019-07-29,2019072901004606,PRVU,39,36,100,275.00,"27,500.00"
2019-07-29,2019072901004571,PRVU,14,36,200,275.00,"55,000.00"
2019-07-29,2019072901004570,PRVU,38,36,256,275.00,"70,400.00"
2019-07-29,2019072901004401,PRVU,39,43,"1,644",275.00,"452,100.00"
2019-07-29,2019072901004340,PRVU,11,33,200,276.00,"55,200.00"
2019-07-29,2019072901004294,PRVU,56,33,"1,000",276.00,"276,000.00"
2019-07-29,2019072901004292,PRVU,39,33,"1,000",275.00,"275,000.00"
2019-07-29,2019072901004451,PRVU,38,33,156,275.00,"42,900.00"
2019-07-29,2019072901004422,PRVU,7,5,764,276.00,"210,864.00"
2019-07-29,2019072901004421,PRVU,7,40,72,276.00,"19,872.00"
2019-07-29,2019072901004420,PRVU,7,33,164,276.00,"45,264.00"
2019-07-29,2019072901004408,PRVU,41,33,100,276.00,"27,600.00"
2019-07-29,2019072901004402,PRVU,38,43,56,275.00,"15,400.00"
2019-07-29,2019072901004516,PRVU,53,5,91,276.00,"25,116.00"
2019-07-29,2019072901004455,PRVU,38,33,744,275.00,"204,600.00"
2019-07-29,2019072901004454,PRVU,48,33,"1,500",275.00,"412,500.00"
2019-07-29,2019072901004453,PRVU,19,33,500,275.00,"137,500.00"
2019-07-29,2019072901004452,PRVU,53,33,100,275.00,"27,500.00"
2019-07-29,2019072901004673,RBCLPO,35,35,200,"8,348.00","1,669,600.00"
2019-07-29,2019072901004418,RHPC,29,42,22,88.00,"1,936.00"
2019-07-29,2019072901004310,RHPC,29,41,61,88.00,"5,368.00"
2019-07-29,2019072901004309,RHPC,25,41,500,88.00,"44,000.00"
2019-07-29,2019072901004308,RHPC,52,41,155,88.00,"13,640.00"
2019-07-29,2019072901004267,RHPC,43,41,50,89.00,"4,450.00"
2019-07-29,2019072901004266,RHPC,25,41,174,89.00,"15,486.00"
2019-07-29,2019072901004265,RHPC,6,41,200,89.00,"17,800.00"
2019-07-29,2019072901004178,RHPC,25,42,26,89.00,"2,314.00"
2019-07-29,2019072901004473,RLFL,41,22,79,120.00,"9,480.00"
2019-07-29,2019072901004315,RMDC,21,21,200,665.00,"133,000.00"
2019-07-29,2019072901004276,RRHP,34,57,10,104.00,"1,040.00"
2019-07-29,2019072901004398,RSDC,17,43,120,342.00,"41,040.00"
2019-07-29,2019072901004640,SANIMA,11,45,30,357.00,"10,710.00"
2019-07-29,2019072901004639,SANIMA,48,45,20,357.00,"7,140.00"
2019-07-29,2019072901004263,SANIMA,11,52,830,357.00,"296,310.00"
2019-07-29,2019072901004262,SANIMA,11,48,296,357.00,"105,672.00"
2019-07-29,2019072901004261,SANIMA,11,57,173,357.00,"61,761.00"
2019-07-29,2019072901004654,SBL,54,53,10,321.00,"3,210.00"
2019-07-29,2019072901004504,SBL,36,6,76,320.00,"24,320.00"
2019-07-29,2019072901004378,SBL,28,6,575,320.00,"184,000.00"
2019-07-29,2019072901004377,SBL,28,50,825,320.00,"264,000.00"
2019-07-29,2019072901004371,SBL,28,50,"1,000",320.00,"320,000.00"
2019-07-29,2019072901004334,SBL,22,50,175,320.00,"56,000.00"
2019-07-29,2019072901004333,SBL,22,46,825,320.00,"264,000.00"
2019-07-29,2019072901004249,SBL,25,46,105,320.00,"33,600.00"
2019-07-29,2019072901004248,SBL,32,46,70,320.00,"22,400.00"
2019-07-29,2019072901004672,SCB,46,50,20,663.00,"13,260.00"
2019-07-29,2019072901004642,SCB,43,48,20,662.00,"13,240.00"
2019-07-29,2019072901004628,SCB,48,50,20,663.00,"13,260.00"
2019-07-29,2019072901004444,SCB,25,6,10,665.00,"6,650.00"
2019-07-29,2019072901004396,SCB,43,36,149,662.00,"98,638.00"
2019-07-29,2019072901004395,SCB,35,36,30,663.00,"19,890.00"
2019-07-29,2019072901004394,SCB,43,36,100,663.00,"66,300.00"
2019-07-29,2019072901004393,SCB,45,36,10,663.00,"6,630.00"
2019-07-29,2019072901004392,SCB,34,36,61,663.00,"40,443.00"
2019-07-29,2019072901004391,SCB,14,36,100,664.00,"66,400.00"
2019-07-29,2019072901004590,SDESI,34,4,20,612.00,"12,240.00"
2019-07-29,2019072901004437,SEF,6,43,"8,500",10.10,"85,850.00"
2019-07-29,2019072901004436,SEF,6,43,"1,500",10.10,"15,150.00"
2019-07-29,2019072901004644,SHIVM,18,39,10,603.00,"6,030.00"
2019-07-29,2019072901004415,SHIVM,18,41,50,601.00,"30,050.00"
2019-07-29,2019072901004373,SHIVM,52,34,20,602.00,"12,040.00"
2019-07-29,2019072901004363,SHIVM,43,52,15,601.00,"9,015.00"
2019-07-29,2019072901004293,SHIVM,42,34,50,602.00,"30,100.00"
2019-07-29,2019072901004250,SHIVM,33,34,300,602.00,"180,600.00"
2019-07-29,2019072901004228,SHIVM,33,49,50,602.00,"30,100.00"
2019-07-29,2019072901004235,SHL,58,43,100,235.00,"23,500.00"
2019-07-29,2019072901004201,SHL,58,33,100,234.00,"23,400.00"
2019-07-29,2019072901004563,SHPC,47,17,391,248.00,"96,968.00"
2019-07-29,2019072901004552,SHPC,47,17,250,248.00,"62,000.00"
2019-07-29,2019072901004517,SHPC,47,17,200,248.00,"49,600.00"
2019-07-29,2019072901004513,SHPC,47,17,150,248.00,"37,200.00"
2019-07-29,2019072901004491,SHPC,47,17,190,248.00,"47,120.00"
2019-07-29,2019072901004481,SHPC,47,17,240,248.00,"59,520.00"
2019-07-29,2019072901004434,SHPC,6,42,99,246.00,"24,354.00"
2019-07-29,2019072901004339,SHPC,36,39,100,247.00,"24,700.00"
2019-07-29,2019072901004335,SHPC,6,50,404,246.00,"99,384.00"
2019-07-29,2019072901004306,SHPC,6,50,"1,596",246.00,"392,616.00"
2019-07-29,2019072901004192,SHPC,6,42,228,246.00,"56,088.00"
2019-07-29,2019072901004188,SIFC,16,40,280,156.00,"43,680.00"
2019-07-29,2019072901004187,SIFC,34,40,100,157.00,"15,700.00"
2019-07-29,2019072901004186,SIFC,36,40,100,157.00,"15,700.00"
2019-07-29,2019072901004651,SIL,25,35,10,470.00,"4,700.00"
2019-07-29,2019072901004532,SKBBL,49,37,"2,401",980.00,"2,352,980.00"
2019-07-29,2019072901004325,SLBSL,52,8,50,593.00,"29,650.00"
2019-07-29,2019072901004271,SLBSL,34,55,20,590.00,"11,800.00"
2019-07-29,2019072901004270,SLBSL,34,57,10,585.00,"5,850.00"
2019-07-29,2019072901004348,SLICL,22,11,50,444.00,"22,200.00"
2019-07-29,2019072901004347,SLICL,6,11,50,444.00,"22,200.00"
2019-07-29,2019072901004346,SLICL,57,11,100,444.00,"44,400.00"
2019-07-29,2019072901004499,SMFBS,41,26,30,550.00,"16,500.00"
2019-07-29,2019072901004498,SMFBS,41,26,10,550.00,"5,500.00"
2019-07-29,2019072901004497,SMFBS,41,8,10,550.00,"5,500.00"
2019-07-29,2019072901004496,SMFBS,41,37,10,549.00,"5,490.00"
2019-07-29,2019072901004495,SMFBS,41,37,10,549.00,"5,490.00"
2019-07-29,2019072901004494,SMFBS,41,48,10,549.00,"5,490.00"
2019-07-29,2019072901004493,SMFBS,41,59,10,549.00,"5,490.00"
2019-07-29,2019072901004492,SMFBS,41,18,10,548.00,"5,480.00"
2019-07-29,2019072901004484,SMFBS,47,14,20,541.00,"10,820.00"
2019-07-29,2019072901004286,SMFBS,47,44,10,541.00,"5,410.00"
2019-07-29,2019072901004269,SMFBS,47,44,10,541.00,"5,410.00"
2019-07-29,2019072901004676,SPARS,46,49,50,503.00,"25,150.00"
2019-07-29,2019072901004591,SPARS,46,52,50,503.00,"25,150.00"
2019-07-29,2019072901004500,SPARS,44,18,10,503.00,"5,030.00"
2019-07-29,2019072901004374,SPARS,44,18,10,503.00,"5,030.00"
2019-07-29,2019072901004304,SPARS,44,18,10,503.00,"5,030.00"
2019-07-29,2019072901004245,SPARS,42,40,10,503.00,"5,030.00"
2019-07-29,2019072901004244,SPARS,42,1,30,503.00,"15,090.00"
2019-07-29,2019072901004213,SRBL,18,14,313,249.00,"77,937.00"
2019-07-29,2019072901004382,SWBBL,22,33,50,895.00,"44,750.00"
2019-07-29,2019072901004622,UFL,6,40,50,182.00,"9,100.00"
2019-07-29,2019072901004668,UIC,42,17,284,776.00,"220,384.00"
2019-07-29,2019072901004661,UIC,42,17,326,777.00,"253,302.00"
2019-07-29,2019072901004660,UIC,43,17,50,778.00,"38,900.00"
2019-07-29,2019072901004643,UIC,42,58,"2,600",777.00,"2,020,200.00"
2019-07-29,2019072901004638,UIC,42,35,600,777.00,"466,200.00"
2019-07-29,2019072901004637,UIC,42,17,150,777.00,"116,550.00"
2019-07-29,2019072901004181,UIC,41,7,20,787.00,"15,740.00"
2019-07-29,2019072901004210,UIC,17,50,10,785.00,"7,850.00"
2019-07-29,2019072901004200,UIC,17,7,20,785.00,"15,700.00"
2019-07-29,2019072901004185,UIC,50,7,30,785.00,"23,550.00"
2019-07-29,2019072901004184,UIC,17,7,50,785.00,"39,250.00"
2019-07-29,2019072901004183,UIC,45,7,50,786.00,"39,300.00"
2019-07-29,2019072901004182,UIC,52,7,10,786.00,"7,860.00"
2019-07-29,2019072901004236,UIC,45,5,90,788.00,"70,920.00"
2019-07-29,2019072901004227,UIC,5,50,190,785.00,"149,150.00"
2019-07-29,2019072901004223,UIC,6,45,90,784.00,"70,560.00"
2019-07-29,2019072901004222,UIC,40,45,50,784.00,"39,200.00"
2019-07-29,2019072901004212,UIC,6,50,50,785.00,"39,250.00"
2019-07-29,2019072901004211,UIC,58,50,50,785.00,"39,250.00"
2019-07-29,2019072901004300,UIC,58,35,10,785.00,"7,850.00"
2019-07-29,2019072901004299,UIC,6,35,10,785.00,"7,850.00"
2019-07-29,2019072901004298,UIC,19,35,125,785.00,"98,125.00"
2019-07-29,2019072901004297,UIC,58,35,10,785.00,"7,850.00"
2019-07-29,2019072901004296,UIC,38,35,50,785.00,"39,250.00"
2019-07-29,2019072901004295,UIC,5,35,110,785.00,"86,350.00"
2019-07-29,2019072901004380,UIC,58,25,50,787.00,"39,350.00"
2019-07-29,2019072901004328,UIC,17,5,10,788.00,"7,880.00"
2019-07-29,2019072901004313,UIC,42,42,10,785.00,"7,850.00"
2019-07-29,2019072901004303,UIC,42,35,50,785.00,"39,250.00"
2019-07-29,2019072901004302,UIC,51,35,200,785.00,"157,000.00"
2019-07-29,2019072901004301,UIC,38,35,50,785.00,"39,250.00"
2019-07-29,2019072901004427,UIC,5,35,250,785.00,"196,250.00"
2019-07-29,2019072901004426,UIC,57,35,100,785.00,"78,500.00"
2019-07-29,2019072901004425,UIC,42,35,90,785.00,"70,650.00"
2019-07-29,2019072901004410,UIC,51,45,40,786.00,"31,440.00"
2019-07-29,2019072901004400,UIC,34,25,30,787.00,"23,610.00"
2019-07-29,2019072901004381,UIC,10,25,102,787.00,"80,274.00"
2019-07-29,2019072901004505,UIC,32,55,25,784.00,"19,600.00"
2019-07-29,2019072901004490,UIC,32,46,25,784.00,"19,600.00"
2019-07-29,2019072901004489,UIC,6,46,10,784.00,"7,840.00"
2019-07-29,2019072901004476,UIC,57,22,60,786.00,"47,160.00"
2019-07-29,2019072901004469,UIC,43,35,50,785.00,"39,250.00"
2019-07-29,2019072901004468,UIC,57,35,10,785.00,"7,850.00"
2019-07-29,2019072901004511,UIC,58,55,10,783.00,"7,830.00"
2019-07-29,2019072901004510,UIC,21,55,10,783.00,"7,830.00"
2019-07-29,2019072901004509,UIC,25,55,20,783.00,"15,660.00"
2019-07-29,2019072901004508,UIC,45,55,12,783.00,"9,396.00"
2019-07-29,2019072901004507,UIC,35,55,10,783.00,"7,830.00"
2019-07-29,2019072901004506,UIC,29,55,43,783.00,"33,669.00"
2019-07-29,2019072901004537,UIC,45,43,100,781.00,"78,100.00"
2019-07-29,2019072901004536,UIC,22,43,50,781.00,"39,050.00"
2019-07-29,2019072901004535,UIC,57,43,250,782.00,"195,500.00"
2019-07-29,2019072901004534,UIC,26,43,300,782.00,"234,600.00"
2019-07-29,2019072901004533,UIC,52,43,80,783.00,"62,640.00"
2019-07-29,2019072901004512,UIC,52,55,20,783.00,"15,660.00"
2019-07-29,2019072901004543,UIC,34,43,50,780.00,"39,000.00"
2019-07-29,2019072901004542,UIC,5,43,100,780.00,"78,000.00"
2019-07-29,2019072901004541,UIC,39,43,10,780.00,"7,800.00"
2019-07-29,2019072901004540,UIC,41,43,100,780.00,"78,000.00"
2019-07-29,2019072901004539,UIC,37,43,100,780.00,"78,000.00"
2019-07-29,2019072901004538,UIC,39,43,59,780.00,"46,020.00"
2019-07-29,2019072901004549,UIC,41,43,50,780.00,"39,000.00"
2019-07-29,2019072901004548,UIC,39,43,100,780.00,"78,000.00"
2019-07-29,2019072901004547,UIC,54,43,50,780.00,"39,000.00"
2019-07-29,2019072901004546,UIC,25,43,50,780.00,"39,000.00"
2019-07-29,2019072901004545,UIC,39,43,18,780.00,"14,040.00"
2019-07-29,2019072901004544,UIC,20,43,10,780.00,"7,800.00"
2019-07-29,2019072901004594,UIC,38,17,20,780.00,"15,600.00"
2019-07-29,2019072901004581,UIC,43,55,50,781.00,"39,050.00"
2019-07-29,2019072901004580,UIC,26,55,50,781.00,"39,050.00"
2019-07-29,2019072901004568,UIC,5,5,50,783.00,"39,150.00"
2019-07-29,2019072901004551,UIC,13,43,10,780.00,"7,800.00"
2019-07-29,2019072901004550,UIC,55,43,10,780.00,"7,800.00"
2019-07-29,2019072901004600,UIC,34,17,50,778.00,"38,900.00"
2019-07-29,2019072901004599,UIC,29,17,10,778.00,"7,780.00"
2019-07-29,2019072901004598,UIC,58,17,50,780.00,"39,000.00"
2019-07-29,2019072901004597,UIC,1,17,100,780.00,"78,000.00"
2019-07-29,2019072901004596,UIC,58,17,10,780.00,"7,800.00"
2019-07-29,2019072901004595,UIC,58,17,10,780.00,"7,800.00"
2019-07-29,2019072901004611,UIC,42,17,260,777.00,"202,020.00"
2019-07-29,2019072901004605,UIC,42,17,205,777.00,"159,285.00"
2019-07-29,2019072901004604,UIC,14,17,15,778.00,"11,670.00"
2019-07-29,2019072901004603,UIC,44,17,100,778.00,"77,800.00"
2019-07-29,2019072901004602,UIC,54,17,50,778.00,"38,900.00"
2019-07-29,2019072901004601,UIC,7,17,100,778.00,"77,800.00"
2019-07-29,2019072901004636,UIC,37,17,150,778.00,"116,700.00"
2019-07-29,2019072901004627,UIC,58,55,12,781.00,"9,372.00"
2019-07-29,2019072901004621,UIC,42,17,489,777.00,"379,953.00"
2019-07-29,2019072901004618,UIC,42,40,30,777.00,"23,310.00"
2019-07-29,2019072901004617,UIC,56,40,200,778.00,"155,600.00"
2019-07-29,2019072901004613,UIC,42,40,340,777.00,"264,180.00"
2019-07-29,2019072901004635,UPCL,35,46,200,89.00,"17,800.00"
2019-07-29,2019072901004655,UPPER,22,45,50,271.00,"13,550.00"
2019-07-29,2019072901004612,UPPER,22,50,40,271.00,"10,840.00"
2019-07-29,2019072901004562,UPPER,22,5,20,271.00,"5,420.00"
2019-07-29,2019072901004520,UPPER,22,26,16,271.00,"4,336.00"
2019-07-29,2019072901004193,UPPER,44,45,30,272.00,"8,160.00"
2019-07-29,2019072901004275,UPPER,22,44,40,271.00,"10,840.00"
2019-07-29,2019072901004268,UPPER,45,17,28,272.00,"7,616.00"
2019-07-29,2019072901004237,UPPER,45,8,72,272.00,"19,584.00"
2019-07-29,2019072901004220,UPPER,45,44,40,272.00,"10,880.00"
2019-07-29,2019072901004197,UPPER,45,42,40,272.00,"10,880.00"
2019-07-29,2019072901004194,UPPER,45,45,20,272.00,"5,440.00"
2019-07-29,2019072901004414,UPPER,11,39,50,272.00,"13,600.00"
2019-07-29,2019072901004403,UPPER,11,16,50,272.00,"13,600.00"
2019-07-29,2019072901004397,UPPER,11,26,30,272.00,"8,160.00"
2019-07-29,2019072901004375,UPPER,11,16,50,272.00,"13,600.00"
2019-07-29,2019072901004329,UPPER,11,10,50,272.00,"13,600.00"
2019-07-29,2019072901004305,UPPER,11,44,50,272.00,"13,600.00"
2019-07-29,2019072901004519,UPPER,44,26,14,272.00,"3,808.00"
2019-07-29,2019072901004462,UPPER,44,1,486,272.00,"132,192.00"
2019-07-29,2019072901004461,UPPER,45,1,500,272.00,"136,000.00"
2019-07-29,2019072901004460,UPPER,11,1,24,272.00,"6,528.00"
2019-07-29,2019072901004450,UPPER,11,16,50,272.00,"13,600.00"
2019-07-29,2019072901004440,UPPER,11,42,146,272.00,"39,712.00"
2019-07-29,2019072901004560,VLBS,58,22,47,523.00,"24,581.00"
2019-07-29,2019072901004559,VLBS,58,57,13,520.00,"6,760.00"
2019-07-29,2019072901004167,ADBL,14,49,"1,000",429.00,"429,000.00"
2019-07-29,2019072901004009,ADBL,49,37,39,430.00,"16,770.00"
2019-07-29,2019072901004008,ADBL,49,16,80,430.00,"34,400.00"
2019-07-29,2019072901004007,ADBL,49,25,106,430.00,"45,580.00"
2019-07-29,2019072901004006,ADBL,49,48,20,430.00,"8,600.00"
2019-07-29,2019072901004005,ADBL,49,38,300,430.00,"129,000.00"
2019-07-29,2019072901003831,ADBL,38,7,25,427.00,"10,675.00"
2019-07-29,2019072901003896,ADBL,49,52,120,428.00,"51,360.00"
2019-07-29,2019072901003895,ADBL,49,39,900,428.00,"385,200.00"
2019-07-29,2019072901003894,ADBL,49,25,100,428.00,"42,800.00"
2019-07-29,2019072901003872,ADBL,14,34,111,427.00,"47,397.00"
2019-07-29,2019072901003871,ADBL,14,7,965,427.00,"412,055.00"
2019-07-29,2019072901003852,ADBL,38,7,10,427.00,"4,270.00"
2019-07-29,2019072901004004,ADBL,49,34,100,430.00,"43,000.00"
2019-07-29,2019072901004003,ADBL,49,28,"1,000",429.00,"429,000.00"
2019-07-29,2019072901004002,ADBL,49,44,117,429.00,"50,193.00"
2019-07-29,2019072901004001,ADBL,49,17,238,429.00,"102,102.00"
2019-07-29,2019072901003898,ADBL,49,17,762,429.00,"326,898.00"
2019-07-29,2019072901003897,ADBL,49,22,118,429.00,"50,622.00"
2019-07-29,2019072901003825,AHPC,22,33,18,104.00,"1,872.00"
2019-07-29,2019072901003824,AKJCL,48,48,20,71.00,"1,420.00"
2019-07-29,2019072901004148,AKPL,13,48,10,170.00,"1,700.00"
2019-07-29,2019072901003815,AKPL,13,26,13,170.00,"2,210.00"
2019-07-29,2019072901003774,AKPL,13,33,13,170.00,"2,210.00"
2019-07-29,2019072901004111,ALBSL,45,7,10,427.00,"4,270.00"
2019-07-29,2019072901004110,ALBSL,45,45,10,427.00,"4,270.00"
2019-07-29,2019072901003759,ALBSL,22,7,60,435.00,"26,100.00"
2019-07-29,2019072901003688,ALBSL,22,39,10,435.00,"4,350.00"
2019-07-29,2019072901003682,ALBSL,22,47,10,435.00,"4,350.00"
2019-07-29,2019072901003758,ALBSL,28,7,300,436.00,"130,800.00"
2019-07-29,2019072901003726,ALBSL,22,53,10,435.00,"4,350.00"
2019-07-29,2019072901003724,ALBSL,22,39,10,435.00,"4,350.00"
2019-07-29,2019072901003722,ALBSL,22,17,20,435.00,"8,700.00"
2019-07-29,2019072901003717,ALBSL,22,53,10,435.00,"4,350.00"
2019-07-29,2019072901003704,ALBSL,22,39,50,435.00,"21,750.00"
2019-07-29,2019072901004067,ALICL,58,58,14,369.00,"5,166.00"
2019-07-29,2019072901004155,API,43,42,18,137.00,"2,466.00"
2019-07-29,2019072901004131,API,25,22,30,139.00,"4,170.00"
2019-07-29,2019072901004118,API,43,57,29,137.00,"3,973.00"
2019-07-29,2019072901004014,API,43,57,29,137.00,"3,973.00"
2019-07-29,2019072901003998,API,43,42,18,137.00,"2,466.00"
2019-07-29,2019072901003962,API,29,38,500,138.00,"69,000.00"
2019-07-29,2019072901003679,API,43,48,32,137.00,"4,384.00"
2019-07-29,2019072901003678,API,22,48,500,137.00,"68,500.00"
2019-07-29,2019072901003677,API,55,48,"1,000",137.00,"137,000.00"
2019-07-29,2019072901004166,BARUN,56,42,10,90.00,900.00
2019-07-29,2019072901004122,BARUN,56,57,10,90.00,900.00
2019-07-29,2019072901004000,BARUN,56,42,10,90.00,900.00
2019-07-29,2019072901004090,BOKL,16,48,468,266.00,"124,488.00"
2019-07-29,2019072901004049,BOKL,16,45,34,266.00,"9,044.00"
2019-07-29,2019072901004024,BOKL,16,58,108,266.00,"28,728.00"
2019-07-29,2019072901004023,BOKL,16,44,228,266.00,"60,648.00"
2019-07-29,2019072901003914,BOKL,11,45,34,265.00,"9,010.00"
2019-07-29,2019072901003841,BOKL,11,58,150,266.00,"39,900.00"
2019-07-29,2019072901003840,BOKL,11,50,50,266.00,"13,300.00"
2019-07-29,2019072901003755,BOKL,11,5,23,265.00,"6,095.00"
2019-07-29,2019072901004103,BPCL,17,57,300,402.00,"120,600.00"
2019-07-29,2019072901004102,BPCL,38,57,100,402.00,"40,200.00"
2019-07-29,2019072901004101,BPCL,16,57,"1,000",402.00,"402,000.00"
2019-07-29,2019072901004100,BPCL,37,57,80,402.00,"32,160.00"
2019-07-29,2019072901004099,BPCL,3,57,20,402.00,"8,040.00"
2019-07-29,2019072901004080,BPCL,6,57,"1,000",403.00,"403,000.00"
2019-07-29,2019072901003846,BPCL,6,48,33,404.00,"13,332.00"
2019-07-29,2019072901003818,BPCL,6,26,22,404.00,"8,888.00"
2019-07-29,2019072901003803,BPCL,21,52,19,404.00,"7,676.00"
2019-07-29,2019072901003866,BPCL,48,7,11,405.00,"4,455.00"
2019-07-29,2019072901004079,BPCL,14,57,50,403.00,"20,150.00"
2019-07-29,2019072901004078,BPCL,22,57,98,403.00,"39,494.00"
2019-07-29,2019072901004077,BPCL,34,57,160,403.00,"64,480.00"
2019-07-29,2019072901004076,BPCL,52,57,176,404.00,"71,104.00"
2019-07-29,2019072901004075,BPCL,6,57,945,404.00,"381,780.00"
2019-07-29,2019072901003867,BPCL,48,45,22,405.00,"8,910.00"
2019-07-29,2019072901004044,CBL,52,48,984,154.00,"151,536.00"
2019-07-29,2019072901003977,CBL,45,7,"1,000",154.00,"154,000.00"
2019-07-29,2019072901003976,CBL,45,4,880,154.00,"135,520.00"
2019-07-29,2019072901003975,CBL,45,45,130,154.00,"20,020.00"
2019-07-29,2019072901003974,CBL,45,49,700,154.00,"107,800.00"
2019-07-29,2019072901003952,CBL,38,49,700,154.00,"107,800.00"
2019-07-29,2019072901003745,CBL,45,49,490,153.00,"74,970.00"
2019-07-29,2019072901003744,CBL,49,49,788,153.00,"120,564.00"
2019-07-29,2019072901003739,CBL,49,49,212,153.00,"32,436.00"
2019-07-29,2019072901003738,CBL,8,49,295,153.00,"45,135.00"
2019-07-29,2019072901004149,CCBL,35,59,200,171.00,"34,200.00"
2019-07-29,2019072901004117,CCBL,29,5,22,170.00,"3,740.00"
2019-07-29,2019072901004116,CCBL,51,5,50,170.00,"8,500.00"
2019-07-29,2019072901004115,CCBL,29,5,47,170.00,"7,990.00"
2019-07-29,2019072901004052,CCBL,29,48,280,170.00,"47,600.00"
2019-07-29,2019072901003870,CCBL,45,59,200,171.00,"34,200.00"
2019-07-29,2019072901003827,CCBL,29,26,373,170.00,"63,410.00"
2019-07-29,2019072901003826,CCBL,34,26,189,170.00,"32,130.00"
2019-07-29,2019072901004097,CFCL,28,45,"1,829",118.00,"215,822.00"
2019-07-29,2019072901003988,CFCL,28,33,24,118.00,"2,832.00"
2019-07-29,2019072901003999,CHCL,57,34,99,510.00,"50,490.00"
2019-07-29,2019072901004055,CLBSL,58,42,40,510.00,"20,400.00"
2019-07-29,2019072901004054,CLBSL,58,29,15,510.00,"7,650.00"
2019-07-29,2019072901004053,CLBSL,58,45,10,510.00,"5,100.00"
2019-07-29,2019072901004025,CLBSL,57,57,11,506.00,"5,566.00"
2019-07-29,2019072901004011,CORBL,35,33,30,122.00,"3,660.00"
2019-07-29,2019072901004010,CORBL,34,33,10,123.00,"1,230.00"
2019-07-29,2019072901004042,CZBIL,34,32,200,225.00,"45,000.00"
2019-07-29,2019072901004041,CZBIL,34,45,652,225.00,"146,700.00"
2019-07-29,2019072901004040,CZBIL,34,45,925,225.00,"208,125.00"
2019-07-29,2019072901003714,CZBIL,43,45,100,225.00,"22,500.00"
2019-07-29,2019072901004130,DBBL,51,29,"1,600",143.00,"228,800.00"
2019-07-29,2019072901004121,DBBL,49,8,"1,835",144.00,"264,240.00"
2019-07-29,2019072901003913,DBBL,58,8,10,144.00,"1,440.00"
2019-07-29,2019072901003877,DBBL,39,38,50,142.00,"7,100.00"
2019-07-29,2019072901003876,DBBL,39,38,50,143.00,"7,150.00"
2019-07-29,2019072901004120,EBL,25,47,80,660.00,"52,800.00"
2019-07-29,2019072901004045,EBL,56,6,178,661.00,"117,658.00"
2019-07-29,2019072901004124,EIC,11,17,101,357.00,"36,057.00"
2019-07-29,2019072901004093,EIC,11,34,99,356.00,"35,244.00"
2019-07-29,2019072901003915,FMDBL,58,34,100,387.00,"38,700.00"
2019-07-29,2019072901003869,FMDBL,36,38,200,386.00,"77,200.00"
2019-07-29,2019072901003868,FMDBL,36,34,90,386.00,"34,740.00"
2019-07-29,2019072901003849,FMDBL,38,34,10,386.00,"3,860.00"
2019-07-29,2019072901003801,FMDBL,38,49,500,385.00,"192,500.00"
2019-07-29,2019072901003800,FMDBL,38,49,500,385.00,"192,500.00"
2019-07-29,2019072901003784,FMDBL,38,49,"1,000",385.00,"385,000.00"
2019-07-29,2019072901003711,FOWAD,32,8,50,"1,386.00","69,300.00"
2019-07-29,2019072901003716,GBBL,39,38,20,223.00,"4,460.00"
2019-07-29,2019072901003940,GBLBS,48,48,10,348.00,"3,480.00"
2019-07-29,2019072901003733,GBLBS,32,57,300,352.00,"105,600.00"
2019-07-29,2019072901003732,GBLBS,32,38,100,351.00,"35,100.00"
2019-07-29,2019072901003731,GBLBS,32,51,100,350.00,"35,000.00"
2019-07-29,2019072901003730,GBLBS,32,48,100,349.00,"34,900.00"
2019-07-29,2019072901003719,GDBL,16,38,20,212.00,"4,240.00"
2019-07-29,2019072901004031,GDBL,26,32,300,213.00,"63,900.00"
2019-07-29,2019072901003889,GDBL,26,38,50,213.00,"10,650.00"
2019-07-29,2019072901003865,GDBL,26,41,23,213.00,"4,899.00"
2019-07-29,2019072901003864,GDBL,26,32,200,212.00,"42,400.00"
2019-07-29,2019072901003954,GILB,57,44,10,708.00,"7,080.00"
