Date,Transact. No.,Symbol,Buyer,Seller,Quantity,Rate,Amount
2019-04-08,2019040801011218,ADBL,4,33,551,316.00,"174,116.00"
2019-04-08,2019040801011127,ADBL,26,7,60,315.00,"18,900.00"
2019-04-08,2019040801011126,ADBL,26,40,90,315.00,"28,350.00"
2019-04-08,2019040801010947,ADBL,48,14,19,314.00,"5,966.00"
2019-04-08,2019040801010993,AKPL,21,40,787,169.00,"133,003.00"
2019-04-08,2019040801011313,ALBSL,32,39,10,482.00,"4,820.00"
2019-04-08,2019040801011261,ALBSL,32,34,10,482.00,"4,820.00"
2019-04-08,2019040801011209,ALBSL,38,55,10,481.00,"4,810.00"
2019-04-08,2019040801011179,ALBSL,38,29,10,481.00,"4,810.00"
2019-04-08,2019040801011163,ALBSL,38,55,10,481.00,"4,810.00"
2019-04-08,2019040801011123,ALBSL,38,11,10,481.00,"4,810.00"
2019-04-08,2019040801011094,ALBSL,38,29,10,481.00,"4,810.00"
2019-04-08,2019040801011063,ALBSL,38,29,10,481.00,"4,810.00"
2019-04-08,2019040801010933,ALBSL,38,46,10,481.00,"4,810.00"
2019-04-08,2019040801011197,ALICL,41,46,96,412.00,"39,552.00"
2019-04-08,2019040801010870,ALICL,41,25,500,412.00,"206,000.00"
2019-04-08,2019040801011201,AMFI,48,19,10,633.00,"6,330.00"
2019-04-08,2019040801011102,BHBL,42,59,67,173.00,"11,591.00"
2019-04-08,2019040801011101,BHBL,42,58,"1,500",172.00,"258,000.00"
2019-04-08,2019040801011100,BHBL,42,28,133,171.00,"22,743.00"
2019-04-08,2019040801011324,BOKL,42,51,21,261.00,"5,481.00"
2019-04-08,2019040801011323,BOKL,42,51,100,261.00,"26,100.00"
2019-04-08,2019040801011322,BOKL,57,51,129,261.00,"33,669.00"
2019-04-08,2019040801011266,BOKL,57,33,200,261.00,"52,200.00"
2019-04-08,2019040801011162,BOKL,57,36,100,261.00,"26,100.00"
2019-04-08,2019040801011002,BOKL,57,19,71,261.00,"18,531.00"
2019-04-08,2019040801011026,BPCL,52,25,20,360.00,"7,200.00"
2019-04-08,2019040801011347,CBBL,6,5,500,913.00,"456,500.00"
2019-04-08,2019040801011223,CBL,26,6,150,161.00,"24,150.00"
2019-04-08,2019040801011222,CBL,1,6,190,161.00,"30,590.00"
2019-04-08,2019040801011095,CBL,11,25,988,161.00,"159,068.00"
2019-04-08,2019040801011092,CBL,11,7,10,161.00,"1,610.00"
2019-04-08,2019040801011091,CBL,42,7,"1,990",161.00,"320,390.00"
2019-04-08,2019040801011084,CBL,42,20,10,161.00,"1,610.00"
2019-04-08,2019040801010929,CCBL,38,35,150,171.00,"25,650.00"
2019-04-08,2019040801010928,CCBL,59,35,350,171.00,"59,850.00"
2019-04-08,2019040801010959,CFCL,44,34,50,108.00,"5,400.00"
2019-04-08,2019040801010916,CHCL,8,19,169,505.00,"85,345.00"
2019-04-08,2019040801010874,CHCL,8,7,160,505.00,"80,800.00"
2019-04-08,2019040801010873,CHCL,20,7,40,506.00,"20,240.00"
2019-04-08,2019040801011206,CHLBS,56,56,10,511.00,"5,110.00"
2019-04-08,2019040801011151,CHLBS,17,19,10,510.00,"5,100.00"
2019-04-08,2019040801011041,CHLBS,56,55,10,519.00,"5,190.00"
2019-04-08,2019040801010957,CHLBS,56,46,10,515.00,"5,150.00"
2019-04-08,2019040801010946,CHLBS,58,17,10,519.00,"5,190.00"
2019-04-08,2019040801010940,CHLBS,58,50,10,518.00,"5,180.00"
2019-04-08,2019040801010911,CHLBS,56,47,40,515.00,"20,600.00"
2019-04-08,2019040801010877,CHLBS,56,47,10,515.00,"5,150.00"
2019-04-08,2019040801010948,CMF1,21,6,300,9.05,"2,715.00"
2019-04-08,2019040801011150,CORBL,39,46,60,98.00,"5,880.00"
2019-04-08,2019040801011310,CZBIL,32,48,100,224.00,"22,400.00"
2019-04-08,2019040801011194,CZBIL,14,6,23,223.00,"5,129.00"
2019-04-08,2019040801011193,CZBIL,14,4,132,222.00,"29,304.00"
2019-04-08,2019040801011048,CZBIL,57,19,18,221.00,"3,978.00"
2019-04-08,2019040801011001,CZBIL,35,4,300,222.00,"66,600.00"
2019-04-08,2019040801011000,CZBIL,28,4,234,222.00,"51,948.00"
2019-04-08,2019040801010999,CZBIL,28,53,66,222.00,"14,652.00"
2019-04-08,2019040801010998,CZBIL,38,53,66,222.00,"14,652.00"
2019-04-08,2019040801010955,CZBIL,38,25,10,222.00,"2,220.00"
2019-04-08,2019040801010983,DBBL,48,34,14,127.00,"1,778.00"
2019-04-08,2019040801011296,DDBL,28,19,100,613.00,"61,300.00"
2019-04-08,2019040801011249,DDBL,25,7,100,612.00,"61,200.00"
2019-04-08,2019040801011248,DDBL,25,22,80,612.00,"48,960.00"
2019-04-08,2019040801011247,DDBL,25,39,15,612.00,"9,180.00"
2019-04-08,2019040801011268,EBL,14,52,160,608.00,"97,280.00"
2019-04-08,2019040801011128,EBL,22,41,150,609.00,"91,350.00"
2019-04-08,2019040801011121,EDBL,25,19,250,284.00,"71,000.00"
2019-04-08,2019040801011120,EDBL,25,19,"1,000",284.00,"284,000.00"
2019-04-08,2019040801011119,EDBL,17,19,200,284.00,"56,800.00"
2019-04-08,2019040801011118,EDBL,36,19,300,284.00,"85,200.00"
2019-04-08,2019040801011117,EDBL,56,19,450,284.00,"127,800.00"
2019-04-08,2019040801011103,EDBL,26,19,"1,000",285.00,"285,000.00"
2019-04-08,2019040801010935,EIC,10,55,45,861.00,"38,745.00"
2019-04-08,2019040801011043,FMDBL,19,51,40,378.00,"15,120.00"
2019-04-08,2019040801011042,FMDBL,35,51,160,379.00,"60,640.00"
2019-04-08,2019040801010950,FMDBL,42,22,200,380.00,"76,000.00"
2019-04-08,2019040801010996,FOWAD,21,34,15,"1,506.00","22,590.00"
2019-04-08,2019040801011345,GBIME,52,4,180,276.00,"49,680.00"
2019-04-08,2019040801011281,GBIME,52,4,468,276.00,"129,168.00"
2019-04-08,2019040801011237,GBIME,52,19,32,276.00,"8,832.00"
2019-04-08,2019040801011236,GBIME,34,19,300,276.00,"82,800.00"
2019-04-08,2019040801011235,GBIME,52,19,500,276.00,"138,000.00"
2019-04-08,2019040801011234,GBIME,48,19,250,276.00,"69,000.00"
2019-04-08,2019040801011233,GBIME,51,19,100,276.00,"27,600.00"
2019-04-08,2019040801011232,GBIME,42,19,83,276.00,"22,908.00"
2019-04-08,2019040801011142,GBIME,42,38,100,276.00,"27,600.00"
2019-04-08,2019040801010979,GBIME,42,53,317,276.00,"87,492.00"
2019-04-08,2019040801010978,GBIME,34,53,500,276.00,"138,000.00"
2019-04-08,2019040801010977,GBIME,58,53,183,276.00,"50,508.00"
2019-04-08,2019040801011181,GBLBS,39,20,60,442.00,"26,520.00"
2019-04-08,2019040801011180,GBLBS,41,20,250,443.00,"110,750.00"
2019-04-08,2019040801011110,GBLBS,41,58,120,443.00,"53,160.00"
2019-04-08,2019040801011109,GBLBS,46,58,30,443.00,"13,290.00"
2019-04-08,2019040801011108,GBLBS,1,58,100,444.00,"44,400.00"
2019-04-08,2019040801011107,GBLBS,42,58,90,444.00,"39,960.00"
2019-04-08,2019040801010949,GBLBS,56,45,10,445.00,"4,450.00"
2019-04-08,2019040801010945,GBLBS,56,20,10,445.00,"4,450.00"
2019-04-08,2019040801010927,GBLBS,49,20,10,446.00,"4,460.00"
2019-04-08,2019040801010905,GBLBS,49,20,30,446.00,"13,380.00"
2019-04-08,2019040801010872,GBLBS,32,20,30,447.00,"13,410.00"
2019-04-08,2019040801011106,GBLBS,43,58,30,445.00,"13,350.00"
2019-04-08,2019040801011071,GBLBS,34,58,10,450.00,"4,500.00"
2019-04-08,2019040801011070,GBLBS,34,39,20,449.00,"8,980.00"
2019-04-08,2019040801011022,GBLBS,43,34,10,445.00,"4,450.00"
2019-04-08,2019040801010994,GBLBS,43,20,10,445.00,"4,450.00"
2019-04-08,2019040801010980,GBLBS,42,45,10,444.00,"4,440.00"
2019-04-08,2019040801011116,GILB,48,47,19,"1,012.00","19,228.00"
2019-04-08,2019040801011231,GIMES1,13,58,100,8.40,840.00
2019-04-08,2019040801010988,GLICL,52,52,5,532.00,"2,660.00"
2019-04-08,2019040801010908,GLICL,51,34,100,531.00,"53,100.00"
2019-04-08,2019040801011104,HBL,11,17,100,490.00,"49,000.00"
2019-04-08,2019040801011273,HGI,58,13,10,399.00,"3,990.00"
2019-04-08,2019040801010992,HGI,56,7,300,392.00,"117,600.00"
2019-04-08,2019040801010991,HGI,17,7,100,392.00,"39,200.00"
2019-04-08,2019040801010880,HGI,45,7,100,395.00,"39,500.00"
2019-04-08,2019040801011039,HIDCL,25,34,27,138.00,"3,726.00"
2019-04-08,2019040801011038,HIDCL,5,34,23,138.00,"3,174.00"
2019-04-08,2019040801010960,IGI,13,55,100,402.00,"40,200.00"
2019-04-08,2019040801011320,JBBL,56,34,250,141.00,"35,250.00"
2019-04-08,2019040801011319,JBBL,56,34,200,141.00,"28,200.00"
2019-04-08,2019040801011318,JBBL,49,34,458,141.00,"64,578.00"
2019-04-08,2019040801011314,JBNL,49,17,10,183.00,"1,830.00"
2019-04-08,2019040801011287,JBNL,38,16,296,182.00,"53,872.00"
2019-04-08,2019040801011205,JBNL,38,41,200,182.00,"36,400.00"
2019-04-08,2019040801010939,JBNL,38,25,26,182.00,"4,732.00"
2019-04-08,2019040801011286,KBL,49,38,"1,000",250.00,"250,000.00"
2019-04-08,2019040801011258,KBL,57,38,"1,000",249.00,"249,000.00"
2019-04-08,2019040801011257,KBL,29,38,200,249.00,"49,800.00"
2019-04-08,2019040801011256,KBL,50,38,722,249.00,"179,778.00"
2019-04-08,2019040801011250,KNBL,34,36,200,125.00,"25,000.00"
2019-04-08,2019040801011309,KSBBL,21,16,57,143.00,"8,151.00"
2019-04-08,2019040801010989,KSBBL,1,59,30,144.00,"4,320.00"
2019-04-08,2019040801011278,LBBL,16,26,393,171.00,"67,203.00"
2019-04-08,2019040801011277,LBBL,1,26,500,171.00,"85,500.00"
2019-04-08,2019040801011276,LBBL,57,26,371,171.00,"63,441.00"
2019-04-08,2019040801010866,LBL,7,19,405,208.00,"84,240.00"
2019-04-08,2019040801010865,LBL,19,19,250,208.00,"52,000.00"
2019-04-08,2019040801011358,LGIL,34,44,30,520.00,"15,600.00"
2019-04-08,2019040801011357,LGIL,51,44,119,520.00,"61,880.00"
2019-04-08,2019040801011356,LGIL,34,44,30,521.00,"15,630.00"
2019-04-08,2019040801011170,LGIL,16,35,10,530.00,"5,300.00"
2019-04-08,2019040801011169,LGIL,16,41,30,529.00,"15,870.00"
2019-04-08,2019040801010953,LGIL,51,53,381,520.00,"198,120.00"
2019-04-08,2019040801010952,LGIL,34,53,119,521.00,"61,999.00"
2019-04-08,2019040801010895,LGIL,34,48,81,521.00,"42,201.00"
2019-04-08,2019040801010894,LGIL,51,48,419,522.00,"218,718.00"
2019-04-08,2019040801011315,LLBS,49,37,10,785.00,"7,850.00"
2019-04-08,2019040801011317,MBL,58,51,10,242.00,"2,420.00"
2019-04-08,2019040801011297,MBL,25,1,200,241.00,"48,200.00"
2019-04-08,2019040801011217,MBL,25,43,930,238.00,"221,340.00"
2019-04-08,2019040801011216,MBL,26,43,401,239.00,"95,839.00"
2019-04-08,2019040801011215,MBL,44,43,100,239.00,"23,900.00"
2019-04-08,2019040801011192,MBL,51,40,"1,000",240.00,"240,000.00"
2019-04-08,2019040801011285,MEGA,49,40,300,170.00,"51,000.00"
2019-04-08,2019040801011284,MEGA,42,40,500,170.00,"85,000.00"
2019-04-08,2019040801011283,MEGA,52,40,100,170.00,"17,000.00"
2019-04-08,2019040801011282,MEGA,48,40,276,170.00,"46,920.00"
2019-04-08,2019040801011267,MEGA,32,53,601,171.00,"102,771.00"
2019-04-08,2019040801011171,MEGA,42,53,500,171.00,"85,500.00"
2019-04-08,2019040801010934,MEGA,32,28,200,170.00,"34,000.00"
2019-04-08,2019040801010864,MEGA,32,1,208,170.00,"35,360.00"
2019-04-08,2019040801011131,MEGA,48,13,606,170.00,"103,020.00"
2019-04-08,2019040801011046,MEGA,48,29,118,170.00,"20,060.00"
2019-04-08,2019040801011045,MEGA,22,29,300,170.00,"51,000.00"
2019-04-08,2019040801011044,MEGA,32,29,592,170.00,"100,640.00"
2019-04-08,2019040801010985,MEGA,32,6,45,171.00,"7,695.00"
2019-04-08,2019040801010956,MEGA,57,28,500,171.00,"85,500.00"
2019-04-08,2019040801011033,MFIL,21,17,20,112.00,"2,240.00"
2019-04-08,2019040801010971,MFIL,57,6,500,111.00,"55,500.00"
2019-04-08,2019040801010970,MFIL,1,6,"1,000",111.00,"111,000.00"
2019-04-08,2019040801010896,MLBL,59,20,32,173.00,"5,536.00"
2019-04-08,2019040801011122,MMFDB,49,32,10,936.00,"9,360.00"
2019-04-08,2019040801011093,MMFDB,49,41,17,918.00,"15,606.00"
2019-04-08,2019040801011088,MNBBL,43,50,100,358.00,"35,800.00"
2019-04-08,2019040801011069,MNBBL,51,34,19,356.00,"6,764.00"
2019-04-08,2019040801011066,MNBBL,51,55,27,356.00,"9,612.00"
2019-04-08,2019040801011034,MNBBL,51,14,367,356.00,"130,652.00"
2019-04-08,2019040801010944,MNBBL,32,34,"1,000",357.00,"357,000.00"
2019-04-08,2019040801010943,MNBBL,28,34,"1,188",357.00,"424,116.00"
2019-04-08,2019040801010902,MNBBL,28,19,110,357.00,"39,270.00"
2019-04-08,2019040801011239,NABIL,28,38,10,740.00,"7,400.00"
2019-04-08,2019040801011238,NABIL,58,38,50,740.00,"37,000.00"
2019-04-08,2019040801010969,NABILP,28,39,250,718.00,"179,500.00"
2019-04-08,2019040801010968,NABILP,14,39,100,718.00,"71,800.00"
2019-04-08,2019040801010967,NABILP,37,39,100,718.00,"71,800.00"
2019-04-08,2019040801010966,NABILP,59,39,50,719.00,"35,950.00"
2019-04-08,2019040801010921,NABILP,59,39,150,719.00,"107,850.00"
2019-04-08,2019040801010920,NABILP,4,39,20,720.00,"14,400.00"
2019-04-08,2019040801010898,NABILP,49,39,50,722.00,"36,100.00"
2019-04-08,2019040801011242,NADEP,39,10,10,675.00,"6,750.00"
2019-04-08,2019040801010904,NADEP,38,28,10,667.00,"6,670.00"
2019-04-08,2019040801011344,NBB,17,17,2,208.00,416.00
2019-04-08,2019040801011270,NBB,57,19,100,212.00,"21,200.00"
2019-04-08,2019040801011203,NBB,48,19,275,212.00,"58,300.00"
2019-04-08,2019040801011202,NBB,48,16,336,212.00,"71,232.00"
2019-04-08,2019040801010930,NBB,53,29,100,211.00,"21,100.00"
2019-04-08,2019040801011300,NBL,33,58,90,302.00,"27,180.00"
2019-04-08,2019040801011299,NBL,33,52,500,301.00,"150,500.00"
2019-04-08,2019040801011298,NBL,33,40,410,301.00,"123,410.00"
2019-04-08,2019040801011177,NBL,57,40,180,301.00,"54,180.00"
2019-04-08,2019040801011077,NBL,57,38,320,301.00,"96,320.00"
2019-04-08,2019040801011076,NBL,57,38,500,301.00,"150,500.00"
2019-04-08,2019040801011075,NBL,29,38,30,301.00,"9,030.00"
2019-04-08,2019040801010987,NBL,29,40,500,301.00,"150,500.00"
2019-04-08,2019040801010937,NBL,29,52,470,301.00,"141,470.00"
2019-04-08,2019040801010936,NBL,21,52,30,301.00,"9,030.00"
2019-04-08,2019040801011353,NCCB,33,50,100,227.00,"22,700.00"
2019-04-08,2019040801011351,NCCB,4,50,100,227.00,"22,700.00"
2019-04-08,2019040801011346,NCCB,49,50,10,227.00,"2,270.00"
2019-04-08,2019040801011208,NCCB,29,34,"1,000",226.00,"226,000.00"
2019-04-08,2019040801011196,NCCB,32,49,"1,280",225.00,"288,000.00"
2019-04-08,2019040801011195,NCCB,14,49,282,225.00,"63,450.00"
2019-04-08,2019040801010973,NCCB,29,48,"1,000",226.00,"226,000.00"
2019-04-08,2019040801010972,NCCB,16,48,100,226.00,"22,600.00"
2019-04-08,2019040801010961,NCCB,29,50,200,227.00,"45,400.00"
2019-04-08,2019040801011029,NCCB,58,49,438,226.00,"98,988.00"
2019-04-08,2019040801011028,NCCB,58,48,62,226.00,"14,012.00"
2019-04-08,2019040801011023,NCCB,14,6,100,225.00,"22,500.00"
2019-04-08,2019040801010976,NCCB,58,48,500,226.00,"113,000.00"
2019-04-08,2019040801010975,NCCB,32,48,"1,000",226.00,"226,000.00"
2019-04-08,2019040801010974,NCCB,41,48,500,226.00,"113,000.00"
2019-04-08,2019040801011047,NGPL,50,48,20,124.00,"2,480.00"
2019-04-08,2019040801011246,NHDL,13,48,10,126.00,"1,260.00"
2019-04-08,2019040801011259,NHPC,46,48,"1,000",71.00,"71,000.00"
2019-04-08,2019040801010938,NHPC,36,29,500,72.00,"36,000.00"
2019-04-08,2019040801010892,NHPC,58,29,300,72.00,"21,600.00"
2019-04-08,2019040801010868,NHPC,36,29,200,72.00,"14,400.00"
2019-04-08,2019040801010867,NHPC,36,51,300,72.00,"21,600.00"
2019-04-08,2019040801011343,NIB,44,28,200,559.00,"111,800.00"
2019-04-08,2019040801011342,NIB,44,25,"1,000",558.00,"558,000.00"
2019-04-08,2019040801011341,NIB,44,38,270,557.00,"150,390.00"
2019-04-08,2019040801011340,NIB,44,19,361,557.00,"201,077.00"
2019-04-08,2019040801011339,NIB,44,41,100,557.00,"55,700.00"
2019-04-08,2019040801011338,NIB,44,53,218,557.00,"121,426.00"
2019-04-08,2019040801011004,NIB,1,55,49,554.00,"27,146.00"
2019-04-08,2019040801010869,NIB,1,20,14,554.00,"7,756.00"
2019-04-08,2019040801011031,NIB,44,55,"1,851",553.00,"1,023,603.00"
2019-04-08,2019040801011021,NIB,45,55,500,553.00,"276,500.00"
2019-04-08,2019040801011008,NIB,39,55,"1,000",553.00,"553,000.00"
2019-04-08,2019040801011007,NIB,42,55,50,553.00,"27,650.00"
2019-04-08,2019040801011006,NIB,40,55,300,553.00,"165,900.00"
2019-04-08,2019040801011005,NIB,40,55,50,553.00,"27,650.00"
2019-04-08,2019040801011337,NIB,44,16,544,555.00,"301,920.00"
2019-04-08,2019040801011336,NIB,44,34,37,555.00,"20,535.00"
2019-04-08,2019040801011335,NIB,44,34,37,555.00,"20,535.00"
2019-04-08,2019040801011334,NIB,44,57,200,555.00,"111,000.00"
2019-04-08,2019040801011333,NIB,44,1,30,555.00,"16,650.00"
2019-04-08,2019040801011111,NIB,44,34,23,553.00,"12,719.00"
2019-04-08,2019040801011352,NICA,5,40,123,466.00,"57,318.00"
2019-04-08,2019040801011331,NICA,58,6,20,465.00,"9,300.00"
2019-04-08,2019040801011330,NICA,19,6,50,465.00,"23,250.00"
2019-04-08,2019040801011329,NICA,14,6,500,465.00,"232,500.00"
2019-04-08,2019040801011328,NICA,14,6,430,465.00,"199,950.00"
2019-04-08,2019040801011305,NICA,51,40,500,466.00,"233,000.00"
2019-04-08,2019040801010863,NICA,50,40,375,467.00,"175,125.00"
2019-04-08,2019040801010862,NICA,57,40,25,467.00,"11,675.00"
2019-04-08,2019040801010861,NICA,32,40,100,467.00,"46,700.00"
2019-04-08,2019040801010981,NICA,22,59,467,468.00,"218,556.00"
2019-04-08,2019040801010964,NICA,45,19,276,467.00,"128,892.00"
2019-04-08,2019040801010963,NICA,34,19,200,467.00,"93,400.00"
2019-04-08,2019040801010962,NICA,45,19,24,467.00,"11,208.00"
2019-04-08,2019040801010914,NICA,45,28,476,467.00,"222,292.00"
2019-04-08,2019040801010913,NICA,50,28,125,467.00,"58,375.00"
2019-04-08,2019040801011073,NICA,37,26,50,467.00,"23,350.00"
2019-04-08,2019040801011072,NICA,42,26,200,467.00,"93,400.00"
2019-04-08,2019040801011037,NICA,40,19,72,466.00,"33,552.00"
2019-04-08,2019040801011036,NICA,22,19,100,466.00,"46,600.00"
2019-04-08,2019040801011035,NICA,36,19,104,466.00,"48,464.00"
2019-04-08,2019040801010997,NICA,45,19,224,467.00,"104,608.00"
2019-04-08,2019040801011154,NICA,25,40,"1,000",466.00,"466,000.00"
2019-04-08,2019040801011153,NICA,26,40,10,466.00,"4,660.00"
2019-04-08,2019040801011152,NICA,28,40,97,466.00,"45,202.00"
2019-04-08,2019040801011139,NICA,28,38,903,466.00,"420,798.00"
2019-04-08,2019040801011138,NICA,40,38,28,466.00,"13,048.00"
2019-04-08,2019040801011074,NICA,5,26,300,467.00,"140,100.00"
2019-04-08,2019040801011295,NICA,11,26,150,467.00,"70,050.00"
2019-04-08,2019040801011186,NICA,14,58,100,465.00,"46,500.00"
2019-04-08,2019040801011158,NICA,19,40,100,466.00,"46,600.00"
2019-04-08,2019040801011157,NICA,5,40,50,466.00,"23,300.00"
2019-04-08,2019040801011156,NICA,26,40,20,466.00,"9,320.00"
2019-04-08,2019040801011155,NICA,49,40,100,466.00,"46,600.00"
2019-04-08,2019040801011165,NICGF,45,16,500,9.55,"4,775.00"
2019-04-08,2019040801011161,NICGF,45,19,"1,000",9.55,"9,550.00"
2019-04-08,2019040801010984,NICGF,45,6,150,9.55,"1,432.50"
2019-04-08,2019040801011188,NICL,6,17,10,390.00,"3,900.00"
2019-04-08,2019040801011187,NICL,6,52,80,390.00,"31,200.00"
2019-04-08,2019040801011083,NICL,16,52,20,390.00,"7,800.00"
2019-04-08,2019040801011082,NICL,17,39,50,384.00,"19,200.00"
2019-04-08,2019040801010884,NICL,4,42,"1,000",385.00,"385,000.00"
2019-04-08,2019040801010883,NICL,37,42,320,385.00,"123,200.00"
2019-04-08,2019040801011312,NIL,17,46,20,532.00,"10,640.00"
2019-04-08,2019040801011311,NIL,17,34,30,532.00,"15,960.00"
2019-04-08,2019040801011229,NIL,17,46,500,530.00,"265,000.00"
2019-04-08,2019040801011228,NIL,43,46,100,530.00,"53,000.00"
2019-04-08,2019040801011227,NIL,25,46,300,530.00,"159,000.00"
2019-04-08,2019040801010901,NIL,37,38,"1,200",530.00,"636,000.00"
2019-04-08,2019040801011332,NLG,6,48,15,833.00,"12,495.00"
2019-04-08,2019040801011308,NLG,6,41,50,818.00,"40,900.00"
2019-04-08,2019040801011307,NLG,6,40,100,818.00,"81,800.00"
2019-04-08,2019040801011306,NLG,6,52,42,817.00,"34,314.00"
2019-04-08,2019040801011191,NLIC,57,44,50,"1,109.00","55,450.00"
2019-04-08,2019040801010919,NLIC,40,42,30,"1,110.00","33,300.00"
2019-04-08,2019040801010900,NLIC,55,42,40,"1,111.00","44,440.00"
2019-04-08,2019040801010899,NLIC,8,42,17,"1,111.00","18,887.00"
2019-04-08,2019040801010897,NLIC,45,42,62,"1,115.00","69,130.00"
2019-04-08,2019040801011316,NLICL,35,22,10,594.00,"5,940.00"
2019-04-08,2019040801011289,NLICL,34,22,10,594.00,"5,940.00"
2019-04-08,2019040801011207,NLICL,16,53,160,587.00,"93,920.00"
2019-04-08,2019040801011204,NLICL,34,22,10,594.00,"5,940.00"
2019-04-08,2019040801011173,NLICL,16,49,118,587.00,"69,266.00"
2019-04-08,2019040801010915,NLICL,16,19,110,587.00,"64,570.00"
2019-04-08,2019040801011260,NMB,49,6,511,357.00,"182,427.00"
2019-04-08,2019040801011244,NMB,14,6,489,357.00,"174,573.00"
2019-04-08,2019040801011243,NMB,14,57,11,357.00,"3,927.00"
2019-04-08,2019040801011226,NMB,41,57,10,357.00,"3,570.00"
2019-04-08,2019040801011220,NMB,14,57,49,357.00,"17,493.00"
2019-04-08,2019040801011219,NMB,14,16,51,356.00,"18,156.00"
2019-04-08,2019040801010910,NMB,49,17,100,355.00,"35,500.00"
2019-04-08,2019040801010882,NMB,49,19,143,355.00,"50,765.00"
2019-04-08,2019040801010881,NMB,1,19,187,356.00,"66,572.00"
2019-04-08,2019040801010871,NMB,1,19,13,356.00,"4,628.00"
2019-04-08,2019040801011115,NMB,51,16,49,356.00,"17,444.00"
2019-04-08,2019040801011067,NMB,51,19,51,356.00,"18,156.00"
2019-04-08,2019040801011065,NMB,51,48,200,356.00,"71,200.00"
2019-04-08,2019040801011052,NMB,51,59,700,356.00,"249,200.00"
2019-04-08,2019040801011051,NMB,45,59,500,356.00,"178,000.00"
2019-04-08,2019040801010958,NMB,51,57,150,357.00,"53,550.00"
2019-04-08,2019040801011129,NNLB,22,28,50,441.00,"22,050.00"
2019-04-08,2019040801011090,NTC,39,26,70,680.00,"47,600.00"
2019-04-08,2019040801011089,NTC,39,6,30,680.00,"20,400.00"
2019-04-08,2019040801011009,NUBL,4,53,18,760.00,"13,680.00"
2019-04-08,2019040801010924,NUBL,4,19,70,760.00,"53,200.00"
2019-04-08,2019040801010923,NUBL,35,19,30,761.00,"22,830.00"
2019-04-08,2019040801010888,NUBL,11,43,90,766.00,"68,940.00"
2019-04-08,2019040801011168,PCBL,44,58,"4,836",332.00,"1,605,552.00"
2019-04-08,2019040801011167,PCBL,39,58,"1,000",333.00,"333,000.00"
2019-04-08,2019040801011166,PCBL,48,58,164,333.00,"54,612.00"
2019-04-08,2019040801011141,PCBL,48,6,86,333.00,"28,638.00"
2019-04-08,2019040801011140,PCBL,56,6,42,333.00,"13,986.00"
2019-04-08,2019040801010893,PCBL,58,4,46,335.00,"15,410.00"
2019-04-08,2019040801011327,PFL,32,22,300,136.00,"40,800.00"
2019-04-08,2019040801011326,PFL,32,4,70,135.00,"9,450.00"
2019-04-08,2019040801011214,PIC,49,56,10,"1,030.00","10,300.00"
2019-04-08,2019040801011099,PIC,38,7,147,"1,021.00","150,087.00"
2019-04-08,2019040801011098,PIC,48,7,28,"1,022.00","28,616.00"
2019-04-08,2019040801011097,PIC,16,7,100,"1,022.00","102,200.00"
2019-04-08,2019040801011096,PIC,34,7,42,"1,023.00","42,966.00"
2019-04-08,2019040801011087,PIC,34,1,36,"1,023.00","36,828.00"
2019-04-08,2019040801011059,PIC,34,25,11,"1,023.00","11,253.00"
2019-04-08,2019040801011348,PICL,48,10,10,725.00,"7,250.00"
2019-04-08,2019040801011280,PICL,56,10,10,725.00,"7,250.00"
2019-04-08,2019040801011019,PICL,48,22,200,715.00,"143,000.00"
2019-04-08,2019040801011018,PICL,48,45,25,715.00,"17,875.00"
2019-04-08,2019040801011017,PICL,48,40,150,714.00,"107,100.00"
2019-04-08,2019040801011210,PMHPL,11,49,20,116.00,"2,320.00"
2019-04-08,2019040801010986,PMHPL,38,38,10,115.00,"1,150.00"
2019-04-08,2019040801011354,PRIN,48,50,10,431.00,"4,310.00"
2019-04-08,2019040801011262,PRIN,56,32,100,429.00,"42,900.00"
2019-04-08,2019040801011213,PRIN,56,32,110,429.00,"47,190.00"
2019-04-08,2019040801011212,PRIN,56,17,300,427.00,"128,100.00"
2019-04-08,2019040801011211,PRIN,56,45,90,426.00,"38,340.00"
2019-04-08,2019040801011182,PRIN,28,6,50,423.00,"21,150.00"
2019-04-08,2019040801011172,PRIN,17,36,100,424.00,"42,400.00"
2019-04-08,2019040801011105,PRIN,41,59,500,425.00,"212,500.00"
2019-04-08,2019040801010925,PRIN,42,45,200,426.00,"85,200.00"
2019-04-08,2019040801011325,PRVU,36,35,100,251.00,"25,100.00"
2019-04-08,2019040801011290,PRVU,44,58,"1,000",248.00,"248,000.00"
2019-04-08,2019040801011272,PRVU,36,35,142,251.00,"35,642.00"
2019-04-08,2019040801011271,PRVU,36,34,858,250.00,"214,500.00"
2019-04-08,2019040801011263,PRVU,42,34,300,250.00,"75,000.00"
2019-04-08,2019040801011149,PRVU,37,58,100,249.00,"24,900.00"
2019-04-08,2019040801011011,PRVU,58,49,200,249.00,"49,800.00"
2019-04-08,2019040801011010,PRVU,17,49,29,249.00,"7,221.00"
2019-04-08,2019040801010995,PRVU,36,45,220,250.00,"55,000.00"
2019-04-08,2019040801010932,PRVU,36,19,280,250.00,"70,000.00"
2019-04-08,2019040801010918,PRVU,36,35,500,251.00,"125,500.00"
2019-04-08,2019040801010912,PRVU,17,38,150,249.00,"37,350.00"
2019-04-08,2019040801011130,PRVU,46,58,400,249.00,"99,600.00"
2019-04-08,2019040801011124,PRVU,49,34,220,250.00,"55,000.00"
2019-04-08,2019040801011049,PRVU,49,45,280,250.00,"70,000.00"
2019-04-08,2019040801011014,PRVU,44,49,71,248.00,"17,608.00"
2019-04-08,2019040801011013,PRVU,6,49,500,248.00,"124,000.00"
2019-04-08,2019040801011012,PRVU,38,49,200,249.00,"49,800.00"
2019-04-08,2019040801011040,RBCLPO,59,59,50,"8,400.00","420,000.00"
2019-04-08,2019040801011081,RHPC,6,34,57,95.00,"5,415.00"
2019-04-08,2019040801011200,SANIMA,56,58,200,319.00,"63,800.00"
2019-04-08,2019040801011199,SANIMA,56,58,500,319.00,"159,500.00"
2019-04-08,2019040801011198,SANIMA,43,58,300,319.00,"95,700.00"
2019-04-08,2019040801011176,SANIMA,51,58,100,320.00,"32,000.00"
2019-04-08,2019040801011175,SANIMA,5,58,400,320.00,"128,000.00"
2019-04-08,2019040801011174,SANIMA,19,58,247,320.00,"79,040.00"
2019-04-08,2019040801011061,SBI,36,3,13,421.00,"5,473.00"
2019-04-08,2019040801011321,SBL,33,22,63,312.00,"19,656.00"
2019-04-08,2019040801011264,SBL,52,22,35,314.00,"10,990.00"
2019-04-08,2019040801011245,SBL,57,22,100,314.00,"31,400.00"
2019-04-08,2019040801011148,SBL,49,33,70,315.00,"22,050.00"
2019-04-08,2019040801011025,SBL,33,19,24,312.00,"7,488.00"
2019-04-08,2019040801011064,SCB,33,34,20,592.00,"11,840.00"
2019-04-08,2019040801011015,SCB,11,45,20,595.00,"11,900.00"
2019-04-08,2019040801011137,SDESI,3,34,13,540.00,"7,020.00"
2019-04-08,2019040801011136,SDESI,26,34,10,547.00,"5,470.00"
2019-04-08,2019040801011294,SFFIL,59,52,116,207.00,"24,012.00"
2019-04-08,2019040801011275,SHINE,51,6,17,236.00,"4,012.00"
2019-04-08,2019040801011360,SHIVM,58,39,20,329.00,"6,580.00"
2019-04-08,2019040801011355,SHIVM,39,39,10,329.00,"3,290.00"
2019-04-08,2019040801011350,SHIVM,58,58,66,325.00,"21,450.00"
2019-04-08,2019040801011349,SHIVM,33,58,934,326.00,"304,484.00"
2019-04-08,2019040801011304,SHIVM,33,36,"1,066",326.00,"347,516.00"
2019-04-08,2019040801011303,SHIVM,57,36,284,326.00,"92,584.00"
2019-04-08,2019040801010885,SHIVM,14,45,"1,000",329.00,"329,000.00"
2019-04-08,2019040801010876,SHIVM,14,18,170,329.00,"55,930.00"
2019-04-08,2019040801011003,SHIVM,14,29,50,329.00,"16,450.00"
2019-04-08,2019040801010951,SHIVM,14,16,50,329.00,"16,450.00"
2019-04-08,2019040801010926,SHIVM,14,6,70,329.00,"23,030.00"
2019-04-08,2019040801010922,SHIVM,14,49,100,329.00,"32,900.00"
2019-04-08,2019040801010917,SHIVM,26,16,500,330.00,"165,000.00"
2019-04-08,2019040801010909,SHIVM,8,16,100,330.00,"33,000.00"
2019-04-08,2019040801011085,SHIVM,14,42,50,329.00,"16,450.00"
2019-04-08,2019040801011078,SHIVM,14,56,50,329.00,"16,450.00"
2019-04-08,2019040801011068,SHIVM,53,39,100,330.00,"33,000.00"
2019-04-08,2019040801011058,SHIVM,14,56,50,329.00,"16,450.00"
2019-04-08,2019040801011027,SHIVM,14,49,250,329.00,"82,250.00"
2019-04-08,2019040801011020,SHIVM,14,56,50,329.00,"16,450.00"
2019-04-08,2019040801011183,SHIVM,58,56,10,328.00,"3,280.00"
2019-04-08,2019040801011164,SHIVM,58,56,50,328.00,"16,400.00"
2019-04-08,2019040801011146,SHIVM,58,28,50,328.00,"16,400.00"
2019-04-08,2019040801011114,SHIVM,43,33,300,329.00,"98,700.00"
2019-04-08,2019040801011113,SHIVM,40,33,"1,000",329.00,"329,000.00"
2019-04-08,2019040801011112,SHIVM,14,33,"1,241",329.00,"408,289.00"
2019-04-08,2019040801011253,SHIVM,41,33,15,327.00,"4,905.00"
2019-04-08,2019040801011252,SHIVM,33,33,400,327.00,"130,800.00"
2019-04-08,2019040801011251,SHIVM,36,33,120,328.00,"39,360.00"
2019-04-08,2019040801011230,SHIVM,36,26,300,328.00,"98,400.00"
2019-04-08,2019040801011185,SHIVM,36,56,30,328.00,"9,840.00"
2019-04-08,2019040801011184,SHIVM,21,56,10,328.00,"3,280.00"
2019-04-08,2019040801011302,SHIVM,34,39,90,329.00,"29,610.00"
2019-04-08,2019040801011301,SHIVM,34,4,10,328.00,"3,280.00"
2019-04-08,2019040801011274,SHIVM,41,39,500,329.00,"164,500.00"
2019-04-08,2019040801011265,SHIVM,45,39,100,329.00,"32,900.00"
2019-04-08,2019040801011255,SHIVM,56,33,"1,284",327.00,"419,868.00"
2019-04-08,2019040801011254,SHIVM,16,33,100,327.00,"32,700.00"
2019-04-08,2019040801011279,SIC,21,7,93,"1,290.00","119,970.00"
2019-04-08,2019040801011269,SICL,6,53,11,890.00,"9,790.00"
2019-04-08,2019040801011225,SICL,6,58,89,890.00,"79,210.00"
2019-04-08,2019040801011224,SICL,45,58,58,891.00,"51,678.00"
2019-04-08,2019040801011160,SICL,45,45,52,891.00,"46,332.00"
2019-04-08,2019040801011159,SICL,40,45,50,891.00,"44,550.00"
2019-04-08,2019040801011024,SIFC,25,6,700,137.00,"95,900.00"
2019-04-08,2019040801011060,SLBSL,37,57,10,661.00,"6,610.00"
2019-04-08,2019040801011240,SLICL,17,32,100,543.00,"54,300.00"
2019-04-08,2019040801011032,SLICL,42,49,48,543.00,"26,064.00"
2019-04-08,2019040801010879,SLICL,42,29,451,543.00,"244,893.00"
2019-04-08,2019040801010875,SLICL,58,17,102,544.00,"55,488.00"
2019-04-08,2019040801011086,SMFDB,32,56,20,670.00,"13,400.00"
2019-04-08,2019040801011057,SMFDB,32,42,60,660.00,"39,600.00"
2019-04-08,2019040801011056,SMFDB,32,1,50,659.00,"32,950.00"
2019-04-08,2019040801011055,SMFDB,32,37,110,657.00,"72,270.00"
2019-04-08,2019040801011054,SMFDB,32,49,50,655.00,"32,750.00"
2019-04-08,2019040801010931,SMFDB,32,56,50,656.00,"32,800.00"
2019-04-08,2019040801011062,SPDL,38,38,15,101.00,"1,515.00"
2019-04-08,2019040801011144,SRBL,49,19,350,238.00,"83,300.00"
2019-04-08,2019040801011143,SRBL,49,6,50,238.00,"11,900.00"
2019-04-08,2019040801010990,SRBL,21,19,150,237.00,"35,550.00"
2019-04-08,2019040801010954,SRBL,35,50,994,237.00,"235,578.00"
2019-04-08,2019040801010903,SRBL,49,6,450,238.00,"107,100.00"
2019-04-08,2019040801010878,SRBL,49,39,550,238.00,"130,900.00"
2019-04-08,2019040801011079,SWBBL,54,11,200,830.00,"166,000.00"
2019-04-08,2019040801011030,UIC,16,40,10,795.00,"7,950.00"
2019-04-08,2019040801011293,UPCL,18,13,270,94.00,"25,380.00"
2019-04-08,2019040801011292,UPCL,29,13,10,94.00,940.00
2019-04-08,2019040801011291,UPCL,47,13,220,94.00,"20,680.00"
2019-04-08,2019040801011288,UPCL,18,28,130,95.00,"12,350.00"
2019-04-08,2019040801011241,UPCL,18,28,70,95.00,"6,650.00"
2019-04-08,2019040801011221,UPCL,18,28,40,95.00,"3,800.00"
2019-04-08,2019040801011132,UPCL,18,59,50,96.00,"4,800.00"
2019-04-08,2019040801011125,UPCL,57,28,130,95.00,"12,350.00"
2019-04-08,2019040801011080,UPCL,57,28,50,95.00,"4,750.00"
2019-04-08,2019040801011190,UPCL,18,13,460,95.00,"43,700.00"
2019-04-08,2019040801011189,UPCL,57,13,40,95.00,"3,800.00"
2019-04-08,2019040801011178,UPCL,57,28,130,95.00,"12,350.00"
2019-04-08,2019040801011135,UPCL,57,28,50,95.00,"4,750.00"
2019-04-08,2019040801011134,UPCL,18,35,340,96.00,"32,640.00"
2019-04-08,2019040801011133,UPCL,18,59,50,96.00,"4,800.00"
2019-04-08,2019040801011359,UPPER,44,14,220,235.00,"51,700.00"
2019-04-08,2019040801011147,UPPER,38,14,50,236.00,"11,800.00"
2019-04-08,2019040801011145,UPPER,17,14,530,236.00,"125,080.00"
2019-04-08,2019040801011053,UPPER,17,25,50,236.00,"11,800.00"
2019-04-08,2019040801011050,UPPER,17,34,50,236.00,"11,800.00"
2019-04-08,2019040801011016,UPPER,17,33,300,236.00,"70,800.00"
2019-04-08,2019040801010890,UPPER,33,52,97,236.00,"22,892.00"
2019-04-08,2019040801010889,UPPER,33,14,"2,040",236.00,"481,440.00"
2019-04-08,2019040801010887,UPPER,38,14,40,236.00,"9,440.00"
2019-04-08,2019040801010886,UPPER,44,38,40,235.00,"9,400.00"
2019-04-08,2019040801010982,UPPER,17,20,10,236.00,"2,360.00"
2019-04-08,2019040801010965,UPPER,17,45,50,236.00,"11,800.00"
2019-04-08,2019040801010942,UPPER,17,45,10,236.00,"2,360.00"
2019-04-08,2019040801010941,UPPER,33,45,40,236.00,"9,440.00"
2019-04-08,2019040801010891,UPPER,33,42,40,236.00,"9,440.00"
2019-04-08,2019040801010765,ADBL,4,14,450,313.00,"140,850.00"
2019-04-08,2019040801010715,ADBL,5,14,531,314.00,"166,734.00"
2019-04-08,2019040801010708,ADBL,5,1,19,314.00,"5,966.00"
2019-04-08,2019040801010512,ADBL,4,42,20,313.00,"6,260.00"
2019-04-08,2019040801010509,ADBL,45,40,25,315.00,"7,875.00"
2019-04-08,2019040801010466,ADBL,5,17,200,314.00,"62,800.00"
2019-04-08,2019040801010465,ADBL,5,39,250,314.00,"78,500.00"
2019-04-08,2019040801010768,ALBSL,38,14,10,481.00,"4,810.00"
2019-04-08,2019040801010731,ALBSL,38,34,10,482.00,"4,820.00"
2019-04-08,2019040801010727,ALBSL,41,55,10,480.00,"4,800.00"
2019-04-08,2019040801010692,ALBSL,41,55,10,480.00,"4,800.00"
2019-04-08,2019040801010678,ALBSL,41,55,10,480.00,"4,800.00"
2019-04-08,2019040801010630,ALBSL,41,22,10,480.00,"4,800.00"
2019-04-08,2019040801010388,ALBSL,17,39,10,477.00,"4,770.00"
2019-04-08,2019040801010606,ALBSL,41,36,10,480.00,"4,800.00"
2019-04-08,2019040801010489,ALBSL,25,26,10,480.00,"4,800.00"
2019-04-08,2019040801010488,ALBSL,25,29,10,480.00,"4,800.00"
2019-04-08,2019040801010487,ALBSL,25,49,10,480.00,"4,800.00"
2019-04-08,2019040801010486,ALBSL,25,49,10,480.00,"4,800.00"
2019-04-08,2019040801010485,ALBSL,25,49,10,480.00,"4,800.00"
2019-04-08,2019040801010493,ALICL,58,56,305,414.00,"126,270.00"
2019-04-08,2019040801010739,BHBL,33,28,10,171.00,"1,710.00"
2019-04-08,2019040801010699,BHBL,33,33,10,170.00,"1,700.00"
2019-04-08,2019040801010785,BOKL,51,19,470,261.00,"122,670.00"
2019-04-08,2019040801010641,BOKL,51,55,526,261.00,"137,286.00"
2019-04-08,2019040801010640,BOKL,1,55,474,261.00,"123,714.00"
2019-04-08,2019040801010625,BOKL,38,57,200,262.00,"52,400.00"
2019-04-08,2019040801010612,BOKL,32,57,60,262.00,"15,720.00"
2019-04-08,2019040801010611,BOKL,34,57,100,262.00,"26,200.00"
2019-04-08,2019040801010610,BOKL,38,57,100,262.00,"26,200.00"
2019-04-08,2019040801010572,BOKL,14,58,330,263.00,"86,790.00"
2019-04-08,2019040801010527,BOKL,14,42,28,263.00,"7,364.00"
2019-04-08,2019040801010473,BOKL,14,55,300,263.00,"78,900.00"
2019-04-08,2019040801010424,BOKL,14,19,149,263.00,"39,187.00"
2019-04-08,2019040801010376,BOKL,5,34,150,264.00,"39,600.00"
2019-04-08,2019040801010621,BPCL,11,45,100,361.00,"36,100.00"
2019-04-08,2019040801010444,CBBL,6,19,92,910.00,"83,720.00"
2019-04-08,2019040801010438,CBBL,6,21,250,910.00,"227,500.00"
2019-04-08,2019040801010437,CBBL,40,21,50,911.00,"45,550.00"
2019-04-08,2019040801010413,CBBL,6,39,115,910.00,"104,650.00"
2019-04-08,2019040801010412,CBBL,42,39,100,910.00,"91,000.00"
2019-04-08,2019040801010411,CBBL,53,39,63,910.00,"57,330.00"
2019-04-08,2019040801010393,CBBL,47,56,100,911.00,"91,100.00"
2019-04-08,2019040801010474,CCBL,26,38,357,172.00,"61,404.00"
2019-04-08,2019040801010787,CHCL,20,25,50,506.00,"25,300.00"
2019-04-08,2019040801010786,CHCL,46,25,50,506.00,"25,300.00"
2019-04-08,2019040801010693,CHCL,34,32,105,508.00,"53,340.00"
2019-04-08,2019040801010384,CHCL,40,19,50,507.00,"25,350.00"
2019-04-08,2019040801010375,CHL,45,41,10,104.00,"1,040.00"
2019-04-08,2019040801010695,CHLBS,38,38,10,514.00,"5,140.00"
2019-04-08,2019040801010666,CHLBS,5,55,20,510.00,"10,200.00"
2019-04-08,2019040801010455,CHLBS,1,39,10,505.00,"5,050.00"
2019-04-08,2019040801010816,CORBL,39,48,40,98.00,"3,920.00"
2019-04-08,2019040801010848,CZBIL,38,46,124,222.00,"27,528.00"
2019-04-08,2019040801010847,CZBIL,52,46,100,222.00,"22,200.00"
2019-04-08,2019040801010846,CZBIL,59,46,276,222.00,"61,272.00"
2019-04-08,2019040801010763,CZBIL,59,16,50,222.00,"11,100.00"
2019-04-08,2019040801010687,CZBIL,59,28,490,222.00,"108,780.00"
2019-04-08,2019040801010534,CZBIL,59,25,800,223.00,"178,400.00"
2019-04-08,2019040801010521,CZBIL,59,1,200,223.00,"44,600.00"
2019-04-08,2019040801010769,DBBL,48,56,89,127.00,"11,303.00"
2019-04-08,2019040801010462,DBBL,19,51,100,128.00,"12,800.00"
2019-04-08,2019040801010670,DDBL,14,38,100,604.00,"60,400.00"
2019-04-08,2019040801010373,DDBL,13,36,127,603.00,"76,581.00"
2019-04-08,2019040801010797,EBL,14,19,119,608.00,"72,352.00"
2019-04-08,2019040801010793,EBL,14,16,15,608.00,"9,120.00"
2019-04-08,2019040801010686,EBL,14,26,200,608.00,"121,600.00"
2019-04-08,2019040801010639,EBL,33,53,50,610.00,"30,500.00"
2019-04-08,2019040801010400,EIC,10,11,30,875.00,"26,250.00"
2019-04-08,2019040801010399,EIC,10,33,50,874.00,"43,700.00"
2019-04-08,2019040801010805,FMDBL,35,19,10,379.00,"3,790.00"
2019-04-08,2019040801010804,FMDBL,17,19,100,380.00,"38,000.00"
2019-04-08,2019040801010675,FOWAD,21,47,15,"1,506.00","22,590.00"
2019-04-08,2019040801010665,FOWAD,21,47,30,"1,506.00","45,180.00"
2019-04-08,2019040801010433,FOWAD,17,41,10,"1,510.00","15,100.00"
2019-04-08,2019040801010432,FOWAD,22,41,40,"1,511.00","60,440.00"
2019-04-08,2019040801010592,GBBL,28,57,80,197.00,"15,760.00"
2019-04-08,2019040801010591,GBBL,28,32,"1,000",197.00,"197,000.00"
2019-04-08,2019040801010590,GBBL,28,7,244,197.00,"48,068.00"
2019-04-08,2019040801010561,GBBL,32,18,225,196.00,"44,100.00"
2019-04-08,2019040801010528,GBBL,32,14,11,196.00,"2,156.00"
2019-04-08,2019040801010819,GBIME,58,19,117,276.00,"32,292.00"
2019-04-08,2019040801010818,GBIME,53,19,50,277.00,"13,850.00"
2019-04-08,2019040801010817,GBIME,6,19,83,277.00,"22,991.00"
2019-04-08,2019040801010419,GBIME,6,17,17,277.00,"4,709.00"
2019-04-08,2019040801010418,GBIME,48,17,283,277.00,"78,391.00"
2019-04-08,2019040801010854,GBLBS,32,42,10,447.00,"4,470.00"
2019-04-08,2019040801010838,GBLBS,32,20,30,447.00,"13,410.00"
2019-04-08,2019040801010827,GBLBS,32,42,100,447.00,"44,700.00"
2019-04-08,2019040801010811,GBLBS,32,20,30,447.00,"13,410.00"
2019-04-08,2019040801010627,GBLBS,22,58,100,450.00,"45,000.00"
2019-04-08,2019040801010575,GBLBS,32,57,10,447.00,"4,470.00"
2019-04-08,2019040801010502,GBLBS,32,36,81,447.00,"36,207.00"
2019-04-08,2019040801010501,GBLBS,5,36,80,448.00,"35,840.00"
2019-04-08,2019040801010500,GBLBS,58,36,169,450.00,"76,050.00"
2019-04-08,2019040801010449,GBLBS,58,42,10,450.00,"4,500.00"
2019-04-08,2019040801010646,GDBL,52,32,"1,000",193.00,"193,000.00"
2019-04-08,2019040801010645,GDBL,52,14,484,193.00,"93,412.00"
2019-04-08,2019040801010644,GDBL,52,40,39,193.00,"7,527.00"
2019-04-08,2019040801010643,GDBL,52,5,"1,000",192.00,"192,000.00"
2019-04-08,2019040801010755,GILB,37,44,40,"1,032.00","41,280.00"
2019-04-08,2019040801010754,GILB,37,34,10,"1,030.00","10,300.00"
2019-04-08,2019040801010478,GILB,54,44,20,"1,032.00","20,640.00"
2019-04-08,2019040801010451,GILB,49,44,100,"1,032.00","103,200.00"
2019-04-08,2019040801010680,GIMES1,13,8,"2,000",8.25,"16,500.00"
2019-04-08,2019040801010679,GIMES1,13,54,"1,000",8.24,"8,240.00"
2019-04-08,2019040801010852,GLICL,13,35,60,533.00,"31,980.00"
2019-04-08,2019040801010851,GLICL,13,50,45,533.00,"23,985.00"
2019-04-08,2019040801010829,GLICL,51,1,100,531.00,"53,100.00"
2019-04-08,2019040801010825,GLICL,51,45,100,531.00,"53,100.00"
2019-04-08,2019040801010691,GLICL,5,50,50,533.00,"26,650.00"
2019-04-08,2019040801010565,GLICL,13,21,10,530.00,"5,300.00"
2019-04-08,2019040801010559,GLICL,17,21,90,530.00,"47,700.00"
2019-04-08,2019040801010537,GLICL,17,55,10,530.00,"5,300.00"
2019-04-08,2019040801010536,GLICL,6,55,70,531.00,"37,170.00"
2019-04-08,2019040801010461,HBL,32,19,130,486.00,"63,180.00"
2019-04-08,2019040801010458,HBL,33,19,150,489.00,"73,350.00"
2019-04-08,2019040801010596,HGI,40,42,50,396.00,"19,800.00"
2019-04-08,2019040801010716,HIDCL,5,20,534,138.00,"73,692.00"
2019-04-08,2019040801010554,HIDCL,5,41,29,138.00,"4,002.00"
2019-04-08,2019040801010410,HIDCL,25,19,500,139.00,"69,500.00"
2019-04-08,2019040801010366,HIDCL,5,44,48,138.00,"6,624.00"
2019-04-08,2019040801010784,ICFC,49,58,50,154.00,"7,700.00"
2019-04-08,2019040801010783,ICFC,44,58,200,155.00,"31,000.00"
2019-04-08,2019040801010844,JBNL,38,4,237,182.00,"43,134.00"
2019-04-08,2019040801010843,JBNL,32,4,763,182.00,"138,866.00"
2019-04-08,2019040801010767,JBNL,32,25,200,182.00,"36,400.00"
2019-04-08,2019040801010714,JBNL,32,56,37,182.00,"6,734.00"
2019-04-08,2019040801010629,JBNL,33,43,"1,000",182.00,"182,000.00"
2019-04-08,2019040801010628,JBNL,42,43,"1,000",182.00,"182,000.00"
2019-04-08,2019040801010436,JBNL,28,17,70,183.00,"12,810.00"
2019-04-08,2019040801010495,JSLBB,48,7,31,"2,142.00","66,402.00"
2019-04-08,2019040801010409,JSLBB,48,55,47,"2,135.00","100,345.00"
2019-04-08,2019040801010408,JSLBB,48,43,10,"2,130.00","21,300.00"
2019-04-08,2019040801010548,KADBL,58,18,11,152.00,"1,672.00"
2019-04-08,2019040801010547,KADBL,22,18,200,153.00,"30,600.00"
2019-04-08,2019040801010532,KADBL,13,18,300,154.00,"46,200.00"
2019-04-08,2019040801010828,KBL,50,19,490,249.00,"122,010.00"
2019-04-08,2019040801010807,KBL,6,16,50,250.00,"12,500.00"
2019-04-08,2019040801010792,KBL,6,51,500,250.00,"125,000.00"
2019-04-08,2019040801010791,KBL,6,52,450,250.00,"112,500.00"
2019-04-08,2019040801010738,KBL,39,52,550,250.00,"137,500.00"
2019-04-08,2019040801010737,KBL,39,17,150,250.00,"37,500.00"
2019-04-08,2019040801010593,KBL,49,6,38,249.00,"9,462.00"
2019-04-08,2019040801010736,KBL,39,39,300,250.00,"75,000.00"
2019-04-08,2019040801010683,KBL,50,53,788,249.00,"196,212.00"
2019-04-08,2019040801010682,KBL,52,53,200,249.00,"49,800.00"
2019-04-08,2019040801010681,KBL,53,53,12,249.00,"2,988.00"
2019-04-08,2019040801010677,KBL,53,41,38,249.00,"9,462.00"
2019-04-08,2019040801010676,KBL,49,41,962,249.00,"239,538.00"
2019-04-08,2019040801010663,KNBL,13,44,100,126.00,"12,600.00"
2019-04-08,2019040801010662,KNBL,35,44,13,126.00,"1,638.00"
2019-04-08,2019040801010585,KSBBL,1,48,201,144.00,"28,944.00"
2019-04-08,2019040801010414,KSBBL,1,29,500,144.00,"72,000.00"
2019-04-08,2019040801010510,LBBL,34,26,200,172.00,"34,400.00"
2019-04-08,2019040801010441,LBBL,1,26,663,172.00,"114,036.00"
2019-04-08,2019040801010771,LBL,51,40,100,209.00,"20,900.00"
2019-04-08,2019040801010770,LBL,1,40,100,209.00,"20,900.00"
2019-04-08,2019040801010734,LBL,1,45,200,209.00,"41,800.00"
2019-04-08,2019040801010490,LBL,7,26,654,210.00,"137,340.00"
2019-04-08,2019040801010850,LGIL,51,6,81,522.00,"42,282.00"
2019-04-08,2019040801010849,LGIL,34,6,50,523.00,"26,150.00"
2019-04-08,2019040801010801,LGIL,6,35,180,530.00,"95,400.00"
2019-04-08,2019040801010800,LGIL,6,53,50,530.00,"26,500.00"
2019-04-08,2019040801010788,LGIL,6,14,20,529.00,"10,580.00"
2019-04-08,2019040801010626,LGIL,21,7,100,529.00,"52,900.00"
2019-04-08,2019040801010391,LGIL,51,40,500,530.00,"265,000.00"
2019-04-08,2019040801010582,MBL,42,16,180,241.00,"43,380.00"
2019-04-08,2019040801010581,MBL,42,17,200,241.00,"48,200.00"
2019-04-08,2019040801010580,MBL,42,43,500,241.00,"120,500.00"
2019-04-08,2019040801010505,MBL,25,19,70,238.00,"16,660.00"
2019-04-08,2019040801010504,MBL,58,19,"1,000",238.00,"238,000.00"
2019-04-08,2019040801010503,MBL,49,19,300,240.00,"72,000.00"
2019-04-08,2019040801010420,MBL,43,21,964,240.00,"231,360.00"
2019-04-08,2019040801010472,MBL,58,45,"1,736",239.00,"414,904.00"
2019-04-08,2019040801010471,MBL,22,45,200,240.00,"48,000.00"
2019-04-08,2019040801010470,MBL,42,45,100,240.00,"24,000.00"
2019-04-08,2019040801010469,MBL,25,45,964,240.00,"231,360.00"
2019-04-08,2019040801010422,MBL,25,21,36,240.00,"8,640.00"
2019-04-08,2019040801010421,MBL,58,21,"1,000",240.00,"240,000.00"
2019-04-08,2019040801010717,MEGA,32,21,167,170.00,"28,390.00"
2019-04-08,2019040801010694,MEGA,32,21,32,170.00,"5,440.00"
2019-04-08,2019040801010654,MEGA,32,43,301,170.00,"51,170.00"
2019-04-08,2019040801010653,MEGA,48,43,500,170.00,"85,000.00"
2019-04-08,2019040801010652,MEGA,32,43,"1,000",170.00,"170,000.00"
2019-04-08,2019040801010651,MEGA,14,43,20,170.00,"3,400.00"
2019-04-08,2019040801010367,MEGA,19,17,48,172.00,"8,256.00"
2019-04-08,2019040801010491,MEGA,49,17,100,172.00,"17,200.00"
2019-04-08,2019040801010457,MEGA,21,29,71,171.00,"12,141.00"
2019-04-08,2019040801010443,MEGA,51,17,60,172.00,"10,320.00"
2019-04-08,2019040801010425,MEGA,21,32,34,171.00,"5,814.00"
2019-04-08,2019040801010405,MEGA,21,32,272,171.00,"46,512.00"
2019-04-08,2019040801010370,MEGA,21,59,100,171.00,"17,100.00"
2019-04-08,2019040801010650,MEGA,49,43,100,171.00,"17,100.00"
2019-04-08,2019040801010649,MEGA,54,43,79,171.00,"13,509.00"
2019-04-08,2019040801010615,MEGA,54,41,21,171.00,"3,591.00"
2019-04-08,2019040801010614,MEGA,49,41,31,171.00,"5,301.00"
2019-04-08,2019040801010609,MEGA,49,10,169,171.00,"28,899.00"
2019-04-08,2019040801010608,MEGA,21,10,123,171.00,"21,033.00"
2019-04-08,2019040801010368,MLBBL,56,16,80,500.00,"40,000.00"
2019-04-08,2019040801010814,MLBL,59,20,54,173.00,"9,342.00"
2019-04-08,2019040801010813,MLBL,22,20,10,173.00,"1,730.00"
2019-04-08,2019040801010453,MLBL,33,32,400,174.00,"69,600.00"
2019-04-08,2019040801010406,MLBL,13,32,100,174.00,"17,400.00"
2019-04-08,2019040801010394,MLBL,4,32,10,175.00,"1,750.00"
2019-04-08,2019040801010860,MNBBL,32,14,100,359.00,"35,900.00"
2019-04-08,2019040801010859,MNBBL,33,14,33,360.00,"11,880.00"
2019-04-08,2019040801010824,MNBBL,33,43,70,360.00,"25,200.00"
2019-04-08,2019040801010823,MNBBL,33,35,47,360.00,"16,920.00"
2019-04-08,2019040801010518,MNBBL,28,19,210,357.00,"74,970.00"
2019-04-08,2019040801010416,NABILP,28,39,253,722.00,"182,666.00"
2019-04-08,2019040801010415,NABILP,28,39,247,722.00,"178,334.00"
2019-04-08,2019040801010535,NADEP,38,38,10,674.00,"6,740.00"
2019-04-08,2019040801010810,NBB,55,25,300,212.00,"63,600.00"
2019-04-08,2019040801010809,NBB,55,25,629,212.00,"133,348.00"
2019-04-08,2019040801010808,NBB,55,49,871,212.00,"184,652.00"
2019-04-08,2019040801010589,NBB,21,49,150,212.00,"31,800.00"
2019-04-08,2019040801010588,NBB,50,49,100,212.00,"21,200.00"
2019-04-08,2019040801010434,NBB,11,46,19,212.00,"4,028.00"
2019-04-08,2019040801010402,NBB,56,34,970,213.00,"206,610.00"
2019-04-08,2019040801010390,NBB,40,34,50,213.00,"10,650.00"
2019-04-08,2019040801010587,NBB,22,49,"1,210",212.00,"256,520.00"
2019-04-08,2019040801010586,NBB,45,49,169,212.00,"35,828.00"
2019-04-08,2019040801010468,NBB,56,34,"1,000",213.00,"213,000.00"
2019-04-08,2019040801010435,NBB,45,46,581,212.00,"123,172.00"
2019-04-08,2019040801010533,NBL,21,19,170,301.00,"51,170.00"
2019-04-08,2019040801010515,NBL,45,58,25,302.00,"7,550.00"
2019-04-08,2019040801010426,NBL,38,58,100,302.00,"30,200.00"
2019-04-08,2019040801010766,NCCB,7,53,101,227.00,"22,927.00"
2019-04-08,2019040801010723,NCCB,57,19,500,227.00,"113,500.00"
2019-04-08,2019040801010698,NCCB,16,28,500,227.00,"113,500.00"
2019-04-08,2019040801010661,NCCB,16,53,100,226.00,"22,600.00"
2019-04-08,2019040801010660,NCCB,16,53,400,226.00,"90,400.00"
2019-04-08,2019040801010642,NCCB,25,28,300,227.00,"68,100.00"
2019-04-08,2019040801010623,NCCB,1,28,"1,000",227.00,"227,000.00"
2019-04-08,2019040801010622,NCCB,39,28,200,227.00,"45,400.00"
2019-04-08,2019040801010570,NCCB,58,56,100,228.00,"22,800.00"
2019-04-08,2019040801010664,NCDB,46,4,"1,000",126.00,"126,000.00"
2019-04-08,2019040801010607,NGPL,38,38,1,124.00,124.00
2019-04-08,2019040801010764,NHPC,46,20,500,71.00,"35,500.00"
2019-04-08,2019040801010857,NIB,1,25,37,554.00,"20,498.00"
2019-04-08,2019040801010684,NIB,22,49,191,555.00,"106,005.00"
2019-04-08,2019040801010672,NIB,49,25,37,554.00,"20,498.00"
2019-04-08,2019040801010671,NIB,49,21,53,554.00,"29,362.00"
2019-04-08,2019040801010841,NICA,25,59,100,468.00,"46,800.00"
2019-04-08,2019040801010840,NICA,45,59,33,468.00,"15,444.00"
2019-04-08,2019040801010799,NICA,45,19,25,468.00,"11,700.00"
2019-04-08,2019040801010794,NICA,45,17,100,468.00,"46,800.00"
2019-04-08,2019040801010740,NICA,35,49,50,469.00,"23,450.00"
2019-04-08,2019040801010690,NICA,17,26,200,469.00,"93,800.00"
2019-04-08,2019040801010396,NICA,5,28,200,472.00,"94,400.00"
2019-04-08,2019040801010371,NICA,35,44,"1,000",470.00,"470,000.00"
2019-04-08,2019040801010597,NICA,45,36,70,468.00,"32,760.00"
2019-04-08,2019040801010594,NICA,45,21,100,468.00,"46,800.00"
2019-04-08,2019040801010558,NICA,41,33,100,470.00,"47,000.00"
2019-04-08,2019040801010557,NICA,19,33,10,470.00,"4,700.00"
2019-04-08,2019040801010556,NICA,59,33,100,470.00,"47,000.00"
2019-04-08,2019040801010404,NICA,35,44,"1,000",470.00,"470,000.00"
2019-04-08,2019040801010674,NICA,45,14,12,468.00,"5,616.00"
2019-04-08,2019040801010657,NICA,45,32,30,468.00,"14,040.00"
2019-04-08,2019040801010656,NICA,52,32,270,468.00,"126,360.00"
2019-04-08,2019040801010618,NICA,52,48,100,468.00,"46,800.00"
2019-04-08,2019040801010599,NICA,52,36,80,468.00,"37,440.00"
2019-04-08,2019040801010598,NICA,11,36,50,468.00,"23,400.00"
2019-04-08,2019040801010583,NICL,16,29,10,391.00,"3,910.00"
2019-04-08,2019040801010855,NIL,37,46,150,530.00,"79,500.00"
2019-04-08,2019040801010745,NIL,28,46,200,530.00,"106,000.00"
2019-04-08,2019040801010744,NIL,32,46,"1,600",530.00,"848,000.00"
2019-04-08,2019040801010743,NIL,52,46,50,530.00,"26,500.00"
2019-04-08,2019040801010742,NIL,37,46,500,531.00,"265,500.00"
2019-04-08,2019040801010689,NIL,28,34,300,532.00,"159,600.00"
2019-04-08,2019040801010638,NIL,58,34,170,532.00,"90,440.00"
2019-04-08,2019040801010506,NIL,49,34,100,532.00,"53,200.00"
2019-04-08,2019040801010688,NLG,6,40,100,818.00,"81,800.00"
2019-04-08,2019040801010560,NLIC,35,19,85,"1,109.00","94,265.00"
2019-04-08,2019040801010546,NLIC,45,50,50,"1,115.00","55,750.00"
2019-04-08,2019040801010545,NLIC,45,39,51,"1,115.00","56,865.00"
2019-04-08,2019040801010544,NLIC,45,51,100,"1,114.00","111,400.00"
2019-04-08,2019040801010543,NLIC,45,26,17,"1,113.00","18,921.00"
2019-04-08,2019040801010542,NLIC,45,28,720,"1,113.00","801,360.00"
2019-04-08,2019040801010431,NLIC,8,48,10,"1,111.00","11,110.00"
2019-04-08,2019040801010531,NLIC,33,28,30,"1,113.00","33,390.00"
2019-04-08,2019040801010530,NLIC,33,14,50,"1,113.00","55,650.00"
2019-04-08,2019040801010529,NLIC,33,36,20,"1,112.00","22,240.00"
2019-04-08,2019040801010459,NLIC,54,36,15,"1,112.00","16,680.00"
2019-04-08,2019040801010454,NLIC,14,36,10,"1,112.00","11,120.00"
2019-04-08,2019040801010442,NLIC,8,34,17,"1,111.00","18,887.00"
2019-04-08,2019040801010423,NLICL,35,22,15,593.00,"8,895.00"
2019-04-08,2019040801010826,NMB,42,19,149,357.00,"53,193.00"
2019-04-08,2019040801010728,NMB,42,33,151,357.00,"53,907.00"
2019-04-08,2019040801010619,NMB,49,33,"1,000",355.00,"355,000.00"
2019-04-08,2019040801010541,NMB,49,54,"2,000",355.00,"710,000.00"
2019-04-08,2019040801010540,NMB,38,54,100,355.00,"35,500.00"
2019-04-08,2019040801010539,NMB,21,54,"1,000",355.00,"355,000.00"
2019-04-08,2019040801010448,NMB,1,58,465,358.00,"166,470.00"
2019-04-08,2019040801010447,NMB,1,58,35,358.00,"12,530.00"
2019-04-08,2019040801010403,NMB,45,58,150,358.00,"53,700.00"
2019-04-08,2019040801010383,NMB,40,58,50,358.00,"17,900.00"
2019-04-08,2019040801010378,NMB,50,45,12,357.00,"4,284.00"
2019-04-08,2019040801010538,NMB,1,54,792,356.00,"281,952.00"
2019-04-08,2019040801010517,NMB,55,58,65,358.00,"23,270.00"
2019-04-08,2019040801010516,NMB,55,58,135,358.00,"48,330.00"
2019-04-08,2019040801010483,NMB,1,19,208,356.00,"74,048.00"
2019-04-08,2019040801010482,NMB,51,19,300,357.00,"107,100.00"
2019-04-08,2019040801010481,NMB,50,19,302,357.00,"107,814.00"
2019-04-08,2019040801010601,NMBHF1,45,21,"1,664",9.60,"15,974.40"
2019-04-08,2019040801010796,NMBSF1,21,45,600,10.56,"6,336.00"
2019-04-08,2019040801010445,NNLB,37,32,10,449.00,"4,490.00"
2019-04-08,2019040801010613,NTC,35,49,138,680.00,"93,840.00"
2019-04-08,2019040801010389,NTC,35,6,10,679.00,"6,790.00"
2019-04-08,2019040801010523,NTC,57,49,17,680.00,"11,560.00"
2019-04-08,2019040801010522,NTC,57,6,133,680.00,"90,440.00"
2019-04-08,2019040801010758,NUBL,42,37,80,765.00,"61,200.00"
2019-04-08,2019040801010757,NUBL,42,41,100,765.00,"76,500.00"
2019-04-08,2019040801010756,NUBL,42,57,10,765.00,"7,650.00"
2019-04-08,2019040801010550,NUBL,4,57,90,765.00,"68,850.00"
2019-04-08,2019040801010549,NUBL,4,26,10,764.00,"7,640.00"
2019-04-08,2019040801010821,PCBL,58,45,500,335.00,"167,500.00"
2019-04-08,2019040801010789,PCBL,58,29,110,335.00,"36,850.00"
2019-04-08,2019040801010779,PCBL,58,4,"1,000",335.00,"335,000.00"
2019-04-08,2019040801010778,PCBL,58,45,700,335.00,"234,500.00"
2019-04-08,2019040801010777,PCBL,58,6,200,335.00,"67,000.00"
2019-04-08,2019040801010776,PCBL,58,6,297,335.00,"99,495.00"
2019-04-08,2019040801010775,PCBL,58,17,500,335.00,"167,500.00"
2019-04-08,2019040801010774,PCBL,58,17,200,334.00,"66,800.00"
2019-04-08,2019040801010773,PCBL,58,39,128,334.00,"42,752.00"
2019-04-08,2019040801010772,PCBL,58,4,319,334.00,"106,546.00"
2019-04-08,2019040801010753,PFL,58,1,13,135.00,"1,755.00"
2019-04-08,2019040801010752,PFL,58,1,13,135.00,"1,755.00"
2019-04-08,2019040801010751,PFL,58,1,13,135.00,"1,755.00"
2019-04-08,2019040801010750,PFL,58,1,13,135.00,"1,755.00"
2019-04-08,2019040801010749,PFL,58,1,13,135.00,"1,755.00"
2019-04-08,2019040801010748,PFL,58,49,100,135.00,"13,500.00"
2019-04-08,2019040801010733,PFL,32,18,134,134.00,"17,956.00"
2019-04-08,2019040801010732,PFL,32,42,13,134.00,"1,742.00"
2019-04-08,2019040801010839,PIC,34,51,11,"1,023.00","11,253.00"
2019-04-08,2019040801010782,PMHPL,16,42,10,114.00,"1,140.00"
2019-04-08,2019040801010685,PMHPL,11,29,10,113.00,"1,130.00"
2019-04-08,2019040801010668,PMHPL,11,49,100,113.00,"11,300.00"
2019-04-08,2019040801010595,PMHPL,11,1,10,113.00,"1,130.00"
2019-04-08,2019040801010566,PMHPL,11,29,10,113.00,"1,130.00"
2019-04-08,2019040801010398,PMHPL,11,39,10,113.00,"1,130.00"
2019-04-08,2019040801010856,PRIN,36,45,710,426.00,"302,460.00"
2019-04-08,2019040801010806,PRIN,57,17,200,427.00,"85,400.00"
2019-04-08,2019040801010648,PRIN,36,1,140,426.00,"59,640.00"
2019-04-08,2019040801010562,PRIN,36,38,150,426.00,"63,900.00"
2019-04-08,2019040801010834,PRVU,17,58,21,249.00,"5,229.00"
2019-04-08,2019040801010833,PRVU,28,58,"1,979",249.00,"492,771.00"
2019-04-08,2019040801010790,PRVU,28,51,250,249.00,"62,250.00"
2019-04-08,2019040801010759,PRVU,28,1,100,249.00,"24,900.00"
2019-04-08,2019040801010730,PRVU,36,35,850,251.00,"213,350.00"
2019-04-08,2019040801010729,PRVU,36,55,150,250.00,"37,500.00"
2019-04-08,2019040801010494,PRVU,44,17,100,250.00,"25,000.00"
2019-04-08,2019040801010709,PRVU,44,38,150,250.00,"37,500.00"
2019-04-08,2019040801010584,PRVU,44,19,100,250.00,"25,000.00"
2019-04-08,2019040801010722,PRVU,37,55,400,250.00,"100,000.00"
2019-04-08,2019040801010721,PRVU,17,55,65,250.00,"16,250.00"
2019-04-08,2019040801010720,PRVU,5,55,"1,000",250.00,"250,000.00"
2019-04-08,2019040801010719,PRVU,49,55,100,250.00,"25,000.00"
2019-04-08,2019040801010718,PRVU,44,55,"1,057",250.00,"264,250.00"
2019-04-08,2019040801010713,PRVU,46,35,100,251.00,"25,100.00"
2019-04-08,2019040801010822,RADHI,13,21,11,167.00,"1,837.00"
2019-04-08,2019040801010526,RADHI,47,55,11,168.00,"1,848.00"
2019-04-08,2019040801010514,RADHI,50,55,11,168.00,"1,848.00"
2019-04-08,2019040801010407,RADHI,50,39,11,168.00,"1,848.00"
2019-04-08,2019040801010706,RBCLPO,1,59,20,"8,390.00","167,800.00"
2019-04-08,2019040801010705,RBCLPO,50,59,10,"8,391.00","83,910.00"
2019-04-08,2019040801010704,RBCLPO,34,59,10,"8,400.00","84,000.00"
2019-04-08,2019040801010600,RLFL,44,18,16,117.00,"1,872.00"
2019-04-08,2019040801010573,RMDC,17,47,40,552.00,"22,080.00"
2019-04-08,2019040801010780,SAEF,26,1,100,9.21,921.00
2019-04-08,2019040801010803,SANIMA,19,58,753,320.00,"240,960.00"
2019-04-08,2019040801010802,SANIMA,14,58,247,320.00,"79,040.00"
2019-04-08,2019040801010762,SANIMA,14,33,753,320.00,"240,960.00"
2019-04-08,2019040801010761,SANIMA,38,33,120,320.00,"38,400.00"
2019-04-08,2019040801010760,SANIMA,41,33,787,321.00,"252,627.00"
2019-04-08,2019040801010712,SANIMA,41,58,213,321.00,"68,373.00"
2019-04-08,2019040801010711,SANIMA,19,58,100,321.00,"32,100.00"
2019-04-08,2019040801010710,SANIMA,48,58,430,321.00,"138,030.00"
2019-04-08,2019040801010507,SANIMA,48,41,41,321.00,"13,161.00"
2019-04-08,2019040801010382,SANIMA,48,34,63,321.00,"20,223.00"
2019-04-08,2019040801010605,SBBLJ,29,19,180,195.00,"35,100.00"
2019-04-08,2019040801010430,SBBLJ,29,45,751,195.00,"146,445.00"
2019-04-08,2019040801010429,SBBLJ,50,45,500,195.00,"97,500.00"
2019-04-08,2019040801010428,SBBLJ,50,45,159,197.00,"31,323.00"
2019-04-08,2019040801010427,SBBLJ,42,45,90,198.00,"17,820.00"
2019-04-08,2019040801010669,SBI,22,19,690,416.00,"287,040.00"
2019-04-08,2019040801010520,SBI,41,34,100,422.00,"42,200.00"
2019-04-08,2019040801010519,SBI,36,11,50,421.00,"21,050.00"
2019-04-08,2019040801010498,SBI,36,1,100,421.00,"42,100.00"
2019-04-08,2019040801010497,SBI,36,28,100,421.00,"42,100.00"
2019-04-08,2019040801010380,SBI,36,34,721,421.00,"303,541.00"
2019-04-08,2019040801010379,SBI,36,17,16,421.00,"6,736.00"
2019-04-08,2019040801010637,SBL,58,19,30,311.00,"9,330.00"
2019-04-08,2019040801010636,SBL,19,19,100,311.00,"31,100.00"
2019-04-08,2019040801010635,SBL,43,19,50,312.00,"15,600.00"
2019-04-08,2019040801010634,SBL,36,19,500,312.00,"156,000.00"
2019-04-08,2019040801010633,SBL,25,19,200,313.00,"62,600.00"
2019-04-08,2019040801010632,SBL,19,19,10,313.00,"3,130.00"
2019-04-08,2019040801010631,SBL,58,19,50,314.00,"15,700.00"
2019-04-08,2019040801010579,SBL,32,17,300,315.00,"94,500.00"
2019-04-08,2019040801010578,SBL,32,43,96,315.00,"30,240.00"
2019-04-08,2019040801010571,SBL,58,22,200,314.00,"62,800.00"
2019-04-08,2019040801010484,SBL,19,26,90,313.00,"28,170.00"
2019-04-08,2019040801010726,SDESI,6,33,80,549.00,"43,920.00"
2019-04-08,2019040801010845,SHIVM,14,18,50,329.00,"16,450.00"
2019-04-08,2019040801010815,SHIVM,14,58,50,329.00,"16,450.00"
2019-04-08,2019040801010781,SHIVM,14,33,200,329.00,"65,800.00"
2019-04-08,2019040801010741,SHIVM,36,16,200,330.00,"66,000.00"
2019-04-08,2019040801010707,SHIVM,36,16,200,330.00,"66,000.00"
2019-04-08,2019040801010659,SHIVM,33,16,"1,000",330.00,"330,000.00"
2019-04-08,2019040801010362,SHIVM,14,11,100,329.00,"32,900.00"
2019-04-08,2019040801010361,SHIVM,14,11,100,329.00,"32,900.00"
2019-04-08,2019040801010446,SHIVM,14,49,70,329.00,"23,030.00"
2019-04-08,2019040801010439,SHIVM,14,49,70,329.00,"23,030.00"
2019-04-08,2019040801010385,SHIVM,33,44,"1,000",330.00,"330,000.00"
2019-04-08,2019040801010372,SHIVM,14,39,50,329.00,"16,450.00"
2019-04-08,2019040801010364,SHIVM,14,19,50,329.00,"16,450.00"
2019-04-08,2019040801010363,SHIVM,14,11,100,329.00,"32,900.00"
2019-04-08,2019040801010480,SHIVM,58,22,50,330.00,"16,500.00"
2019-04-08,2019040801010479,SHIVM,58,58,109,330.00,"35,970.00"
2019-04-08,2019040801010477,SHIVM,14,32,60,329.00,"19,740.00"
2019-04-08,2019040801010460,SHIVM,14,49,60,329.00,"19,740.00"
2019-04-08,2019040801010452,SHIVM,14,49,60,329.00,"19,740.00"
2019-04-08,2019040801010450,SHIVM,14,32,50,329.00,"16,450.00"
2019-04-08,2019040801010552,SHIVM,8,7,21,330.00,"6,930.00"
2019-04-08,2019040801010551,SHIVM,8,33,179,330.00,"59,070.00"
2019-04-08,2019040801010511,SHIVM,58,33,241,330.00,"79,530.00"
2019-04-08,2019040801010499,SHIVM,58,32,500,330.00,"165,000.00"
2019-04-08,2019040801010496,SHIVM,58,37,50,330.00,"16,500.00"
2019-04-08,2019040801010492,SHIVM,58,58,50,330.00,"16,500.00"
2019-04-08,2019040801010604,SHIVM,28,39,"1,000",330.00,"330,000.00"
2019-04-08,2019040801010603,SHIVM,28,25,110,330.00,"36,300.00"
2019-04-08,2019040801010576,SHIVM,14,7,50,329.00,"16,450.00"
2019-04-08,2019040801010569,SHIVM,14,41,50,329.00,"16,450.00"
2019-04-08,2019040801010563,SHIVM,14,7,50,329.00,"16,450.00"
2019-04-08,2019040801010553,SHIVM,14,7,29,329.00,"9,541.00"
2019-04-08,2019040801010832,SHPC,26,36,760,228.00,"173,280.00"
2019-04-08,2019040801010831,SHPC,39,36,80,228.00,"18,240.00"
2019-04-08,2019040801010830,SHPC,34,36,"1,754",228.00,"399,912.00"
2019-04-08,2019040801010620,SHPC,39,14,200,229.00,"45,800.00"
2019-04-08,2019040801010853,SIC,48,6,50,"1,296.00","64,800.00"
2019-04-08,2019040801010577,SIC,50,58,388,"1,300.00","504,400.00"
2019-04-08,2019040801010387,SINDU,41,6,133,128.00,"17,024.00"
2019-04-08,2019040801010836,SKBBL,40,34,15,895.00,"13,425.00"
2019-04-08,2019040801010820,SKBBL,40,34,15,895.00,"13,425.00"
2019-04-08,2019040801010624,SLBBL,57,37,10,515.00,"5,150.00"
2019-04-08,2019040801010858,SLICL,44,17,467,544.00,"254,048.00"
2019-04-08,2019040801010812,SLICL,44,6,33,544.00,"17,952.00"
2019-04-08,2019040801010377,SLICL,34,49,300,544.00,"163,200.00"
2019-04-08,2019040801010798,SMB,45,51,35,600.00,"21,000.00"
2019-04-08,2019040801010835,SPDL,38,38,15,101.00,"1,515.00"
2019-04-08,2019040801010697,SRBL,35,58,990,237.00,"234,630.00"
2019-04-08,2019040801010696,SRBL,49,58,10,238.00,"2,380.00"
2019-04-08,2019040801010673,SRBL,49,58,"1,000",238.00,"238,000.00"
2019-04-08,2019040801010658,SRBL,49,19,390,238.00,"92,820.00"
2019-04-08,2019040801010602,SRBL,49,28,600,238.00,"142,800.00"
2019-04-08,2019040801010555,SRBL,49,28,400,238.00,"95,200.00"
2019-04-08,2019040801010525,SRBL,49,28,"1,000",238.00,"238,000.00"
2019-04-08,2019040801010464,SRBL,49,40,100,238.00,"23,800.00"
2019-04-08,2019040801010463,SRBL,49,38,500,238.00,"119,000.00"
2019-04-08,2019040801010365,SRBL,49,44,"2,000",238.00,"476,000.00"
2019-04-08,2019040801010735,TRH,33,48,10,248.00,"2,480.00"
2019-04-08,2019040801010513,TRH,50,50,870,244.00,"212,280.00"
2019-04-08,2019040801010401,TRH,57,50,10,244.00,"2,440.00"
2019-04-08,2019040801010725,UIC,21,7,100,780.00,"78,000.00"
2019-04-08,2019040801010724,UIC,16,7,150,781.00,"117,150.00"
2019-04-08,2019040801010617,UIC,16,58,50,781.00,"39,050.00"
2019-04-08,2019040801010616,UIC,22,58,50,782.00,"39,100.00"
2019-04-08,2019040801010667,UPCL,58,35,10,96.00,960.00
2019-04-08,2019040801010574,UPCL,57,56,100,95.00,"9,500.00"
2019-04-08,2019040801010395,UPCL,47,56,100,95.00,"9,500.00"
2019-04-08,2019040801010842,UPPER,44,20,40,235.00,"9,400.00"
2019-04-08,2019040801010837,UPPER,44,39,500,235.00,"117,500.00"
2019-04-08,2019040801010795,UPPER,44,20,40,235.00,"9,400.00"
2019-04-08,2019040801010747,UPPER,38,14,50,236.00,"11,800.00"
2019-04-08,2019040801010746,UPPER,44,38,50,235.00,"11,750.00"
2019-04-08,2019040801010703,UPPER,16,14,400,236.00,"94,400.00"
2019-04-08,2019040801010392,UPPER,33,42,40,235.00,"9,400.00"
2019-04-08,2019040801010386,UPPER,33,42,50,235.00,"11,750.00"
2019-04-08,2019040801010381,UPPER,33,42,50,235.00,"11,750.00"
2019-04-08,2019040801010374,UPPER,33,45,50,235.00,"11,750.00"
2019-04-08,2019040801010369,UPPER,33,38,50,235.00,"11,750.00"
2019-04-08,2019040801010475,UPPER,33,45,30,235.00,"7,050.00"
2019-04-08,2019040801010467,UPPER,33,42,40,235.00,"9,400.00"
2019-04-08,2019040801010456,UPPER,33,42,50,235.00,"11,750.00"
2019-04-08,2019040801010440,UPPER,33,45,50,235.00,"11,750.00"
2019-04-08,2019040801010417,UPPER,33,42,50,235.00,"11,750.00"
2019-04-08,2019040801010397,UPPER,33,42,40,235.00,"9,400.00"
2019-04-08,2019040801010568,UPPER,44,39,100,235.00,"23,500.00"
2019-04-08,2019040801010567,UPPER,38,47,40,236.00,"9,440.00"
2019-04-08,2019040801010564,UPPER,44,38,40,235.00,"9,400.00"
2019-04-08,2019040801010524,UPPER,44,41,40,235.00,"9,400.00"
2019-04-08,2019040801010508,UPPER,44,48,50,235.00,"11,750.00"
2019-04-08,2019040801010476,UPPER,44,45,20,235.00,"4,700.00"
2019-04-08,2019040801010702,UPPER,16,22,50,236.00,"11,800.00"
2019-04-08,2019040801010701,UPPER,16,54,500,236.00,"118,000.00"
2019-04-08,2019040801010700,UPPER,16,47,50,236.00,"11,800.00"
2019-04-08,2019040801010655,UPPER,38,47,40,236.00,"9,440.00"
2019-04-08,2019040801010647,UPPER,44,38,40,235.00,"9,400.00"
2019-04-08,2019040801010209,ADBL,21,39,100,314.00,"31,400.00"
2019-04-08,2019040801009995,ADBL,40,39,150,314.00,"47,100.00"
2019-04-08,2019040801010350,AKJCL,25,44,20,78.00,"1,560.00"
2019-04-08,2019040801010336,AKJCL,25,44,20,78.00,"1,560.00"
2019-04-08,2019040801010318,AKJCL,25,44,10,78.00,780.00
2019-04-08,2019040801010280,AKJCL,25,44,20,78.00,"1,560.00"
2019-04-08,2019040801010302,ALBSL,17,48,10,477.00,"4,770.00"
2019-04-08,2019040801010118,ALBSL,17,4,10,477.00,"4,770.00"
2019-04-08,2019040801010051,ALBSL,1,28,10,478.00,"4,780.00"
2019-04-08,2019040801009877,ALBSL,1,38,10,478.00,"4,780.00"
2019-04-08,2019040801009868,ALBSL,38,51,10,479.00,"4,790.00"
2019-04-08,2019040801010202,AMFI,1,57,10,640.00,"6,400.00"
2019-04-08,2019040801010032,API,22,21,100,136.00,"13,600.00"
2019-04-08,2019040801010230,BHBL,3,55,303,167.00,"50,601.00"
2019-04-08,2019040801010187,BHBL,1,55,10,170.00,"1,700.00"
2019-04-08,2019040801010274,BOKL,16,34,500,264.00,"132,000.00"
2019-04-08,2019040801010167,BOKL,14,39,193,263.00,"50,759.00"
2019-04-08,2019040801010087,BOKL,21,39,100,263.00,"26,300.00"
2019-04-08,2019040801010038,BOKL,58,39,40,263.00,"10,520.00"
2019-04-08,2019040801009948,BOKL,1,48,26,261.00,"6,786.00"
2019-04-08,2019040801009947,BOKL,56,48,65,261.00,"16,965.00"
2019-04-08,2019040801010325,BPCL,52,55,34,360.00,"12,240.00"
2019-04-08,2019040801010324,BPCL,39,55,100,360.00,"36,000.00"
2019-04-08,2019040801010323,BPCL,17,55,196,360.00,"70,560.00"
2019-04-08,2019040801010122,BPCL,17,44,11,360.00,"3,960.00"
2019-04-08,2019040801010168,CCBL,42,38,10,172.00,"1,720.00"
2019-04-08,2019040801010081,CCBL,59,38,"1,500",172.00,"258,000.00"
2019-04-08,2019040801010080,CCBL,35,38,100,172.00,"17,200.00"
2019-04-08,2019040801010079,CCBL,26,38,33,172.00,"5,676.00"
2019-04-08,2019040801009878,CCBL,26,48,173,172.00,"29,756.00"
2019-04-08,2019040801009862,CCBL,26,21,250,172.00,"43,000.00"
2019-04-08,2019040801009861,CCBL,26,50,44,172.00,"7,568.00"
2019-04-08,2019040801010066,CHCL,22,29,100,508.00,"50,800.00"
2019-04-08,2019040801009962,CHCL,53,53,60,509.00,"30,540.00"
2019-04-08,2019040801010023,CHLBS,38,38,10,510.00,"5,100.00"
2019-04-08,2019040801009905,CHLBS,45,43,10,511.00,"5,110.00"
2019-04-08,2019040801009904,CHLBS,45,53,10,510.00,"5,100.00"
2019-04-08,2019040801009903,CHLBS,45,34,10,510.00,"5,100.00"
2019-04-08,2019040801009902,CHLBS,45,38,10,503.00,"5,030.00"
2019-04-08,2019040801010346,CIT,22,58,30,"2,590.00","77,700.00"
2019-04-08,2019040801010132,CIT,25,55,36,"2,590.00","93,240.00"
2019-04-08,2019040801010026,CIT,49,55,100,"2,590.00","259,000.00"
2019-04-08,2019040801009871,CIT,47,55,139,"2,590.00","360,010.00"
2019-04-08,2019040801010195,CZBIL,21,34,105,224.00,"23,520.00"
2019-04-08,2019040801010108,CZBIL,59,29,500,223.00,"111,500.00"
2019-04-08,2019040801010107,CZBIL,44,34,10,224.00,"2,240.00"
2019-04-08,2019040801010003,CZBIL,32,34,285,224.00,"63,840.00"
2019-04-08,2019040801010002,CZBIL,32,34,395,224.00,"88,480.00"
2019-04-08,2019040801009965,CZBIL,59,55,184,222.00,"40,848.00"
2019-04-08,2019040801009964,CZBIL,34,55,281,222.00,"62,382.00"
2019-04-08,2019040801009956,CZBIL,49,6,"1,254",223.00,"279,642.00"
2019-04-08,2019040801009955,CZBIL,49,6,400,223.00,"89,200.00"
2019-04-08,2019040801009930,CZBIL,14,6,400,223.00,"89,200.00"
2019-04-08,2019040801010078,DBBL,48,34,384,127.00,"48,768.00"
2019-04-08,2019040801010310,DDBL,14,21,10,605.00,"6,050.00"
2019-04-08,2019040801010309,DDBL,14,34,27,604.00,"16,308.00"
2019-04-08,2019040801010285,DDBL,13,49,25,603.00,"15,075.00"
2019-04-08,2019040801010278,DDBL,21,34,100,604.00,"60,400.00"
2019-04-08,2019040801010266,DDBL,13,49,25,603.00,"15,075.00"
2019-04-08,2019040801010249,DDBL,42,49,50,602.00,"30,100.00"
2019-04-08,2019040801010045,EBL,21,52,40,612.00,"24,480.00"
2019-04-08,2019040801010044,EBL,21,58,60,612.00,"36,720.00"
2019-04-08,2019040801010240,FMDBL,32,34,140,384.00,"53,760.00"
2019-04-08,2019040801010239,FMDBL,32,17,100,383.00,"38,300.00"
2019-04-08,2019040801010022,FMDBL,32,43,100,384.00,"38,400.00"
2019-04-08,2019040801009977,FMDBL,1,41,187,383.00,"71,621.00"
2019-04-08,2019040801010283,FOWAD,22,17,60,"1,511.00","90,660.00"
2019-04-08,2019040801010357,GBBL,26,35,100,196.00,"19,600.00"
2019-04-08,2019040801010192,GBIME,48,48,117,277.00,"32,409.00"
2019-04-08,2019040801009901,GBIME,17,25,"1,000",277.00,"277,000.00"
2019-04-08,2019040801010172,GBLBS,58,33,10,450.00,"4,500.00"
2019-04-08,2019040801010133,GBLBS,58,39,51,450.00,"22,950.00"
2019-04-08,2019040801010031,GBLBS,58,45,10,450.00,"4,500.00"
2019-04-08,2019040801010312,GDBL,42,32,20,190.00,"3,800.00"
2019-04-08,2019040801010311,GDBL,49,32,540,190.00,"102,600.00"
2019-04-08,2019040801010256,GILB,48,32,24,"1,025.00","24,600.00"
2019-04-08,2019040801009981,GIMES1,13,54,500,8.09,"4,045.00"
2019-04-08,2019040801009980,GIMES1,13,39,"1,000",7.95,"7,950.00"
2019-04-08,2019040801009970,GLICL,13,20,200,531.00,"106,200.00"
2019-04-08,2019040801009969,GLICL,13,46,100,530.00,"53,000.00"
2019-04-08,2019040801009968,GLICL,13,40,85,530.00,"45,050.00"
2019-04-08,2019040801010248,GUFL,11,48,746,112.00,"83,552.00"
2019-04-08,2019040801010180,GUFL,49,48,300,112.00,"33,600.00"
2019-04-08,2019040801009989,GUFL,7,48,200,112.00,"22,400.00"
2019-04-08,2019040801009988,GUFL,28,48,888,112.00,"99,456.00"
2019-04-08,2019040801009987,GUFL,49,48,172,112.00,"19,264.00"
2019-04-08,2019040801010219,HBL,33,17,480,490.00,"235,200.00"
2019-04-08,2019040801010221,HGI,49,7,150,400.00,"60,000.00"
2019-04-08,2019040801010185,HGI,49,19,200,400.00,"80,000.00"
2019-04-08,2019040801010142,HGI,49,35,50,400.00,"20,000.00"
2019-04-08,2019040801010062,HGI,21,26,100,400.00,"40,000.00"
2019-04-08,2019040801010301,HIDCL,5,44,56,138.00,"7,728.00"
2019-04-08,2019040801010265,HIDCL,29,44,10,139.00,"1,390.00"
2019-04-08,2019040801010178,HPPL,1,48,10,183.00,"1,830.00"
2019-04-08,2019040801010116,HPPL,13,13,10,184.00,"1,840.00"
2019-04-08,2019040801009891,IGI,53,43,60,407.00,"24,420.00"
2019-04-08,2019040801010030,IGI,21,45,44,408.00,"17,952.00"
2019-04-08,2019040801010029,IGI,21,32,56,407.00,"22,792.00"
2019-04-08,2019040801010238,IGI,39,45,55,407.00,"22,385.00"
2019-04-08,2019040801010262,JBBL,44,46,10,142.00,"1,420.00"
2019-04-08,2019040801010261,JBBL,59,46,183,142.00,"25,986.00"
2019-04-08,2019040801009886,JFL,1,46,43,176.00,"7,568.00"
2019-04-08,2019040801009922,KBBL,32,1,279,211.00,"58,869.00"
2019-04-08,2019040801009921,KBBL,6,1,200,211.00,"42,200.00"
2019-04-08,2019040801009920,KBBL,29,1,71,211.00,"14,981.00"
2019-04-08,2019040801009883,KBBL,29,32,24,211.00,"5,064.00"
2019-04-08,2019040801010271,KBL,21,1,241,250.00,"60,250.00"
2019-04-08,2019040801010184,KBL,50,1,100,250.00,"25,000.00"
2019-04-08,2019040801010183,KBL,50,1,500,250.00,"125,000.00"
2019-04-08,2019040801010182,KBL,11,1,100,250.00,"25,000.00"
2019-04-08,2019040801010181,KBL,42,1,100,250.00,"25,000.00"
2019-04-08,2019040801010173,KBL,14,58,918,251.00,"230,418.00"
2019-04-08,2019040801010170,KBL,42,58,20,251.00,"5,020.00"
2019-04-08,2019040801010056,KBL,21,58,100,251.00,"25,100.00"
2019-04-08,2019040801010134,KMCDB,44,28,66,789.00,"52,074.00"
2019-04-08,2019040801010193,KMFL,7,38,15,825.00,"12,375.00"
2019-04-08,2019040801010088,KSBBL,35,59,20,144.00,"2,880.00"
2019-04-08,2019040801009940,KSBBL,36,26,508,143.00,"72,644.00"
2019-04-08,2019040801009939,KSBBL,36,34,"1,000",143.00,"143,000.00"
2019-04-08,2019040801009916,KSBBL,42,7,240,142.00,"34,080.00"
2019-04-08,2019040801009900,KSBBL,42,32,238,142.00,"33,796.00"
2019-04-08,2019040801009887,KSBBL,42,48,20,142.00,"2,840.00"
2019-04-08,2019040801010299,LBBL,46,32,"1,180",172.00,"202,960.00"
2019-04-08,2019040801010015,LBBL,46,33,820,172.00,"141,040.00"
2019-04-08,2019040801009994,LBBL,22,33,10,172.00,"1,720.00"
2019-04-08,2019040801010188,LBL,14,26,346,210.00,"72,660.00"
2019-04-08,2019040801010113,LBL,21,35,100,211.00,"21,100.00"
2019-04-08,2019040801009895,LBL,14,19,654,209.00,"136,686.00"
2019-04-08,2019040801010067,MBL,21,51,100,242.00,"24,200.00"
2019-04-08,2019040801009959,MBL,32,21,"1,000",242.00,"242,000.00"
2019-04-08,2019040801009915,MBL,43,32,480,240.00,"115,200.00"
2019-04-08,2019040801010127,MEGA,36,17,99,172.00,"17,028.00"
2019-04-08,2019040801009954,MEGA,22,52,20,172.00,"3,440.00"
2019-04-08,2019040801009876,MEGA,14,13,777,170.00,"132,090.00"
2019-04-08,2019040801009875,MEGA,11,13,100,171.00,"17,100.00"
2019-04-08,2019040801009992,MLBL,33,6,"2,636",174.00,"458,664.00"
2019-04-08,2019040801009957,MLBL,50,6,500,174.00,"87,000.00"
2019-04-08,2019040801009941,MLBL,33,6,50,174.00,"8,700.00"
2019-04-08,2019040801010291,MNBBL,32,43,150,359.00,"53,850.00"
2019-04-08,2019040801010290,MNBBL,32,43,50,359.00,"17,950.00"
2019-04-08,2019040801010289,MNBBL,32,43,200,359.00,"71,800.00"
2019-04-08,2019040801010288,MNBBL,32,43,70,359.00,"25,130.00"
2019-04-08,2019040801010287,MNBBL,32,43,70,359.00,"25,130.00"
2019-04-08,2019040801010286,MNBBL,32,43,50,359.00,"17,950.00"
2019-04-08,2019040801010197,MNBBL,37,51,200,358.00,"71,600.00"
2019-04-08,2019040801010255,MSLB,57,25,14,"1,248.00","17,472.00"
2019-04-08,2019040801010254,MSLB,57,29,15,"1,245.00","18,675.00"
2019-04-08,2019040801010228,MSLB,13,13,15,"1,244.00","18,660.00"
2019-04-08,2019040801010237,MSMBS,21,34,30,530.00,"15,900.00"
2019-04-08,2019040801010236,MSMBS,21,59,22,529.00,"11,638.00"
2019-04-08,2019040801010300,NABIL,25,49,150,746.00,"111,900.00"
2019-04-08,2019040801010269,NABIL,34,45,50,745.00,"37,250.00"
2019-04-08,2019040801010268,NABIL,34,21,400,745.00,"298,000.00"
2019-04-08,2019040801010267,NABIL,34,44,300,744.00,"223,200.00"
2019-04-08,2019040801010196,NABIL,49,29,55,741.00,"40,755.00"
2019-04-08,2019040801010189,NABIL,43,29,26,741.00,"19,266.00"
2019-04-08,2019040801009993,NABIL,21,44,100,744.00,"74,400.00"
2019-04-08,2019040801009925,NABIL,33,55,40,739.00,"29,560.00"
2019-04-08,2019040801009924,NABIL,1,55,185,740.00,"136,900.00"
2019-04-08,2019040801009923,NABIL,57,55,25,741.00,"18,525.00"
2019-04-08,2019040801010284,NABILP,7,39,10,722.00,"7,220.00"
2019-04-08,2019040801010334,NBB,6,34,410,213.00,"87,330.00"
2019-04-08,2019040801010333,NBB,6,34,590,213.00,"125,670.00"
2019-04-08,2019040801010234,NBB,14,34,"1,000",213.00,"213,000.00"
2019-04-08,2019040801010141,NBB,21,34,100,213.00,"21,300.00"
2019-04-08,2019040801010020,NBBL,51,34,10,627.00,"6,270.00"
2019-04-08,2019040801010001,NBBL,49,8,80,617.00,"49,360.00"
2019-04-08,2019040801009985,NBBL,51,8,10,617.00,"6,170.00"
2019-04-08,2019040801009929,NBBL,49,21,105,615.00,"64,575.00"
2019-04-08,2019040801009928,NBBL,49,10,100,615.00,"61,500.00"
2019-04-08,2019040801010253,NBL,56,58,200,302.00,"60,400.00"
2019-04-08,2019040801010218,NBL,4,58,655,302.00,"197,810.00"
2019-04-08,2019040801010214,NBL,34,28,250,303.00,"75,750.00"
2019-04-08,2019040801010110,NBL,40,58,"1,000",302.00,"302,000.00"
2019-04-08,2019040801010064,NBL,19,45,815,302.00,"246,130.00"
2019-04-08,2019040801009972,NBL,32,45,185,302.00,"55,870.00"
2019-04-08,2019040801009971,NBL,32,6,815,302.00,"246,130.00"
2019-04-08,2019040801009898,NBL,59,6,685,302.00,"206,870.00"
2019-04-08,2019040801010241,NCCB,1,56,564,228.00,"128,592.00"
2019-04-08,2019040801010114,NCCB,45,56,25,228.00,"5,700.00"
2019-04-08,2019040801010101,NCCB,21,56,100,228.00,"22,800.00"
2019-04-08,2019040801010100,NCCB,14,45,18,225.00,"4,050.00"
2019-04-08,2019040801010099,NCCB,6,45,200,225.00,"45,000.00"
2019-04-08,2019040801010098,NCCB,35,45,53,225.00,"11,925.00"
2019-04-08,2019040801010041,NCCB,22,7,900,227.00,"204,300.00"
2019-04-08,2019040801010040,NCCB,22,7,100,227.00,"22,700.00"
2019-04-08,2019040801009967,NCCB,34,7,"1,746",227.00,"396,342.00"
2019-04-08,2019040801009918,NCCB,4,32,200,226.00,"45,200.00"
2019-04-08,2019040801009885,NCCB,1,1,5,227.00,"1,135.00"
2019-04-08,2019040801010097,NCCB,32,45,"1,000",226.00,"226,000.00"
2019-04-08,2019040801010096,NCCB,4,45,"2,000",226.00,"452,000.00"
2019-04-08,2019040801010095,NCCB,19,45,500,226.00,"113,000.00"
2019-04-08,2019040801010094,NCCB,48,45,"1,000",226.00,"226,000.00"
2019-04-08,2019040801010093,NCCB,4,45,129,226.00,"29,154.00"
2019-04-08,2019040801010092,NCCB,22,45,100,227.00,"22,700.00"
2019-04-08,2019040801010205,NCDB,46,33,117,127.00,"14,859.00"
2019-04-08,2019040801009931,NHDL,48,32,10,125.00,"1,250.00"
2019-04-08,2019040801010069,NIB,46,28,5,550.00,"2,750.00"
2019-04-08,2019040801010057,NIB,50,21,100,554.00,"55,400.00"
2019-04-08,2019040801010021,NIB,44,21,10,554.00,"5,540.00"
2019-04-08,2019040801010009,NIB,14,21,87,554.00,"48,198.00"
2019-04-08,2019040801010353,NICA,49,28,330,472.00,"155,760.00"
2019-04-08,2019040801010352,NICA,49,38,138,472.00,"65,136.00"
2019-04-08,2019040801010351,NICA,49,38,32,472.00,"15,104.00"
2019-04-08,2019040801010204,NICA,58,58,81,469.00,"37,989.00"
2019-04-08,2019040801010143,NICA,46,38,20,472.00,"9,440.00"
2019-04-08,2019040801010037,NICA,45,32,30,468.00,"14,040.00"
2019-04-08,2019040801009890,NICA,14,55,30,468.00,"14,040.00"
2019-04-08,2019040801009864,NICA,48,13,100,471.00,"47,100.00"
2019-04-08,2019040801009863,NICA,48,39,14,471.00,"6,594.00"
2019-04-08,2019040801009982,NICA,28,8,81,472.00,"38,232.00"
2019-04-08,2019040801009937,NICA,32,8,119,472.00,"56,168.00"
2019-04-08,2019040801009936,NICA,32,11,500,472.00,"236,000.00"
2019-04-08,2019040801009935,NICA,32,33,276,472.00,"130,272.00"
2019-04-08,2019040801009934,NICA,32,50,105,472.00,"49,560.00"
2019-04-08,2019040801009893,NICA,7,50,20,472.00,"9,440.00"
2019-04-08,2019040801010036,NICA,43,32,300,468.00,"140,400.00"
2019-04-08,2019040801010035,NICA,38,32,200,468.00,"93,600.00"
2019-04-08,2019040801010034,NICA,14,32,70,468.00,"32,760.00"
2019-04-08,2019040801010033,NICA,49,32,100,469.00,"46,900.00"
2019-04-08,2019040801009984,NICA,28,35,18,474.00,"8,532.00"
2019-04-08,2019040801009983,NICA,28,14,31,473.00,"14,663.00"
2019-04-08,2019040801010273,NIL,57,46,200,530.00,"106,000.00"
2019-04-08,2019040801010272,NIL,53,46,500,530.00,"265,000.00"
2019-04-08,2019040801010054,NIL,26,32,54,529.00,"28,566.00"
2019-04-08,2019040801010053,NIL,50,32,200,530.00,"106,000.00"
2019-04-08,2019040801010024,NIL,53,53,75,531.00,"39,825.00"
2019-04-08,2019040801010016,NIL,21,38,100,533.00,"53,300.00"
2019-04-08,2019040801009961,NIL,16,16,50,530.00,"26,500.00"
2019-04-08,2019040801009884,NIL,52,16,100,530.00,"53,000.00"
2019-04-08,2019040801010247,NLIC,50,57,17,"1,110.00","18,870.00"
2019-04-08,2019040801010246,NLIC,50,57,69,"1,110.00","76,590.00"
2019-04-08,2019040801010245,NLIC,50,57,69,"1,110.00","76,590.00"
2019-04-08,2019040801010043,NLIC,18,38,50,"1,112.00","55,600.00"
2019-04-08,2019040801010042,NLIC,18,52,17,"1,111.00","18,887.00"
2019-04-08,2019040801009913,NLIC,59,19,17,"1,112.00","18,904.00"
2019-04-08,2019040801009867,NLIC,36,26,2,"1,105.00","2,210.00"
2019-04-08,2019040801009866,NLIC,16,26,15,"1,107.00","16,605.00"
2019-04-08,2019040801010201,NLICL,49,49,300,595.00,"178,500.00"
2019-04-08,2019040801010006,NLICL,34,3,33,595.00,"19,635.00"
2019-04-08,2019040801009952,NLICL,34,3,100,595.00,"59,500.00"
2019-04-08,2019040801009951,NLICL,34,44,200,594.00,"118,800.00"
2019-04-08,2019040801009950,NLICL,34,22,15,593.00,"8,895.00"
2019-04-08,2019040801009949,NLICL,34,28,152,593.00,"90,136.00"
2019-04-08,2019040801010349,NMB,49,58,25,358.00,"8,950.00"
2019-04-08,2019040801010277,NMB,37,58,200,358.00,"71,600.00"
2019-04-08,2019040801010276,NMB,50,58,500,358.00,"179,000.00"
2019-04-08,2019040801010275,NMB,14,58,40,358.00,"14,320.00"
2019-04-08,2019040801010129,NMB,14,25,60,358.00,"21,480.00"
2019-04-08,2019040801010128,NMB,45,25,40,358.00,"14,320.00"
2019-04-08,2019040801009990,NMB,10,51,400,359.00,"143,600.00"
2019-04-08,2019040801009944,NMB,7,51,22,359.00,"7,898.00"
2019-04-08,2019040801009943,NMB,26,51,78,359.00,"28,002.00"
2019-04-08,2019040801010109,NMB,45,36,100,358.00,"35,800.00"
2019-04-08,2019040801010077,NMB,44,47,10,359.00,"3,590.00"
2019-04-08,2019040801010063,NMB,45,32,48,358.00,"17,184.00"
2019-04-08,2019040801010047,NMB,45,45,12,358.00,"4,296.00"
2019-04-08,2019040801010007,NMB,40,47,400,358.00,"143,200.00"
2019-04-08,2019040801009991,NMB,10,55,100,359.00,"35,900.00"
2019-04-08,2019040801009873,NMBMF,18,56,10,"1,065.00","10,650.00"
2019-04-08,2019040801010305,NNLB,42,32,10,441.00,"4,410.00"
2019-04-08,2019040801010235,NNLB,37,16,23,433.00,"9,959.00"
2019-04-08,2019040801010203,NNLB,55,16,100,433.00,"43,300.00"
2019-04-08,2019040801010186,NNLB,7,16,57,433.00,"24,681.00"
2019-04-08,2019040801010055,NNLB,42,16,20,433.00,"8,660.00"
2019-04-08,2019040801010345,NTC,42,6,30,679.00,"20,370.00"
2019-04-08,2019040801010121,NTC,38,6,17,680.00,"11,560.00"
2019-04-08,2019040801010257,NUBL,50,13,28,764.00,"21,392.00"
2019-04-08,2019040801010120,NUBL,26,42,250,763.00,"190,750.00"
2019-04-08,2019040801009976,NUBL,11,36,12,756.00,"9,072.00"
2019-04-08,2019040801009975,NUBL,39,36,188,756.00,"142,128.00"
2019-04-08,2019040801009974,NUBL,39,36,100,757.00,"75,700.00"
2019-04-08,2019040801009946,NUBL,26,42,300,763.00,"228,900.00"
2019-04-08,2019040801009926,NUBL,45,42,10,763.00,"7,630.00"
2019-04-08,2019040801010135,OHL,42,45,15,450.00,"6,750.00"
2019-04-08,2019040801010344,PCBL,6,4,500,334.00,"167,000.00"
2019-04-08,2019040801010292,PCBL,56,6,21,333.00,"6,993.00"
2019-04-08,2019040801010279,PCBL,56,57,18,333.00,"5,994.00"
2019-04-08,2019040801010229,PCBL,21,4,100,334.00,"33,400.00"
2019-04-08,2019040801010177,PCBL,56,4,900,333.00,"299,700.00"
2019-04-08,2019040801010106,PCBL,56,34,195,333.00,"64,935.00"
2019-04-08,2019040801010082,PCBL,56,32,224,333.00,"74,592.00"
2019-04-08,2019040801009909,PCBL,56,42,100,333.00,"33,300.00"
2019-04-08,2019040801010342,PLIC,1,7,100,470.00,"47,000.00"
2019-04-08,2019040801010341,PLIC,40,7,50,471.00,"23,550.00"
2019-04-08,2019040801010282,PLIC,26,28,118,470.00,"55,460.00"
2019-04-08,2019040801010281,PLIC,22,28,30,471.00,"14,130.00"
2019-04-08,2019040801010211,PLIC,26,32,22,470.00,"10,340.00"
2019-04-08,2019040801010210,PLIC,21,32,100,470.00,"47,000.00"
2019-04-08,2019040801010138,PLIC,53,53,204,471.00,"96,084.00"
2019-04-08,2019040801010316,PMHPL,38,38,10,114.00,"1,140.00"
2019-04-08,2019040801010217,PMHPL,11,49,40,113.00,"4,520.00"
2019-04-08,2019040801010216,PMHPL,11,49,60,113.00,"6,780.00"
2019-04-08,2019040801010198,PMHPL,11,38,10,112.00,"1,120.00"
2019-04-08,2019040801010123,PMHPL,56,38,10,111.00,"1,110.00"
2019-04-08,2019040801009978,PMHPL,11,40,10,110.00,"1,100.00"
2019-04-08,2019040801009874,PMHPL,11,25,10,110.00,"1,100.00"
2019-04-08,2019040801010317,PRIN,41,32,600,430.00,"258,000.00"
2019-04-08,2019040801010308,PRIN,57,45,220,433.00,"95,260.00"
2019-04-08,2019040801010307,PRIN,57,34,200,433.00,"86,600.00"
2019-04-08,2019040801010306,PRIN,57,7,80,432.00,"34,560.00"
2019-04-08,2019040801010250,PRIN,29,32,240,431.00,"103,440.00"
2019-04-08,2019040801010076,PRIN,1,32,160,431.00,"68,960.00"
2019-04-08,2019040801010075,PRIN,1,22,100,430.00,"43,000.00"
2019-04-08,2019040801009892,PRIN,21,32,100,431.00,"43,100.00"
2019-04-08,2019040801010340,PRVU,44,58,593,250.00,"148,250.00"
2019-04-08,2019040801010339,PRVU,16,58,"1,407",250.00,"351,750.00"
2019-04-08,2019040801010315,PRVU,5,35,500,251.00,"125,500.00"
2019-04-08,2019040801010314,PRVU,42,35,400,251.00,"100,400.00"
2019-04-08,2019040801010313,PRVU,28,35,20,251.00,"5,020.00"
2019-04-08,2019040801010012,PRVU,28,58,567,251.00,"142,317.00"
2019-04-08,2019040801010011,PRVU,36,58,600,251.00,"150,600.00"
2019-04-08,2019040801010008,PRVU,36,45,400,251.00,"100,400.00"
2019-04-08,2019040801009881,PRVU,19,34,289,252.00,"72,828.00"
2019-04-08,2019040801009880,PRVU,19,49,111,252.00,"27,972.00"
2019-04-08,2019040801010304,PRVU,28,16,100,251.00,"25,100.00"
2019-04-08,2019040801010048,PRVU,28,45,500,251.00,"125,500.00"
2019-04-08,2019040801010027,PRVU,28,42,380,251.00,"95,380.00"
2019-04-08,2019040801010013,PRVU,28,34,433,252.00,"109,116.00"
2019-04-08,2019040801010046,RADHI,54,19,215,171.00,"36,765.00"
2019-04-08,2019040801009888,RADHI,54,25,11,171.00,"1,881.00"
2019-04-08,2019040801010338,RBCL,16,37,10,"9,199.00","91,990.00"
2019-04-08,2019040801010337,RBCL,16,37,10,"9,180.00","91,800.00"
2019-04-08,2019040801009999,RMDC,48,6,100,550.00,"55,000.00"
2019-04-08,2019040801009998,RMDC,48,6,150,550.00,"82,500.00"
2019-04-08,2019040801009997,RMDC,48,41,100,549.00,"54,900.00"
2019-04-08,2019040801009996,RMDC,48,19,26,548.00,"14,248.00"
2019-04-08,2019040801010144,RRHP,39,26,10,92.00,920.00
2019-04-08,2019040801009914,RRHP,39,40,10,92.00,920.00
2019-04-08,2019040801009899,RRHP,39,25,10,92.00,920.00
2019-04-08,2019040801010131,SADBL,28,42,260,144.00,"37,440.00"
2019-04-08,2019040801010130,SADBL,59,42,57,144.00,"8,208.00"
2019-04-08,2019040801010019,SADBL,36,5,"2,000",145.00,"290,000.00"
2019-04-08,2019040801010322,SANIMA,41,34,200,324.00,"64,800.00"
2019-04-08,2019040801010321,SANIMA,41,57,125,324.00,"40,500.00"
2019-04-08,2019040801010320,SANIMA,41,58,216,323.00,"69,768.00"
2019-04-08,2019040801010319,SANIMA,41,49,40,323.00,"12,920.00"
2019-04-08,2019040801010175,SANIMA,48,42,200,321.00,"64,200.00"
2019-04-08,2019040801010140,SANIMA,48,1,266,321.00,"85,386.00"
2019-04-08,2019040801010028,SANIMA,34,29,500,321.00,"160,500.00"
2019-04-08,2019040801009897,SANIMA,56,38,500,322.00,"161,000.00"
2019-04-08,2019040801009896,SANIMA,56,49,890,322.00,"286,580.00"
2019-04-08,2019040801009894,SBBLJ,42,55,10,198.00,"1,980.00"
2019-04-08,2019040801009986,SBI,33,55,50,416.00,"20,800.00"
2019-04-08,2019040801009973,SBI,21,49,100,420.00,"42,000.00"
2019-04-08,2019040801010298,SBL,52,43,500,315.00,"157,500.00"
2019-04-08,2019040801010297,SBL,11,43,54,315.00,"17,010.00"
2019-04-08,2019040801010296,SBL,58,43,250,316.00,"79,000.00"
2019-04-08,2019040801010295,SBL,11,43,100,316.00,"31,600.00"
2019-04-08,2019040801010000,SBL,32,45,500,318.00,"159,000.00"
2019-04-08,2019040801009933,SBL,21,22,100,317.00,"31,700.00"
2019-04-08,2019040801010243,SCB,21,25,90,596.00,"53,640.00"
2019-04-08,2019040801010242,SCB,21,44,10,595.00,"5,950.00"
2019-04-08,2019040801010059,SDESI,3,17,50,550.00,"27,500.00"
2019-04-08,2019040801010058,SDESI,3,17,10,550.00,"5,500.00"
2019-04-08,2019040801010360,SHIVM,14,11,80,329.00,"26,320.00"
2019-04-08,2019040801010359,SHIVM,14,11,80,329.00,"26,320.00"
2019-04-08,2019040801010358,SHIVM,14,44,460,329.00,"151,340.00"
2019-04-08,2019040801010354,SHIVM,58,39,50,328.00,"16,400.00"
2019-04-08,2019040801010348,SHIVM,58,10,50,328.00,"16,400.00"
2019-04-08,2019040801010303,SHIVM,58,22,30,328.00,"9,840.00"
2019-04-08,2019040801010072,SHIVM,58,56,50,328.00,"16,400.00"
2019-04-08,2019040801010071,SHIVM,58,1,50,328.00,"16,400.00"
2019-04-08,2019040801010070,SHIVM,58,56,50,328.00,"16,400.00"
2019-04-08,2019040801010061,SHIVM,33,44,50,327.00,"16,350.00"
2019-04-08,2019040801010039,SHIVM,33,39,50,327.00,"16,350.00"
2019-04-08,2019040801010117,SHIVM,58,59,50,328.00,"16,400.00"
2019-04-08,2019040801010115,SHIVM,58,42,50,328.00,"16,400.00"
2019-04-08,2019040801010091,SHIVM,58,59,50,328.00,"16,400.00"
2019-04-08,2019040801010086,SHIVM,58,56,60,328.00,"19,680.00"
2019-04-08,2019040801010074,SHIVM,58,56,60,328.00,"19,680.00"
2019-04-08,2019040801010073,SHIVM,58,56,60,328.00,"19,680.00"
2019-04-08,2019040801010148,SHIVM,54,11,50,329.00,"16,450.00"
2019-04-08,2019040801010147,SHIVM,54,11,50,329.00,"16,450.00"
2019-04-08,2019040801010146,SHIVM,54,11,50,329.00,"16,450.00"
2019-04-08,2019040801010145,SHIVM,54,33,500,329.00,"164,500.00"
2019-04-08,2019040801010139,SHIVM,58,19,80,328.00,"26,240.00"
2019-04-08,2019040801010119,SHIVM,58,39,50,328.00,"16,400.00"
2019-04-08,2019040801010154,SHIVM,54,26,100,330.00,"33,000.00"
2019-04-08,2019040801010153,SHIVM,54,11,50,329.00,"16,450.00"
2019-04-08,2019040801010152,SHIVM,54,11,50,329.00,"16,450.00"
2019-04-08,2019040801010151,SHIVM,54,42,50,329.00,"16,450.00"
2019-04-08,2019040801010150,SHIVM,54,11,50,329.00,"16,450.00"
2019-04-08,2019040801010149,SHIVM,54,11,50,329.00,"16,450.00"
2019-04-08,2019040801010160,SHIVM,54,42,50,330.00,"16,500.00"
2019-04-08,2019040801010159,SHIVM,54,39,"1,000",330.00,"330,000.00"
2019-04-08,2019040801010158,SHIVM,54,16,700,330.00,"231,000.00"
2019-04-08,2019040801010157,SHIVM,54,39,50,330.00,"16,500.00"
2019-04-08,2019040801010156,SHIVM,54,5,50,330.00,"16,500.00"
2019-04-08,2019040801010155,SHIVM,54,26,200,330.00,"66,000.00"
2019-04-08,2019040801010166,SHIVM,54,49,100,330.00,"33,000.00"
2019-04-08,2019040801010165,SHIVM,54,58,"1,000",330.00,"330,000.00"
2019-04-08,2019040801010164,SHIVM,54,19,60,330.00,"19,800.00"
2019-04-08,2019040801010163,SHIVM,54,42,50,330.00,"16,500.00"
2019-04-08,2019040801010162,SHIVM,54,39,50,330.00,"16,500.00"
2019-04-08,2019040801010161,SHIVM,54,32,50,330.00,"16,500.00"
2019-04-08,2019040801010244,SHIVM,58,10,50,328.00,"16,400.00"
2019-04-08,2019040801010220,SHIVM,58,10,50,328.00,"16,400.00"
2019-04-08,2019040801010208,SHIVM,58,10,50,328.00,"16,400.00"
2019-04-08,2019040801010200,SHIVM,54,44,540,329.00,"177,660.00"
2019-04-08,2019040801010191,SHIVM,54,11,50,329.00,"16,450.00"
2019-04-08,2019040801010176,SHIVM,54,11,50,329.00,"16,450.00"
2019-04-08,2019040801010060,SIC,45,58,75,"1,300.00","97,500.00"
2019-04-08,2019040801009910,SIC,13,58,37,"1,300.00","48,100.00"
2019-04-08,2019040801009906,SIL,6,40,150,624.00,"93,600.00"
2019-04-08,2019040801010329,SKBBL,48,22,10,913.00,"9,130.00"
2019-04-08,2019040801010260,SKBBL,10,47,10,910.00,"9,100.00"
2019-04-08,2019040801010259,SKBBL,10,54,125,910.00,"113,750.00"
2019-04-08,2019040801010258,SKBBL,10,48,52,910.00,"47,320.00"
2019-04-08,2019040801010233,SKBBL,14,48,10,910.00,"9,100.00"
2019-04-08,2019040801010232,SKBBL,14,7,10,909.00,"9,090.00"
2019-04-08,2019040801010083,SKBBL,14,57,25,888.00,"22,200.00"
2019-04-08,2019040801010005,SKBBL,47,57,225,888.00,"199,800.00"
2019-04-08,2019040801010004,SKBBL,47,42,25,887.00,"22,175.00"
2019-04-08,2019040801009979,SKBBL,47,57,100,888.00,"88,800.00"
2019-04-08,2019040801009932,SKBBL,47,41,23,887.00,"20,401.00"
2019-04-08,2019040801010231,SKBBL,14,8,25,909.00,"22,725.00"
2019-04-08,2019040801010190,SKBBL,57,8,200,902.00,"180,400.00"
2019-04-08,2019040801010136,SKBBL,14,45,10,900.00,"9,000.00"
2019-04-08,2019040801010125,SKBBL,57,45,200,897.00,"179,400.00"
2019-04-08,2019040801010085,SKBBL,14,59,50,894.00,"44,700.00"
2019-04-08,2019040801010084,SKBBL,14,49,37,893.00,"33,041.00"
2019-04-08,2019040801010104,SLBBL,45,42,50,507.00,"25,350.00"
2019-04-08,2019040801010103,SLBBL,45,32,35,502.00,"17,570.00"
2019-04-08,2019040801010102,SLBBL,45,39,20,502.00,"10,040.00"
2019-04-08,2019040801010089,SLBBL,45,6,109,499.00,"54,391.00"
2019-04-08,2019040801010105,SLBBL,45,49,50,507.00,"25,350.00"
2019-04-08,2019040801010018,SLICL,34,32,233,550.00,"128,150.00"
2019-04-08,2019040801010017,SLICL,34,38,67,549.00,"36,783.00"
2019-04-08,2019040801009879,SLICL,58,4,200,543.00,"108,600.00"
2019-04-08,2019040801009865,SLICL,5,4,300,543.00,"162,900.00"
2019-04-08,2019040801010270,SMB,13,13,10,609.00,"6,090.00"
2019-04-08,2019040801010207,SMFDB,32,56,20,658.00,"13,160.00"
2019-04-08,2019040801010206,SMFDB,32,1,50,658.00,"32,900.00"
2019-04-08,2019040801009911,SPDL,39,25,10,100.00,"1,000.00"
2019-04-08,2019040801010335,SRBL,35,16,"1,000",237.00,"237,000.00"
2019-04-08,2019040801010326,SRBL,44,50,375,238.00,"89,250.00"
2019-04-08,2019040801010264,SRBL,33,44,65,239.00,"15,535.00"
2019-04-08,2019040801010174,SRBL,44,32,"1,075",238.00,"255,850.00"
2019-04-08,2019040801010126,SRBL,21,44,100,239.00,"23,900.00"
2019-04-08,2019040801010052,SRBL,45,44,25,239.00,"5,975.00"
2019-04-08,2019040801009958,SRBL,44,22,"1,207",238.00,"287,266.00"
2019-04-08,2019040801009907,SRBL,44,58,343,238.00,"81,634.00"
2019-04-08,2019040801010332,SWBBL,25,29,50,840.00,"42,000.00"
2019-04-08,2019040801010331,SWBBL,25,39,46,840.00,"38,640.00"
2019-04-08,2019040801010330,SWBBL,25,34,83,836.00,"69,388.00"
2019-04-08,2019040801010356,TRH,54,57,"2,840",240.00,"681,600.00"
2019-04-08,2019040801010355,TRH,22,57,300,241.00,"72,300.00"
2019-04-08,2019040801010252,TRH,54,25,160,240.00,"38,400.00"
2019-04-08,2019040801010251,TRH,19,25,40,243.00,"9,720.00"
2019-04-08,2019040801010050,UMHL,13,25,10,114.00,"1,140.00"
2019-04-08,2019040801010049,UMHL,13,46,73,114.00,"8,322.00"
2019-04-08,2019040801010213,UPCL,58,35,10,96.00,960.00
2019-04-08,2019040801010212,UPCL,58,57,50,95.00,"4,750.00"
2019-04-08,2019040801010068,UPCL,22,57,100,95.00,"9,500.00"
2019-04-08,2019040801009938,UPCL,47,57,120,94.00,"11,280.00"
2019-04-08,2019040801009917,UPCL,47,25,50,94.00,"4,700.00"
2019-04-08,2019040801009870,UPCL,47,45,50,94.00,"4,700.00"
2019-04-08,2019040801009869,UPCL,47,47,60,94.00,"5,640.00"
2019-04-08,2019040801010347,UPPER,38,45,50,235.00,"11,750.00"
2019-04-08,2019040801010343,UPPER,57,57,50,234.00,"11,700.00"
2019-04-08,2019040801010328,UPPER,57,1,40,234.00,"9,360.00"
2019-04-08,2019040801010327,UPPER,40,1,10,235.00,"2,350.00"
2019-04-08,2019040801010294,UPPER,40,45,40,235.00,"9,400.00"
2019-04-08,2019040801010293,UPPER,40,38,50,235.00,"11,750.00"
2019-04-08,2019040801009872,UPPER,57,44,40,234.00,"9,360.00"
2019-04-08,2019040801009919,UPPER,57,45,50,234.00,"11,700.00"
2019-04-08,2019040801009912,UPPER,57,44,40,234.00,"9,360.00"
2019-04-08,2019040801009908,UPPER,57,40,10,234.00,"2,340.00"
2019-04-08,2019040801009889,UPPER,57,44,50,234.00,"11,700.00"
2019-04-08,2019040801009882,UPPER,57,40,10,234.00,"2,340.00"
2019-04-08,2019040801009963,UPPER,57,38,40,234.00,"9,360.00"
2019-04-08,2019040801009960,UPPER,57,40,10,234.00,"2,340.00"
2019-04-08,2019040801009953,UPPER,57,44,50,234.00,"11,700.00"
2019-04-08,2019040801009945,UPPER,57,45,50,234.00,"11,700.00"
2019-04-08,2019040801009942,UPPER,57,40,10,234.00,"2,340.00"
2019-04-08,2019040801009927,UPPER,57,44,50,234.00,"11,700.00"
2019-04-08,2019040801010025,UPPER,57,40,10,234.00,"2,340.00"
2019-04-08,2019040801010014,UPPER,57,44,40,234.00,"9,360.00"
2019-04-08,2019040801010010,UPPER,57,40,10,234.00,"2,340.00"
2019-04-08,2019040801009966,UPPER,38,39,40,235.00,"9,400.00"
2019-04-08,2019040801010090,UPPER,57,4,50,234.00,"11,700.00"
2019-04-08,2019040801010065,UPPER,57,44,50,234.00,"11,700.00"
2019-04-08,2019040801010169,UPPER,57,59,50,234.00,"11,700.00"
2019-04-08,2019040801010137,UPPER,42,39,60,235.00,"14,100.00"
2019-04-08,2019040801010124,UPPER,57,42,60,234.00,"14,040.00"
2019-04-08,2019040801010112,UPPER,57,4,50,234.00,"11,700.00"
2019-04-08,2019040801010111,UPPER,57,28,40,234.00,"9,360.00"
2019-04-08,2019040801010223,UPPER,40,41,20,235.00,"4,700.00"
2019-04-08,2019040801010222,UPPER,40,39,340,235.00,"79,900.00"
2019-04-08,2019040801010199,UPPER,38,39,40,235.00,"9,400.00"
2019-04-08,2019040801010194,UPPER,57,38,40,234.00,"9,360.00"
2019-04-08,2019040801010179,UPPER,57,4,50,234.00,"11,700.00"
2019-04-08,2019040801010171,UPPER,57,4,50,234.00,"11,700.00"
2019-04-08,2019040801010263,UPPER,38,45,50,235.00,"11,750.00"
2019-04-08,2019040801010227,UPPER,40,14,300,235.00,"70,500.00"
2019-04-08,2019040801010226,UPPER,40,34,50,235.00,"11,750.00"
2019-04-08,2019040801010225,UPPER,40,45,50,235.00,"11,750.00"
2019-04-08,2019040801010224,UPPER,40,39,40,235.00,"9,400.00"
2019-04-08,2019040801009843,ADBL,4,32,139,312.00,"43,368.00"
2019-04-08,2019040801009710,ADBL,4,48,41,312.00,"12,792.00"
2019-04-08,2019040801009668,ADBL,4,40,50,312.00,"15,600.00"
2019-04-08,2019040801009815,AKJCL,14,25,20,77.00,"1,540.00"
2019-04-08,2019040801009708,AKJCL,14,25,10,77.00,770.00
2019-04-08,2019040801009690,AKJCL,25,44,330,78.00,"25,740.00"
2019-04-08,2019040801009604,AKJCL,57,44,510,78.00,"39,780.00"
2019-04-08,2019040801009576,AKJCL,57,25,40,78.00,"3,120.00"
2019-04-08,2019040801009492,AKJCL,57,44,450,78.00,"35,100.00"
2019-04-08,2019040801009373,AKJCL,57,39,20,78.00,"1,560.00"
2019-04-08,2019040801009362,AKJCL,57,39,20,78.00,"1,560.00"
2019-04-08,2019040801009491,AKJCL,57,44,50,78.00,"3,900.00"
2019-04-08,2019040801009428,AKJCL,57,25,10,78.00,780.00
2019-04-08,2019040801009396,AKJCL,57,39,20,78.00,"1,560.00"
2019-04-08,2019040801009388,AKJCL,57,39,20,78.00,"1,560.00"
2019-04-08,2019040801009382,AKJCL,57,39,20,78.00,"1,560.00"
2019-04-08,2019040801009379,AKJCL,57,39,20,78.00,"1,560.00"
2019-04-08,2019040801009826,AKPL,14,25,13,168.00,"2,184.00"
2019-04-08,2019040801009418,AKPL,38,40,13,169.00,"2,197.00"
2019-04-08,2019040801009417,AKPL,14,38,13,168.00,"2,184.00"
2019-04-08,2019040801009634,ALBSL,1,48,10,478.00,"4,780.00"
2019-04-08,2019040801009525,ALBSL,1,29,10,478.00,"4,780.00"
2019-04-08,2019040801009481,ALBSL,1,59,10,478.00,"4,780.00"
2019-04-08,2019040801009682,ALICL,43,44,400,416.00,"166,400.00"
2019-04-08,2019040801009584,ALICL,7,25,300,413.00,"123,900.00"
2019-04-08,2019040801009572,ALICL,7,36,"1,000",414.00,"414,000.00"
2019-04-08,2019040801009571,ALICL,7,44,134,414.00,"55,476.00"
2019-04-08,2019040801009554,ALICL,35,28,71,412.00,"29,252.00"
2019-04-08,2019040801009531,ALICL,38,56,200,413.00,"82,600.00"
2019-04-08,2019040801009435,AMFI,13,13,10,649.00,"6,490.00"
2019-04-08,2019040801009857,API,4,32,10,135.00,"1,350.00"
2019-04-08,2019040801009858,BOKL,14,48,100,262.00,"26,200.00"
2019-04-08,2019040801009833,BOKL,5,34,200,264.00,"52,800.00"
2019-04-08,2019040801009645,BOKL,52,42,400,262.00,"104,800.00"
2019-04-08,2019040801009644,BOKL,29,42,100,263.00,"26,300.00"
2019-04-08,2019040801009574,BOKL,52,36,248,263.00,"65,224.00"
2019-04-08,2019040801009433,BOKL,35,36,452,263.00,"118,876.00"
2019-04-08,2019040801009432,BOKL,35,51,48,263.00,"12,624.00"
2019-04-08,2019040801009730,BPCL,17,48,238,360.00,"85,680.00"
2019-04-08,2019040801009521,BPCL,17,39,33,360.00,"11,880.00"
2019-04-08,2019040801009394,BPCL,1,33,40,361.00,"14,440.00"
2019-04-08,2019040801009527,CBBL,53,59,17,910.00,"15,470.00"
2019-04-08,2019040801009480,CBBL,53,41,20,915.00,"18,300.00"
2019-04-08,2019040801009494,CBL,48,19,161,161.00,"25,921.00"
2019-04-08,2019040801009413,CBL,48,17,"2,253",161.00,"362,733.00"
2019-04-08,2019040801009400,CBL,1,33,10,160.00,"1,600.00"
2019-04-08,2019040801009855,CCBL,33,50,56,172.00,"9,632.00"
2019-04-08,2019040801009854,CCBL,33,37,67,172.00,"11,524.00"
2019-04-08,2019040801009831,CCBL,59,36,650,171.00,"111,150.00"
2019-04-08,2019040801009618,CCBL,29,36,500,171.00,"85,500.00"
2019-04-08,2019040801009423,CCBL,48,56,101,170.00,"17,170.00"
2019-04-08,2019040801009739,CHCL,22,48,100,508.00,"50,800.00"
2019-04-08,2019040801009729,CHCL,22,48,100,508.00,"50,800.00"
2019-04-08,2019040801009844,CHL,45,13,10,104.00,"1,040.00"
2019-04-08,2019040801009647,CHLBS,17,48,10,501.00,"5,010.00"
2019-04-08,2019040801009544,CHLBS,58,59,10,500.00,"5,000.00"
2019-04-08,2019040801009503,CHLBS,58,59,10,500.00,"5,000.00"
2019-04-08,2019040801009412,CHLBS,58,22,10,500.00,"5,000.00"
2019-04-08,2019040801009606,CIT,47,55,61,"2,590.00","157,990.00"
2019-04-08,2019040801009812,CZBIL,34,37,219,222.00,"48,618.00"
2019-04-08,2019040801009764,CZBIL,28,37,"1,000",222.00,"222,000.00"
2019-04-08,2019040801009648,CZBIL,5,37,100,222.00,"22,200.00"
2019-04-08,2019040801009632,CZBIL,14,37,"1,000",222.00,"222,000.00"
2019-04-08,2019040801009374,CZBIL,52,46,160,220.00,"35,200.00"
2019-04-08,2019040801009553,DBBL,48,52,500,127.00,"63,500.00"
2019-04-08,2019040801009533,DBBL,48,52,901,127.00,"114,427.00"
2019-04-08,2019040801009532,DBBL,1,52,299,127.00,"37,973.00"
2019-04-08,2019040801009470,DBBL,34,51,200,128.00,"25,600.00"
2019-04-08,2019040801009681,DDBL,7,44,180,612.00,"110,160.00"
2019-04-08,2019040801009680,DDBL,7,59,150,610.00,"91,500.00"
2019-04-08,2019040801009679,DDBL,7,49,48,609.00,"29,232.00"
2019-04-08,2019040801009770,EBL,36,44,200,610.00,"122,000.00"
2019-04-08,2019040801009769,EBL,36,20,94,610.00,"57,340.00"
2019-04-08,2019040801009757,EBL,49,52,200,609.00,"121,800.00"
2019-04-08,2019040801009522,FMDBL,14,41,42,383.00,"16,086.00"
2019-04-08,2019040801009455,FMDBL,14,10,100,383.00,"38,300.00"
2019-04-08,2019040801009420,FMDBL,14,39,108,382.00,"41,256.00"
2019-04-08,2019040801009419,FMDBL,32,39,130,382.00,"49,660.00"
2019-04-08,2019040801009403,FMDBL,32,11,170,380.00,"64,600.00"
2019-04-08,2019040801009744,GBBL,28,48,72,195.00,"14,040.00"
2019-04-08,2019040801009832,GBIME,7,34,10,278.00,"2,780.00"
2019-04-08,2019040801009711,GBIME,34,28,"1,000",277.00,"277,000.00"
2019-04-08,2019040801009504,GBIME,58,50,100,276.00,"27,600.00"
2019-04-08,2019040801009369,GBIME,58,49,100,276.00,"27,600.00"
2019-04-08,2019040801009368,GBIME,33,49,"1,000",276.00,"276,000.00"
2019-04-08,2019040801009367,GBIME,54,49,400,276.00,"110,400.00"
2019-04-08,2019040801009573,GBLBS,5,48,10,448.00,"4,480.00"
2019-04-08,2019040801009447,GBLBS,5,42,10,448.00,"4,480.00"
2019-04-08,2019040801009696,GLICL,34,59,10,525.00,"5,250.00"
2019-04-08,2019040801009439,GUFL,58,32,10,114.00,"1,140.00"
2019-04-08,2019040801009372,HBL,42,17,20,490.00,"9,800.00"
2019-04-08,2019040801009755,HGI,50,44,100,400.00,"40,000.00"
2019-04-08,2019040801009700,HGI,50,41,140,399.00,"55,860.00"
2019-04-08,2019040801009692,HGI,58,26,165,398.00,"65,670.00"
2019-04-08,2019040801009667,HGI,1,26,300,398.00,"119,400.00"
2019-04-08,2019040801009607,HGI,50,21,35,397.00,"13,895.00"
2019-04-08,2019040801009603,HGI,16,45,300,395.00,"118,500.00"
2019-04-08,2019040801009534,HGI,35,45,300,395.00,"118,500.00"
2019-04-08,2019040801009427,HGI,53,45,100,395.00,"39,500.00"
2019-04-08,2019040801009834,HPPL,1,25,10,183.00,"1,830.00"
2019-04-08,2019040801009728,HPPL,1,25,20,183.00,"3,660.00"
2019-04-08,2019040801009673,HPPL,13,13,10,184.00,"1,840.00"
2019-04-08,2019040801009567,HPPL,1,25,10,183.00,"1,830.00"
2019-04-08,2019040801009478,HPPL,38,38,10,184.00,"1,840.00"
2019-04-08,2019040801009442,HPPL,1,25,10,183.00,"1,830.00"
2019-04-08,2019040801009860,IGI,53,43,140,407.00,"56,980.00"
2019-04-08,2019040801009859,IGI,53,18,60,406.00,"24,360.00"
2019-04-08,2019040801009389,IGI,21,43,40,395.00,"15,800.00"
2019-04-08,2019040801009430,IGI,47,43,200,395.00,"79,000.00"
2019-04-08,2019040801009429,IGI,50,43,100,395.00,"39,500.00"
2019-04-08,2019040801009390,IGI,29,43,200,395.00,"79,000.00"
2019-04-08,2019040801009475,IGI,7,43,200,395.00,"79,000.00"
2019-04-08,2019040801009474,IGI,17,43,100,395.00,"39,500.00"
2019-04-08,2019040801009539,IGI,5,43,500,400.00,"200,000.00"
2019-04-08,2019040801009641,IGI,1,43,300,407.00,"122,100.00"
2019-04-08,2019040801009727,IGI,5,43,200,407.00,"81,400.00"
2019-04-08,2019040801009766,JBBL,49,48,267,141.00,"37,647.00"
2019-04-08,2019040801009600,JBBL,49,52,"1,275",141.00,"179,775.00"
2019-04-08,2019040801009631,JBNL,50,19,"1,045",182.00,"190,190.00"
2019-04-08,2019040801009630,JBNL,50,57,"1,000",182.00,"182,000.00"
