Date,Transact. No.,Symbol,Buyer,Seller,Quantity,Rate,Amount
2019-08-29,2019082901005553,ADBL,45,6,490,426.00,"208,740.00"
2019-08-29,2019082901005552,ADBL,45,45,10,426.00,"4,260.00"
2019-08-29,2019082901005547,ADBL,13,28,115,425.00,"48,875.00"
2019-08-29,2019082901005546,ADBL,6,28,300,425.00,"127,500.00"
2019-08-29,2019082901005541,ADBL,45,57,10,425.00,"4,250.00"
2019-08-29,2019082901005540,ADBL,34,57,488,425.00,"207,400.00"
2019-08-29,2019082901005474,ADBL,34,40,"1,000",425.00,"425,000.00"
2019-08-29,2019082901005438,ADBL,11,45,30,426.00,"12,780.00"
2019-08-29,2019082901005260,ADBL,34,14,300,425.00,"127,500.00"
2019-08-29,2019082901005216,ADBL,34,25,212,425.00,"90,100.00"
2019-08-29,2019082901005200,ADBL,56,45,70,426.00,"29,820.00"
2019-08-29,2019082901005571,AHPC,28,17,242,100.00,"24,200.00"
2019-08-29,2019082901005364,AHPC,49,7,500,100.00,"50,000.00"
2019-08-29,2019082901005287,AKPL,57,17,10,151.00,"1,510.00"
2019-08-29,2019082901005544,ALBSL,6,38,40,441.00,"17,640.00"
2019-08-29,2019082901005543,ALBSL,6,51,10,440.00,"4,400.00"
2019-08-29,2019082901005465,ALBSL,38,51,30,439.00,"13,170.00"
2019-08-29,2019082901005230,ALICL,25,26,30,326.00,"9,780.00"
2019-08-29,2019082901005584,API,25,56,10,124.00,"1,240.00"
2019-08-29,2019082901005575,API,25,45,490,124.00,"60,760.00"
2019-08-29,2019082901005573,API,56,45,10,124.00,"1,240.00"
2019-08-29,2019082901005303,API,25,45,100,124.00,"12,400.00"
2019-08-29,2019082901005219,API,25,45,50,124.00,"6,200.00"
2019-08-29,2019082901005431,API,25,56,40,123.00,"4,920.00"
2019-08-29,2019082901005396,API,25,56,100,121.00,"12,100.00"
2019-08-29,2019082901005383,API,21,56,200,122.00,"24,400.00"
2019-08-29,2019082901005382,API,7,56,10,122.00,"1,220.00"
2019-08-29,2019082901005381,API,47,56,400,122.00,"48,800.00"
2019-08-29,2019082901005380,API,19,56,150,123.00,"18,450.00"
2019-08-29,2019082901005567,API,56,56,50,123.00,"6,150.00"
2019-08-29,2019082901005524,API,56,25,50,123.00,"6,150.00"
2019-08-29,2019082901005481,API,25,56,150,121.00,"18,150.00"
2019-08-29,2019082901005439,API,45,56,400,121.00,"48,400.00"
2019-08-29,2019082901005234,BARUN,56,17,10,84.00,840.00
2019-08-29,2019082901005499,BBC,38,34,10,"1,442.00","14,420.00"
2019-08-29,2019082901005374,BOKL,38,14,100,253.00,"25,300.00"
2019-08-29,2019082901005334,BPCL,51,44,22,384.00,"8,448.00"
2019-08-29,2019082901005293,BPCL,51,44,22,384.00,"8,448.00"
2019-08-29,2019082901005209,BPCL,51,43,69,384.00,"26,496.00"
2019-08-29,2019082901005617,CBBL,44,4,30,968.00,"29,040.00"
2019-08-29,2019082901005485,CBBL,42,39,37,968.00,"35,816.00"
2019-08-29,2019082901005386,CBBL,42,40,100,968.00,"96,800.00"
2019-08-29,2019082901005352,CBBL,42,39,63,968.00,"60,984.00"
2019-08-29,2019082901005351,CBBL,58,39,300,968.00,"290,400.00"
2019-08-29,2019082901005350,CBBL,53,39,48,969.00,"46,512.00"
2019-08-29,2019082901005660,CBL,56,40,400,148.00,"59,200.00"
2019-08-29,2019082901005659,CBL,56,36,190,148.00,"28,120.00"
2019-08-29,2019082901005658,CBL,56,8,44,148.00,"6,512.00"
2019-08-29,2019082901005631,CBL,43,36,10,148.00,"1,480.00"
2019-08-29,2019082901005630,CBL,43,57,40,147.00,"5,880.00"
2019-08-29,2019082901005550,CBL,43,57,10,147.00,"1,470.00"
2019-08-29,2019082901005580,CCBL,39,45,206,158.00,"32,548.00"
2019-08-29,2019082901005482,CCBL,39,35,751,158.00,"118,658.00"
2019-08-29,2019082901005201,CCBL,58,22,100,159.00,"15,900.00"
2019-08-29,2019082901005469,CFCL,59,45,10,117.00,"1,170.00"
2019-08-29,2019082901005333,CHCL,1,38,176,441.00,"77,616.00"
2019-08-29,2019082901005332,CHCL,41,38,20,442.00,"8,840.00"
2019-08-29,2019082901005199,CIT,35,22,50,"2,350.00","117,500.00"
2019-08-29,2019082901005654,CZBIL,50,32,444,217.00,"96,348.00"
2019-08-29,2019082901005653,CZBIL,13,32,50,217.00,"10,850.00"
2019-08-29,2019082901005652,CZBIL,35,32,100,217.00,"21,700.00"
2019-08-29,2019082901005651,CZBIL,21,32,500,217.00,"108,500.00"
2019-08-29,2019082901005650,CZBIL,58,32,500,217.00,"108,500.00"
2019-08-29,2019082901005341,CZBIL,14,28,150,218.00,"32,700.00"
2019-08-29,2019082901005340,CZBIL,14,50,420,218.00,"91,560.00"
2019-08-29,2019082901005264,CZBIL,57,50,10,218.00,"2,180.00"
2019-08-29,2019082901005576,DDBL,34,20,10,755.00,"7,550.00"
2019-08-29,2019082901005526,DDBL,52,34,30,746.00,"22,380.00"
2019-08-29,2019082901005642,EBL,34,58,10,644.00,"6,440.00"
2019-08-29,2019082901005229,EDBL,49,58,10,278.00,"2,780.00"
2019-08-29,2019082901005626,FMDBL,36,14,50,382.00,"19,100.00"
2019-08-29,2019082901005625,FMDBL,59,14,100,382.00,"38,200.00"
2019-08-29,2019082901005477,FMDBL,45,14,150,383.00,"57,450.00"
2019-08-29,2019082901005476,FMDBL,45,38,100,383.00,"38,300.00"
2019-08-29,2019082901005677,FOWAD,42,32,10,"1,330.00","13,300.00"
2019-08-29,2019082901005645,FOWAD,42,49,15,"1,321.00","19,815.00"
2019-08-29,2019082901005644,FOWAD,54,49,17,"1,322.00","22,474.00"
2019-08-29,2019082901005279,FOWAD,54,38,13,"1,322.00","17,186.00"
2019-08-29,2019082901005278,FOWAD,17,38,10,"1,323.00","13,230.00"
2019-08-29,2019082901005665,GBBL,42,46,50,214.00,"10,700.00"
2019-08-29,2019082901005566,GBBL,56,25,30,213.00,"6,390.00"
2019-08-29,2019082901005545,GBBL,56,25,30,213.00,"6,390.00"
2019-08-29,2019082901005401,GBLBS,17,17,97,347.00,"33,659.00"
2019-08-29,2019082901005400,GBLBS,26,17,50,347.00,"17,350.00"
2019-08-29,2019082901005399,GBLBS,35,17,14,350.00,"4,900.00"
2019-08-29,2019082901005527,GDBL,45,53,283,205.00,"58,015.00"
2019-08-29,2019082901005416,GDBL,38,53,287,205.00,"58,835.00"
2019-08-29,2019082901005388,GDBL,45,53,217,205.00,"44,485.00"
2019-08-29,2019082901005387,GDBL,58,53,283,205.00,"58,015.00"
2019-08-29,2019082901005581,GDBL,49,53,360,205.00,"73,800.00"
2019-08-29,2019082901005531,GDBL,38,53,713,205.00,"146,165.00"
2019-08-29,2019082901005530,GDBL,41,53,30,205.00,"6,150.00"
2019-08-29,2019082901005529,GDBL,25,53,100,205.00,"20,500.00"
2019-08-29,2019082901005528,GDBL,20,53,50,205.00,"10,250.00"
2019-08-29,2019082901005367,GHL,39,28,10,73.00,730.00
2019-08-29,2019082901005217,GHL,59,28,20,74.00,"1,480.00"
2019-08-29,2019082901005284,GILB,36,44,10,750.00,"7,500.00"
2019-08-29,2019082901005437,GLBSL,45,19,10,475.00,"4,750.00"
2019-08-29,2019082901005348,GLBSL,49,38,40,476.00,"19,040.00"
2019-08-29,2019082901005236,GLBSL,49,44,10,476.00,"4,760.00"
2019-08-29,2019082901005503,GLICL,49,25,100,420.00,"42,000.00"
2019-08-29,2019082901005502,GLICL,49,17,58,420.00,"24,360.00"
2019-08-29,2019082901005471,GLICL,34,34,1,410.00,410.00
2019-08-29,2019082901005373,GLICL,26,50,107,418.00,"44,726.00"
2019-08-29,2019082901005358,GLICL,34,50,20,419.00,"8,380.00"
2019-08-29,2019082901005357,GLICL,35,50,21,420.00,"8,820.00"
2019-08-29,2019082901005356,GLICL,22,50,12,420.00,"5,040.00"
2019-08-29,2019082901005248,GMFBS,39,44,10,518.00,"5,180.00"
2019-08-29,2019082901005590,HBL,51,8,40,542.00,"21,680.00"
2019-08-29,2019082901005589,HBL,39,8,100,542.00,"54,200.00"
2019-08-29,2019082901005588,HBL,29,8,20,542.00,"10,840.00"
2019-08-29,2019082901005587,HBL,46,8,90,543.00,"48,870.00"
2019-08-29,2019082901005586,HBL,26,8,200,543.00,"108,600.00"
2019-08-29,2019082901005585,HBL,17,8,50,544.00,"27,200.00"
2019-08-29,2019082901005420,HIDCL,34,39,33,143.00,"4,719.00"
2019-08-29,2019082901005419,HIDCL,34,29,67,143.00,"9,581.00"
2019-08-29,2019082901005505,HURJA,50,34,20,123.00,"2,460.00"
2019-08-29,2019082901005434,HURJA,50,34,20,123.00,"2,460.00"
2019-08-29,2019082901005558,ILBS,57,57,10,455.00,"4,550.00"
2019-08-29,2019082901005282,ILBS,39,58,40,450.00,"18,000.00"
2019-08-29,2019082901005259,ILBS,11,44,10,447.00,"4,470.00"
2019-08-29,2019082901005192,ILBS,11,25,20,447.00,"8,940.00"
2019-08-29,2019082901005191,ILBS,17,25,20,447.00,"8,940.00"
2019-08-29,2019082901005190,ILBS,17,25,60,447.00,"26,820.00"
2019-08-29,2019082901005671,JBBL,49,59,10,162.00,"1,620.00"
2019-08-29,2019082901005643,JBBL,21,59,56,162.00,"9,072.00"
2019-08-29,2019082901005325,JBBL,21,36,194,162.00,"31,428.00"
2019-08-29,2019082901005324,JBBL,49,36,606,162.00,"98,172.00"
2019-08-29,2019082901005283,JBBL,49,44,94,162.00,"15,228.00"
2019-08-29,2019082901005668,JFL,52,43,50,193.00,"9,650.00"
2019-08-29,2019082901005667,JFL,52,25,200,192.00,"38,400.00"
2019-08-29,2019082901005635,JFL,52,25,200,192.00,"38,400.00"
2019-08-29,2019082901005442,JFL,52,25,100,192.00,"19,200.00"
2019-08-29,2019082901005232,JOSHI,33,28,20,66.00,"1,320.00"
2019-08-29,2019082901005570,JSLBB,55,46,29,945.00,"27,405.00"
2019-08-29,2019082901005673,KBL,6,34,300,203.00,"60,900.00"
2019-08-29,2019082901005535,KBL,6,34,100,203.00,"20,300.00"
2019-08-29,2019082901005478,KBL,17,34,300,203.00,"60,900.00"
2019-08-29,2019082901005411,KBL,34,11,309,202.00,"62,418.00"
2019-08-29,2019082901005410,KBL,44,11,500,202.00,"101,000.00"
2019-08-29,2019082901005409,KBL,54,11,"1,000",202.00,"202,000.00"
2019-08-29,2019082901005249,KBL,57,43,10,204.00,"2,040.00"
2019-08-29,2019082901005385,KBL,8,34,100,203.00,"20,300.00"
2019-08-29,2019082901005384,KBL,32,34,74,203.00,"15,022.00"
2019-08-29,2019082901005319,KBL,32,34,126,203.00,"25,578.00"
2019-08-29,2019082901005318,KBL,8,34,100,203.00,"20,300.00"
2019-08-29,2019082901005317,KBL,45,34,500,203.00,"101,500.00"
2019-08-29,2019082901005316,KBL,28,34,274,203.00,"55,622.00"
2019-08-29,2019082901005194,KPCL,1,34,10,82.00,820.00
2019-08-29,2019082901005184,KPCL,1,34,10,82.00,820.00
2019-08-29,2019082901005336,KPCL,1,34,10,82.00,820.00
2019-08-29,2019082901005304,KPCL,1,34,10,82.00,820.00
2019-08-29,2019082901005251,KPCL,1,34,10,82.00,820.00
2019-08-29,2019082901005241,KPCL,1,34,10,82.00,820.00
2019-08-29,2019082901005519,KRBL,46,52,500,104.00,"52,000.00"
2019-08-29,2019082901005518,KRBL,57,52,100,104.00,"10,400.00"
2019-08-29,2019082901005517,KRBL,42,52,20,105.00,"2,100.00"
2019-08-29,2019082901005662,KSBBL,34,4,100,144.00,"14,400.00"
2019-08-29,2019082901005640,KSBBL,34,4,100,144.00,"14,400.00"
2019-08-29,2019082901005620,KSBBL,34,4,100,144.00,"14,400.00"
2019-08-29,2019082901005608,KSBBL,34,32,17,145.00,"2,465.00"
2019-08-29,2019082901005579,KSBBL,34,4,100,144.00,"14,400.00"
2019-08-29,2019082901005569,KSBBL,34,4,200,144.00,"28,800.00"
2019-08-29,2019082901005266,KSBBL,21,4,100,143.00,"14,300.00"
2019-08-29,2019082901005254,KSBBL,21,4,100,143.00,"14,300.00"
2019-08-29,2019082901005240,KSBBL,21,4,100,143.00,"14,300.00"
2019-08-29,2019082901005228,KSBBL,21,4,100,143.00,"14,300.00"
2019-08-29,2019082901005346,KSBBL,6,4,50,143.00,"7,150.00"
2019-08-29,2019082901005335,KSBBL,6,4,100,143.00,"14,300.00"
2019-08-29,2019082901005308,KSBBL,6,4,50,143.00,"7,150.00"
2019-08-29,2019082901005307,KSBBL,1,4,50,143.00,"7,150.00"
2019-08-29,2019082901005294,KSBBL,1,4,50,143.00,"7,150.00"
2019-08-29,2019082901005281,KSBBL,21,4,100,143.00,"14,300.00"
2019-08-29,2019082901005548,KSBBL,34,4,50,144.00,"7,200.00"
2019-08-29,2019082901005521,KSBBL,34,4,100,144.00,"14,400.00"
2019-08-29,2019082901005475,KSBBL,34,4,150,144.00,"21,600.00"
2019-08-29,2019082901005441,KSBBL,6,4,100,143.00,"14,300.00"
2019-08-29,2019082901005432,KSBBL,6,4,150,143.00,"21,450.00"
2019-08-29,2019082901005369,KSBBL,6,4,150,143.00,"21,450.00"
2019-08-29,2019082901005565,LBBL,48,44,265,177.00,"46,905.00"
2019-08-29,2019082901005564,LBBL,59,44,260,177.00,"46,020.00"
2019-08-29,2019082901005227,LBL,32,44,194,212.00,"41,128.00"
2019-08-29,2019082901005226,LBL,38,44,"1,000",212.00,"212,000.00"
2019-08-29,2019082901005225,LBL,34,44,"1,000",212.00,"212,000.00"
2019-08-29,2019082901005224,LBL,38,44,469,212.00,"99,428.00"
2019-08-29,2019082901005672,LGIL,48,48,10,389.00,"3,890.00"
2019-08-29,2019082901005440,LGIL,34,44,190,382.00,"72,580.00"
2019-08-29,2019082901005467,LLBS,57,16,24,739.00,"17,736.00"
2019-08-29,2019082901005415,LLBS,10,33,57,727.00,"41,439.00"
2019-08-29,2019082901005664,MBL,34,29,10,255.00,"2,550.00"
2019-08-29,2019082901005618,MBL,5,58,490,254.00,"124,460.00"
2019-08-29,2019082901005554,MBL,34,58,10,254.00,"2,540.00"
2019-08-29,2019082901005537,MBL,33,44,38,251.00,"9,538.00"
2019-08-29,2019082901005536,MBL,1,44,12,251.00,"3,012.00"
2019-08-29,2019082901005676,MDB,49,57,10,238.00,"2,380.00"
2019-08-29,2019082901005675,MDB,49,45,40,236.00,"9,440.00"
2019-08-29,2019082901005210,MDB,58,49,10,234.00,"2,340.00"
2019-08-29,2019082901005533,MEGA,43,1,10,200.00,"2,000.00"
2019-08-29,2019082901005181,MEGA,33,45,110,200.00,"22,000.00"
2019-08-29,2019082901005180,MEGA,33,6,211,200.00,"42,200.00"
2019-08-29,2019082901005231,MEGA,34,39,111,198.00,"21,978.00"
2019-08-29,2019082901005203,MEGA,39,35,100,199.00,"19,900.00"
2019-08-29,2019082901005202,MEGA,34,35,"2,729",199.00,"543,071.00"
2019-08-29,2019082901005182,MEGA,33,1,257,200.00,"51,400.00"
2019-08-29,2019082901005368,MEGA,44,35,171,199.00,"34,029.00"
2019-08-29,2019082901005522,MERO,45,25,50,564.00,"28,200.00"
2019-08-29,2019082901005443,MERO,45,52,50,564.00,"28,200.00"
2019-08-29,2019082901005331,MERO,25,34,150,564.00,"84,600.00"
2019-08-29,2019082901005265,MERO,44,34,20,564.00,"11,280.00"
2019-08-29,2019082901005183,MERO,6,49,100,563.00,"56,300.00"
2019-08-29,2019082901005418,MFIL,14,6,30,127.00,"3,810.00"
2019-08-29,2019082901005330,MHNL,14,34,40,93.00,"3,720.00"
2019-08-29,2019082901005289,MHNL,14,34,30,93.00,"2,790.00"
2019-08-29,2019082901005269,MHNL,14,34,40,93.00,"3,720.00"
2019-08-29,2019082901005245,MHNL,14,28,30,93.00,"2,790.00"
2019-08-29,2019082901005347,MLBBL,14,17,27,452.00,"12,204.00"
2019-08-29,2019082901005648,MLBL,6,14,72,211.00,"15,192.00"
2019-08-29,2019082901005302,MLBL,16,41,200,212.00,"42,400.00"
2019-08-29,2019082901005452,MNBBL,42,51,18,320.00,"5,760.00"
2019-08-29,2019082901005451,MNBBL,1,51,200,320.00,"64,000.00"
2019-08-29,2019082901005450,MNBBL,48,51,200,320.00,"64,000.00"
2019-08-29,2019082901005449,MNBBL,20,51,60,320.00,"19,200.00"
2019-08-29,2019082901005403,MNBBL,47,21,74,321.00,"23,754.00"
2019-08-29,2019082901005402,MNBBL,19,21,50,321.00,"16,050.00"
2019-08-29,2019082901005448,MNBBL,38,51,200,320.00,"64,000.00"
2019-08-29,2019082901005447,MNBBL,35,51,99,320.00,"31,680.00"
2019-08-29,2019082901005446,MNBBL,14,51,300,320.00,"96,000.00"
2019-08-29,2019082901005445,MNBBL,51,51,148,320.00,"47,360.00"
2019-08-29,2019082901005444,MNBBL,59,51,175,321.00,"56,175.00"
2019-08-29,2019082901005423,MNBBL,59,21,125,321.00,"40,125.00"
2019-08-29,2019082901005461,MSLB,34,34,1,947.00,947.00
2019-08-29,2019082901005393,MSLB,48,51,10,966.00,"9,660.00"
2019-08-29,2019082901005510,NABIL,22,13,60,770.00,"46,200.00"
2019-08-29,2019082901005473,NABIL,34,55,985,769.00,"757,465.00"
2019-08-29,2019082901005353,NABIL,14,13,25,771.00,"19,275.00"
2019-08-29,2019082901005292,NABIL,49,13,50,770.00,"38,500.00"
2019-08-29,2019082901005291,NABIL,41,13,150,770.00,"115,500.00"
2019-08-29,2019082901005290,NABIL,41,13,68,770.00,"52,360.00"
2019-08-29,2019082901005186,NADEP,45,26,70,471.00,"32,970.00"
2019-08-29,2019082901005414,NADEP,38,35,200,478.00,"95,600.00"
2019-08-29,2019082901005337,NADEP,57,43,10,477.00,"4,770.00"
2019-08-29,2019082901005408,NBB,34,57,549,211.00,"115,839.00"
2019-08-29,2019082901005407,NBB,56,57,"1,000",211.00,"211,000.00"
2019-08-29,2019082901005406,NBB,57,57,200,211.00,"42,200.00"
2019-08-29,2019082901005405,NBB,25,57,131,211.00,"27,641.00"
2019-08-29,2019082901005328,NBB,25,46,69,211.00,"14,559.00"
2019-08-29,2019082901005649,NBL,33,25,10,323.00,"3,230.00"
2019-08-29,2019082901005619,NBL,56,39,50,322.00,"16,100.00"
2019-08-29,2019082901005344,NBL,56,35,16,322.00,"5,152.00"
2019-08-29,2019082901005343,NBL,51,35,34,322.00,"10,948.00"
2019-08-29,2019082901005639,NCCB,40,19,488,201.00,"98,088.00"
2019-08-29,2019082901005638,NCCB,7,19,462,201.00,"92,862.00"
2019-08-29,2019082901005637,NCCB,42,19,50,202.00,"10,100.00"
2019-08-29,2019082901005539,NCCB,33,28,10,203.00,"2,030.00"
2019-08-29,2019082901005520,NCCB,32,28,100,203.00,"20,300.00"
2019-08-29,2019082901005430,NCCB,42,50,50,202.00,"10,100.00"
2019-08-29,2019082901005404,NCCB,47,50,50,202.00,"10,100.00"
2019-08-29,2019082901005262,NHDL,45,28,10,110.00,"1,100.00"
2019-08-29,2019082901005532,NIB,34,11,10,464.00,"4,640.00"
2019-08-29,2019082901005389,NIB,1,44,200,461.00,"92,200.00"
2019-08-29,2019082901005360,NIB,34,11,10,464.00,"4,640.00"
2019-08-29,2019082901005314,NIB,1,49,35,461.00,"16,135.00"
2019-08-29,2019082901005313,NIB,1,49,500,461.00,"230,500.00"
2019-08-29,2019082901005312,NIB,51,49,187,461.00,"86,207.00"
2019-08-29,2019082901005296,NIB,1,43,150,461.00,"69,150.00"
2019-08-29,2019082901005295,NIB,38,43,818,461.00,"377,098.00"
2019-08-29,2019082901005270,NIB,38,47,44,461.00,"20,284.00"
2019-08-29,2019082901005246,NIB,38,39,200,461.00,"92,200.00"
2019-08-29,2019082901005239,NIB,5,49,100,462.00,"46,200.00"
2019-08-29,2019082901005178,NIB,38,49,838,461.00,"386,318.00"
2019-08-29,2019082901005311,NIB,59,49,500,461.00,"230,500.00"
2019-08-29,2019082901005310,NIB,1,49,400,461.00,"184,400.00"
2019-08-29,2019082901005309,NIB,1,49,768,461.00,"354,048.00"
2019-08-29,2019082901005300,NIB,45,49,10,462.00,"4,620.00"
2019-08-29,2019082901005298,NIB,1,44,200,461.00,"92,200.00"
2019-08-29,2019082901005297,NIB,1,43,32,461.00,"14,752.00"
2019-08-29,2019082901005362,NIBLPF,22,32,"3,132",6.98,"21,861.36"
2019-08-29,2019082901005361,NIBLPF,22,32,"1,566",6.98,"10,930.68"
2019-08-29,2019082901005323,NIBLPF,45,32,"1,566",6.85,"10,727.10"
2019-08-29,2019082901005363,NIBLPF,22,32,"1,566",6.98,"10,930.68"
2019-08-29,2019082901005453,NIBPO,34,58,10,431.00,"4,310.00"
2019-08-29,2019082901005463,NICA,45,7,426,439.00,"187,014.00"
2019-08-29,2019082901005462,NICA,34,7,574,439.00,"251,986.00"
2019-08-29,2019082901005223,NICA,34,28,"1,000",439.00,"439,000.00"
2019-08-29,2019082901005213,NICA,34,28,426,439.00,"187,014.00"
2019-08-29,2019082901005212,NICA,43,28,100,439.00,"43,900.00"
2019-08-29,2019082901005211,NICA,34,28,474,439.00,"208,086.00"
2019-08-29,2019082901005196,NICA,34,28,"1,000",439.00,"439,000.00"
2019-08-29,2019082901005188,NICA,34,28,600,439.00,"263,400.00"
2019-08-29,2019082901005187,NICA,18,28,400,439.00,"175,600.00"
2019-08-29,2019082901005670,NICL,6,42,50,282.00,"14,100.00"
2019-08-29,2019082901005455,NICL,33,42,15,282.00,"4,230.00"
2019-08-29,2019082901005656,NIL,20,51,100,386.00,"38,600.00"
2019-08-29,2019082901005355,NIL,22,29,50,386.00,"19,300.00"
2019-08-29,2019082901005258,NIL,38,56,50,387.00,"19,350.00"
2019-08-29,2019082901005257,NIL,38,56,100,387.00,"38,700.00"
2019-08-29,2019082901005256,NIL,39,56,100,387.00,"38,700.00"
2019-08-29,2019082901005198,NIL,37,49,10,393.00,"3,930.00"
2019-08-29,2019082901005655,NLG,45,46,10,642.00,"6,420.00"
2019-08-29,2019082901005206,NLG,6,35,12,631.00,"7,572.00"
2019-08-29,2019082901005634,NLIC,36,4,500,829.00,"414,500.00"
2019-08-29,2019082901005633,NLIC,36,4,41,829.00,"33,989.00"
2019-08-29,2019082901005610,NLIC,45,4,25,829.00,"20,725.00"
2019-08-29,2019082901005516,NLIC,25,4,300,828.00,"248,400.00"
2019-08-29,2019082901005515,NLIC,55,4,10,828.00,"8,280.00"
2019-08-29,2019082901005514,NLIC,55,4,10,828.00,"8,280.00"
2019-08-29,2019082901005238,NLIC,35,4,50,830.00,"41,500.00"
2019-08-29,2019082901005513,NLIC,41,4,20,828.00,"16,560.00"
2019-08-29,2019082901005512,NLIC,25,4,50,828.00,"41,400.00"
2019-08-29,2019082901005511,NLIC,26,4,10,828.00,"8,280.00"
2019-08-29,2019082901005464,NLIC,34,4,50,829.00,"41,450.00"
2019-08-29,2019082901005375,NLIC,48,4,100,829.00,"82,900.00"
2019-08-29,2019082901005255,NLIC,43,4,84,829.00,"69,636.00"
2019-08-29,2019082901005483,NLICL,43,42,10,549.00,"5,490.00"
2019-08-29,2019082901005322,NLICL,32,26,153,543.00,"83,079.00"
2019-08-29,2019082901005321,NLICL,43,26,100,543.00,"54,300.00"
2019-08-29,2019082901005320,NLICL,54,26,247,543.00,"134,121.00"
2019-08-29,2019082901005301,NLICL,54,36,15,543.00,"8,145.00"
2019-08-29,2019082901005632,NMBHF1,26,28,300,9.55,"2,865.00"
2019-08-29,2019082901005549,NMBHF1,1,28,"2,000",9.55,"19,100.00"
2019-08-29,2019082901005621,NMBMF,6,50,70,"1,065.00","74,550.00"
2019-08-29,2019082901005359,NMBMF,6,1,30,"1,055.00","31,650.00"
2019-08-29,2019082901005435,NSEWA,39,36,10,433.00,"4,330.00"
2019-08-29,2019082901005501,NTC,43,28,10,667.00,"6,670.00"
2019-08-29,2019082901005500,NTC,34,28,10,667.00,"6,670.00"
2019-08-29,2019082901005480,NTC,34,6,335,665.00,"222,775.00"
2019-08-29,2019082901005466,NTC,56,35,50,664.00,"33,200.00"
2019-08-29,2019082901005421,NTC,33,35,50,664.00,"33,200.00"
2019-08-29,2019082901005349,NTC,58,6,100,665.00,"66,500.00"
2019-08-29,2019082901005627,OHL,35,7,10,580.00,"5,800.00"
2019-08-29,2019082901005244,OHL,44,34,166,569.00,"94,454.00"
2019-08-29,2019082901005243,OHL,34,34,50,569.00,"28,450.00"
2019-08-29,2019082901005242,OHL,44,34,200,570.00,"114,000.00"
2019-08-29,2019082901005288,PFL,17,17,8,133.00,"1,064.00"
2019-08-29,2019082901005647,PIC,8,41,36,410.00,"14,760.00"
2019-08-29,2019082901005609,PIC,8,11,239,406.00,"97,034.00"
2019-08-29,2019082901005459,PIC,20,42,40,402.00,"16,080.00"
2019-08-29,2019082901005458,PIC,32,42,10,402.00,"4,020.00"
2019-08-29,2019082901005457,PIC,51,42,50,403.00,"20,150.00"
2019-08-29,2019082901005372,PIC,34,50,100,405.00,"40,500.00"
2019-08-29,2019082901005339,PIC,40,50,50,405.00,"20,250.00"
2019-08-29,2019082901005306,PIC,52,50,42,403.00,"16,926.00"
2019-08-29,2019082901005674,PICL,6,50,15,445.00,"6,675.00"
2019-08-29,2019082901005669,PLIC,48,42,10,410.00,"4,100.00"
2019-08-29,2019082901005508,PLIC,42,47,150,405.00,"60,750.00"
2019-08-29,2019082901005507,PLIC,14,47,10,406.00,"4,060.00"
2019-08-29,2019082901005506,PLIC,17,47,40,406.00,"16,240.00"
2019-08-29,2019082901005261,PMHPL,49,34,10,99.00,990.00
2019-08-29,2019082901005277,PPCL,47,28,10,100.00,"1,000.00"
2019-08-29,2019082901005661,PRIN,28,51,39,330.00,"12,870.00"
2019-08-29,2019082901005433,PRIN,28,57,100,330.00,"33,000.00"
2019-08-29,2019082901005366,PROFL,52,59,100,104.00,"10,400.00"
2019-08-29,2019082901005595,PRVU,45,19,82,262.00,"21,484.00"
2019-08-29,2019082901005594,PRVU,43,19,50,262.00,"13,100.00"
2019-08-29,2019082901005593,PRVU,13,19,100,262.00,"26,200.00"
2019-08-29,2019082901005592,PRVU,38,19,768,262.00,"201,216.00"
2019-08-29,2019082901005591,PRVU,38,44,25,262.00,"6,550.00"
2019-08-29,2019082901005397,PRVU,49,58,100,263.00,"26,300.00"
2019-08-29,2019082901005534,PRVU,36,58,50,263.00,"13,150.00"
2019-08-29,2019082901005666,RHPL,25,35,10,185.00,"1,850.00"
2019-08-29,2019082901005607,RHPL,14,39,50,183.00,"9,150.00"
2019-08-29,2019082901005606,RHPL,34,39,200,183.00,"36,600.00"
2019-08-29,2019082901005605,RHPL,41,39,500,183.00,"91,500.00"
2019-08-29,2019082901005604,RHPL,21,39,40,183.00,"7,320.00"
2019-08-29,2019082901005603,RHPL,59,39,200,183.00,"36,600.00"
2019-08-29,2019082901005218,RHPL,16,29,40,184.00,"7,360.00"
2019-08-29,2019082901005204,RHPL,16,29,40,184.00,"7,360.00"
2019-08-29,2019082901005195,RHPL,16,43,40,184.00,"7,360.00"
2019-08-29,2019082901005193,RHPL,16,26,200,184.00,"36,800.00"
2019-08-29,2019082901005185,RHPL,16,29,40,184.00,"7,360.00"
2019-08-29,2019082901005428,RHPL,56,29,40,184.00,"7,360.00"
2019-08-29,2019082901005427,RHPL,56,29,40,184.00,"7,360.00"
2019-08-29,2019082901005426,RHPL,56,29,40,184.00,"7,360.00"
2019-08-29,2019082901005425,RHPL,56,29,40,184.00,"7,360.00"
2019-08-29,2019082901005424,RHPL,56,43,40,184.00,"7,360.00"
2019-08-29,2019082901005422,RHPL,16,34,10,184.00,"1,840.00"
2019-08-29,2019082901005602,RHPL,52,39,250,183.00,"45,750.00"
2019-08-29,2019082901005601,RHPL,34,39,760,183.00,"139,080.00"
2019-08-29,2019082901005583,RHPL,34,55,50,183.00,"9,150.00"
2019-08-29,2019082901005572,RHPL,34,44,40,183.00,"7,320.00"
2019-08-29,2019082901005479,RHPL,34,34,10,183.00,"1,830.00"
2019-08-29,2019082901005429,RHPL,56,29,20,184.00,"3,680.00"
2019-08-29,2019082901005538,RMDC,47,58,10,663.00,"6,630.00"
2019-08-29,2019082901005299,RRHP,47,28,10,101.00,"1,010.00"
2019-08-29,2019082901005641,RSDC,4,41,466,349.00,"162,634.00"
2019-08-29,2019082901005197,RSDC,4,33,500,350.00,"175,000.00"
2019-08-29,2019082901005612,SAEF,57,41,"3,300",9.83,"32,439.00"
2019-08-29,2019082901005611,SAEF,57,47,"10,000",9.83,"98,300.00"
2019-08-29,2019082901005398,SANIMA,59,10,30,348.00,"10,440.00"
2019-08-29,2019082901005395,SANIMA,45,10,300,348.00,"104,400.00"
2019-08-29,2019082901005305,SANIMA,14,10,200,348.00,"69,600.00"
2019-08-29,2019082901005222,SANIMA,34,26,18,347.00,"6,246.00"
2019-08-29,2019082901005221,SANIMA,6,26,32,347.00,"11,104.00"
2019-08-29,2019082901005394,SBI,34,43,10,445.00,"4,450.00"
2019-08-29,2019082901005235,SBI,58,51,45,440.00,"19,800.00"
2019-08-29,2019082901005220,SBI,58,58,100,440.00,"44,000.00"
2019-08-29,2019082901005623,SBL,55,58,364,314.00,"114,296.00"
2019-08-29,2019082901005622,SBL,55,28,136,314.00,"42,704.00"
2019-08-29,2019082901005327,SBL,11,28,500,313.00,"156,500.00"
2019-08-29,2019082901005326,SBL,11,43,988,313.00,"309,244.00"
2019-08-29,2019082901005629,SCB,36,10,12,625.00,"7,500.00"
2019-08-29,2019082901005613,SCB,34,10,10,625.00,"6,250.00"
2019-08-29,2019082901005392,SCB,34,29,50,623.00,"31,150.00"
2019-08-29,2019082901005286,SCB,25,6,119,621.00,"73,899.00"
2019-08-29,2019082901005285,SCB,17,6,81,621.00,"50,301.00"
2019-08-29,2019082901005557,SDESI,16,50,45,635.00,"28,575.00"
2019-08-29,2019082901005556,SDESI,10,50,55,635.00,"34,925.00"
2019-08-29,2019082901005417,SDESI,10,21,45,635.00,"28,575.00"
2019-08-29,2019082901005207,SDESI,39,25,15,635.00,"9,525.00"
2019-08-29,2019082901005628,SFFIL,40,6,10,265.00,"2,650.00"
2019-08-29,2019082901005253,SHINE,34,38,39,247.00,"9,633.00"
2019-08-29,2019082901005252,SHINE,22,38,500,248.00,"124,000.00"
2019-08-29,2019082901005504,SHIVM,21,44,20,563.00,"11,260.00"
2019-08-29,2019082901005498,SHIVM,50,32,445,560.00,"249,200.00"
2019-08-29,2019082901005497,SHIVM,50,32,500,560.00,"280,000.00"
2019-08-29,2019082901005496,SHIVM,26,32,20,560.00,"11,200.00"
2019-08-29,2019082901005495,SHIVM,47,32,20,560.00,"11,200.00"
2019-08-29,2019082901005494,SHIVM,32,32,100,560.00,"56,000.00"
2019-08-29,2019082901005329,SHIVM,41,44,200,563.00,"112,600.00"
2019-08-29,2019082901005267,SHIVM,10,44,45,563.00,"25,335.00"
2019-08-29,2019082901005487,SHIVM,19,32,100,561.00,"56,100.00"
2019-08-29,2019082901005486,SHIVM,45,32,20,561.00,"11,220.00"
2019-08-29,2019082901005472,SHIVM,4,44,500,563.00,"281,500.00"
2019-08-29,2019082901005456,SHIVM,10,22,350,562.00,"196,700.00"
2019-08-29,2019082901005413,SHIVM,14,44,100,563.00,"56,300.00"
2019-08-29,2019082901005390,SHIVM,52,44,200,563.00,"112,600.00"
2019-08-29,2019082901005493,SHIVM,57,32,500,560.00,"280,000.00"
2019-08-29,2019082901005492,SHIVM,57,32,10,561.00,"5,610.00"
2019-08-29,2019082901005491,SHIVM,52,32,60,561.00,"33,660.00"
2019-08-29,2019082901005490,SHIVM,42,32,200,561.00,"112,200.00"
2019-08-29,2019082901005489,SHIVM,35,32,15,561.00,"8,415.00"
2019-08-29,2019082901005488,SHIVM,45,32,10,561.00,"5,610.00"
2019-08-29,2019082901005523,SHPC,55,42,"1,100",219.00,"240,900.00"
2019-08-29,2019082901005412,SHPC,57,42,110,218.00,"23,980.00"
2019-08-29,2019082901005274,SHPC,45,29,146,217.00,"31,682.00"
2019-08-29,2019082901005273,SHPC,49,29,250,217.00,"54,250.00"
2019-08-29,2019082901005272,SHPC,13,29,50,217.00,"10,850.00"
2019-08-29,2019082901005271,SHPC,10,29,76,217.00,"16,492.00"
2019-08-29,2019082901005657,SICL,55,56,10,755.00,"7,550.00"
2019-08-29,2019082901005371,SIL,34,25,50,402.00,"20,100.00"
2019-08-29,2019082901005568,SJCL,32,49,20,203.00,"4,060.00"
2019-08-29,2019082901005555,SJCL,32,44,20,203.00,"4,060.00"
2019-08-29,2019082901005468,SJCL,32,34,10,203.00,"2,030.00"
2019-08-29,2019082901005391,SJCL,32,34,10,203.00,"2,030.00"
2019-08-29,2019082901005370,SJCL,10,44,50,204.00,"10,200.00"
2019-08-29,2019082901005214,SJCL,16,43,20,204.00,"4,080.00"
2019-08-29,2019082901005208,SJCL,16,26,200,204.00,"40,800.00"
2019-08-29,2019082901005342,SJCL,44,44,400,204.00,"81,600.00"
2019-08-29,2019082901005338,SJCL,44,39,600,204.00,"122,400.00"
2019-08-29,2019082901005268,SJCL,49,44,500,204.00,"102,000.00"
2019-08-29,2019082901005263,SJCL,49,29,500,204.00,"102,000.00"
2019-08-29,2019082901005237,SJCL,16,43,20,204.00,"4,080.00"
2019-08-29,2019082901005470,SKBBL,29,6,10,979.00,"9,790.00"
2019-08-29,2019082901005454,SKBBL,29,36,97,961.00,"93,217.00"
2019-08-29,2019082901005250,SKBBL,5,36,30,961.00,"28,830.00"
2019-08-29,2019082901005616,SLBSL,7,18,46,737.00,"33,902.00"
2019-08-29,2019082901005615,SLBSL,52,18,34,740.00,"25,160.00"
2019-08-29,2019082901005614,SLBSL,43,18,20,741.00,"14,820.00"
2019-08-29,2019082901005551,SLBSL,35,38,10,744.00,"7,440.00"
2019-08-29,2019082901005460,SLBSL,35,57,50,744.00,"37,200.00"
2019-08-29,2019082901005345,SLICL,25,50,200,284.00,"56,800.00"
2019-08-29,2019082901005189,SLICL,45,6,11,283.00,"3,113.00"
2019-08-29,2019082901005436,SMFBS,57,34,10,817.00,"8,170.00"
2019-08-29,2019082901005354,SMFBS,57,25,10,810.00,"8,100.00"
2019-08-29,2019082901005563,SMFDB,58,45,48,521.00,"25,008.00"
2019-08-29,2019082901005562,SMFDB,55,45,100,521.00,"52,100.00"
2019-08-29,2019082901005561,SMFDB,49,45,100,522.00,"52,200.00"
2019-08-29,2019082901005560,SMFDB,20,45,88,523.00,"46,024.00"
2019-08-29,2019082901005559,SMFDB,48,45,14,525.00,"7,350.00"
2019-08-29,2019082901005636,SPARS,34,25,10,599.00,"5,990.00"
2019-08-29,2019082901005624,SPARS,57,25,10,599.00,"5,990.00"
2019-08-29,2019082901005509,SPARS,11,21,50,590.00,"29,500.00"
2019-08-29,2019082901005663,SWBBL,14,45,12,935.00,"11,220.00"
2019-08-29,2019082901005578,SWBBL,47,32,209,920.00,"192,280.00"
2019-08-29,2019082901005577,SWBBL,26,32,291,920.00,"267,720.00"
2019-08-29,2019082901005205,SWBBL,26,40,42,920.00,"38,640.00"
2019-08-29,2019082901005525,TRH,49,38,300,295.00,"88,500.00"
2019-08-29,2019082901005247,TRH,22,58,300,296.00,"88,800.00"
2019-08-29,2019082901005233,TRH,49,7,"1,000",295.00,"295,000.00"
2019-08-29,2019082901005484,UFL,40,41,37,175.00,"6,475.00"
2019-08-29,2019082901005365,UFL,40,41,100,175.00,"17,500.00"
2019-08-29,2019082901005276,UFL,32,41,200,175.00,"35,000.00"
2019-08-29,2019082901005275,UFL,40,41,43,176.00,"7,568.00"
2019-08-29,2019082901005280,UMHL,7,34,50,105.00,"5,250.00"
2019-08-29,2019082901005315,UPCL,41,28,50,77.00,"3,850.00"
2019-08-29,2019082901005646,UPPER,6,50,71,248.00,"17,608.00"
2019-08-29,2019082901005600,UPPER,6,45,929,247.00,"229,463.00"
2019-08-29,2019082901005599,UPPER,32,45,150,247.00,"37,050.00"
2019-08-29,2019082901005598,UPPER,51,45,40,247.00,"9,880.00"
2019-08-29,2019082901005597,UPPER,44,45,50,247.00,"12,350.00"
2019-08-29,2019082901005596,UPPER,49,45,331,247.00,"81,757.00"
2019-08-29,2019082901005179,UPPER,1,40,50,247.00,"12,350.00"
2019-08-29,2019082901005376,UPPER,1,22,11,247.00,"2,717.00"
2019-08-29,2019082901005215,UPPER,1,40,40,247.00,"9,880.00"
2019-08-29,2019082901005582,UPPER,33,50,10,248.00,"2,480.00"
2019-08-29,2019082901005574,UPPER,34,50,10,248.00,"2,480.00"
2019-08-29,2019082901005542,UPPER,49,44,50,247.00,"12,350.00"
2019-08-29,2019082901005379,UPPER,49,22,119,247.00,"29,393.00"
2019-08-29,2019082901005378,UPPER,33,22,100,247.00,"24,700.00"
2019-08-29,2019082901005377,UPPER,45,22,20,247.00,"4,940.00"
2019-08-29,2019082901005145,ADBL,57,45,90,426.00,"38,340.00"
2019-08-29,2019082901004936,ADBL,34,6,30,426.00,"12,780.00"
2019-08-29,2019082901004935,ADBL,4,6,118,426.00,"50,268.00"
2019-08-29,2019082901004800,ADBL,4,25,32,426.00,"13,632.00"
2019-08-29,2019082901004799,ADBL,41,25,100,426.00,"42,600.00"
2019-08-29,2019082901004779,ADBL,4,21,17,426.00,"7,242.00"
2019-08-29,2019082901004778,ADBL,4,21,100,426.00,"42,600.00"
2019-08-29,2019082901004777,ADBL,4,21,83,426.00,"35,358.00"
2019-08-29,2019082901004682,ADBL,45,52,20,427.00,"8,540.00"
2019-08-29,2019082901004813,AKPL,57,16,10,151.00,"1,510.00"
2019-08-29,2019082901005164,ALBSL,38,32,10,439.00,"4,390.00"
2019-08-29,2019082901005080,ALBSL,52,41,10,439.00,"4,390.00"
2019-08-29,2019082901004955,ALBSL,52,17,25,439.00,"10,975.00"
2019-08-29,2019082901004954,ALBSL,37,17,20,440.00,"8,800.00"
2019-08-29,2019082901004953,ALBSL,19,17,20,440.00,"8,800.00"
2019-08-29,2019082901004952,ALBSL,19,17,20,440.00,"8,800.00"
2019-08-29,2019082901004767,ALBSL,39,51,100,444.00,"44,400.00"
2019-08-29,2019082901004766,ALBSL,39,51,20,444.00,"8,880.00"
2019-08-29,2019082901004765,ALBSL,42,51,30,444.00,"13,320.00"
2019-08-29,2019082901004681,ALBSL,17,35,10,445.00,"4,450.00"
2019-08-29,2019082901004951,ALBSL,45,17,50,440.00,"22,000.00"
2019-08-29,2019082901004950,ALBSL,39,17,50,441.00,"22,050.00"
2019-08-29,2019082901004949,ALBSL,41,17,10,442.00,"4,420.00"
2019-08-29,2019082901004781,ALBSL,39,45,50,443.00,"22,150.00"
2019-08-29,2019082901004780,ALBSL,26,45,50,443.00,"22,150.00"
2019-08-29,2019082901005025,ALICL,16,34,100,327.00,"32,700.00"
2019-08-29,2019082901004771,ALICL,25,57,103,332.00,"34,196.00"
2019-08-29,2019082901005035,API,25,56,50,123.00,"6,150.00"
2019-08-29,2019082901004864,API,56,56,"1,000",121.00,"121,000.00"
2019-08-29,2019082901004863,API,39,56,500,122.00,"61,000.00"
2019-08-29,2019082901004701,API,25,45,50,124.00,"6,200.00"
2019-08-29,2019082901004725,API,22,56,20,122.00,"2,440.00"
2019-08-29,2019082901004724,API,58,56,75,122.00,"9,150.00"
2019-08-29,2019082901004723,API,35,56,700,122.00,"85,400.00"
2019-08-29,2019082901004722,API,14,56,489,123.00,"60,147.00"
2019-08-29,2019082901004736,API,34,56,"1,000",121.00,"121,000.00"
2019-08-29,2019082901004735,API,34,56,500,121.00,"60,500.00"
2019-08-29,2019082901004734,API,43,56,100,121.00,"12,100.00"
2019-08-29,2019082901004728,API,51,56,100,122.00,"12,200.00"
2019-08-29,2019082901004727,API,40,56,"1,000",122.00,"122,000.00"
2019-08-29,2019082901004726,API,52,56,182,122.00,"22,204.00"
2019-08-29,2019082901004792,API,34,56,434,122.00,"52,948.00"
2019-08-29,2019082901004757,API,25,56,"1,200",121.00,"145,200.00"
2019-08-29,2019082901004756,API,25,56,"2,800",121.00,"338,800.00"
2019-08-29,2019082901004738,API,25,56,200,121.00,"24,200.00"
2019-08-29,2019082901004737,API,34,56,200,121.00,"24,200.00"
2019-08-29,2019082901005024,BARUN,56,34,10,84.00,840.00
2019-08-29,2019082901005055,BOKL,21,11,200,254.00,"50,800.00"
2019-08-29,2019082901005054,BOKL,11,11,300,254.00,"76,200.00"
2019-08-29,2019082901005053,BOKL,45,11,100,254.00,"25,400.00"
2019-08-29,2019082901005052,BOKL,4,11,18,254.00,"4,572.00"
2019-08-29,2019082901004932,BOKL,4,19,132,254.00,"33,528.00"
2019-08-29,2019082901004931,BOKL,11,19,591,254.00,"150,114.00"
2019-08-29,2019082901004719,BOKL,22,11,20,255.00,"5,100.00"
2019-08-29,2019082901004709,BPCL,51,47,11,384.00,"4,224.00"
2019-08-29,2019082901004993,CBBL,53,7,52,969.00,"50,388.00"
2019-08-29,2019082901004992,CBBL,49,7,100,969.00,"96,900.00"
2019-08-29,2019082901004991,CBBL,35,7,30,969.00,"29,070.00"
2019-08-29,2019082901004990,CBBL,29,7,200,970.00,"194,000.00"
2019-08-29,2019082901004989,CBBL,44,7,50,970.00,"48,500.00"
2019-08-29,2019082901004988,CBBL,42,7,20,970.00,"19,400.00"
2019-08-29,2019082901004987,CBBL,1,7,48,970.00,"46,560.00"
2019-08-29,2019082901004934,CBL,56,57,100,146.00,"14,600.00"
2019-08-29,2019082901004914,CBL,56,21,500,147.00,"73,500.00"
2019-08-29,2019082901004913,CBL,56,34,140,147.00,"20,580.00"
2019-08-29,2019082901004912,CBL,56,42,55,147.00,"8,085.00"
2019-08-29,2019082901004911,CBL,56,42,50,147.00,"7,350.00"
2019-08-29,2019082901004910,CBL,56,19,238,147.00,"34,986.00"
2019-08-29,2019082901004787,CBL,35,36,73,144.00,"10,512.00"
2019-08-29,2019082901004862,CBL,42,29,250,145.00,"36,250.00"
2019-08-29,2019082901004834,CBL,42,38,200,145.00,"29,000.00"
2019-08-29,2019082901004796,CBL,14,52,100,144.00,"14,400.00"
2019-08-29,2019082901004790,CBL,14,36,630,144.00,"90,720.00"
2019-08-29,2019082901004789,CBL,56,36,100,144.00,"14,400.00"
2019-08-29,2019082901004788,CBL,56,36,500,144.00,"72,000.00"
2019-08-29,2019082901004909,CBL,56,35,50,147.00,"7,350.00"
2019-08-29,2019082901004908,CBL,56,6,500,147.00,"73,500.00"
2019-08-29,2019082901004907,CBL,56,16,297,147.00,"43,659.00"
2019-08-29,2019082901004892,CBL,56,51,65,146.00,"9,490.00"
2019-08-29,2019082901004891,CBL,56,14,636,146.00,"92,856.00"
2019-08-29,2019082901004890,CBL,56,1,829,146.00,"121,034.00"
2019-08-29,2019082901004877,CCBL,34,48,750,158.00,"118,500.00"
2019-08-29,2019082901004768,CCBL,50,55,66,157.00,"10,362.00"
2019-08-29,2019082901004702,CCBL,50,1,144,157.00,"22,608.00"
2019-08-29,2019082901005127,CIT,45,22,11,"2,345.00","25,795.00"
2019-08-29,2019082901005126,CIT,22,22,30,"2,346.00","70,380.00"
2019-08-29,2019082901005079,CIT,22,39,20,"2,346.00","46,920.00"
2019-08-29,2019082901004698,CIT,16,22,20,"2,350.00","47,000.00"
2019-08-29,2019082901004836,CLBSL,55,45,17,500.00,"8,500.00"
2019-08-29,2019082901005085,CZBIL,29,50,72,218.00,"15,696.00"
2019-08-29,2019082901005084,CZBIL,29,7,128,218.00,"27,904.00"
2019-08-29,2019082901005043,CZBIL,51,50,50,218.00,"10,900.00"
2019-08-29,2019082901004855,CZBIL,45,7,30,218.00,"6,540.00"
2019-08-29,2019082901004854,CZBIL,16,7,102,218.00,"22,236.00"
2019-08-29,2019082901004810,DDBL,52,55,15,745.00,"11,175.00"
2019-08-29,2019082901004872,DHPL,22,44,10,57.00,570.00
2019-08-29,2019082901005048,EBL,38,57,650,641.00,"416,650.00"
2019-08-29,2019082901005047,EBL,44,57,100,642.00,"64,200.00"
2019-08-29,2019082901005046,EBL,49,57,50,643.00,"32,150.00"
2019-08-29,2019082901005045,EBL,58,57,100,643.00,"64,300.00"
2019-08-29,2019082901005044,EBL,40,57,100,643.00,"64,300.00"
2019-08-29,2019082901004906,EBL,6,58,100,644.00,"64,400.00"
2019-08-29,2019082901004905,EBL,34,58,20,644.00,"12,880.00"
2019-08-29,2019082901005005,FOWAD,29,32,200,"1,325.00","265,000.00"
2019-08-29,2019082901004897,FOWAD,38,38,2,"1,325.00","2,650.00"
2019-08-29,2019082901005103,GBLBS,35,37,36,350.00,"12,600.00"
2019-08-29,2019082901005102,GBLBS,41,37,100,350.00,"35,000.00"
2019-08-29,2019082901005101,GBLBS,14,37,40,351.00,"14,040.00"
2019-08-29,2019082901005100,GBLBS,43,37,29,352.00,"10,208.00"
2019-08-29,2019082901005070,GBLBS,25,37,225,353.00,"79,425.00"
2019-08-29,2019082901005069,GBLBS,37,37,100,353.00,"35,300.00"
2019-08-29,2019082901005068,GBLBS,37,37,100,353.00,"35,300.00"
2019-08-29,2019082901005067,GBLBS,49,37,100,353.00,"35,300.00"
2019-08-29,2019082901005066,GBLBS,52,37,20,354.00,"7,080.00"
2019-08-29,2019082901005082,GHL,59,28,30,74.00,"2,220.00"
2019-08-29,2019082901005155,GMFBS,10,19,10,522.00,"5,220.00"
2019-08-29,2019082901005098,GMFBS,42,21,30,520.00,"15,600.00"
2019-08-29,2019082901004839,GMFBS,42,35,10,520.00,"5,200.00"
2019-08-29,2019082901004793,GMFBS,42,52,10,520.00,"5,200.00"
2019-08-29,2019082901004744,GMFBS,42,34,50,520.00,"26,000.00"
2019-08-29,2019082901004743,GMFBS,34,34,50,520.00,"26,000.00"
2019-08-29,2019082901004873,GRDBL,39,43,100,108.00,"10,800.00"
2019-08-29,2019082901004997,HDL,40,39,55,"1,553.00","85,415.00"
2019-08-29,2019082901004996,HDL,11,39,200,"1,555.00","311,000.00"
2019-08-29,2019082901004995,HDL,56,39,20,"1,560.00","31,200.00"
2019-08-29,2019082901004994,HDL,58,39,25,"1,560.00","39,000.00"
2019-08-29,2019082901004821,HPPL,36,16,10,148.00,"1,480.00"
2019-08-29,2019082901004753,HURJA,50,29,20,123.00,"2,460.00"
2019-08-29,2019082901005151,ILBS,22,38,120,448.00,"53,760.00"
2019-08-29,2019082901005056,ILBS,17,44,10,447.00,"4,470.00"
2019-08-29,2019082901004938,ILBS,22,38,200,448.00,"89,600.00"
2019-08-29,2019082901004937,ILBS,35,38,30,448.00,"13,440.00"
2019-08-29,2019082901004715,ILBS,35,17,140,448.00,"62,720.00"
2019-08-29,2019082901004714,ILBS,58,17,20,450.00,"9,000.00"
2019-08-29,2019082901004713,ILBS,16,17,30,450.00,"13,500.00"
2019-08-29,2019082901005130,JBBL,49,7,300,162.00,"48,600.00"
2019-08-29,2019082901004752,JFL,52,25,244,192.00,"46,848.00"
2019-08-29,2019082901005118,JOSHI,33,28,20,66.00,"1,320.00"
2019-08-29,2019082901005092,JOSHI,32,55,10,67.00,670.00
2019-08-29,2019082901005091,JOSHI,32,55,20,67.00,"1,340.00"
2019-08-29,2019082901005090,JOSHI,32,55,20,67.00,"1,340.00"
2019-08-29,2019082901004697,JSLBB,59,46,46,945.00,"43,470.00"
2019-08-29,2019082901004696,JSLBB,55,46,25,946.00,"23,650.00"
2019-08-29,2019082901005012,KBL,28,51,226,203.00,"45,878.00"
2019-08-29,2019082901005011,KBL,48,51,100,203.00,"20,300.00"
2019-08-29,2019082901005010,KBL,36,51,100,203.00,"20,300.00"
2019-08-29,2019082901005009,KBL,13,51,20,203.00,"4,060.00"
2019-08-29,2019082901005008,KBL,10,51,50,203.00,"10,150.00"
2019-08-29,2019082901005007,KBL,54,51,200,203.00,"40,600.00"
2019-08-29,2019082901005006,KBL,46,51,304,203.00,"61,712.00"
2019-08-29,2019082901004924,KBL,46,56,106,203.00,"21,518.00"
2019-08-29,2019082901005166,KPCL,1,34,10,82.00,820.00
2019-08-29,2019082901005140,KPCL,1,34,10,82.00,820.00
2019-08-29,2019082901005117,KPCL,1,34,10,82.00,820.00
2019-08-29,2019082901004691,KPCL,1,49,10,82.00,820.00
2019-08-29,2019082901005096,KPCL,1,34,10,82.00,820.00
2019-08-29,2019082901005065,KPCL,1,34,10,82.00,820.00
2019-08-29,2019082901004946,KSBBL,8,8,2,143.00,286.00
2019-08-29,2019082901004904,LBL,39,44,100,213.00,"21,300.00"
2019-08-29,2019082901004784,LBL,38,38,31,212.00,"6,572.00"
2019-08-29,2019082901004783,LBL,32,38,19,212.00,"4,028.00"
2019-08-29,2019082901004742,LBL,22,44,20,213.00,"4,260.00"
2019-08-29,2019082901005094,LGIL,34,5,75,382.00,"28,650.00"
2019-08-29,2019082901005042,LGIL,37,5,300,383.00,"114,900.00"
2019-08-29,2019082901004926,LICN,28,45,84,"1,061.00","89,124.00"
2019-08-29,2019082901004922,LICN,29,35,20,"1,075.00","21,500.00"
2019-08-29,2019082901004812,LICN,29,25,10,"1,075.00","10,750.00"
2019-08-29,2019082901004689,LLBS,58,47,55,726.00,"39,930.00"
2019-08-29,2019082901004688,LLBS,55,47,78,727.00,"56,706.00"
2019-08-29,2019082901005107,MBL,1,49,34,251.00,"8,534.00"
2019-08-29,2019082901005106,MBL,17,49,"1,000",251.00,"251,000.00"
2019-08-29,2019082901005105,MBL,38,49,500,252.00,"126,000.00"
2019-08-29,2019082901005104,MBL,33,49,639,252.00,"161,028.00"
2019-08-29,2019082901004985,MBL,33,34,100,252.00,"25,200.00"
2019-08-29,2019082901004755,MBL,33,1,91,252.00,"22,932.00"
2019-08-29,2019082901005159,MEGA,34,52,271,199.00,"53,929.00"
2019-08-29,2019082901005158,MEGA,48,52,500,199.00,"99,500.00"
2019-08-29,2019082901005157,MEGA,26,52,229,199.00,"45,571.00"
2019-08-29,2019082901004856,MEGA,33,48,354,199.00,"70,446.00"
2019-08-29,2019082901004820,MEGA,33,29,88,199.00,"17,512.00"
2019-08-29,2019082901004975,MEGA,34,21,29,199.00,"5,771.00"
2019-08-29,2019082901004857,MEGA,34,48,46,199.00,"9,154.00"
2019-08-29,2019082901004978,MEGA,26,21,71,199.00,"14,129.00"
2019-08-29,2019082901004977,MEGA,8,21,100,199.00,"19,900.00"
2019-08-29,2019082901004976,MEGA,47,21,100,199.00,"19,900.00"
2019-08-29,2019082901005142,MERO,35,34,20,564.00,"11,280.00"
2019-08-29,2019082901005019,MERO,49,34,50,564.00,"28,200.00"
2019-08-29,2019082901004782,MERO,8,8,1,564.00,564.00
2019-08-29,2019082901004769,MERO,8,8,1,564.00,564.00
2019-08-29,2019082901004710,MERO,8,8,1,564.00,564.00
2019-08-29,2019082901004708,MERO,8,8,1,564.00,564.00
2019-08-29,2019082901004699,MERO,8,8,1,564.00,564.00
2019-08-29,2019082901004692,MERO,8,8,1,564.00,564.00
2019-08-29,2019082901004686,MERO,8,8,1,564.00,564.00
2019-08-29,2019082901005141,MHNL,14,28,30,93.00,"2,790.00"
2019-08-29,2019082901004982,MHNL,14,34,30,93.00,"2,790.00"
2019-08-29,2019082901005061,MLBBL,42,21,19,453.00,"8,607.00"
2019-08-29,2019082901005021,MLBL,33,56,200,212.00,"42,400.00"
2019-08-29,2019082901004866,MLBL,16,56,100,212.00,"21,200.00"
2019-08-29,2019082901004712,MLBL,6,1,75,211.00,"15,825.00"
2019-08-29,2019082901004889,MNBBL,51,19,852,320.00,"272,640.00"
2019-08-29,2019082901004888,MNBBL,41,19,15,321.00,"4,815.00"
2019-08-29,2019082901004887,MNBBL,28,19,50,321.00,"16,050.00"
2019-08-29,2019082901004886,MNBBL,35,19,80,321.00,"25,680.00"
2019-08-29,2019082901004885,MNBBL,4,19,30,322.00,"9,660.00"
2019-08-29,2019082901005150,MSMBS,40,33,20,491.00,"9,820.00"
2019-08-29,2019082901004943,MSMBS,40,19,22,491.00,"10,802.00"
2019-08-29,2019082901004824,NABIL,41,29,34,770.00,"26,180.00"
2019-08-29,2019082901004690,NABIL,41,25,100,770.00,"77,000.00"
2019-08-29,2019082901004685,NABIL,41,13,23,770.00,"17,710.00"
2019-08-29,2019082901005153,NADEP,45,38,35,471.00,"16,485.00"
2019-08-29,2019082901005097,NADEP,45,41,10,471.00,"4,710.00"
2019-08-29,2019082901005089,NADEP,45,38,140,475.00,"66,500.00"
2019-08-29,2019082901005072,NBB,33,13,493,211.00,"104,023.00"
2019-08-29,2019082901004733,NBB,22,57,20,212.00,"4,240.00"
2019-08-29,2019082901005033,NBL,51,14,166,322.00,"53,452.00"
2019-08-29,2019082901005032,NBL,45,14,100,322.00,"32,200.00"
2019-08-29,2019082901005031,NBL,13,14,100,322.00,"32,200.00"
2019-08-29,2019082901005030,NBL,28,14,500,322.00,"161,000.00"
2019-08-29,2019082901005029,NBL,20,14,134,322.00,"43,148.00"
2019-08-29,2019082901004818,NBL,20,52,20,322.00,"6,440.00"
2019-08-29,2019082901004740,NBL,20,1,91,322.00,"29,302.00"
2019-08-29,2019082901005128,NCCB,55,38,200,202.00,"40,400.00"
2019-08-29,2019082901005001,NHPC,33,17,687,58.00,"39,846.00"
2019-08-29,2019082901005000,NHPC,51,17,100,58.00,"5,800.00"
2019-08-29,2019082901004999,NHPC,43,17,100,58.00,"5,800.00"
2019-08-29,2019082901004998,NHPC,42,17,113,58.00,"6,554.00"
2019-08-29,2019082901004851,NHPC,42,52,"1,887",58.00,"109,446.00"
2019-08-29,2019082901004850,NHPC,19,52,100,58.00,"5,800.00"
2019-08-29,2019082901004849,NHPC,49,52,13,58.00,754.00
2019-08-29,2019082901004984,NIB,38,45,100,461.00,"46,100.00"
2019-08-29,2019082901004945,NIB,34,49,62,463.00,"28,706.00"
2019-08-29,2019082901004944,NIB,34,29,38,463.00,"17,594.00"
2019-08-29,2019082901004928,NIB,55,49,100,462.00,"46,200.00"
2019-08-29,2019082901004716,NIB,50,49,43,462.00,"19,866.00"
2019-08-29,2019082901005018,NIBPO,1,28,50,427.00,"21,350.00"
2019-08-29,2019082901005017,NIBPO,35,28,100,427.00,"42,700.00"
2019-08-29,2019082901005016,NIBPO,26,28,20,428.00,"8,560.00"
2019-08-29,2019082901004927,NIBPO,45,28,30,430.00,"12,900.00"
2019-08-29,2019082901005177,NICA,18,26,100,439.00,"43,900.00"
2019-08-29,2019082901005172,NICA,18,28,500,439.00,"219,500.00"
2019-08-29,2019082901005171,NICA,42,28,500,439.00,"219,500.00"
2019-08-29,2019082901005120,NICA,35,28,25,440.00,"11,000.00"
2019-08-29,2019082901004848,NICA,6,28,93,440.00,"40,920.00"
2019-08-29,2019082901004822,NICA,4,28,100,440.00,"44,000.00"
2019-08-29,2019082901004791,NICA,10,6,500,440.00,"220,000.00"
2019-08-29,2019082901004732,NICA,58,6,100,440.00,"44,000.00"
2019-08-29,2019082901005123,NICL,33,42,85,282.00,"23,970.00"
2019-08-29,2019082901005122,NICL,39,42,50,283.00,"14,150.00"
2019-08-29,2019082901004814,NIL,20,36,235,388.00,"91,180.00"
2019-08-29,2019082901004827,NLBBL,16,36,100,548.00,"54,800.00"
2019-08-29,2019082901004826,NLBBL,16,36,100,548.00,"54,800.00"
2019-08-29,2019082901005083,NLIC,43,4,200,829.00,"165,800.00"
2019-08-29,2019082901004980,NLIC,43,4,"1,490",829.00,"1,235,210.00"
2019-08-29,2019082901004979,NLIC,25,4,10,829.00,"8,290.00"
2019-08-29,2019082901004929,NLIC,56,4,100,830.00,"83,000.00"
2019-08-29,2019082901004893,NLIC,8,8,1,829.00,829.00
2019-08-29,2019082901004878,NLIC,8,8,1,829.00,829.00
2019-08-29,2019082901004876,NLIC,56,4,200,829.00,"165,800.00"
2019-08-29,2019082901004875,NLIC,56,4,100,829.00,"82,900.00"
2019-08-29,2019082901004870,NLIC,8,8,1,829.00,829.00
2019-08-29,2019082901004983,NLICL,54,57,101,543.00,"54,843.00"
2019-08-29,2019082901004847,NLICL,26,56,200,544.00,"108,800.00"
2019-08-29,2019082901004776,NLICL,54,37,14,543.00,"7,602.00"
2019-08-29,2019082901004775,NLICL,38,37,200,544.00,"108,800.00"
2019-08-29,2019082901004915,NMFBS,33,45,15,"1,490.00","22,350.00"
2019-08-29,2019082901004894,NNLB,34,51,70,438.00,"30,660.00"
2019-08-29,2019082901004852,NNLB,45,51,20,437.00,"8,740.00"
2019-08-29,2019082901004817,NNLB,34,51,20,445.00,"8,900.00"
2019-08-29,2019082901004853,NSEWA,46,51,30,430.00,"12,900.00"
2019-08-29,2019082901004720,NSEWA,46,34,100,430.00,"43,000.00"
2019-08-29,2019082901004819,NUBL,34,45,650,863.00,"560,950.00"
2019-08-29,2019082901004867,PCBL,1,50,100,275.00,"27,500.00"
2019-08-29,2019082901004861,PIC,20,11,"1,004",406.00,"407,624.00"
2019-08-29,2019082901004860,PIC,8,11,200,406.00,"81,200.00"
2019-08-29,2019082901004859,PIC,21,11,30,407.00,"12,210.00"
2019-08-29,2019082901004858,PIC,57,11,110,407.00,"44,770.00"
2019-08-29,2019082901004770,PIC,57,52,90,407.00,"36,630.00"
2019-08-29,2019082901004801,PICL,25,50,100,443.00,"44,300.00"
2019-08-29,2019082901005149,PMHPL,49,34,10,99.00,990.00
2019-08-29,2019082901005160,PPCL,47,28,10,100.00,"1,000.00"
2019-08-29,2019082901004832,PPCL,47,16,10,100.00,"1,000.00"
2019-08-29,2019082901004869,PRIN,17,57,100,334.00,"33,400.00"
2019-08-29,2019082901005137,PRVU,38,10,207,262.00,"54,234.00"
2019-08-29,2019082901005136,PRVU,51,10,400,262.00,"104,800.00"
2019-08-29,2019082901005135,PRVU,14,10,"1,000",262.00,"262,000.00"
2019-08-29,2019082901005134,PRVU,22,10,30,262.00,"7,860.00"
2019-08-29,2019082901005133,PRVU,4,10,500,262.00,"131,000.00"
2019-08-29,2019082901005132,PRVU,14,10,10,262.00,"2,620.00"
2019-08-29,2019082901004678,PRVU,5,36,"1,000",262.00,"262,000.00"
2019-08-29,2019082901005131,PRVU,45,10,653,262.00,"171,086.00"
2019-08-29,2019082901005081,PRVU,45,44,25,262.00,"6,550.00"
2019-08-29,2019082901004930,PRVU,45,26,152,262.00,"39,824.00"
2019-08-29,2019082901004846,PRVU,56,58,100,263.00,"26,300.00"
2019-08-29,2019082901004680,PRVU,45,36,970,262.00,"254,140.00"
2019-08-29,2019082901004679,PRVU,38,36,500,262.00,"131,000.00"
2019-08-29,2019082901005161,RADHI,22,40,297,137.00,"40,689.00"
2019-08-29,2019082901004933,RBCL,28,6,10,"9,055.00","90,550.00"
2019-08-29,2019082901004921,RBCL,28,6,10,"9,055.00","90,550.00"
2019-08-29,2019082901004844,RBCL,49,52,50,"9,050.00","452,500.00"
2019-08-29,2019082901004758,RBCL,58,42,11,"9,055.00","99,605.00"
2019-08-29,2019082901005154,RHPL,16,43,40,184.00,"7,360.00"
2019-08-29,2019082901005148,RHPL,16,28,40,184.00,"7,360.00"
2019-08-29,2019082901005138,RHPL,16,29,50,184.00,"9,200.00"
2019-08-29,2019082901005121,RHPL,16,29,50,184.00,"9,200.00"
2019-08-29,2019082901005119,RHPL,16,41,30,184.00,"5,520.00"
2019-08-29,2019082901005110,RHPL,16,44,40,184.00,"7,360.00"
2019-08-29,2019082901004683,RHPL,58,29,50,184.00,"9,200.00"
2019-08-29,2019082901004721,RHPL,41,29,40,184.00,"7,360.00"
2019-08-29,2019082901004704,RHPL,41,28,10,184.00,"1,840.00"
2019-08-29,2019082901004703,RHPL,58,28,30,184.00,"5,520.00"
2019-08-29,2019082901004700,RHPL,58,42,40,184.00,"7,360.00"
2019-08-29,2019082901004693,RHPL,58,29,50,184.00,"9,200.00"
2019-08-29,2019082901004687,RHPL,58,51,50,184.00,"9,200.00"
2019-08-29,2019082901004773,RHPL,41,28,40,184.00,"7,360.00"
2019-08-29,2019082901004772,RHPL,41,29,40,184.00,"7,360.00"
2019-08-29,2019082901004763,RHPL,41,42,40,184.00,"7,360.00"
2019-08-29,2019082901004754,RHPL,41,29,40,184.00,"7,360.00"
2019-08-29,2019082901004741,RHPL,41,42,50,184.00,"9,200.00"
2019-08-29,2019082901004739,RHPL,41,28,40,184.00,"7,360.00"
2019-08-29,2019082901004835,RHPL,34,42,40,183.00,"7,320.00"
2019-08-29,2019082901004833,RHPL,41,29,40,184.00,"7,360.00"
2019-08-29,2019082901004831,RHPL,41,28,40,184.00,"7,360.00"
2019-08-29,2019082901004816,RHPL,41,29,40,184.00,"7,360.00"
2019-08-29,2019082901004795,RHPL,41,28,40,184.00,"7,360.00"
2019-08-29,2019082901004794,RHPL,41,29,40,184.00,"7,360.00"
2019-08-29,2019082901004972,RHPL,34,28,40,183.00,"7,320.00"
2019-08-29,2019082901004947,RHPL,34,19,40,183.00,"7,320.00"
2019-08-29,2019082901004925,RHPL,34,42,40,183.00,"7,320.00"
2019-08-29,2019082901004923,RHPL,34,53,990,183.00,"181,170.00"
2019-08-29,2019082901004898,RHPL,34,28,40,183.00,"7,320.00"
2019-08-29,2019082901004865,RHPL,34,28,40,183.00,"7,320.00"
2019-08-29,2019082901005095,RHPL,16,29,40,184.00,"7,360.00"
2019-08-29,2019082901005078,RHPL,16,43,40,184.00,"7,360.00"
2019-08-29,2019082901005020,RHPL,34,28,40,183.00,"7,320.00"
2019-08-29,2019082901005015,RHPL,34,19,50,183.00,"9,150.00"
2019-08-29,2019082901005004,RHPL,34,34,"1,080",183.00,"197,640.00"
2019-08-29,2019082901005003,RHPL,56,43,40,184.00,"7,360.00"
2019-08-29,2019082901005038,RMDC,34,40,93,655.00,"60,915.00"
2019-08-29,2019082901005037,RMDC,10,40,46,656.00,"30,176.00"
2019-08-29,2019082901005152,RRHP,47,41,10,101.00,"1,010.00"
2019-08-29,2019082901005088,SADBL,17,13,200,142.00,"28,400.00"
2019-08-29,2019082901004920,SADBL,17,13,500,142.00,"71,000.00"
2019-08-29,2019082901004919,SADBL,22,13,22,142.00,"3,124.00"
2019-08-29,2019082901004823,SADBL,22,19,28,142.00,"3,976.00"
2019-08-29,2019082901004917,SANIMA,6,10,18,347.00,"6,246.00"
2019-08-29,2019082901004916,SANIMA,14,10,200,348.00,"69,600.00"
2019-08-29,2019082901005168,SBI,58,19,50,440.00,"22,000.00"
2019-08-29,2019082901005167,SBI,45,19,20,441.00,"8,820.00"
2019-08-29,2019082901005041,SBI,6,6,"1,000",441.00,"441,000.00"
2019-08-29,2019082901004896,SBI,58,57,280,440.00,"123,200.00"
2019-08-29,2019082901004895,SBI,39,57,120,441.00,"52,920.00"
2019-08-29,2019082901005163,SBL,21,33,187,312.00,"58,344.00"
2019-08-29,2019082901005162,SBL,19,33,13,312.00,"4,056.00"
2019-08-29,2019082901005050,SBL,19,3,87,312.00,"27,144.00"
2019-08-29,2019082901005049,SBL,42,3,113,312.00,"35,256.00"
2019-08-29,2019082901004750,SBL,42,7,137,312.00,"42,744.00"
2019-08-29,2019082901004749,SBL,26,7,100,312.00,"31,200.00"
2019-08-29,2019082901004748,SBL,11,7,15,312.00,"4,680.00"
2019-08-29,2019082901004747,SBL,45,7,22,312.00,"6,864.00"
2019-08-29,2019082901004746,SBL,29,7,88,312.00,"27,456.00"
2019-08-29,2019082901005099,SCB,17,41,40,621.00,"24,840.00"
2019-08-29,2019082901004958,SCB,17,57,179,621.00,"111,159.00"
2019-08-29,2019082901004957,SCB,11,57,100,621.00,"62,100.00"
2019-08-29,2019082901004956,SCB,34,57,121,622.00,"75,262.00"
2019-08-29,2019082901005087,SDESI,39,25,90,635.00,"57,150.00"
2019-08-29,2019082901005064,SDESI,39,25,203,635.00,"128,905.00"
2019-08-29,2019082901005063,SDESI,19,25,100,635.00,"63,500.00"
2019-08-29,2019082901005062,SDESI,19,25,47,635.00,"29,845.00"
2019-08-29,2019082901005060,SDESI,19,38,85,635.00,"53,975.00"
2019-08-29,2019082901005023,SDESI,7,38,100,636.00,"63,600.00"
2019-08-29,2019082901005022,SDESI,39,38,15,636.00,"9,540.00"
2019-08-29,2019082901004868,SDESI,39,4,85,636.00,"54,060.00"
2019-08-29,2019082901004830,SDESI,46,4,10,637.00,"6,370.00"
2019-08-29,2019082901004829,SDESI,22,4,30,637.00,"19,110.00"
2019-08-29,2019082901004828,SDESI,17,4,10,638.00,"6,380.00"
2019-08-29,2019082901004811,SDESI,16,4,50,638.00,"31,900.00"
2019-08-29,2019082901004948,SFFIL,22,6,10,265.00,"2,650.00"
2019-08-29,2019082901005175,SHIVM,35,57,20,560.00,"11,200.00"
2019-08-29,2019082901005115,SHIVM,38,57,100,560.00,"56,000.00"
2019-08-29,2019082901005114,SHIVM,47,57,50,560.00,"28,000.00"
2019-08-29,2019082901005113,SHIVM,37,57,20,560.00,"11,200.00"
2019-08-29,2019082901005112,SHIVM,34,57,10,561.00,"5,610.00"
2019-08-29,2019082901005028,SHIVM,34,32,190,561.00,"106,590.00"
2019-08-29,2019082901004805,SHIVM,38,48,50,565.00,"28,250.00"
2019-08-29,2019082901004804,SHIVM,47,48,75,565.00,"42,375.00"
2019-08-29,2019082901004803,SHIVM,54,48,50,565.00,"28,250.00"
2019-08-29,2019082901004802,SHIVM,22,48,50,565.00,"28,250.00"
2019-08-29,2019082901004939,SHIVM,21,44,60,564.00,"33,840.00"
2019-08-29,2019082901004825,SHIVM,10,44,45,565.00,"25,425.00"
2019-08-29,2019082901004809,SHIVM,10,48,155,565.00,"87,575.00"
2019-08-29,2019082901004808,SHIVM,45,48,100,565.00,"56,500.00"
2019-08-29,2019082901004807,SHIVM,45,48,20,565.00,"11,300.00"
2019-08-29,2019082901004806,SHIVM,35,48,600,565.00,"339,000.00"
2019-08-29,2019082901004961,SHIVM,35,32,50,563.00,"28,150.00"
2019-08-29,2019082901004960,SHIVM,22,32,500,563.00,"281,500.00"
2019-08-29,2019082901004959,SHIVM,34,32,160,563.00,"90,080.00"
2019-08-29,2019082901004942,SHIVM,34,44,40,563.00,"22,520.00"
2019-08-29,2019082901004941,SHIVM,19,44,100,564.00,"56,400.00"
2019-08-29,2019082901004940,SHIVM,50,44,200,564.00,"112,800.00"
2019-08-29,2019082901004967,SHIVM,22,32,10,562.00,"5,620.00"
2019-08-29,2019082901004966,SHIVM,44,32,100,562.00,"56,200.00"
2019-08-29,2019082901004965,SHIVM,38,32,200,562.00,"112,400.00"
2019-08-29,2019082901004964,SHIVM,13,32,20,562.00,"11,240.00"
2019-08-29,2019082901004963,SHIVM,26,32,200,563.00,"112,600.00"
2019-08-29,2019082901004962,SHIVM,57,32,10,563.00,"5,630.00"
2019-08-29,2019082901005027,SHIVM,7,32,150,562.00,"84,300.00"
2019-08-29,2019082901005026,SHIVM,35,32,660,562.00,"370,920.00"
2019-08-29,2019082901004971,SHIVM,35,32,"1,340",562.00,"753,080.00"
2019-08-29,2019082901004970,SHIVM,38,32,300,562.00,"168,600.00"
2019-08-29,2019082901004969,SHIVM,38,32,10,562.00,"5,620.00"
2019-08-29,2019082901004968,SHIVM,20,32,100,562.00,"56,200.00"
2019-08-29,2019082901004705,SHL,51,13,110,228.00,"25,080.00"
2019-08-29,2019082901004718,SHPC,10,25,24,217.00,"5,208.00"
2019-08-29,2019082901004717,SHPC,34,25,976,217.00,"211,792.00"
2019-08-29,2019082901004695,SHPC,34,36,110,217.00,"23,870.00"
2019-08-29,2019082901004745,SIFC,43,57,150,153.00,"22,950.00"
2019-08-29,2019082901004841,SIL,34,19,56,402.00,"22,512.00"
2019-08-29,2019082901004840,SIL,46,19,15,403.00,"6,045.00"
2019-08-29,2019082901004774,SIL,21,10,10,410.00,"4,100.00"
2019-08-29,2019082901005170,SJCL,16,28,20,204.00,"4,080.00"
2019-08-29,2019082901005165,SJCL,16,43,20,204.00,"4,080.00"
2019-08-29,2019082901005129,SJCL,16,41,20,204.00,"4,080.00"
2019-08-29,2019082901004759,SJCL,32,28,20,203.00,"4,060.00"
2019-08-29,2019082901004751,SJCL,32,42,20,203.00,"4,060.00"
2019-08-29,2019082901004711,SJCL,32,42,20,203.00,"4,060.00"
2019-08-29,2019082901004694,SJCL,41,45,140,204.00,"28,560.00"
2019-08-29,2019082901004684,SJCL,41,42,20,204.00,"4,080.00"
2019-08-29,2019082901004838,SJCL,32,28,10,203.00,"2,030.00"
2019-08-29,2019082901004815,SJCL,32,28,20,203.00,"4,060.00"
2019-08-29,2019082901004786,SJCL,32,28,20,203.00,"4,060.00"
2019-08-29,2019082901004785,SJCL,32,42,20,203.00,"4,060.00"
2019-08-29,2019082901004973,SJCL,32,19,20,203.00,"4,060.00"
2019-08-29,2019082901004918,SJCL,32,28,10,203.00,"2,030.00"
2019-08-29,2019082901004899,SJCL,32,42,20,203.00,"4,060.00"
2019-08-29,2019082901004874,SJCL,32,28,20,203.00,"4,060.00"
2019-08-29,2019082901005036,SJCL,32,28,20,203.00,"4,060.00"
2019-08-29,2019082901005034,SJCL,32,19,10,203.00,"2,030.00"
2019-08-29,2019082901004981,SJCL,32,28,20,203.00,"4,060.00"
2019-08-29,2019082901005125,SJCL,16,44,20,204.00,"4,080.00"
2019-08-29,2019082901005093,SJCL,16,43,20,204.00,"4,080.00"
2019-08-29,2019082901005076,SJCL,16,8,20,204.00,"4,080.00"
2019-08-29,2019082901005075,SJCL,16,8,20,204.00,"4,080.00"
2019-08-29,2019082901005074,SJCL,16,8,20,204.00,"4,080.00"
2019-08-29,2019082901005073,SJCL,16,45,300,204.00,"61,200.00"
2019-08-29,2019082901005169,SKBBL,5,36,13,961.00,"12,493.00"
2019-08-29,2019082901005147,SKBBL,10,36,50,961.00,"48,050.00"
2019-08-29,2019082901004884,SKBBL,45,36,20,961.00,"19,220.00"
2019-08-29,2019082901004883,SKBBL,34,36,500,961.00,"480,500.00"
2019-08-29,2019082901004882,SKBBL,53,36,100,961.00,"96,100.00"
2019-08-29,2019082901004881,SKBBL,14,36,200,962.00,"192,400.00"
2019-08-29,2019082901004880,SKBBL,5,36,102,963.00,"98,226.00"
2019-08-29,2019082901004731,SKBBL,45,36,10,965.00,"9,650.00"
2019-08-29,2019082901004730,SKBBL,22,36,40,965.00,"38,600.00"
2019-08-29,2019082901004729,SKBBL,11,36,100,966.00,"96,600.00"
2019-08-29,2019082901005124,SLBBL,57,48,10,567.00,"5,670.00"
2019-08-29,2019082901004762,SLBBL,34,37,382,556.00,"212,392.00"
2019-08-29,2019082901004761,SLBBL,51,37,20,556.00,"11,120.00"
2019-08-29,2019082901004760,SLBBL,51,37,20,557.00,"11,140.00"
2019-08-29,2019082901005111,SLBBL,57,1,20,562.00,"11,240.00"
2019-08-29,2019082901005077,SLBBL,34,40,41,556.00,"22,796.00"
2019-08-29,2019082901005051,SLBSL,35,58,21,744.00,"15,624.00"
2019-08-29,2019082901005013,SLBSL,41,44,50,746.00,"37,300.00"
2019-08-29,2019082901004986,SLBSL,35,19,10,744.00,"7,440.00"
2019-08-29,2019082901004707,SLBSL,52,25,20,740.00,"14,800.00"
2019-08-29,2019082901004706,SLBSL,52,25,90,740.00,"66,600.00"
2019-08-29,2019082901004764,SLBSL,52,25,46,740.00,"34,040.00"
2019-08-29,2019082901005144,SLICL,45,26,35,283.00,"9,905.00"
2019-08-29,2019082901005071,SLICL,45,21,10,283.00,"2,830.00"
2019-08-29,2019082901005039,SLICL,19,50,650,284.00,"184,600.00"
2019-08-29,2019082901004903,SLICL,45,48,33,283.00,"9,339.00"
2019-08-29,2019082901004902,SLICL,29,48,100,283.00,"28,300.00"
2019-08-29,2019082901004901,SLICL,54,48,67,284.00,"19,028.00"
2019-08-29,2019082901004900,SLICL,35,48,100,285.00,"28,500.00"
2019-08-29,2019082901004879,SLICL,54,47,33,284.00,"9,372.00"
2019-08-29,2019082901005139,SMFDB,20,40,12,523.00,"6,276.00"
2019-08-29,2019082901005014,SPDL,7,34,87,78.00,"6,786.00"
2019-08-29,2019082901005109,SRBL,34,43,693,230.00,"159,390.00"
2019-08-29,2019082901005108,SRBL,34,43,"1,307",230.00,"300,610.00"
2019-08-29,2019082901005059,SRBL,34,43,642,230.00,"147,660.00"
2019-08-29,2019082901005058,SRBL,38,43,100,230.00,"23,000.00"
2019-08-29,2019082901005057,SRBL,17,43,158,230.00,"36,340.00"
2019-08-29,2019082901005116,SWBBL,26,40,42,920.00,"38,640.00"
2019-08-29,2019082901004843,SWBBL,28,22,500,922.00,"461,000.00"
2019-08-29,2019082901004842,SWBBL,28,22,23,922.00,"21,206.00"
2019-08-29,2019082901005156,TRH,28,58,200,296.00,"59,200.00"
2019-08-29,2019082901005174,UIC,6,57,180,294.00,"52,920.00"
2019-08-29,2019082901005173,UIC,35,57,20,294.00,"5,880.00"
2019-08-29,2019082901005040,UMHL,7,34,27,105.00,"2,835.00"
2019-08-29,2019082901005002,UNHPL,56,14,40,61.00,"2,440.00"
2019-08-29,2019082901005176,UPCL,41,28,50,77.00,"3,850.00"
2019-08-29,2019082901005086,UPCL,32,38,100,78.00,"7,800.00"
2019-08-29,2019082901004837,UPCL,41,16,50,77.00,"3,850.00"
2019-08-29,2019082901005146,UPPER,1,44,40,247.00,"9,880.00"
2019-08-29,2019082901005143,UPPER,1,17,50,247.00,"12,350.00"
2019-08-29,2019082901004845,UPPER,1,29,50,247.00,"12,350.00"
2019-08-29,2019082901004798,UPPER,1,35,40,247.00,"9,880.00"
2019-08-29,2019082901004797,UPPER,1,58,50,247.00,"12,350.00"
2019-08-29,2019082901004974,UPPER,8,50,40,248.00,"9,920.00"
2019-08-29,2019082901004871,UPPER,1,42,50,247.00,"12,350.00"
2019-08-29,2019082901004670,ADBL,4,50,17,426.00,"7,242.00"
2019-08-29,2019082901004669,ADBL,4,50,33,426.00,"14,058.00"
2019-08-29,2019082901004632,ADBL,4,45,17,426.00,"7,242.00"
2019-08-29,2019082901004631,ADBL,4,45,50,426.00,"21,300.00"
2019-08-29,2019082901004630,ADBL,4,45,33,426.00,"14,058.00"
2019-08-29,2019082901004420,ADBL,4,35,67,426.00,"28,542.00"
2019-08-29,2019082901004193,ADBL,46,6,33,426.00,"14,058.00"
2019-08-29,2019082901004190,ADBL,46,6,17,426.00,"7,242.00"
2019-08-29,2019082901004189,ADBL,25,6,40,426.00,"17,040.00"
2019-08-29,2019082901004419,ADBL,4,35,33,426.00,"14,058.00"
2019-08-29,2019082901004408,ADBL,4,6,67,426.00,"28,542.00"
2019-08-29,2019082901004362,ADBL,17,6,57,426.00,"24,282.00"
2019-08-29,2019082901004361,ADBL,17,6,43,426.00,"18,318.00"
2019-08-29,2019082901004198,ADBL,28,6,95,426.00,"40,470.00"
2019-08-29,2019082901004194,ADBL,28,6,105,426.00,"44,730.00"
2019-08-29,2019082901004412,AHPC,37,7,"1,200",100.00,"120,000.00"
2019-08-29,2019082901004411,AHPC,34,7,100,100.00,"10,000.00"
2019-08-29,2019082901004413,AHPC,54,7,100,100.00,"10,000.00"
2019-08-29,2019082901004607,AKJCL,7,58,20,62.00,"1,240.00"
2019-08-29,2019082901004266,AKJCL,7,26,20,62.00,"1,240.00"
2019-08-29,2019082901004249,ALBSL,1,33,70,445.00,"31,150.00"
2019-08-29,2019082901004248,ALBSL,58,33,14,445.00,"6,230.00"
2019-08-29,2019082901004215,ALBSL,58,17,30,445.00,"13,350.00"
2019-08-29,2019082901004214,ALBSL,17,17,70,445.00,"31,150.00"
2019-08-29,2019082901004439,ALICL,8,36,120,330.00,"39,600.00"
2019-08-29,2019082901004306,ALICL,49,36,100,330.00,"33,000.00"
2019-08-29,2019082901004305,ALICL,25,36,100,330.00,"33,000.00"
2019-08-29,2019082901004304,ALICL,36,36,30,330.00,"9,900.00"
2019-08-29,2019082901004303,ALICL,17,36,20,331.00,"6,620.00"
2019-08-29,2019082901004302,ALICL,25,36,30,331.00,"9,930.00"
2019-08-29,2019082901004651,API,14,20,11,123.00,"1,353.00"
2019-08-29,2019082901004650,API,34,20,100,123.00,"12,300.00"
2019-08-29,2019082901004649,API,39,20,190,123.00,"23,370.00"
2019-08-29,2019082901004597,API,25,45,30,124.00,"3,720.00"
2019-08-29,2019082901004359,API,6,45,100,124.00,"12,400.00"
2019-08-29,2019082901004358,API,44,45,50,124.00,"6,200.00"
2019-08-29,2019082901004357,API,8,45,100,124.00,"12,400.00"
2019-08-29,2019082901004356,API,4,45,20,124.00,"2,480.00"
2019-08-29,2019082901004188,API,42,34,100,125.00,"12,500.00"
2019-08-29,2019082901004579,BOKL,11,29,95,254.00,"24,130.00"
2019-08-29,2019082901004499,BOKL,11,13,300,254.00,"76,200.00"
2019-08-29,2019082901004498,BOKL,47,13,200,254.00,"50,800.00"
2019-08-29,2019082901004463,BOKL,11,38,14,254.00,"3,556.00"
2019-08-29,2019082901004462,BOKL,18,38,19,254.00,"4,826.00"
2019-08-29,2019082901004461,BOKL,18,38,13,254.00,"3,302.00"
2019-08-29,2019082901004338,BOKL,18,36,468,254.00,"118,872.00"
2019-08-29,2019082901004337,BOKL,34,36,200,254.00,"50,800.00"
2019-08-29,2019082901004336,BOKL,48,36,881,254.00,"223,774.00"
2019-08-29,2019082901004295,BOKL,55,11,379,255.00,"96,645.00"
2019-08-29,2019082901004294,BOKL,55,57,100,255.00,"25,500.00"
2019-08-29,2019082901004293,BOKL,55,50,21,255.00,"5,355.00"
2019-08-29,2019082901004613,BPCL,34,34,40,383.00,"15,320.00"
2019-08-29,2019082901004612,BPCL,8,34,50,384.00,"19,200.00"
2019-08-29,2019082901004611,BPCL,14,34,10,384.00,"3,840.00"
2019-08-29,2019082901004486,BPCL,4,7,100,385.00,"38,500.00"
2019-08-29,2019082901004485,BPCL,4,7,100,385.00,"38,500.00"
2019-08-29,2019082901004484,BPCL,4,7,50,385.00,"19,250.00"
2019-08-29,2019082901004483,BPCL,4,7,13,385.00,"5,005.00"
2019-08-29,2019082901004385,CBBL,1,53,29,970.00,"28,130.00"
2019-08-29,2019082901004384,CBBL,45,53,160,970.00,"155,200.00"
2019-08-29,2019082901004383,CBBL,59,53,50,971.00,"48,550.00"
2019-08-29,2019082901004382,CBBL,58,53,111,971.00,"107,781.00"
2019-08-29,2019082901004381,CBBL,38,53,150,972.00,"145,800.00"
2019-08-29,2019082901004491,CBBL,1,4,23,970.00,"22,310.00"
2019-08-29,2019082901004634,CBL,35,1,27,144.00,"3,888.00"
2019-08-29,2019082901004633,CBL,43,1,88,144.00,"12,672.00"
2019-08-29,2019082901004273,CBL,47,36,30,145.00,"4,350.00"
2019-08-29,2019082901004272,CBL,59,36,200,145.00,"29,000.00"
2019-08-29,2019082901004271,CBL,17,36,100,145.00,"14,500.00"
2019-08-29,2019082901004270,CBL,51,36,167,145.00,"24,215.00"
2019-08-29,2019082901004542,CCBL,46,48,200,158.00,"31,600.00"
2019-08-29,2019082901004505,CCBL,44,44,6,155.00,930.00
2019-08-29,2019082901004504,CCBL,32,48,50,158.00,"7,900.00"
2019-08-29,2019082901004503,CCBL,8,48,100,158.00,"15,800.00"
2019-08-29,2019082901004502,CCBL,35,48,100,158.00,"15,800.00"
2019-08-29,2019082901004501,CCBL,36,48,77,158.00,"12,166.00"
2019-08-29,2019082901004376,CCBL,44,44,6,155.00,930.00
2019-08-29,2019082901004341,CCBL,36,19,923,158.00,"145,834.00"
2019-08-29,2019082901004340,CCBL,59,19,14,158.00,"2,212.00"
2019-08-29,2019082901004334,CCBL,59,34,200,158.00,"31,600.00"
2019-08-29,2019082901004213,CHCL,55,13,200,444.00,"88,800.00"
2019-08-29,2019082901004212,CHCL,55,56,200,443.00,"88,600.00"
2019-08-29,2019082901004211,CHCL,55,17,24,442.00,"10,608.00"
2019-08-29,2019082901004654,CIT,16,58,180,"2,350.00","423,000.00"
2019-08-29,2019082901004653,CIT,41,58,10,"2,350.00","23,500.00"
2019-08-29,2019082901004652,CIT,22,58,10,"2,350.00","23,500.00"
2019-08-29,2019082901004451,CIT,29,22,100,"2,355.00","235,500.00"
2019-08-29,2019082901004252,CIT,22,38,40,"2,350.00","94,000.00"
2019-08-29,2019082901004251,CIT,16,38,50,"2,350.00","117,500.00"
2019-08-29,2019082901004250,CIT,45,38,10,"2,351.00","23,510.00"
2019-08-29,2019082901004640,CZBIL,16,28,898,218.00,"195,764.00"
2019-08-29,2019082901004639,CZBIL,17,28,500,218.00,"109,000.00"
2019-08-29,2019082901004638,CZBIL,36,28,25,218.00,"5,450.00"
2019-08-29,2019082901004637,CZBIL,42,28,77,218.00,"16,786.00"
2019-08-29,2019082901004610,CZBIL,42,45,74,218.00,"16,132.00"
2019-08-29,2019082901004233,DBBL,44,1,12,134.00,"1,608.00"
2019-08-29,2019082901004324,DHPL,32,44,53,56.00,"2,968.00"
2019-08-29,2019082901004279,DHPL,22,44,800,56.00,"44,800.00"
2019-08-29,2019082901004257,DHPL,57,44,100,56.00,"5,600.00"
2019-08-29,2019082901004470,EBL,34,8,"1,325",644.00,"853,300.00"
2019-08-29,2019082901004469,EBL,41,8,300,645.00,"193,500.00"
2019-08-29,2019082901004421,FMDBL,42,41,200,382.00,"76,400.00"
2019-08-29,2019082901004264,FMDBL,42,47,94,382.00,"35,908.00"
2019-08-29,2019082901004263,FMDBL,42,47,162,382.00,"61,884.00"
2019-08-29,2019082901004262,FMDBL,7,47,100,383.00,"38,300.00"
2019-08-29,2019082901004570,GBBL,13,39,100,212.00,"21,200.00"
2019-08-29,2019082901004569,GBBL,41,39,400,212.00,"84,800.00"
2019-08-29,2019082901004313,GBBL,41,37,100,212.00,"21,200.00"
2019-08-29,2019082901004312,GBBL,57,37,100,212.00,"21,200.00"
2019-08-29,2019082901004311,GBBL,21,37,50,212.00,"10,600.00"
2019-08-29,2019082901004196,GDBL,58,7,217,205.00,"44,485.00"
2019-08-29,2019082901004183,GDBL,42,7,10,206.00,"2,060.00"
2019-08-29,2019082901004391,GLICL,22,1,11,420.00,"4,620.00"
2019-08-29,2019082901004355,GLICL,22,46,32,420.00,"13,440.00"
2019-08-29,2019082901004668,GMFBS,34,58,10,520.00,"5,200.00"
2019-08-29,2019082901004331,GMFBS,34,26,10,520.00,"5,200.00"
2019-08-29,2019082901004473,HBL,39,6,187,548.00,"102,476.00"
2019-08-29,2019082901004339,HGI,7,38,200,315.00,"63,000.00"
2019-08-29,2019082901004527,HIDCL,50,36,97,142.00,"13,774.00"
2019-08-29,2019082901004375,HIDCL,6,36,500,142.00,"71,000.00"
2019-08-29,2019082901004374,HIDCL,42,36,100,142.00,"14,200.00"
2019-08-29,2019082901004373,HIDCL,1,36,500,142.00,"71,000.00"
2019-08-29,2019082901004372,HIDCL,43,36,100,142.00,"14,200.00"
2019-08-29,2019082901004371,HIDCL,26,36,600,142.00,"85,200.00"
2019-08-29,2019082901004370,HIDCL,59,36,25,142.00,"3,550.00"
2019-08-29,2019082901004369,HIDCL,42,36,250,142.00,"35,500.00"
2019-08-29,2019082901004368,HIDCL,38,36,200,142.00,"28,400.00"
2019-08-29,2019082901004367,HIDCL,1,36,708,142.00,"100,536.00"
2019-08-29,2019082901004366,HIDCL,25,36,100,143.00,"14,300.00"
2019-08-29,2019082901004365,HIDCL,22,36,450,143.00,"64,350.00"
2019-08-29,2019082901004201,HPPL,28,22,180,149.00,"26,820.00"
2019-08-29,2019082901004179,HPPL,28,53,10,149.00,"1,490.00"
2019-08-29,2019082901004586,IGI,21,19,200,330.00,"66,000.00"
2019-08-29,2019082901004585,IGI,21,43,200,329.00,"65,800.00"
2019-08-29,2019082901004543,IGI,21,7,40,328.00,"13,120.00"
2019-08-29,2019082901004392,ILBS,16,39,10,450.00,"4,500.00"
2019-08-29,2019082901004287,ILBS,16,38,60,450.00,"27,000.00"
2019-08-29,2019082901004261,ILBS,35,17,10,448.00,"4,480.00"
2019-08-29,2019082901004609,JFL,36,7,246,192.00,"47,232.00"
2019-08-29,2019082901004608,JFL,36,32,214,192.00,"41,088.00"
2019-08-29,2019082901004480,KBL,46,34,90,203.00,"18,270.00"
2019-08-29,2019082901004479,KBL,25,34,110,203.00,"22,330.00"
2019-08-29,2019082901004478,KBL,41,34,500,203.00,"101,500.00"
2019-08-29,2019082901004348,KBL,43,43,"2,000",203.00,"406,000.00"
2019-08-29,2019082901004346,KBL,46,43,972,203.00,"197,316.00"
2019-08-29,2019082901004292,KBL,43,43,"2,000",203.00,"406,000.00"
2019-08-29,2019082901004259,KBL,43,43,"1,028",203.00,"208,684.00"
2019-08-29,2019082901004258,KBL,43,43,972,203.00,"197,316.00"
2019-08-29,2019082901004247,KBL,11,43,540,203.00,"109,620.00"
2019-08-29,2019082901004246,KBL,44,43,100,203.00,"20,300.00"
2019-08-29,2019082901004245,KBL,49,43,388,203.00,"78,764.00"
2019-08-29,2019082901004284,KPCL,1,26,10,82.00,820.00
2019-08-29,2019082901004460,LBBL,57,33,15,178.00,"2,670.00"
2019-08-29,2019082901004459,LBBL,57,32,205,178.00,"36,490.00"
2019-08-29,2019082901004310,LBBL,57,32,245,178.00,"43,610.00"
2019-08-29,2019082901004526,LBL,32,57,481,212.00,"101,972.00"
2019-08-29,2019082901004525,LBL,45,57,500,212.00,"106,000.00"
2019-08-29,2019082901004524,LBL,59,57,20,212.00,"4,240.00"
2019-08-29,2019082901004523,LBL,38,57,84,212.00,"17,808.00"
2019-08-29,2019082901004404,LGIL,34,36,302,382.00,"115,364.00"
2019-08-29,2019082901004403,LGIL,33,36,100,383.00,"38,300.00"
2019-08-29,2019082901004402,LGIL,33,36,200,384.00,"76,800.00"
2019-08-29,2019082901004401,LGIL,19,36,100,384.00,"38,400.00"
2019-08-29,2019082901004400,LGIL,41,36,200,385.00,"77,000.00"
2019-08-29,2019082901004399,LGIL,35,36,100,385.00,"38,500.00"
2019-08-29,2019082901004349,LICN,34,22,100,"1,070.00","107,000.00"
2019-08-29,2019082901004620,MBL,33,55,52,252.00,"13,104.00"
2019-08-29,2019082901004619,MBL,28,55,200,252.00,"50,400.00"
2019-08-29,2019082901004618,MBL,42,55,20,252.00,"5,040.00"
2019-08-29,2019082901004617,MBL,17,55,350,252.00,"88,200.00"
2019-08-29,2019082901004616,MBL,47,55,300,252.00,"75,600.00"
2019-08-29,2019082901004615,MBL,17,55,60,252.00,"15,120.00"
2019-08-29,2019082901004614,MBL,6,55,18,253.00,"4,554.00"
2019-08-29,2019082901004546,MBL,6,39,182,253.00,"46,046.00"
2019-08-29,2019082901004545,MBL,46,39,20,253.00,"5,060.00"
2019-08-29,2019082901004598,MEGA,33,4,50,199.00,"9,950.00"
2019-08-29,2019082901004243,MEGA,33,4,54,199.00,"10,746.00"
2019-08-29,2019082901004235,MEGA,33,4,175,199.00,"34,825.00"
2019-08-29,2019082901004223,MEGA,33,4,66,199.00,"13,134.00"
2019-08-29,2019082901004191,MEGA,33,53,34,199.00,"6,766.00"
2019-08-29,2019082901004274,MEGA,33,4,50,199.00,"9,950.00"
2019-08-29,2019082901004268,MEGA,33,4,50,199.00,"9,950.00"
2019-08-29,2019082901004260,MEGA,33,4,50,199.00,"9,950.00"
2019-08-29,2019082901004256,MEGA,33,4,20,199.00,"3,980.00"
2019-08-29,2019082901004253,MEGA,33,4,20,199.00,"3,980.00"
2019-08-29,2019082901004244,MEGA,33,4,71,199.00,"14,129.00"
2019-08-29,2019082901004314,MEGA,33,4,75,199.00,"14,925.00"
2019-08-29,2019082901004309,MEGA,44,44,4,200.00,800.00
2019-08-29,2019082901004307,MEGA,33,4,25,199.00,"4,975.00"
2019-08-29,2019082901004290,MEGA,33,4,50,199.00,"9,950.00"
2019-08-29,2019082901004288,MEGA,33,4,75,199.00,"14,925.00"
2019-08-29,2019082901004280,MEGA,33,4,50,199.00,"9,950.00"
2019-08-29,2019082901004330,MEGA,33,4,75,199.00,"14,925.00"
2019-08-29,2019082901004329,MEGA,33,4,49,199.00,"9,751.00"
2019-08-29,2019082901004328,MEGA,33,4,30,199.00,"5,970.00"
2019-08-29,2019082901004319,MEGA,33,4,50,199.00,"9,950.00"
2019-08-29,2019082901004315,MEGA,33,4,75,199.00,"14,925.00"
2019-08-29,2019082901004378,MEGA,33,4,50,199.00,"9,950.00"
2019-08-29,2019082901004364,MEGA,33,4,50,199.00,"9,950.00"
2019-08-29,2019082901004360,MEGA,33,4,50,199.00,"9,950.00"
2019-08-29,2019082901004344,MEGA,33,4,25,199.00,"4,975.00"
2019-08-29,2019082901004342,MEGA,33,4,25,199.00,"4,975.00"
2019-08-29,2019082901004443,MEGA,33,4,75,199.00,"14,925.00"
2019-08-29,2019082901004436,MEGA,33,4,26,199.00,"5,174.00"
2019-08-29,2019082901004410,MEGA,33,4,100,199.00,"19,900.00"
2019-08-29,2019082901004409,MEGA,33,4,50,199.00,"9,950.00"
2019-08-29,2019082901004396,MEGA,33,4,100,199.00,"19,900.00"
2019-08-29,2019082901004387,MEGA,33,4,100,199.00,"19,900.00"
2019-08-29,2019082901004497,MEGA,33,4,100,199.00,"19,900.00"
2019-08-29,2019082901004468,MEGA,33,4,50,199.00,"9,950.00"
2019-08-29,2019082901004457,MEGA,13,4,44,200.00,"8,800.00"
2019-08-29,2019082901004456,MEGA,13,6,156,200.00,"31,200.00"
2019-08-29,2019082901004449,MEGA,33,4,75,199.00,"14,925.00"
2019-08-29,2019082901004445,MEGA,33,4,25,199.00,"4,975.00"
2019-08-29,2019082901004541,MEGA,44,44,4,199.00,796.00
2019-08-29,2019082901004539,MEGA,33,4,50,199.00,"9,950.00"
2019-08-29,2019082901004520,MEGA,33,4,50,199.00,"9,950.00"
2019-08-29,2019082901004516,MEGA,33,4,45,199.00,"8,955.00"
2019-08-29,2019082901004508,MEGA,33,4,25,199.00,"4,975.00"
2019-08-29,2019082901004544,MEGA,33,4,25,199.00,"4,975.00"
2019-08-29,2019082901004590,MEGA,33,4,50,199.00,"9,950.00"
2019-08-29,2019082901004588,MEGA,33,4,50,199.00,"9,950.00"
2019-08-29,2019082901004581,MEGA,33,4,50,199.00,"9,950.00"
2019-08-29,2019082901004564,MEGA,33,4,50,199.00,"9,950.00"
2019-08-29,2019082901004563,MEGA,33,4,30,199.00,"5,970.00"
2019-08-29,2019082901004672,MERO,8,8,1,564.00,564.00
2019-08-29,2019082901004343,MERO,6,26,50,563.00,"28,150.00"
2019-08-29,2019082901004442,MLBL,37,43,500,212.00,"106,000.00"
2019-08-29,2019082901004441,MLBL,47,43,100,212.00,"21,200.00"
2019-08-29,2019082901004182,MLBL,47,47,50,212.00,"10,600.00"
2019-08-29,2019082901004181,MLBL,47,13,275,212.00,"58,300.00"
2019-08-29,2019082901004180,MLBL,45,13,100,212.00,"21,200.00"
2019-08-29,2019082901004606,MNBBL,39,51,70,323.00,"22,610.00"
2019-08-29,2019082901004475,MNBBL,39,51,330,323.00,"106,590.00"
2019-08-29,2019082901004221,MSLB,39,39,6,940.00,"5,640.00"
2019-08-29,2019082901004407,NABIL,49,42,50,772.00,"38,600.00"
2019-08-29,2019082901004388,NABIL,41,41,500,770.00,"385,000.00"
2019-08-29,2019082901004345,NABIL,41,57,75,770.00,"57,750.00"
2019-08-29,2019082901004335,NABIL,58,57,20,770.00,"15,400.00"
2019-08-29,2019082901004297,NABIL,48,57,100,770.00,"77,000.00"
2019-08-29,2019082901004289,NABIL,52,57,20,770.00,"15,400.00"
2019-08-29,2019082901004232,NABIL,48,57,585,770.00,"450,450.00"
2019-08-29,2019082901004231,NABIL,48,55,15,770.00,"11,550.00"
2019-08-29,2019082901004216,NABIL,46,55,200,770.00,"154,000.00"
2019-08-29,2019082901004455,NADEP,45,46,30,476.00,"14,280.00"
2019-08-29,2019082901004454,NADEP,45,42,100,476.00,"47,600.00"
2019-08-29,2019082901004453,NADEP,45,50,50,472.00,"23,600.00"
2019-08-29,2019082901004582,NBB,45,29,100,212.00,"21,200.00"
2019-08-29,2019082901004471,NBB,1,57,100,212.00,"21,200.00"
2019-08-29,2019082901004433,NBB,37,38,500,212.00,"106,000.00"
2019-08-29,2019082901004646,NBL,49,25,580,323.00,"187,340.00"
2019-08-29,2019082901004645,NBL,49,7,420,323.00,"135,660.00"
2019-08-29,2019082901004624,NBL,20,7,55,322.00,"17,710.00"
2019-08-29,2019082901004623,NBL,5,7,100,322.00,"32,200.00"
2019-08-29,2019082901004622,NBL,34,7,720,322.00,"231,840.00"
2019-08-29,2019082901004584,NBL,34,21,"1,360",322.00,"437,920.00"
2019-08-29,2019082901004464,NBL,34,16,250,322.00,"80,500.00"
2019-08-29,2019082901004448,NBL,34,36,670,322.00,"215,740.00"
2019-08-29,2019082901004447,NBL,44,36,"1,930",322.00,"621,460.00"
2019-08-29,2019082901004467,NCCB,7,36,38,201.00,"7,638.00"
2019-08-29,2019082901004466,NCCB,46,36,62,202.00,"12,524.00"
2019-08-29,2019082901004332,NCCB,46,8,438,202.00,"88,476.00"
2019-08-29,2019082901004664,NIB,39,49,110,462.00,"50,820.00"
2019-08-29,2019082901004444,NIB,50,49,100,462.00,"46,200.00"
2019-08-29,2019082901004432,NIB,36,49,50,462.00,"23,100.00"
2019-08-29,2019082901004431,NIB,1,49,500,462.00,"231,000.00"
2019-08-29,2019082901004430,NIB,1,49,500,462.00,"231,000.00"
2019-08-29,2019082901004429,NIB,33,49,125,462.00,"57,750.00"
2019-08-29,2019082901004347,NIB,41,39,46,463.00,"21,298.00"
2019-08-29,2019082901004217,NIB,38,39,49,463.00,"22,687.00"
2019-08-29,2019082901004197,NIB,38,53,17,463.00,"7,871.00"
2019-08-29,2019082901004192,NIB,38,45,17,463.00,"7,871.00"
2019-08-29,2019082901004428,NIB,42,49,200,462.00,"92,400.00"
2019-08-29,2019082901004427,NIB,59,49,200,462.00,"92,400.00"
2019-08-29,2019082901004426,NIB,40,49,435,462.00,"200,970.00"
2019-08-29,2019082901004425,NIB,49,49,50,463.00,"23,150.00"
2019-08-29,2019082901004424,NIB,41,49,54,463.00,"25,002.00"
2019-08-29,2019082901004423,NIB,33,49,133,463.00,"61,579.00"
2019-08-29,2019082901004511,NICA,49,6,100,440.00,"44,000.00"
2019-08-29,2019082901004418,NICA,42,28,90,439.00,"39,510.00"
2019-08-29,2019082901004417,NICA,14,28,10,439.00,"4,390.00"
2019-08-29,2019082901004416,NICA,26,28,200,439.00,"87,800.00"
2019-08-29,2019082901004379,NICA,13,45,292,439.00,"128,188.00"
2019-08-29,2019082901004317,NICA,59,6,300,440.00,"132,000.00"
2019-08-29,2019082901004605,NICL,35,36,275,280.00,"77,000.00"
2019-08-29,2019082901004596,NICL,22,36,413,281.00,"116,053.00"
2019-08-29,2019082901004580,NICL,40,36,150,281.00,"42,150.00"
2019-08-29,2019082901004537,NICL,45,36,30,281.00,"8,430.00"
2019-08-29,2019082901004536,NICL,29,36,182,282.00,"51,324.00"
2019-08-29,2019082901004535,NICL,25,36,300,282.00,"84,600.00"
2019-08-29,2019082901004534,NICL,19,36,100,282.00,"28,200.00"
2019-08-29,2019082901004533,NICL,36,36,200,282.00,"56,400.00"
2019-08-29,2019082901004532,NICL,19,36,50,282.00,"14,100.00"
2019-08-29,2019082901004531,NICL,13,36,100,283.00,"28,300.00"
2019-08-29,2019082901004530,NICL,6,36,100,283.00,"28,300.00"
2019-08-29,2019082901004629,NIL,52,36,"1,000",388.00,"388,000.00"
2019-08-29,2019082901004628,NIL,41,36,200,389.00,"77,800.00"
2019-08-29,2019082901004627,NIL,29,36,50,389.00,"19,450.00"
2019-08-29,2019082901004626,NIL,42,36,100,390.00,"39,000.00"
2019-08-29,2019082901004625,NIL,17,36,40,391.00,"15,640.00"
2019-08-29,2019082901004661,NLBBL,33,36,100,549.00,"54,900.00"
2019-08-29,2019082901004660,NLBBL,53,36,100,549.00,"54,900.00"
2019-08-29,2019082901004659,NLBBL,33,36,100,550.00,"55,000.00"
2019-08-29,2019082901004658,NLBBL,34,36,100,550.00,"55,000.00"
2019-08-29,2019082901004657,NLBBL,35,36,10,550.00,"5,500.00"
2019-08-29,2019082901004477,NLIC,56,50,40,830.00,"33,200.00"
2019-08-29,2019082901004476,NLIC,56,26,10,830.00,"8,300.00"
2019-08-29,2019082901004386,NLIC,42,26,50,830.00,"41,500.00"
2019-08-29,2019082901004327,NLIC,48,45,44,829.00,"36,476.00"
2019-08-29,2019082901004226,NLIC,43,29,130,828.00,"107,640.00"
2019-08-29,2019082901004225,NLIC,13,29,20,829.00,"16,580.00"
2019-08-29,2019082901004422,NMBMF,45,55,19,"1,057.00","20,083.00"
2019-08-29,2019082901004434,OHL,22,13,42,570.00,"23,940.00"
2019-08-29,2019082901004528,PCBL,47,19,995,274.00,"272,630.00"
2019-08-29,2019082901004241,PFL,32,19,22,135.00,"2,970.00"
2019-08-29,2019082901004240,PFL,32,49,"1,000",135.00,"135,000.00"
2019-08-29,2019082901004490,PIC,47,50,358,410.00,"146,780.00"
2019-08-29,2019082901004489,PIC,14,50,100,411.00,"41,100.00"
2019-08-29,2019082901004487,PIC,46,52,10,413.00,"4,130.00"
2019-08-29,2019082901004209,PIC,47,35,142,410.00,"58,220.00"
2019-08-29,2019082901004452,PICL,56,40,430,445.00,"191,350.00"
2019-08-29,2019082901004275,PICL,56,57,70,445.00,"31,150.00"
2019-08-29,2019082901004255,PICL,45,57,30,447.00,"13,410.00"
2019-08-29,2019082901004200,PMHPL,37,52,10,100.00,"1,000.00"
2019-08-29,2019082901004415,PRIN,45,42,935,334.00,"312,290.00"
2019-08-29,2019082901004398,PRIN,28,45,10,330.00,"3,300.00"
2019-08-29,2019082901004397,PRIN,34,45,100,331.00,"33,100.00"
2019-08-29,2019082901004394,PRIN,49,42,50,334.00,"16,700.00"
2019-08-29,2019082901004228,PRIN,33,42,15,334.00,"5,010.00"
2019-08-29,2019082901004227,PRIN,33,51,35,333.00,"11,655.00"
2019-08-29,2019082901004203,PRIN,33,51,50,333.00,"16,650.00"
2019-08-29,2019082901004677,PRVU,26,36,30,262.00,"7,860.00"
2019-08-29,2019082901004676,PRVU,8,36,200,263.00,"52,600.00"
2019-08-29,2019082901004675,PRVU,38,36,50,263.00,"13,150.00"
2019-08-29,2019082901004674,PRVU,55,36,100,263.00,"26,300.00"
2019-08-29,2019082901004673,PRVU,6,36,184,263.00,"48,392.00"
2019-08-29,2019082901004316,PRVU,6,34,100,263.00,"26,300.00"
2019-08-29,2019082901004296,RBCL,45,6,10,"9,060.00","90,600.00"
2019-08-29,2019082901004390,RHPC,8,8,"2,472",85.00,"210,120.00"
2019-08-29,2019082901004239,RHPC,47,50,26,84.00,"2,184.00"
2019-08-29,2019082901004666,RHPL,58,43,500,184.00,"92,000.00"
2019-08-29,2019082901004665,RHPL,58,28,40,184.00,"7,360.00"
2019-08-29,2019082901004663,RHPL,58,29,50,184.00,"9,200.00"
2019-08-29,2019082901004656,RHPL,58,44,50,184.00,"9,200.00"
2019-08-29,2019082901004647,RHPL,58,29,40,184.00,"7,360.00"
2019-08-29,2019082901004644,RHPL,58,28,40,184.00,"7,360.00"
2019-08-29,2019082901004186,RHPL,38,34,20,184.00,"3,680.00"
2019-08-29,2019082901004178,RHPL,38,29,40,184.00,"7,360.00"
2019-08-29,2019082901004229,RHPL,6,29,10,184.00,"1,840.00"
2019-08-29,2019082901004220,RHPL,6,34,50,184.00,"9,200.00"
2019-08-29,2019082901004219,RHPL,6,29,40,184.00,"7,360.00"
2019-08-29,2019082901004199,RHPL,8,29,40,184.00,"7,360.00"
2019-08-29,2019082901004195,RHPL,8,34,40,184.00,"7,360.00"
2019-08-29,2019082901004187,RHPL,8,34,20,184.00,"3,680.00"
2019-08-29,2019082901004278,RHPL,6,29,40,184.00,"7,360.00"
2019-08-29,2019082901004277,RHPL,6,50,10,184.00,"1,840.00"
2019-08-29,2019082901004276,RHPL,6,29,10,184.00,"1,840.00"
2019-08-29,2019082901004242,RHPL,8,29,30,184.00,"5,520.00"
2019-08-29,2019082901004238,RHPL,8,34,40,184.00,"7,360.00"
2019-08-29,2019082901004230,RHPL,8,29,30,184.00,"5,520.00"
2019-08-29,2019082901004414,RHPL,34,29,40,183.00,"7,320.00"
2019-08-29,2019082901004389,RHPL,34,29,40,183.00,"7,320.00"
2019-08-29,2019082901004363,RHPL,34,29,40,183.00,"7,320.00"
2019-08-29,2019082901004283,RHPL,34,32,90,183.00,"16,470.00"
2019-08-29,2019082901004282,RHPL,48,32,90,183.00,"16,470.00"
2019-08-29,2019082901004281,RHPL,6,32,240,184.00,"44,160.00"
2019-08-29,2019082901004521,RHPL,34,13,40,183.00,"7,320.00"
2019-08-29,2019082901004509,RHPL,34,29,40,183.00,"7,320.00"
2019-08-29,2019082901004496,RHPL,34,29,30,183.00,"5,490.00"
2019-08-29,2019082901004482,RHPL,34,29,40,183.00,"7,320.00"
2019-08-29,2019082901004465,RHPL,34,29,40,183.00,"7,320.00"
2019-08-29,2019082901004446,RHPL,34,29,40,183.00,"7,320.00"
2019-08-29,2019082901004568,RHPL,58,29,40,184.00,"7,360.00"
2019-08-29,2019082901004567,RHPL,58,29,40,184.00,"7,360.00"
2019-08-29,2019082901004566,RHPL,58,29,40,184.00,"7,360.00"
2019-08-29,2019082901004538,RHPL,34,29,40,183.00,"7,320.00"
2019-08-29,2019082901004529,RHPL,34,34,20,183.00,"3,660.00"
2019-08-29,2019082901004522,RHPL,34,42,40,183.00,"7,320.00"
2019-08-29,2019082901004641,RHPL,58,58,20,184.00,"3,680.00"
2019-08-29,2019082901004636,RHPL,58,29,40,184.00,"7,360.00"
2019-08-29,2019082901004621,RHPL,58,29,40,184.00,"7,360.00"
2019-08-29,2019082901004600,RHPL,58,29,40,184.00,"7,360.00"
2019-08-29,2019082901004587,RHPL,58,35,300,184.00,"55,200.00"
2019-08-29,2019082901004571,RHPL,58,7,500,184.00,"92,000.00"
2019-08-29,2019082901004604,RLFL,8,52,125,119.00,"14,875.00"
2019-08-29,2019082901004603,RLFL,8,51,505,119.00,"60,095.00"
2019-08-29,2019082901004667,RRHP,47,58,10,101.00,"1,010.00"
2019-08-29,2019082901004267,RRHP,8,8,10,102.00,"1,020.00"
2019-08-29,2019082901004265,RRHP,47,50,10,101.00,"1,010.00"
2019-08-29,2019082901004561,RSDC,14,53,237,347.00,"82,239.00"
2019-08-29,2019082901004560,RSDC,6,53,100,347.00,"34,700.00"
2019-08-29,2019082901004559,RSDC,11,53,200,348.00,"69,600.00"
2019-08-29,2019082901004558,RSDC,36,53,50,348.00,"17,400.00"
2019-08-29,2019082901004557,RSDC,28,53,100,348.00,"34,800.00"
2019-08-29,2019082901004556,RSDC,19,53,100,348.00,"34,800.00"
2019-08-29,2019082901004555,RSDC,32,53,60,350.00,"21,000.00"
2019-08-29,2019082901004554,RSDC,45,53,93,350.00,"32,550.00"
2019-08-29,2019082901004553,RSDC,57,53,50,351.00,"17,550.00"
2019-08-29,2019082901004552,RSDC,39,53,10,352.00,"3,520.00"
2019-08-29,2019082901004540,RSDC,57,38,50,353.00,"17,650.00"
2019-08-29,2019082901004269,SABSL,1,50,10,441.00,"4,410.00"
2019-08-29,2019082901004565,SANIMA,26,10,300,348.00,"104,400.00"
2019-08-29,2019082901004481,SANIMA,47,10,15,348.00,"5,220.00"
2019-08-29,2019082901004286,SANIMA,44,50,13,346.00,"4,498.00"
2019-08-29,2019082901004285,SANIMA,13,50,50,346.00,"17,300.00"
2019-08-29,2019082901004578,SBI,58,8,404,440.00,"177,760.00"
2019-08-29,2019082901004577,SBI,59,8,170,440.00,"74,800.00"
2019-08-29,2019082901004576,SBI,45,8,10,440.00,"4,400.00"
2019-08-29,2019082901004575,SBI,16,8,10,440.00,"4,400.00"
2019-08-29,2019082901004574,SBI,58,8,100,441.00,"44,100.00"
2019-08-29,2019082901004573,SBI,43,8,70,441.00,"30,870.00"
2019-08-29,2019082901004572,SBI,17,8,200,443.00,"88,600.00"
2019-08-29,2019082901004254,SBI,6,6,"1,000",443.00,"443,000.00"
2019-08-29,2019082901004406,SBL,29,44,12,312.00,"3,744.00"
2019-08-29,2019082901004301,SBL,34,50,994,312.00,"310,128.00"
2019-08-29,2019082901004300,SBL,26,50,20,312.00,"6,240.00"
2019-08-29,2019082901004299,SBL,44,50,50,312.00,"15,600.00"
2019-08-29,2019082901004298,SBL,13,50,50,312.00,"15,600.00"
2019-08-29,2019082901004224,SBL,46,43,100,313.00,"31,300.00"
2019-08-29,2019082901004208,SBL,54,43,"1,000",313.00,"313,000.00"
2019-08-29,2019082901004207,SBL,50,43,50,313.00,"15,650.00"
2019-08-29,2019082901004206,SBL,14,43,10,313.00,"3,130.00"
2019-08-29,2019082901004205,SBL,45,43,22,313.00,"6,886.00"
2019-08-29,2019082901004204,SBL,56,43,380,313.00,"118,940.00"
2019-08-29,2019082901004184,SBL,56,4,500,313.00,"156,500.00"
2019-08-29,2019082901004562,SCB,34,6,500,622.00,"311,000.00"
2019-08-29,2019082901004519,SCB,34,57,379,622.00,"235,738.00"
2019-08-29,2019082901004518,SCB,34,57,719,622.00,"447,218.00"
2019-08-29,2019082901004517,SCB,7,57,294,623.00,"183,162.00"
2019-08-29,2019082901004210,SCB,7,35,96,623.00,"59,808.00"
2019-08-29,2019082901004202,SDESI,39,17,22,640.00,"14,080.00"
2019-08-29,2019082901004595,SFFIL,7,6,15,260.00,"3,900.00"
2019-08-29,2019082901004594,SFFIL,47,6,100,260.00,"26,000.00"
2019-08-29,2019082901004593,SFFIL,32,6,50,260.00,"13,000.00"
2019-08-29,2019082901004592,SFFIL,29,6,200,260.00,"52,000.00"
2019-08-29,2019082901004591,SFFIL,22,6,30,261.00,"7,830.00"
2019-08-29,2019082901004599,SHINE,34,42,500,247.00,"123,500.00"
2019-08-29,2019082901004506,SHINE,34,52,100,247.00,"24,700.00"
2019-08-29,2019082901004495,SHIVM,10,40,55,566.00,"31,130.00"
2019-08-29,2019082901004493,SHIVM,22,40,80,566.00,"45,280.00"
2019-08-29,2019082901004492,SHIVM,22,45,120,566.00,"67,920.00"
2019-08-29,2019082901004472,SHIVM,22,45,100,566.00,"56,600.00"
2019-08-29,2019082901004458,SHIVM,22,48,450,565.00,"254,250.00"
2019-08-29,2019082901004440,SHIVM,17,45,50,566.00,"28,300.00"
2019-08-29,2019082901004237,SHIVM,38,57,50,566.00,"28,300.00"
2019-08-29,2019082901004236,SHIVM,39,57,75,566.00,"42,450.00"
2019-08-29,2019082901004185,SHIVM,42,6,100,567.00,"56,700.00"
2019-08-29,2019082901004354,SHIVM,42,45,100,566.00,"56,600.00"
2019-08-29,2019082901004353,SHIVM,38,45,100,566.00,"56,600.00"
2019-08-29,2019082901004352,SHIVM,26,45,100,566.00,"56,600.00"
2019-08-29,2019082901004351,SHIVM,45,45,100,566.00,"56,600.00"
2019-08-29,2019082901004350,SHIVM,17,45,20,567.00,"11,340.00"
2019-08-29,2019082901004323,SHIVM,17,6,15,567.00,"8,505.00"
2019-08-29,2019082901004494,SHL,51,49,101,228.00,"23,028.00"
2019-08-29,2019082901004474,SHL,42,36,400,229.00,"91,600.00"
2019-08-29,2019082901004377,SHL,6,46,642,229.00,"147,018.00"
2019-08-29,2019082901004602,SIC,47,17,433,560.00,"242,480.00"
2019-08-29,2019082901004601,SIC,19,17,38,565.00,"21,470.00"
2019-08-29,2019082901004395,SIC,19,38,30,565.00,"16,950.00"
2019-08-29,2019082901004510,SICL,42,56,50,765.00,"38,250.00"
2019-08-29,2019082901004234,SICL,34,42,800,763.00,"610,400.00"
2019-08-29,2019082901004643,SIL,34,50,116,402.00,"46,632.00"
2019-08-29,2019082901004642,SIL,59,50,71,402.00,"28,542.00"
2019-08-29,2019082901004435,SIL,20,57,100,403.00,"40,300.00"
2019-08-29,2019082901004218,SIL,41,10,100,410.00,"41,000.00"
2019-08-29,2019082901004671,SJCL,41,28,20,204.00,"4,080.00"
2019-08-29,2019082901004662,SJCL,41,29,20,204.00,"4,080.00"
2019-08-29,2019082901004655,SJCL,32,28,20,203.00,"4,060.00"
2019-08-29,2019082901004648,SJCL,32,58,20,203.00,"4,060.00"
2019-08-29,2019082901004635,SJCL,32,44,20,203.00,"4,060.00"
2019-08-29,2019082901004318,SJCL,53,50,10,204.00,"2,040.00"
2019-08-29,2019082901004380,SJCL,53,34,20,204.00,"4,080.00"
2019-08-29,2019082901004512,SJCL,53,42,20,204.00,"4,080.00"
2019-08-29,2019082901004551,SJCL,10,7,15,204.00,"3,060.00"
2019-08-29,2019082901004550,SJCL,32,7,100,204.00,"20,400.00"
2019-08-29,2019082901004549,SJCL,39,7,"1,000",204.00,"204,000.00"
2019-08-29,2019082901004548,SJCL,25,7,100,204.00,"20,400.00"
2019-08-29,2019082901004547,SJCL,53,7,110,204.00,"22,440.00"
2019-08-29,2019082901004589,SJCL,32,34,20,203.00,"4,060.00"
2019-08-29,2019082901004583,SLBBL,39,37,20,558.00,"11,160.00"
2019-08-29,2019082901004405,SLBBL,51,38,30,556.00,"16,680.00"
2019-08-29,2019082901004222,SLBBL,1,10,50,557.00,"27,850.00"
2019-08-29,2019082901004308,SLBBL,1,43,250,557.00,"139,250.00"
2019-08-29,2019082901004488,SLBSL,52,18,10,740.00,"7,400.00"
2019-08-29,2019082901004507,SMB,19,34,10,481.00,"4,810.00"
2019-08-29,2019082901004393,SMFBS,25,47,10,802.00,"8,020.00"
2019-08-29,2019082901004438,SWBBL,26,22,40,925.00,"37,000.00"
2019-08-29,2019082901004437,SWBBL,21,22,30,925.00,"27,750.00"
2019-08-29,2019082901004450,UFL,32,28,300,178.00,"53,400.00"
2019-08-29,2019082901004515,UIC,35,52,50,294.00,"14,700.00"
2019-08-29,2019082901004514,UIC,22,52,10,294.00,"2,940.00"
2019-08-29,2019082901004513,UIC,21,52,40,295.00,"11,800.00"
2019-08-29,2019082901004326,UPCL,41,50,10,77.00,770.00
2019-08-29,2019082901004325,UPCL,43,50,40,77.00,"3,080.00"
2019-08-29,2019082901004500,UPPER,1,35,50,247.00,"12,350.00"
2019-08-29,2019082901004333,UPPER,1,50,40,247.00,"9,880.00"
2019-08-29,2019082901004322,UPPER,55,50,206,248.00,"51,088.00"
2019-08-29,2019082901004321,UPPER,55,52,50,248.00,"12,400.00"
2019-08-29,2019082901004320,UPPER,55,39,244,248.00,"60,512.00"
2019-08-29,2019082901004291,UPPER,1,26,50,247.00,"12,350.00"
2019-08-29,2019082901004025,ADBL,34,57,48,426.00,"20,448.00"
2019-08-29,2019082901004013,ADBL,34,47,137,426.00,"58,362.00"
2019-08-29,2019082901003998,ADBL,34,47,111,426.00,"47,286.00"
2019-08-29,2019082901003982,ADBL,34,57,100,426.00,"42,600.00"
2019-08-29,2019082901003839,ADBL,34,22,502,426.00,"213,852.00"
2019-08-29,2019082901003878,AKJCL,7,22,10,62.00,620.00
2019-08-29,2019082901003713,AKJCL,7,50,20,62.00,"1,240.00"
2019-08-29,2019082901004082,ALBSL,8,8,10,447.00,"4,470.00"
2019-08-29,2019082901003807,ALBSL,8,8,10,447.00,"4,470.00"
2019-08-29,2019082901004089,ALICL,42,47,10,336.00,"3,360.00"
2019-08-29,2019082901004016,ALICL,25,26,170,331.00,"56,270.00"
2019-08-29,2019082901004015,ALICL,45,26,30,331.00,"9,930.00"
2019-08-29,2019082901004173,BOKL,45,50,100,255.00,"25,500.00"
2019-08-29,2019082901004104,BOKL,48,34,119,254.00,"30,226.00"
2019-08-29,2019082901004103,BOKL,14,34,43,254.00,"10,922.00"
2019-08-29,2019082901004102,BOKL,37,34,338,254.00,"85,852.00"
2019-08-29,2019082901003803,BOKL,4,50,135,255.00,"34,425.00"
2019-08-29,2019082901003791,BOKL,56,50,500,255.00,"127,500.00"
2019-08-29,2019082901004012,BPCL,33,47,39,386.00,"15,054.00"
2019-08-29,2019082901004011,BPCL,33,49,11,386.00,"4,246.00"
2019-08-29,2019082901003951,BPCL,4,38,55,385.00,"21,175.00"
2019-08-29,2019082901003725,BPCL,4,22,11,385.00,"4,235.00"
2019-08-29,2019082901004038,CBBL,58,48,50,973.00,"48,650.00"
2019-08-29,2019082901004022,CBBL,58,58,19,973.00,"18,487.00"
2019-08-29,2019082901004021,CBBL,49,58,100,973.00,"97,300.00"
2019-08-29,2019082901004020,CBBL,45,58,60,974.00,"58,440.00"
2019-08-29,2019082901003946,CBBL,34,58,"1,300",976.00,"1,268,800.00"
2019-08-29,2019082901003876,CBBL,34,45,400,976.00,"390,400.00"
2019-08-29,2019082901003703,CBBL,20,45,100,977.00,"97,700.00"
2019-08-29,2019082901004068,CBL,51,13,300,145.00,"43,500.00"
2019-08-29,2019082901003962,CBL,34,14,100,146.00,"14,600.00"
2019-08-29,2019082901004170,CCBL,59,55,86,158.00,"13,588.00"
2019-08-29,2019082901004169,CCBL,6,55,"2,000",158.00,"316,000.00"
2019-08-29,2019082901004168,CCBL,14,55,500,158.00,"79,000.00"
2019-08-29,2019082901004167,CCBL,48,55,500,158.00,"79,000.00"
2019-08-29,2019082901004166,CCBL,29,55,150,158.00,"23,700.00"
2019-08-29,2019082901004165,CCBL,7,55,500,158.00,"79,000.00"
2019-08-29,2019082901004164,CCBL,8,55,"1,000",158.00,"158,000.00"
2019-08-29,2019082901004163,CCBL,42,55,192,158.00,"30,336.00"
2019-08-29,2019082901004161,CCBL,42,53,28,158.00,"4,424.00"
2019-08-29,2019082901003810,CCBL,42,33,280,158.00,"44,240.00"
2019-08-29,2019082901003809,CCBL,32,33,617,158.00,"97,486.00"
2019-08-29,2019082901003740,CCBL,17,48,30,159.00,"4,770.00"
2019-08-29,2019082901003847,CHCL,1,41,97,441.00,"42,777.00"
2019-08-29,2019082901003846,CHCL,19,41,100,443.00,"44,300.00"
2019-08-29,2019082901003835,CHCL,28,56,200,442.00,"88,400.00"
2019-08-29,2019082901003834,CHCL,28,41,140,442.00,"61,880.00"
2019-08-29,2019082901003766,CHCL,45,41,20,442.00,"8,840.00"
2019-08-29,2019082901003796,CHL,50,22,10,75.00,750.00
2019-08-29,2019082901004172,CIT,16,6,50,"2,350.00","117,500.00"
2019-08-29,2019082901004171,CIT,33,6,50,"2,350.00","117,500.00"
2019-08-29,2019082901004147,CIT,22,22,30,"2,350.00","70,500.00"
2019-08-29,2019082901004146,CIT,56,22,25,"2,350.00","58,750.00"
2019-08-29,2019082901004145,CIT,58,22,10,"2,351.00","23,510.00"
2019-08-29,2019082901004144,CIT,5,22,10,"2,351.00","23,510.00"
2019-08-29,2019082901004035,CIT,51,22,20,"2,356.00","47,120.00"
2019-08-29,2019082901004007,CIT,45,22,30,"2,360.00","70,800.00"
2019-08-29,2019082901004006,CIT,45,22,10,"2,360.00","23,600.00"
2019-08-29,2019082901004060,CIT,10,22,10,"2,351.00","23,510.00"
2019-08-29,2019082901004043,CIT,26,22,100,"2,351.00","235,100.00"
2019-08-29,2019082901004042,CIT,46,22,10,"2,352.00","23,520.00"
2019-08-29,2019082901004041,CIT,42,22,10,"2,355.00","23,550.00"
2019-08-29,2019082901004040,CIT,46,22,20,"2,355.00","47,100.00"
2019-08-29,2019082901004036,CIT,22,22,10,"2,356.00","23,560.00"
2019-08-29,2019082901003818,CMF1,22,22,"5,000",9.66,"48,300.00"
2019-08-29,2019082901004055,CZBIL,42,4,200,218.00,"43,600.00"
2019-08-29,2019082901003965,CZBIL,42,39,49,218.00,"10,682.00"
2019-08-29,2019082901003777,CZBIL,5,50,28,218.00,"6,104.00"
2019-08-29,2019082901003768,CZBIL,5,22,172,218.00,"37,496.00"
2019-08-29,2019082901003767,CZBIL,37,22,33,218.00,"7,194.00"
2019-08-29,2019082901003718,CZBIL,21,50,10,219.00,"2,190.00"
2019-08-29,2019082901003706,CZBIL,37,4,467,218.00,"101,806.00"
2019-08-29,2019082901003705,CZBIL,51,4,"1,533",218.00,"334,194.00"
2019-08-29,2019082901003688,CZBIL,51,46,467,218.00,"101,806.00"
2019-08-29,2019082901003882,DDBL,44,7,50,740.00,"37,000.00"
2019-08-29,2019082901004121,EBL,34,1,10,644.00,"6,440.00"
2019-08-29,2019082901003714,EBL,32,51,40,645.00,"25,800.00"
2019-08-29,2019082901003724,EBL,34,6,245,644.00,"157,780.00"
2019-08-29,2019082901003723,EBL,14,6,10,644.00,"6,440.00"
2019-08-29,2019082901003722,EBL,32,6,25,644.00,"16,100.00"
2019-08-29,2019082901003721,EBL,48,6,50,644.00,"32,200.00"
2019-08-29,2019082901003716,EBL,26,51,200,645.00,"129,000.00"
2019-08-29,2019082901003715,EBL,26,51,100,645.00,"64,500.00"
2019-08-29,2019082901003966,EBL,1,1,200,646.00,"129,200.00"
2019-08-29,2019082901003947,EBL,25,32,370,645.00,"238,650.00"
2019-08-29,2019082901003921,EBL,25,51,130,645.00,"83,850.00"
2019-08-29,2019082901003870,EBL,33,51,30,645.00,"19,350.00"
2019-08-29,2019082901003825,EBL,14,51,200,645.00,"129,000.00"
2019-08-29,2019082901003985,FMDBL,28,49,111,384.00,"42,624.00"
2019-08-29,2019082901004003,FOWAD,40,34,49,"1,325.00","64,925.00"
2019-08-29,2019082901004002,FOWAD,40,22,19,"1,324.00","25,156.00"
2019-08-29,2019082901003940,FOWAD,51,58,97,"1,322.00","128,234.00"
2019-08-29,2019082901003939,FOWAD,52,58,20,"1,323.00","26,460.00"
2019-08-29,2019082901003938,FOWAD,51,58,13,"1,325.00","17,225.00"
2019-08-29,2019082901003838,GBLBS,33,22,10,359.00,"3,590.00"
2019-08-29,2019082901003773,GHL,59,55,20,74.00,"1,480.00"
2019-08-29,2019082901003772,GHL,16,55,30,74.00,"2,220.00"
2019-08-29,2019082901003769,GHL,16,55,30,74.00,"2,220.00"
2019-08-29,2019082901003761,GHL,16,55,20,74.00,"1,480.00"
2019-08-29,2019082901003759,GHL,16,55,20,74.00,"1,480.00"
2019-08-29,2019082901003758,GHL,13,55,10,74.00,740.00
2019-08-29,2019082901003754,GHL,13,55,30,74.00,"2,220.00"
2019-08-29,2019082901003915,GILB,25,7,25,749.00,"18,725.00"
2019-08-29,2019082901003854,GLBSL,6,38,10,485.00,"4,850.00"
2019-08-29,2019082901003853,GLBSL,6,38,10,485.00,"4,850.00"
2019-08-29,2019082901003852,GLBSL,6,38,10,485.00,"4,850.00"
2019-08-29,2019082901004095,GLICL,22,1,16,420.00,"6,720.00"
2019-08-29,2019082901004071,GLICL,22,25,129,420.00,"54,180.00"
2019-08-29,2019082901004070,GLICL,10,25,71,420.00,"29,820.00"
2019-08-29,2019082901004047,GLICL,10,49,11,420.00,"4,620.00"
2019-08-29,2019082901004018,GLICL,10,50,18,420.00,"7,560.00"
2019-08-29,2019082901003978,GLICL,10,40,199,420.00,"83,580.00"
2019-08-29,2019082901003977,GLICL,49,40,100,420.00,"42,000.00"
2019-08-29,2019082901003896,HBL,25,6,13,548.00,"7,124.00"
2019-08-29,2019082901004141,HIDCL,47,11,200,144.00,"28,800.00"
2019-08-29,2019082901004039,HIDCL,22,1,50,143.00,"7,150.00"
2019-08-29,2019082901003752,HIDCL,1,35,"1,282",142.00,"182,044.00"
2019-08-29,2019082901003751,HIDCL,56,35,90,142.00,"12,780.00"
2019-08-29,2019082901003750,HIDCL,22,35,20,142.00,"2,840.00"
2019-08-29,2019082901003749,HIDCL,16,35,100,142.00,"14,200.00"
2019-08-29,2019082901003748,HIDCL,52,35,100,142.00,"14,200.00"
2019-08-29,2019082901003747,HIDCL,1,35,100,142.00,"14,200.00"
2019-08-29,2019082901003746,HIDCL,8,35,100,143.00,"14,300.00"
2019-08-29,2019082901003745,HIDCL,55,35,208,144.00,"29,952.00"
2019-08-29,2019082901003712,HIDCL,55,57,31,144.00,"4,464.00"
2019-08-29,2019082901003786,HPPL,28,51,10,149.00,"1,490.00"
2019-08-29,2019082901003816,HURJA,50,37,10,123.00,"1,230.00"
2019-08-29,2019082901003815,HURJA,50,37,20,123.00,"2,460.00"
2019-08-29,2019082901003814,HURJA,50,37,10,123.00,"1,230.00"
2019-08-29,2019082901003694,ICFC,6,55,50,159.00,"7,950.00"
2019-08-29,2019082901003693,ICFC,44,55,50,159.00,"7,950.00"
2019-08-29,2019082901003692,ICFC,46,55,100,160.00,"16,000.00"
2019-08-29,2019082901004128,ILBS,35,38,10,448.00,"4,480.00"
2019-08-29,2019082901004126,ILBS,22,38,10,450.00,"4,500.00"
2019-08-29,2019082901004120,ILBS,22,38,10,450.00,"4,500.00"
2019-08-29,2019082901004108,ILBS,22,38,10,450.00,"4,500.00"
