Date,Transact. No.,Symbol,Buyer,Seller,Quantity,Rate,Amount
2020-10-19,2020101903005286,ALICL,19,29,100,718.00,"71,800.00"
2020-10-19,2020101903005210,ALICL,36,29,100,718.00,"71,800.00"
2020-10-19,2020101904000117,BBC,58,56,10,"1,640.00","16,400.00"
2020-10-19,2020101904000116,BBC,42,56,10,"1,641.00","16,410.00"
2020-10-19,2020101904000096,BBC,45,25,50,"1,670.00","83,500.00"
2020-10-19,2020101903005481,BFC,21,10,443,141.00,"62,463.00"
2020-10-19,2020101903005480,BFC,21,52,17,141.00,"2,397.00"
2020-10-19,2020101903005201,BFC,32,10,497,141.00,"70,077.00"
2020-10-19,2020101903005284,CBBL,42,18,50,"1,110.00","55,500.00"
2020-10-19,2020101903005511,CFCL,45,28,50,164.00,"8,200.00"
2020-10-19,2020101903005505,CIT,16,34,12,"3,570.00","42,840.00"
2020-10-19,2020101903005350,CIT,50,45,10,"3,568.00","35,680.00"
2020-10-19,2020101903005342,CIT,4,42,20,"3,562.00","71,240.00"
2020-10-19,2020101903005333,CIT,4,42,30,"3,562.00","106,860.00"
2020-10-19,2020101903005332,CIT,13,42,20,"3,562.00","71,240.00"
2020-10-19,2020101903005241,CIT,7,49,39,"3,561.00","138,879.00"
2020-10-19,2020101903005240,CIT,16,49,50,"3,562.00","178,100.00"
2020-10-19,2020101903005239,CIT,4,49,51,"3,562.00","181,662.00"
2020-10-19,2020101903005238,CIT,47,49,50,"3,563.00","178,150.00"
2020-10-19,2020101903005237,CIT,41,49,10,"3,563.00","35,630.00"
2020-10-19,2020101904000124,CMF1,6,34,400,9.56,"3,824.00"
2020-10-19,2020101904000032,CMF1,38,42,500,9.53,"4,765.00"
2020-10-19,2020101903005251,CORBL,26,48,500,198.00,"99,000.00"
2020-10-19,2020101903005267,DDBL,16,25,15,850.00,"12,750.00"
2020-10-19,2020101903005266,DDBL,11,25,110,850.00,"93,500.00"
2020-10-19,2020101903005265,DDBL,5,25,75,850.00,"63,750.00"
2020-10-19,2020101903005216,DDBL,5,45,50,850.00,"42,500.00"
2020-10-19,2020101903005220,FMDBL,28,52,200,569.00,"113,800.00"
2020-10-19,2020101903005193,FMDBL,22,52,100,569.00,"56,900.00"
2020-10-19,2020101903005172,FMDBL,50,29,23,570.00,"13,110.00"
2020-10-19,2020101903005504,FMDBL,37,29,100,570.00,"57,000.00"
2020-10-19,2020101903005471,FMDBL,59,29,200,570.00,"114,000.00"
2020-10-19,2020101903005454,FMDBL,21,38,50,569.00,"28,450.00"
2020-10-19,2020101903005420,FMDBL,6,29,20,570.00,"11,400.00"
2020-10-19,2020101903005338,FMDBL,21,48,60,569.00,"34,140.00"
2020-10-19,2020101903005336,FOWAD,41,42,10,"1,541.00","15,410.00"
2020-10-19,2020101903005472,GBBL,58,54,10,263.00,"2,630.00"
2020-10-19,2020101903005419,GBBL,3,54,500,263.00,"131,500.00"
2020-10-19,2020101903005365,GBBL,43,54,100,263.00,"26,300.00"
2020-10-19,2020101904000063,GBD80/81,26,42,25,"1,046.00","26,150.00"
2020-10-19,2020101903005508,GBLBS,17,57,257,510.00,"131,070.00"
2020-10-19,2020101903005507,GBLBS,53,57,50,510.00,"25,500.00"
2020-10-19,2020101903005506,GBLBS,17,57,93,510.00,"47,430.00"
2020-10-19,2020101903005458,GBLBS,17,46,290,511.00,"148,190.00"
2020-10-19,2020101903005457,GBLBS,56,46,455,511.00,"232,505.00"
2020-10-19,2020101903005456,GBLBS,22,46,105,512.00,"53,760.00"
2020-10-19,2020101903005185,GBLBS,56,22,15,511.00,"7,665.00"
2020-10-19,2020101903005346,GFCL,13,57,20,192.00,"3,840.00"
2020-10-19,2020101903005207,GFCL,49,35,100,191.00,"19,100.00"
2020-10-19,2020101903005206,GFCL,49,41,400,191.00,"76,400.00"
2020-10-19,2020101903005509,GGBSL,22,47,10,795.00,"7,950.00"
2020-10-19,2020101904000099,GIC,54,46,10,444.00,"4,440.00"
2020-10-19,2020101904000069,GIC,54,58,10,444.00,"4,440.00"
2020-10-19,2020101904000050,GIC,54,48,10,444.00,"4,440.00"
2020-10-19,2020101904000046,GIC,54,1,10,444.00,"4,440.00"
2020-10-19,2020101904000044,GIC,54,21,10,444.00,"4,440.00"
2020-10-19,2020101904000039,GIC,54,48,10,444.00,"4,440.00"
2020-10-19,2020101904000014,GIC,54,52,10,444.00,"4,440.00"
2020-10-19,2020101904000013,GIC,54,47,10,444.00,"4,440.00"
2020-10-19,2020101904000009,GIC,57,16,10,436.00,"4,360.00"
2020-10-19,2020101904000003,GIC,52,34,10,428.00,"4,280.00"
2020-10-19,2020101904000002,GIC,48,11,10,420.00,"4,200.00"
2020-10-19,2020101904000001,GIC,35,56,10,412.00,"4,120.00"
2020-10-19,2020101904000037,GIC,54,48,10,444.00,"4,440.00"
2020-10-19,2020101904000033,GIC,54,36,10,444.00,"4,440.00"
2020-10-19,2020101904000018,GIC,54,52,10,444.00,"4,440.00"
2020-10-19,2020101904000017,GIC,54,34,10,444.00,"4,440.00"
2020-10-19,2020101904000016,GIC,54,1,10,444.00,"4,440.00"
2020-10-19,2020101904000015,GIC,54,13,10,444.00,"4,440.00"
2020-10-19,2020101903005362,GILB,57,35,10,"1,250.00","12,500.00"
2020-10-19,2020101904000113,GIMES1,45,56,"1,000",9.61,"9,610.00"
2020-10-19,2020101904000079,GIMES1,38,35,"1,000",9.60,"9,600.00"
2020-10-19,2020101903005364,GLICL,35,34,10,610.00,"6,100.00"
2020-10-19,2020101903005250,GLICL,53,41,100,609.00,"60,900.00"
2020-10-19,2020101903005249,GLICL,53,29,100,609.00,"60,900.00"
2020-10-19,2020101903005208,GLICL,53,48,600,608.00,"364,800.00"
2020-10-19,2020101903005196,GLICL,17,48,400,608.00,"243,200.00"
2020-10-19,2020101903005156,GLICL,53,32,500,607.00,"303,500.00"
2020-10-19,2020101903005192,GMFBS,34,6,10,820.00,"8,200.00"
2020-10-19,2020101903005258,GRDBL,34,5,50,151.00,"7,550.00"
2020-10-19,2020101903005257,GRDBL,34,32,100,151.00,"15,100.00"
2020-10-19,2020101903005212,GRDBL,38,46,40,150.00,"6,000.00"
2020-10-19,2020101904000068,HBLPO,40,43,"55,000",300.00,"16,500,000.00"
2020-10-19,2020101904000067,HBLPO,40,43,"50,000",300.00,"15,000,000.00"
2020-10-19,2020101904000066,HBLPO,40,43,"7,686",300.00,"2,305,800.00"
2020-10-19,2020101903005497,HIDCL,35,55,10,190.00,"1,900.00"
2020-10-19,2020101903005476,HIDCL,8,48,300,189.00,"56,700.00"
2020-10-19,2020101903005473,HIDCL,35,55,10,190.00,"1,900.00"
2020-10-19,2020101903005367,HIDCL,39,37,250,189.00,"47,250.00"
2020-10-19,2020101903005256,HIDCL,45,55,300,190.00,"57,000.00"
2020-10-19,2020101903005252,HIDCL,45,38,10,191.00,"1,910.00"
2020-10-19,2020101903005248,HIDCL,52,11,11,190.00,"2,090.00"
2020-10-19,2020101903005247,HIDCL,57,11,39,190.00,"7,410.00"
2020-10-19,2020101903005165,HIDCL,57,6,61,190.00,"11,590.00"
2020-10-19,2020101903005487,ICFC,52,11,25,289.00,"7,225.00"
2020-10-19,2020101903005486,ICFC,52,41,437,289.00,"126,293.00"
2020-10-19,2020101903005485,ICFC,52,6,"1,000",289.00,"289,000.00"
2020-10-19,2020101903005484,ICFC,52,14,500,289.00,"144,500.00"
2020-10-19,2020101903005483,ICFC,52,40,310,289.00,"89,590.00"
2020-10-19,2020101903005449,ICFC,50,17,500,288.00,"144,000.00"
2020-10-19,2020101903005246,ICFC,19,32,228,285.00,"64,980.00"
2020-10-19,2020101903005245,ICFC,19,33,122,285.00,"34,770.00"
2020-10-19,2020101903005150,ICFC,50,33,"2,878",285.00,"820,230.00"
2020-10-19,2020101903005149,ICFC,50,45,"1,122",285.00,"319,770.00"
2020-10-19,2020101903005430,ICFC,50,28,476,286.00,"136,136.00"
2020-10-19,2020101903005429,ICFC,50,42,"1,000",286.00,"286,000.00"
2020-10-19,2020101903005428,ICFC,50,43,100,286.00,"28,600.00"
2020-10-19,2020101903005310,ICFC,50,51,"1,000",285.00,"285,000.00"
2020-10-19,2020101903005309,ICFC,50,13,125,285.00,"35,625.00"
2020-10-19,2020101903005308,ICFC,50,55,140,285.00,"39,900.00"
2020-10-19,2020101903005436,ICFC,50,1,400,287.00,"114,800.00"
2020-10-19,2020101903005435,ICFC,50,16,200,287.00,"57,400.00"
2020-10-19,2020101903005434,ICFC,50,34,900,287.00,"258,300.00"
2020-10-19,2020101903005433,ICFC,50,45,65,286.00,"18,590.00"
2020-10-19,2020101903005432,ICFC,50,22,175,286.00,"50,050.00"
2020-10-19,2020101903005431,ICFC,50,58,500,286.00,"143,000.00"
2020-10-19,2020101903005442,ICFC,50,28,"2,000",288.00,"576,000.00"
2020-10-19,2020101903005441,ICFC,50,42,"1,200",288.00,"345,600.00"
2020-10-19,2020101903005440,ICFC,50,13,500,288.00,"144,000.00"
2020-10-19,2020101903005439,ICFC,50,52,"1,000",288.00,"288,000.00"
2020-10-19,2020101903005438,ICFC,50,32,200,287.00,"57,400.00"
2020-10-19,2020101903005437,ICFC,50,25,100,287.00,"28,700.00"
2020-10-19,2020101903005448,ICFC,50,13,200,288.00,"57,600.00"
2020-10-19,2020101903005447,ICFC,50,52,"1,000",288.00,"288,000.00"
2020-10-19,2020101903005446,ICFC,50,44,100,288.00,"28,800.00"
2020-10-19,2020101903005445,ICFC,50,28,"1,000",288.00,"288,000.00"
2020-10-19,2020101903005444,ICFC,50,40,21,288.00,"6,048.00"
2020-10-19,2020101903005443,ICFC,50,1,200,288.00,"57,600.00"
2020-10-19,2020101903005510,ILBS,19,55,10,810.00,"8,100.00"
2020-10-19,2020101903005482,ILBS,19,55,10,810.00,"8,100.00"
2020-10-19,2020101903005475,ILBS,28,55,22,810.00,"17,820.00"
2020-10-19,2020101903005470,ILBS,19,5,11,811.00,"8,921.00"
2020-10-19,2020101903005469,ILBS,19,44,11,811.00,"8,921.00"
2020-10-19,2020101903005318,ILBS,28,19,11,810.00,"8,910.00"
2020-10-19,2020101903005209,ILBS,43,29,11,805.00,"8,855.00"
2020-10-19,2020101903005512,JBBL,58,38,600,206.00,"123,600.00"
2020-10-19,2020101903005479,JBBL,58,6,429,207.00,"88,803.00"
2020-10-19,2020101903005478,JBBL,58,17,19,207.00,"3,933.00"
2020-10-19,2020101903005477,JBBL,58,16,52,207.00,"10,764.00"
2020-10-19,2020101903005462,JBBL,58,55,250,206.00,"51,500.00"
2020-10-19,2020101903005410,JBBL,58,52,430,206.00,"88,580.00"
2020-10-19,2020101903005160,JBBL,57,6,50,205.00,"10,250.00"
2020-10-19,2020101903005159,JBBL,14,6,237,205.00,"48,585.00"
2020-10-19,2020101903005155,JBBL,14,51,75,205.00,"15,375.00"
2020-10-19,2020101903005225,JBBL,49,32,69,206.00,"14,214.00"
2020-10-19,2020101903005224,JBBL,49,32,69,206.00,"14,214.00"
2020-10-19,2020101903005223,JBBL,49,32,69,206.00,"14,214.00"
2020-10-19,2020101903005171,JBBL,25,18,200,205.00,"41,000.00"
2020-10-19,2020101903005162,JBBL,25,6,263,205.00,"53,915.00"
2020-10-19,2020101903005161,JBBL,52,6,100,205.00,"20,500.00"
2020-10-19,2020101903005288,JBBL,52,20,200,206.00,"41,200.00"
2020-10-19,2020101903005230,JBBL,49,42,48,206.00,"9,888.00"
2020-10-19,2020101903005229,JBBL,49,32,138,206.00,"28,428.00"
2020-10-19,2020101903005228,JBBL,49,32,69,206.00,"14,214.00"
2020-10-19,2020101903005227,JBBL,49,32,69,206.00,"14,214.00"
2020-10-19,2020101903005226,JBBL,49,32,69,206.00,"14,214.00"
2020-10-19,2020101904000076,KBLD86,4,21,35,"1,035.00","36,225.00"
2020-10-19,2020101903005294,KMCDB,25,41,90,739.00,"66,510.00"
2020-10-19,2020101903005293,KMCDB,25,28,50,736.00,"36,800.00"
2020-10-19,2020101903005292,KMCDB,25,19,21,735.00,"15,435.00"
2020-10-19,2020101903005291,KMCDB,25,48,100,734.00,"73,400.00"
2020-10-19,2020101903005360,KRBL,41,14,450,145.00,"65,250.00"
2020-10-19,2020101903005351,KRBL,32,45,150,144.00,"21,600.00"
2020-10-19,2020101903005461,KSBBL,50,50,12,224.00,"2,688.00"
2020-10-19,2020101903005460,KSBBL,50,34,488,223.00,"108,824.00"
2020-10-19,2020101903005341,KSBBL,34,34,"3,500",223.00,"780,500.00"
2020-10-19,2020101903005340,KSBBL,4,34,"1,000",223.00,"223,000.00"
2020-10-19,2020101903005339,KSBBL,45,34,12,223.00,"2,676.00"
2020-10-19,2020101903005311,KSBBL,45,21,600,223.00,"133,800.00"
2020-10-19,2020101903005272,KSBBL,45,45,888,223.00,"198,024.00"
2020-10-19,2020101903005271,KSBBL,58,45,112,223.00,"24,976.00"
2020-10-19,2020101903005253,KSBBL,10,17,500,224.00,"112,000.00"
2020-10-19,2020101903005147,KSBBL,58,45,"1,000",223.00,"223,000.00"
2020-10-19,2020101903005169,LBBL,28,43,50,216.00,"10,800.00"
2020-10-19,2020101903005168,LBBL,28,59,"4,000",216.00,"864,000.00"
2020-10-19,2020101903005167,LBBL,28,32,200,215.00,"43,000.00"
2020-10-19,2020101903005166,LBBL,28,43,50,215.00,"10,750.00"
2020-10-19,2020101903005152,LBBL,51,51,10,213.00,"2,130.00"
2020-10-19,2020101903005170,LBBL,28,48,700,216.00,"151,200.00"
2020-10-19,2020101903005325,LBBL,44,22,100,216.00,"21,600.00"
2020-10-19,2020101903005324,LBBL,44,51,10,216.00,"2,160.00"
2020-10-19,2020101903005323,LBBL,44,48,100,216.00,"21,600.00"
2020-10-19,2020101903005322,LBBL,44,51,10,215.00,"2,150.00"
2020-10-19,2020101903005366,LBBL,54,37,10,218.00,"2,180.00"
2020-10-19,2020101903005330,LBBL,44,44,200,217.00,"43,400.00"
2020-10-19,2020101903005329,LBBL,44,45,30,217.00,"6,510.00"
2020-10-19,2020101903005328,LBBL,44,6,100,217.00,"21,700.00"
2020-10-19,2020101903005327,LBBL,44,49,300,217.00,"65,100.00"
2020-10-19,2020101903005326,LBBL,44,55,100,217.00,"21,700.00"
2020-10-19,2020101904000119,LEMF,45,34,"1,000",9.05,"9,050.00"
2020-10-19,2020101904000103,LEMF,45,5,"1,000",9.05,"9,050.00"
2020-10-19,2020101904000090,LEMF,45,43,"1,000",9.05,"9,050.00"
2020-10-19,2020101904000047,LEMF,5,55,"4,000",9.10,"36,400.00"
2020-10-19,2020101904000034,LEMF,21,49,200,9.01,"1,802.00"
2020-10-19,2020101904000030,LEMF,21,26,"5,000",9.19,"45,950.00"
2020-10-19,2020101904000028,LEMF,21,26,"5,000",9.19,"45,950.00"
2020-10-19,2020101904000008,LEMF,21,32,"14,400",9.10,"131,040.00"
2020-10-19,2020101904000083,LEMF,45,55,"5,000",9.06,"45,300.00"
2020-10-19,2020101904000080,LEMF,5,55,"6,000",9.10,"54,600.00"
2020-10-19,2020101903005144,LICN,25,55,10,"1,483.00","14,830.00"
2020-10-19,2020101903005143,LICN,25,16,100,"1,483.00","148,300.00"
2020-10-19,2020101903005142,LICN,25,25,40,"1,482.00","59,280.00"
2020-10-19,2020101904000082,LUK,48,19,"1,000",8.90,"8,900.00"
2020-10-19,2020101904000078,LUK,49,38,250,8.95,"2,237.50"
2020-10-19,2020101904000055,LUK,49,38,500,8.95,"4,475.00"
2020-10-19,2020101904000031,LUK,49,49,200,8.95,"1,790.00"
2020-10-19,2020101904000029,LUK,49,58,100,8.95,895.00
2020-10-19,2020101904000022,LUK,6,41,500,8.99,"4,495.00"
2020-10-19,2020101904000007,LUK,52,5,200,8.82,"1,764.00"
2020-10-19,2020101903005502,MERO,14,48,21,724.00,"15,204.00"
2020-10-19,2020101903005408,MERO,41,48,10,725.00,"7,250.00"
2020-10-19,2020101903005363,MERO,34,59,20,727.00,"14,540.00"
2020-10-19,2020101903005345,MERO,42,59,100,727.00,"72,700.00"
2020-10-19,2020101903005270,MERO,44,59,100,727.00,"72,700.00"
2020-10-19,2020101903005406,MFIL,58,38,10,316.00,"3,160.00"
2020-10-19,2020101903005405,MFIL,55,38,40,318.00,"12,720.00"
2020-10-19,2020101903005331,MFIL,55,25,160,318.00,"50,880.00"
2020-10-19,2020101903005164,MFIL,49,48,50,319.00,"15,950.00"
2020-10-19,2020101903005464,MLBBL,45,6,50,739.00,"36,950.00"
2020-10-19,2020101903005463,MLBBL,25,6,10,739.00,"7,390.00"
2020-10-19,2020101903005277,MLBBL,50,6,100,742.00,"74,200.00"
2020-10-19,2020101903005276,MLBBL,17,6,100,743.00,"74,300.00"
2020-10-19,2020101903005275,MLBBL,57,6,50,744.00,"37,200.00"
2020-10-19,2020101903005416,MLBL,34,10,300,229.00,"68,700.00"
2020-10-19,2020101903005415,MLBL,34,38,24,229.00,"5,496.00"
2020-10-19,2020101903005359,MMFDB,26,18,35,876.00,"30,660.00"
2020-10-19,2020101903005501,MNBBL,35,34,50,357.00,"17,850.00"
2020-10-19,2020101903005500,MNBBL,35,43,50,357.00,"17,850.00"
2020-10-19,2020101903005427,MNBBL,10,21,50,356.00,"17,800.00"
2020-10-19,2020101903005426,MNBBL,10,1,200,356.00,"71,200.00"
2020-10-19,2020101903005425,MNBBL,10,47,24,356.00,"8,544.00"
2020-10-19,2020101903005407,MNBBL,45,47,40,356.00,"14,240.00"
2020-10-19,2020101903005300,MNBBL,49,28,"1,000",355.00,"355,000.00"
2020-10-19,2020101903005299,MNBBL,49,52,400,355.00,"142,000.00"
2020-10-19,2020101903005199,MNBBL,4,45,160,354.00,"56,640.00"
2020-10-19,2020101903005198,MNBBL,4,41,50,354.00,"17,700.00"
2020-10-19,2020101903005194,MNBBL,49,48,500,353.00,"176,500.00"
2020-10-19,2020101903005306,MNBBL,49,38,30,356.00,"10,680.00"
2020-10-19,2020101903005305,MNBBL,49,13,500,356.00,"178,000.00"
2020-10-19,2020101903005304,MNBBL,49,28,"1,000",356.00,"356,000.00"
2020-10-19,2020101903005303,MNBBL,49,26,201,356.00,"71,556.00"
2020-10-19,2020101903005302,MNBBL,49,13,68,356.00,"24,208.00"
2020-10-19,2020101903005301,MNBBL,49,6,150,355.00,"53,250.00"
2020-10-19,2020101903005321,MNBBL,41,47,85,356.00,"30,260.00"
2020-10-19,2020101903005307,MNBBL,49,47,151,356.00,"53,756.00"
2020-10-19,2020101903005173,MPFL,42,41,50,143.00,"7,150.00"
2020-10-19,2020101903005298,NADEP,16,5,170,655.00,"111,350.00"
2020-10-19,2020101904000126,NBF2,48,7,500,9.00,"4,500.00"
2020-10-19,2020101904000120,NBF2,48,7,500,9.00,"4,500.00"
2020-10-19,2020101904000095,NBF2,21,37,"1,000",8.99,"8,990.00"
2020-10-19,2020101904000045,NBF2,45,58,"2,000",8.95,"17,900.00"
2020-10-19,2020101904000064,NBF2,21,45,700,9.00,"6,300.00"
2020-10-19,2020101904000062,NBF2,38,37,"2,000",8.99,"17,980.00"
2020-10-19,2020101904000060,NBF2,38,37,"2,000",8.99,"17,980.00"
2020-10-19,2020101904000049,NBF2,45,58,"6,000",8.95,"53,700.00"
2020-10-19,2020101904000036,NCCBPO,44,40,"4,268",114.00,"486,552.00"
2020-10-19,2020101904000129,NEF,32,56,579,9.00,"5,211.00"
2020-10-19,2020101904000107,NEF,32,41,827,9.00,"7,443.00"
2020-10-19,2020101904000106,NEF,48,41,100,9.05,905.00
2020-10-19,2020101904000102,NEF,5,35,"1,000",9.07,"9,070.00"
2020-10-19,2020101904000101,NEF,5,7,"1,127",9.05,"10,199.35"
2020-10-19,2020101904000100,NEF,5,7,"1,127",9.04,"10,188.08"
2020-10-19,2020101904000065,NEF,45,1,"1,000",8.90,"8,900.00"
2020-10-19,2020101904000006,NEF,16,42,141,8.73,"1,230.93"
2020-10-19,2020101904000005,NEF,5,42,100,8.73,873.00
2020-10-19,2020101903005411,NFS,52,49,34,323.00,"10,982.00"
2020-10-19,2020101903005409,NFS,52,13,462,323.00,"149,226.00"
2020-10-19,2020101903005274,NFS,52,41,490,323.00,"158,270.00"
2020-10-19,2020101903005273,NFS,52,34,100,323.00,"32,300.00"
2020-10-19,2020101903005189,NFS,51,42,40,320.00,"12,800.00"
2020-10-19,2020101904000110,NIBLPF,59,5,"2,020",9.00,"18,180.00"
2020-10-19,2020101904000091,NIBLPF,45,19,"14,500",9.10,"131,950.00"
2020-10-19,2020101904000089,NIBLPF,59,13,"5,830",9.00,"52,470.00"
2020-10-19,2020101904000087,NIBLPF,58,13,"2,747",9.00,"24,723.00"
2020-10-19,2020101904000086,NIBLPF,58,41,253,9.00,"2,277.00"
2020-10-19,2020101904000052,NIBLPF,45,42,500,8.95,"4,475.00"
2020-10-19,2020101904000128,NIBPO,58,16,100,360.00,"36,000.00"
2020-10-19,2020101904000127,NIBPO,52,16,100,360.00,"36,000.00"
2020-10-19,2020101904000125,NIBPO,52,16,100,360.00,"36,000.00"
2020-10-19,2020101904000123,NIBPO,34,16,500,360.00,"180,000.00"
2020-10-19,2020101904000111,NIBPO,11,49,270,361.00,"97,470.00"
2020-10-19,2020101904000104,NIBPO,34,47,20,362.00,"7,240.00"
2020-10-19,2020101904000085,NIBPO,29,49,414,360.00,"149,040.00"
2020-10-19,2020101904000073,NIBPO,29,3,15,360.00,"5,400.00"
2020-10-19,2020101904000059,NIBPO,17,28,1,360.00,360.00
2020-10-19,2020101904000054,NIBPO,29,16,71,360.00,"25,560.00"
2020-10-19,2020101904000010,NIBPO,4,4,8,356.00,"2,848.00"
2020-10-19,2020101904000109,NICBF,34,52,"1,150",9.00,"10,350.00"
2020-10-19,2020101904000012,NICBF,25,57,200,9.18,"1,836.00"
2020-10-19,2020101904000011,NICBF,25,40,"1,000",9.18,"9,180.00"
2020-10-19,2020101904000026,NICGF,11,45,500,9.39,"4,695.00"
2020-10-19,2020101903005474,NLIC,58,50,50,"1,370.00","68,500.00"
2020-10-19,2020101903005450,NLIC,58,34,300,"1,370.00","411,000.00"
2020-10-19,2020101903005312,NLIC,58,5,20,"1,370.00","27,400.00"
2020-10-19,2020101903005221,NLIC,14,10,100,"1,371.00","137,100.00"
2020-10-19,2020101903005197,NLIC,38,10,100,"1,370.00","137,000.00"
2020-10-19,2020101903005205,NLICL,6,25,900,743.00,"668,700.00"
2020-10-19,2020101903005204,NLICL,34,25,100,744.00,"74,400.00"
2020-10-19,2020101904000043,NMB50,28,13,"1,000",9.01,"9,010.00"
2020-10-19,2020101904000042,NMB50,28,13,"1,000",9.01,"9,010.00"
2020-10-19,2020101904000041,NMB50,16,13,"3,000",9.02,"27,060.00"
2020-10-19,2020101904000040,NMB50,17,13,"1,000",9.05,"9,050.00"
2020-10-19,2020101904000021,NMB50,16,41,300,9.02,"2,706.00"
2020-10-19,2020101904000020,NMB50,28,41,700,9.02,"6,314.00"
2020-10-19,2020101904000114,NMBHF1,1,28,"9,161",9.28,"85,014.08"
2020-10-19,2020101904000077,NMBHF1,58,17,"5,000",9.34,"46,700.00"
2020-10-19,2020101904000070,NMBHF1,58,22,"2,080",9.30,"19,344.00"
2020-10-19,2020101904000058,NMBHF1,1,42,800,9.21,"7,368.00"
2020-10-19,2020101904000048,NMBHF1,45,56,999,9.20,"9,190.80"
2020-10-19,2020101904000025,NMBHF1,21,42,416,9.18,"3,818.88"
2020-10-19,2020101903005186,NMBMF,28,52,47,801.00,"37,647.00"
2020-10-19,2020101903005146,NMBMF,28,41,203,800.00,"162,400.00"
2020-10-19,2020101903005145,NMBMF,28,41,121,800.00,"96,800.00"
2020-10-19,2020101903005493,NRIC,52,38,80,854.00,"68,320.00"
2020-10-19,2020101903005465,NRIC,17,38,100,854.00,"85,400.00"
2020-10-19,2020101903005459,NRIC,21,38,60,854.00,"51,240.00"
2020-10-19,2020101903005455,NRIC,3,56,100,853.00,"85,300.00"
2020-10-19,2020101903005344,NRIC,35,38,50,854.00,"42,700.00"
2020-10-19,2020101903005343,NRIC,10,38,20,854.00,"17,080.00"
2020-10-19,2020101903005243,NRIC,6,13,40,855.00,"34,200.00"
2020-10-19,2020101903005154,NRIC,6,58,10,853.00,"8,530.00"
2020-10-19,2020101903005297,NRIC,10,17,40,854.00,"34,160.00"
2020-10-19,2020101903005283,NRIC,6,7,10,855.00,"8,550.00"
2020-10-19,2020101903005282,NRIC,6,13,40,855.00,"34,200.00"
2020-10-19,2020101903005281,NRIC,10,46,40,854.00,"34,160.00"
2020-10-19,2020101903005278,NRIC,42,7,10,855.00,"8,550.00"
2020-10-19,2020101903005244,NRIC,6,7,10,855.00,"8,550.00"
2020-10-19,2020101903005417,NRN,32,57,10,347.00,"3,470.00"
2020-10-19,2020101903005348,NRN,6,17,190,350.00,"66,500.00"
2020-10-19,2020101903005347,NRN,6,7,10,349.00,"3,490.00"
2020-10-19,2020101903005236,NRN,38,42,10,349.00,"3,490.00"
2020-10-19,2020101903005235,NRN,38,58,10,349.00,"3,490.00"
2020-10-19,2020101903005234,NRN,38,58,10,349.00,"3,490.00"
2020-10-19,2020101903005233,NRN,38,4,10,348.00,"3,480.00"
2020-10-19,2020101903005232,NRN,32,25,10,346.00,"3,460.00"
2020-10-19,2020101903005157,NRN,32,57,10,346.00,"3,460.00"
2020-10-19,2020101903005424,OHL,25,55,260,377.00,"98,020.00"
2020-10-19,2020101903005413,PFL,34,49,"1,000",188.00,"188,000.00"
2020-10-19,2020101903005412,PFL,34,44,200,187.00,"37,400.00"
2020-10-19,2020101903005295,PFL,58,58,10,186.00,"1,860.00"
2020-10-19,2020101903005215,PFL,59,44,127,188.00,"23,876.00"
2020-10-19,2020101903005503,PLIC,50,50,142,655.00,"93,010.00"
2020-10-19,2020101903005492,PLIC,50,13,500,654.00,"327,000.00"
2020-10-19,2020101903005491,PLIC,50,25,346,653.00,"225,938.00"
2020-10-19,2020101903005490,PLIC,50,28,100,653.00,"65,300.00"
2020-10-19,2020101903005489,PLIC,50,25,100,652.00,"65,200.00"
2020-10-19,2020101903005488,PLIC,50,50,419,652.00,"273,188.00"
2020-10-19,2020101903005180,PLIC,50,35,100,651.00,"65,100.00"
2020-10-19,2020101903005179,PLIC,50,18,185,650.00,"120,250.00"
2020-10-19,2020101903005178,PLIC,50,34,529,650.00,"343,850.00"
2020-10-19,2020101903005177,PLIC,50,40,49,650.00,"31,850.00"
2020-10-19,2020101903005176,PLIC,50,32,160,650.00,"104,000.00"
2020-10-19,2020101903005175,PLIC,50,6,62,650.00,"40,300.00"
2020-10-19,2020101903005418,PLIC,50,10,221,650.00,"143,650.00"
2020-10-19,2020101903005314,PLIC,50,5,600,650.00,"390,000.00"
2020-10-19,2020101903005184,PLIC,50,46,500,652.00,"326,000.00"
2020-10-19,2020101903005183,PLIC,50,57,350,652.00,"228,200.00"
2020-10-19,2020101903005182,PLIC,50,53,150,652.00,"97,800.00"
2020-10-19,2020101903005181,PLIC,50,45,46,651.00,"29,946.00"
2020-10-19,2020101903005259,PROFL,42,10,50,134.00,"6,700.00"
2020-10-19,2020101904000122,RBCLPO,10,59,75,"10,300.00","772,500.00"
2020-10-19,2020101904000121,RBCLPO,10,59,25,"10,250.00","256,250.00"
2020-10-19,2020101904000074,RBCLPO,10,59,100,"10,300.00","1,030,000.00"
2020-10-19,2020101904000071,RBCLPO,40,17,21,"10,300.00","216,300.00"
2020-10-19,2020101903005203,RLFL,34,14,10,183.00,"1,830.00"
2020-10-19,2020101903005195,RLFL,34,13,200,180.00,"36,000.00"
2020-10-19,2020101903005163,RLFL,34,57,10,177.00,"1,770.00"
2020-10-19,2020101903005494,RLI,11,45,10,598.00,"5,980.00"
2020-10-19,2020101903005403,RLI,6,57,10,600.00,"6,000.00"
2020-10-19,2020101903005402,RLI,6,52,10,600.00,"6,000.00"
2020-10-19,2020101903005401,RLI,6,29,50,600.00,"30,000.00"
2020-10-19,2020101903005400,RLI,6,42,10,600.00,"6,000.00"
2020-10-19,2020101903005399,RLI,6,17,10,600.00,"6,000.00"
2020-10-19,2020101903005174,RLI,11,51,10,599.00,"5,990.00"
2020-10-19,2020101903005148,RLI,59,48,10,598.00,"5,980.00"
2020-10-19,2020101903005222,RLI,11,48,10,599.00,"5,990.00"
2020-10-19,2020101903005219,RLI,11,42,10,599.00,"5,990.00"
2020-10-19,2020101903005217,RLI,11,58,10,599.00,"5,990.00"
2020-10-19,2020101903005202,RLI,8,48,10,598.00,"5,980.00"
2020-10-19,2020101903005200,RLI,11,53,10,599.00,"5,990.00"
2020-10-19,2020101903005188,RLI,59,48,10,598.00,"5,980.00"
2020-10-19,2020101903005368,RLI,6,45,10,599.00,"5,990.00"
2020-10-19,2020101903005349,RLI,11,48,10,598.00,"5,980.00"
2020-10-19,2020101903005335,RLI,11,42,10,598.00,"5,980.00"
2020-10-19,2020101903005313,RLI,8,42,10,598.00,"5,980.00"
2020-10-19,2020101903005254,RLI,11,48,10,599.00,"5,990.00"
2020-10-19,2020101903005242,RLI,11,6,10,599.00,"5,990.00"
2020-10-19,2020101903005374,RLI,6,58,10,600.00,"6,000.00"
2020-10-19,2020101903005373,RLI,6,29,10,600.00,"6,000.00"
2020-10-19,2020101903005372,RLI,6,38,70,600.00,"42,000.00"
2020-10-19,2020101903005371,RLI,6,58,10,599.00,"5,990.00"
2020-10-19,2020101903005370,RLI,6,58,10,599.00,"5,990.00"
2020-10-19,2020101903005369,RLI,6,56,10,599.00,"5,990.00"
2020-10-19,2020101903005380,RLI,6,51,10,600.00,"6,000.00"
2020-10-19,2020101903005379,RLI,6,41,10,600.00,"6,000.00"
2020-10-19,2020101903005378,RLI,6,22,10,600.00,"6,000.00"
2020-10-19,2020101903005377,RLI,6,50,10,600.00,"6,000.00"
2020-10-19,2020101903005376,RLI,6,48,10,600.00,"6,000.00"
2020-10-19,2020101903005375,RLI,6,51,10,600.00,"6,000.00"
2020-10-19,2020101903005386,RLI,6,49,10,600.00,"6,000.00"
2020-10-19,2020101903005385,RLI,6,42,10,600.00,"6,000.00"
2020-10-19,2020101903005384,RLI,6,25,10,600.00,"6,000.00"
2020-10-19,2020101903005383,RLI,6,33,10,600.00,"6,000.00"
2020-10-19,2020101903005382,RLI,6,25,10,600.00,"6,000.00"
2020-10-19,2020101903005381,RLI,6,49,10,600.00,"6,000.00"
2020-10-19,2020101903005392,RLI,6,49,50,600.00,"30,000.00"
2020-10-19,2020101903005391,RLI,6,57,10,600.00,"6,000.00"
2020-10-19,2020101903005390,RLI,6,53,10,600.00,"6,000.00"
2020-10-19,2020101903005389,RLI,6,38,10,600.00,"6,000.00"
2020-10-19,2020101903005388,RLI,6,55,10,600.00,"6,000.00"
2020-10-19,2020101903005387,RLI,6,58,10,600.00,"6,000.00"
2020-10-19,2020101903005398,RLI,6,38,10,600.00,"6,000.00"
2020-10-19,2020101903005397,RLI,6,38,10,600.00,"6,000.00"
2020-10-19,2020101903005396,RLI,6,29,10,600.00,"6,000.00"
2020-10-19,2020101903005395,RLI,6,22,10,600.00,"6,000.00"
2020-10-19,2020101903005394,RLI,6,54,10,600.00,"6,000.00"
2020-10-19,2020101903005393,RLI,6,44,10,600.00,"6,000.00"
2020-10-19,2020101903005191,RMDC,58,49,291,859.00,"249,969.00"
2020-10-19,2020101903005190,RMDC,25,49,60,860.00,"51,600.00"
2020-10-19,2020101903005316,RSDC,53,33,500,542.00,"271,000.00"
2020-10-19,2020101903005269,RSDC,44,52,60,541.00,"32,460.00"
2020-10-19,2020101903005268,RSDC,35,52,35,541.00,"18,935.00"
2020-10-19,2020101903005296,SABSL,44,42,11,861.00,"9,471.00"
2020-10-19,2020101903005285,SABSL,44,50,22,855.00,"18,810.00"
2020-10-19,2020101903005264,SABSL,44,50,77,855.00,"65,835.00"
2020-10-19,2020101903005263,SABSL,44,44,11,855.00,"9,405.00"
2020-10-19,2020101903005262,SABSL,44,19,11,850.00,"9,350.00"
2020-10-19,2020101903005261,SABSL,44,45,11,850.00,"9,350.00"
2020-10-19,2020101903005260,SABSL,44,5,390,849.00,"331,110.00"
2020-10-19,2020101903005467,SADBL,34,49,10,179.00,"1,790.00"
2020-10-19,2020101903005353,SADBL,50,55,450,177.00,"79,650.00"
2020-10-19,2020101903005352,SADBL,32,55,50,177.00,"8,850.00"
2020-10-19,2020101903005320,SADBL,50,55,100,178.00,"17,800.00"
2020-10-19,2020101903005187,SADBL,20,55,92,178.00,"16,376.00"
2020-10-19,2020101904000092,SAEF,59,42,"1,500",10.45,"15,675.00"
2020-10-19,2020101904000084,SAEF,33,39,370,10.43,"3,859.10"
2020-10-19,2020101904000081,SAEF,33,42,500,10.43,"5,215.00"
2020-10-19,2020101904000057,SAEF,5,52,"3,900",10.50,"40,950.00"
2020-10-19,2020101904000024,SAEF,48,18,700,10.30,"7,210.00"
2020-10-19,2020101904000023,SAEF,58,18,300,10.30,"3,090.00"
2020-10-19,2020101904000019,SAEF,58,39,200,10.30,"2,060.00"
2020-10-19,2020101904000004,SAEF,34,42,500,10.22,"5,110.00"
2020-10-19,2020101904000072,SAND2085,26,40,25,"1,034.00","25,850.00"
2020-10-19,2020101904000051,SAND2085,26,41,90,"1,047.00","94,230.00"
2020-10-19,2020101904000075,SBLD2082,11,40,25,"1,033.00","25,825.00"
2020-10-19,2020101903005287,SDLBSL,41,55,10,820.00,"8,200.00"
2020-10-19,2020101904000108,SEF,56,57,300,9.24,"2,772.00"
2020-10-19,2020101904000094,SEF,42,57,"2,200",9.36,"20,592.00"
2020-10-19,2020101904000093,SEF,42,58,"1,000",9.36,"9,360.00"
2020-10-19,2020101904000061,SEF,1,58,"1,000",9.36,"9,360.00"
2020-10-19,2020101904000056,SEF,1,43,"1,000",9.36,"9,360.00"
2020-10-19,2020101904000027,SEF,16,58,"2,000",9.18,"18,360.00"
2020-10-19,2020101903005496,SFCL,42,54,50,139.00,"6,950.00"
2020-10-19,2020101903005453,SFCL,44,54,260,139.00,"36,140.00"
2020-10-19,2020101903005452,SFCL,44,51,40,139.00,"5,560.00"
2020-10-19,2020101904000053,SFMF,42,25,100,9.18,918.00
2020-10-19,2020101904000038,SFMF,8,49,"1,000",9.12,"9,120.00"
2020-10-19,2020101903005498,SHINE,28,33,15,261.00,"3,915.00"
2020-10-19,2020101903005468,SHINE,58,43,50,260.00,"13,000.00"
2020-10-19,2020101903005404,SHINE,45,43,100,260.00,"26,000.00"
2020-10-19,2020101903005280,SHINE,58,43,50,260.00,"13,000.00"
2020-10-19,2020101903005255,SHINE,38,43,100,260.00,"26,000.00"
2020-10-19,2020101903005279,SIFC,3,6,10,196.00,"1,960.00"
2020-10-19,2020101903005158,SIFC,4,43,720,195.00,"140,400.00"
2020-10-19,2020101903005151,SIFC,4,17,50,195.00,"9,750.00"
2020-10-19,2020101903005466,SKBBL,29,25,70,"1,354.00","94,780.00"
2020-10-19,2020101903005319,SKBBL,59,25,50,"1,355.00","67,750.00"
2020-10-19,2020101903005317,SKBBL,42,45,50,"1,355.00","67,750.00"
2020-10-19,2020101903005495,SLBBL,49,34,100,832.00,"83,200.00"
2020-10-19,2020101903005361,SLBBL,45,34,20,834.00,"16,680.00"
2020-10-19,2020101903005231,SLBSL,35,57,10,779.00,"7,790.00"
2020-10-19,2020101903005334,SLICL,45,3,30,600.00,"18,000.00"
2020-10-19,2020101903005218,SLICL,16,3,400,600.00,"240,000.00"
2020-10-19,2020101903005211,SLICL,51,3,400,600.00,"240,000.00"
2020-10-19,2020101903005153,SLICL,28,3,50,600.00,"30,000.00"
2020-10-19,2020101903005358,SLICL,53,21,10,600.00,"6,000.00"
2020-10-19,2020101903005357,SLICL,53,38,500,600.00,"300,000.00"
2020-10-19,2020101903005356,SLICL,53,57,200,600.00,"120,000.00"
2020-10-19,2020101903005355,SLICL,53,3,570,600.00,"342,000.00"
2020-10-19,2020101903005354,SLICL,53,50,50,599.00,"29,950.00"
2020-10-19,2020101903005337,SLICL,52,50,50,599.00,"29,950.00"
2020-10-19,2020101903005414,SLICL,3,13,100,601.00,"60,100.00"
2020-10-19,2020101903005499,SMB,34,45,11,844.00,"9,284.00"
2020-10-19,2020101904000105,SRBLD83,26,17,25,"1,026.00","25,650.00"
2020-10-19,2020101904000035,SRBLD83,26,42,100,"1,040.00","104,000.00"
2020-10-19,2020101904000118,STC,56,21,100,"3,500.00","350,000.00"
2020-10-19,2020101904000115,STC,56,21,100,"3,500.00","350,000.00"
2020-10-19,2020101904000112,STC,10,5,20,"3,465.00","69,300.00"
2020-10-19,2020101904000098,STC,56,17,20,"3,500.00","70,000.00"
2020-10-19,2020101904000097,STC,46,17,30,"3,500.00","105,000.00"
2020-10-19,2020101904000088,STC,14,17,50,"3,500.00","175,000.00"
2020-10-19,2020101903005451,SWBBL,59,47,50,"1,240.00","62,000.00"
2020-10-19,2020101903005290,SWBBL,52,45,20,"1,238.00","24,760.00"
2020-10-19,2020101903005214,SWBBL,5,47,29,"1,240.00","35,960.00"
2020-10-19,2020101903005213,SWBBL,5,22,10,"1,240.00","12,400.00"
2020-10-19,2020101903005423,TRH,29,51,120,243.00,"29,160.00"
2020-10-19,2020101903005422,TRH,37,51,100,243.00,"24,300.00"
2020-10-19,2020101903005421,TRH,7,51,180,243.00,"43,740.00"
2020-10-19,2020101903005315,UFL,7,22,300,245.00,"73,500.00"
2020-10-19,2020101903004964,ALBSL,21,6,19,800.00,"15,200.00"
2020-10-19,2020101903004963,ALBSL,3,6,20,800.00,"16,000.00"
2020-10-19,2020101903004962,ALBSL,29,6,11,800.00,"8,800.00"
2020-10-19,2020101903005108,BFC,21,13,40,140.00,"5,600.00"
2020-10-19,2020101903004916,BFC,58,49,157,140.00,"21,980.00"
2020-10-19,2020101903004769,BFC,58,38,43,140.00,"6,020.00"
2020-10-19,2020101903004745,BFC,46,38,287,140.00,"40,180.00"
2020-10-19,2020101903004744,BFC,46,54,463,140.00,"64,820.00"
2020-10-19,2020101903004743,BFC,46,38,450,140.00,"63,000.00"
2020-10-19,2020101903005055,CBBL,42,48,10,"1,111.00","11,110.00"
2020-10-19,2020101903004949,CFCL,21,28,660,163.00,"107,580.00"
2020-10-19,2020101903004948,CFCL,47,28,340,163.00,"55,420.00"
2020-10-19,2020101903004945,CFCL,32,28,200,164.00,"32,800.00"
2020-10-19,2020101903004957,CIT,13,51,50,"3,572.00","178,600.00"
2020-10-19,2020101903004761,CIT,45,8,16,"3,573.00","57,168.00"
2020-10-19,2020101903004760,CIT,45,11,40,"3,573.00","142,920.00"
2020-10-19,2020101903004759,CIT,45,58,10,"3,573.00","35,730.00"
2020-10-19,2020101903004758,CIT,45,34,10,"3,573.00","35,730.00"
2020-10-19,2020101903004757,CIT,45,50,10,"3,573.00","35,730.00"
2020-10-19,2020101903004756,CIT,45,52,14,"3,573.00","50,022.00"
2020-10-19,2020101903004755,CIT,45,34,100,"3,572.00","357,200.00"
2020-10-19,2020101903004809,CLBSL,25,49,10,690.00,"6,900.00"
2020-10-19,2020101903004820,CORBL,26,26,430,200.00,"86,000.00"
2020-10-19,2020101903005080,DDBL,14,25,100,852.00,"85,200.00"
2020-10-19,2020101903005054,DDBL,5,50,75,850.00,"63,750.00"
2020-10-19,2020101903005053,DDBL,34,50,50,851.00,"42,550.00"
2020-10-19,2020101903005038,DDBL,52,50,25,851.00,"21,275.00"
2020-10-19,2020101903004895,DDBL,52,22,50,851.00,"42,550.00"
2020-10-19,2020101903005136,FMDBL,48,29,16,570.00,"9,120.00"
2020-10-19,2020101903005135,FMDBL,48,57,50,570.00,"28,500.00"
2020-10-19,2020101903004667,FMDBL,49,28,500,568.00,"284,000.00"
2020-10-19,2020101903005037,FOWAD,18,5,50,"1,540.00","77,000.00"
2020-10-19,2020101903005036,GBBL,4,34,301,262.00,"78,862.00"
2020-10-19,2020101903005035,GBBL,4,1,50,262.00,"13,100.00"
2020-10-19,2020101903005034,GBBL,4,46,750,262.00,"196,500.00"
2020-10-19,2020101903005033,GBBL,4,42,20,262.00,"5,240.00"
2020-10-19,2020101903005011,GBBL,47,57,162,261.00,"42,282.00"
2020-10-19,2020101903005010,GBBL,49,57,"1,000",261.00,"261,000.00"
2020-10-19,2020101903005009,GBBL,42,57,38,261.00,"9,918.00"
2020-10-19,2020101903004898,GBBL,58,42,55,262.00,"14,410.00"
2020-10-19,2020101903004937,GBLBS,56,17,15,511.00,"7,665.00"
2020-10-19,2020101903004844,GBLBS,56,17,15,511.00,"7,665.00"
2020-10-19,2020101903004739,GBLBS,17,57,150,510.00,"76,500.00"
2020-10-19,2020101903005130,GFCL,43,41,100,191.00,"19,100.00"
2020-10-19,2020101903005134,GLICL,16,58,500,605.00,"302,500.00"
2020-10-19,2020101903005056,GLICL,53,38,10,607.00,"6,070.00"
2020-10-19,2020101903004918,GLICL,16,22,70,605.00,"42,350.00"
2020-10-19,2020101903004843,GLICL,16,48,350,605.00,"211,750.00"
2020-10-19,2020101903004789,GLICL,52,48,100,605.00,"60,500.00"
2020-10-19,2020101903004772,GLICL,34,48,300,605.00,"181,500.00"
2020-10-19,2020101903004752,GLICL,59,48,100,605.00,"60,500.00"
2020-10-19,2020101903004702,GMFIL,45,46,106,173.00,"18,338.00"
2020-10-19,2020101903005007,GUFL,59,55,160,149.00,"23,840.00"
2020-10-19,2020101903004876,GUFL,48,55,100,149.00,"14,900.00"
2020-10-19,2020101903004847,GUFL,45,55,100,149.00,"14,900.00"
2020-10-19,2020101903005129,HIDCL,35,38,210,191.00,"40,110.00"
2020-10-19,2020101903005092,HIDCL,57,11,50,190.00,"9,500.00"
2020-10-19,2020101903005091,HIDCL,57,56,400,190.00,"76,000.00"
2020-10-19,2020101903005090,HIDCL,57,55,"2,000",190.00,"380,000.00"
2020-10-19,2020101903005089,HIDCL,57,48,200,190.00,"38,000.00"
2020-10-19,2020101903005088,HIDCL,57,8,500,190.00,"95,000.00"
2020-10-19,2020101903004686,HIDCL,5,55,"1,500",188.00,"282,000.00"
2020-10-19,2020101903004668,HIDCL,39,55,89,188.00,"16,732.00"
2020-10-19,2020101903004644,HIDCL,39,41,11,188.00,"2,068.00"
2020-10-19,2020101903004643,HIDCL,6,41,89,188.00,"16,732.00"
2020-10-19,2020101903004721,HIDCL,14,41,250,189.00,"47,250.00"
2020-10-19,2020101903004720,HIDCL,14,10,"1,000",189.00,"189,000.00"
2020-10-19,2020101903004719,HIDCL,14,8,158,189.00,"29,862.00"
2020-10-19,2020101903004718,HIDCL,14,11,100,189.00,"18,900.00"
2020-10-19,2020101903004717,HIDCL,14,14,41,189.00,"7,749.00"
2020-10-19,2020101903004698,HIDCL,25,55,434,188.00,"81,592.00"
2020-10-19,2020101903004727,HIDCL,14,52,61,189.00,"11,529.00"
2020-10-19,2020101903004726,HIDCL,14,44,213,189.00,"40,257.00"
2020-10-19,2020101903004725,HIDCL,14,16,500,189.00,"94,500.00"
2020-10-19,2020101903004724,HIDCL,14,29,300,189.00,"56,700.00"
2020-10-19,2020101903004723,HIDCL,14,42,61,189.00,"11,529.00"
2020-10-19,2020101903004722,HIDCL,14,6,110,189.00,"20,790.00"
2020-10-19,2020101903004812,HIDCL,6,49,100,190.00,"19,000.00"
2020-10-19,2020101903004811,HIDCL,6,42,61,190.00,"11,590.00"
2020-10-19,2020101903004785,HIDCL,35,52,10,190.00,"1,900.00"
2020-10-19,2020101903004767,HIDCL,25,38,16,188.00,"3,008.00"
2020-10-19,2020101903004729,HIDCL,14,38,100,189.00,"18,900.00"
2020-10-19,2020101903004728,HIDCL,14,50,100,189.00,"18,900.00"
2020-10-19,2020101903004826,HIDCL,25,21,31,190.00,"5,890.00"
2020-10-19,2020101903004825,HIDCL,25,14,287,190.00,"54,530.00"
2020-10-19,2020101903004824,HIDCL,25,26,18,190.00,"3,420.00"
2020-10-19,2020101903004815,HIDCL,6,26,299,190.00,"56,810.00"
2020-10-19,2020101903004814,HIDCL,6,1,500,190.00,"95,000.00"
2020-10-19,2020101903004813,HIDCL,6,20,40,190.00,"7,600.00"
2020-10-19,2020101903004880,HIDCL,35,34,10,190.00,"1,900.00"
2020-10-19,2020101903004878,HIDCL,52,47,300,189.00,"56,700.00"
2020-10-19,2020101903004837,HIDCL,52,47,300,189.00,"56,700.00"
2020-10-19,2020101903004836,HIDCL,52,41,16,189.00,"3,024.00"
2020-10-19,2020101903004828,HIDCL,25,35,100,190.00,"19,000.00"
2020-10-19,2020101903004827,HIDCL,25,46,61,190.00,"11,590.00"
2020-10-19,2020101903005073,HIDCL,25,59,550,188.00,"103,400.00"
2020-10-19,2020101903005072,HIDCL,58,59,54,189.00,"10,206.00"
2020-10-19,2020101903005000,HIDCL,58,59,946,189.00,"178,794.00"
2020-10-19,2020101903004999,HIDCL,49,59,"2,000",189.00,"378,000.00"
2020-10-19,2020101903004998,HIDCL,52,59,54,189.00,"10,206.00"
2020-10-19,2020101903004915,HIDCL,52,17,830,189.00,"156,870.00"
2020-10-19,2020101903005087,HIDCL,57,58,200,190.00,"38,000.00"
2020-10-19,2020101903005086,HIDCL,57,21,50,190.00,"9,500.00"
2020-10-19,2020101903005085,HIDCL,57,34,51,190.00,"9,690.00"
2020-10-19,2020101903005076,HIDCL,46,59,396,188.00,"74,448.00"
2020-10-19,2020101903005075,HIDCL,49,59,"2,000",188.00,"376,000.00"
2020-10-19,2020101903005074,HIDCL,50,59,"1,000",188.00,"188,000.00"
2020-10-19,2020101903005094,ICFC,50,45,47,285.00,"13,395.00"
2020-10-19,2020101903005084,ICFC,50,41,200,285.00,"57,000.00"
2020-10-19,2020101903005083,ICFC,50,14,"3,001",285.00,"855,285.00"
2020-10-19,2020101903005082,ICFC,50,14,752,285.00,"214,320.00"
2020-10-19,2020101903005081,ICFC,50,57,"1,000",284.00,"284,000.00"
2020-10-19,2020101903005026,ICFC,1,28,"1,000",283.00,"283,000.00"
2020-10-19,2020101903004956,ICFC,28,14,98,285.00,"27,930.00"
2020-10-19,2020101903004955,ICFC,28,19,300,285.00,"85,500.00"
2020-10-19,2020101903004935,ICFC,28,42,50,284.00,"14,200.00"
2020-10-19,2020101903004934,ICFC,28,37,152,284.00,"43,168.00"
2020-10-19,2020101903004786,ICFC,14,37,30,284.00,"8,520.00"
2020-10-19,2020101903004944,ILBS,43,17,11,805.00,"8,855.00"
2020-10-19,2020101903004933,JBBL,14,41,19,205.00,"3,895.00"
2020-10-19,2020101903004931,JBBL,18,52,100,206.00,"20,600.00"
2020-10-19,2020101903004914,JBBL,14,52,70,206.00,"14,420.00"
2020-10-19,2020101903004913,JBBL,14,52,130,206.00,"26,780.00"
2020-10-19,2020101903004842,JBBL,14,41,19,205.00,"3,895.00"
2020-10-19,2020101903004788,JBBL,13,52,300,206.00,"61,800.00"
2020-10-19,2020101903004748,JBBL,41,39,300,206.00,"61,800.00"
2020-10-19,2020101903004747,JBBL,7,39,200,206.00,"41,200.00"
2020-10-19,2020101903004746,JBBL,49,39,270,206.00,"55,620.00"
2020-10-19,2020101903004713,JBBL,49,26,120,206.00,"24,720.00"
2020-10-19,2020101903004784,JBBL,25,52,"4,570",206.00,"941,420.00"
2020-10-19,2020101903004783,JBBL,25,39,430,206.00,"88,580.00"
2020-10-19,2020101903004753,JBBL,52,39,"1,000",206.00,"206,000.00"
2020-10-19,2020101903004751,JBBL,57,39,200,206.00,"41,200.00"
2020-10-19,2020101903004750,JBBL,25,39,100,206.00,"20,600.00"
2020-10-19,2020101903004749,JBBL,1,39,500,206.00,"103,000.00"
2020-10-19,2020101903005141,JFL,42,28,50,215.00,"10,750.00"
2020-10-19,2020101903005012,JFL,57,28,100,215.00,"21,500.00"
2020-10-19,2020101903004886,KMCDB,25,41,100,733.00,"73,300.00"
2020-10-19,2020101903004885,KMCDB,25,48,100,732.00,"73,200.00"
2020-10-19,2020101903004705,KMCDB,25,1,10,730.00,"7,300.00"
2020-10-19,2020101903004704,KMCDB,25,48,40,730.00,"29,200.00"
2020-10-19,2020101903004712,KRBL,53,13,45,145.00,"6,525.00"
2020-10-19,2020101903004711,KRBL,53,44,100,145.00,"14,500.00"
2020-10-19,2020101903004710,KRBL,53,41,100,145.00,"14,500.00"
2020-10-19,2020101903004709,KRBL,53,57,400,144.00,"57,600.00"
2020-10-19,2020101903004687,KRBL,43,55,32,143.00,"4,576.00"
2020-10-19,2020101903005079,KSBBL,58,56,123,223.00,"27,429.00"
2020-10-19,2020101903004985,KSBBL,58,45,500,223.00,"111,500.00"
2020-10-19,2020101903004984,KSBBL,58,50,265,223.00,"59,095.00"
2020-10-19,2020101903004932,KSBBL,33,50,735,223.00,"163,905.00"
2020-10-19,2020101903004897,KSBBL,33,32,54,223.00,"12,042.00"
2020-10-19,2020101903004893,KSBBL,33,41,101,223.00,"22,523.00"
2020-10-19,2020101903004777,KSBBL,34,32,25,222.00,"5,550.00"
2020-10-19,2020101903004776,KSBBL,4,32,29,222.00,"6,438.00"
2020-10-19,2020101903004817,KSBBL,58,32,54,223.00,"12,042.00"
2020-10-19,2020101903004787,KSBBL,58,32,54,223.00,"12,042.00"
2020-10-19,2020101903004782,KSBBL,58,52,200,223.00,"44,600.00"
2020-10-19,2020101903004781,KSBBL,58,45,35,223.00,"7,805.00"
2020-10-19,2020101903004780,KSBBL,58,34,"1,000",223.00,"223,000.00"
2020-10-19,2020101903004779,KSBBL,58,45,450,223.00,"100,350.00"
2020-10-19,2020101903004887,KSBBL,33,32,54,223.00,"12,042.00"
2020-10-19,2020101903004874,KSBBL,33,41,56,223.00,"12,488.00"
2020-10-19,2020101903004873,KSBBL,58,41,45,223.00,"10,035.00"
2020-10-19,2020101903004872,KSBBL,58,32,54,223.00,"12,042.00"
2020-10-19,2020101903004848,KSBBL,58,32,54,223.00,"12,042.00"
2020-10-19,2020101903004823,KSBBL,58,32,54,223.00,"12,042.00"
2020-10-19,2020101903005137,LBBL,51,51,10,213.00,"2,130.00"
2020-10-19,2020101903005099,LBBL,51,51,10,213.00,"2,130.00"
2020-10-19,2020101903005078,LBBL,51,51,10,213.00,"2,130.00"
2020-10-19,2020101903005040,LBBL,51,51,10,213.00,"2,130.00"
2020-10-19,2020101903004792,LBBL,17,38,100,214.00,"21,400.00"
2020-10-19,2020101903004791,LBBL,17,26,10,214.00,"2,140.00"
2020-10-19,2020101903004790,LBBL,17,38,689,214.00,"147,446.00"
2020-10-19,2020101903004768,LBBL,41,38,100,214.00,"21,400.00"
2020-10-19,2020101903004798,LBBL,17,38,"1,202",215.00,"258,430.00"
2020-10-19,2020101903004797,LBBL,17,37,50,215.00,"10,750.00"
2020-10-19,2020101903004796,LBBL,17,28,10,215.00,"2,150.00"
2020-10-19,2020101903004795,LBBL,17,51,10,214.00,"2,140.00"
2020-10-19,2020101903004794,LBBL,17,34,"1,000",214.00,"214,000.00"
2020-10-19,2020101903004793,LBBL,17,33,300,214.00,"64,200.00"
2020-10-19,2020101903004804,LBBL,17,50,500,215.00,"107,500.00"
2020-10-19,2020101903004803,LBBL,17,19,33,215.00,"7,095.00"
2020-10-19,2020101903004802,LBBL,17,42,500,215.00,"107,500.00"
2020-10-19,2020101903004801,LBBL,17,33,200,215.00,"43,000.00"
2020-10-19,2020101903004800,LBBL,17,14,766,215.00,"164,690.00"
2020-10-19,2020101903004799,LBBL,17,45,19,215.00,"4,085.00"
2020-10-19,2020101903004807,LBBL,17,34,900,215.00,"193,500.00"
2020-10-19,2020101903004806,LBBL,17,35,270,215.00,"58,050.00"
2020-10-19,2020101903004805,LBBL,17,48,"1,000",215.00,"215,000.00"
2020-10-19,2020101903005006,LBBL,51,51,10,213.00,"2,130.00"
2020-10-19,2020101903004981,LBBL,51,51,10,213.00,"2,130.00"
2020-10-19,2020101903004943,LBBL,51,39,21,213.00,"4,473.00"
2020-10-19,2020101903005132,LICN,25,54,160,"1,480.00","236,800.00"
2020-10-19,2020101903005131,LICN,25,50,40,"1,479.00","59,160.00"
2020-10-19,2020101903005039,LICN,56,19,134,"1,470.00","196,980.00"
2020-10-19,2020101903005005,LICN,56,26,213,"1,470.00","313,110.00"
2020-10-19,2020101903005004,LICN,47,26,50,"1,470.00","73,500.00"
2020-10-19,2020101903005003,LICN,42,26,16,"1,470.00","23,520.00"
2020-10-19,2020101903005002,LICN,56,26,200,"1,470.00","294,000.00"
2020-10-19,2020101903005001,LICN,41,26,21,"1,470.00","30,870.00"
2020-10-19,2020101903004737,MDB,16,17,100,369.00,"36,900.00"
2020-10-19,2020101903004904,MERO,14,57,200,723.00,"144,600.00"
2020-10-19,2020101903004903,MERO,6,57,100,723.00,"72,300.00"
2020-10-19,2020101903004902,MERO,58,57,50,724.00,"36,200.00"
2020-10-19,2020101903004901,MERO,14,57,200,724.00,"144,800.00"
2020-10-19,2020101903004900,MERO,6,57,27,724.00,"19,548.00"
2020-10-19,2020101903004910,MERO,51,57,13,721.00,"9,373.00"
2020-10-19,2020101903004909,MERO,58,57,"1,000",721.00,"721,000.00"
2020-10-19,2020101903004908,MERO,50,57,500,721.00,"360,500.00"
2020-10-19,2020101903004907,MERO,25,57,100,722.00,"72,200.00"
2020-10-19,2020101903004906,MERO,49,57,20,722.00,"14,440.00"
2020-10-19,2020101903004905,MERO,42,57,50,723.00,"36,150.00"
2020-10-19,2020101903004940,MERO,40,17,100,719.00,"71,900.00"
2020-10-19,2020101903004929,MERO,6,17,50,720.00,"36,000.00"
2020-10-19,2020101903004928,MERO,45,17,10,720.00,"7,200.00"
2020-10-19,2020101903004927,MERO,21,17,30,720.00,"21,600.00"
2020-10-19,2020101903004961,MERO,39,57,70,721.00,"50,470.00"
2020-10-19,2020101903004946,MERO,57,17,60,719.00,"43,140.00"
2020-10-19,2020101903004941,MERO,40,17,100,719.00,"71,900.00"
2020-10-19,2020101903004856,MFIL,58,38,263,315.00,"82,845.00"
2020-10-19,2020101903004855,MFIL,20,38,"1,500",315.00,"472,500.00"
2020-10-19,2020101903004854,MFIL,58,38,200,315.00,"63,000.00"
2020-10-19,2020101903004853,MFIL,26,38,500,315.00,"157,500.00"
2020-10-19,2020101903004852,MFIL,59,38,200,315.00,"63,000.00"
2020-10-19,2020101903004851,MFIL,49,38,817,315.00,"257,355.00"
2020-10-19,2020101903004850,MFIL,17,38,500,316.00,"158,000.00"
2020-10-19,2020101903004849,MFIL,55,38,20,316.00,"6,320.00"
2020-10-19,2020101903004754,MFIL,34,6,875,317.00,"277,375.00"
2020-10-19,2020101903004685,MFIL,58,34,55,318.00,"17,490.00"
2020-10-19,2020101903004684,MFIL,58,48,"1,950",318.00,"620,100.00"
2020-10-19,2020101903004645,MFIL,55,48,50,318.00,"15,900.00"
2020-10-19,2020101903005049,MLBL,34,33,175,228.00,"39,900.00"
2020-10-19,2020101903005031,MLBL,25,33,225,228.00,"51,300.00"
2020-10-19,2020101903005030,MLBL,25,56,108,228.00,"24,624.00"
2020-10-19,2020101903005029,MLBL,25,33,500,228.00,"114,000.00"
2020-10-19,2020101903005028,MLBL,25,20,67,228.00,"15,276.00"
2020-10-19,2020101903005027,MLBL,25,54,100,228.00,"22,800.00"
2020-10-19,2020101903004920,MLBL,17,33,108,225.00,"24,300.00"
2020-10-19,2020101903004919,MLBL,34,33,250,225.00,"56,250.00"
2020-10-19,2020101903004971,MLBL,34,48,100,226.00,"22,600.00"
2020-10-19,2020101903004970,MLBL,34,38,500,226.00,"113,000.00"
2020-10-19,2020101903004969,MLBL,34,8,34,226.00,"7,684.00"
2020-10-19,2020101903004977,MLBL,34,42,50,226.00,"11,300.00"
2020-10-19,2020101903004976,MLBL,34,29,50,226.00,"11,300.00"
2020-10-19,2020101903004975,MLBL,34,10,100,226.00,"22,600.00"
2020-10-19,2020101903004974,MLBL,34,32,480,226.00,"108,480.00"
2020-10-19,2020101903004973,MLBL,34,25,50,226.00,"11,300.00"
2020-10-19,2020101903004972,MLBL,34,42,23,226.00,"5,198.00"
2020-10-19,2020101903005008,MLBL,34,42,361,227.00,"81,947.00"
2020-10-19,2020101903004990,MLBL,25,42,639,227.00,"145,053.00"
2020-10-19,2020101903004989,MLBL,25,43,468,227.00,"106,236.00"
2020-10-19,2020101903004988,MLBL,25,42,40,227.00,"9,080.00"
2020-10-19,2020101903004987,MLBL,25,42,23,227.00,"5,221.00"
2020-10-19,2020101903004986,MLBL,25,6,30,227.00,"6,810.00"
2020-10-19,2020101903005097,MNBBL,50,41,100,354.00,"35,400.00"
2020-10-19,2020101903005096,MNBBL,26,41,150,354.00,"53,100.00"
2020-10-19,2020101903004778,MNBBL,51,52,10,355.00,"3,550.00"
2020-10-19,2020101903004677,MNBBL,51,35,10,354.00,"3,540.00"
2020-10-19,2020101903004832,MNBBL,49,52,146,355.00,"51,830.00"
2020-10-19,2020101903004819,MNBBL,26,59,50,354.00,"17,700.00"
2020-10-19,2020101903004818,MNBBL,48,59,50,354.00,"17,700.00"
2020-10-19,2020101903004835,MNBBL,49,45,840,355.00,"298,200.00"
2020-10-19,2020101903004834,MNBBL,49,50,11,355.00,"3,905.00"
2020-10-19,2020101903004833,MNBBL,49,17,"1,003",355.00,"356,065.00"
2020-10-19,2020101903004960,NADEP,21,5,80,655.00,"52,400.00"
2020-10-19,2020101903005121,NFS,52,37,500,320.00,"160,000.00"
2020-10-19,2020101903005120,NFS,52,35,200,320.00,"64,000.00"
2020-10-19,2020101903005119,NFS,52,36,40,320.00,"12,800.00"
2020-10-19,2020101903005118,NFS,52,38,30,320.00,"9,600.00"
2020-10-19,2020101903005117,NFS,52,59,50,320.00,"16,000.00"
2020-10-19,2020101903005116,NFS,52,58,50,320.00,"16,000.00"
2020-10-19,2020101903004659,NFS,39,7,105,316.00,"33,180.00"
2020-10-19,2020101903004642,NFS,14,7,30,316.00,"9,480.00"
2020-10-19,2020101903005051,NFS,46,58,343,317.00,"108,731.00"
2020-10-19,2020101903005050,NFS,46,6,57,317.00,"18,069.00"
2020-10-19,2020101903005014,NFS,41,6,622,317.00,"197,174.00"
2020-10-19,2020101903005013,NFS,41,49,178,317.00,"56,426.00"
2020-10-19,2020101903004816,NFS,11,49,10,317.00,"3,170.00"
2020-10-19,2020101903004774,NFS,54,49,12,317.00,"3,804.00"
2020-10-19,2020101903005115,NFS,52,51,300,320.00,"96,000.00"
2020-10-19,2020101903005114,NFS,52,42,200,319.00,"63,800.00"
2020-10-19,2020101903005113,NFS,52,29,350,318.00,"111,300.00"
2020-10-19,2020101903005112,NFS,52,1,100,318.00,"31,800.00"
2020-10-19,2020101903005111,NFS,52,39,50,317.00,"15,850.00"
2020-10-19,2020101903005110,NFS,52,58,44,317.00,"13,948.00"
2020-10-19,2020101903005109,NLIC,14,34,100,"1,371.00","137,100.00"
2020-10-19,2020101903005098,NLIC,51,10,30,"1,370.00","41,100.00"
2020-10-19,2020101903005095,NLIC,39,10,70,"1,370.00","95,900.00"
2020-10-19,2020101903004997,NLIC,14,33,22,"1,371.00","30,162.00"
2020-10-19,2020101903004982,NLIC,14,20,18,"1,371.00","24,678.00"
2020-10-19,2020101903004959,NLIC,14,32,24,"1,370.00","32,880.00"
2020-10-19,2020101903004954,NLIC,41,29,18,"1,370.00","24,660.00"
2020-10-19,2020101903004896,NLIC,39,29,50,"1,370.00","68,500.00"
2020-10-19,2020101903004775,NLIC,59,29,72,"1,370.00","98,640.00"
2020-10-19,2020101903004665,NLICL,47,17,100,745.00,"74,500.00"
2020-10-19,2020101903004664,NLICL,47,17,20,745.00,"14,900.00"
2020-10-19,2020101903004663,NLICL,54,17,500,745.00,"372,500.00"
2020-10-19,2020101903004662,NLICL,53,17,500,745.00,"372,500.00"
2020-10-19,2020101903004661,NLICL,11,17,60,746.00,"44,760.00"
2020-10-19,2020101903004660,NLICL,17,17,50,746.00,"37,300.00"
2020-10-19,2020101903004646,NLICL,17,34,100,746.00,"74,600.00"
2020-10-19,2020101903005128,NMBMF,28,43,13,800.00,"10,400.00"
2020-10-19,2020101903005127,NMBMF,28,25,11,800.00,"8,800.00"
2020-10-19,2020101903005126,NMBMF,28,49,50,800.00,"40,000.00"
2020-10-19,2020101903005125,NMBMF,28,25,11,800.00,"8,800.00"
2020-10-19,2020101903005124,NMBMF,28,45,100,800.00,"80,000.00"
2020-10-19,2020101903005123,NMBMF,28,52,84,799.00,"67,116.00"
2020-10-19,2020101903005122,NMBMF,28,10,10,798.00,"7,980.00"
2020-10-19,2020101903004979,NRIC,20,19,50,853.00,"42,650.00"
2020-10-19,2020101903004952,NRIC,42,39,20,852.00,"17,040.00"
2020-10-19,2020101903004951,NRIC,34,39,20,852.00,"17,040.00"
2020-10-19,2020101903004947,NRIC,34,13,20,852.00,"17,040.00"
2020-10-19,2020101903004939,NRIC,21,39,20,853.00,"17,060.00"
2020-10-19,2020101903004938,NRIC,41,39,20,853.00,"17,060.00"
2020-10-19,2020101903004690,NRIC,43,16,30,853.00,"25,590.00"
2020-10-19,2020101903004689,NRIC,43,16,10,853.00,"8,530.00"
2020-10-19,2020101903004683,NRIC,43,54,40,853.00,"34,120.00"
2020-10-19,2020101903004650,NRIC,48,28,20,853.00,"17,060.00"
2020-10-19,2020101903004649,NRIC,52,28,20,853.00,"17,060.00"
2020-10-19,2020101903004647,NRIC,43,10,50,853.00,"42,650.00"
2020-10-19,2020101903004696,NRIC,17,57,40,854.00,"34,160.00"
2020-10-19,2020101903004695,NRIC,17,58,40,854.00,"34,160.00"
2020-10-19,2020101903004694,NRIC,17,21,100,854.00,"85,400.00"
2020-10-19,2020101903004693,NRIC,17,41,40,854.00,"34,160.00"
2020-10-19,2020101903004692,NRIC,17,26,40,854.00,"34,160.00"
2020-10-19,2020101903004691,NRIC,17,22,50,854.00,"42,700.00"
2020-10-19,2020101903004871,NRIC,52,52,40,853.00,"34,120.00"
2020-10-19,2020101903004731,NRIC,21,58,15,853.00,"12,795.00"
2020-10-19,2020101903004730,NRIC,43,58,25,853.00,"21,325.00"
2020-10-19,2020101903004715,NRIC,43,54,20,853.00,"17,060.00"
2020-10-19,2020101903004714,NRIC,17,54,20,854.00,"17,080.00"
2020-10-19,2020101903004699,NRIC,17,28,50,854.00,"42,700.00"
2020-10-19,2020101903004924,NRIC,41,39,180,853.00,"153,540.00"
2020-10-19,2020101903004923,NRIC,10,39,100,853.00,"85,300.00"
2020-10-19,2020101903004922,NRIC,52,39,220,853.00,"187,660.00"
2020-10-19,2020101903004912,NRIC,52,22,40,853.00,"34,120.00"
2020-10-19,2020101903004879,NRIC,53,55,"2,000",854.00,"1,708,000.00"
2020-10-19,2020101903004877,NRIC,52,55,200,853.00,"170,600.00"
2020-10-19,2020101903005032,NRN,34,51,10,346.00,"3,460.00"
2020-10-19,2020101903005015,NRN,34,22,10,346.00,"3,460.00"
2020-10-19,2020101903004965,NRN,34,39,10,346.00,"3,460.00"
2020-10-19,2020101903004884,NRN,34,19,200,348.00,"69,600.00"
2020-10-19,2020101903004883,NRN,34,11,10,348.00,"3,480.00"
2020-10-19,2020101903004839,NRN,42,58,10,347.00,"3,470.00"
2020-10-19,2020101903004838,NRN,42,58,10,347.00,"3,470.00"
2020-10-19,2020101903004771,NRN,34,51,10,346.00,"3,460.00"
2020-10-19,2020101903004734,NRN,34,51,10,346.00,"3,460.00"
2020-10-19,2020101903004706,NRN,34,6,10,346.00,"3,460.00"
2020-10-19,2020101903004700,NRN,41,51,10,346.00,"3,460.00"
2020-10-19,2020101903004651,NRN,41,51,10,346.00,"3,460.00"
2020-10-19,2020101903004679,NSEWA,57,34,50,660.00,"33,000.00"
2020-10-19,2020101903004808,NTC,32,45,50,700.00,"35,000.00"
2020-10-19,2020101903005048,PFL,58,57,134,186.00,"24,924.00"
2020-10-19,2020101903005047,PFL,58,10,19,186.00,"3,534.00"
2020-10-19,2020101903005046,PFL,58,42,14,186.00,"2,604.00"
2020-10-19,2020101903005045,PFL,58,51,150,186.00,"27,900.00"
2020-10-19,2020101903005044,PFL,58,11,42,186.00,"7,812.00"
2020-10-19,2020101903005043,PFL,58,45,42,186.00,"7,812.00"
2020-10-19,2020101903005042,PFL,58,40,51,186.00,"9,486.00"
2020-10-19,2020101903004862,PFL,52,41,13,185.00,"2,405.00"
2020-10-19,2020101903004861,PFL,52,26,12,185.00,"2,220.00"
2020-10-19,2020101903004860,PFL,52,48,43,185.00,"7,955.00"
2020-10-19,2020101903004859,PFL,52,20,235,185.00,"43,475.00"
2020-10-19,2020101903004680,PFL,10,45,52,184.00,"9,568.00"
2020-10-19,2020101903004875,PLIC,50,11,100,648.00,"64,800.00"
2020-10-19,2020101903004762,PLIC,17,33,100,647.00,"64,700.00"
2020-10-19,2020101903004736,PLIC,7,41,100,649.00,"64,900.00"
2020-10-19,2020101903004735,PLIC,7,43,100,649.00,"64,900.00"
2020-10-19,2020101903004733,PLIC,17,50,45,647.00,"29,115.00"
2020-10-19,2020101903004732,PLIC,29,50,55,647.00,"35,585.00"
2020-10-19,2020101903004994,PROFL,45,33,490,135.00,"66,150.00"
2020-10-19,2020101903004993,PROFL,45,16,100,135.00,"13,500.00"
2020-10-19,2020101903004992,PROFL,45,41,200,135.00,"27,000.00"
2020-10-19,2020101903004991,PROFL,45,46,610,135.00,"82,350.00"
2020-10-19,2020101903004917,PROFL,33,46,300,135.00,"40,500.00"
2020-10-19,2020101903004846,PROFL,58,10,10,134.00,"1,340.00"
2020-10-19,2020101903004675,PROFL,10,57,905,134.00,"121,270.00"
2020-10-19,2020101903004674,PROFL,10,51,390,134.00,"52,260.00"
2020-10-19,2020101903004673,PROFL,10,29,480,134.00,"64,320.00"
2020-10-19,2020101903004672,PROFL,10,32,100,134.00,"13,400.00"
2020-10-19,2020101903004671,PROFL,10,48,800,134.00,"107,200.00"
2020-10-19,2020101903004670,PROFL,10,10,10,133.00,"1,330.00"
2020-10-19,2020101903005133,RLFL,34,38,500,174.00,"87,000.00"
2020-10-19,2020101903005107,RLFL,34,41,"1,000",177.00,"177,000.00"
2020-10-19,2020101903005106,RLFL,34,41,100,177.00,"17,700.00"
2020-10-19,2020101903005105,RLFL,34,32,200,176.00,"35,200.00"
2020-10-19,2020101903005104,RLFL,34,58,500,176.00,"88,000.00"
2020-10-19,2020101903005103,RLFL,34,46,200,175.00,"35,000.00"
2020-10-19,2020101903005022,RLFL,34,21,"1,200",174.00,"208,800.00"
2020-10-19,2020101903005021,RLFL,34,46,700,174.00,"121,800.00"
2020-10-19,2020101903005020,RLFL,34,19,303,173.00,"52,419.00"
2020-10-19,2020101903005102,RLFL,34,52,54,175.00,"9,450.00"
2020-10-19,2020101903005101,RLFL,34,33,100,175.00,"17,500.00"
2020-10-19,2020101903005100,RLFL,34,51,62,175.00,"10,850.00"
2020-10-19,2020101903005025,RLFL,34,45,226,174.00,"39,324.00"
2020-10-19,2020101903005024,RLFL,34,41,40,174.00,"6,960.00"
2020-10-19,2020101903005023,RLFL,34,48,130,174.00,"22,620.00"
2020-10-19,2020101903005140,RLI,11,38,20,600.00,"12,000.00"
2020-10-19,2020101903005139,RLI,11,56,10,600.00,"6,000.00"
2020-10-19,2020101903005138,RLI,11,56,10,600.00,"6,000.00"
2020-10-19,2020101903005093,RLI,11,46,10,599.00,"5,990.00"
2020-10-19,2020101903005071,RLI,5,17,10,599.00,"5,990.00"
2020-10-19,2020101903005070,RLI,5,56,100,599.00,"59,900.00"
2020-10-19,2020101903004653,RLI,5,51,10,598.00,"5,980.00"
2020-10-19,2020101903004652,RLI,5,8,22,598.00,"13,156.00"
2020-10-19,2020101903004666,RLI,5,28,10,597.00,"5,970.00"
2020-10-19,2020101903004658,RLI,5,38,10,597.00,"5,970.00"
2020-10-19,2020101903004657,RLI,5,58,10,598.00,"5,980.00"
2020-10-19,2020101903004656,RLI,5,34,10,598.00,"5,980.00"
2020-10-19,2020101903004655,RLI,5,57,10,598.00,"5,980.00"
2020-10-19,2020101903004654,RLI,5,53,10,598.00,"5,980.00"
2020-10-19,2020101903004716,RLI,41,17,10,598.00,"5,980.00"
2020-10-19,2020101903004708,RLI,41,28,10,598.00,"5,980.00"
2020-10-19,2020101903004701,RLI,41,54,10,598.00,"5,980.00"
2020-10-19,2020101903004697,RLI,41,58,10,598.00,"5,980.00"
2020-10-19,2020101903004688,RLI,5,54,10,597.00,"5,970.00"
2020-10-19,2020101903004669,RLI,5,51,10,597.00,"5,970.00"
2020-10-19,2020101903004773,RLI,41,48,10,598.00,"5,980.00"
2020-10-19,2020101903004766,RLI,41,4,10,598.00,"5,980.00"
2020-10-19,2020101903004765,RLI,41,48,10,598.00,"5,980.00"
2020-10-19,2020101903004764,RLI,41,51,10,598.00,"5,980.00"
2020-10-19,2020101903004741,RLI,41,48,10,598.00,"5,980.00"
2020-10-19,2020101903004740,RLI,41,51,10,598.00,"5,980.00"
2020-10-19,2020101903004881,RLI,5,52,10,598.00,"5,980.00"
2020-10-19,2020101903004863,RLI,41,22,10,598.00,"5,980.00"
2020-10-19,2020101903004845,RLI,41,48,10,598.00,"5,980.00"
2020-10-19,2020101903004841,RLI,41,58,10,598.00,"5,980.00"
2020-10-19,2020101903004822,RLI,41,22,10,598.00,"5,980.00"
2020-10-19,2020101903004810,RLI,41,48,10,598.00,"5,980.00"
2020-10-19,2020101903004950,RLI,14,17,10,598.00,"5,980.00"
2020-10-19,2020101903004942,RLI,14,22,10,598.00,"5,980.00"
2020-10-19,2020101903004936,RLI,14,6,10,598.00,"5,980.00"
2020-10-19,2020101903004930,RLI,5,39,10,597.00,"5,970.00"
2020-10-19,2020101903004894,RLI,5,17,10,597.00,"5,970.00"
2020-10-19,2020101903004882,RLI,5,48,10,598.00,"5,980.00"
2020-10-19,2020101903005057,RLI,5,21,50,599.00,"29,950.00"
2020-10-19,2020101903005041,RLI,59,58,10,598.00,"5,980.00"
2020-10-19,2020101903004996,RLI,59,51,10,598.00,"5,980.00"
2020-10-19,2020101903004995,RLI,59,48,10,598.00,"5,980.00"
2020-10-19,2020101903004978,RLI,14,41,10,598.00,"5,980.00"
2020-10-19,2020101903004958,RLI,14,58,10,598.00,"5,980.00"
2020-10-19,2020101903005063,RLI,5,21,10,599.00,"5,990.00"
2020-10-19,2020101903005062,RLI,5,41,10,599.00,"5,990.00"
2020-10-19,2020101903005061,RLI,5,4,10,599.00,"5,990.00"
2020-10-19,2020101903005060,RLI,5,44,10,599.00,"5,990.00"
2020-10-19,2020101903005059,RLI,5,53,10,599.00,"5,990.00"
2020-10-19,2020101903005058,RLI,5,38,10,599.00,"5,990.00"
2020-10-19,2020101903005069,RLI,5,58,10,599.00,"5,990.00"
2020-10-19,2020101903005068,RLI,5,38,10,599.00,"5,990.00"
2020-10-19,2020101903005067,RLI,5,49,110,599.00,"65,890.00"
2020-10-19,2020101903005066,RLI,5,19,10,599.00,"5,990.00"
2020-10-19,2020101903005065,RLI,5,21,10,599.00,"5,990.00"
2020-10-19,2020101903005064,RLI,5,19,10,599.00,"5,990.00"
2020-10-19,2020101903005077,RMDC,29,5,100,863.00,"86,300.00"
2020-10-19,2020101903004926,RSDC,22,5,331,540.00,"178,740.00"
2020-10-19,2020101903004821,SABSL,18,45,300,847.00,"254,100.00"
2020-10-19,2020101903004770,SADBL,20,45,50,178.00,"8,900.00"
2020-10-19,2020101903004648,SADBL,20,14,800,178.00,"142,400.00"
2020-10-19,2020101903004763,SAPDBL,50,52,100,163.00,"16,300.00"
2020-10-19,2020101903004742,SAPDBL,39,52,300,163.00,"48,900.00"
2020-10-19,2020101903004681,SAPDBL,58,52,99,163.00,"16,137.00"
2020-10-19,2020101903005016,SDLBSL,54,50,10,820.00,"8,200.00"
2020-10-19,2020101903004983,SDLBSL,41,17,10,818.00,"8,180.00"
2020-10-19,2020101903004953,SFCL,8,51,10,139.00,"1,390.00"
2020-10-19,2020101903005052,SHINE,53,13,42,259.00,"10,878.00"
2020-10-19,2020101903005018,SHINE,38,13,50,260.00,"13,000.00"
2020-10-19,2020101903005017,SHINE,36,13,46,260.00,"11,960.00"
2020-10-19,2020101903004892,SHINE,28,33,20,261.00,"5,220.00"
2020-10-19,2020101903004858,SHINE,36,49,54,260.00,"14,040.00"
2020-10-19,2020101903004857,SHINE,45,49,20,260.00,"5,200.00"
2020-10-19,2020101903004968,SHL,32,52,100,186.00,"18,600.00"
2020-10-19,2020101903004967,SHL,32,36,500,186.00,"93,000.00"
2020-10-19,2020101903004966,SHL,32,42,100,186.00,"18,600.00"
2020-10-19,2020101903004840,SKBBL,1,45,100,"1,355.00","135,500.00"
2020-10-19,2020101903004682,SLBSL,35,29,19,779.00,"14,801.00"
2020-10-19,2020101903004911,SLICL,6,3,500,600.00,"300,000.00"
2020-10-19,2020101903004899,SLICL,33,3,50,600.00,"30,000.00"
2020-10-19,2020101903004831,SLICL,6,13,137,601.00,"82,337.00"
2020-10-19,2020101903004830,SLICL,6,57,338,600.00,"202,800.00"
2020-10-19,2020101903004829,SLICL,6,42,25,600.00,"15,000.00"
2020-10-19,2020101903004676,SLICL,45,16,25,598.00,"14,950.00"
2020-10-19,2020101903004925,SMFBS,48,36,12,940.00,"11,280.00"
2020-10-19,2020101903004891,SMFBS,13,42,15,941.00,"14,115.00"
2020-10-19,2020101903004890,SMFBS,47,42,20,941.00,"18,820.00"
2020-10-19,2020101903004889,SMFBS,33,42,12,942.00,"11,304.00"
2020-10-19,2020101903004888,SMFBS,3,42,20,942.00,"18,840.00"
2020-10-19,2020101903004870,SMFBS,45,42,18,943.00,"16,974.00"
2020-10-19,2020101903004707,SMFBS,57,49,12,949.00,"11,388.00"
2020-10-19,2020101903004678,SMFBS,57,29,12,949.00,"11,388.00"
2020-10-19,2020101903004869,SMFBS,14,42,40,943.00,"37,720.00"
2020-10-19,2020101903004868,SMFBS,57,42,100,944.00,"94,400.00"
2020-10-19,2020101903004867,SMFBS,41,42,10,944.00,"9,440.00"
2020-10-19,2020101903004866,SMFBS,48,42,10,946.00,"9,460.00"
2020-10-19,2020101903004865,SMFBS,32,42,40,947.00,"37,880.00"
2020-10-19,2020101903004864,SMFBS,36,42,15,948.00,"14,220.00"
2020-10-19,2020101903004921,SWBBL,5,22,11,"1,238.00","13,618.00"
2020-10-19,2020101903004738,SWBBL,57,22,10,"1,240.00","12,400.00"
2020-10-19,2020101903004703,SWBBL,35,34,15,"1,239.00","18,585.00"
2020-10-19,2020101903004980,TRH,19,51,100,244.00,"24,400.00"
2020-10-19,2020101903005019,USLB,58,39,19,"1,086.00","20,634.00"
2020-10-19,2020101903004426,ALBSL,29,44,11,800.00,"8,800.00"
2020-10-19,2020101903004366,ALBSL,57,43,39,802.00,"31,278.00"
2020-10-19,2020101903004249,ALBSL,6,43,29,802.00,"23,258.00"
2020-10-19,2020101903004248,ALBSL,6,45,11,802.00,"8,822.00"
2020-10-19,2020101903004247,ALBSL,6,14,10,802.00,"8,020.00"
2020-10-19,2020101903004619,ALICL,45,44,60,719.00,"43,140.00"
2020-10-19,2020101903004520,ALICL,45,33,100,719.00,"71,900.00"
2020-10-19,2020101903004221,ALICL,45,50,254,719.00,"182,626.00"
2020-10-19,2020101903004142,ALICL,45,6,340,719.00,"244,460.00"
2020-10-19,2020101903004373,BFC,46,38,100,140.00,"14,000.00"
2020-10-19,2020101903004295,BFC,46,51,150,140.00,"21,000.00"
2020-10-19,2020101903004639,CBBL,17,10,10,"1,108.00","11,080.00"
2020-10-19,2020101903004604,CBBL,17,10,90,"1,108.00","99,720.00"
2020-10-19,2020101903004573,CBBL,26,10,10,"1,108.00","11,080.00"
2020-10-19,2020101903004299,CBBL,6,59,18,"1,109.00","19,962.00"
2020-10-19,2020101903004460,CFCL,47,52,160,163.00,"26,080.00"
2020-10-19,2020101903004239,CFCL,34,52,25,162.00,"4,050.00"
2020-10-19,2020101903004634,CIT,35,10,22,"3,565.00","78,430.00"
2020-10-19,2020101903004633,CIT,41,10,500,"3,565.00","1,782,500.00"
2020-10-19,2020101903004632,CIT,41,10,250,"3,565.00","891,250.00"
2020-10-19,2020101903004631,CIT,41,10,250,"3,565.00","891,250.00"
2020-10-19,2020101903004630,CIT,41,10,60,"3,565.00","213,900.00"
2020-10-19,2020101903004629,CIT,35,10,50,"3,566.00","178,300.00"
2020-10-19,2020101903004193,CIT,41,16,10,"3,568.00","35,680.00"
2020-10-19,2020101903004192,CIT,51,16,17,"3,568.00","60,656.00"
2020-10-19,2020101903004190,CIT,57,45,15,"3,569.00","53,535.00"
2020-10-19,2020101903004176,CIT,7,58,10,"3,569.00","35,690.00"
2020-10-19,2020101903004266,CIT,7,19,20,"3,567.00","71,340.00"
2020-10-19,2020101903004255,CIT,45,19,67,"3,567.00","238,989.00"
2020-10-19,2020101903004240,CIT,7,45,10,"3,569.00","35,690.00"
2020-10-19,2020101903004236,CIT,11,45,75,"3,569.00","267,675.00"
2020-10-19,2020101903004195,CIT,45,16,33,"3,567.00","117,711.00"
2020-10-19,2020101903004194,CIT,58,16,50,"3,567.00","178,350.00"
2020-10-19,2020101903004388,CIT,49,32,10,"3,570.00","35,700.00"
2020-10-19,2020101903004387,CIT,49,33,100,"3,570.00","357,000.00"
2020-10-19,2020101903004386,CIT,49,57,15,"3,570.00","53,550.00"
2020-10-19,2020101903004306,CIT,16,19,50,"3,566.00","178,300.00"
2020-10-19,2020101903004305,CIT,25,19,20,"3,566.00","71,320.00"
2020-10-19,2020101903004304,CIT,41,19,100,"3,566.00","356,600.00"
2020-10-19,2020101903004628,CIT,19,10,10,"3,566.00","35,660.00"
2020-10-19,2020101903004627,CIT,49,10,11,"3,571.00","39,281.00"
2020-10-19,2020101903004516,CIT,39,38,10,"3,572.00","35,720.00"
2020-10-19,2020101903004391,CIT,49,38,10,"3,571.00","35,710.00"
2020-10-19,2020101903004390,CIT,49,45,50,"3,571.00","178,550.00"
2020-10-19,2020101903004389,CIT,49,58,20,"3,570.00","71,400.00"
2020-10-19,2020101903004615,CORBL,26,45,20,200.00,"4,000.00"
2020-10-19,2020101903004228,DDBL,52,7,25,850.00,"21,250.00"
2020-10-19,2020101903004422,EDBL,25,36,50,318.00,"15,900.00"
2020-10-19,2020101903004198,EDBL,55,25,20,316.00,"6,320.00"
2020-10-19,2020101903004197,EDBL,26,25,100,317.00,"31,700.00"
2020-10-19,2020101903004199,FMDBL,21,52,100,567.00,"56,700.00"
2020-10-19,2020101903004168,FOWAD,46,6,81,"1,542.00","124,902.00"
2020-10-19,2020101903004167,FOWAD,46,49,19,"1,541.00","29,279.00"
2020-10-19,2020101903004605,GBLBS,17,45,15,510.00,"7,650.00"
2020-10-19,2020101903004396,GBLBS,17,39,15,510.00,"7,650.00"
2020-10-19,2020101903004326,GBLBS,17,57,227,510.00,"115,770.00"
2020-10-19,2020101903004325,GBLBS,19,57,230,510.00,"117,300.00"
2020-10-19,2020101903004324,GBLBS,38,57,20,512.00,"10,240.00"
2020-10-19,2020101903004323,GBLBS,17,57,23,515.00,"11,845.00"
2020-10-19,2020101903004259,GBLBS,17,4,455,514.00,"233,870.00"
2020-10-19,2020101903004288,GBLBS,17,49,15,515.00,"7,725.00"
2020-10-19,2020101903004264,GBLBS,17,44,352,515.00,"181,280.00"
2020-10-19,2020101903004263,GBLBS,17,1,10,515.00,"5,150.00"
2020-10-19,2020101903004262,GBLBS,17,56,100,515.00,"51,500.00"
2020-10-19,2020101903004261,GBLBS,17,29,15,515.00,"7,725.00"
2020-10-19,2020101903004260,GBLBS,17,7,50,515.00,"25,750.00"
2020-10-19,2020101903004594,GFCL,51,34,150,190.00,"28,500.00"
2020-10-19,2020101903004425,GFCL,32,34,50,190.00,"9,500.00"
2020-10-19,2020101903004367,GGBSL,1,17,10,780.00,"7,800.00"
2020-10-19,2020101903004612,GILB,14,38,70,"1,245.00","87,150.00"
2020-10-19,2020101903004611,GILB,14,11,10,"1,245.00","12,450.00"
2020-10-19,2020101903004204,GILB,18,6,89,"1,231.00","109,559.00"
2020-10-19,2020101903004203,GILB,46,6,10,"1,232.00","12,320.00"
2020-10-19,2020101903004319,GLBSL,17,49,10,700.00,"7,000.00"
2020-10-19,2020101903004635,GLICL,52,48,150,605.00,"90,750.00"
2020-10-19,2020101903004488,GLICL,43,38,10,605.00,"6,050.00"
2020-10-19,2020101903004481,GLICL,43,38,10,604.00,"6,040.00"
2020-10-19,2020101903004318,GLICL,6,57,500,603.00,"301,500.00"
2020-10-19,2020101903004434,GMFBS,47,44,10,813.00,"8,130.00"
2020-10-19,2020101903004170,GMFIL,26,46,400,173.00,"69,200.00"
2020-10-19,2020101903004529,GRDBL,38,58,41,150.00,"6,150.00"
2020-10-19,2020101903004528,GRDBL,38,51,40,150.00,"6,000.00"
2020-10-19,2020101903004527,GRDBL,38,40,119,150.00,"17,850.00"
2020-10-19,2020101903004270,GUFL,56,55,140,149.00,"20,860.00"
2020-10-19,2020101903004269,GUFL,56,45,50,149.00,"7,450.00"
2020-10-19,2020101903004268,GUFL,56,32,10,149.00,"1,490.00"
2020-10-19,2020101903004622,HIDCL,6,5,61,188.00,"11,468.00"
2020-10-19,2020101903004618,HIDCL,58,14,10,189.00,"1,890.00"
2020-10-19,2020101903004603,HIDCL,6,14,980,188.00,"184,240.00"
2020-10-19,2020101903004587,HIDCL,6,26,20,188.00,"3,760.00"
2020-10-19,2020101903004564,HIDCL,58,14,10,189.00,"1,890.00"
2020-10-19,2020101903004546,HIDCL,57,5,"1,000",188.00,"188,000.00"
2020-10-19,2020101903004276,HIDCL,25,55,989,187.00,"184,943.00"
2020-10-19,2020101903004177,HIDCL,58,55,11,187.00,"2,057.00"
2020-10-19,2020101903004409,HIDCL,13,39,61,186.00,"11,346.00"
2020-10-19,2020101903004395,HIDCL,13,38,61,186.00,"11,346.00"
2020-10-19,2020101903004321,HIDCL,13,59,14,186.00,"2,604.00"
2020-10-19,2020101903004311,HIDCL,13,47,30,186.00,"5,580.00"
2020-10-19,2020101903004294,HIDCL,42,55,300,187.00,"56,100.00"
2020-10-19,2020101903004277,HIDCL,25,55,11,187.00,"2,057.00"
2020-10-19,2020101903004455,HIDCL,49,58,31,187.00,"5,797.00"
2020-10-19,2020101903004454,HIDCL,49,13,159,187.00,"29,733.00"
2020-10-19,2020101903004453,HIDCL,49,41,191,187.00,"35,717.00"
2020-10-19,2020101903004452,HIDCL,49,8,400,187.00,"74,800.00"
2020-10-19,2020101903004451,HIDCL,49,5,"1,000",187.00,"187,000.00"
2020-10-19,2020101903004450,HIDCL,49,55,689,187.00,"128,843.00"
2020-10-19,2020101903004497,HIDCL,39,29,"1,000",188.00,"188,000.00"
2020-10-19,2020101903004496,HIDCL,39,52,11,188.00,"2,068.00"
2020-10-19,2020101903004495,HIDCL,39,7,61,188.00,"11,468.00"
2020-10-19,2020101903004494,HIDCL,39,54,215,188.00,"40,420.00"
2020-10-19,2020101903004468,HIDCL,57,14,386,187.00,"72,182.00"
2020-10-19,2020101903004457,HIDCL,57,14,"2,084",187.00,"389,708.00"
2020-10-19,2020101903004508,HIDCL,49,14,"2,000",187.00,"374,000.00"
2020-10-19,2020101903004502,HIDCL,39,42,37,188.00,"6,956.00"
2020-10-19,2020101903004501,HIDCL,39,42,61,188.00,"11,468.00"
2020-10-19,2020101903004500,HIDCL,39,14,30,188.00,"5,640.00"
2020-10-19,2020101903004499,HIDCL,39,8,200,188.00,"37,600.00"
2020-10-19,2020101903004498,HIDCL,39,41,159,188.00,"29,892.00"
2020-10-19,2020101903004641,ICFC,35,22,805,284.00,"228,620.00"
2020-10-19,2020101903004607,ICFC,35,37,590,286.00,"168,740.00"
2020-10-19,2020101903004606,ICFC,57,37,410,286.00,"117,260.00"
2020-10-19,2020101903004586,ICFC,57,25,100,286.00,"28,600.00"
2020-10-19,2020101903004585,ICFC,57,58,"2,000",286.00,"572,000.00"
2020-10-19,2020101903004584,ICFC,57,28,"1,000",286.00,"286,000.00"
2020-10-19,2020101903004254,ICFC,22,16,"1,898",285.00,"540,930.00"
2020-10-19,2020101903004253,ICFC,22,33,102,285.00,"29,070.00"
2020-10-19,2020101903004200,ICFC,22,58,"2,000",284.00,"568,000.00"
2020-10-19,2020101903004161,ICFC,6,33,10,285.00,"2,850.00"
2020-10-19,2020101903004154,ICFC,6,33,23,284.00,"6,532.00"
2020-10-19,2020101903004400,ICFC,54,17,28,285.00,"7,980.00"
2020-10-19,2020101903004399,ICFC,54,16,92,285.00,"26,220.00"
2020-10-19,2020101903004357,ICFC,6,16,10,285.00,"2,850.00"
2020-10-19,2020101903004290,ICFC,19,28,316,284.00,"89,744.00"
2020-10-19,2020101903004275,ICFC,21,28,"1,000",284.00,"284,000.00"
2020-10-19,2020101903004257,ICFC,22,28,"1,000",284.00,"284,000.00"
2020-10-19,2020101903004533,ICFC,34,39,100,285.00,"28,500.00"
2020-10-19,2020101903004532,ICFC,34,57,100,285.00,"28,500.00"
2020-10-19,2020101903004531,ICFC,34,34,500,285.00,"142,500.00"
2020-10-19,2020101903004507,ICFC,35,52,100,284.00,"28,400.00"
2020-10-19,2020101903004506,ICFC,21,52,300,284.00,"85,200.00"
2020-10-19,2020101903004505,ICFC,52,52,600,284.00,"170,400.00"
2020-10-19,2020101903004539,ICFC,34,25,35,285.00,"9,975.00"
2020-10-19,2020101903004538,ICFC,34,33,200,285.00,"57,000.00"
2020-10-19,2020101903004537,ICFC,34,7,100,285.00,"28,500.00"
2020-10-19,2020101903004536,ICFC,34,11,100,285.00,"28,500.00"
2020-10-19,2020101903004535,ICFC,34,53,100,285.00,"28,500.00"
2020-10-19,2020101903004534,ICFC,34,45,210,285.00,"59,850.00"
2020-10-19,2020101903004583,ICFC,57,41,"1,000",286.00,"286,000.00"
2020-10-19,2020101903004582,ICFC,57,25,490,286.00,"140,140.00"
2020-10-19,2020101903004578,ICFC,6,25,10,286.00,"2,860.00"
2020-10-19,2020101903004542,ICFC,34,42,100,285.00,"28,500.00"
2020-10-19,2020101903004541,ICFC,34,48,123,285.00,"35,055.00"
2020-10-19,2020101903004540,ICFC,34,57,"1,000",285.00,"285,000.00"
2020-10-19,2020101903004472,ILBS,25,16,11,805.00,"8,855.00"
2020-10-19,2020101903004347,ILBS,52,49,11,803.00,"8,833.00"
2020-10-19,2020101903004368,JBBL,28,48,500,207.00,"103,500.00"
2020-10-19,2020101903004293,JBBL,49,22,100,206.00,"20,600.00"
2020-10-19,2020101903004280,JBBL,49,50,10,206.00,"2,060.00"
2020-10-19,2020101903004279,JBBL,45,50,190,206.00,"39,140.00"
2020-10-19,2020101903004220,JBBL,45,55,10,206.00,"2,060.00"
2020-10-19,2020101903004219,JBBL,22,55,90,206.00,"18,540.00"
2020-10-19,2020101903004519,JFL,58,28,40,215.00,"8,600.00"
2020-10-19,2020101903004379,KMCDB,25,48,60,730.00,"43,800.00"
2020-10-19,2020101903004378,KMCDB,25,54,10,730.00,"7,300.00"
2020-10-19,2020101903004377,KMCDB,25,33,30,730.00,"21,900.00"
2020-10-19,2020101903004376,KMCDB,25,17,10,729.00,"7,290.00"
2020-10-19,2020101903004301,KMCDB,25,29,50,728.00,"36,400.00"
2020-10-19,2020101903004291,KMCDB,25,48,100,728.00,"72,800.00"
2020-10-19,2020101903004155,KRBL,43,19,54,143.00,"7,722.00"
2020-10-19,2020101903004562,KSBBL,4,33,971,222.00,"215,562.00"
2020-10-19,2020101903004552,KSBBL,34,33,"2,000",222.00,"444,000.00"
2020-10-19,2020101903004551,KSBBL,4,33,29,222.00,"6,438.00"
2020-10-19,2020101903004432,KSBBL,4,52,971,222.00,"215,562.00"
2020-10-19,2020101903004431,KSBBL,34,52,"1,000",222.00,"222,000.00"
2020-10-19,2020101903004430,KSBBL,34,52,29,222.00,"6,438.00"
2020-10-19,2020101903004271,KSBBL,4,56,112,222.00,"24,864.00"
2020-10-19,2020101903004375,KSBBL,34,52,971,222.00,"215,562.00"
2020-10-19,2020101903004374,KSBBL,34,52,29,222.00,"6,438.00"
2020-10-19,2020101903004363,KSBBL,34,56,900,222.00,"199,800.00"
2020-10-19,2020101903004335,KSBBL,34,52,71,222.00,"15,762.00"
2020-10-19,2020101903004320,KSBBL,34,52,112,222.00,"24,864.00"
2020-10-19,2020101903004272,KSBBL,34,56,263,222.00,"58,386.00"
2020-10-19,2020101903004369,LBBL,25,38,211,214.00,"45,154.00"
2020-10-19,2020101903004282,LBBL,17,34,"1,000",213.00,"213,000.00"
2020-10-19,2020101903004281,LBBL,17,6,390,213.00,"83,070.00"
2020-10-19,2020101903004569,LICN,25,54,40,"1,480.00","59,200.00"
2020-10-19,2020101903004513,LICN,41,34,79,"1,470.00","116,130.00"
2020-10-19,2020101903004512,LICN,56,34,150,"1,470.00","220,500.00"
2020-10-19,2020101903004362,LLBS,7,10,50,"1,090.00","54,500.00"
2020-10-19,2020101903004315,LLBS,7,6,400,"1,090.00","436,000.00"
2020-10-19,2020101903004298,LLBS,49,6,100,"1,091.00","109,100.00"
2020-10-19,2020101903004297,LLBS,36,6,20,"1,091.00","21,820.00"
2020-10-19,2020101903004636,MDB,57,17,50,369.00,"18,450.00"
2020-10-19,2020101903004567,MERO,50,33,50,725.00,"36,250.00"
2020-10-19,2020101903004566,MERO,58,33,150,725.00,"108,750.00"
2020-10-19,2020101903004565,MERO,6,33,50,725.00,"36,250.00"
2020-10-19,2020101903004224,MERO,17,57,500,731.00,"365,500.00"
2020-10-19,2020101903004417,MERO,52,57,100,727.00,"72,700.00"
2020-10-19,2020101903004416,MERO,14,57,200,728.00,"145,600.00"
2020-10-19,2020101903004415,MERO,20,57,150,729.00,"109,350.00"
2020-10-19,2020101903004414,MERO,36,57,80,729.00,"58,320.00"
2020-10-19,2020101903004413,MERO,14,57,113,729.00,"82,377.00"
2020-10-19,2020101903004591,MFIL,34,48,"1,250",317.00,"396,250.00"
2020-10-19,2020101903004575,MFIL,49,48,"1,750",317.00,"554,750.00"
2020-10-19,2020101903004574,MFIL,49,28,250,317.00,"79,250.00"
2020-10-19,2020101903004558,MFIL,55,28,50,317.00,"15,850.00"
2020-10-19,2020101903004467,MFIL,55,28,50,317.00,"15,850.00"
2020-10-19,2020101903004459,MFIL,59,28,150,317.00,"47,550.00"
2020-10-19,2020101903004458,MFIL,59,6,150,317.00,"47,550.00"
2020-10-19,2020101903004429,MFIL,55,6,50,317.00,"15,850.00"
2020-10-19,2020101903004372,MFIL,55,6,50,317.00,"15,850.00"
2020-10-19,2020101903004348,MFIL,35,6,150,317.00,"47,550.00"
2020-10-19,2020101903004289,MFIL,55,6,100,317.00,"31,700.00"
2020-10-19,2020101903004581,MLBL,34,33,50,225.00,"11,250.00"
2020-10-19,2020101903004580,MLBL,17,33,250,225.00,"56,250.00"
2020-10-19,2020101903004511,MLBL,17,43,250,225.00,"56,250.00"
2020-10-19,2020101903004314,MLBL,58,10,14,225.00,"3,150.00"
2020-10-19,2020101903004313,MLBL,58,36,278,225.00,"62,550.00"
2020-10-19,2020101903004309,MLBL,4,36,500,225.00,"112,500.00"
2020-10-19,2020101903004308,MLBL,4,19,"1,500",225.00,"337,500.00"
2020-10-19,2020101903004449,MLBL,39,11,50,224.00,"11,200.00"
2020-10-19,2020101903004411,MMFDB,26,14,55,872.00,"47,960.00"
2020-10-19,2020101903004410,MMFDB,26,14,45,875.00,"39,375.00"
2020-10-19,2020101903004392,MNBBL,35,19,186,354.00,"65,844.00"
2020-10-19,2020101903004333,MNBBL,49,19,514,354.00,"181,956.00"
2020-10-19,2020101903004332,MNBBL,49,34,"1,000",354.00,"354,000.00"
2020-10-19,2020101903004331,MNBBL,49,40,686,354.00,"242,844.00"
2020-10-19,2020101903004330,MNBBL,49,58,650,354.00,"230,100.00"
2020-10-19,2020101903004206,MNBBL,39,28,500,353.00,"176,500.00"
2020-10-19,2020101903004205,MNBBL,4,28,"1,142",353.00,"403,126.00"
2020-10-19,2020101903004237,MNBBL,6,28,113,353.00,"39,889.00"
2020-10-19,2020101903004211,MNBBL,33,28,30,353.00,"10,590.00"
2020-10-19,2020101903004210,MNBBL,45,28,820,353.00,"289,460.00"
2020-10-19,2020101903004209,MNBBL,32,28,10,353.00,"3,530.00"
2020-10-19,2020101903004208,MNBBL,40,28,100,353.00,"35,300.00"
2020-10-19,2020101903004207,MNBBL,42,28,285,353.00,"100,605.00"
2020-10-19,2020101903004329,MNBBL,49,41,150,353.00,"52,950.00"
2020-10-19,2020101903004322,MNBBL,6,41,50,353.00,"17,650.00"
2020-10-19,2020101903004302,MNBBL,6,45,737,353.00,"260,161.00"
2020-10-19,2020101903004300,MNBBL,6,16,100,353.00,"35,300.00"
2020-10-19,2020101903004265,MPFL,18,41,10,143.00,"1,430.00"
2020-10-19,2020101903004465,MSMBS,3,16,18,674.00,"12,132.00"
2020-10-19,2020101903004350,NADEP,59,49,10,657.00,"6,570.00"
2020-10-19,2020101903004230,NADEP,59,59,11,652.00,"7,172.00"
2020-10-19,2020101903004613,NFS,51,7,15,316.00,"4,740.00"
2020-10-19,2020101903004530,NFS,51,45,10,315.00,"3,150.00"
2020-10-19,2020101903004327,NFS,8,49,100,316.00,"31,600.00"
2020-10-19,2020101903004213,NFS,39,57,100,318.00,"31,800.00"
2020-10-19,2020101903004212,NFS,39,33,395,318.00,"125,610.00"
2020-10-19,2020101903004160,NFS,42,33,20,318.00,"6,360.00"
2020-10-19,2020101903004423,NLBBL,38,14,30,725.00,"21,750.00"
2020-10-19,2020101903004623,NLIC,56,20,50,"1,371.00","68,550.00"
2020-10-19,2020101903004570,NLIC,22,20,20,"1,371.00","27,420.00"
2020-10-19,2020101903004561,NLIC,59,10,50,"1,370.00","68,500.00"
2020-10-19,2020101903004483,NLIC,10,10,250,"1,371.00","342,750.00"
2020-10-19,2020101903004480,NLIC,59,17,378,"1,370.00","517,860.00"
2020-10-19,2020101903004479,NLIC,42,17,70,"1,370.00","95,900.00"
2020-10-19,2020101903004151,NLIC,50,49,100,"1,374.00","137,400.00"
2020-10-19,2020101903004150,NLIC,50,57,22,"1,374.00","30,228.00"
2020-10-19,2020101903004149,NLIC,50,58,22,"1,372.00","30,184.00"
2020-10-19,2020101903004148,NLIC,50,28,10,"1,372.00","13,720.00"
2020-10-19,2020101903004147,NLIC,50,45,20,"1,372.00","27,440.00"
2020-10-19,2020101903004146,NLIC,50,22,22,"1,372.00","30,184.00"
2020-10-19,2020101903004286,NLIC,58,22,22,"1,372.00","30,184.00"
2020-10-19,2020101903004178,NLIC,45,22,22,"1,371.00","30,162.00"
2020-10-19,2020101903004175,NLIC,50,26,10,"1,375.00","13,750.00"
2020-10-19,2020101903004174,NLIC,50,25,85,"1,375.00","116,875.00"
2020-10-19,2020101903004173,NLIC,50,32,22,"1,374.00","30,228.00"
2020-10-19,2020101903004172,NLIC,50,50,50,"1,374.00","68,700.00"
2020-10-19,2020101903004471,NLIC,36,58,20,"1,370.00","27,400.00"
2020-10-19,2020101903004456,NLIC,42,17,20,"1,371.00","27,420.00"
2020-10-19,2020101903004447,NLIC,51,17,109,"1,371.00","149,439.00"
2020-10-19,2020101903004446,NLIC,45,17,873,"1,371.00","1,196,883.00"
2020-10-19,2020101903004427,NLIC,46,51,100,"1,372.00","137,200.00"
2020-10-19,2020101903004287,NLIC,58,59,11,"1,372.00","15,092.00"
2020-10-19,2020101903004478,NLIC,4,17,100,"1,370.00","137,000.00"
2020-10-19,2020101903004477,NLIC,22,17,20,"1,370.00","27,400.00"
2020-10-19,2020101903004476,NLIC,32,17,26,"1,370.00","35,620.00"
2020-10-19,2020101903004475,NLIC,22,17,30,"1,370.00","41,100.00"
2020-10-19,2020101903004474,NLIC,14,17,200,"1,370.00","274,000.00"
2020-10-19,2020101903004473,NLIC,36,17,174,"1,370.00","238,380.00"
2020-10-19,2020101903004602,NLICL,17,33,50,746.00,"37,300.00"
2020-10-19,2020101903004601,NLICL,53,33,100,746.00,"74,600.00"
2020-10-19,2020101903004227,NLICL,6,17,190,745.00,"141,550.00"
2020-10-19,2020101903004226,NLICL,6,6,809,745.00,"602,705.00"
2020-10-19,2020101903004223,NLICL,45,17,181,744.00,"134,664.00"
2020-10-19,2020101903004222,NLICL,45,58,57,744.00,"42,408.00"
2020-10-19,2020101903004346,NMBMF,28,10,26,798.00,"20,748.00"
2020-10-19,2020101903004345,NMBMF,28,48,50,798.00,"39,900.00"
2020-10-19,2020101903004344,NMBMF,28,13,10,798.00,"7,980.00"
2020-10-19,2020101903004343,NMBMF,28,29,11,797.00,"8,767.00"
2020-10-19,2020101903004640,NRIC,52,46,10,853.00,"8,530.00"
2020-10-19,2020101903004626,NRIC,52,38,500,853.00,"426,500.00"
2020-10-19,2020101903004621,NRIC,52,28,40,853.00,"34,120.00"
2020-10-19,2020101903004599,NRIC,52,11,40,853.00,"34,120.00"
2020-10-19,2020101903004590,NRIC,52,28,40,853.00,"34,120.00"
2020-10-19,2020101903004579,NRIC,52,34,40,853.00,"34,120.00"
2020-10-19,2020101903004159,NRIC,34,17,25,852.00,"21,300.00"
2020-10-19,2020101903004145,NRIC,34,42,25,852.00,"21,300.00"
2020-10-19,2020101903004144,NRIC,13,42,15,852.00,"12,780.00"
2020-10-19,2020101903004231,NRIC,57,59,40,852.00,"34,080.00"
2020-10-19,2020101903004229,NRIC,57,16,40,852.00,"34,080.00"
2020-10-19,2020101903004218,NRIC,57,58,60,852.00,"51,120.00"
2020-10-19,2020101903004217,NRIC,42,58,60,852.00,"51,120.00"
2020-10-19,2020101903004191,NRIC,48,49,20,852.00,"17,040.00"
2020-10-19,2020101903004169,NRIC,48,17,15,852.00,"12,780.00"
2020-10-19,2020101903004338,NRIC,42,10,50,852.00,"42,600.00"
2020-10-19,2020101903004337,NRIC,57,10,280,852.00,"238,560.00"
2020-10-19,2020101903004334,NRIC,57,28,40,852.00,"34,080.00"
2020-10-19,2020101903004303,NRIC,57,17,40,852.00,"34,080.00"
2020-10-19,2020101903004296,NRIC,7,49,70,853.00,"59,710.00"
2020-10-19,2020101903004284,NRIC,7,56,30,853.00,"25,590.00"
2020-10-19,2020101903004444,NRIC,52,4,70,853.00,"59,710.00"
2020-10-19,2020101903004438,NRIC,34,4,20,853.00,"17,060.00"
2020-10-19,2020101903004437,NRIC,34,49,30,853.00,"25,590.00"
2020-10-19,2020101903004421,NRIC,17,28,10,852.00,"8,520.00"
2020-10-19,2020101903004352,NRIC,17,28,40,852.00,"34,080.00"
2020-10-19,2020101903004339,NRIC,17,10,70,852.00,"59,640.00"
2020-10-19,2020101903004486,NRIC,52,16,40,853.00,"34,120.00"
2020-10-19,2020101903004485,NRIC,52,45,40,853.00,"34,120.00"
2020-10-19,2020101903004466,NRIC,52,28,40,853.00,"34,120.00"
2020-10-19,2020101903004461,NRIC,52,39,20,853.00,"17,060.00"
2020-10-19,2020101903004448,NRIC,52,44,50,853.00,"42,650.00"
2020-10-19,2020101903004445,NRIC,52,52,50,853.00,"42,650.00"
2020-10-19,2020101903004608,NRN,49,51,10,346.00,"3,460.00"
2020-10-19,2020101903004568,NRN,49,49,10,346.00,"3,460.00"
2020-10-19,2020101903004549,NRN,49,51,10,346.00,"3,460.00"
2020-10-19,2020101903004548,NRN,49,28,10,346.00,"3,460.00"
2020-10-19,2020101903004545,NRN,42,58,10,346.00,"3,460.00"
2020-10-19,2020101903004544,NRN,42,45,10,346.00,"3,460.00"
2020-10-19,2020101903004182,NRN,43,38,40,346.00,"13,840.00"
2020-10-19,2020101903004181,NRN,34,38,20,346.00,"6,920.00"
2020-10-19,2020101903004166,NRN,34,38,10,346.00,"3,460.00"
2020-10-19,2020101903004188,NRN,53,38,80,345.00,"27,600.00"
2020-10-19,2020101903004187,NRN,41,38,100,345.00,"34,500.00"
2020-10-19,2020101903004186,NRN,37,38,50,345.00,"17,250.00"
2020-10-19,2020101903004185,NRN,22,38,100,345.00,"34,500.00"
2020-10-19,2020101903004184,NRN,43,38,40,345.00,"13,800.00"
2020-10-19,2020101903004183,NRN,52,38,300,345.00,"103,500.00"
2020-10-19,2020101903004408,NRN,13,52,10,345.00,"3,450.00"
2020-10-19,2020101903004371,NRN,13,47,10,345.00,"3,450.00"
2020-10-19,2020101903004328,NRN,52,47,10,345.00,"3,450.00"
2020-10-19,2020101903004310,NRN,52,49,10,345.00,"3,450.00"
2020-10-19,2020101903004232,NRN,52,17,10,345.00,"3,450.00"
2020-10-19,2020101903004189,NRN,52,38,270,345.00,"93,150.00"
2020-10-19,2020101903004493,NTC,41,59,86,699.00,"60,114.00"
2020-10-19,2020101903004492,NTC,35,59,500,699.00,"349,500.00"
2020-10-19,2020101903004491,NTC,50,59,30,699.00,"20,970.00"
2020-10-19,2020101903004490,NTC,41,59,201,700.00,"140,700.00"
2020-10-19,2020101903004316,NTC,35,14,85,702.00,"59,670.00"
2020-10-19,2020101903004312,NTC,41,41,100,700.00,"70,000.00"
2020-10-19,2020101903004225,OHL,25,35,60,375.00,"22,500.00"
2020-10-19,2020101903004598,PFL,48,49,38,183.00,"6,954.00"
2020-10-19,2020101903004592,PFL,48,58,10,183.00,"1,830.00"
2020-10-19,2020101903004365,PFL,57,45,250,184.00,"46,000.00"
2020-10-19,2020101903004364,PFL,58,45,127,184.00,"23,368.00"
2020-10-19,2020101903004571,PLIC,29,14,14,647.00,"9,058.00"
2020-10-19,2020101903004521,PLIC,29,1,31,647.00,"20,057.00"
2020-10-19,2020101903004419,PLIC,25,1,47,647.00,"30,409.00"
2020-10-19,2020101903004351,PLIC,16,22,22,646.00,"14,212.00"
2020-10-19,2020101903004341,PLIC,47,22,28,646.00,"18,088.00"
2020-10-19,2020101903004436,PROFL,10,49,"1,300",133.00,"172,900.00"
2020-10-19,2020101903004435,PROFL,10,19,500,133.00,"66,500.00"
2020-10-19,2020101903004420,PROFL,10,49,200,133.00,"26,600.00"
2020-10-19,2020101903004547,RLFL,41,19,200,173.00,"34,600.00"
2020-10-19,2020101903004394,RLFL,13,45,100,172.00,"17,200.00"
2020-10-19,2020101903004625,RLI,5,48,10,597.00,"5,970.00"
2020-10-19,2020101903004624,RLI,5,28,10,597.00,"5,970.00"
2020-10-19,2020101903004620,RLI,5,51,10,597.00,"5,970.00"
2020-10-19,2020101903004617,RLI,5,56,10,597.00,"5,970.00"
2020-10-19,2020101903004616,RLI,5,46,10,597.00,"5,970.00"
2020-10-19,2020101903004610,RLI,5,48,10,597.00,"5,970.00"
2020-10-19,2020101903004157,RLI,7,4,10,595.00,"5,950.00"
2020-10-19,2020101903004156,RLI,7,1,50,595.00,"29,750.00"
2020-10-19,2020101903004143,RLI,38,17,10,594.00,"5,940.00"
2020-10-19,2020101903004235,RLI,38,17,10,594.00,"5,940.00"
2020-10-19,2020101903004234,RLI,38,16,10,594.00,"5,940.00"
2020-10-19,2020101903004215,RLI,38,34,10,594.00,"5,940.00"
2020-10-19,2020101903004171,RLI,38,38,10,594.00,"5,940.00"
2020-10-19,2020101903004162,RLI,38,11,14,594.00,"8,316.00"
2020-10-19,2020101903004158,RLI,7,7,10,595.00,"5,950.00"
2020-10-19,2020101903004267,RLI,38,50,10,595.00,"5,950.00"
2020-10-19,2020101903004246,RLI,42,58,10,595.00,"5,950.00"
2020-10-19,2020101903004244,RLI,42,58,10,595.00,"5,950.00"
2020-10-19,2020101903004243,RLI,42,34,10,595.00,"5,950.00"
2020-10-19,2020101903004242,RLI,42,22,10,595.00,"5,950.00"
2020-10-19,2020101903004241,RLI,42,58,10,595.00,"5,950.00"
2020-10-19,2020101903004349,RLI,38,28,10,595.00,"5,950.00"
2020-10-19,2020101903004342,RLI,38,47,10,595.00,"5,950.00"
2020-10-19,2020101903004340,RLI,38,58,10,595.00,"5,950.00"
2020-10-19,2020101903004336,RLI,38,28,10,595.00,"5,950.00"
2020-10-19,2020101903004307,RLI,38,17,10,595.00,"5,950.00"
2020-10-19,2020101903004278,RLI,38,46,10,595.00,"5,950.00"
2020-10-19,2020101903004404,RLI,57,34,10,596.00,"5,960.00"
2020-10-19,2020101903004403,RLI,57,54,50,596.00,"29,800.00"
2020-10-19,2020101903004402,RLI,57,57,10,596.00,"5,960.00"
2020-10-19,2020101903004401,RLI,57,8,10,596.00,"5,960.00"
2020-10-19,2020101903004359,RLI,19,51,10,596.00,"5,960.00"
2020-10-19,2020101903004353,RLI,38,34,10,595.00,"5,950.00"
2020-10-19,2020101903004463,RLI,57,34,10,596.00,"5,960.00"
2020-10-19,2020101903004433,RLI,57,48,10,596.00,"5,960.00"
2020-10-19,2020101903004428,RLI,57,28,10,596.00,"5,960.00"
2020-10-19,2020101903004418,RLI,57,52,10,596.00,"5,960.00"
2020-10-19,2020101903004406,RLI,57,53,10,596.00,"5,960.00"
2020-10-19,2020101903004405,RLI,57,58,10,596.00,"5,960.00"
2020-10-19,2020101903004543,RLI,57,28,10,596.00,"5,960.00"
2020-10-19,2020101903004514,RLI,38,48,10,595.00,"5,950.00"
2020-10-19,2020101903004509,RLI,38,28,10,595.00,"5,950.00"
2020-10-19,2020101903004503,RLI,11,42,10,596.00,"5,960.00"
2020-10-19,2020101903004484,RLI,11,48,10,596.00,"5,960.00"
2020-10-19,2020101903004469,RLI,57,28,10,596.00,"5,960.00"
2020-10-19,2020101903004596,RLI,5,28,10,597.00,"5,970.00"
2020-10-19,2020101903004593,RLI,5,34,10,597.00,"5,970.00"
2020-10-19,2020101903004589,RLI,5,48,10,597.00,"5,970.00"
2020-10-19,2020101903004563,RLI,5,48,10,597.00,"5,970.00"
2020-10-19,2020101903004557,RLI,5,57,10,597.00,"5,970.00"
2020-10-19,2020101903004556,RLI,5,58,10,597.00,"5,970.00"
2020-10-19,2020101903004609,RMDC,58,1,20,865.00,"17,300.00"
2020-10-19,2020101903004560,RMDC,58,17,50,864.00,"43,200.00"
2020-10-19,2020101903004559,RMDC,58,10,50,860.00,"43,000.00"
2020-10-19,2020101903004550,RMDC,58,43,285,859.00,"244,815.00"
2020-10-19,2020101903004525,RMDC,47,16,22,856.00,"18,832.00"
2020-10-19,2020101903004292,RMDC,53,46,12,857.00,"10,284.00"
2020-10-19,2020101903004152,RMDC,49,28,160,855.00,"136,800.00"
2020-10-19,2020101903004614,RSDC,22,14,100,540.00,"54,000.00"
2020-10-19,2020101903004487,RSDC,21,39,24,539.00,"12,936.00"
2020-10-19,2020101903004356,RSDC,21,47,26,539.00,"14,014.00"
2020-10-19,2020101903004355,RSDC,42,47,24,540.00,"12,960.00"
2020-10-19,2020101903004354,RSDC,4,47,17,540.00,"9,180.00"
2020-10-19,2020101903004600,SABSL,44,29,11,845.00,"9,295.00"
2020-10-19,2020101903004597,SABSL,44,45,65,844.00,"54,860.00"
2020-10-19,2020101903004577,SABSL,17,45,78,844.00,"65,832.00"
2020-10-19,2020101903004576,SABSL,44,45,57,845.00,"48,165.00"
2020-10-19,2020101903004462,SABSL,44,45,111,845.00,"93,795.00"
2020-10-19,2020101903004398,SABSL,16,45,22,845.00,"18,590.00"
2020-10-19,2020101903004397,SABSL,44,45,67,845.00,"56,615.00"
2020-10-19,2020101903004163,SABSL,44,17,11,845.00,"9,295.00"
2020-10-19,2020101903004595,SADBL,34,49,10,179.00,"1,790.00"
2020-10-19,2020101903004555,SADBL,20,34,56,178.00,"9,968.00"
2020-10-19,2020101903004554,SADBL,19,34,44,178.00,"7,832.00"
2020-10-19,2020101903004524,SAPDBL,48,52,500,162.00,"81,000.00"
2020-10-19,2020101903004523,SAPDBL,48,51,64,161.00,"10,304.00"
2020-10-19,2020101903004522,SAPDBL,48,52,430,161.00,"69,230.00"
2020-10-19,2020101903004285,SAPDBL,51,52,40,161.00,"6,440.00"
2020-10-19,2020101903004245,SAPDBL,51,52,30,161.00,"4,830.00"
2020-10-19,2020101903004515,SDLBSL,41,28,10,818.00,"8,180.00"
2020-10-19,2020101903004384,SDLBSL,41,59,10,818.00,"8,180.00"
2020-10-19,2020101903004233,SDLBSL,41,59,10,816.00,"8,160.00"
2020-10-19,2020101903004588,SFCL,17,45,512,136.00,"69,632.00"
2020-10-19,2020101903004470,SFCL,40,45,488,136.00,"66,368.00"
2020-10-19,2020101903004317,SFCL,40,51,12,135.00,"1,620.00"
2020-10-19,2020101903004274,SFCL,43,51,88,135.00,"11,880.00"
2020-10-19,2020101903004273,SFCL,43,57,62,135.00,"8,370.00"
2020-10-19,2020101903004489,SHINE,53,44,77,259.00,"19,943.00"
2020-10-19,2020101903004385,SHINE,28,33,15,261.00,"3,915.00"
2020-10-19,2020101903004361,SHINE,53,59,18,259.00,"4,662.00"
2020-10-19,2020101903004360,SHINE,40,59,100,260.00,"26,000.00"
2020-10-19,2020101903004214,SHINE,28,42,"1,000",260.00,"260,000.00"
2020-10-19,2020101903004179,SHINE,56,49,360,260.00,"93,600.00"
2020-10-19,2020101903004164,SHINE,38,49,100,260.00,"26,000.00"
2020-10-19,2020101903004283,SIFC,46,6,90,196.00,"17,640.00"
2020-10-19,2020101903004153,SIFC,3,28,30,195.00,"5,850.00"
2020-10-19,2020101903004407,SINDU,14,49,10,159.00,"1,590.00"
2020-10-19,2020101903004256,SINDU,34,49,450,159.00,"71,550.00"
2020-10-19,2020101903004572,SKBBL,41,45,100,"1,355.00","135,500.00"
2020-10-19,2020101903004464,SKBBL,44,45,42,"1,355.00","56,910.00"
2020-10-19,2020101903004424,SKBBL,38,17,191,"1,353.00","258,423.00"
2020-10-19,2020101903004443,SLBBL,47,6,43,830.00,"35,690.00"
2020-10-19,2020101903004442,SLBBL,25,6,100,830.00,"83,000.00"
2020-10-19,2020101903004441,SLBBL,42,6,20,830.00,"16,600.00"
2020-10-19,2020101903004440,SLBBL,10,6,25,831.00,"20,775.00"
2020-10-19,2020101903004439,SLBBL,52,6,12,832.00,"9,984.00"
2020-10-19,2020101903004370,SLBBL,52,59,12,832.00,"9,984.00"
2020-10-19,2020101903004358,SLBBL,59,29,10,836.00,"8,360.00"
2020-10-19,2020101903004258,SLBBL,52,59,14,832.00,"11,648.00"
2020-10-19,2020101903004238,SLBBL,52,59,12,832.00,"9,984.00"
2020-10-19,2020101903004638,SLICL,28,42,33,597.00,"19,701.00"
2020-10-19,2020101903004637,SLICL,44,42,17,597.00,"10,149.00"
2020-10-19,2020101903004553,SLICL,53,16,160,598.00,"95,680.00"
2020-10-19,2020101903004518,SLICL,53,59,140,598.00,"83,720.00"
2020-10-19,2020101903004510,SLICL,1,59,100,598.00,"59,800.00"
2020-10-19,2020101903004504,SLICL,44,39,83,597.00,"49,551.00"
2020-10-19,2020101903004201,SLICL,4,47,100,598.00,"59,800.00"
2020-10-19,2020101903004196,SLICL,34,41,500,599.00,"299,500.00"
2020-10-19,2020101903004482,SLICL,53,59,200,598.00,"119,600.00"
2020-10-19,2020101903004383,SLICL,13,59,50,598.00,"29,900.00"
2020-10-19,2020101903004382,SLICL,50,59,100,598.00,"59,800.00"
2020-10-19,2020101903004381,SLICL,48,59,190,598.00,"113,620.00"
2020-10-19,2020101903004380,SLICL,4,59,375,598.00,"224,250.00"
2020-10-19,2020101903004216,SLICL,4,58,25,598.00,"14,950.00"
2020-10-19,2020101903004517,SMFBS,57,39,10,949.00,"9,490.00"
2020-10-19,2020101903004165,SMFBS,59,7,10,950.00,"9,500.00"
2020-10-19,2020101903004412,SWBBL,49,26,12,"1,237.00","14,844.00"
2020-10-19,2020101903004202,TRH,50,1,60,245.00,"14,700.00"
2020-10-19,2020101903004180,TRH,50,1,60,245.00,"14,700.00"
2020-10-19,2020101903004393,UFL,17,59,121,247.00,"29,887.00"
2020-10-19,2020101903004252,UFL,17,45,40,247.00,"9,880.00"
2020-10-19,2020101903004251,UFL,17,8,189,247.00,"46,683.00"
2020-10-19,2020101903004250,UFL,17,59,150,247.00,"37,050.00"
2020-10-19,2020101903004526,USLB,45,39,22,"1,085.00","23,870.00"
2020-10-19,2020101903003970,ALBSL,29,59,11,800.00,"8,800.00"
2020-10-19,2020101903003841,ALBSL,28,50,108,801.00,"86,508.00"
2020-10-19,2020101903003840,ALBSL,57,50,100,802.00,"80,200.00"
2020-10-19,2020101903004123,ALICL,45,32,20,719.00,"14,380.00"
2020-10-19,2020101903004069,ALICL,45,42,226,719.00,"162,494.00"
2020-10-19,2020101903004056,BFC,19,49,20,140.00,"2,800.00"
2020-10-19,2020101903004035,BFC,17,54,25,141.00,"3,525.00"
2020-10-19,2020101903003962,BFC,55,54,200,141.00,"28,200.00"
2020-10-19,2020101903003896,BFC,55,59,50,140.00,"7,000.00"
2020-10-19,2020101903004018,CBBL,59,51,100,"1,110.00","111,000.00"
2020-10-19,2020101903003799,CBBL,45,21,98,"1,110.00","108,780.00"
2020-10-19,2020101903003680,CBBL,47,32,20,"1,108.00","22,160.00"
2020-10-19,2020101903004067,CFCL,22,52,"2,000",163.00,"326,000.00"
2020-10-19,2020101903004066,CFCL,57,52,300,163.00,"48,900.00"
2020-10-19,2020101903004065,CFCL,34,52,500,163.00,"81,500.00"
2020-10-19,2020101903004064,CFCL,18,52,200,163.00,"32,600.00"
2020-10-19,2020101903003938,CFCL,17,28,50,164.00,"8,200.00"
2020-10-19,2020101903004121,CIT,19,5,10,"3,569.00","35,690.00"
2020-10-19,2020101903003993,CIT,5,58,10,"3,570.00","35,700.00"
2020-10-19,2020101903003901,CIT,13,45,10,"3,571.00","35,710.00"
2020-10-19,2020101903003900,CIT,35,45,40,"3,571.00","142,840.00"
2020-10-19,2020101903003894,CIT,35,41,10,"3,571.00","35,710.00"
2020-10-19,2020101903003893,CIT,58,41,20,"3,571.00","71,420.00"
2020-10-19,2020101903003778,CIT,7,58,200,"3,571.00","714,200.00"
2020-10-19,2020101903003769,CIT,51,11,15,"3,566.00","53,490.00"
2020-10-19,2020101903003757,CIT,22,36,10,"3,570.00","35,700.00"
2020-10-19,2020101903003752,CIT,21,36,10,"3,570.00","35,700.00"
2020-10-19,2020101903003684,CIT,58,19,14,"3,572.00","50,008.00"
2020-10-19,2020101903003821,CLBSL,36,37,108,688.00,"74,304.00"
2020-10-19,2020101903003820,CLBSL,11,37,10,690.00,"6,900.00"
2020-10-19,2020101903003819,CLBSL,26,37,10,690.00,"6,900.00"
2020-10-19,2020101903003818,CLBSL,38,37,14,691.00,"9,674.00"
2020-10-19,2020101903003817,CLBSL,3,37,10,695.00,"6,950.00"
2020-10-19,2020101903003836,CORBL,26,45,130,200.00,"26,000.00"
2020-10-19,2020101903004031,DDBL,46,7,75,850.00,"63,750.00"
2020-10-19,2020101903004030,DDBL,46,10,25,850.00,"21,250.00"
2020-10-19,2020101903004011,DDBL,17,10,400,850.00,"340,000.00"
2020-10-19,2020101903003813,DDBL,17,51,100,850.00,"85,000.00"
2020-10-19,2020101903003812,DDBL,3,51,100,850.00,"85,000.00"
2020-10-19,2020101903003811,DDBL,3,51,50,850.00,"42,500.00"
2020-10-19,2020101903003810,DDBL,14,51,300,850.00,"255,000.00"
2020-10-19,2020101903003809,DDBL,14,51,40,850.00,"34,000.00"
2020-10-19,2020101903003798,DDBL,14,41,50,850.00,"42,500.00"
2020-10-19,2020101903004087,FMDBL,6,14,813,566.00,"460,158.00"
2020-10-19,2020101903004086,FMDBL,17,14,100,567.00,"56,700.00"
2020-10-19,2020101903004085,FMDBL,21,14,87,567.00,"49,329.00"
2020-10-19,2020101903004071,FMDBL,21,38,13,567.00,"7,371.00"
2020-10-19,2020101903004070,FMDBL,57,38,100,567.00,"56,700.00"
2020-10-19,2020101903003844,FMDBL,57,37,260,567.00,"147,420.00"
2020-10-19,2020101903003750,FMDBL,28,37,200,567.00,"113,400.00"
2020-10-19,2020101903003726,FMDBL,42,37,200,567.00,"113,400.00"
2020-10-19,2020101903003710,FMDBL,6,37,40,567.00,"22,680.00"
2020-10-19,2020101903004001,GBBL,42,34,150,261.00,"39,150.00"
2020-10-19,2020101903003954,GBBL,41,28,200,262.00,"52,400.00"
2020-10-19,2020101903003751,GBBL,42,45,"1,000",261.00,"261,000.00"
2020-10-19,2020101903003715,GBBL,22,28,300,262.00,"78,600.00"
2020-10-19,2020101903003701,GBBL,22,28,200,262.00,"52,400.00"
2020-10-19,2020101903004076,GBLBS,17,49,10,512.00,"5,120.00"
2020-10-19,2020101903004019,GBLBS,17,52,45,512.00,"23,040.00"
2020-10-19,2020101903003866,GFCL,57,34,100,191.00,"19,100.00"
2020-10-19,2020101903003707,GLICL,6,41,132,603.00,"79,596.00"
2020-10-19,2020101903003706,GLICL,48,41,100,605.00,"60,500.00"
2020-10-19,2020101903003674,GLICL,6,41,102,603.00,"61,506.00"
2020-10-19,2020101903003673,GLICL,33,41,50,603.00,"30,150.00"
2020-10-19,2020101903003672,GLICL,17,41,200,603.00,"120,600.00"
2020-10-19,2020101903003671,GLICL,33,41,50,603.00,"30,150.00"
2020-10-19,2020101903003670,GLICL,14,41,210,605.00,"127,050.00"
2020-10-19,2020101903003669,GLICL,45,41,50,605.00,"30,250.00"
2020-10-19,2020101903003668,GLICL,48,41,38,606.00,"23,028.00"
2020-10-19,2020101903004046,GMFBS,34,7,50,820.00,"41,000.00"
2020-10-19,2020101903004010,GMFBS,47,59,10,813.00,"8,130.00"
2020-10-19,2020101903003882,GMFBS,47,22,10,813.00,"8,130.00"
2020-10-19,2020101903003911,GRDBL,17,40,40,150.00,"6,000.00"
2020-10-19,2020101903004081,GUFL,5,42,390,148.00,"57,720.00"
2020-10-19,2020101903004080,GUFL,46,42,10,148.00,"1,480.00"
2020-10-19,2020101903004079,GUFL,13,42,100,148.00,"14,800.00"
2020-10-19,2020101903003908,GUFL,17,32,90,149.00,"13,410.00"
2020-10-19,2020101903004112,HIDCL,39,50,100,186.00,"18,600.00"
2020-10-19,2020101903004111,HIDCL,39,17,31,186.00,"5,766.00"
2020-10-19,2020101903004110,HIDCL,39,8,117,186.00,"21,762.00"
2020-10-19,2020101903004082,HIDCL,49,49,55,185.00,"10,175.00"
2020-10-19,2020101903003999,HIDCL,49,41,317,185.00,"58,645.00"
2020-10-19,2020101903003909,HIDCL,41,8,100,186.00,"18,600.00"
2020-10-19,2020101903003790,HIDCL,49,58,50,185.00,"9,250.00"
2020-10-19,2020101903003776,HIDCL,49,8,183,186.00,"34,038.00"
2020-10-19,2020101903003775,HIDCL,49,38,17,186.00,"3,162.00"
2020-10-19,2020101903004106,ICFC,45,33,977,284.00,"277,468.00"
2020-10-19,2020101903004105,ICFC,45,25,200,284.00,"56,800.00"
2020-10-19,2020101903004104,ICFC,45,11,25,284.00,"7,100.00"
2020-10-19,2020101903004103,ICFC,45,48,40,284.00,"11,360.00"
2020-10-19,2020101903004102,ICFC,45,6,100,284.00,"28,400.00"
2020-10-19,2020101903004101,ICFC,45,19,200,284.00,"56,800.00"
2020-10-19,2020101903003863,ICFC,48,33,36,283.00,"10,188.00"
2020-10-19,2020101903004029,ICFC,47,34,500,283.00,"141,500.00"
2020-10-19,2020101903003998,ICFC,28,34,93,283.00,"26,319.00"
2020-10-19,2020101903003997,ICFC,28,17,107,283.00,"30,281.00"
2020-10-19,2020101903003943,ICFC,17,17,20,283.00,"5,660.00"
2020-10-19,2020101903003919,ICFC,47,17,500,283.00,"141,500.00"
2020-10-19,2020101903003864,ICFC,48,17,373,283.00,"105,559.00"
2020-10-19,2020101903004100,ICFC,45,50,"1,853",284.00,"526,252.00"
2020-10-19,2020101903004099,ICFC,45,19,231,283.00,"65,373.00"
2020-10-19,2020101903004098,ICFC,45,58,"2,000",283.00,"566,000.00"
2020-10-19,2020101903004097,ICFC,45,17,500,283.00,"141,500.00"
2020-10-19,2020101903004096,ICFC,45,59,500,283.00,"141,500.00"
2020-10-19,2020101903004095,ICFC,45,34,874,283.00,"247,342.00"
2020-10-19,2020101903004119,ILBS,29,17,11,810.00,"8,910.00"
2020-10-19,2020101903004021,ILBS,29,50,11,810.00,"8,910.00"
2020-10-19,2020101903003865,ILBS,29,35,11,810.00,"8,910.00"
2020-10-19,2020101903004115,JBBL,13,41,200,206.00,"41,200.00"
2020-10-19,2020101903003980,JBBL,22,38,10,206.00,"2,060.00"
2020-10-19,2020101903003973,JBBL,22,29,900,206.00,"185,400.00"
2020-10-19,2020101903003972,JBBL,45,29,100,206.00,"20,600.00"
2020-10-19,2020101903003935,JBBL,45,50,900,206.00,"185,400.00"
2020-10-19,2020101903003923,JBBL,48,50,100,206.00,"20,600.00"
2020-10-19,2020101903003725,JBBL,28,17,10,207.00,"2,070.00"
2020-10-19,2020101903003642,JBBL,52,17,111,207.00,"22,977.00"
