Date,Transact. No.,Symbol,Buyer,Seller,Quantity,Rate,Amount
2020-08-02,2020080201027787,ADBL,26,14,142,406.00,"57,652.00"
2020-08-02,2020080201027764,ADBL,51,14,50,406.00,"20,300.00"
2020-08-02,2020080201027729,ADBL,13,14,50,406.00,"20,300.00"
2020-08-02,2020080201027580,ADBL,34,14,50,406.00,"20,300.00"
2020-08-02,2020080201027530,ADBL,17,14,10,406.00,"4,060.00"
2020-08-02,2020080201027522,ADBL,6,14,28,406.00,"11,368.00"
2020-08-02,2020080201027521,ADBL,14,14,20,406.00,"8,120.00"
2020-08-02,2020080201027520,ADBL,53,14,50,406.00,"20,300.00"
2020-08-02,2020080201027519,ADBL,45,14,100,406.00,"40,600.00"
2020-08-02,2020080201027468,ADBL,45,1,200,406.00,"81,200.00"
2020-08-02,2020080201027431,ADBL,21,29,30,408.00,"12,240.00"
2020-08-02,2020080201027367,ADBL,14,58,14,406.00,"5,684.00"
2020-08-02,2020080202000048,AIL,57,19,10,320.00,"3,200.00"
2020-08-02,2020080202000047,AIL,57,57,10,320.00,"3,200.00"
2020-08-02,2020080202000046,AIL,57,1,10,320.00,"3,200.00"
2020-08-02,2020080202000045,AIL,57,16,10,320.00,"3,200.00"
2020-08-02,2020080202000044,AIL,57,16,10,320.00,"3,200.00"
2020-08-02,2020080202000043,AIL,57,45,10,320.00,"3,200.00"
2020-08-02,2020080202000006,AIL,35,34,10,291.00,"2,910.00"
2020-08-02,2020080202000005,AIL,35,50,10,291.00,"2,910.00"
2020-08-02,2020080202000004,AIL,35,52,10,291.00,"2,910.00"
2020-08-02,2020080202000003,AIL,35,58,10,291.00,"2,910.00"
2020-08-02,2020080202000002,AIL,35,40,10,291.00,"2,910.00"
2020-08-02,2020080202000012,AIL,47,45,10,291.00,"2,910.00"
2020-08-02,2020080202000011,AIL,35,58,10,291.00,"2,910.00"
2020-08-02,2020080202000010,AIL,35,58,10,291.00,"2,910.00"
2020-08-02,2020080202000009,AIL,35,58,10,291.00,"2,910.00"
2020-08-02,2020080202000008,AIL,35,14,10,291.00,"2,910.00"
2020-08-02,2020080202000007,AIL,35,49,10,291.00,"2,910.00"
2020-08-02,2020080202000018,AIL,47,40,10,313.00,"3,130.00"
2020-08-02,2020080202000017,AIL,26,58,10,307.00,"3,070.00"
2020-08-02,2020080202000016,AIL,55,18,10,301.00,"3,010.00"
2020-08-02,2020080202000015,AIL,41,40,10,296.00,"2,960.00"
2020-08-02,2020080202000014,AIL,47,58,10,291.00,"2,910.00"
2020-08-02,2020080202000013,AIL,47,20,10,291.00,"2,910.00"
2020-08-02,2020080202000024,AIL,57,42,10,320.00,"3,200.00"
2020-08-02,2020080202000023,AIL,57,49,10,320.00,"3,200.00"
2020-08-02,2020080202000022,AIL,57,42,10,320.00,"3,200.00"
2020-08-02,2020080202000021,AIL,57,6,10,320.00,"3,200.00"
2020-08-02,2020080202000020,AIL,57,41,10,320.00,"3,200.00"
2020-08-02,2020080202000019,AIL,36,58,10,319.00,"3,190.00"
2020-08-02,2020080202000030,AIL,57,21,10,320.00,"3,200.00"
2020-08-02,2020080202000029,AIL,57,20,10,320.00,"3,200.00"
2020-08-02,2020080202000028,AIL,57,20,10,320.00,"3,200.00"
2020-08-02,2020080202000027,AIL,57,20,10,320.00,"3,200.00"
2020-08-02,2020080202000026,AIL,57,20,10,320.00,"3,200.00"
2020-08-02,2020080202000025,AIL,57,20,10,320.00,"3,200.00"
2020-08-02,2020080202000036,AIL,57,6,10,320.00,"3,200.00"
2020-08-02,2020080202000035,AIL,57,34,10,320.00,"3,200.00"
2020-08-02,2020080202000034,AIL,57,1,10,320.00,"3,200.00"
2020-08-02,2020080202000033,AIL,57,42,10,320.00,"3,200.00"
2020-08-02,2020080202000032,AIL,57,1,10,320.00,"3,200.00"
2020-08-02,2020080202000031,AIL,57,48,10,320.00,"3,200.00"
2020-08-02,2020080202000042,AIL,57,19,10,320.00,"3,200.00"
2020-08-02,2020080202000041,AIL,57,6,10,320.00,"3,200.00"
2020-08-02,2020080202000040,AIL,57,41,10,320.00,"3,200.00"
2020-08-02,2020080202000039,AIL,47,8,3,320.00,960.00
2020-08-02,2020080202000038,AIL,47,8,7,320.00,"2,240.00"
2020-08-02,2020080202000037,AIL,57,51,10,320.00,"3,200.00"
2020-08-02,2020080201027682,ALICL,5,57,100,614.00,"61,400.00"
2020-08-02,2020080201027681,ALICL,50,57,35,614.00,"21,490.00"
2020-08-02,2020080201027680,ALICL,59,57,100,614.00,"61,400.00"
2020-08-02,2020080201027679,ALICL,50,57,100,615.00,"61,500.00"
2020-08-02,2020080201027711,CBBL,40,58,37,"1,060.00","39,220.00"
2020-08-02,2020080201027710,CBBL,40,11,100,"1,060.00","106,000.00"
2020-08-02,2020080201027709,CBBL,40,41,10,"1,057.00","10,570.00"
2020-08-02,2020080201027708,CBBL,40,13,103,"1,055.00","108,665.00"
2020-08-02,2020080201027706,CBBL,45,13,20,"1,055.00","21,100.00"
2020-08-02,2020080201027374,CBBL,22,11,10,"1,056.00","10,560.00"
2020-08-02,2020080201027373,CBBL,49,11,50,"1,056.00","52,800.00"
2020-08-02,2020080201027372,CBBL,57,11,40,"1,056.00","42,240.00"
2020-08-02,2020080201027484,CBBL,32,4,80,"1,055.00","84,400.00"
2020-08-02,2020080201027483,CBBL,57,4,10,"1,055.00","10,550.00"
2020-08-02,2020080201027482,CBBL,4,4,172,"1,055.00","181,460.00"
2020-08-02,2020080201027462,CBBL,4,50,260,"1,055.00","274,300.00"
2020-08-02,2020080201027401,CBBL,4,50,263,"1,055.00","277,465.00"
2020-08-02,2020080201027400,CBBL,22,50,90,"1,056.00","95,040.00"
2020-08-02,2020080201027515,CBBL,57,13,50,"1,055.00","52,750.00"
2020-08-02,2020080201027511,CBBL,32,13,44,"1,055.00","46,420.00"
2020-08-02,2020080201027488,CBBL,32,4,16,"1,055.00","16,880.00"
2020-08-02,2020080201027487,CBBL,41,4,10,"1,055.00","10,550.00"
2020-08-02,2020080201027486,CBBL,53,4,20,"1,055.00","21,100.00"
2020-08-02,2020080201027485,CBBL,49,4,50,"1,055.00","52,750.00"
2020-08-02,2020080201027757,CCBL,1,39,100,171.00,"17,100.00"
2020-08-02,2020080201027746,CCBL,1,37,129,171.00,"22,059.00"
2020-08-02,2020080201027745,CCBL,45,37,50,171.00,"8,550.00"
2020-08-02,2020080201027744,CCBL,58,37,50,171.00,"8,550.00"
2020-08-02,2020080201027743,CCBL,1,37,50,171.00,"8,550.00"
2020-08-02,2020080201027742,CCBL,34,37,300,171.00,"51,300.00"
2020-08-02,2020080201027741,CCBL,49,37,100,171.00,"17,100.00"
2020-08-02,2020080201027740,CCBL,37,37,100,171.00,"17,100.00"
2020-08-02,2020080201027739,CCBL,50,37,100,171.00,"17,100.00"
2020-08-02,2020080201027738,CCBL,34,37,71,171.00,"12,141.00"
2020-08-02,2020080201027736,CHCL,32,55,25,387.00,"9,675.00"
2020-08-02,2020080201027570,CHCL,1,6,903,385.00,"347,655.00"
2020-08-02,2020080201027569,CHCL,41,6,197,385.00,"75,845.00"
2020-08-02,2020080201027398,CHCL,41,32,183,385.00,"70,455.00"
2020-08-02,2020080201027397,CHCL,35,32,50,386.00,"19,300.00"
2020-08-02,2020080201027529,CZBIL,48,54,10,195.00,"1,950.00"
2020-08-02,2020080201027593,DDBL,49,51,50,837.00,"41,850.00"
2020-08-02,2020080201027592,DDBL,38,51,50,838.00,"41,900.00"
2020-08-02,2020080201027541,DDBL,51,32,26,839.00,"21,814.00"
2020-08-02,2020080201027732,EBL,29,59,50,730.00,"36,500.00"
2020-08-02,2020080201027731,EBL,29,58,50,730.00,"36,500.00"
2020-08-02,2020080201027676,EBL,36,58,25,730.00,"18,250.00"
2020-08-02,2020080201027675,EBL,41,58,30,730.00,"21,900.00"
2020-08-02,2020080201027674,EBL,45,58,61,730.00,"44,530.00"
2020-08-02,2020080201027481,EBL,45,53,50,730.00,"36,500.00"
2020-08-02,2020080201027399,EBL,45,51,39,730.00,"28,470.00"
2020-08-02,2020080201027778,EIC,33,49,10,396.00,"3,960.00"
2020-08-02,2020080201027555,EIC,19,14,100,394.00,"39,400.00"
2020-08-02,2020080201027705,FMDBL,34,29,116,512.00,"59,392.00"
2020-08-02,2020080201027581,FMDBL,36,1,10,516.00,"5,160.00"
2020-08-02,2020080201027762,GBBL,22,14,100,231.00,"23,100.00"
2020-08-02,2020080201027761,GBBL,22,49,196,231.00,"45,276.00"
2020-08-02,2020080201027795,GBIME,45,33,168,250.00,"42,000.00"
2020-08-02,2020080201027794,GBIME,42,33,50,250.00,"12,500.00"
2020-08-02,2020080201027793,GBIME,55,33,20,250.00,"5,000.00"
2020-08-02,2020080201027792,GBIME,13,33,200,250.00,"50,000.00"
2020-08-02,2020080201027791,GBIME,54,33,498,250.00,"124,500.00"
2020-08-02,2020080201027629,GBIME,54,58,415,250.00,"103,750.00"
2020-08-02,2020080201027420,GBIME,45,52,248,250.00,"62,000.00"
2020-08-02,2020080201027567,GBIME,43,33,25,251.00,"6,275.00"
2020-08-02,2020080201027554,GBIME,54,19,87,250.00,"21,750.00"
2020-08-02,2020080201027553,GBIME,47,19,100,250.00,"25,000.00"
2020-08-02,2020080201027552,GBIME,26,19,100,250.00,"25,000.00"
2020-08-02,2020080201027551,GBIME,45,19,184,250.00,"46,000.00"
2020-08-02,2020080201027534,GBIME,45,56,400,250.00,"100,000.00"
2020-08-02,2020080201027671,GBLBS,22,34,390,478.00,"186,420.00"
2020-08-02,2020080201027536,GBLBS,26,58,15,475.00,"7,125.00"
2020-08-02,2020080201027449,GBLBS,46,34,100,478.00,"47,800.00"
2020-08-02,2020080201027810,GGBSL,38,38,10,815.00,"8,150.00"
2020-08-02,2020080201027609,GGBSL,38,38,10,810.00,"8,100.00"
2020-08-02,2020080201027654,GILB,13,39,11,"1,210.00","13,310.00"
2020-08-02,2020080201027477,GILB,49,55,10,"1,200.00","12,000.00"
2020-08-02,2020080201027780,GLBSL,43,46,20,861.00,"17,220.00"
2020-08-02,2020080201027707,GLICL,25,50,100,454.00,"45,400.00"
2020-08-02,2020080201027396,GLICL,59,57,100,455.00,"45,500.00"
2020-08-02,2020080201027395,GLICL,53,57,50,455.00,"22,750.00"
2020-08-02,2020080201027461,GMFBS,50,52,13,776.00,"10,088.00"
2020-08-02,2020080201027475,GRDBL,42,40,250,107.00,"26,750.00"
2020-08-02,2020080201027474,GRDBL,49,40,200,107.00,"21,400.00"
2020-08-02,2020080201027473,GRDBL,25,40,300,107.00,"32,100.00"
2020-08-02,2020080201027472,GRDBL,36,40,200,107.00,"21,400.00"
2020-08-02,2020080201027471,GRDBL,14,40,50,107.00,"5,350.00"
2020-08-02,2020080201027716,GUFL,26,32,10,118.00,"1,180.00"
2020-08-02,2020080201027766,HBL,43,6,100,547.00,"54,700.00"
2020-08-02,2020080201027765,HBL,6,6,66,551.00,"36,366.00"
2020-08-02,2020080201027728,HBL,6,42,50,551.00,"27,550.00"
2020-08-02,2020080201027649,HBL,6,34,250,550.00,"137,500.00"
2020-08-02,2020080201027531,HBL,35,34,50,550.00,"27,500.00"
2020-08-02,2020080201027789,HDHPC,39,38,20,97.00,"1,940.00"
2020-08-02,2020080201027695,HDHPC,39,51,50,96.00,"4,800.00"
2020-08-02,2020080201027694,HDHPC,39,56,20,96.00,"1,920.00"
2020-08-02,2020080201027693,HDHPC,39,48,20,96.00,"1,920.00"
2020-08-02,2020080201027692,HDHPC,39,58,10,96.00,960.00
2020-08-02,2020080201027691,HDHPC,39,48,150,96.00,"14,400.00"
2020-08-02,2020080201027500,HDHPC,39,28,30,94.00,"2,820.00"
2020-08-02,2020080201027499,HDHPC,39,14,100,94.00,"9,400.00"
2020-08-02,2020080201027498,HDHPC,39,51,10,94.00,940.00
2020-08-02,2020080201027497,HDHPC,39,45,500,94.00,"47,000.00"
2020-08-02,2020080201027496,HDHPC,39,51,50,94.00,"4,700.00"
2020-08-02,2020080201027495,HDHPC,39,36,90,94.00,"8,460.00"
2020-08-02,2020080201027506,HDHPC,39,28,30,94.00,"2,820.00"
2020-08-02,2020080201027505,HDHPC,39,28,30,94.00,"2,820.00"
2020-08-02,2020080201027504,HDHPC,39,28,10,94.00,940.00
2020-08-02,2020080201027503,HDHPC,39,42,50,94.00,"4,700.00"
2020-08-02,2020080201027502,HDHPC,39,28,30,94.00,"2,820.00"
2020-08-02,2020080201027501,HDHPC,39,28,30,94.00,"2,820.00"
2020-08-02,2020080201027617,HDHPC,39,55,50,95.00,"4,750.00"
2020-08-02,2020080201027616,HDHPC,39,56,10,95.00,950.00
2020-08-02,2020080201027615,HDHPC,39,26,90,95.00,"8,550.00"
2020-08-02,2020080201027614,HDHPC,39,56,60,95.00,"5,700.00"
2020-08-02,2020080201027508,HDHPC,39,26,"1,050",94.00,"98,700.00"
2020-08-02,2020080201027507,HDHPC,39,54,50,94.00,"4,700.00"
2020-08-02,2020080201027623,HDHPC,39,55,50,95.00,"4,750.00"
2020-08-02,2020080201027622,HDHPC,39,55,50,95.00,"4,750.00"
2020-08-02,2020080201027621,HDHPC,39,36,10,95.00,950.00
2020-08-02,2020080201027620,HDHPC,39,55,50,95.00,"4,750.00"
2020-08-02,2020080201027619,HDHPC,39,55,50,95.00,"4,750.00"
2020-08-02,2020080201027618,HDHPC,39,55,50,95.00,"4,750.00"
2020-08-02,2020080201027690,HDHPC,39,56,50,96.00,"4,800.00"
2020-08-02,2020080201027689,HDHPC,39,36,240,96.00,"23,040.00"
2020-08-02,2020080201027688,HDHPC,39,10,20,96.00,"1,920.00"
2020-08-02,2020080201027626,HDHPC,39,37,500,95.00,"47,500.00"
2020-08-02,2020080201027625,HDHPC,39,58,100,95.00,"9,500.00"
2020-08-02,2020080201027624,HDHPC,39,36,10,95.00,950.00
2020-08-02,2020080201027656,HDL,28,14,100,"1,646.00","164,600.00"
2020-08-02,2020080201027645,HDL,28,36,147,"1,640.00","241,080.00"
2020-08-02,2020080201027644,HDL,49,36,20,"1,640.00","32,800.00"
2020-08-02,2020080201027643,HDL,1,36,15,"1,641.00","24,615.00"
2020-08-02,2020080201027642,HDL,42,36,50,"1,641.00","82,050.00"
2020-08-02,2020080201027641,HDL,8,36,11,"1,641.00","18,051.00"
2020-08-02,2020080201027405,HDL,45,29,25,"1,644.00","41,100.00"
2020-08-02,2020080201027380,HDL,41,5,20,"1,645.00","32,900.00"
2020-08-02,2020080201027368,HDL,45,35,75,"1,644.00","123,300.00"
2020-08-02,2020080201027571,HDL,22,14,50,"1,646.00","82,300.00"
2020-08-02,2020080201027564,HDL,5,35,50,"1,645.00","82,250.00"
2020-08-02,2020080201027514,HDL,28,14,65,"1,646.00","106,990.00"
2020-08-02,2020080201027513,HDL,28,38,35,"1,646.00","57,610.00"
2020-08-02,2020080201027422,HDL,58,5,80,"1,645.00","131,600.00"
2020-08-02,2020080201027406,HDL,14,29,20,"1,644.00","32,880.00"
2020-08-02,2020080201027640,HDL,32,36,10,"1,641.00","16,410.00"
2020-08-02,2020080201027639,HDL,32,36,57,"1,642.00","93,594.00"
2020-08-02,2020080201027638,HDL,42,36,100,"1,643.00","164,300.00"
2020-08-02,2020080201027637,HDL,56,36,100,"1,645.00","164,500.00"
2020-08-02,2020080201027636,HDL,5,36,50,"1,645.00","82,250.00"
2020-08-02,2020080201027635,HDL,16,36,100,"1,645.00","164,500.00"
2020-08-02,2020080201027563,HGI,45,33,31,395.00,"12,245.00"
2020-08-02,2020080201027562,HGI,57,33,60,395.00,"23,700.00"
2020-08-02,2020080201027561,HGI,45,33,100,396.00,"39,600.00"
2020-08-02,2020080201027560,HGI,52,33,29,396.00,"11,484.00"
2020-08-02,2020080201027559,HGI,20,33,100,398.00,"39,800.00"
2020-08-02,2020080201027558,HGI,34,33,50,399.00,"19,950.00"
2020-08-02,2020080201027412,HGI,34,33,450,399.00,"179,550.00"
2020-08-02,2020080201027411,HGI,17,33,50,399.00,"19,950.00"
2020-08-02,2020080201027460,HIDCL,57,58,14,129.00,"1,806.00"
2020-08-02,2020080201027714,HURJA,22,58,20,94.00,"1,880.00"
2020-08-02,2020080201027577,JBBL,1,53,100,172.00,"17,200.00"
2020-08-02,2020080201027516,JBBL,17,36,200,171.00,"34,200.00"
2020-08-02,2020080201027478,JBBL,17,39,100,171.00,"17,100.00"
2020-08-02,2020080201027809,JSLBB,34,49,50,"1,395.00","69,750.00"
2020-08-02,2020080201027808,JSLBB,16,49,10,"1,397.00","13,970.00"
2020-08-02,2020080201027557,JSLBB,32,49,20,"1,399.00","27,980.00"
2020-08-02,2020080201027540,JSLBB,17,49,10,"1,399.00","13,990.00"
2020-08-02,2020080201027539,JSLBB,54,49,10,"1,399.00","13,990.00"
2020-08-02,2020080201027419,JSLBB,6,21,20,"1,400.00","28,000.00"
2020-08-02,2020080201027788,KBL,52,50,500,191.00,"95,500.00"
2020-08-02,2020080201027773,KBL,55,29,13,190.00,"2,470.00"
2020-08-02,2020080201027772,KBL,6,29,200,190.00,"38,000.00"
2020-08-02,2020080201027771,KBL,20,29,100,190.00,"19,000.00"
2020-08-02,2020080201027770,KBL,28,29,500,190.00,"95,000.00"
2020-08-02,2020080201027769,KBL,51,29,50,190.00,"9,500.00"
2020-08-02,2020080201027768,KBL,45,29,250,190.00,"47,500.00"
2020-08-02,2020080201027767,KBL,28,29,187,190.00,"35,530.00"
2020-08-02,2020080201027441,KBL,28,8,273,190.00,"51,870.00"
2020-08-02,2020080201027466,KKHC,40,41,200,51.00,"10,200.00"
2020-08-02,2020080201027465,KKHC,13,41,62,52.00,"3,224.00"
2020-08-02,2020080201027628,KPCL,36,28,10,105.00,"1,050.00"
2020-08-02,2020080201027665,KSBBL,13,45,10,152.00,"1,520.00"
2020-08-02,2020080201027568,LBBL,44,8,"1,450",189.00,"274,050.00"
2020-08-02,2020080201027384,LBBL,44,8,50,189.00,"9,450.00"
2020-08-02,2020080201027685,LBL,34,49,20,232.00,"4,640.00"
2020-08-02,2020080201027684,LBL,34,17,80,232.00,"18,560.00"
2020-08-02,2020080201027523,LBL,58,38,15,231.00,"3,465.00"
2020-08-02,2020080201027607,LGIL,17,29,100,440.00,"44,000.00"
2020-08-02,2020080201027758,LICN,33,19,117,"1,411.00","165,087.00"
2020-08-02,2020080201027535,LICN,33,50,250,"1,411.00","352,750.00"
2020-08-02,2020080201027402,LICN,33,14,50,"1,411.00","70,550.00"
2020-08-02,2020080201027370,LICN,33,5,34,"1,411.00","47,974.00"
2020-08-02,2020080201027805,MDB,22,4,273,320.00,"87,360.00"
2020-08-02,2020080201027804,MDB,47,4,25,320.00,"8,000.00"
2020-08-02,2020080201027803,MDB,21,4,30,324.00,"9,720.00"
2020-08-02,2020080201027683,MERO,7,10,79,635.00,"50,165.00"
2020-08-02,2020080201027735,MMFDB,53,40,10,985.00,"9,850.00"
2020-08-02,2020080201027779,MNBBL,4,28,60,320.00,"19,200.00"
2020-08-02,2020080201027672,MNBBL,48,57,"1,500",321.00,"481,500.00"
2020-08-02,2020080201027566,MNBBL,29,57,100,321.00,"32,100.00"
2020-08-02,2020080201027517,MNBBL,40,57,100,321.00,"32,100.00"
2020-08-02,2020080201027590,NABIL,13,3,100,820.00,"82,000.00"
2020-08-02,2020080201027589,NABIL,41,3,10,820.00,"8,200.00"
2020-08-02,2020080201027588,NABIL,48,3,250,820.00,"205,000.00"
2020-08-02,2020080201027587,NABIL,38,3,20,820.00,"16,400.00"
2020-08-02,2020080201027586,NABIL,35,3,50,820.00,"41,000.00"
2020-08-02,2020080201027585,NABIL,6,3,10,820.00,"8,200.00"
2020-08-02,2020080201027417,NABIL,58,42,30,822.00,"24,660.00"
2020-08-02,2020080201027391,NABIL,44,42,20,822.00,"16,440.00"
2020-08-02,2020080201027584,NABIL,14,3,50,821.00,"41,050.00"
2020-08-02,2020080201027583,NABIL,48,3,50,821.00,"41,050.00"
2020-08-02,2020080201027526,NABIL,18,5,18,822.00,"14,796.00"
2020-08-02,2020080201027525,NABIL,18,42,11,822.00,"9,042.00"
2020-08-02,2020080201027424,NABIL,48,5,50,821.00,"41,050.00"
2020-08-02,2020080201027423,NABIL,28,5,20,821.00,"16,420.00"
2020-08-02,2020080201027432,NADEP,50,57,10,631.00,"6,310.00"
2020-08-02,2020080201027650,NBB,45,34,500,201.00,"100,500.00"
2020-08-02,2020080201027467,NBF2,49,42,"5,000",9.37,"46,850.00"
2020-08-02,2020080201027726,NBL,58,14,43,250.00,"10,750.00"
2020-08-02,2020080201027578,NBL,59,14,100,250.00,"25,000.00"
2020-08-02,2020080201027464,NBL,43,14,25,250.00,"6,250.00"
2020-08-02,2020080201027806,NCCB,33,50,110,194.00,"21,340.00"
2020-08-02,2020080201027678,NCCB,34,52,100,193.00,"19,300.00"
2020-08-02,2020080201027613,NCCB,45,35,249,192.00,"47,808.00"
2020-08-02,2020080201027612,NCCB,40,35,"1,000",192.00,"192,000.00"
2020-08-02,2020080201027611,NCCB,55,35,20,192.00,"3,840.00"
2020-08-02,2020080201027610,NCCB,28,35,31,192.00,"5,952.00"
2020-08-02,2020080201027426,NCCB,44,50,10,194.00,"1,940.00"
2020-08-02,2020080201027425,NCCB,44,39,500,193.00,"96,500.00"
2020-08-02,2020080201027409,NCCB,28,46,130,192.00,"24,960.00"
2020-08-02,2020080201027408,NCCB,34,46,40,193.00,"7,720.00"
2020-08-02,2020080201027407,NCCB,36,46,30,193.00,"5,790.00"
2020-08-02,2020080201027361,NGPL,34,35,17,115.00,"1,955.00"
2020-08-02,2020080201027727,NIB,38,52,257,451.00,"115,907.00"
2020-08-02,2020080201027470,NIB,38,36,652,451.00,"294,052.00"
2020-08-02,2020080201027433,NIB,13,36,100,451.00,"45,100.00"
2020-08-02,2020080201027416,NIB,33,36,50,451.00,"22,550.00"
2020-08-02,2020080201027737,NIBSF1,49,13,"15,000",9.91,"148,650.00"
2020-08-02,2020080201027802,NICA,53,40,100,552.00,"55,200.00"
2020-08-02,2020080201027801,NICA,33,40,100,552.00,"55,200.00"
2020-08-02,2020080201027800,NICA,33,40,100,552.00,"55,200.00"
2020-08-02,2020080201027799,NICA,52,40,20,552.00,"11,040.00"
2020-08-02,2020080201027798,NICA,33,40,50,552.00,"27,600.00"
2020-08-02,2020080201027797,NICA,28,40,475,552.00,"262,200.00"
2020-08-02,2020080201027388,NICA,56,14,75,554.00,"41,550.00"
2020-08-02,2020080201027387,NICA,56,40,25,554.00,"13,850.00"
2020-08-02,2020080201027362,NICA,33,40,50,554.00,"27,700.00"
2020-08-02,2020080201027796,NICA,48,40,100,553.00,"55,300.00"
2020-08-02,2020080201027664,NICA,28,22,25,552.00,"13,800.00"
2020-08-02,2020080201027663,NICA,33,22,50,552.00,"27,600.00"
2020-08-02,2020080201027662,NICA,41,22,25,553.00,"13,825.00"
2020-08-02,2020080201027435,NICA,41,14,75,553.00,"41,475.00"
2020-08-02,2020080201027434,NICA,8,14,50,553.00,"27,650.00"
2020-08-02,2020080201027582,NICL,11,16,100,438.00,"43,800.00"
2020-08-02,2020080201027811,NICLBSL,6,38,10,787.00,"7,870.00"
2020-08-02,2020080201027786,NICLBSL,49,58,10,786.00,"7,860.00"
2020-08-02,2020080201027783,NICLBSL,11,38,50,787.00,"39,350.00"
2020-08-02,2020080201027748,NICLBSL,49,35,10,786.00,"7,860.00"
2020-08-02,2020080201027660,NICLBSL,34,38,100,787.00,"78,700.00"
2020-08-02,2020080201027634,NICLBSL,57,58,10,785.00,"7,850.00"
2020-08-02,2020080201027385,NICLBSL,49,25,40,785.00,"31,400.00"
2020-08-02,2020080201027377,NICLBSL,51,29,10,784.00,"7,840.00"
2020-08-02,2020080201027524,NICLBSL,57,28,10,785.00,"7,850.00"
2020-08-02,2020080201027512,NICLBSL,57,58,20,785.00,"15,700.00"
2020-08-02,2020080201027404,NICLBSL,51,48,10,784.00,"7,840.00"
2020-08-02,2020080201027392,NICLBSL,51,41,10,784.00,"7,840.00"
2020-08-02,2020080201027389,NICLBSL,51,58,10,784.00,"7,840.00"
2020-08-02,2020080201027386,NICLBSL,49,48,10,785.00,"7,850.00"
2020-08-02,2020080201027704,NIL,5,46,10,618.00,"6,180.00"
2020-08-02,2020080201027703,NIL,20,46,90,618.00,"55,620.00"
2020-08-02,2020080201027702,NIL,8,46,200,618.00,"123,600.00"
2020-08-02,2020080201027701,NIL,43,46,10,618.00,"6,180.00"
2020-08-02,2020080201027700,NIL,26,46,50,618.00,"30,900.00"
2020-08-02,2020080201027699,NIL,6,46,100,619.00,"61,900.00"
2020-08-02,2020080201027527,NLG,25,35,10,632.00,"6,320.00"
2020-08-02,2020080201027378,NLG,49,35,100,627.00,"62,700.00"
2020-08-02,2020080201027719,NLIC,57,39,100,"1,323.00","132,300.00"
2020-08-02,2020080201027718,NLIC,46,39,100,"1,324.00","132,400.00"
2020-08-02,2020080201027631,NLIC,8,19,42,"1,324.00","55,608.00"
2020-08-02,2020080201027572,NLIC,45,33,75,"1,327.00","99,525.00"
2020-08-02,2020080201027556,NLIC,47,42,10,"1,325.00","13,250.00"
2020-08-02,2020080201027463,NLIC,46,42,30,"1,325.00","39,750.00"
2020-08-02,2020080201027383,NLIC,8,51,58,"1,324.00","76,792.00"
2020-08-02,2020080201027382,NLIC,29,51,42,"1,325.00","55,650.00"
2020-08-02,2020080201027379,NLIC,29,6,70,"1,325.00","92,750.00"
2020-08-02,2020080201027777,NLICL,4,33,107,663.00,"70,941.00"
2020-08-02,2020080201027776,NLICL,47,33,68,663.00,"45,084.00"
2020-08-02,2020080201027775,NLICL,10,33,325,664.00,"215,800.00"
2020-08-02,2020080201027670,NLICL,25,3,10,669.00,"6,690.00"
2020-08-02,2020080201027602,NLICL,10,1,175,664.00,"116,200.00"
2020-08-02,2020080201027601,NLICL,1,1,20,664.00,"13,280.00"
2020-08-02,2020080201027414,NLICL,32,3,25,669.00,"16,725.00"
2020-08-02,2020080201027600,NLICL,56,1,100,664.00,"66,400.00"
2020-08-02,2020080201027599,NLICL,4,1,50,664.00,"33,200.00"
2020-08-02,2020080201027598,NLICL,51,1,10,665.00,"6,650.00"
2020-08-02,2020080201027597,NLICL,14,1,70,665.00,"46,550.00"
2020-08-02,2020080201027596,NLICL,35,1,125,665.00,"83,125.00"
2020-08-02,2020080201027518,NLICL,54,55,50,666.00,"33,300.00"
2020-08-02,2020080201027760,NMB,35,54,34,415.00,"14,110.00"
2020-08-02,2020080201027759,NMB,35,50,118,415.00,"48,970.00"
2020-08-02,2020080201027651,NMB,21,58,30,414.00,"12,420.00"
2020-08-02,2020080201027606,NMB,19,58,50,414.00,"20,700.00"
2020-08-02,2020080201027605,NMB,8,32,500,413.00,"206,500.00"
2020-08-02,2020080201027565,NMB,55,58,420,414.00,"173,880.00"
2020-08-02,2020080201027550,NMB,55,32,80,414.00,"33,120.00"
2020-08-02,2020080201027549,NMB,45,32,100,414.00,"41,400.00"
2020-08-02,2020080201027453,NMB,4,50,50,415.00,"20,750.00"
2020-08-02,2020080201027451,NMB,8,34,200,413.00,"82,600.00"
2020-08-02,2020080201027450,NMB,8,34,100,414.00,"41,400.00"
2020-08-02,2020080201027430,NMB,29,50,100,415.00,"41,500.00"
2020-08-02,2020080201027673,NMBMF,45,57,50,733.00,"36,650.00"
2020-08-02,2020080201027410,NMBMF,33,7,10,742.00,"7,420.00"
2020-08-02,2020080201027807,NRIC,44,1,20,586.00,"11,720.00"
2020-08-02,2020080201027782,NRIC,38,28,10,585.00,"5,850.00"
2020-08-02,2020080201027717,NRIC,38,58,250,585.00,"146,250.00"
2020-08-02,2020080201027698,NRIC,33,1,400,586.00,"234,400.00"
2020-08-02,2020080201027697,NRIC,33,36,50,586.00,"29,300.00"
2020-08-02,2020080201027696,NRIC,33,57,50,586.00,"29,300.00"
2020-08-02,2020080201027413,NRIC,33,29,250,584.00,"146,000.00"
2020-08-02,2020080201027394,NRIC,50,57,170,585.00,"99,450.00"
2020-08-02,2020080201027393,NRIC,50,28,30,585.00,"17,550.00"
2020-08-02,2020080201027366,NRIC,33,43,200,584.00,"116,800.00"
2020-08-02,2020080201027542,NRIC,33,39,30,584.00,"17,520.00"
2020-08-02,2020080201027452,NRIC,33,51,40,584.00,"23,360.00"
2020-08-02,2020080201027447,NRIC,33,28,50,584.00,"29,200.00"
2020-08-02,2020080201027421,NRIC,55,57,100,585.00,"58,500.00"
2020-08-02,2020080201027418,NRIC,33,44,40,584.00,"23,360.00"
2020-08-02,2020080201027415,NRIC,33,29,200,584.00,"116,800.00"
2020-08-02,2020080201027574,NRIC,21,57,10,585.00,"5,850.00"
2020-08-02,2020080201027547,NRIC,34,39,10,584.00,"5,840.00"
2020-08-02,2020080201027546,NRIC,56,39,50,584.00,"29,200.00"
2020-08-02,2020080201027545,NRIC,40,39,50,584.00,"29,200.00"
2020-08-02,2020080201027544,NRIC,42,39,50,584.00,"29,200.00"
2020-08-02,2020080201027543,NRIC,45,39,10,584.00,"5,840.00"
2020-08-02,2020080201027686,NRIC,38,35,50,585.00,"29,250.00"
2020-08-02,2020080201027655,NRIC,34,57,30,586.00,"17,580.00"
2020-08-02,2020080201027633,NRIC,38,46,10,585.00,"5,850.00"
2020-08-02,2020080201027579,NRIC,38,32,160,585.00,"93,600.00"
2020-08-02,2020080201027576,NRIC,21,32,50,585.00,"29,250.00"
2020-08-02,2020080201027575,NRIC,21,38,40,585.00,"23,400.00"
2020-08-02,2020080201027537,NUBL,53,32,700,986.00,"690,200.00"
2020-08-02,2020080201027774,PCBL,41,58,197,268.00,"52,796.00"
2020-08-02,2020080201027548,PCBL,1,36,50,269.00,"13,450.00"
2020-08-02,2020080201027365,PCBL,52,36,400,269.00,"107,600.00"
2020-08-02,2020080201027364,PCBL,41,43,50,268.00,"13,400.00"
2020-08-02,2020080201027363,PCBL,34,43,50,268.00,"13,400.00"
2020-08-02,2020080201027659,PICL,58,17,100,440.00,"44,000.00"
2020-08-02,2020080201027658,PICL,26,17,150,441.00,"66,150.00"
2020-08-02,2020080201027657,PICL,46,17,50,441.00,"22,050.00"
2020-08-02,2020080201027533,PICL,35,56,100,442.00,"44,200.00"
2020-08-02,2020080201027532,PICL,35,6,100,442.00,"44,200.00"
2020-08-02,2020080201027446,PLIC,39,6,92,538.00,"49,496.00"
2020-08-02,2020080201027445,PLIC,33,6,200,538.00,"107,600.00"
2020-08-02,2020080201027444,PLIC,50,6,50,538.00,"26,900.00"
2020-08-02,2020080201027443,PLIC,21,6,50,538.00,"26,900.00"
2020-08-02,2020080201027442,PLIC,39,6,64,547.00,"35,008.00"
2020-08-02,2020080201027390,PPCL,32,35,20,118.00,"2,360.00"
2020-08-02,2020080201027730,PRIN,44,56,64,479.00,"30,656.00"
2020-08-02,2020080201027713,PRIN,14,57,58,470.00,"27,260.00"
2020-08-02,2020080201027712,PRIN,40,57,15,470.00,"7,050.00"
2020-08-02,2020080201027653,PRIN,49,56,10,479.00,"4,790.00"
2020-08-02,2020080201027469,PRIN,50,58,200,477.00,"95,400.00"
2020-08-02,2020080201027756,PRVU,52,6,293,235.00,"68,855.00"
2020-08-02,2020080201027755,PRVU,44,6,36,235.00,"8,460.00"
2020-08-02,2020080201027754,PRVU,50,6,50,235.00,"11,750.00"
2020-08-02,2020080201027753,PRVU,45,6,22,235.00,"5,170.00"
2020-08-02,2020080201027752,PRVU,56,6,500,235.00,"117,500.00"
2020-08-02,2020080201027751,PRVU,6,6,100,235.00,"23,500.00"
2020-08-02,2020080201027750,PRVU,48,6,50,235.00,"11,750.00"
2020-08-02,2020080201027749,PRVU,38,6,195,235.00,"45,825.00"
2020-08-02,2020080201027627,PRVU,42,6,200,236.00,"47,200.00"
2020-08-02,2020080201027594,PRVU,51,6,20,236.00,"4,720.00"
2020-08-02,2020080201027538,PRVU,25,6,50,236.00,"11,800.00"
2020-08-02,2020080201027652,RHPL,49,59,40,143.00,"5,720.00"
2020-08-02,2020080201027448,RHPL,49,35,40,143.00,"5,720.00"
2020-08-02,2020080201027790,RSDC,59,36,12,476.00,"5,712.00"
2020-08-02,2020080201027476,RSDC,44,36,10,476.00,"4,760.00"
2020-08-02,2020080201027369,SABSL,19,13,10,741.00,"7,410.00"
2020-08-02,2020080201027724,SCB,54,42,50,657.00,"32,850.00"
2020-08-02,2020080201027723,SCB,45,42,50,657.00,"32,850.00"
2020-08-02,2020080201027722,SCB,46,42,20,657.00,"13,140.00"
2020-08-02,2020080201027721,SCB,52,42,20,657.00,"13,140.00"
2020-08-02,2020080201027720,SCB,46,42,70,657.00,"45,990.00"
2020-08-02,2020080201027573,SCB,46,45,400,657.00,"262,800.00"
2020-08-02,2020080201027371,SCB,46,34,45,657.00,"29,565.00"
2020-08-02,2020080201027428,SEF,57,44,"2,000",9.70,"19,400.00"
2020-08-02,2020080201027479,SHINE,21,35,10,235.00,"2,350.00"
2020-08-02,2020080201027725,SHIVM,35,13,500,579.00,"289,500.00"
2020-08-02,2020080201027608,SHIVM,52,4,150,580.00,"87,000.00"
2020-08-02,2020080201027454,SHIVM,29,4,200,580.00,"116,000.00"
2020-08-02,2020080201027429,SHPC,28,35,105,220.00,"23,100.00"
2020-08-02,2020080201027687,SIC,38,58,75,726.00,"54,450.00"
2020-08-02,2020080201027604,SIC,14,21,20,730.00,"14,600.00"
2020-08-02,2020080201027494,SIC,38,58,307,726.00,"222,882.00"
2020-08-02,2020080201027785,SICL,55,38,100,"1,205.00","120,500.00"
2020-08-02,2020080201027784,SICL,55,51,300,"1,205.00","361,500.00"
2020-08-02,2020080201027632,SICL,38,50,30,"1,203.00","36,090.00"
2020-08-02,2020080201027591,SICL,52,11,50,"1,201.00","60,050.00"
2020-08-02,2020080201027603,SIL,58,35,200,585.00,"117,000.00"
2020-08-02,2020080201027595,SIL,58,45,200,585.00,"117,000.00"
2020-08-02,2020080201027427,SIL,58,45,290,585.00,"169,650.00"
2020-08-02,2020080201027763,SINDU,51,26,10,129.00,"1,290.00"
2020-08-02,2020080201027480,SJCL,11,35,20,133.00,"2,660.00"
2020-08-02,2020080201027734,SKBBL,55,5,39,"1,215.00","47,385.00"
2020-08-02,2020080201027733,SKBBL,49,5,50,"1,216.00","60,800.00"
2020-08-02,2020080201027677,SLBBL,46,45,14,805.00,"11,270.00"
2020-08-02,2020080201027459,SLBBL,49,45,50,790.00,"39,500.00"
2020-08-02,2020080201027458,SLBBL,32,45,25,790.00,"19,750.00"
2020-08-02,2020080201027457,SLBBL,42,45,50,790.00,"39,500.00"
2020-08-02,2020080201027456,SLBBL,45,45,26,790.00,"20,540.00"
2020-08-02,2020080201027455,SLBBL,13,45,25,791.00,"19,775.00"
2020-08-02,2020080201027715,SLBS,13,21,78,953.00,"74,334.00"
2020-08-02,2020080201027381,SLBS,7,21,50,953.00,"47,650.00"
2020-08-02,2020080201027661,SLICL,11,49,100,430.00,"43,000.00"
2020-08-02,2020080201027510,SLICL,52,49,50,430.00,"21,500.00"
2020-08-02,2020080201027509,SLICL,25,49,22,430.00,"9,460.00"
2020-08-02,2020080201027630,SPDL,34,7,500,97.00,"48,500.00"
2020-08-02,2020080201027493,SPDL,34,7,200,97.00,"19,400.00"
2020-08-02,2020080201027492,SPDL,29,7,300,97.00,"29,100.00"
2020-08-02,2020080201027491,SPDL,47,7,500,97.00,"48,500.00"
2020-08-02,2020080201027490,SPDL,32,7,500,97.00,"48,500.00"
2020-08-02,2020080201027489,SPDL,47,7,500,97.00,"48,500.00"
2020-08-02,2020080201027440,SPDL,53,7,100,98.00,"9,800.00"
2020-08-02,2020080201027439,SPDL,29,7,300,98.00,"29,400.00"
2020-08-02,2020080201027438,SPDL,45,7,"1,000",98.00,"98,000.00"
2020-08-02,2020080201027437,SPDL,6,7,"1,000",98.00,"98,000.00"
2020-08-02,2020080201027436,SPDL,48,7,410,98.00,"40,180.00"
2020-08-02,2020080201027528,SWBBL,18,57,300,"1,170.00","351,000.00"
2020-08-02,2020080201027781,TRH,35,29,10,216.00,"2,160.00"
2020-08-02,2020080201027669,TRH,52,34,144,212.00,"30,528.00"
2020-08-02,2020080201027668,TRH,49,34,200,212.00,"42,400.00"
2020-08-02,2020080201027667,TRH,59,34,100,212.00,"21,200.00"
2020-08-02,2020080201027666,TRH,45,34,74,212.00,"15,688.00"
2020-08-02,2020080201027403,UIC,22,45,10,363.00,"3,630.00"
2020-08-02,2020080201027376,UPCL,19,55,50,72.00,"3,600.00"
2020-08-02,2020080201027375,UPCL,19,55,50,72.00,"3,600.00"
2020-08-02,2020080201027648,UPPER,45,32,10,228.00,"2,280.00"
2020-08-02,2020080201027647,UPPER,45,32,50,228.00,"11,400.00"
2020-08-02,2020080201027646,UPPER,45,34,40,228.00,"9,120.00"
2020-08-02,2020080201027747,WOMI,38,34,30,899.00,"26,970.00"
2020-08-02,2020080201027350,ADBL,25,58,200,406.00,"81,200.00"
2020-08-02,2020080201027237,ADBL,14,58,500,406.00,"203,000.00"
2020-08-02,2020080201027199,ADBL,45,58,100,406.00,"40,600.00"
2020-08-02,2020080201027186,ADBL,25,58,50,406.00,"20,300.00"
2020-08-02,2020080201027185,ADBL,25,58,500,406.00,"203,000.00"
2020-08-02,2020080201027178,ADBL,42,58,50,408.00,"20,400.00"
2020-08-02,2020080201027177,ADBL,28,58,129,408.00,"52,632.00"
2020-08-02,2020080201026920,ADBL,25,58,338,409.00,"138,242.00"
2020-08-02,2020080201027184,ADBL,45,58,100,407.00,"40,700.00"
2020-08-02,2020080201027183,ADBL,49,58,100,407.00,"40,700.00"
2020-08-02,2020080201027182,ADBL,49,58,100,407.00,"40,700.00"
2020-08-02,2020080201027181,ADBL,25,58,100,407.00,"40,700.00"
2020-08-02,2020080201027180,ADBL,14,58,30,407.00,"12,210.00"
2020-08-02,2020080201027179,ADBL,17,58,25,408.00,"10,200.00"
2020-08-02,2020080201027195,AKJCL,33,56,130,62.00,"8,060.00"
2020-08-02,2020080201027194,AKJCL,33,56,10,62.00,620.00
2020-08-02,2020080201027131,AKJCL,33,34,990,62.00,"61,380.00"
2020-08-02,2020080201027130,AKJCL,41,34,10,62.00,620.00
2020-08-02,2020080201026927,AKPL,41,58,20,116.00,"2,320.00"
2020-08-02,2020080201027325,ALBSL,22,22,188,697.00,"131,036.00"
2020-08-02,2020080201027324,ALBSL,22,36,12,693.00,"8,316.00"
2020-08-02,2020080201027202,ALBSL,36,36,50,693.00,"34,650.00"
2020-08-02,2020080201027201,ALBSL,53,36,28,693.00,"19,404.00"
2020-08-02,2020080201027200,ALBSL,47,36,10,694.00,"6,940.00"
2020-08-02,2020080201027024,ALICL,50,6,85,614.00,"52,190.00"
2020-08-02,2020080201027023,ALICL,55,6,200,614.00,"122,800.00"
2020-08-02,2020080201027022,ALICL,35,6,100,614.00,"61,400.00"
2020-08-02,2020080201027021,ALICL,35,6,500,614.00,"307,000.00"
2020-08-02,2020080201027020,ALICL,55,6,100,615.00,"61,500.00"
2020-08-02,2020080201027019,ALICL,14,6,200,615.00,"123,000.00"
2020-08-02,2020080201027018,ALICL,55,6,15,615.00,"9,225.00"
2020-08-02,2020080201027017,ALICL,16,6,300,615.00,"184,500.00"
2020-08-02,2020080201027336,API,29,29,549,107.00,"58,743.00"
2020-08-02,2020080201027335,API,17,29,500,107.00,"53,500.00"
2020-08-02,2020080201027334,API,42,29,500,107.00,"53,500.00"
2020-08-02,2020080201027333,API,35,29,451,107.00,"48,257.00"
2020-08-02,2020080201027002,API,35,50,"1,000",107.00,"107,000.00"
2020-08-02,2020080201026988,API,35,58,17,107.00,"1,819.00"
2020-08-02,2020080201027116,BPCL,39,46,48,351.00,"16,848.00"
2020-08-02,2020080201027360,CBBL,57,57,10,"1,056.00","10,560.00"
2020-08-02,2020080201027270,CBBL,22,50,20,"1,057.00","21,140.00"
2020-08-02,2020080201026961,CBBL,57,50,100,"1,057.00","105,700.00"
2020-08-02,2020080201026960,CBBL,52,50,20,"1,057.00","21,140.00"
2020-08-02,2020080201026959,CBBL,17,50,100,"1,058.00","105,800.00"
2020-08-02,2020080201026940,CBBL,42,32,30,"1,059.00","31,770.00"
2020-08-02,2020080201026939,CBBL,26,32,10,"1,059.00","10,590.00"
2020-08-02,2020080201027158,CBL,32,16,117,146.00,"17,082.00"
2020-08-02,2020080201027157,CBL,32,16,"1,000",146.00,"146,000.00"
2020-08-02,2020080201027156,CBL,32,6,420,146.00,"61,320.00"
2020-08-02,2020080201027155,CBL,32,39,100,145.00,"14,500.00"
2020-08-02,2020080201027154,CBL,32,6,"1,000",145.00,"145,000.00"
2020-08-02,2020080201027153,CBL,32,57,95,145.00,"13,775.00"
2020-08-02,2020080201027152,CBL,32,25,"1,255",145.00,"181,975.00"
2020-08-02,2020080201027151,CBL,32,59,36,145.00,"5,220.00"
2020-08-02,2020080201027070,CBL,32,58,49,144.00,"7,056.00"
2020-08-02,2020080201026958,CBL,32,38,200,144.00,"28,800.00"
2020-08-02,2020080201026884,CBL,32,34,669,144.00,"96,336.00"
2020-08-02,2020080201027272,CHCL,41,51,20,385.00,"7,700.00"
2020-08-02,2020080201026926,CHCL,17,55,520,387.00,"201,240.00"
2020-08-02,2020080201026912,CLBSL,56,40,258,665.00,"171,570.00"
2020-08-02,2020080201026911,CLBSL,55,40,30,665.00,"19,950.00"
2020-08-02,2020080201026910,CLBSL,49,40,10,665.00,"6,650.00"
2020-08-02,2020080201026909,CLBSL,35,40,20,665.00,"13,300.00"
2020-08-02,2020080201026908,CLBSL,58,40,10,665.00,"6,650.00"
2020-08-02,2020080201026907,CLBSL,48,40,50,666.00,"33,300.00"
2020-08-02,2020080201026906,CLBSL,35,40,20,666.00,"13,320.00"
2020-08-02,2020080201026905,CLBSL,35,40,14,666.00,"9,324.00"
2020-08-02,2020080201026904,CLBSL,26,40,10,667.00,"6,670.00"
2020-08-02,2020080201026903,CLBSL,5,40,104,668.00,"69,472.00"
2020-08-02,2020080201026902,CLBSL,49,40,50,669.00,"33,450.00"
2020-08-02,2020080201027337,CZBIL,41,54,40,195.00,"7,800.00"
2020-08-02,2020080201027319,CZBIL,32,56,180,194.00,"34,920.00"
2020-08-02,2020080201027318,CZBIL,45,56,200,194.00,"38,800.00"
2020-08-02,2020080201027317,CZBIL,42,56,120,194.00,"23,280.00"
2020-08-02,2020080201027145,CZBIL,42,58,10,194.00,"1,940.00"
2020-08-02,2020080201027097,CZBIL,42,57,100,194.00,"19,400.00"
2020-08-02,2020080201026872,CZBIL,42,37,100,194.00,"19,400.00"
2020-08-02,2020080201026866,CZBIL,17,54,40,195.00,"7,800.00"
2020-08-02,2020080201026865,CZBIL,17,22,460,195.00,"89,700.00"
2020-08-02,2020080201027245,DDBL,33,45,69,836.00,"57,684.00"
2020-08-02,2020080201027244,DDBL,4,45,100,836.00,"83,600.00"
2020-08-02,2020080201027243,DDBL,47,45,331,836.00,"276,716.00"
2020-08-02,2020080201027356,EBL,45,17,300,730.00,"219,000.00"
2020-08-02,2020080201027311,EBL,45,6,50,730.00,"36,500.00"
2020-08-02,2020080201027310,EBL,34,6,45,730.00,"32,850.00"
2020-08-02,2020080201027309,EBL,44,6,905,730.00,"660,650.00"
2020-08-02,2020080201027265,EBL,44,42,250,730.00,"182,500.00"
2020-08-02,2020080201027096,EBL,44,13,100,730.00,"73,000.00"
2020-08-02,2020080201026963,EBL,44,58,200,730.00,"146,000.00"
2020-08-02,2020080201026950,EBL,44,6,100,730.00,"73,000.00"
2020-08-02,2020080201027269,EIC,41,49,20,393.00,"7,860.00"
2020-08-02,2020080201027331,FMDBL,34,38,184,512.00,"94,208.00"
2020-08-02,2020080201027330,FMDBL,52,38,50,512.00,"25,600.00"
2020-08-02,2020080201027042,FMDBL,57,42,460,511.00,"235,060.00"
2020-08-02,2020080201027348,GBIME,45,57,168,250.00,"42,000.00"
2020-08-02,2020080201027347,GBIME,45,57,500,250.00,"125,000.00"
2020-08-02,2020080201027346,GBIME,10,57,200,250.00,"50,000.00"
2020-08-02,2020080201027345,GBIME,34,57,132,250.00,"33,000.00"
2020-08-02,2020080201027340,GBIME,51,33,30,251.00,"7,530.00"
2020-08-02,2020080201027338,GBIME,58,33,10,251.00,"2,510.00"
2020-08-02,2020080201027268,GBIME,16,33,100,251.00,"25,100.00"
2020-08-02,2020080201027211,GBIME,34,58,149,250.00,"37,250.00"
2020-08-02,2020080201027127,GBIME,29,33,100,251.00,"25,100.00"
2020-08-02,2020080201027016,GBIME,34,19,150,250.00,"37,500.00"
2020-08-02,2020080201026957,GBIME,42,33,250,251.00,"62,750.00"
2020-08-02,2020080201027101,GBLBS,45,34,10,479.00,"4,790.00"
2020-08-02,2020080201026983,GBLBS,45,41,220,479.00,"105,380.00"
2020-08-02,2020080201026919,GBLBS,55,41,10,479.00,"4,790.00"
2020-08-02,2020080201027125,GILB,49,25,35,"1,200.00","42,000.00"
2020-08-02,2020080201027167,GLICL,1,6,100,457.00,"45,700.00"
2020-08-02,2020080201027166,GLICL,1,33,50,457.00,"22,850.00"
2020-08-02,2020080201027290,GMFIL,35,35,10,124.00,"1,240.00"
2020-08-02,2020080201027223,HDHPC,39,28,20,93.00,"1,860.00"
2020-08-02,2020080201027222,HDHPC,39,49,10,92.00,920.00
2020-08-02,2020080201027221,HDHPC,39,51,20,92.00,"1,840.00"
2020-08-02,2020080201027220,HDHPC,39,34,200,92.00,"18,400.00"
2020-08-02,2020080201027219,HDHPC,39,16,10,92.00,920.00
2020-08-02,2020080201027218,HDHPC,39,46,30,92.00,"2,760.00"
2020-08-02,2020080201027217,HDHPC,39,45,150,92.00,"13,800.00"
2020-08-02,2020080201027216,HDHPC,39,6,140,92.00,"12,880.00"
2020-08-02,2020080201026999,HDL,57,25,10,"1,644.00","16,440.00"
2020-08-02,2020080201026998,HDL,57,5,90,"1,644.00","147,960.00"
2020-08-02,2020080201026934,HDL,55,5,50,"1,644.00","82,200.00"
2020-08-02,2020080201026933,HDL,55,29,50,"1,643.00","82,150.00"
2020-08-02,2020080201026938,HGI,1,45,30,400.00,"12,000.00"
2020-08-02,2020080201027254,HURJA,22,35,20,94.00,"1,880.00"
2020-08-02,2020080201026873,IGI,22,56,10,435.00,"4,350.00"
2020-08-02,2020080201027099,ILBS,34,49,11,735.00,"8,085.00"
2020-08-02,2020080201027098,ILBS,34,26,20,734.00,"14,680.00"
2020-08-02,2020080201027108,JBBL,43,53,20,172.00,"3,440.00"
2020-08-02,2020080201026984,JBBL,17,45,12,171.00,"2,052.00"
2020-08-02,2020080201027329,JFL,49,49,20,165.00,"3,300.00"
2020-08-02,2020080201027328,JFL,42,49,50,165.00,"8,250.00"
2020-08-02,2020080201027327,JFL,20,49,30,165.00,"4,950.00"
2020-08-02,2020080201027326,JFL,22,49,10,165.00,"1,650.00"
2020-08-02,2020080201027238,JFL,42,42,50,168.00,"8,400.00"
2020-08-02,2020080201027003,JFL,22,29,120,165.00,"19,800.00"
2020-08-02,2020080201027129,JOSHI,33,6,100,65.00,"6,500.00"
2020-08-02,2020080201027128,JOSHI,49,6,190,65.00,"12,350.00"
2020-08-02,2020080201027007,KBL,33,50,"1,000",191.00,"191,000.00"
2020-08-02,2020080201027303,KMCDB,57,41,10,775.00,"7,750.00"
2020-08-02,2020080201026985,KSBBL,6,58,90,151.00,"13,590.00"
2020-08-02,2020080201027192,LBL,40,34,20,230.00,"4,600.00"
2020-08-02,2020080201026871,LBL,40,38,10,230.00,"2,300.00"
2020-08-02,2020080201027315,LGIL,57,36,70,441.00,"30,870.00"
2020-08-02,2020080201027339,LICN,59,50,250,"1,411.00","352,750.00"
2020-08-02,2020080201027059,MBL,17,36,114,227.00,"25,878.00"
2020-08-02,2020080201027314,MEGA,43,22,10,224.00,"2,240.00"
2020-08-02,2020080201027011,MEGA,58,51,227,223.00,"50,621.00"
2020-08-02,2020080201027010,MEGA,45,51,100,223.00,"22,300.00"
2020-08-02,2020080201027009,MEGA,43,51,50,223.00,"11,150.00"
2020-08-02,2020080201027008,MEGA,58,51,123,223.00,"27,429.00"
2020-08-02,2020080201026956,MEGA,58,39,27,223.00,"6,021.00"
2020-08-02,2020080201026955,MEGA,28,39,273,223.00,"60,879.00"
2020-08-02,2020080201026883,MEGA,28,46,55,223.00,"12,265.00"
2020-08-02,2020080201027313,MERO,7,45,21,635.00,"13,335.00"
2020-08-02,2020080201027187,MERO,32,32,60,630.00,"37,800.00"
2020-08-02,2020080201027262,MFIL,22,26,10,270.00,"2,700.00"
2020-08-02,2020080201027041,MFIL,45,57,435,265.00,"115,275.00"
2020-08-02,2020080201027040,MFIL,33,57,500,265.00,"132,500.00"
2020-08-02,2020080201027039,MFIL,55,57,"1,000",266.00,"266,000.00"
2020-08-02,2020080201027038,MFIL,19,57,500,266.00,"133,000.00"
2020-08-02,2020080201027037,MFIL,47,57,50,267.00,"13,350.00"
2020-08-02,2020080201027036,MFIL,19,57,500,267.00,"133,500.00"
2020-08-02,2020080201027035,MFIL,34,57,15,268.00,"4,020.00"
2020-08-02,2020080201027026,MFIL,34,6,85,268.00,"22,780.00"
2020-08-02,2020080201027025,MFIL,19,6,200,268.00,"53,600.00"
2020-08-02,2020080201026861,MFIL,19,11,50,268.00,"13,400.00"
2020-08-02,2020080201027062,MLBL,6,47,12,195.00,"2,340.00"
2020-08-02,2020080201027057,MMFDB,28,57,47,970.00,"45,590.00"
2020-08-02,2020080201027056,MMFDB,26,57,100,970.00,"97,000.00"
2020-08-02,2020080201027055,MMFDB,17,57,50,970.00,"48,500.00"
2020-08-02,2020080201027054,MMFDB,10,57,20,971.00,"19,420.00"
2020-08-02,2020080201027053,MMFDB,11,57,10,971.00,"9,710.00"
2020-08-02,2020080201027052,MMFDB,14,57,54,971.00,"52,434.00"
2020-08-02,2020080201027051,MMFDB,21,57,100,972.00,"97,200.00"
2020-08-02,2020080201027050,MMFDB,17,57,861,973.00,"837,753.00"
2020-08-02,2020080201027049,MMFDB,45,57,70,974.00,"68,180.00"
2020-08-02,2020080201027048,MMFDB,53,57,10,974.00,"9,740.00"
2020-08-02,2020080201026886,MMFDB,21,11,100,975.00,"97,500.00"
2020-08-02,2020080201026885,MMFDB,5,11,41,975.00,"39,975.00"
2020-08-02,2020080201027355,NABIL,26,42,15,822.00,"12,330.00"
2020-08-02,2020080201027263,NABIL,42,42,20,822.00,"16,440.00"
2020-08-02,2020080201027261,NABIL,6,42,10,822.00,"8,220.00"
2020-08-02,2020080201027260,NABIL,52,42,20,822.00,"16,440.00"
2020-08-02,2020080201027259,NABIL,26,42,10,822.00,"8,220.00"
2020-08-02,2020080201027258,NABIL,11,42,50,822.00,"41,100.00"
2020-08-02,2020080201026895,NABIL,38,6,80,822.00,"65,760.00"
2020-08-02,2020080201026894,NABIL,19,6,20,824.00,"16,480.00"
2020-08-02,2020080201027257,NABIL,38,42,14,822.00,"11,508.00"
2020-08-02,2020080201027230,NABIL,18,51,40,825.00,"33,000.00"
2020-08-02,2020080201027229,NABIL,18,41,60,824.00,"49,440.00"
2020-08-02,2020080201027227,NABIL,38,41,50,824.00,"41,200.00"
2020-08-02,2020080201027075,NABIL,13,49,16,824.00,"13,184.00"
2020-08-02,2020080201027047,NABIL,38,58,156,822.00,"128,232.00"
2020-08-02,2020080201027236,NBB,55,34,100,201.00,"20,100.00"
2020-08-02,2020080201026932,NBB,55,34,20,201.00,"4,020.00"
2020-08-02,2020080201027343,NBL,43,14,50,250.00,"12,500.00"
2020-08-02,2020080201027322,NBL,50,14,20,250.00,"5,000.00"
2020-08-02,2020080201027321,NBL,38,14,437,250.00,"109,250.00"
2020-08-02,2020080201027144,NBL,33,50,200,251.00,"50,200.00"
2020-08-02,2020080201026943,NBL,38,59,63,250.00,"15,750.00"
2020-08-02,2020080201026942,NEF,8,44,"1,379",9.00,"12,411.00"
2020-08-02,2020080201027344,NIB,49,36,100,451.00,"45,100.00"
2020-08-02,2020080201027215,NIB,57,52,21,450.00,"9,450.00"
2020-08-02,2020080201027214,NIB,42,52,50,450.00,"22,500.00"
2020-08-02,2020080201027213,NIB,44,52,186,450.00,"83,700.00"
2020-08-02,2020080201027207,NIB,41,36,33,451.00,"14,883.00"
2020-08-02,2020080201027126,NIB,44,19,100,450.00,"45,000.00"
2020-08-02,2020080201026925,NIB,44,35,206,450.00,"92,700.00"
2020-08-02,2020080201026922,NIB,38,36,65,451.00,"29,315.00"
2020-08-02,2020080201026921,NIB,38,41,435,451.00,"196,185.00"
2020-08-02,2020080201026864,NIB,54,41,63,451.00,"28,413.00"
2020-08-02,2020080201026863,NIB,54,44,37,451.00,"16,687.00"
2020-08-02,2020080201027080,NIB,44,17,14,450.00,"6,300.00"
2020-08-02,2020080201027079,NIB,56,17,60,450.00,"27,000.00"
2020-08-02,2020080201027078,NIB,49,17,70,450.00,"31,500.00"
2020-08-02,2020080201027077,NIB,11,17,30,450.00,"13,500.00"
2020-08-02,2020080201027076,NIB,44,17,126,450.00,"56,700.00"
2020-08-02,2020080201026937,NIB,44,52,257,450.00,"115,650.00"
2020-08-02,2020080201027122,NIBPO,25,17,300,372.00,"111,600.00"
2020-08-02,2020080201027045,NIBPO,25,28,126,372.00,"46,872.00"
2020-08-02,2020080201027044,NIBPO,55,28,974,372.00,"362,328.00"
2020-08-02,2020080201027043,NIBPO,44,28,50,373.00,"18,650.00"
2020-08-02,2020080201027242,NICA,8,40,192,554.00,"106,368.00"
2020-08-02,2020080201027231,NICA,8,19,75,554.00,"41,550.00"
2020-08-02,2020080201026924,NICA,8,28,100,554.00,"55,400.00"
2020-08-02,2020080201026917,NICA,8,51,200,554.00,"110,800.00"
2020-08-02,2020080201027271,NICL,48,16,10,439.00,"4,390.00"
2020-08-02,2020080201027147,NICL,5,56,100,435.00,"43,500.00"
2020-08-02,2020080201027015,NICL,22,16,10,439.00,"4,390.00"
2020-08-02,2020080201027349,NICLBSL,57,25,20,785.00,"15,700.00"
2020-08-02,2020080201027341,NICLBSL,14,38,100,784.00,"78,400.00"
2020-08-02,2020080201027320,NICLBSL,14,58,10,784.00,"7,840.00"
2020-08-02,2020080201027312,NICLBSL,14,35,10,784.00,"7,840.00"
2020-08-02,2020080201027246,NICLBSL,14,34,20,784.00,"15,680.00"
2020-08-02,2020080201027241,NICLBSL,14,58,10,784.00,"7,840.00"
2020-08-02,2020080201026862,NICLBSL,14,28,10,784.00,"7,840.00"
2020-08-02,2020080201026974,NICLBSL,14,36,10,784.00,"7,840.00"
2020-08-02,2020080201026952,NICLBSL,14,58,10,784.00,"7,840.00"
2020-08-02,2020080201026949,NICLBSL,14,34,10,784.00,"7,840.00"
2020-08-02,2020080201026923,NICLBSL,26,38,"1,000",784.00,"784,000.00"
2020-08-02,2020080201026870,NICLBSL,14,32,10,784.00,"7,840.00"
2020-08-02,2020080201026869,NICLBSL,14,58,10,784.00,"7,840.00"
2020-08-02,2020080201027193,NICLBSL,14,41,10,784.00,"7,840.00"
2020-08-02,2020080201027164,NICLBSL,14,58,20,784.00,"15,680.00"
2020-08-02,2020080201027159,NICLBSL,14,47,10,784.00,"7,840.00"
2020-08-02,2020080201027121,NICLBSL,1,20,10,785.00,"7,850.00"
2020-08-02,2020080201027090,NICLBSL,14,36,10,784.00,"7,840.00"
2020-08-02,2020080201027058,NICLBSL,14,47,10,784.00,"7,840.00"
2020-08-02,2020080201027226,NICLBSL,14,28,10,784.00,"7,840.00"
2020-08-02,2020080201027206,NICLBSL,45,28,10,785.00,"7,850.00"
2020-08-02,2020080201027205,NICLBSL,45,20,20,785.00,"15,700.00"
2020-08-02,2020080201027204,NICLBSL,45,20,10,785.00,"7,850.00"
2020-08-02,2020080201027203,NICLBSL,45,20,10,785.00,"7,850.00"
2020-08-02,2020080201027196,NICLBSL,14,39,10,784.00,"7,840.00"
2020-08-02,2020080201027119,NIL,52,14,20,619.00,"12,380.00"
2020-08-02,2020080201026991,NIL,26,1,50,618.00,"30,900.00"
2020-08-02,2020080201026990,NIL,7,1,50,618.00,"30,900.00"
2020-08-02,2020080201026989,NIL,54,1,200,618.00,"123,600.00"
2020-08-02,2020080201026982,NIL,3,14,50,619.00,"30,950.00"
2020-08-02,2020080201026981,NIL,39,14,100,619.00,"61,900.00"
2020-08-02,2020080201026980,NIL,26,14,200,619.00,"123,800.00"
2020-08-02,2020080201026979,NIL,35,14,30,619.00,"18,570.00"
2020-08-02,2020080201026978,NIL,46,14,100,619.00,"61,900.00"
2020-08-02,2020080201026975,NLBBL,51,17,200,680.00,"136,000.00"
2020-08-02,2020080201026993,NLG,14,42,100,630.00,"63,000.00"
2020-08-02,2020080201026992,NLG,42,42,100,630.00,"63,000.00"
2020-08-02,2020080201027351,NLIC,43,50,30,"1,326.00","39,780.00"
2020-08-02,2020080201027277,NLIC,29,34,100,"1,325.00","132,500.00"
2020-08-02,2020080201027276,NLIC,29,49,22,"1,325.00","29,150.00"
2020-08-02,2020080201027275,NLIC,29,1,100,"1,325.00","132,500.00"
2020-08-02,2020080201027274,NLIC,29,57,400,"1,325.00","530,000.00"
2020-08-02,2020080201027273,NLIC,29,1,266,"1,325.00","352,450.00"
2020-08-02,2020080201026935,NLIC,59,36,50,"1,323.00","66,150.00"
2020-08-02,2020080201027228,NLIC,14,22,15,"1,324.00","19,860.00"
2020-08-02,2020080201027176,NLIC,45,48,150,"1,323.00","198,450.00"
2020-08-02,2020080201027094,NLIC,45,7,200,"1,323.00","264,600.00"
2020-08-02,2020080201027093,NLIC,45,42,75,"1,323.00","99,225.00"
2020-08-02,2020080201027034,NLIC,39,36,100,"1,322.00","132,200.00"
2020-08-02,2020080201027000,NLIC,43,36,10,"1,323.00","13,230.00"
2020-08-02,2020080201027123,NLICL,7,1,10,670.00,"6,700.00"
2020-08-02,2020080201027088,NLICL,54,50,185,667.00,"123,395.00"
2020-08-02,2020080201027087,NLICL,54,56,115,667.00,"76,705.00"
2020-08-02,2020080201027071,NLICL,18,50,100,667.00,"66,700.00"
2020-08-02,2020080201027342,NMB,8,38,150,413.00,"61,950.00"
2020-08-02,2020080201027256,NMB,42,50,50,415.00,"20,750.00"
2020-08-02,2020080201027248,NMB,8,6,23,413.00,"9,499.00"
2020-08-02,2020080201027235,NMB,25,50,682,415.00,"283,030.00"
2020-08-02,2020080201027234,NMB,25,1,218,415.00,"90,470.00"
2020-08-02,2020080201027233,NMB,25,14,"1,000",414.00,"414,000.00"
2020-08-02,2020080201026890,NMB,49,1,273,415.00,"113,295.00"
2020-08-02,2020080201026889,NMB,45,1,10,415.00,"4,150.00"
2020-08-02,2020080201026888,NMB,38,1,17,415.00,"7,055.00"
2020-08-02,2020080201026945,NMB,54,56,100,415.00,"41,500.00"
2020-08-02,2020080201026944,NMB,35,56,877,415.00,"363,955.00"
2020-08-02,2020080201026931,NMB,35,57,623,415.00,"258,545.00"
2020-08-02,2020080201026930,NMB,41,57,50,415.00,"20,750.00"
2020-08-02,2020080201026929,NMB,1,57,100,415.00,"41,500.00"
2020-08-02,2020080201026928,NMB,49,57,227,415.00,"94,205.00"
2020-08-02,2020080201027030,NMB,8,25,100,414.00,"41,400.00"
2020-08-02,2020080201027029,NMB,13,25,50,414.00,"20,700.00"
2020-08-02,2020080201027028,NMB,5,25,10,414.00,"4,140.00"
2020-08-02,2020080201027027,NMB,52,25,100,414.00,"41,400.00"
2020-08-02,2020080201026947,NMB,33,56,500,415.00,"207,500.00"
2020-08-02,2020080201026946,NMB,52,56,30,415.00,"12,450.00"
2020-08-02,2020080201027083,NMB,52,58,500,414.00,"207,000.00"
2020-08-02,2020080201027082,NMB,45,58,110,414.00,"45,540.00"
2020-08-02,2020080201027081,NMB,55,58,250,414.00,"103,500.00"
2020-08-02,2020080201027033,NMB,45,25,90,414.00,"37,260.00"
2020-08-02,2020080201027032,NMB,29,25,100,414.00,"41,400.00"
2020-08-02,2020080201027031,NMB,43,25,50,414.00,"20,700.00"
2020-08-02,2020080201027104,NMB,14,56,335,415.00,"139,025.00"
2020-08-02,2020080201027103,NMB,14,28,135,414.00,"55,890.00"
2020-08-02,2020080201027102,NMB,14,58,30,414.00,"12,420.00"
2020-08-02,2020080201027086,NMB,54,58,"1,000",414.00,"414,000.00"
2020-08-02,2020080201027085,NMB,33,58,10,414.00,"4,140.00"
2020-08-02,2020080201027084,NMB,48,58,100,414.00,"41,400.00"
2020-08-02,2020080201027198,NMB,59,1,282,415.00,"117,030.00"
2020-08-02,2020080201027197,NMB,59,56,218,415.00,"90,470.00"
2020-08-02,2020080201027120,NMB,22,56,40,415.00,"16,600.00"
2020-08-02,2020080201027115,NMB,8,3,20,413.00,"8,260.00"
2020-08-02,2020080201027114,NMB,8,3,100,413.00,"41,300.00"
2020-08-02,2020080201027113,NMB,17,3,500,413.00,"206,500.00"
2020-08-02,2020080201026987,NMFBS,40,33,40,"1,553.00","62,120.00"
2020-08-02,2020080201026986,NMFBS,45,33,10,"1,553.00","15,530.00"
2020-08-02,2020080201027359,NRIC,33,35,40,584.00,"23,360.00"
2020-08-02,2020080201027332,NRIC,33,40,40,584.00,"23,360.00"
2020-08-02,2020080201027316,NRIC,51,28,10,585.00,"5,850.00"
2020-08-02,2020080201027302,NRIC,33,21,"1,110",584.00,"648,240.00"
2020-08-02,2020080201027301,NRIC,50,21,"1,000",584.00,"584,000.00"
2020-08-02,2020080201027300,NRIC,47,21,150,584.00,"87,600.00"
2020-08-02,2020080201026914,NRIC,29,45,50,585.00,"29,250.00"
2020-08-02,2020080201026887,NRIC,39,19,40,584.00,"23,360.00"
2020-08-02,2020080201026868,NRIC,39,18,40,584.00,"23,360.00"
2020-08-02,2020080201026867,NRIC,56,42,100,585.00,"58,500.00"
2020-08-02,2020080201027012,NRIC,59,18,20,586.00,"11,720.00"
2020-08-02,2020080201026973,NRIC,29,14,40,585.00,"23,400.00"
2020-08-02,2020080201026962,NRIC,29,38,10,585.00,"5,850.00"
2020-08-02,2020080201026941,NRIC,29,28,40,585.00,"23,400.00"
2020-08-02,2020080201026916,NRIC,29,14,40,585.00,"23,400.00"
2020-08-02,2020080201026915,NRIC,29,48,40,585.00,"23,400.00"
2020-08-02,2020080201027109,NRIC,57,29,60,585.00,"35,100.00"
2020-08-02,2020080201027089,NRIC,57,41,40,585.00,"23,400.00"
2020-08-02,2020080201027064,NRIC,57,28,40,585.00,"23,400.00"
2020-08-02,2020080201027061,NRIC,57,46,20,585.00,"11,700.00"
2020-08-02,2020080201027060,NRIC,29,46,80,585.00,"46,800.00"
2020-08-02,2020080201027013,NRIC,59,57,20,586.00,"11,720.00"
2020-08-02,2020080201027249,NRIC,33,35,30,585.00,"17,550.00"
2020-08-02,2020080201027225,NRIC,33,48,20,585.00,"11,700.00"
2020-08-02,2020080201027224,NRIC,41,48,20,585.00,"11,700.00"
2020-08-02,2020080201027112,NRIC,41,40,30,585.00,"17,550.00"
2020-08-02,2020080201027111,NRIC,21,40,10,585.00,"5,850.00"
2020-08-02,2020080201027110,NRIC,21,29,40,585.00,"23,400.00"
2020-08-02,2020080201027280,NRIC,55,57,100,585.00,"58,500.00"
2020-08-02,2020080201027279,NRIC,55,40,40,585.00,"23,400.00"
2020-08-02,2020080201027278,NRIC,55,35,30,585.00,"17,550.00"
2020-08-02,2020080201027252,NRIC,41,35,100,585.00,"58,500.00"
2020-08-02,2020080201027251,NRIC,36,35,50,585.00,"29,250.00"
2020-08-02,2020080201027250,NRIC,58,35,130,585.00,"76,050.00"
2020-08-02,2020080201027293,NRIC,39,21,310,584.00,"181,040.00"
2020-08-02,2020080201027292,NRIC,25,21,50,585.00,"29,250.00"
2020-08-02,2020080201027291,NRIC,25,28,50,585.00,"29,250.00"
2020-08-02,2020080201027283,NRIC,55,38,40,585.00,"23,400.00"
2020-08-02,2020080201027282,NRIC,55,42,40,585.00,"23,400.00"
2020-08-02,2020080201027281,NRIC,55,29,250,585.00,"146,250.00"
2020-08-02,2020080201027299,NRIC,55,21,500,584.00,"292,000.00"
2020-08-02,2020080201027298,NRIC,34,21,100,584.00,"58,400.00"
2020-08-02,2020080201027297,NRIC,14,21,300,584.00,"175,200.00"
2020-08-02,2020080201027296,NRIC,21,21,200,584.00,"116,800.00"
2020-08-02,2020080201027295,NRIC,52,21,100,584.00,"58,400.00"
2020-08-02,2020080201027294,NRIC,14,21,180,584.00,"105,120.00"
2020-08-02,2020080201027106,NTC,45,38,50,650.00,"32,500.00"
2020-08-02,2020080201026918,NTC,45,19,15,648.00,"9,720.00"
2020-08-02,2020080201026913,NTC,45,22,685,648.00,"443,880.00"
2020-08-02,2020080201027143,NUBL,44,38,88,975.00,"85,800.00"
2020-08-02,2020080201027142,NUBL,42,38,70,975.00,"68,250.00"
2020-08-02,2020080201027141,NUBL,4,38,"1,000",975.00,"975,000.00"
2020-08-02,2020080201027140,NUBL,4,38,"1,000",975.00,"975,000.00"
2020-08-02,2020080201027139,NUBL,53,38,100,976.00,"97,600.00"
2020-08-02,2020080201027138,NUBL,20,38,200,976.00,"195,200.00"
2020-08-02,2020080201027137,NUBL,26,38,50,976.00,"48,800.00"
2020-08-02,2020080201027136,NUBL,44,38,50,976.00,"48,800.00"
2020-08-02,2020080201027135,NUBL,16,38,19,976.00,"18,544.00"
2020-08-02,2020080201027134,NUBL,42,38,25,977.00,"24,425.00"
2020-08-02,2020080201027133,NUBL,53,38,50,977.00,"48,850.00"
2020-08-02,2020080201027353,PCBL,16,36,100,269.00,"26,900.00"
2020-08-02,2020080201027352,PCBL,37,36,300,269.00,"80,700.00"
2020-08-02,2020080201026954,PCBL,34,19,50,268.00,"13,400.00"
2020-08-02,2020080201026953,PCBL,32,19,30,268.00,"8,040.00"
2020-08-02,2020080201026879,PCBL,32,51,70,268.00,"18,760.00"
2020-08-02,2020080201026878,PCBL,44,51,70,268.00,"18,760.00"
2020-08-02,2020080201026877,PCBL,52,51,360,268.00,"96,480.00"
2020-08-02,2020080201027146,PICL,35,42,92,443.00,"40,756.00"
2020-08-02,2020080201026876,PICL,35,40,58,443.00,"25,694.00"
2020-08-02,2020080201026875,PICL,13,40,20,443.00,"8,860.00"
2020-08-02,2020080201026874,PICL,52,40,50,443.00,"22,150.00"
2020-08-02,2020080201027255,PLIC,39,57,36,547.00,"19,692.00"
2020-08-02,2020080201027132,PLIC,22,57,10,547.00,"5,470.00"
2020-08-02,2020080201026994,PLIC,7,39,50,538.00,"26,900.00"
2020-08-02,2020080201027095,PPCL,32,34,10,118.00,"1,180.00"
2020-08-02,2020080201027001,PPCL,32,34,200,118.00,"23,600.00"
2020-08-02,2020080201027358,PRIN,14,32,40,475.00,"19,000.00"
2020-08-02,2020080201027247,PRIN,43,32,10,475.00,"4,750.00"
2020-08-02,2020080201027240,PRIN,14,57,100,474.00,"47,400.00"
2020-08-02,2020080201027092,PRVU,6,6,50,236.00,"11,800.00"
2020-08-02,2020080201026891,PRVU,38,38,200,235.00,"47,000.00"
2020-08-02,2020080201027014,RADHI,43,13,12,164.00,"1,968.00"
2020-08-02,2020080201026936,RLFL,32,34,472,122.00,"57,584.00"
2020-08-02,2020080201027150,RMDC,34,55,500,715.00,"357,500.00"
2020-08-02,2020080201027149,RMDC,34,1,38,715.00,"27,170.00"
2020-08-02,2020080201027148,RMDC,34,7,112,715.00,"80,080.00"
2020-08-02,2020080201026977,RSDC,33,36,10,476.00,"4,760.00"
2020-08-02,2020080201026976,RSDC,33,21,45,476.00,"21,420.00"
2020-08-02,2020080201026893,RSDC,36,21,389,476.00,"185,164.00"
2020-08-02,2020080201026892,RSDC,34,34,3,485.00,"1,455.00"
2020-08-02,2020080201027286,SANIMA,44,44,106,350.00,"37,100.00"
2020-08-02,2020080201027285,SANIMA,6,44,100,350.00,"35,000.00"
2020-08-02,2020080201027284,SANIMA,47,44,294,350.00,"102,900.00"
2020-08-02,2020080201027210,SANIMA,47,44,500,350.00,"175,000.00"
2020-08-02,2020080201026997,SANIMA,47,45,206,350.00,"72,100.00"
2020-08-02,2020080201026996,SANIMA,54,45,500,350.00,"175,000.00"
2020-08-02,2020080201026995,SANIMA,6,45,294,350.00,"102,900.00"
2020-08-02,2020080201027253,SBI,7,11,10,435.00,"4,350.00"
2020-08-02,2020080201027189,SBI,26,57,200,434.00,"86,800.00"
2020-08-02,2020080201027188,SBI,1,57,10,435.00,"4,350.00"
2020-08-02,2020080201027069,SBL,44,18,195,298.00,"58,110.00"
2020-08-02,2020080201027068,SBL,41,18,66,298.00,"19,668.00"
2020-08-02,2020080201027067,SBL,34,18,20,299.00,"5,980.00"
2020-08-02,2020080201027066,SBL,55,18,20,299.00,"5,980.00"
2020-08-02,2020080201027065,SBL,34,18,50,299.00,"14,950.00"
2020-08-02,2020080201027170,SCB,46,34,50,658.00,"32,900.00"
2020-08-02,2020080201027169,SCB,8,34,75,658.00,"49,350.00"
2020-08-02,2020080201027168,SCB,6,34,130,658.00,"85,540.00"
2020-08-02,2020080201027107,SCB,6,34,50,658.00,"32,900.00"
2020-08-02,2020080201027073,SCB,7,13,10,659.00,"6,590.00"
2020-08-02,2020080201027006,SCB,6,52,20,658.00,"13,160.00"
2020-08-02,2020080201027267,SEF,45,51,500,9.64,"4,820.00"
2020-08-02,2020080201027266,SEF,45,58,500,9.64,"4,820.00"
2020-08-02,2020080201027308,SHPC,28,45,201,220.00,"44,220.00"
2020-08-02,2020080201027307,SHPC,28,29,268,219.00,"58,692.00"
2020-08-02,2020080201027306,SHPC,28,35,163,218.00,"35,534.00"
2020-08-02,2020080201027305,SHPC,28,34,200,218.00,"43,600.00"
2020-08-02,2020080201027191,SIC,38,29,114,726.00,"82,764.00"
2020-08-02,2020080201027190,SIC,18,29,86,726.00,"62,436.00"
2020-08-02,2020080201027354,SICL,7,4,261,"1,200.00","313,200.00"
2020-08-02,2020080201027239,SICL,7,11,25,"1,200.00","30,000.00"
2020-08-02,2020080201027209,SICL,7,45,50,"1,200.00","60,000.00"
2020-08-02,2020080201027208,SICL,16,45,100,"1,200.00","120,000.00"
2020-08-02,2020080201026951,SICL,7,59,90,"1,202.00","108,180.00"
2020-08-02,2020080201027175,SICL,7,36,17,"1,200.00","20,400.00"
2020-08-02,2020080201027174,SICL,56,36,83,"1,201.00","99,683.00"
2020-08-02,2020080201027100,SICL,55,50,70,"1,203.00","84,210.00"
2020-08-02,2020080201027005,SICL,58,34,38,"1,200.00","45,600.00"
2020-08-02,2020080201027004,SICL,7,34,10,"1,202.00","12,020.00"
2020-08-02,2020080201027074,SIL,41,47,300,586.00,"175,800.00"
2020-08-02,2020080201027072,SINDU,51,26,10,129.00,"1,290.00"
2020-08-02,2020080201027289,SKBBL,36,57,50,"1,215.00","60,750.00"
2020-08-02,2020080201027288,SKBBL,54,57,150,"1,215.00","182,250.00"
2020-08-02,2020080201027212,SKBBL,19,42,50,"1,219.00","60,950.00"
2020-08-02,2020080201027165,SKBBL,54,39,50,"1,215.00","60,750.00"
2020-08-02,2020080201027124,SLBS,34,34,1,941.00,941.00
2020-08-02,2020080201027105,SLBS,34,34,1,941.00,941.00
2020-08-02,2020080201027091,SLBS,34,34,1,941.00,941.00
2020-08-02,2020080201027063,SLBS,34,34,1,941.00,941.00
2020-08-02,2020080201027118,SLICL,25,5,478,430.00,"205,540.00"
2020-08-02,2020080201027117,SLICL,41,5,22,430.00,"9,460.00"
2020-08-02,2020080201026882,SLICL,41,45,478,430.00,"205,540.00"
2020-08-02,2020080201026881,SLICL,57,45,222,430.00,"95,460.00"
2020-08-02,2020080201026880,SLICL,6,45,300,431.00,"129,300.00"
2020-08-02,2020080201027304,SRBL,29,52,49,235.00,"11,515.00"
2020-08-02,2020080201027264,SRBL,43,14,40,236.00,"9,440.00"
2020-08-02,2020080201026901,SRBL,29,18,821,235.00,"192,935.00"
2020-08-02,2020080201026900,SRBL,29,18,"2,000",235.00,"470,000.00"
2020-08-02,2020080201026899,SRBL,29,18,"2,000",235.00,"470,000.00"
2020-08-02,2020080201026898,SRBL,56,18,600,235.00,"141,000.00"
2020-08-02,2020080201026897,SRBL,34,18,100,235.00,"23,500.00"
2020-08-02,2020080201026896,SRBL,40,18,479,236.00,"113,044.00"
2020-08-02,2020080201027357,SWBBL,14,34,25,"1,170.00","29,250.00"
2020-08-02,2020080201027173,SWBBL,14,45,25,"1,170.00","29,250.00"
2020-08-02,2020080201027172,SWBBL,39,45,15,"1,173.00","17,595.00"
2020-08-02,2020080201027171,SWBBL,5,45,10,"1,175.00","11,750.00"
2020-08-02,2020080201027046,TMDBL,46,51,20,163.00,"3,260.00"
2020-08-02,2020080201027323,UFL,26,6,200,188.00,"37,600.00"
2020-08-02,2020080201027287,UIC,7,53,250,359.00,"89,750.00"
2020-08-02,2020080201027163,UIC,7,49,85,359.00,"30,515.00"
2020-08-02,2020080201027162,UIC,58,49,100,359.00,"35,900.00"
2020-08-02,2020080201027161,UIC,48,49,300,360.00,"108,000.00"
2020-08-02,2020080201027160,UIC,51,49,200,360.00,"72,000.00"
2020-08-02,2020080201026972,UIC,57,49,100,360.00,"36,000.00"
2020-08-02,2020080201026965,UIC,34,49,"1,000",360.00,"360,000.00"
2020-08-02,2020080201026964,UIC,1,49,10,361.00,"3,610.00"
2020-08-02,2020080201026971,UIC,41,49,10,360.00,"3,600.00"
2020-08-02,2020080201026970,UIC,26,49,200,360.00,"72,000.00"
2020-08-02,2020080201026969,UIC,35,49,50,360.00,"18,000.00"
2020-08-02,2020080201026968,UIC,51,49,50,360.00,"18,000.00"
2020-08-02,2020080201026967,UIC,16,49,50,360.00,"18,000.00"
2020-08-02,2020080201026966,UIC,37,49,100,360.00,"36,000.00"
2020-08-02,2020080201027232,UPPER,55,49,40,227.00,"9,080.00"
2020-08-02,2020080201026948,WOMI,49,47,100,900.00,"90,000.00"
2020-08-02,2020080201026860,ADBL,28,43,71,408.00,"28,968.00"
2020-08-02,2020080201026859,ADBL,37,43,100,408.00,"40,800.00"
2020-08-02,2020080201026858,ADBL,52,43,20,408.00,"8,160.00"
2020-08-02,2020080201026857,ADBL,38,43,10,408.00,"4,080.00"
2020-08-02,2020080201026856,ADBL,33,43,100,408.00,"40,800.00"
2020-08-02,2020080201026855,ADBL,13,43,20,408.00,"8,160.00"
2020-08-02,2020080201026459,ADBL,58,58,200,409.00,"81,800.00"
2020-08-02,2020080201026458,ADBL,14,58,50,409.00,"20,450.00"
2020-08-02,2020080201026457,ADBL,58,58,45,409.00,"18,405.00"
2020-08-02,2020080201026456,ADBL,58,58,10,409.00,"4,090.00"
2020-08-02,2020080201026455,ADBL,47,58,25,409.00,"10,225.00"
2020-08-02,2020080201026454,ADBL,25,58,232,409.00,"94,888.00"
2020-08-02,2020080201026854,ADBL,48,43,100,408.00,"40,800.00"
2020-08-02,2020080201026853,ADBL,20,43,30,408.00,"12,240.00"
2020-08-02,2020080201026852,ADBL,34,43,25,408.00,"10,200.00"
2020-08-02,2020080201026662,ADBL,34,19,25,408.00,"10,200.00"
2020-08-02,2020080201026661,ADBL,7,19,25,408.00,"10,200.00"
2020-08-02,2020080201026607,ADBL,33,58,100,409.00,"40,900.00"
2020-08-02,2020080201026476,AKJCL,42,58,10,61.00,610.00
2020-08-02,2020080201026609,AKPL,13,34,500,116.00,"58,000.00"
2020-08-02,2020080201026685,ALBSL,48,38,21,695.00,"14,595.00"
2020-08-02,2020080201026771,ALICL,55,16,85,615.00,"52,275.00"
2020-08-02,2020080201026770,ALICL,45,16,80,615.00,"49,200.00"
2020-08-02,2020080201026769,ALICL,55,16,100,615.00,"61,500.00"
2020-08-02,2020080201026768,ALICL,48,16,100,615.00,"61,500.00"
2020-08-02,2020080201026767,ALICL,10,16,115,615.00,"70,725.00"
2020-08-02,2020080201026766,ALICL,14,16,20,616.00,"12,320.00"
2020-08-02,2020080201026370,API,35,49,180,107.00,"19,260.00"
2020-08-02,2020080201026570,BOKL,25,34,100,228.00,"22,800.00"
2020-08-02,2020080201026569,BOKL,6,34,50,228.00,"11,400.00"
2020-08-02,2020080201026568,BOKL,40,34,500,228.00,"114,000.00"
2020-08-02,2020080201026567,BOKL,56,34,323,228.00,"73,644.00"
2020-08-02,2020080201026394,BPCL,25,32,270,350.00,"94,500.00"
2020-08-02,2020080201026393,BPCL,58,32,25,350.00,"8,750.00"
2020-08-02,2020080201026392,BPCL,37,32,200,350.00,"70,000.00"
2020-08-02,2020080201026391,BPCL,52,32,155,350.00,"54,250.00"
2020-08-02,2020080201026390,BPCL,46,32,350,351.00,"122,850.00"
2020-08-02,2020080201026851,CBBL,26,34,10,"1,059.00","10,590.00"
2020-08-02,2020080201026694,CBBL,35,32,14,"1,060.00","14,840.00"
2020-08-02,2020080201026369,CBBL,49,50,500,"1,060.00","530,000.00"
2020-08-02,2020080201026749,CBL,43,59,10,145.00,"1,450.00"
2020-08-02,2020080201026523,CHCL,45,21,243,386.00,"93,798.00"
2020-08-02,2020080201026780,CIT,46,1,10,"2,480.00","24,800.00"
2020-08-02,2020080201026779,CIT,19,1,10,"2,480.00","24,800.00"
2020-08-02,2020080201026778,CIT,45,1,15,"2,480.00","37,200.00"
2020-08-02,2020080201026777,CIT,57,1,20,"2,480.00","49,600.00"
2020-08-02,2020080201026776,CIT,49,1,10,"2,480.00","24,800.00"
2020-08-02,2020080201026775,CIT,35,1,10,"2,480.00","24,800.00"
2020-08-02,2020080201026774,CIT,58,1,53,"2,480.00","131,440.00"
2020-08-02,2020080201026773,CIT,19,1,50,"2,481.00","124,050.00"
2020-08-02,2020080201026772,CIT,41,1,20,"2,481.00","49,620.00"
2020-08-02,2020080201026636,CIT,41,22,80,"2,481.00","198,480.00"
2020-08-02,2020080201026635,CIT,6,22,20,"2,482.00","49,640.00"
2020-08-02,2020080201026663,CLBSL,47,50,246,670.00,"164,820.00"
2020-08-02,2020080201026822,CZBIL,42,39,70,194.00,"13,580.00"
2020-08-02,2020080201026821,CZBIL,41,39,100,194.00,"19,400.00"
2020-08-02,2020080201026820,CZBIL,26,39,100,194.00,"19,400.00"
2020-08-02,2020080201026819,CZBIL,42,39,100,194.00,"19,400.00"
2020-08-02,2020080201026818,CZBIL,41,39,130,194.00,"25,220.00"
2020-08-02,2020080201026629,CZBIL,41,34,20,194.00,"3,880.00"
2020-08-02,2020080201026628,CZBIL,26,34,60,194.00,"11,640.00"
2020-08-02,2020080201026480,CZBIL,26,8,440,194.00,"85,360.00"
2020-08-02,2020080201026479,CZBIL,6,8,590,194.00,"114,460.00"
2020-08-02,2020080201026472,CZBIL,59,22,100,195.00,"19,500.00"
2020-08-02,2020080201026708,DDBL,47,43,250,836.00,"209,000.00"
2020-08-02,2020080201026707,DDBL,38,43,15,837.00,"12,555.00"
2020-08-02,2020080201026706,DDBL,49,43,335,837.00,"280,395.00"
2020-08-02,2020080201026654,DDBL,49,19,100,837.00,"83,700.00"
2020-08-02,2020080201026468,DDBL,49,39,65,837.00,"54,405.00"
2020-08-02,2020080201026453,DDBL,47,57,340,836.00,"284,240.00"
2020-08-02,2020080201026365,DDBL,47,55,20,836.00,"16,720.00"
2020-08-02,2020080201026835,EBL,44,13,160,730.00,"116,800.00"
2020-08-02,2020080201026684,EBL,44,46,285,730.00,"208,050.00"
2020-08-02,2020080201026683,EBL,57,46,100,730.00,"73,000.00"
2020-08-02,2020080201026682,EBL,57,46,200,730.00,"146,000.00"
2020-08-02,2020080201026681,EBL,52,46,40,730.00,"29,200.00"
2020-08-02,2020080201026680,EBL,14,46,500,730.00,"365,000.00"
2020-08-02,2020080201026524,EBL,58,51,200,731.00,"146,200.00"
2020-08-02,2020080201026679,EBL,57,46,100,731.00,"73,100.00"
2020-08-02,2020080201026678,EBL,58,46,430,731.00,"314,330.00"
2020-08-02,2020080201026653,EBL,58,19,200,731.00,"146,200.00"
2020-08-02,2020080201026626,EIC,41,38,"1,532",393.00,"602,076.00"
2020-08-02,2020080201026625,EIC,16,38,20,394.00,"7,880.00"
2020-08-02,2020080201026624,EIC,6,38,200,394.00,"78,800.00"
2020-08-02,2020080201026623,EIC,48,38,72,395.00,"28,440.00"
2020-08-02,2020080201026622,EIC,45,38,20,396.00,"7,920.00"
2020-08-02,2020080201026478,EIC,43,57,70,396.00,"27,720.00"
2020-08-02,2020080201026751,FMDBL,58,55,50,512.00,"25,600.00"
2020-08-02,2020080201026696,FOWAD,47,56,10,"1,510.00","15,100.00"
2020-08-02,2020080201026792,GBBL,32,36,"1,453",230.00,"334,190.00"
2020-08-02,2020080201026791,GBBL,39,36,300,230.00,"69,000.00"
2020-08-02,2020080201026790,GBBL,40,36,200,230.00,"46,000.00"
2020-08-02,2020080201026789,GBBL,14,36,47,230.00,"10,810.00"
2020-08-02,2020080201026715,GBBL,43,49,100,231.00,"23,100.00"
2020-08-02,2020080201026640,GBBL,14,25,53,230.00,"12,190.00"
2020-08-02,2020080201026639,GBBL,38,25,25,230.00,"5,750.00"
2020-08-02,2020080201026638,GBBL,16,25,20,230.00,"4,600.00"
2020-08-02,2020080201026637,GBBL,4,25,102,230.00,"23,460.00"
2020-08-02,2020080201026815,GBIME,33,33,300,251.00,"75,300.00"
2020-08-02,2020080201026781,GBIME,44,33,50,251.00,"12,550.00"
2020-08-02,2020080201026752,GBIME,34,34,69,250.00,"17,250.00"
2020-08-02,2020080201026702,GBIME,40,33,500,251.00,"125,500.00"
2020-08-02,2020080201026549,GBIME,42,33,40,251.00,"10,040.00"
2020-08-02,2020080201026491,GBIME,1,33,500,251.00,"125,500.00"
2020-08-02,2020080201026544,GBLBS,55,41,12,480.00,"5,760.00"
2020-08-02,2020080201026543,GBLBS,55,57,18,480.00,"8,640.00"
2020-08-02,2020080201026475,GILB,53,40,30,"1,205.00","36,150.00"
2020-08-02,2020080201026474,GILB,47,40,50,"1,205.00","60,250.00"
2020-08-02,2020080201026473,GILB,16,40,100,"1,205.00","120,500.00"
2020-08-02,2020080201026550,HBL,6,50,300,547.00,"164,100.00"
2020-08-02,2020080201026605,HDHPC,39,6,60,92.00,"5,520.00"
2020-08-02,2020080201026604,HDHPC,39,41,10,92.00,920.00
2020-08-02,2020080201026603,HDHPC,39,47,50,92.00,"4,600.00"
2020-08-02,2020080201026602,HDHPC,39,1,10,92.00,920.00
2020-08-02,2020080201026601,HDHPC,39,32,40,92.00,"3,680.00"
2020-08-02,2020080201026600,HDHPC,39,21,100,92.00,"9,200.00"
2020-08-02,2020080201026599,HDHPC,39,45,20,92.00,"1,840.00"
2020-08-02,2020080201026598,HDHPC,39,53,10,92.00,920.00
2020-08-02,2020080201026732,HDL,32,46,23,"1,642.00","37,766.00"
2020-08-02,2020080201026700,HDL,17,5,10,"1,644.00","16,440.00"
2020-08-02,2020080201026692,HDL,32,54,220,"1,642.00","361,240.00"
2020-08-02,2020080201026691,HDL,41,54,20,"1,642.00","32,840.00"
2020-08-02,2020080201026690,HDL,57,54,50,"1,643.00","82,150.00"
2020-08-02,2020080201026434,HDL,50,54,10,"1,645.00","16,450.00"
2020-08-02,2020080201026522,HGI,39,45,200,400.00,"80,000.00"
2020-08-02,2020080201026521,HGI,13,45,75,400.00,"30,000.00"
2020-08-02,2020080201026723,HIDCL,57,36,50,129.00,"6,450.00"
2020-08-02,2020080201026722,HIDCL,57,49,84,129.00,"10,836.00"
2020-08-02,2020080201026610,IGI,28,29,275,427.00,"117,425.00"
2020-08-02,2020080201026632,JBBL,17,34,110,171.00,"18,810.00"
2020-08-02,2020080201026631,JBBL,55,34,454,171.00,"77,634.00"
2020-08-02,2020080201026830,JOSHI,49,47,10,65.00,650.00
2020-08-02,2020080201026829,JOSHI,55,47,10,65.00,650.00
2020-08-02,2020080201026652,JSLBB,28,29,100,"1,412.00","141,200.00"
2020-08-02,2020080201026651,JSLBB,46,29,100,"1,412.00","141,200.00"
2020-08-02,2020080201026650,JSLBB,56,29,10,"1,412.00","14,120.00"
2020-08-02,2020080201026591,JSLBB,44,29,50,"1,416.00","70,800.00"
2020-08-02,2020080201026486,JSLBB,57,29,10,"1,417.00","14,170.00"
2020-08-02,2020080201026485,JSLBB,28,29,45,"1,417.00","63,765.00"
2020-08-02,2020080201026824,LBBL,55,34,300,188.00,"56,400.00"
2020-08-02,2020080201026564,LBBL,55,8,831,188.00,"156,228.00"
2020-08-02,2020080201026563,LBBL,14,8,"1,000",188.00,"188,000.00"
2020-08-02,2020080201026562,LBBL,51,8,300,188.00,"56,400.00"
2020-08-02,2020080201026561,LBBL,14,8,100,188.00,"18,800.00"
2020-08-02,2020080201026560,LBBL,35,8,200,188.00,"37,600.00"
2020-08-02,2020080201026553,LBBL,58,8,500,188.00,"94,000.00"
2020-08-02,2020080201026552,LBBL,53,8,20,188.00,"3,760.00"
2020-08-02,2020080201026551,LBBL,43,8,888,188.00,"166,944.00"
2020-08-02,2020080201026559,LBBL,47,8,500,188.00,"94,000.00"
2020-08-02,2020080201026558,LBBL,54,8,50,188.00,"9,400.00"
2020-08-02,2020080201026557,LBBL,32,8,200,188.00,"37,600.00"
2020-08-02,2020080201026556,LBBL,37,8,411,188.00,"77,268.00"
2020-08-02,2020080201026555,LBBL,1,8,"1,000",188.00,"188,000.00"
2020-08-02,2020080201026554,LBBL,34,8,"1,000",188.00,"188,000.00"
2020-08-02,2020080201026505,LBL,40,13,105,230.00,"24,150.00"
2020-08-02,2020080201026504,LBL,49,13,895,231.00,"206,745.00"
2020-08-02,2020080201026503,LGIL,57,5,130,441.00,"57,330.00"
2020-08-02,2020080201026502,LGIL,33,5,50,441.00,"22,050.00"
2020-08-02,2020080201026501,LGIL,6,5,320,441.00,"141,120.00"
2020-08-02,2020080201026816,LICN,59,5,200,"1,411.00","282,200.00"
2020-08-02,2020080201026496,LICN,59,51,50,"1,411.00","70,550.00"
2020-08-02,2020080201026495,LICN,49,51,32,"1,412.00","45,184.00"
2020-08-02,2020080201026494,LICN,55,51,18,"1,413.00","25,434.00"
2020-08-02,2020080201026783,MBL,38,39,57,227.00,"12,939.00"
2020-08-02,2020080201026712,MBL,56,49,300,228.00,"68,400.00"
2020-08-02,2020080201026442,MBL,14,49,"1,000",228.00,"228,000.00"
2020-08-02,2020080201026828,MEGA,58,39,200,224.00,"44,800.00"
2020-08-02,2020080201026817,MEGA,28,44,"1,290",223.00,"287,670.00"
2020-08-02,2020080201026812,MEGA,28,52,126,223.00,"28,098.00"
2020-08-02,2020080201026746,MEGA,28,38,100,223.00,"22,300.00"
2020-08-02,2020080201026718,MEGA,28,37,156,223.00,"34,788.00"
2020-08-02,2020080201026717,MEGA,58,37,43,223.00,"9,589.00"
2020-08-02,2020080201026716,MEGA,28,37,101,223.00,"22,523.00"
2020-08-02,2020080201026641,MEGA,43,44,10,224.00,"2,240.00"
2020-08-02,2020080201026407,MEGA,28,6,600,223.00,"133,800.00"
2020-08-02,2020080201026739,MFIL,10,11,20,269.00,"5,380.00"
2020-08-02,2020080201026529,MFIL,43,26,10,270.00,"2,700.00"
2020-08-02,2020080201026698,MLBL,6,34,45,195.00,"8,775.00"
2020-08-02,2020080201026697,MLBL,52,34,24,195.00,"4,680.00"
2020-08-02,2020080201026677,MLBL,52,47,43,195.00,"8,385.00"
2020-08-02,2020080201026467,MLBL,52,47,33,195.00,"6,435.00"
2020-08-02,2020080201026784,MMFDB,34,11,47,976.00,"45,872.00"
2020-08-02,2020080201026614,MMFDB,34,26,53,976.00,"51,728.00"
2020-08-02,2020080201026613,MMFDB,58,26,100,976.00,"97,600.00"
2020-08-02,2020080201026374,MNBBL,22,57,10,321.00,"3,210.00"
2020-08-02,2020080201026729,MSMBS,46,42,11,715.00,"7,865.00"
2020-08-02,2020080201026660,NABIL,11,51,100,825.00,"82,500.00"
2020-08-02,2020080201026586,NABIL,6,19,80,823.00,"65,840.00"
2020-08-02,2020080201026585,NABIL,57,19,20,824.00,"16,480.00"
2020-08-02,2020080201026470,NABIL,6,38,16,823.00,"13,168.00"
2020-08-02,2020080201026469,NABIL,53,38,40,823.00,"32,920.00"
2020-08-02,2020080201026462,NABIL,53,19,50,823.00,"41,150.00"
2020-08-02,2020080201026433,NABIL,53,58,10,823.00,"8,230.00"
2020-08-02,2020080201026432,NABIL,11,58,90,824.00,"74,160.00"
2020-08-02,2020080201026399,NABIL,11,28,60,824.00,"49,440.00"
2020-08-02,2020080201026498,NADEP,26,45,61,620.00,"37,820.00"
2020-08-02,2020080201026687,NBB,10,8,888,200.00,"177,600.00"
2020-08-02,2020080201026483,NBB,10,7,765,200.00,"153,000.00"
2020-08-02,2020080201026482,NBB,42,7,27,200.00,"5,400.00"
2020-08-02,2020080201026481,NBB,34,7,208,200.00,"41,600.00"
2020-08-02,2020080201026405,NBB,34,38,292,200.00,"58,400.00"
2020-08-02,2020080201026404,NBB,44,38,60,200.00,"12,000.00"
2020-08-02,2020080201026403,NBB,41,38,100,200.00,"20,000.00"
2020-08-02,2020080201026402,NBB,32,38,300,200.00,"60,000.00"
2020-08-02,2020080201026401,NBB,44,38,248,200.00,"49,600.00"
2020-08-02,2020080201026785,NBL,1,59,10,250.00,"2,500.00"
2020-08-02,2020080201026748,NBL,58,59,927,250.00,"231,750.00"
2020-08-02,2020080201026747,NBL,58,56,"1,073",250.00,"268,250.00"
2020-08-02,2020080201026713,NBL,19,56,100,250.00,"25,000.00"
2020-08-02,2020080201026596,NBL,52,56,250,250.00,"62,500.00"
2020-08-02,2020080201026589,NBL,50,56,35,250.00,"8,750.00"
2020-08-02,2020080201026509,NCCB,34,50,10,194.00,"1,940.00"
2020-08-02,2020080201026588,NHDL,49,56,10,130.00,"1,300.00"
2020-08-02,2020080201026735,NHPC,55,49,620,53.00,"32,860.00"
2020-08-02,2020080201026734,NHPC,45,49,200,53.00,"10,600.00"
2020-08-02,2020080201026733,NHPC,50,49,80,53.00,"4,240.00"
2020-08-02,2020080201026741,NIB,44,32,411,450.00,"184,950.00"
2020-08-02,2020080201026740,NIB,57,32,89,450.00,"40,050.00"
2020-08-02,2020080201026709,NIB,57,5,11,450.00,"4,950.00"
2020-08-02,2020080201026594,NIB,38,44,63,451.00,"28,413.00"
2020-08-02,2020080201026593,NIB,38,49,37,451.00,"16,687.00"
2020-08-02,2020080201026592,NIB,28,14,600,450.00,"270,000.00"
2020-08-02,2020080201026762,NICA,8,51,133,554.00,"73,682.00"
2020-08-02,2020080201026761,NICA,8,38,200,554.00,"110,800.00"
2020-08-02,2020080201026760,NICA,8,10,100,554.00,"55,400.00"
2020-08-02,2020080201026688,NICA,8,38,50,553.00,"27,650.00"
2020-08-02,2020080201026634,NICA,8,58,580,553.00,"320,740.00"
2020-08-02,2020080201026633,NICA,10,58,100,553.00,"55,300.00"
2020-08-02,2020080201026612,NICA,33,53,450,552.00,"248,400.00"
2020-08-02,2020080201026611,NICA,22,53,50,552.00,"27,600.00"
2020-08-02,2020080201026435,NICA,10,32,100,552.00,"55,200.00"
2020-08-02,2020080201026418,NICA,57,32,50,552.00,"27,600.00"
2020-08-02,2020080201026721,NICL,13,56,95,434.00,"41,230.00"
2020-08-02,2020080201026720,NICL,16,56,20,434.00,"8,680.00"
2020-08-02,2020080201026719,NICL,47,56,85,434.00,"36,890.00"
2020-08-02,2020080201026699,NICL,43,16,10,439.00,"4,390.00"
2020-08-02,2020080201026811,NICLBSL,14,28,10,784.00,"7,840.00"
2020-08-02,2020080201026810,NICLBSL,14,45,50,784.00,"39,200.00"
2020-08-02,2020080201026809,NICLBSL,14,18,10,784.00,"7,840.00"
2020-08-02,2020080201026808,NICLBSL,14,36,10,784.00,"7,840.00"
2020-08-02,2020080201026807,NICLBSL,14,48,10,784.00,"7,840.00"
2020-08-02,2020080201026806,NICLBSL,14,18,10,784.00,"7,840.00"
2020-08-02,2020080201026366,NICLBSL,13,10,10,783.00,"7,830.00"
2020-08-02,2020080201026414,NICLBSL,32,32,10,784.00,"7,840.00"
2020-08-02,2020080201026413,NICLBSL,32,48,10,784.00,"7,840.00"
2020-08-02,2020080201026412,NICLBSL,32,48,10,784.00,"7,840.00"
2020-08-02,2020080201026411,NICLBSL,32,48,20,784.00,"15,680.00"
2020-08-02,2020080201026410,NICLBSL,32,35,10,784.00,"7,840.00"
2020-08-02,2020080201026409,NICLBSL,32,48,20,784.00,"15,680.00"
2020-08-02,2020080201026608,NICLBSL,13,10,10,783.00,"7,830.00"
2020-08-02,2020080201026573,NICLBSL,13,58,10,783.00,"7,830.00"
2020-08-02,2020080201026461,NICLBSL,13,58,10,783.00,"7,830.00"
2020-08-02,2020080201026460,NICLBSL,13,10,20,783.00,"15,660.00"
2020-08-02,2020080201026416,NICLBSL,32,10,10,784.00,"7,840.00"
2020-08-02,2020080201026415,NICLBSL,32,48,10,784.00,"7,840.00"
2020-08-02,2020080201026799,NICLBSL,14,58,10,784.00,"7,840.00"
2020-08-02,2020080201026798,NICLBSL,14,58,10,784.00,"7,840.00"
2020-08-02,2020080201026797,NICLBSL,14,36,10,784.00,"7,840.00"
2020-08-02,2020080201026796,NICLBSL,14,28,10,784.00,"7,840.00"
2020-08-02,2020080201026795,NICLBSL,14,10,10,784.00,"7,840.00"
2020-08-02,2020080201026668,NICLBSL,13,58,10,783.00,"7,830.00"
2020-08-02,2020080201026805,NICLBSL,14,28,10,784.00,"7,840.00"
2020-08-02,2020080201026804,NICLBSL,14,34,10,784.00,"7,840.00"
2020-08-02,2020080201026803,NICLBSL,14,28,10,784.00,"7,840.00"
2020-08-02,2020080201026802,NICLBSL,14,48,10,784.00,"7,840.00"
2020-08-02,2020080201026801,NICLBSL,14,50,10,784.00,"7,840.00"
2020-08-02,2020080201026800,NICLBSL,14,28,10,784.00,"7,840.00"
2020-08-02,2020080201026584,NIL,26,1,191,619.00,"118,229.00"
2020-08-02,2020080201026583,NIL,16,1,20,619.00,"12,380.00"
2020-08-02,2020080201026582,NIL,42,1,100,619.00,"61,900.00"
2020-08-02,2020080201026581,NIL,47,1,73,620.00,"45,260.00"
2020-08-02,2020080201026580,NIL,41,1,20,620.00,"12,400.00"
2020-08-02,2020080201026579,NIL,35,1,48,620.00,"29,760.00"
2020-08-02,2020080201026578,NIL,55,1,100,621.00,"62,100.00"
2020-08-02,2020080201026577,NIL,14,1,20,621.00,"12,420.00"
2020-08-02,2020080201026576,NIL,41,1,28,621.00,"17,388.00"
2020-08-02,2020080201026530,NIL,41,50,100,621.00,"62,100.00"
2020-08-02,2020080201026566,NLBBL,50,36,240,683.00,"163,920.00"
2020-08-02,2020080201026565,NLBBL,50,14,40,682.00,"27,280.00"
2020-08-02,2020080201026508,NLBBL,51,43,50,680.00,"34,000.00"
2020-08-02,2020080201026742,NLIC,39,25,145,"1,322.00","191,690.00"
2020-08-02,2020080201026711,NLIC,45,36,242,"1,323.00","320,166.00"
2020-08-02,2020080201026659,NLIC,59,1,431,"1,325.00","571,075.00"
2020-08-02,2020080201026658,NLIC,59,34,100,"1,324.00","132,400.00"
2020-08-02,2020080201026657,NLIC,59,38,100,"1,324.00","132,400.00"
2020-08-02,2020080201026656,NLIC,59,5,127,"1,324.00","168,148.00"
2020-08-02,2020080201026373,NLIC,56,38,200,"1,323.00","264,600.00"
2020-08-02,2020080201026372,NLIC,38,38,100,"1,323.00","132,300.00"
2020-08-02,2020080201026655,NLIC,59,57,242,"1,323.00","320,166.00"
2020-08-02,2020080201026572,NLIC,44,57,50,"1,323.00","66,150.00"
2020-08-02,2020080201026507,NLIC,53,48,100,"1,323.00","132,300.00"
2020-08-02,2020080201026506,NLIC,56,48,50,"1,323.00","66,150.00"
2020-08-02,2020080201026471,NLIC,56,19,100,"1,323.00","132,300.00"
2020-08-02,2020080201026376,NLIC,56,29,150,"1,323.00","198,450.00"
2020-08-02,2020080201026517,NLICL,32,59,49,663.00,"32,487.00"
2020-08-02,2020080201026516,NLICL,37,59,10,663.00,"6,630.00"
2020-08-02,2020080201026515,NLICL,26,59,100,664.00,"66,400.00"
2020-08-02,2020080201026514,NLICL,22,59,200,664.00,"132,800.00"
2020-08-02,2020080201026513,NLICL,47,59,29,664.00,"19,256.00"
2020-08-02,2020080201026512,NLICL,45,59,300,664.00,"199,200.00"
2020-08-02,2020080201026511,NLICL,51,59,100,664.00,"66,400.00"
2020-08-02,2020080201026510,NLICL,21,59,12,665.00,"7,980.00"
2020-08-02,2020080201026827,NMB,38,39,33,415.00,"13,695.00"
2020-08-02,2020080201026826,NMB,56,39,300,415.00,"124,500.00"
2020-08-02,2020080201026825,NMB,53,39,167,415.00,"69,305.00"
2020-08-02,2020080201026759,NMB,1,32,50,416.00,"20,800.00"
2020-08-02,2020080201026727,NMB,53,21,33,415.00,"13,695.00"
2020-08-02,2020080201026726,NMB,47,21,50,415.00,"20,750.00"
2020-08-02,2020080201026574,NMB,52,32,100,416.00,"41,600.00"
2020-08-02,2020080201026546,NMB,16,36,"5,000",415.00,"2,075,000.00"
2020-08-02,2020080201026497,NMB,16,32,60,415.00,"24,900.00"
2020-08-02,2020080201026439,NMB,16,26,242,415.00,"100,430.00"
2020-08-02,2020080201026400,NMB,16,57,"1,418",415.00,"588,470.00"
2020-08-02,2020080201026725,NMB,48,21,50,415.00,"20,750.00"
2020-08-02,2020080201026724,NMB,45,21,67,415.00,"27,805.00"
2020-08-02,2020080201026704,NMB,45,58,133,415.00,"55,195.00"
2020-08-02,2020080201026703,NMB,16,58,867,415.00,"359,805.00"
2020-08-02,2020080201026627,NMB,16,51,250,415.00,"103,750.00"
2020-08-02,2020080201026606,NMB,37,32,20,416.00,"8,320.00"
2020-08-02,2020080201026408,NMFBS,33,33,20,"1,555.00","31,100.00"
2020-08-02,2020080201026831,NRIC,47,42,20,585.00,"11,700.00"
2020-08-02,2020080201026794,NRIC,57,42,40,585.00,"23,400.00"
2020-08-02,2020080201026764,NRIC,37,42,20,585.00,"11,700.00"
2020-08-02,2020080201026750,NRIC,39,36,20,584.00,"11,680.00"
2020-08-02,2020080201026738,NRIC,39,26,90,584.00,"52,560.00"
2020-08-02,2020080201026737,NRIC,35,26,100,584.00,"58,400.00"
2020-08-02,2020080201026368,NRIC,49,14,50,586.00,"29,300.00"
2020-08-02,2020080201026361,NRIC,49,36,40,586.00,"23,440.00"
2020-08-02,2020080201026384,NRIC,51,36,10,586.00,"5,860.00"
2020-08-02,2020080201026383,NRIC,1,36,100,586.00,"58,600.00"
2020-08-02,2020080201026382,NRIC,8,36,70,586.00,"41,020.00"
2020-08-02,2020080201026381,NRIC,56,36,110,586.00,"64,460.00"
2020-08-02,2020080201026380,NRIC,49,36,320,586.00,"187,520.00"
2020-08-02,2020080201026371,NRIC,34,25,50,587.00,"29,350.00"
2020-08-02,2020080201026406,NRIC,54,28,40,586.00,"23,440.00"
2020-08-02,2020080201026389,NRIC,54,36,190,586.00,"111,340.00"
2020-08-02,2020080201026388,NRIC,18,36,40,586.00,"23,440.00"
2020-08-02,2020080201026387,NRIC,39,36,45,586.00,"26,370.00"
2020-08-02,2020080201026386,NRIC,42,36,35,586.00,"20,510.00"
2020-08-02,2020080201026385,NRIC,48,36,80,586.00,"46,880.00"
2020-08-02,2020080201026424,NRIC,49,36,100,585.00,"58,500.00"
2020-08-02,2020080201026423,NRIC,56,36,200,585.00,"117,000.00"
2020-08-02,2020080201026422,NRIC,49,36,"1,000",585.00,"585,000.00"
2020-08-02,2020080201026421,NRIC,39,36,"1,000",585.00,"585,000.00"
2020-08-02,2020080201026420,NRIC,52,36,20,585.00,"11,700.00"
2020-08-02,2020080201026419,NRIC,54,36,270,586.00,"158,220.00"
2020-08-02,2020080201026430,NRIC,55,36,100,585.00,"58,500.00"
2020-08-02,2020080201026429,NRIC,50,36,500,585.00,"292,500.00"
2020-08-02,2020080201026428,NRIC,36,36,700,585.00,"409,500.00"
2020-08-02,2020080201026427,NRIC,32,36,50,585.00,"29,250.00"
2020-08-02,2020080201026426,NRIC,49,36,30,585.00,"17,550.00"
2020-08-02,2020080201026425,NRIC,41,36,400,585.00,"234,000.00"
2020-08-02,2020080201026493,NRIC,6,10,20,584.00,"11,680.00"
2020-08-02,2020080201026492,NRIC,56,10,20,585.00,"11,700.00"
2020-08-02,2020080201026490,NRIC,56,14,40,585.00,"23,400.00"
2020-08-02,2020080201026484,NRIC,56,45,40,585.00,"23,400.00"
2020-08-02,2020080201026444,NRIC,56,18,20,586.00,"11,720.00"
2020-08-02,2020080201026431,NRIC,6,36,630,584.00,"367,920.00"
2020-08-02,2020080201026667,NRIC,39,42,10,585.00,"5,850.00"
2020-08-02,2020080201026666,NRIC,39,47,40,585.00,"23,400.00"
2020-08-02,2020080201026649,NRIC,6,14,40,584.00,"23,360.00"
2020-08-02,2020080201026630,NRIC,6,28,50,584.00,"29,200.00"
2020-08-02,2020080201026597,NRIC,6,45,50,584.00,"29,200.00"
2020-08-02,2020080201026575,NRIC,6,10,40,584.00,"23,360.00"
2020-08-02,2020080201026736,NRIC,6,26,10,584.00,"5,840.00"
2020-08-02,2020080201026728,NRIC,6,33,40,584.00,"23,360.00"
2020-08-02,2020080201026710,NRIC,6,28,40,584.00,"23,360.00"
2020-08-02,2020080201026705,NRIC,6,14,40,584.00,"23,360.00"
2020-08-02,2020080201026695,NRIC,6,47,40,584.00,"23,360.00"
2020-08-02,2020080201026686,NRIC,45,42,50,585.00,"29,250.00"
2020-08-02,2020080201026765,NTC,45,22,10,649.00,"6,490.00"
2020-08-02,2020080201026532,NTC,45,25,10,649.00,"6,490.00"
2020-08-02,2020080201026531,NTC,45,25,490,649.00,"318,010.00"
2020-08-02,2020080201026542,OHL,56,4,81,339.00,"27,459.00"
2020-08-02,2020080201026541,OHL,7,4,65,339.00,"22,035.00"
2020-08-02,2020080201026540,OHL,16,4,20,339.00,"6,780.00"
2020-08-02,2020080201026539,OHL,34,4,50,339.00,"16,950.00"
2020-08-02,2020080201026538,OHL,14,4,355,339.00,"120,345.00"
2020-08-02,2020080201026537,OHL,53,4,100,339.00,"33,900.00"
2020-08-02,2020080201026536,OHL,37,4,100,339.00,"33,900.00"
2020-08-02,2020080201026535,OHL,52,4,10,339.00,"3,390.00"
2020-08-02,2020080201026534,OHL,46,4,100,340.00,"34,000.00"
2020-08-02,2020080201026533,OHL,52,4,29,340.00,"9,860.00"
2020-08-02,2020080201026788,PCBL,58,36,123,269.00,"33,087.00"
2020-08-02,2020080201026787,PCBL,58,59,800,269.00,"215,200.00"
2020-08-02,2020080201026786,PCBL,58,36,77,269.00,"20,713.00"
2020-08-02,2020080201026763,PCBL,52,36,50,269.00,"13,450.00"
2020-08-02,2020080201026648,PCBL,45,36,30,269.00,"8,070.00"
2020-08-02,2020080201026647,PCBL,16,36,42,269.00,"11,298.00"
2020-08-02,2020080201026646,PCBL,22,36,300,269.00,"80,700.00"
2020-08-02,2020080201026645,PCBL,45,36,250,269.00,"67,250.00"
2020-08-02,2020080201026644,PCBL,58,36,"1,000",269.00,"269,000.00"
2020-08-02,2020080201026643,PCBL,58,36,251,269.00,"67,519.00"
2020-08-02,2020080201026464,PCBL,58,28,249,269.00,"66,981.00"
2020-08-02,2020080201026463,PCBL,58,28,751,269.00,"202,019.00"
2020-08-02,2020080201026745,PIC,53,36,300,616.00,"184,800.00"
2020-08-02,2020080201026671,PIC,53,16,56,615.00,"34,440.00"
2020-08-02,2020080201026670,PIC,43,16,20,615.00,"12,300.00"
2020-08-02,2020080201026669,PIC,54,16,224,615.00,"137,760.00"
2020-08-02,2020080201026520,PIC,54,36,200,616.00,"123,200.00"
2020-08-02,2020080201026417,PIC,37,52,30,617.00,"18,510.00"
2020-08-02,2020080201026689,PICL,26,40,50,444.00,"22,200.00"
2020-08-02,2020080201026548,PMHPL,29,39,100,76.00,"7,600.00"
2020-08-02,2020080201026466,PPCL,32,39,235,118.00,"27,730.00"
2020-08-02,2020080201026398,PRIN,49,32,20,470.00,"9,400.00"
2020-08-02,2020080201026397,PRIN,26,32,200,470.00,"94,000.00"
2020-08-02,2020080201026396,PRIN,50,32,20,470.00,"9,400.00"
2020-08-02,2020080201026395,PRIN,26,32,100,471.00,"47,100.00"
2020-08-02,2020080201026595,PRVU,38,57,30,235.00,"7,050.00"
2020-08-02,2020080201026440,PRVU,4,4,"3,480",235.00,"817,800.00"
2020-08-02,2020080201026441,PRVU,38,4,575,235.00,"135,125.00"
2020-08-02,2020080201026701,RHPC,58,3,300,83.00,"24,900.00"
2020-08-02,2020080201026465,RHPL,49,34,40,143.00,"5,720.00"
2020-08-02,2020080201026571,RLFL,32,26,195,122.00,"23,790.00"
2020-08-02,2020080201026377,RMDC,6,16,12,711.00,"8,532.00"
2020-08-02,2020080201026758,RSDC,34,34,1,485.00,485.00
2020-08-02,2020080201026743,RSDC,42,21,125,476.00,"59,500.00"
2020-08-02,2020080201026665,SABSL,19,7,11,727.00,"7,997.00"
2020-08-02,2020080201026664,SABSL,19,19,120,725.00,"87,000.00"
2020-08-02,2020080201026528,SABSL,32,19,100,725.00,"72,500.00"
2020-08-02,2020080201026823,SADBL,37,52,500,144.00,"72,000.00"
2020-08-02,2020080201026714,SANIMA,33,38,200,351.00,"70,200.00"
2020-08-02,2020080201026438,SANIMA,6,19,206,350.00,"72,100.00"
2020-08-02,2020080201026437,SANIMA,52,19,50,350.00,"17,500.00"
2020-08-02,2020080201026436,SANIMA,8,19,144,350.00,"50,400.00"
2020-08-02,2020080201026367,SBI,13,16,530,435.00,"230,550.00"
2020-08-02,2020080201026519,SBL,39,56,591,299.00,"176,709.00"
2020-08-02,2020080201026443,SBL,7,56,20,303.00,"6,060.00"
2020-08-02,2020080201026375,SCB,6,57,300,658.00,"197,400.00"
2020-08-02,2020080201026446,SDESI,25,39,10,840.00,"8,400.00"
2020-08-02,2020080201026445,SDESI,25,17,16,828.00,"13,248.00"
2020-08-02,2020080201026616,SHINE,7,41,200,231.00,"46,200.00"
2020-08-02,2020080201026615,SHINE,6,41,34,231.00,"7,854.00"
2020-08-02,2020080201026619,SHINE,22,41,16,231.00,"3,696.00"
2020-08-02,2020080201026618,SHINE,26,41,200,231.00,"46,200.00"
2020-08-02,2020080201026617,SHINE,57,41,50,231.00,"11,550.00"
2020-08-02,2020080201026850,SHIVM,6,4,200,580.00,"116,000.00"
2020-08-02,2020080201026849,SHIVM,39,4,10,580.00,"5,800.00"
2020-08-02,2020080201026848,SHIVM,33,4,100,580.00,"58,000.00"
2020-08-02,2020080201026847,SHIVM,33,4,200,580.00,"116,000.00"
2020-08-02,2020080201026846,SHIVM,34,4,100,580.00,"58,000.00"
2020-08-02,2020080201026845,SHIVM,4,4,100,580.00,"58,000.00"
2020-08-02,2020080201026838,SHIVM,5,4,10,584.00,"5,840.00"
2020-08-02,2020080201026837,SHIVM,22,4,10,584.00,"5,840.00"
2020-08-02,2020080201026836,SHIVM,52,4,500,584.00,"292,000.00"
2020-08-02,2020080201026676,SHIVM,39,7,395,585.00,"231,075.00"
2020-08-02,2020080201026675,SHIVM,39,41,905,585.00,"529,425.00"
2020-08-02,2020080201026674,SHIVM,39,54,200,584.00,"116,800.00"
2020-08-02,2020080201026844,SHIVM,48,4,100,580.00,"58,000.00"
2020-08-02,2020080201026843,SHIVM,44,4,"1,000",580.00,"580,000.00"
2020-08-02,2020080201026842,SHIVM,51,4,50,580.00,"29,000.00"
2020-08-02,2020080201026841,SHIVM,35,4,100,583.00,"58,300.00"
2020-08-02,2020080201026840,SHIVM,37,4,50,583.00,"29,150.00"
2020-08-02,2020080201026839,SHIVM,42,4,50,583.00,"29,150.00"
2020-08-02,2020080201026673,SIC,18,51,14,726.00,"10,164.00"
2020-08-02,2020080201026672,SIC,46,51,86,726.00,"62,436.00"
2020-08-02,2020080201026545,SIC,46,14,155,726.00,"112,530.00"
2020-08-02,2020080201026834,SICL,58,38,462,"1,200.00","554,400.00"
2020-08-02,2020080201026833,SICL,7,38,10,"1,200.00","12,000.00"
2020-08-02,2020080201026832,SICL,58,38,63,"1,200.00","75,600.00"
2020-08-02,2020080201026693,SICL,14,59,110,"1,202.00","132,220.00"
2020-08-02,2020080201026477,SICL,14,45,100,"1,202.00","120,200.00"
2020-08-02,2020080201026757,SIL,42,42,49,585.00,"28,665.00"
2020-08-02,2020080201026756,SIL,32,42,50,585.00,"29,250.00"
2020-08-02,2020080201026755,SIL,46,42,444,585.00,"259,740.00"
2020-08-02,2020080201026793,SJCL,51,52,100,135.00,"13,500.00"
2020-08-02,2020080201026782,SJCL,57,7,10,134.00,"1,340.00"
2020-08-02,2020080201026744,SJCL,11,35,20,133.00,"2,660.00"
2020-08-02,2020080201026731,SLBS,13,21,22,950.00,"20,900.00"
2020-08-02,2020080201026730,SLBS,48,21,16,952.00,"15,232.00"
2020-08-02,2020080201026621,SLICL,49,1,50,432.00,"21,600.00"
2020-08-02,2020080201026526,SLICL,48,1,50,432.00,"21,600.00"
2020-08-02,2020080201026525,SLICL,48,6,50,431.00,"21,550.00"
2020-08-02,2020080201026489,SLICL,57,6,"2,778",430.00,"1,194,540.00"
2020-08-02,2020080201026488,SLICL,44,6,100,430.00,"43,000.00"
2020-08-02,2020080201026487,SLICL,4,6,122,430.00,"52,460.00"
2020-08-02,2020080201026364,SMB,33,50,30,830.00,"24,900.00"
2020-08-02,2020080201026363,SMB,49,50,20,830.00,"16,600.00"
2020-08-02,2020080201026362,SMB,47,50,15,835.00,"12,525.00"
2020-08-02,2020080201026620,SPARS,38,38,1,807.00,807.00
2020-08-02,2020080201026590,SRBL,40,45,277,236.00,"65,372.00"
2020-08-02,2020080201026518,SRBL,33,44,50,237.00,"11,850.00"
2020-08-02,2020080201026452,STC,22,42,20,"2,671.00","53,420.00"
2020-08-02,2020080201026451,STC,7,42,20,"2,671.00","53,420.00"
2020-08-02,2020080201026450,STC,26,42,10,"2,671.00","26,710.00"
2020-08-02,2020080201026449,STC,1,42,20,"2,676.00","53,520.00"
2020-08-02,2020080201026448,STC,45,42,10,"2,676.00","26,760.00"
2020-08-02,2020080201026447,STC,45,42,20,"2,676.00","53,520.00"
2020-08-02,2020080201026642,SWBBL,26,45,35,"1,175.00","41,125.00"
2020-08-02,2020080201026587,SWBBL,39,48,35,"1,173.00","41,055.00"
2020-08-02,2020080201026379,SWBBL,25,48,20,"1,176.00","23,520.00"
2020-08-02,2020080201026378,SWBBL,21,48,45,"1,177.00","52,965.00"
2020-08-02,2020080201026814,TRH,45,14,979,212.00,"207,548.00"
2020-08-02,2020080201026813,TRH,42,14,20,214.00,"4,280.00"
2020-08-02,2020080201026754,UIC,41,49,285,362.00,"103,170.00"
2020-08-02,2020080201026547,UIC,41,7,115,362.00,"41,630.00"
2020-08-02,2020080201026500,UIC,14,49,500,361.00,"180,500.00"
2020-08-02,2020080201026499,UIC,13,49,30,361.00,"10,830.00"
2020-08-02,2020080201026753,UPPER,55,41,40,227.00,"9,080.00"
2020-08-02,2020080201026527,UPPER,35,34,100,228.00,"22,800.00"
2020-08-02,2020080201026284,ADBL,25,58,109,409.00,"44,581.00"
2020-08-02,2020080201026275,ADBL,35,58,10,410.00,"4,100.00"
2020-08-02,2020080201026216,ADBL,25,49,13,409.00,"5,317.00"
2020-08-02,2020080201026209,ADBL,25,14,26,409.00,"10,634.00"
2020-08-02,2020080201025874,ADBL,59,25,100,411.00,"41,100.00"
2020-08-02,2020080201025873,ADBL,19,25,40,411.00,"16,440.00"
2020-08-02,2020080201025872,ADBL,51,25,88,411.00,"36,168.00"
2020-08-02,2020080201025875,ADBL,41,25,13,410.00,"5,330.00"
2020-08-02,2020080201026006,ADBL,10,58,100,410.00,"41,000.00"
2020-08-02,2020080201026005,ADBL,41,58,12,410.00,"4,920.00"
2020-08-02,2020080201025902,AHPC,26,17,500,96.00,"48,000.00"
2020-08-02,2020080201026184,AKJCL,33,6,20,62.00,"1,240.00"
2020-08-02,2020080201026183,AKJCL,33,59,20,62.00,"1,240.00"
2020-08-02,2020080201026182,AKJCL,33,59,20,61.00,"1,220.00"
2020-08-02,2020080201026322,BOKL,56,51,177,228.00,"40,356.00"
2020-08-02,2020080201026321,BOKL,42,51,17,228.00,"3,876.00"
2020-08-02,2020080201026320,BOKL,55,51,30,228.00,"6,840.00"
2020-08-02,2020080201026319,BOKL,53,51,50,228.00,"11,400.00"
2020-08-02,2020080201026318,BOKL,32,51,40,228.00,"9,120.00"
2020-08-02,2020080201026317,BOKL,36,51,30,228.00,"6,840.00"
2020-08-02,2020080201026316,BOKL,44,51,254,228.00,"57,912.00"
2020-08-02,2020080201026315,BOKL,45,51,23,229.00,"5,267.00"
2020-08-02,2020080201026027,BOKL,45,54,100,229.00,"22,900.00"
2020-08-02,2020080201026225,BPCL,8,8,4,352.00,"1,408.00"
2020-08-02,2020080201026347,CBBL,36,32,45,"1,060.00","47,700.00"
2020-08-02,2020080201025970,CBBL,19,59,192,"1,061.00","203,712.00"
2020-08-02,2020080201026120,CCBL,14,48,400,172.00,"68,800.00"
2020-08-02,2020080201026093,CCBL,14,46,600,172.00,"103,200.00"
2020-08-02,2020080201026077,CCBL,13,46,400,172.00,"68,800.00"
2020-08-02,2020080201026123,CHCL,1,25,"1,000",385.00,"385,000.00"
2020-08-02,2020080201026070,CHCL,25,1,150,384.00,"57,600.00"
2020-08-02,2020080201026069,CHCL,48,1,50,384.00,"19,200.00"
2020-08-02,2020080201025974,CHCL,48,29,44,384.00,"16,896.00"
2020-08-02,2020080201025973,CHCL,42,29,50,384.00,"19,200.00"
2020-08-02,2020080201025972,CHCL,1,29,50,384.00,"19,200.00"
2020-08-02,2020080201026193,CIT,5,16,10,"2,481.00","24,810.00"
2020-08-02,2020080201026192,CIT,55,16,30,"2,483.00","74,490.00"
2020-08-02,2020080201026191,CIT,44,16,50,"2,484.00","124,200.00"
2020-08-02,2020080201026190,CIT,25,16,10,"2,484.00","24,840.00"
2020-08-02,2020080201026224,CZBIL,7,22,500,195.00,"97,500.00"
2020-08-02,2020080201026067,CZBIL,6,32,300,194.00,"58,200.00"
2020-08-02,2020080201026303,DDBL,47,5,59,836.00,"49,324.00"
2020-08-02,2020080201026302,DDBL,41,5,76,836.00,"63,536.00"
2020-08-02,2020080201026210,DDBL,41,57,10,837.00,"8,370.00"
2020-08-02,2020080201026306,EBL,4,59,33,732.00,"24,156.00"
2020-08-02,2020080201026234,EBL,4,45,67,732.00,"49,044.00"
2020-08-02,2020080201026081,EBL,25,45,50,732.00,"36,600.00"
2020-08-02,2020080201026080,EBL,54,45,183,732.00,"133,956.00"
2020-08-02,2020080201026325,FMDBL,28,41,70,515.00,"36,050.00"
2020-08-02,2020080201026324,FMDBL,28,46,100,515.00,"51,500.00"
2020-08-02,2020080201026323,FMDBL,28,41,129,515.00,"66,435.00"
2020-08-02,2020080201026165,FMDBL,57,38,40,511.00,"20,440.00"
2020-08-02,2020080201026164,FMDBL,54,38,60,511.00,"30,660.00"
2020-08-02,2020080201025921,FOWAD,54,43,90,"1,500.00","135,000.00"
2020-08-02,2020080201025920,FOWAD,52,43,10,"1,500.00","15,000.00"
2020-08-02,2020080201025919,FOWAD,45,43,50,"1,501.00","75,050.00"
2020-08-02,2020080201026298,GBIME,49,32,100,250.00,"25,000.00"
2020-08-02,2020080201026274,GBIME,49,28,96,250.00,"24,000.00"
2020-08-02,2020080201026273,GBIME,41,28,200,250.00,"50,000.00"
2020-08-02,2020080201026272,GBIME,50,28,25,250.00,"6,250.00"
2020-08-02,2020080201026271,GBIME,36,28,500,250.00,"125,000.00"
2020-08-02,2020080201026270,GBIME,32,28,150,250.00,"37,500.00"
2020-08-02,2020080201025924,GBIME,32,33,159,251.00,"39,909.00"
2020-08-02,2020080201025915,GBIME,33,16,171,252.00,"43,092.00"
2020-08-02,2020080201025914,GBIME,33,33,329,252.00,"82,908.00"
2020-08-02,2020080201026235,GBIME,14,8,15,250.00,"3,750.00"
2020-08-02,2020080201026232,GBIME,14,6,50,250.00,"12,500.00"
2020-08-02,2020080201025928,GBIME,14,45,35,250.00,"8,750.00"
2020-08-02,2020080201025927,GBIME,21,45,210,250.00,"52,500.00"
2020-08-02,2020080201025926,GBIME,47,45,500,250.00,"125,000.00"
2020-08-02,2020080201025925,GBIME,42,45,255,250.00,"63,750.00"
2020-08-02,2020080201026246,GBIME,35,51,71,250.00,"17,750.00"
2020-08-02,2020080201026245,GBIME,48,51,59,250.00,"14,750.00"
2020-08-02,2020080201026239,GBIME,48,8,41,250.00,"10,250.00"
2020-08-02,2020080201026238,GBIME,13,8,50,250.00,"12,500.00"
2020-08-02,2020080201026237,GBIME,49,8,100,250.00,"25,000.00"
2020-08-02,2020080201026236,GBIME,25,8,100,250.00,"25,000.00"
2020-08-02,2020080201026269,GBIME,28,28,150,250.00,"37,500.00"
2020-08-02,2020080201026268,GBIME,59,28,200,250.00,"50,000.00"
2020-08-02,2020080201026267,GBIME,53,28,500,250.00,"125,000.00"
2020-08-02,2020080201026266,GBIME,8,28,50,250.00,"12,500.00"
2020-08-02,2020080201026265,GBIME,56,28,500,250.00,"125,000.00"
2020-08-02,2020080201026264,GBIME,35,28,129,250.00,"32,250.00"
2020-08-02,2020080201026313,GBLBS,40,57,32,480.00,"15,360.00"
2020-08-02,2020080201025984,GBLBS,22,26,25,472.00,"11,800.00"
2020-08-02,2020080201026079,GILB,16,8,249,"1,205.00","300,045.00"
2020-08-02,2020080201026078,GILB,45,8,50,"1,205.00","60,250.00"
2020-08-02,2020080201026346,GRDBL,14,39,50,107.00,"5,350.00"
2020-08-02,2020080201026345,GRDBL,7,39,450,107.00,"48,150.00"
2020-08-02,2020080201026344,GRDBL,28,39,100,108.00,"10,800.00"
2020-08-02,2020080201026343,GRDBL,19,39,970,108.00,"104,760.00"
2020-08-02,2020080201026282,HBL,6,50,500,547.00,"273,500.00"
2020-08-02,2020080201025883,HBL,6,57,147,547.00,"80,409.00"
2020-08-02,2020080201026301,HDL,8,11,10,"1,641.00","16,410.00"
2020-08-02,2020080201026297,HDL,33,11,270,"1,641.00","443,070.00"
2020-08-02,2020080201026259,HDL,33,52,470,"1,641.00","771,270.00"
2020-08-02,2020080201026258,HDL,21,52,50,"1,642.00","82,100.00"
2020-08-02,2020080201026248,HDL,58,38,20,"1,646.00","32,920.00"
2020-08-02,2020080201026247,HDL,58,41,50,"1,646.00","82,300.00"
2020-08-02,2020080201025952,HDL,58,21,50,"1,645.00","82,250.00"
2020-08-02,2020080201025951,HDL,55,21,60,"1,645.00","98,700.00"
2020-08-02,2020080201026143,HDL,45,21,20,"1,645.00","32,900.00"
2020-08-02,2020080201026020,HDL,33,29,420,"1,642.00","689,640.00"
2020-08-02,2020080201026019,HDL,6,29,50,"1,643.00","82,150.00"
2020-08-02,2020080201025991,HDL,32,21,10,"1,645.00","16,450.00"
2020-08-02,2020080201025954,HDL,19,21,20,"1,645.00","32,900.00"
2020-08-02,2020080201025953,HDL,28,21,50,"1,645.00","82,250.00"
2020-08-02,2020080201026161,HDL,33,32,260,"1,641.00","426,660.00"
2020-08-02,2020080201026160,HDL,49,32,100,"1,641.00","164,100.00"
2020-08-02,2020080201026159,HDL,28,32,50,"1,641.00","82,050.00"
2020-08-02,2020080201026158,HDL,41,32,10,"1,641.00","16,410.00"
2020-08-02,2020080201026157,HDL,33,32,80,"1,642.00","131,360.00"
2020-08-02,2020080201026144,HDL,45,22,30,"1,645.00","49,350.00"
2020-08-02,2020080201025965,HGI,13,13,325,400.00,"130,000.00"
2020-08-02,2020080201025964,HGI,37,13,100,400.00,"40,000.00"
2020-08-02,2020080201025963,HGI,38,13,50,400.00,"20,000.00"
2020-08-02,2020080201025962,HGI,8,13,300,400.00,"120,000.00"
2020-08-02,2020080201025961,HGI,17,13,25,400.00,"10,000.00"
2020-08-02,2020080201025960,HGI,43,13,50,400.00,"20,000.00"
2020-08-02,2020080201025959,HGI,35,13,50,400.00,"20,000.00"
2020-08-02,2020080201025958,HGI,7,13,100,400.00,"40,000.00"
