Date,Transact. No.,Symbol,Buyer,Seller,Quantity,Rate,Amount
2020-01-23,2020012301015267,ADBL,19,50,400,382.00,"152,800.00"
2020-01-23,2020012301015213,ADBL,19,58,100,382.00,"38,200.00"
2020-01-23,2020012301014933,ALBSL,57,22,10,640.00,"6,400.00"
2020-01-23,2020012301015163,ALICL,52,34,26,508.00,"13,208.00"
2020-01-23,2020012301015162,ALICL,57,34,100,509.00,"50,900.00"
2020-01-23,2020012301015161,ALICL,44,34,500,509.00,"254,500.00"
2020-01-23,2020012301015160,ALICL,57,34,200,509.00,"101,800.00"
2020-01-23,2020012301015159,ALICL,52,34,100,509.00,"50,900.00"
2020-01-23,2020012301015158,ALICL,57,34,100,510.00,"51,000.00"
2020-01-23,2020012301014965,ALICL,57,56,200,512.00,"102,400.00"
2020-01-23,2020012301014839,ALICL,37,56,100,512.00,"51,200.00"
2020-01-23,2020012301015157,ALICL,57,34,100,510.00,"51,000.00"
2020-01-23,2020012301015156,ALICL,33,34,100,510.00,"51,000.00"
2020-01-23,2020012301015155,ALICL,59,34,240,510.00,"122,400.00"
2020-01-23,2020012301015154,ALICL,48,34,500,512.00,"256,000.00"
2020-01-23,2020012301015153,ALICL,57,34,34,512.00,"17,408.00"
2020-01-23,2020012301015146,ALICL,57,49,266,512.00,"136,192.00"
2020-01-23,2020012301015288,API,55,3,14,119.00,"1,666.00"
2020-01-23,2020012301015284,API,55,57,176,119.00,"20,944.00"
2020-01-23,2020012301015283,API,6,57,200,119.00,"23,800.00"
2020-01-23,2020012301015282,API,45,57,80,119.00,"9,520.00"
2020-01-23,2020012301015281,API,34,57,500,119.00,"59,500.00"
2020-01-23,2020012301015280,API,47,57,300,119.00,"35,700.00"
2020-01-23,2020012301015168,API,51,57,456,119.00,"54,264.00"
2020-01-23,2020012301015167,API,59,57,"1,124",119.00,"133,756.00"
2020-01-23,2020012301015012,API,13,40,50,120.00,"6,000.00"
2020-01-23,2020012301015279,API,1,57,100,119.00,"11,900.00"
2020-01-23,2020012301015278,API,1,57,500,119.00,"59,500.00"
2020-01-23,2020012301015277,API,52,57,100,119.00,"11,900.00"
2020-01-23,2020012301015276,API,51,57,44,119.00,"5,236.00"
2020-01-23,2020012301015268,API,25,40,16,120.00,"1,920.00"
2020-01-23,2020012301015258,API,3,40,14,120.00,"1,680.00"
2020-01-23,2020012301015066,BOKL,13,19,170,230.00,"39,100.00"
2020-01-23,2020012301015065,BOKL,40,19,330,230.00,"75,900.00"
2020-01-23,2020012301015164,BPCL,43,28,10,328.00,"3,280.00"
2020-01-23,2020012301015098,BPCL,43,49,11,325.00,"3,575.00"
2020-01-23,2020012301014958,BPCL,33,49,11,324.00,"3,564.00"
2020-01-23,2020012301014957,BPCL,33,49,11,324.00,"3,564.00"
2020-01-23,2020012301014956,BPCL,33,5,33,324.00,"10,692.00"
2020-01-23,2020012301014995,BPCL,13,21,100,321.00,"32,100.00"
2020-01-23,2020012301014963,BPCL,33,49,11,325.00,"3,575.00"
2020-01-23,2020012301014962,BPCL,33,49,22,324.00,"7,128.00"
2020-01-23,2020012301014961,BPCL,33,6,100,324.00,"32,400.00"
2020-01-23,2020012301014960,BPCL,33,49,11,324.00,"3,564.00"
2020-01-23,2020012301014959,BPCL,33,49,11,324.00,"3,564.00"
2020-01-23,2020012301015208,CBL,52,6,44,147.00,"6,468.00"
2020-01-23,2020012301015207,CBL,6,6,200,147.00,"29,400.00"
2020-01-23,2020012301015206,CBL,10,6,50,147.00,"7,350.00"
2020-01-23,2020012301015205,CBL,10,6,50,147.00,"7,350.00"
2020-01-23,2020012301015204,CBL,10,6,50,147.00,"7,350.00"
2020-01-23,2020012301015203,CBL,11,6,500,147.00,"73,500.00"
2020-01-23,2020012301015202,CBL,7,6,989,147.00,"145,383.00"
2020-01-23,2020012301015201,CBL,29,6,117,147.00,"17,199.00"
2020-01-23,2020012301015178,CBL,29,38,330,147.00,"48,510.00"
2020-01-23,2020012301015135,CBL,43,6,10,148.00,"1,480.00"
2020-01-23,2020012301015088,CBL,29,17,341,147.00,"50,127.00"
2020-01-23,2020012301015219,CCBL,40,42,100,181.00,"18,100.00"
2020-01-23,2020012301015006,CHCL,39,25,50,420.00,"21,000.00"
2020-01-23,2020012301014817,CHCL,47,58,30,422.00,"12,660.00"
2020-01-23,2020012301014982,CIT,1,53,50,"2,209.00","110,450.00"
2020-01-23,2020012301014904,CIT,49,17,15,"2,205.00","33,075.00"
2020-01-23,2020012301014873,CIT,49,45,15,"2,205.00","33,075.00"
2020-01-23,2020012301014830,CIT,49,37,20,"2,205.00","44,100.00"
2020-01-23,2020012301014829,CIT,38,37,50,"2,205.00","110,250.00"
2020-01-23,2020012301014844,CLBSL,26,17,100,854.00,"85,400.00"
2020-01-23,2020012301015123,CZBIL,49,48,298,195.00,"58,110.00"
2020-01-23,2020012301015122,CZBIL,49,47,450,195.00,"87,750.00"
2020-01-23,2020012301015102,CZBIL,33,49,35,194.00,"6,790.00"
2020-01-23,2020012301015101,CZBIL,19,49,100,194.00,"19,400.00"
2020-01-23,2020012301015100,CZBIL,32,49,25,194.00,"4,850.00"
2020-01-23,2020012301014989,CZBIL,44,49,80,195.00,"15,600.00"
2020-01-23,2020012301014897,CZBIL,19,49,55,195.00,"10,725.00"
2020-01-23,2020012301015291,DDBL,42,41,65,"1,030.00","66,950.00"
2020-01-23,2020012301015237,DDBL,36,41,15,"1,030.00","15,450.00"
2020-01-23,2020012301014997,DDBL,33,33,30,"1,030.00","30,900.00"
2020-01-23,2020012301014911,DDBL,34,53,38,"1,024.00","38,912.00"
2020-01-23,2020012301014910,DDBL,51,53,377,"1,025.00","386,425.00"
2020-01-23,2020012301014909,DDBL,25,53,185,"1,026.00","189,810.00"
2020-01-23,2020012301015311,EBL,29,40,50,612.00,"30,600.00"
2020-01-23,2020012301014842,EBL,16,50,300,610.00,"183,000.00"
2020-01-23,2020012301014841,EBL,42,50,100,610.00,"61,000.00"
2020-01-23,2020012301015067,EDBL,36,39,20,330.00,"6,600.00"
2020-01-23,2020012301015295,EIC,55,45,200,346.00,"69,200.00"
2020-01-23,2020012301015173,EIC,26,45,500,346.00,"173,000.00"
2020-01-23,2020012301014966,EIC,34,51,100,344.00,"34,400.00"
2020-01-23,2020012301014999,FMDBL,49,6,20,411.00,"8,220.00"
2020-01-23,2020012301015128,GBBL,16,56,163,228.00,"37,164.00"
2020-01-23,2020012301015127,GBBL,41,56,400,228.00,"91,200.00"
2020-01-23,2020012301015126,GBBL,16,56,937,228.00,"213,636.00"
2020-01-23,2020012301015090,GBBL,16,11,63,228.00,"14,364.00"
2020-01-23,2020012301015285,GBIME,59,17,50,296.00,"14,800.00"
2020-01-23,2020012301015248,GBIME,37,17,100,296.00,"29,600.00"
2020-01-23,2020012301015240,GBIME,46,17,200,296.00,"59,200.00"
2020-01-23,2020012301015238,GBIME,57,17,229,296.00,"67,784.00"
2020-01-23,2020012301015200,GBIME,45,45,19,295.00,"5,605.00"
2020-01-23,2020012301015199,GBIME,44,45,100,295.00,"29,500.00"
2020-01-23,2020012301014850,GBIME,49,48,225,295.00,"66,375.00"
2020-01-23,2020012301014941,GBIME,42,40,200,295.00,"59,000.00"
2020-01-23,2020012301014940,GBIME,59,40,100,295.00,"29,500.00"
2020-01-23,2020012301014939,GBIME,52,40,55,295.00,"16,225.00"
2020-01-23,2020012301014938,GBIME,17,40,100,295.00,"29,500.00"
2020-01-23,2020012301014937,GBIME,49,40,338,295.00,"99,710.00"
2020-01-23,2020012301014931,GBIME,47,17,20,296.00,"5,920.00"
2020-01-23,2020012301015048,GBIME,29,41,200,295.00,"59,000.00"
2020-01-23,2020012301015039,GBIME,43,17,50,296.00,"14,800.00"
2020-01-23,2020012301014983,GBIME,59,17,300,296.00,"88,800.00"
2020-01-23,2020012301014964,GBIME,29,43,345,295.00,"101,775.00"
2020-01-23,2020012301014943,GBIME,29,40,381,295.00,"112,395.00"
2020-01-23,2020012301014942,GBIME,45,40,200,295.00,"59,000.00"
2020-01-23,2020012301015198,GBIME,58,45,100,295.00,"29,500.00"
2020-01-23,2020012301015197,GBIME,43,45,374,295.00,"110,330.00"
2020-01-23,2020012301015106,GBIME,43,49,126,295.00,"37,170.00"
2020-01-23,2020012301015105,GBIME,29,49,74,295.00,"21,830.00"
2020-01-23,2020012301015052,GBIME,35,17,100,296.00,"29,600.00"
2020-01-23,2020012301015051,GBIME,8,17,"1,000",296.00,"296,000.00"
2020-01-23,2020012301015060,GBLBS,46,1,100,419.00,"41,900.00"
2020-01-23,2020012301015059,GBLBS,46,13,415,418.00,"173,470.00"
2020-01-23,2020012301014971,GBLBS,59,13,50,416.00,"20,800.00"
2020-01-23,2020012301015079,GGBSL,11,52,80,858.00,"68,640.00"
2020-01-23,2020012301015078,GGBSL,3,52,90,859.00,"77,310.00"
2020-01-23,2020012301015290,GILB,45,34,50,"1,300.00","65,000.00"
2020-01-23,2020012301015176,GILB,38,34,50,"1,300.00","65,000.00"
2020-01-23,2020012301015152,GILB,48,34,10,"1,300.00","13,000.00"
2020-01-23,2020012301015151,GILB,48,57,10,"1,298.00","12,980.00"
2020-01-23,2020012301014998,GILB,13,29,30,"1,298.00","38,940.00"
2020-01-23,2020012301015170,GLBSL,3,3,10,625.00,"6,250.00"
2020-01-23,2020012301015271,GLICL,39,22,208,673.00,"139,984.00"
2020-01-23,2020012301015148,GLICL,39,6,100,670.00,"67,000.00"
2020-01-23,2020012301015064,GLICL,19,43,30,670.00,"20,100.00"
2020-01-23,2020012301015063,GLICL,56,43,100,670.00,"67,000.00"
2020-01-23,2020012301014827,GLICL,49,11,100,665.00,"66,500.00"
2020-01-23,2020012301014826,GLICL,59,11,200,666.00,"133,200.00"
2020-01-23,2020012301015307,GMFBS,43,57,10,765.00,"7,650.00"
2020-01-23,2020012301014848,GMFBS,58,7,140,751.00,"105,140.00"
2020-01-23,2020012301015045,GUFL,33,42,500,133.00,"66,500.00"
2020-01-23,2020012301014838,GUFL,33,35,50,133.00,"6,650.00"
2020-01-23,2020012301015093,HBL,5,11,10,567.00,"5,670.00"
2020-01-23,2020012301015092,HBL,5,49,55,562.00,"30,910.00"
2020-01-23,2020012301015055,HBL,5,49,10,562.00,"5,620.00"
2020-01-23,2020012301015031,HBL,19,5,65,555.00,"36,075.00"
2020-01-23,2020012301015030,HBL,19,5,200,555.00,"111,000.00"
2020-01-23,2020012301015029,HBL,32,5,50,555.00,"27,750.00"
2020-01-23,2020012301015016,HBL,14,5,50,560.00,"28,000.00"
2020-01-23,2020012301015015,HBL,14,5,100,560.00,"56,000.00"
2020-01-23,2020012301015014,HBL,11,5,125,561.00,"70,125.00"
2020-01-23,2020012301014899,HBL,11,7,175,561.00,"98,175.00"
2020-01-23,2020012301014898,HBL,49,7,100,561.00,"56,100.00"
2020-01-23,2020012301014831,HBL,45,49,25,562.00,"14,050.00"
2020-01-23,2020012301015022,HBL,14,5,50,560.00,"28,000.00"
2020-01-23,2020012301015021,HBL,25,5,300,560.00,"168,000.00"
2020-01-23,2020012301015020,HBL,42,5,10,560.00,"5,600.00"
2020-01-23,2020012301015019,HBL,6,5,50,560.00,"28,000.00"
2020-01-23,2020012301015018,HBL,19,5,100,560.00,"56,000.00"
2020-01-23,2020012301015017,HBL,44,5,200,560.00,"112,000.00"
2020-01-23,2020012301015028,HBL,41,5,200,555.00,"111,000.00"
2020-01-23,2020012301015027,HBL,7,5,200,558.00,"111,600.00"
2020-01-23,2020012301015026,HBL,35,5,50,558.00,"27,900.00"
2020-01-23,2020012301015025,HBL,34,5,"1,000",558.00,"558,000.00"
2020-01-23,2020012301015024,HBL,41,5,150,558.00,"83,700.00"
2020-01-23,2020012301015023,HBL,57,5,100,559.00,"55,900.00"
2020-01-23,2020012301015314,HDL,35,5,10,"1,245.00","12,450.00"
2020-01-23,2020012301015308,HDL,16,35,100,"1,241.00","124,100.00"
2020-01-23,2020012301015300,HDL,38,7,100,"1,237.00","123,700.00"
2020-01-23,2020012301015265,HDL,34,55,50,"1,236.00","61,800.00"
2020-01-23,2020012301015264,HDL,32,55,50,"1,236.00","61,800.00"
2020-01-23,2020012301015263,HDL,29,55,50,"1,236.00","61,800.00"
2020-01-23,2020012301015262,HDL,57,55,50,"1,238.00","61,900.00"
2020-01-23,2020012301015133,HDL,57,6,50,"1,238.00","61,900.00"
2020-01-23,2020012301015132,HDL,57,7,100,"1,238.00","123,800.00"
2020-01-23,2020012301015049,HDL,57,6,50,"1,240.00","62,000.00"
2020-01-23,2020012301014916,HDL,34,35,100,"1,241.00","124,100.00"
2020-01-23,2020012301014871,HDL,38,57,110,"1,241.00","136,510.00"
2020-01-23,2020012301015046,HGI,25,58,30,355.00,"10,650.00"
2020-01-23,2020012301015004,HGI,51,58,500,356.00,"178,000.00"
2020-01-23,2020012301015003,HGI,44,58,300,356.00,"106,800.00"
2020-01-23,2020012301015002,HGI,16,58,100,356.00,"35,600.00"
2020-01-23,2020012301015042,ICFC,55,4,150,171.00,"25,650.00"
2020-01-23,2020012301015041,ICFC,49,4,160,171.00,"27,360.00"
2020-01-23,2020012301015175,ILBS,10,22,10,800.00,"8,000.00"
2020-01-23,2020012301015007,ILBS,3,3,10,795.00,"7,950.00"
2020-01-23,2020012301014925,ILBS,39,19,100,788.00,"78,800.00"
2020-01-23,2020012301014855,JFL,42,58,10,187.00,"1,870.00"
2020-01-23,2020012301015294,JOSHI,42,54,20,63.00,"1,260.00"
2020-01-23,2020012301015293,JOSHI,42,45,20,63.00,"1,260.00"
2020-01-23,2020012301015169,KBL,16,49,541,195.00,"105,495.00"
2020-01-23,2020012301015037,KBL,46,49,"1,000",196.00,"196,000.00"
2020-01-23,2020012301015008,KBL,52,49,350,196.00,"68,600.00"
2020-01-23,2020012301014881,KBL,52,42,150,196.00,"29,400.00"
2020-01-23,2020012301014880,KBL,52,34,500,196.00,"98,000.00"
2020-01-23,2020012301014954,KKHC,34,49,10,51.00,510.00
2020-01-23,2020012301015095,KSBBL,59,17,10,154.00,"1,540.00"
2020-01-23,2020012301014847,LBBL,42,51,700,189.00,"132,300.00"
2020-01-23,2020012301015001,LBL,56,35,80,207.00,"16,560.00"
2020-01-23,2020012301014908,LBL,56,17,20,208.00,"4,160.00"
2020-01-23,2020012301014819,LBL,25,22,16,209.00,"3,344.00"
2020-01-23,2020012301014818,LBL,25,22,"1,173",209.00,"245,157.00"
2020-01-23,2020012301015236,LICN,45,14,50,"1,253.00","62,650.00"
2020-01-23,2020012301015245,MBL,14,59,492,232.00,"114,144.00"
2020-01-23,2020012301015068,MBL,34,59,50,232.00,"11,600.00"
2020-01-23,2020012301014895,MBL,29,34,230,231.00,"53,130.00"
2020-01-23,2020012301014894,MBL,49,34,200,231.00,"46,200.00"
2020-01-23,2020012301014893,MBL,28,34,70,231.00,"16,170.00"
2020-01-23,2020012301014888,MBL,43,59,10,232.00,"2,320.00"
2020-01-23,2020012301015104,MEGA,44,57,200,199.00,"39,800.00"
2020-01-23,2020012301015036,MEGA,39,57,50,199.00,"9,950.00"
2020-01-23,2020012301014905,MEGA,45,57,50,199.00,"9,950.00"
2020-01-23,2020012301015000,MERO,44,45,40,630.00,"25,200.00"
2020-01-23,2020012301014929,MERO,44,6,26,630.00,"16,380.00"
2020-01-23,2020012301014928,MERO,19,6,30,630.00,"18,900.00"
2020-01-23,2020012301015145,MERO,19,28,183,628.00,"114,924.00"
2020-01-23,2020012301015144,MERO,52,28,50,629.00,"31,450.00"
2020-01-23,2020012301015143,MERO,26,28,30,629.00,"18,870.00"
2020-01-23,2020012301015142,MERO,19,28,25,629.00,"15,725.00"
2020-01-23,2020012301015141,MERO,59,28,378,629.00,"237,762.00"
2020-01-23,2020012301015140,MERO,44,28,134,630.00,"84,420.00"
2020-01-23,2020012301015096,MFIL,47,45,15,202.00,"3,030.00"
2020-01-23,2020012301015034,MFIL,43,7,10,204.00,"2,040.00"
2020-01-23,2020012301014984,MFIL,43,7,10,204.00,"2,040.00"
2020-01-23,2020012301014930,MFIL,43,43,10,206.00,"2,060.00"
2020-01-23,2020012301015289,MNBBL,25,28,300,316.00,"94,800.00"
2020-01-23,2020012301015286,MNBBL,35,4,10,318.00,"3,180.00"
2020-01-23,2020012301015044,MNBBL,25,42,80,316.00,"25,280.00"
2020-01-23,2020012301015076,NABIL,41,42,25,727.00,"18,175.00"
2020-01-23,2020012301015047,NABIL,40,53,172,725.00,"124,700.00"
2020-01-23,2020012301015116,NADEP,6,48,30,635.00,"19,050.00"
2020-01-23,2020012301015115,NADEP,6,58,100,635.00,"63,500.00"
2020-01-23,2020012301015050,NADEP,6,28,50,632.00,"31,600.00"
2020-01-23,2020012301014919,NADEP,6,48,30,629.00,"18,870.00"
2020-01-23,2020012301014918,NADEP,6,47,64,629.00,"40,256.00"
2020-01-23,2020012301014906,NADEP,49,48,20,629.00,"12,580.00"
2020-01-23,2020012301014828,NADEP,6,49,23,628.00,"14,444.00"
2020-01-23,2020012301014858,NBB,8,49,200,201.00,"40,200.00"
2020-01-23,2020012301014857,NBB,8,45,390,201.00,"78,390.00"
2020-01-23,2020012301015310,NBL,43,4,10,280.00,"2,800.00"
2020-01-23,2020012301015309,NBL,33,4,100,280.00,"28,000.00"
2020-01-23,2020012301015296,NBL,58,4,20,280.00,"5,600.00"
2020-01-23,2020012301015269,NBL,58,1,100,279.00,"27,900.00"
2020-01-23,2020012301015217,NBL,43,4,10,280.00,"2,800.00"
2020-01-23,2020012301015212,NBL,17,4,100,280.00,"28,000.00"
2020-01-23,2020012301014836,NBL,26,45,278,279.00,"77,562.00"
2020-01-23,2020012301014835,NBL,26,29,222,279.00,"61,938.00"
2020-01-23,2020012301015196,NBL,58,38,"1,140",279.00,"318,060.00"
2020-01-23,2020012301015114,NBL,58,35,222,279.00,"61,938.00"
2020-01-23,2020012301015113,NBL,25,35,50,279.00,"13,950.00"
2020-01-23,2020012301015112,NBL,51,35,100,279.00,"27,900.00"
2020-01-23,2020012301015111,NBL,25,35,278,279.00,"77,562.00"
2020-01-23,2020012301014907,NBL,25,45,222,279.00,"61,938.00"
2020-01-23,2020012301015247,NCCB,58,57,100,197.00,"19,700.00"
2020-01-23,2020012301015165,NCCB,1,17,50,198.00,"9,900.00"
2020-01-23,2020012301015075,NCCB,54,17,250,198.00,"49,500.00"
2020-01-23,2020012301014870,NGPL,42,26,423,115.00,"48,645.00"
2020-01-23,2020012301015150,NIB,13,49,416,398.00,"165,568.00"
2020-01-23,2020012301015091,NIB,13,45,100,398.00,"39,800.00"
2020-01-23,2020012301014849,NIB,45,48,40,400.00,"16,000.00"
2020-01-23,2020012301015139,NIBPO,11,39,170,376.00,"63,920.00"
2020-01-23,2020012301015246,NICA,57,26,50,472.00,"23,600.00"
2020-01-23,2020012301015234,NICA,28,45,243,470.00,"114,210.00"
2020-01-23,2020012301015233,NICA,56,45,137,470.00,"64,390.00"
2020-01-23,2020012301015232,NICA,34,45,100,471.00,"47,100.00"
2020-01-23,2020012301015231,NICA,20,45,20,471.00,"9,420.00"
2020-01-23,2020012301014924,NICA,20,28,"1,980",471.00,"932,580.00"
2020-01-23,2020012301014832,NICA,56,39,100,470.00,"47,000.00"
2020-01-23,2020012301014823,NICA,48,28,20,471.00,"9,420.00"
2020-01-23,2020012301015312,NICL,54,58,490,380.00,"186,200.00"
2020-01-23,2020012301015301,NICL,14,58,500,380.00,"190,000.00"
2020-01-23,2020012301015194,NICL,38,58,10,383.00,"3,830.00"
2020-01-23,2020012301014884,NICL,44,19,102,379.00,"38,658.00"
2020-01-23,2020012301014883,NICL,21,19,50,379.00,"18,950.00"
2020-01-23,2020012301014882,NICL,50,19,63,380.00,"23,940.00"
2020-01-23,2020012301015251,NIL,45,44,50,465.00,"23,250.00"
2020-01-23,2020012301015250,NIL,45,52,112,465.00,"52,080.00"
2020-01-23,2020012301015249,NIL,45,33,250,465.00,"116,250.00"
2020-01-23,2020012301015180,NIL,44,44,946,464.00,"438,944.00"
2020-01-23,2020012301015134,NIL,45,44,"1,000",464.00,"464,000.00"
2020-01-23,2020012301015220,NLBBL,44,8,12,665.00,"7,980.00"
2020-01-23,2020012301015069,NLBBL,44,36,25,660.00,"16,500.00"
2020-01-23,2020012301015040,NLBBL,44,17,271,653.00,"176,963.00"
2020-01-23,2020012301014879,NLBBL,44,17,"1,000",653.00,"653,000.00"
2020-01-23,2020012301014878,NLBBL,44,17,754,654.00,"493,116.00"
2020-01-23,2020012301014877,NLBBL,52,17,75,655.00,"49,125.00"
2020-01-23,2020012301014876,NLBBL,44,17,800,655.00,"524,000.00"
2020-01-23,2020012301014875,NLBBL,14,17,100,658.00,"65,800.00"
2020-01-23,2020012301015179,NLG,41,58,100,789.00,"78,900.00"
2020-01-23,2020012301015073,NLG,32,28,35,783.00,"27,405.00"
2020-01-23,2020012301015072,NLG,53,28,50,783.00,"39,150.00"
2020-01-23,2020012301015071,NLG,41,28,15,784.00,"11,760.00"
2020-01-23,2020012301015313,NLIC,45,4,50,"1,100.00","55,000.00"
2020-01-23,2020012301015239,NLIC,45,35,100,"1,100.00","110,000.00"
2020-01-23,2020012301015225,NLIC,58,49,22,"1,102.00","24,244.00"
2020-01-23,2020012301015224,NLIC,58,35,21,"1,102.00","23,142.00"
2020-01-23,2020012301014972,NLIC,45,17,20,"1,100.00","22,000.00"
2020-01-23,2020012301014846,NLIC,1,21,20,"1,099.00","21,980.00"
2020-01-23,2020012301014822,NLIC,1,40,137,"1,099.00","150,563.00"
2020-01-23,2020012301014821,NLIC,10,40,100,"1,100.00","110,000.00"
2020-01-23,2020012301015174,NMB,4,41,70,355.00,"24,850.00"
2020-01-23,2020012301015166,NMB,57,14,50,357.00,"17,850.00"
2020-01-23,2020012301015149,NMBMF,42,45,10,813.00,"8,130.00"
2020-01-23,2020012301014915,NMBMF,26,45,10,798.00,"7,980.00"
2020-01-23,2020012301014981,NMFBS,33,7,10,"1,570.00","15,700.00"
2020-01-23,2020012301014903,NMFBS,33,44,12,"1,551.00","18,612.00"
2020-01-23,2020012301014902,NMFBS,33,37,40,"1,550.00","62,000.00"
2020-01-23,2020012301014901,NMFBS,33,41,18,"1,550.00","27,900.00"
2020-01-23,2020012301014890,NMFBS,33,47,15,"1,545.00","23,175.00"
2020-01-23,2020012301014889,NMFBS,33,45,130,"1,545.00","200,850.00"
2020-01-23,2020012301014969,NNLB,57,19,50,668.00,"33,400.00"
2020-01-23,2020012301014955,NNLB,10,19,150,668.00,"100,200.00"
2020-01-23,2020012301014866,NNLB,34,19,300,659.00,"197,700.00"
2020-01-23,2020012301015292,NSEWA,38,55,10,637.00,"6,370.00"
2020-01-23,2020012301014914,NSEWA,38,41,10,630.00,"6,300.00"
2020-01-23,2020012301014834,NSEWA,56,11,245,622.00,"152,390.00"
2020-01-23,2020012301014833,NSEWA,18,11,25,624.00,"15,600.00"
2020-01-23,2020012301015259,NTC,59,28,10,627.00,"6,270.00"
2020-01-23,2020012301014854,NTC,25,26,50,621.00,"31,050.00"
2020-01-23,2020012301014853,NTC,7,26,300,621.00,"186,300.00"
2020-01-23,2020012301014852,NTC,26,26,40,622.00,"24,880.00"
2020-01-23,2020012301015306,OHL,56,52,10,514.00,"5,140.00"
2020-01-23,2020012301015260,OHL,56,38,36,510.00,"18,360.00"
2020-01-23,2020012301014872,PFL,13,22,50,159.00,"7,950.00"
2020-01-23,2020012301014843,PIC,54,58,100,521.00,"52,100.00"
2020-01-23,2020012301015087,PICL,41,10,20,645.00,"12,900.00"
2020-01-23,2020012301015086,PICL,45,10,180,645.00,"116,100.00"
2020-01-23,2020012301015274,PLIC,49,53,163,520.00,"84,760.00"
2020-01-23,2020012301015273,PLIC,42,53,10,520.00,"5,200.00"
2020-01-23,2020012301015214,PLIC,59,33,44,520.00,"22,880.00"
2020-01-23,2020012301015138,PLIC,44,38,200,522.00,"104,400.00"
2020-01-23,2020012301015137,PLIC,34,38,11,522.00,"5,742.00"
2020-01-23,2020012301015136,PLIC,38,38,47,523.00,"24,581.00"
2020-01-23,2020012301015053,PLIC,57,36,500,524.00,"262,000.00"
2020-01-23,2020012301014987,PLIC,38,53,103,523.00,"53,869.00"
2020-01-23,2020012301014986,PLIC,6,53,50,523.00,"26,150.00"
2020-01-23,2020012301014985,PLIC,4,53,20,523.00,"10,460.00"
2020-01-23,2020012301014869,PLIC,4,3,80,523.00,"41,840.00"
2020-01-23,2020012301014868,PLIC,59,3,200,523.00,"104,600.00"
2020-01-23,2020012301015316,PRIN,34,34,105,421.00,"44,205.00"
2020-01-23,2020012301015315,PRIN,34,55,95,420.00,"39,900.00"
2020-01-23,2020012301015257,PRIN,13,58,451,417.00,"188,067.00"
2020-01-23,2020012301015256,PRIN,8,58,100,417.00,"41,700.00"
2020-01-23,2020012301015255,PRIN,59,58,80,417.00,"33,360.00"
2020-01-23,2020012301015254,PRIN,35,58,50,417.00,"20,850.00"
2020-01-23,2020012301014824,PRIN,44,34,200,421.00,"84,200.00"
2020-01-23,2020012301015097,PRIN,33,34,100,421.00,"42,100.00"
2020-01-23,2020012301015094,PRIN,34,32,391,420.00,"164,220.00"
2020-01-23,2020012301015089,PRIN,19,32,109,420.00,"45,780.00"
2020-01-23,2020012301015032,PRIN,19,59,391,420.00,"164,220.00"
2020-01-23,2020012301014917,PRIN,11,34,50,421.00,"21,050.00"
2020-01-23,2020012301014892,PRIN,17,21,10,419.00,"4,190.00"
2020-01-23,2020012301015185,PRIN,38,58,500,419.00,"209,500.00"
2020-01-23,2020012301015184,PRIN,34,58,500,419.00,"209,500.00"
2020-01-23,2020012301015183,PRIN,51,58,200,419.00,"83,800.00"
2020-01-23,2020012301015182,PRIN,17,58,165,419.00,"69,135.00"
2020-01-23,2020012301015181,PRIN,34,58,69,420.00,"28,980.00"
2020-01-23,2020012301015171,PRIN,34,44,40,420.00,"16,800.00"
2020-01-23,2020012301015191,PRIN,21,58,50,418.00,"20,900.00"
2020-01-23,2020012301015190,PRIN,29,58,20,418.00,"8,360.00"
2020-01-23,2020012301015189,PRIN,34,58,"1,000",418.00,"418,000.00"
2020-01-23,2020012301015188,PRIN,5,58,40,418.00,"16,720.00"
2020-01-23,2020012301015187,PRIN,34,58,"1,000",419.00,"419,000.00"
2020-01-23,2020012301015186,PRIN,41,58,12,419.00,"5,028.00"
2020-01-23,2020012301015253,PRIN,35,58,300,417.00,"125,100.00"
2020-01-23,2020012301015252,PRIN,8,58,200,417.00,"83,400.00"
2020-01-23,2020012301015242,PRIN,8,28,800,417.00,"333,600.00"
2020-01-23,2020012301015241,PRIN,52,28,200,417.00,"83,400.00"
2020-01-23,2020012301015193,PRIN,33,58,20,418.00,"8,360.00"
2020-01-23,2020012301015192,PRIN,51,58,200,418.00,"83,600.00"
2020-01-23,2020012301015272,PROFL,41,34,200,108.00,"21,600.00"
2020-01-23,2020012301014970,PRVU,32,29,498,246.00,"122,508.00"
2020-01-23,2020012301014845,PRVU,43,28,50,247.00,"12,350.00"
2020-01-23,2020012301015223,RHPL,58,21,440,168.00,"73,920.00"
2020-01-23,2020012301014874,RHPL,58,3,10,168.00,"1,680.00"
2020-01-23,2020012301014856,RHPL,58,38,40,168.00,"6,720.00"
2020-01-23,2020012301014996,RSDC,44,6,13,413.00,"5,369.00"
2020-01-23,2020012301015244,SABSL,32,14,10,775.00,"7,750.00"
2020-01-23,2020012301015243,SABSL,57,14,40,775.00,"31,000.00"
2020-01-23,2020012301015119,SADBL,32,6,18,155.00,"2,790.00"
2020-01-23,2020012301015118,SADBL,59,6,200,156.00,"31,200.00"
2020-01-23,2020012301015117,SADBL,32,6,282,156.00,"43,992.00"
2020-01-23,2020012301015216,SANIMA,57,32,103,346.00,"35,638.00"
2020-01-23,2020012301015215,SANIMA,57,57,97,346.00,"33,562.00"
2020-01-23,2020012301015077,SANIMA,58,57,100,346.00,"34,600.00"
2020-01-23,2020012301015130,SBI,28,34,100,410.00,"41,000.00"
2020-01-23,2020012301015129,SBI,48,34,198,410.00,"81,180.00"
2020-01-23,2020012301015210,SBL,4,34,212,317.00,"67,204.00"
2020-01-23,2020012301015209,SBL,25,34,88,317.00,"27,896.00"
2020-01-23,2020012301015261,SCB,35,44,420,610.00,"256,200.00"
2020-01-23,2020012301015035,SCB,35,49,20,605.00,"12,100.00"
2020-01-23,2020012301015074,SDESI,34,1,10,794.00,"7,940.00"
2020-01-23,2020012301014825,SDESI,34,6,27,790.00,"21,330.00"
2020-01-23,2020012301015227,SHIVM,36,28,30,511.00,"15,330.00"
2020-01-23,2020012301015226,SHIVM,41,28,70,512.00,"35,840.00"
2020-01-23,2020012301015218,SHIVM,41,17,30,512.00,"15,360.00"
2020-01-23,2020012301015131,SHIVM,41,17,500,512.00,"256,000.00"
2020-01-23,2020012301015103,SHIVM,36,35,200,511.00,"102,200.00"
2020-01-23,2020012301015099,SHIVM,35,58,90,508.00,"45,720.00"
2020-01-23,2020012301014936,SHIVM,36,17,470,512.00,"240,640.00"
2020-01-23,2020012301014935,SHIVM,36,33,430,512.00,"220,160.00"
2020-01-23,2020012301014934,SHIVM,36,6,100,511.00,"51,100.00"
2020-01-23,2020012301014949,SHIVM,57,48,500,509.00,"254,500.00"
2020-01-23,2020012301014948,SHIVM,19,48,50,509.00,"25,450.00"
2020-01-23,2020012301014947,SHIVM,44,48,500,509.00,"254,500.00"
2020-01-23,2020012301014946,SHIVM,45,48,50,509.00,"25,450.00"
2020-01-23,2020012301014945,SHIVM,19,48,50,509.00,"25,450.00"
2020-01-23,2020012301014944,SHIVM,38,48,145,510.00,"73,950.00"
2020-01-23,2020012301014974,SHIVM,28,58,260,508.00,"132,080.00"
2020-01-23,2020012301014973,SHIVM,6,58,200,511.00,"102,200.00"
2020-01-23,2020012301014953,SHIVM,28,48,640,508.00,"325,120.00"
2020-01-23,2020012301014952,SHIVM,35,48,500,508.00,"254,000.00"
2020-01-23,2020012301014951,SHIVM,46,48,165,509.00,"83,985.00"
2020-01-23,2020012301014950,SHIVM,19,48,100,509.00,"50,900.00"
2020-01-23,2020012301014980,SHIVM,21,58,50,508.00,"25,400.00"
2020-01-23,2020012301014979,SHIVM,40,58,500,508.00,"254,000.00"
2020-01-23,2020012301014978,SHIVM,38,58,300,508.00,"152,400.00"
2020-01-23,2020012301014977,SHIVM,51,58,"1,400",508.00,"711,200.00"
2020-01-23,2020012301014976,SHIVM,58,58,500,508.00,"254,000.00"
2020-01-23,2020012301014975,SHIVM,38,58,200,508.00,"101,600.00"
2020-01-23,2020012301015062,SHL,7,45,250,202.00,"50,500.00"
2020-01-23,2020012301015061,SHL,34,45,800,202.00,"161,600.00"
2020-01-23,2020012301014923,SHL,34,58,200,202.00,"40,400.00"
2020-01-23,2020012301014922,SHL,29,58,100,202.00,"20,200.00"
2020-01-23,2020012301014913,SHL,45,51,100,203.00,"20,300.00"
2020-01-23,2020012301014912,SHL,56,51,287,203.00,"58,261.00"
2020-01-23,2020012301015110,SHPC,50,1,210,202.00,"42,420.00"
2020-01-23,2020012301015109,SHPC,42,1,161,203.00,"32,683.00"
2020-01-23,2020012301015108,SHPC,11,1,72,204.00,"14,688.00"
2020-01-23,2020012301015038,SHPC,11,59,428,204.00,"87,312.00"
2020-01-23,2020012301015305,SICL,58,35,690,"1,013.00","698,970.00"
2020-01-23,2020012301015304,SICL,51,35,70,"1,013.00","70,910.00"
2020-01-23,2020012301015303,SICL,40,35,200,"1,014.00","202,800.00"
2020-01-23,2020012301015302,SICL,58,35,40,"1,018.00","40,720.00"
2020-01-23,2020012301015266,SICL,58,17,10,"1,018.00","10,180.00"
2020-01-23,2020012301015195,SICL,58,28,100,"1,020.00","102,000.00"
2020-01-23,2020012301014837,SICL,54,32,70,"1,014.00","70,980.00"
2020-01-23,2020012301014920,SICL,58,32,30,"1,017.00","30,510.00"
2020-01-23,2020012301014864,SICL,58,35,80,"1,018.00","81,440.00"
2020-01-23,2020012301014863,SICL,58,52,200,"1,018.00","203,600.00"
2020-01-23,2020012301014862,SICL,58,39,100,"1,017.00","101,700.00"
2020-01-23,2020012301014861,SICL,58,29,70,"1,017.00","71,190.00"
2020-01-23,2020012301014860,SICL,58,44,50,"1,016.00","50,800.00"
2020-01-23,2020012301015070,SICL,40,50,25,"1,014.00","25,350.00"
2020-01-23,2020012301015013,SICL,45,50,325,"1,014.00","329,550.00"
2020-01-23,2020012301014993,SICL,54,50,150,"1,014.00","152,100.00"
2020-01-23,2020012301015085,SICL,58,28,35,"1,020.00","35,700.00"
2020-01-23,2020012301015084,SICL,58,52,75,"1,020.00","76,500.00"
2020-01-23,2020012301015083,SICL,58,5,100,"1,019.00","101,900.00"
2020-01-23,2020012301015082,SICL,58,34,200,"1,018.00","203,600.00"
2020-01-23,2020012301015081,SICL,58,35,20,"1,018.00","20,360.00"
2020-01-23,2020012301015080,SICL,58,32,70,"1,017.00","71,190.00"
2020-01-23,2020012301014891,SIL,25,17,10,520.00,"5,200.00"
2020-01-23,2020012301014991,SINDU,49,34,190,128.00,"24,320.00"
2020-01-23,2020012301014990,SINDU,50,34,"1,000",128.00,"128,000.00"
2020-01-23,2020012301014896,SJCL,26,38,20,155.00,"3,100.00"
2020-01-23,2020012301014820,SJCL,26,38,20,155.00,"3,100.00"
2020-01-23,2020012301015147,SKBBL,35,45,10,928.00,"9,280.00"
2020-01-23,2020012301014994,SLBBL,39,51,385,722.00,"277,970.00"
2020-01-23,2020012301014900,SLBBL,39,51,30,722.00,"21,660.00"
2020-01-23,2020012301014867,SLBBL,57,51,10,722.00,"7,220.00"
2020-01-23,2020012301014859,SLBBL,29,51,50,722.00,"36,100.00"
2020-01-23,2020012301014840,SLBSL,6,38,10,759.00,"7,590.00"
2020-01-23,2020012301015230,SLICL,58,57,10,419.00,"4,190.00"
2020-01-23,2020012301015229,SLICL,58,56,50,418.00,"20,900.00"
2020-01-23,2020012301015228,SLICL,58,41,20,417.00,"8,340.00"
2020-01-23,2020012301015124,SLICL,52,46,50,416.00,"20,800.00"
2020-01-23,2020012301015043,SLICL,43,46,50,416.00,"20,800.00"
2020-01-23,2020012301014865,SLICL,45,41,130,417.00,"54,210.00"
2020-01-23,2020012301015011,SLICL,42,46,500,416.00,"208,000.00"
2020-01-23,2020012301014932,SLICL,42,46,130,416.00,"54,080.00"
2020-01-23,2020012301014921,SLICL,52,46,130,416.00,"54,080.00"
2020-01-23,2020012301014887,SLICL,41,46,100,416.00,"41,600.00"
2020-01-23,2020012301014886,SLICL,41,46,25,416.00,"10,400.00"
2020-01-23,2020012301014885,SLICL,8,46,15,416.00,"6,240.00"
2020-01-23,2020012301015121,SMB,22,49,10,680.00,"6,800.00"
2020-01-23,2020012301015299,SMFDB,32,32,50,672.00,"33,600.00"
2020-01-23,2020012301015298,SMFDB,6,32,20,672.00,"13,440.00"
2020-01-23,2020012301015297,SMFDB,57,32,30,672.00,"20,160.00"
2020-01-23,2020012301015287,SPARS,38,47,50,790.00,"39,500.00"
2020-01-23,2020012301015172,SPARS,32,38,44,790.00,"34,760.00"
2020-01-23,2020012301015125,SPARS,13,25,50,794.00,"39,700.00"
2020-01-23,2020012301015054,SPARS,32,42,10,790.00,"7,900.00"
2020-01-23,2020012301015005,SPARS,32,41,10,790.00,"7,900.00"
2020-01-23,2020012301014992,SPARS,32,42,10,790.00,"7,900.00"
2020-01-23,2020012301015120,STC,52,34,30,"2,397.00","71,910.00"
2020-01-23,2020012301015275,SWBBL,44,6,15,"1,019.00","15,285.00"
2020-01-23,2020012301015235,SWBBL,13,14,180,"1,013.00","182,340.00"
2020-01-23,2020012301015177,SWBBL,4,6,100,"1,019.00","101,900.00"
2020-01-23,2020012301015270,TRH,49,53,400,305.00,"122,000.00"
2020-01-23,2020012301015211,TRH,49,41,100,305.00,"30,500.00"
2020-01-23,2020012301015107,TRH,49,56,500,305.00,"152,500.00"
2020-01-23,2020012301015033,UIC,16,6,100,372.00,"37,200.00"
2020-01-23,2020012301014988,UPPER,17,14,30,245.00,"7,350.00"
2020-01-23,2020012301014968,UPPER,43,6,130,246.00,"31,980.00"
2020-01-23,2020012301014967,UPPER,43,49,20,246.00,"4,920.00"
2020-01-23,2020012301014851,UPPER,17,38,50,245.00,"12,250.00"
2020-01-23,2020012301015222,WOMI,40,39,290,941.00,"272,890.00"
2020-01-23,2020012301015221,WOMI,41,39,10,942.00,"9,420.00"
2020-01-23,2020012301015058,WOMI,34,14,10,949.00,"9,490.00"
2020-01-23,2020012301015057,WOMI,34,6,100,942.00,"94,200.00"
2020-01-23,2020012301015056,WOMI,34,57,62,942.00,"58,404.00"
2020-01-23,2020012301015010,WOMI,40,41,35,941.00,"32,935.00"
2020-01-23,2020012301015009,WOMI,33,41,104,941.00,"97,864.00"
2020-01-23,2020012301014927,WOMI,33,53,152,941.00,"143,032.00"
2020-01-23,2020012301014926,WOMI,10,53,200,942.00,"188,400.00"
2020-01-23,2020012301014577,ADBL,16,58,100,380.00,"38,000.00"
2020-01-23,2020012301014345,ADBL,50,49,466,381.00,"177,546.00"
2020-01-23,2020012301014662,AKPL,19,26,394,125.00,"49,250.00"
2020-01-23,2020012301014579,AKPL,19,57,533,125.00,"66,625.00"
2020-01-23,2020012301014675,ALBSL,55,57,10,630.00,"6,300.00"
2020-01-23,2020012301014674,ALBSL,22,57,20,630.00,"12,600.00"
2020-01-23,2020012301014673,ALBSL,50,57,223,630.00,"140,490.00"
2020-01-23,2020012301014585,ALBSL,50,52,10,630.00,"6,300.00"
2020-01-23,2020012301014469,ALBSL,33,34,100,635.00,"63,500.00"
2020-01-23,2020012301014468,ALBSL,29,34,100,636.00,"63,600.00"
2020-01-23,2020012301014467,ALBSL,25,34,50,636.00,"31,800.00"
2020-01-23,2020012301014466,ALBSL,4,34,70,636.00,"44,520.00"
2020-01-23,2020012301014397,ALBSL,4,38,10,636.00,"6,360.00"
2020-01-23,2020012301014566,ALBSL,50,34,67,630.00,"42,210.00"
2020-01-23,2020012301014565,ALBSL,29,34,50,632.00,"31,600.00"
2020-01-23,2020012301014564,ALBSL,7,34,50,632.00,"31,600.00"
2020-01-23,2020012301014563,ALBSL,32,34,15,634.00,"9,510.00"
2020-01-23,2020012301014471,ALBSL,48,34,60,635.00,"38,100.00"
2020-01-23,2020012301014470,ALBSL,34,34,100,635.00,"63,500.00"
2020-01-23,2020012301014638,ALICL,42,45,100,512.00,"51,200.00"
2020-01-23,2020012301014513,ALICL,59,26,260,510.00,"132,600.00"
2020-01-23,2020012301014512,ALICL,57,26,200,510.00,"102,000.00"
2020-01-23,2020012301014511,ALICL,57,26,40,510.00,"20,400.00"
2020-01-23,2020012301014812,API,25,57,20,122.00,"2,440.00"
2020-01-23,2020012301014791,API,25,13,160,121.00,"19,360.00"
2020-01-23,2020012301014766,API,59,25,876,119.00,"104,244.00"
2020-01-23,2020012301014765,API,16,25,649,119.00,"77,231.00"
2020-01-23,2020012301014709,API,52,3,30,120.00,"3,600.00"
2020-01-23,2020012301014708,API,52,38,485,120.00,"58,200.00"
2020-01-23,2020012301014653,API,16,14,51,119.00,"6,069.00"
2020-01-23,2020012301014478,API,16,42,300,119.00,"35,700.00"
2020-01-23,2020012301014347,API,20,38,50,120.00,"6,000.00"
2020-01-23,2020012301014794,BARUN,55,53,10,88.00,880.00
2020-01-23,2020012301014589,BOKL,13,19,100,231.00,"23,100.00"
2020-01-23,2020012301014806,BPCL,13,29,33,321.00,"10,593.00"
2020-01-23,2020012301014687,BPCL,13,11,200,321.00,"64,200.00"
2020-01-23,2020012301014611,BPCL,14,52,24,320.00,"7,680.00"
2020-01-23,2020012301014479,BPCL,43,22,20,322.00,"6,440.00"
2020-01-23,2020012301014446,BPCL,43,33,22,321.00,"7,062.00"
2020-01-23,2020012301014363,BPCL,43,33,50,321.00,"16,050.00"
2020-01-23,2020012301014346,BPCL,43,33,10,321.00,"3,210.00"
2020-01-23,2020012301014688,CBL,29,10,288,147.00,"42,336.00"
2020-01-23,2020012301014643,CBL,29,34,"1,420",147.00,"208,740.00"
2020-01-23,2020012301014616,CBL,29,57,500,147.00,"73,500.00"
2020-01-23,2020012301014401,CBL,29,14,"1,868",147.00,"274,596.00"
2020-01-23,2020012301014661,CCBL,38,53,199,181.00,"36,019.00"
2020-01-23,2020012301014660,CCBL,49,53,"1,000",181.00,"181,000.00"
2020-01-23,2020012301014659,CCBL,59,53,100,181.00,"18,100.00"
2020-01-23,2020012301014658,CCBL,41,53,500,181.00,"90,500.00"
2020-01-23,2020012301014657,CCBL,16,53,"1,000",181.00,"181,000.00"
2020-01-23,2020012301014656,CCBL,46,53,100,181.00,"18,100.00"
2020-01-23,2020012301014655,CCBL,45,53,458,181.00,"82,898.00"
2020-01-23,2020012301014490,CCBL,45,52,14,181.00,"2,534.00"
2020-01-23,2020012301014641,CHCL,47,56,170,422.00,"71,740.00"
2020-01-23,2020012301014599,CHCL,35,56,30,422.00,"12,660.00"
2020-01-23,2020012301014792,CIT,19,45,50,"2,206.00","110,300.00"
2020-01-23,2020012301014642,CIT,35,45,10,"2,210.00","22,100.00"
2020-01-23,2020012301014546,CIT,33,45,25,"2,210.00","55,250.00"
2020-01-23,2020012301014492,CIT,33,58,65,"2,210.00","143,650.00"
2020-01-23,2020012301014491,CIT,33,40,60,"2,210.00","132,600.00"
2020-01-23,2020012301014400,CIT,3,21,12,"2,206.00","26,472.00"
2020-01-23,2020012301014371,CIT,3,51,56,"2,206.00","123,536.00"
2020-01-23,2020012301014370,CIT,16,51,10,"2,206.00","22,060.00"
2020-01-23,2020012301014369,CIT,45,51,14,"2,206.00","30,884.00"
2020-01-23,2020012301014368,CIT,7,51,100,"2,206.00","220,600.00"
2020-01-23,2020012301014367,CIT,17,51,10,"2,209.00","22,090.00"
2020-01-23,2020012301014412,CLBSL,17,38,38,855.00,"32,490.00"
2020-01-23,2020012301014801,CZBIL,22,49,14,195.00,"2,730.00"
2020-01-23,2020012301014800,CZBIL,22,43,286,195.00,"55,770.00"
2020-01-23,2020012301014531,DDBL,41,33,20,"1,030.00","20,600.00"
2020-01-23,2020012301014518,DDBL,51,52,23,"1,025.00","23,575.00"
2020-01-23,2020012301014517,DDBL,48,52,127,"1,025.00","130,175.00"
2020-01-23,2020012301014516,DDBL,44,52,50,"1,026.00","51,300.00"
2020-01-23,2020012301014439,DDBL,48,17,173,"1,025.00","177,325.00"
2020-01-23,2020012301014427,DDBL,38,34,100,"1,025.00","102,500.00"
2020-01-23,2020012301014352,DDBL,7,58,276,"1,026.00","283,176.00"
2020-01-23,2020012301014325,DDBL,7,33,146,"1,030.00","150,380.00"
2020-01-23,2020012301014366,EBL,40,40,110,612.00,"67,320.00"
2020-01-23,2020012301014365,EBL,40,32,90,612.00,"55,080.00"
2020-01-23,2020012301014671,EIC,55,48,50,343.00,"17,150.00"
2020-01-23,2020012301014670,EIC,55,47,150,343.00,"51,450.00"
2020-01-23,2020012301014650,EIC,43,47,50,343.00,"17,150.00"
2020-01-23,2020012301014649,EIC,42,45,50,340.00,"17,000.00"
2020-01-23,2020012301014648,EIC,17,45,100,340.00,"34,000.00"
2020-01-23,2020012301014647,EIC,59,45,50,340.00,"17,000.00"
2020-01-23,2020012301014581,EIC,43,45,100,340.00,"34,000.00"
2020-01-23,2020012301014509,EIC,21,47,100,342.00,"34,200.00"
2020-01-23,2020012301014402,EIC,34,38,25,339.00,"8,475.00"
2020-01-23,2020012301014393,EIC,43,38,50,340.00,"17,000.00"
2020-01-23,2020012301014392,EIC,48,38,100,340.00,"34,000.00"
2020-01-23,2020012301014391,EIC,38,38,125,341.00,"42,625.00"
2020-01-23,2020012301014781,FMDBL,34,36,150,409.00,"61,350.00"
2020-01-23,2020012301014780,FMDBL,42,36,150,409.00,"61,350.00"
2020-01-23,2020012301014779,FMDBL,44,36,200,410.00,"82,000.00"
2020-01-23,2020012301014745,FMDBL,18,21,70,411.00,"28,770.00"
2020-01-23,2020012301014744,FMDBL,18,5,100,411.00,"41,100.00"
2020-01-23,2020012301014743,FMDBL,18,26,50,411.00,"20,550.00"
2020-01-23,2020012301014622,FOWAD,47,14,11,"1,218.00","13,398.00"
2020-01-23,2020012301014621,FOWAD,47,14,50,"1,218.00","60,900.00"
2020-01-23,2020012301014620,FOWAD,47,14,50,"1,218.00","60,900.00"
2020-01-23,2020012301014619,FOWAD,19,14,68,"1,222.00","83,096.00"
2020-01-23,2020012301014618,FOWAD,7,14,21,"1,223.00","25,683.00"
2020-01-23,2020012301014387,FOWAD,8,34,15,"1,224.00","18,360.00"
2020-01-23,2020012301014813,GBIME,38,17,15,296.00,"4,440.00"
2020-01-23,2020012301014799,GBIME,49,13,37,295.00,"10,915.00"
2020-01-23,2020012301014798,GBIME,19,13,100,295.00,"29,500.00"
2020-01-23,2020012301014797,GBIME,41,13,50,295.00,"14,750.00"
2020-01-23,2020012301014796,GBIME,44,13,200,295.00,"59,000.00"
2020-01-23,2020012301014795,GBIME,25,13,113,295.00,"33,335.00"
2020-01-23,2020012301014377,GBIME,26,7,500,295.00,"147,500.00"
2020-01-23,2020012301014376,GBIME,32,7,500,295.00,"147,500.00"
2020-01-23,2020012301014375,GBIME,34,7,37,295.00,"10,915.00"
2020-01-23,2020012301014336,GBIME,34,37,63,295.00,"18,585.00"
2020-01-23,2020012301014335,GBIME,59,37,50,295.00,"14,750.00"
2020-01-23,2020012301014334,GBIME,45,37,387,295.00,"114,165.00"
2020-01-23,2020012301014383,GBIME,33,7,30,295.00,"8,850.00"
2020-01-23,2020012301014382,GBIME,54,7,500,295.00,"147,500.00"
2020-01-23,2020012301014381,GBIME,54,7,100,295.00,"29,500.00"
2020-01-23,2020012301014380,GBIME,5,7,500,295.00,"147,500.00"
2020-01-23,2020012301014379,GBIME,45,7,200,295.00,"59,000.00"
2020-01-23,2020012301014378,GBIME,41,7,50,295.00,"14,750.00"
2020-01-23,2020012301014424,GBIME,52,21,100,295.00,"29,500.00"
2020-01-23,2020012301014423,GBIME,29,21,"1,000",295.00,"295,000.00"
2020-01-23,2020012301014422,GBIME,45,21,16,295.00,"4,720.00"
2020-01-23,2020012301014416,GBIME,45,59,624,295.00,"184,080.00"
2020-01-23,2020012301014385,GBIME,45,7,360,295.00,"106,200.00"
2020-01-23,2020012301014384,GBIME,34,7,500,295.00,"147,500.00"
2020-01-23,2020012301014536,GBIME,34,44,46,295.00,"13,570.00"
2020-01-23,2020012301014535,GBIME,45,43,20,296.00,"5,920.00"
2020-01-23,2020012301014460,GBIME,34,55,123,295.00,"36,285.00"
2020-01-23,2020012301014434,GBIME,34,52,17,295.00,"5,015.00"
2020-01-23,2020012301014426,GBIME,34,21,134,295.00,"39,530.00"
2020-01-23,2020012301014425,GBIME,19,21,100,295.00,"29,500.00"
2020-01-23,2020012301014571,GBIME,17,40,20,295.00,"5,900.00"
2020-01-23,2020012301014570,GBIME,14,40,30,295.00,"8,850.00"
2020-01-23,2020012301014569,GBIME,45,40,192,295.00,"56,640.00"
2020-01-23,2020012301014539,GBIME,45,44,108,295.00,"31,860.00"
2020-01-23,2020012301014538,GBIME,44,44,100,295.00,"29,500.00"
2020-01-23,2020012301014537,GBIME,29,44,40,295.00,"11,800.00"
2020-01-23,2020012301014724,GBIME,46,17,440,296.00,"130,240.00"
2020-01-23,2020012301014723,GBIME,46,57,60,296.00,"17,760.00"
2020-01-23,2020012301014685,GBIME,6,57,40,296.00,"11,840.00"
2020-01-23,2020012301014684,GBIME,6,43,160,296.00,"47,360.00"
2020-01-23,2020012301014573,GBIME,25,40,187,295.00,"55,165.00"
2020-01-23,2020012301014572,GBIME,25,40,200,295.00,"59,000.00"
2020-01-23,2020012301014764,GBLBS,59,13,340,416.00,"141,440.00"
2020-01-23,2020012301014763,GBLBS,6,13,260,417.00,"108,420.00"
2020-01-23,2020012301014714,GBLBS,41,13,100,418.00,"41,800.00"
2020-01-23,2020012301014680,GBLBS,6,14,100,417.00,"41,700.00"
2020-01-23,2020012301014530,GBLBS,6,21,100,417.00,"41,700.00"
2020-01-23,2020012301014353,GBLBS,6,8,40,417.00,"16,680.00"
2020-01-23,2020012301014601,GGBSL,3,21,10,859.00,"8,590.00"
2020-01-23,2020012301014784,GILB,47,47,35,"1,295.00","45,325.00"
2020-01-23,2020012301014454,GLBSL,47,4,20,620.00,"12,400.00"
2020-01-23,2020012301014782,GLICL,39,52,400,670.00,"268,000.00"
2020-01-23,2020012301014725,GLICL,39,11,150,666.00,"99,900.00"
2020-01-23,2020012301014694,GLICL,1,11,100,666.00,"66,600.00"
2020-01-23,2020012301014693,GLICL,1,11,250,666.00,"166,500.00"
2020-01-23,2020012301014672,GLICL,1,1,100,666.00,"66,600.00"
2020-01-23,2020012301014487,GLICL,1,57,150,666.00,"99,900.00"
2020-01-23,2020012301014805,GMFBS,58,22,10,751.00,"7,510.00"
2020-01-23,2020012301014702,GMFBS,48,57,20,765.00,"15,300.00"
2020-01-23,2020012301014364,GMFBS,38,21,12,752.00,"9,024.00"
2020-01-23,2020012301014328,GMFBS,38,41,10,752.00,"7,520.00"
2020-01-23,2020012301014327,GMFBS,28,41,140,752.00,"105,280.00"
2020-01-23,2020012301014326,GMFBS,43,41,50,754.00,"37,700.00"
2020-01-23,2020012301014787,HBL,5,49,10,566.00,"5,660.00"
2020-01-23,2020012301014667,HBL,17,5,50,562.00,"28,100.00"
2020-01-23,2020012301014666,HBL,38,5,160,562.00,"89,920.00"
2020-01-23,2020012301014665,HBL,32,5,61,563.00,"34,343.00"
2020-01-23,2020012301014664,HBL,21,5,20,564.00,"11,280.00"
2020-01-23,2020012301014663,HBL,3,5,50,566.00,"28,300.00"
2020-01-23,2020012301014751,HDL,42,57,20,"1,245.00","24,900.00"
2020-01-23,2020012301014697,HDL,57,58,400,"1,240.00","496,000.00"
2020-01-23,2020012301014600,HDL,52,57,20,"1,245.00","24,900.00"
2020-01-23,2020012301014592,HDL,57,58,300,"1,238.00","371,400.00"
2020-01-23,2020012301014591,HDL,1,58,100,"1,239.00","123,900.00"
2020-01-23,2020012301014433,HDL,57,57,800,"1,240.00","992,000.00"
2020-01-23,2020012301014342,HDL,52,4,80,"1,236.00","98,880.00"
2020-01-23,2020012301014341,HDL,10,4,20,"1,236.00","24,720.00"
2020-01-23,2020012301014786,IGI,59,14,50,386.00,"19,300.00"
2020-01-23,2020012301014785,IGI,59,58,50,386.00,"19,300.00"
2020-01-23,2020012301014759,ILBS,25,53,10,793.00,"7,930.00"
2020-01-23,2020012301014733,ILBS,49,53,60,793.00,"47,580.00"
2020-01-23,2020012301014732,ILBS,49,22,10,792.00,"7,920.00"
2020-01-23,2020012301014731,ILBS,49,14,10,790.00,"7,900.00"
2020-01-23,2020012301014609,ILBS,49,14,150,790.00,"118,500.00"
2020-01-23,2020012301014608,ILBS,48,14,40,790.00,"31,600.00"
2020-01-23,2020012301014598,ILBS,57,14,90,792.00,"71,280.00"
2020-01-23,2020012301014597,ILBS,22,14,20,792.00,"15,840.00"
2020-01-23,2020012301014456,ILBS,28,53,100,793.00,"79,300.00"
2020-01-23,2020012301014455,ILBS,6,53,10,793.00,"7,930.00"
2020-01-23,2020012301014390,ILBS,10,52,200,794.00,"158,800.00"
2020-01-23,2020012301014389,ILBS,41,52,30,794.00,"23,820.00"
2020-01-23,2020012301014607,ILBS,49,14,100,790.00,"79,000.00"
2020-01-23,2020012301014606,ILBS,49,14,50,790.00,"39,500.00"
2020-01-23,2020012301014605,ILBS,8,14,150,790.00,"118,500.00"
2020-01-23,2020012301014604,ILBS,13,14,100,790.00,"79,000.00"
2020-01-23,2020012301014603,ILBS,57,14,40,790.00,"31,600.00"
2020-01-23,2020012301014602,ILBS,40,14,40,790.00,"31,600.00"
2020-01-23,2020012301014319,JFL,42,6,10,184.00,"1,840.00"
2020-01-23,2020012301014559,KBL,16,50,390,195.00,"76,050.00"
2020-01-23,2020012301014558,KBL,6,50,360,195.00,"70,200.00"
2020-01-23,2020012301014386,KKHC,34,58,16,51.00,816.00
2020-01-23,2020012301014405,KPCL,42,1,100,92.00,"9,200.00"
2020-01-23,2020012301014388,KSBBL,57,1,500,152.00,"76,000.00"
2020-01-23,2020012301014627,LBBL,14,49,16,188.00,"3,008.00"
2020-01-23,2020012301014614,LBBL,14,42,273,188.00,"51,324.00"
2020-01-23,2020012301014613,LBBL,14,42,139,188.00,"26,132.00"
2020-01-23,2020012301014409,LBBL,11,59,125,189.00,"23,625.00"
2020-01-23,2020012301014324,LBBL,14,51,361,188.00,"67,868.00"
2020-01-23,2020012301014323,LBBL,1,51,139,188.00,"26,132.00"
2020-01-23,2020012301014774,LBL,25,26,314,208.00,"65,312.00"
2020-01-23,2020012301014710,LBL,56,52,198,207.00,"40,986.00"
2020-01-23,2020012301014692,LBL,39,26,200,208.00,"41,600.00"
2020-01-23,2020012301014757,LGIL,44,3,730,432.00,"315,360.00"
2020-01-23,2020012301014756,LGIL,10,3,230,433.00,"99,590.00"
2020-01-23,2020012301014668,LGIL,19,3,40,437.00,"17,480.00"
2020-01-23,2020012301014626,LGIL,35,14,100,436.00,"43,600.00"
2020-01-23,2020012301014816,MBL,28,17,30,231.00,"6,930.00"
2020-01-23,2020012301014815,MBL,7,17,500,231.00,"115,500.00"
2020-01-23,2020012301014814,MBL,16,17,20,231.00,"4,620.00"
2020-01-23,2020012301014501,MBL,38,59,480,232.00,"111,360.00"
2020-01-23,2020012301014332,MBL,38,55,20,232.00,"4,640.00"
2020-01-23,2020012301014331,MBL,10,55,380,232.00,"88,160.00"
2020-01-23,2020012301014474,MEGA,13,28,100,199.00,"19,900.00"
2020-01-23,2020012301014473,MEGA,13,34,500,199.00,"99,500.00"
2020-01-23,2020012301014472,MEGA,13,57,34,199.00,"6,766.00"
2020-01-23,2020012301014360,MEGA,13,59,184,198.00,"36,432.00"
2020-01-23,2020012301014359,MEGA,34,59,"1,000",198.00,"198,000.00"
2020-01-23,2020012301014358,MEGA,34,59,816,198.00,"161,568.00"
2020-01-23,2020012301014721,MERO,19,6,50,630.00,"31,500.00"
2020-01-23,2020012301014690,MERO,19,6,50,632.00,"31,600.00"
2020-01-23,2020012301014778,MFIL,47,16,442,202.00,"89,284.00"
2020-01-23,2020012301014777,MFIL,47,16,48,202.00,"9,696.00"
2020-01-23,2020012301014776,MFIL,43,16,10,206.00,"2,060.00"
2020-01-23,2020012301014420,MFIL,47,49,952,202.00,"192,304.00"
2020-01-23,2020012301014419,MFIL,34,49,200,203.00,"40,600.00"
2020-01-23,2020012301014418,MFIL,33,49,500,203.00,"101,500.00"
2020-01-23,2020012301014417,MFIL,7,49,273,204.00,"55,692.00"
2020-01-23,2020012301014574,MLBBL,28,33,10,655.00,"6,550.00"
2020-01-23,2020012301014482,MLBBL,58,34,400,654.00,"261,600.00"
2020-01-23,2020012301014481,MLBBL,58,1,100,651.00,"65,100.00"
2020-01-23,2020012301014444,MLBBL,58,26,40,650.00,"26,000.00"
2020-01-23,2020012301014443,MLBBL,58,40,136,650.00,"88,400.00"
2020-01-23,2020012301014762,MNBBL,45,41,"1,334",318.00,"424,212.00"
2020-01-23,2020012301014761,MNBBL,45,4,730,318.00,"232,140.00"
2020-01-23,2020012301014432,MNBBL,25,16,100,316.00,"31,600.00"
2020-01-23,2020012301014639,NABIL,1,53,20,725.00,"14,500.00"
2020-01-23,2020012301014632,NABIL,1,53,50,725.00,"36,250.00"
2020-01-23,2020012301014631,NABIL,17,53,10,725.00,"7,250.00"
2020-01-23,2020012301014630,NABIL,19,53,50,725.00,"36,250.00"
2020-01-23,2020012301014629,NABIL,42,53,10,725.00,"7,250.00"
2020-01-23,2020012301014526,NABIL,42,42,50,727.00,"36,350.00"
2020-01-23,2020012301014525,NABIL,42,45,50,727.00,"36,350.00"
2020-01-23,2020012301014442,NABIL,42,22,90,725.00,"65,250.00"
2020-01-23,2020012301014534,NADEP,41,56,70,625.00,"43,750.00"
2020-01-23,2020012301014809,NBL,33,29,500,279.00,"139,500.00"
2020-01-23,2020012301014696,NBL,35,29,278,279.00,"77,562.00"
2020-01-23,2020012301014695,NBL,35,5,222,279.00,"61,938.00"
2020-01-23,2020012301014636,NBL,51,5,"1,000",279.00,"279,000.00"
2020-01-23,2020012301014593,NBL,59,5,300,279.00,"83,700.00"
2020-01-23,2020012301014557,NBL,33,5,500,279.00,"139,500.00"
2020-01-23,2020012301014545,NBL,33,39,"1,500",278.00,"417,000.00"
2020-01-23,2020012301014457,NBL,17,5,200,279.00,"55,800.00"
2020-01-23,2020012301014431,NBL,25,5,"1,000",279.00,"279,000.00"
2020-01-23,2020012301014356,NBL,5,5,100,279.00,"27,900.00"
2020-01-23,2020012301014355,NBL,33,14,400,278.00,"111,200.00"
2020-01-23,2020012301014330,NBL,33,52,"1,000",278.00,"278,000.00"
2020-01-23,2020012301014540,NIBSF1,57,18,"1,800",9.74,"17,532.00"
2020-01-23,2020012301014561,NICA,56,14,263,470.00,"123,610.00"
2020-01-23,2020012301014560,NICA,37,14,317,470.00,"148,990.00"
2020-01-23,2020012301014445,NICA,40,40,6,461.00,"2,766.00"
2020-01-23,2020012301014317,NICA,37,45,183,470.00,"86,010.00"
2020-01-23,2020012301014713,NICL,50,45,137,380.00,"52,060.00"
2020-01-23,2020012301014712,NICL,46,45,100,380.00,"38,000.00"
2020-01-23,2020012301014711,NICL,59,45,63,380.00,"23,940.00"
2020-01-23,2020012301014550,NICL,14,21,65,382.00,"24,830.00"
2020-01-23,2020012301014480,NICL,26,52,200,383.00,"76,600.00"
2020-01-23,2020012301014773,NIL,46,53,100,462.00,"46,200.00"
2020-01-23,2020012301014728,NIL,14,44,100,464.00,"46,400.00"
2020-01-23,2020012301014615,NIL,44,57,100,463.00,"46,300.00"
2020-01-23,2020012301014520,NIL,44,57,200,463.00,"92,600.00"
2020-01-23,2020012301014477,NIL,44,42,50,463.00,"23,150.00"
2020-01-23,2020012301014476,NIL,44,38,100,463.00,"46,300.00"
2020-01-23,2020012301014770,NLBBL,44,49,11,664.00,"7,304.00"
2020-01-23,2020012301014716,NLBBL,44,32,25,660.00,"16,500.00"
2020-01-23,2020012301014463,NLBBL,14,1,50,658.00,"32,900.00"
2020-01-23,2020012301014767,NLIC,51,1,100,"1,101.00","110,100.00"
2020-01-23,2020012301014719,NLIC,39,1,50,"1,101.00","55,050.00"
2020-01-23,2020012301014718,NLIC,51,1,200,"1,101.00","220,200.00"
2020-01-23,2020012301014717,NLIC,51,1,47,"1,101.00","51,747.00"
2020-01-23,2020012301014715,NLIC,32,35,179,"1,102.00","197,258.00"
2020-01-23,2020012301014691,NLIC,32,49,21,"1,102.00","23,142.00"
2020-01-23,2020012301014337,NLIC,58,35,42,"1,103.00","46,326.00"
2020-01-23,2020012301014528,NLIC,56,46,200,"1,100.00","220,000.00"
2020-01-23,2020012301014515,NLIC,42,21,30,"1,104.00","33,120.00"
2020-01-23,2020012301014488,NLIC,56,14,72,"1,100.00","79,200.00"
2020-01-23,2020012301014399,NLIC,56,57,47,"1,100.00","51,700.00"
2020-01-23,2020012301014395,NLIC,56,4,25,"1,100.00","27,500.00"
2020-01-23,2020012301014394,NLIC,57,4,175,"1,101.00","192,675.00"
2020-01-23,2020012301014686,NLIC,51,57,50,"1,101.00","55,050.00"
2020-01-23,2020012301014681,NLIC,51,59,100,"1,101.00","110,100.00"
2020-01-23,2020012301014595,NLIC,51,17,63,"1,101.00","69,363.00"
2020-01-23,2020012301014567,NLIC,51,52,40,"1,101.00","44,040.00"
2020-01-23,2020012301014552,NLIC,7,22,30,"1,104.00","33,120.00"
2020-01-23,2020012301014551,NLIC,7,21,20,"1,104.00","22,080.00"
2020-01-23,2020012301014707,NLICL,28,36,17,628.00,"10,676.00"
2020-01-23,2020012301014625,NLICL,34,36,50,628.00,"31,400.00"
2020-01-23,2020012301014624,NLICL,29,36,100,630.00,"63,000.00"
2020-01-23,2020012301014623,NLICL,48,36,131,630.00,"82,530.00"
2020-01-23,2020012301014344,NLICL,48,57,69,630.00,"43,470.00"
2020-01-23,2020012301014343,NLICL,57,57,35,631.00,"22,085.00"
2020-01-23,2020012301014318,NLICL,57,34,23,631.00,"14,513.00"
2020-01-23,2020012301014635,NMB,4,40,100,355.00,"35,500.00"
2020-01-23,2020012301014634,NMB,38,40,30,355.00,"10,650.00"
2020-01-23,2020012301014500,NMB,49,14,50,357.00,"17,850.00"
2020-01-23,2020012301014462,NMB,42,14,300,357.00,"107,100.00"
2020-01-23,2020012301014438,NMB,38,21,70,355.00,"24,850.00"
2020-01-23,2020012301014437,NMB,56,21,10,356.00,"3,560.00"
2020-01-23,2020012301014436,NMB,8,21,20,356.00,"7,120.00"
2020-01-23,2020012301014807,NNLB,34,19,200,659.00,"131,800.00"
2020-01-23,2020012301014349,NNLB,19,34,100,647.00,"64,700.00"
2020-01-23,2020012301014758,NSEWA,18,48,100,624.00,"62,400.00"
2020-01-23,2020012301014742,NSEWA,18,11,255,624.00,"159,120.00"
2020-01-23,2020012301014514,NSEWA,1,48,20,625.00,"12,500.00"
2020-01-23,2020012301014750,NUBL,33,37,300,900.00,"270,000.00"
2020-01-23,2020012301014749,NUBL,33,47,202,900.00,"181,800.00"
2020-01-23,2020012301014453,OHL,56,14,114,510.00,"58,140.00"
2020-01-23,2020012301014452,OHL,56,14,236,510.00,"120,360.00"
2020-01-23,2020012301014451,OHL,8,14,100,511.00,"51,100.00"
2020-01-23,2020012301014450,OHL,10,14,50,511.00,"25,550.00"
2020-01-23,2020012301014428,OHL,44,38,14,515.00,"7,210.00"
2020-01-23,2020012301014338,PCBL,5,34,10,267.00,"2,670.00"
2020-01-23,2020012301014810,PIC,45,3,177,520.00,"92,040.00"
2020-01-23,2020012301014705,PIC,45,56,284,520.00,"147,680.00"
2020-01-23,2020012301014704,PIC,11,56,200,520.00,"104,000.00"
2020-01-23,2020012301014703,PIC,35,56,16,520.00,"8,320.00"
2020-01-23,2020012301014543,PIC,33,56,100,521.00,"52,100.00"
2020-01-23,2020012301014542,PIC,25,56,100,521.00,"52,100.00"
2020-01-23,2020012301014594,PLIC,33,51,20,525.00,"10,500.00"
2020-01-23,2020012301014576,PLIC,34,36,89,522.00,"46,458.00"
2020-01-23,2020012301014575,PLIC,59,36,311,523.00,"162,653.00"
2020-01-23,2020012301014568,PLIC,59,42,189,523.00,"98,847.00"
2020-01-23,2020012301014547,PLIC,25,42,32,523.00,"16,736.00"
2020-01-23,2020012301014532,PLIC,45,42,119,523.00,"62,237.00"
2020-01-23,2020012301014459,PLIC,16,51,130,525.00,"68,250.00"
2020-01-23,2020012301014458,PLIC,16,40,70,525.00,"36,750.00"
2020-01-23,2020012301014372,PLIC,45,7,81,523.00,"42,363.00"
2020-01-23,2020012301014654,PMHPL,6,38,10,89.00,890.00
2020-01-23,2020012301014508,PMHPL,6,38,10,89.00,890.00
2020-01-23,2020012301014413,PMHPL,6,58,10,89.00,890.00
2020-01-23,2020012301014790,PRIN,51,34,200,420.00,"84,000.00"
2020-01-23,2020012301014768,PRIN,45,34,25,421.00,"10,525.00"
2020-01-23,2020012301014610,PRIN,38,34,200,421.00,"84,200.00"
2020-01-23,2020012301014541,PRIN,13,46,"1,618",420.00,"679,560.00"
2020-01-23,2020012301014489,PRIN,17,51,25,419.00,"10,475.00"
2020-01-23,2020012301014464,PRIN,5,6,100,420.00,"42,000.00"
2020-01-23,2020012301014404,PRIN,34,36,500,419.00,"209,500.00"
2020-01-23,2020012301014398,PRIN,38,36,"1,000",419.00,"419,000.00"
2020-01-23,2020012301014339,PRIN,33,34,10,421.00,"4,210.00"
2020-01-23,2020012301014808,PRVU,13,28,500,247.00,"123,500.00"
2020-01-23,2020012301014793,PRVU,32,52,500,246.00,"123,000.00"
2020-01-23,2020012301014748,PRVU,32,17,502,246.00,"123,492.00"
2020-01-23,2020012301014747,PRVU,46,17,34,246.00,"8,364.00"
2020-01-23,2020012301014746,PRVU,42,17,264,246.00,"64,944.00"
2020-01-23,2020012301014652,PRVU,46,28,500,247.00,"123,500.00"
2020-01-23,2020012301014411,PRVU,43,28,10,247.00,"2,470.00"
2020-01-23,2020012301014588,RBCLPO,3,45,10,"8,600.00","86,000.00"
2020-01-23,2020012301014803,RHPL,3,49,10,169.00,"1,690.00"
2020-01-23,2020012301014802,RHPL,58,38,40,168.00,"6,720.00"
2020-01-23,2020012301014596,RHPL,59,49,10,169.00,"1,690.00"
2020-01-23,2020012301014587,RHPL,40,7,200,170.00,"34,000.00"
2020-01-23,2020012301014582,RHPL,59,52,100,169.00,"16,900.00"
2020-01-23,2020012301014529,RHPL,59,38,40,169.00,"6,760.00"
2020-01-23,2020012301014475,RHPL,59,18,10,169.00,"1,690.00"
2020-01-23,2020012301014440,RHPL,3,7,10,170.00,"1,700.00"
2020-01-23,2020012301014410,RHPL,59,3,10,169.00,"1,690.00"
2020-01-23,2020012301014322,RHPL,58,38,40,168.00,"6,720.00"
2020-01-23,2020012301014741,RMDC,42,18,50,619.00,"30,950.00"
2020-01-23,2020012301014628,RMDC,51,18,100,618.00,"61,800.00"
2020-01-23,2020012301014578,RSDC,45,22,40,415.00,"16,600.00"
2020-01-23,2020012301014506,RSDC,29,36,100,416.00,"41,600.00"
2020-01-23,2020012301014505,RSDC,29,41,100,414.00,"41,400.00"
2020-01-23,2020012301014406,RSDC,45,52,40,415.00,"16,600.00"
2020-01-23,2020012301014683,SABSL,7,42,70,777.00,"54,390.00"
2020-01-23,2020012301014682,SABSL,52,42,30,778.00,"23,340.00"
2020-01-23,2020012301014637,SABSL,52,21,10,778.00,"7,780.00"
2020-01-23,2020012301014494,SABSL,7,18,10,777.00,"7,770.00"
2020-01-23,2020012301014755,SADBL,32,49,101,156.00,"15,756.00"
2020-01-23,2020012301014612,SADBL,32,35,44,156.00,"6,864.00"
2020-01-23,2020012301014415,SADBL,32,34,73,156.00,"11,388.00"
2020-01-23,2020012301014414,SADBL,32,34,34,156.00,"5,304.00"
2020-01-23,2020012301014357,SADBL,32,49,101,156.00,"15,756.00"
2020-01-23,2020012301014519,SANIMA,44,14,50,345.00,"17,250.00"
2020-01-23,2020012301014354,SANIMA,44,52,928,345.00,"320,160.00"
2020-01-23,2020012301014676,SAPDBL,32,7,"1,518",147.00,"223,146.00"
2020-01-23,2020012301014811,SBL,25,14,12,317.00,"3,804.00"
2020-01-23,2020012301014730,SBL,25,49,120,318.00,"38,160.00"
2020-01-23,2020012301014729,SBL,25,50,500,318.00,"159,000.00"
2020-01-23,2020012301014783,SCB,35,14,60,605.00,"36,300.00"
2020-01-23,2020012301014753,SCB,40,14,40,605.00,"24,200.00"
2020-01-23,2020012301014502,SCB,40,45,40,605.00,"24,200.00"
2020-01-23,2020012301014485,SCB,42,21,95,609.00,"57,855.00"
2020-01-23,2020012301014484,SCB,42,17,20,609.00,"12,180.00"
2020-01-23,2020012301014483,SCB,42,55,35,609.00,"21,315.00"
2020-01-23,2020012301014340,SCB,40,14,120,605.00,"72,600.00"
2020-01-23,2020012301014769,SDESI,34,33,275,775.00,"213,125.00"
2020-01-23,2020012301014740,SDESI,51,33,50,775.00,"38,750.00"
2020-01-23,2020012301014739,SDESI,6,33,50,778.00,"38,900.00"
2020-01-23,2020012301014738,SDESI,6,33,50,778.00,"38,900.00"
2020-01-23,2020012301014737,SDESI,45,33,300,780.00,"234,000.00"
2020-01-23,2020012301014736,SDESI,25,33,60,781.00,"46,860.00"
2020-01-23,2020012301014735,SDESI,34,33,88,781.00,"68,728.00"
2020-01-23,2020012301014734,SDESI,34,33,27,785.00,"21,195.00"
2020-01-23,2020012301014524,SEF,34,4,"5,800",9.35,"54,230.00"
2020-01-23,2020012301014646,SHINE,45,19,100,255.00,"25,500.00"
2020-01-23,2020012301014645,SHINE,45,4,282,255.00,"71,910.00"
2020-01-23,2020012301014549,SHINE,40,1,262,254.00,"66,548.00"
2020-01-23,2020012301014726,SHIVM,19,33,70,512.00,"35,840.00"
2020-01-23,2020012301014720,SHIVM,42,51,100,510.00,"51,000.00"
2020-01-23,2020012301014374,SHIVM,19,45,150,509.00,"76,350.00"
2020-01-23,2020012301014373,SHIVM,19,45,350,509.00,"178,150.00"
2020-01-23,2020012301014760,SHPC,42,22,339,203.00,"68,817.00"
2020-01-23,2020012301014449,SIC,6,42,39,655.00,"25,545.00"
2020-01-23,2020012301014448,SIC,39,42,55,655.00,"36,025.00"
2020-01-23,2020012301014447,SIC,17,42,86,656.00,"56,416.00"
2020-01-23,2020012301014321,SIC,10,6,55,660.00,"36,300.00"
2020-01-23,2020012301014320,SIC,10,58,45,660.00,"29,700.00"
2020-01-23,2020012301014789,SICL,54,1,50,"1,014.00","50,700.00"
2020-01-23,2020012301014788,SICL,54,58,230,"1,014.00","233,220.00"
2020-01-23,2020012301014772,SICL,51,32,30,"1,013.00","30,390.00"
2020-01-23,2020012301014771,SICL,32,58,90,"1,014.00","91,260.00"
2020-01-23,2020012301014727,SICL,38,58,150,"1,014.00","152,100.00"
2020-01-23,2020012301014465,SICL,43,56,40,"1,013.00","40,520.00"
2020-01-23,2020012301014461,SICL,16,56,30,"1,013.00","30,390.00"
2020-01-23,2020012301014421,SICL,58,56,30,"1,013.00","30,390.00"
2020-01-23,2020012301014396,SICL,19,53,235,"1,012.00","237,820.00"
2020-01-23,2020012301014348,SICL,28,53,25,"1,012.00","25,300.00"
2020-01-23,2020012301014333,SICL,16,53,20,"1,012.00","20,240.00"
2020-01-23,2020012301014590,SICL,19,14,200,"1,012.00","202,400.00"
2020-01-23,2020012301014562,SICL,19,4,50,"1,012.00","50,600.00"
2020-01-23,2020012301014499,SICL,58,58,30,"1,014.00","30,420.00"
2020-01-23,2020012301014498,SICL,58,6,20,"1,013.00","20,260.00"
2020-01-23,2020012301014486,SICL,58,6,30,"1,013.00","30,390.00"
2020-01-23,2020012301014497,SIL,47,41,800,515.00,"412,000.00"
2020-01-23,2020012301014496,SIL,25,41,100,515.00,"51,500.00"
2020-01-23,2020012301014495,SIL,45,41,100,516.00,"51,600.00"
2020-01-23,2020012301014754,SJCL,3,3,10,156.00,"1,560.00"
2020-01-23,2020012301014640,SJCL,26,49,10,155.00,"1,550.00"
2020-01-23,2020012301014544,SJCL,26,38,20,155.00,"3,100.00"
2020-01-23,2020012301014507,SJCL,3,3,10,156.00,"1,560.00"
2020-01-23,2020012301014435,SJCL,26,18,10,155.00,"1,550.00"
2020-01-23,2020012301014510,SLBSL,6,6,20,759.00,"15,180.00"
2020-01-23,2020012301014804,SLICL,45,29,170,417.00,"70,890.00"
2020-01-23,2020012301014775,SLICL,58,29,100,417.00,"41,700.00"
2020-01-23,2020012301014752,SLICL,8,1,160,416.00,"66,560.00"
2020-01-23,2020012301014698,SLICL,16,29,30,417.00,"12,510.00"
2020-01-23,2020012301014669,SLICL,28,56,50,418.00,"20,900.00"
2020-01-23,2020012301014504,SLICL,45,56,400,418.00,"167,200.00"
2020-01-23,2020012301014503,SLICL,45,56,100,417.00,"41,700.00"
2020-01-23,2020012301014351,SLICL,8,45,125,416.00,"52,000.00"
2020-01-23,2020012301014350,SLICL,28,45,25,416.00,"10,400.00"
2020-01-23,2020012301014701,SMB,22,6,70,680.00,"47,600.00"
2020-01-23,2020012301014700,SMB,41,6,80,680.00,"54,400.00"
2020-01-23,2020012301014699,SMB,57,6,50,681.00,"34,050.00"
2020-01-23,2020012301014617,SPARS,32,55,26,790.00,"20,540.00"
2020-01-23,2020012301014679,SRBL,22,4,303,235.00,"71,205.00"
2020-01-23,2020012301014556,STC,40,38,50,"2,351.00","117,550.00"
2020-01-23,2020012301014555,STC,35,38,10,"2,353.00","23,530.00"
2020-01-23,2020012301014554,STC,51,38,40,"2,355.00","94,200.00"
2020-01-23,2020012301014553,STC,26,38,50,"2,356.00","117,800.00"
2020-01-23,2020012301014362,STC,51,59,10,"2,355.00","23,550.00"
2020-01-23,2020012301014361,STC,46,59,10,"2,381.00","23,810.00"
2020-01-23,2020012301014677,SWBBL,44,25,18,"1,018.00","18,324.00"
2020-01-23,2020012301014586,SWBBL,50,14,200,"1,010.00","202,000.00"
2020-01-23,2020012301014527,SWBBL,47,14,135,"1,011.00","136,485.00"
2020-01-23,2020012301014523,SWBBL,47,36,65,"1,011.00","65,715.00"
2020-01-23,2020012301014522,SWBBL,25,36,35,"1,011.00","35,385.00"
2020-01-23,2020012301014521,SWBBL,44,36,100,"1,011.00","101,100.00"
2020-01-23,2020012301014441,TRH,35,6,200,305.00,"61,000.00"
2020-01-23,2020012301014429,TRH,48,49,25,308.00,"7,700.00"
2020-01-23,2020012301014533,UIC,43,6,100,372.00,"37,200.00"
2020-01-23,2020012301014678,UNHPL,3,32,50,58.00,"2,900.00"
2020-01-23,2020012301014651,UNHPL,51,3,50,57.00,"2,850.00"
2020-01-23,2020012301014580,UNHPL,3,32,50,58.00,"2,900.00"
2020-01-23,2020012301014548,UNHPL,51,3,50,57.00,"2,850.00"
2020-01-23,2020012301014408,UPCL,48,18,130,73.00,"9,490.00"
2020-01-23,2020012301014407,UPCL,47,18,20,74.00,"1,480.00"
2020-01-23,2020012301014706,UPPER,45,49,20,246.00,"4,920.00"
2020-01-23,2020012301014689,UPPER,17,49,50,245.00,"12,250.00"
2020-01-23,2020012301014644,UPPER,17,40,50,245.00,"12,250.00"
2020-01-23,2020012301014493,UPPER,43,49,10,246.00,"2,460.00"
2020-01-23,2020012301014430,UPPER,45,58,365,245.00,"89,425.00"
2020-01-23,2020012301014329,UPPER,52,58,100,245.00,"24,500.00"
2020-01-23,2020012301014722,WOMI,34,34,200,945.00,"189,000.00"
2020-01-23,2020012301014633,WOMI,33,53,145,942.00,"136,590.00"
2020-01-23,2020012301014584,WOMI,34,53,40,942.00,"37,680.00"
2020-01-23,2020012301014583,WOMI,45,53,31,943.00,"29,233.00"
2020-01-23,2020012301014403,WOMI,45,37,69,943.00,"65,067.00"
2020-01-23,2020012301014153,ADBL,16,42,80,380.00,"30,400.00"
2020-01-23,2020012301013973,ADBL,25,49,100,381.00,"38,100.00"
2020-01-23,2020012301013972,ADBL,16,49,"1,000",381.00,"381,000.00"
2020-01-23,2020012301013971,ADBL,19,49,181,382.00,"69,142.00"
2020-01-23,2020012301013833,ADBL,19,35,19,382.00,"7,258.00"
2020-01-23,2020012301013832,ADBL,46,35,181,382.00,"69,142.00"
2020-01-23,2020012301014134,AKJCL,34,38,20,58.00,"1,160.00"
2020-01-23,2020012301014193,AKPL,19,45,73,125.00,"9,125.00"
2020-01-23,2020012301014075,AKPL,45,45,427,125.00,"53,375.00"
2020-01-23,2020012301013846,AKPL,45,53,73,125.00,"9,125.00"
2020-01-23,2020012301014267,ALBSL,4,38,10,636.00,"6,360.00"
2020-01-23,2020012301014263,ALICL,57,28,160,510.00,"81,600.00"
2020-01-23,2020012301014262,ALICL,34,28,250,510.00,"127,500.00"
2020-01-23,2020012301014261,ALICL,57,28,500,510.00,"255,000.00"
2020-01-23,2020012301014260,ALICL,48,28,200,510.00,"102,000.00"
2020-01-23,2020012301014259,ALICL,57,28,300,510.00,"153,000.00"
2020-01-23,2020012301014258,ALICL,57,28,62,510.00,"31,620.00"
2020-01-23,2020012301013961,ALICL,45,44,72,512.00,"36,864.00"
2020-01-23,2020012301013960,ALICL,32,44,28,512.00,"14,336.00"
2020-01-23,2020012301014257,ALICL,55,28,828,511.00,"423,108.00"
2020-01-23,2020012301014179,ALICL,55,53,172,511.00,"87,892.00"
2020-01-23,2020012301014178,ALICL,28,53,300,511.00,"153,300.00"
2020-01-23,2020012301014177,ALICL,45,53,78,512.00,"39,936.00"
2020-01-23,2020012301014176,ALICL,39,53,50,513.00,"25,650.00"
2020-01-23,2020012301014162,API,3,38,30,120.00,"3,600.00"
2020-01-23,2020012301014154,API,55,38,100,120.00,"12,000.00"
2020-01-23,2020012301013905,API,39,38,200,120.00,"24,000.00"
2020-01-23,2020012301013904,API,39,38,35,120.00,"4,200.00"
2020-01-23,2020012301014253,BFC,59,7,144,100.00,"14,400.00"
2020-01-23,2020012301014252,BFC,57,7,119,100.00,"11,900.00"
2020-01-23,2020012301014074,BFC,57,14,"1,589",100.00,"158,900.00"
2020-01-23,2020012301014269,BOKL,40,44,170,230.00,"39,100.00"
2020-01-23,2020012301013848,BOKL,52,44,100,230.00,"23,000.00"
2020-01-23,2020012301013889,BPCL,38,49,11,320.00,"3,520.00"
2020-01-23,2020012301014169,CBBL,56,56,2,882.00,"1,764.00"
2020-01-23,2020012301014009,CBBL,44,53,120,882.00,"105,840.00"
2020-01-23,2020012301014008,CBBL,44,53,10,882.00,"8,820.00"
2020-01-23,2020012301013893,CBBL,44,4,290,882.00,"255,780.00"
2020-01-23,2020012301014236,CBL,29,17,136,147.00,"19,992.00"
2020-01-23,2020012301014235,CBL,26,17,264,147.00,"38,808.00"
2020-01-23,2020012301013834,CBL,26,42,500,147.00,"73,500.00"
2020-01-23,2020012301014203,CCBL,45,34,"1,370",182.00,"249,340.00"
2020-01-23,2020012301014202,CCBL,45,34,630,182.00,"114,660.00"
2020-01-23,2020012301013910,CCBL,45,37,171,181.00,"30,951.00"
2020-01-23,2020012301014135,CFCL,32,45,50,143.00,"7,150.00"
2020-01-23,2020012301013935,CFCL,45,14,500,141.00,"70,500.00"
2020-01-23,2020012301013934,CFCL,7,14,100,141.00,"14,100.00"
2020-01-23,2020012301014264,CIT,52,52,150,"2,207.00","331,050.00"
2020-01-23,2020012301014192,CIT,7,40,50,"2,210.00","110,500.00"
2020-01-23,2020012301013831,CIT,17,40,12,"2,209.00","26,508.00"
2020-01-23,2020012301013830,CIT,45,40,100,"2,210.00","221,000.00"
2020-01-23,2020012301013829,CIT,45,40,65,"2,210.00","143,650.00"
2020-01-23,2020012301013828,CIT,26,40,23,"2,210.00","50,830.00"
2020-01-23,2020012301013866,CLBSL,26,21,11,854.00,"9,394.00"
2020-01-23,2020012301013958,CZBIL,32,46,975,194.00,"189,150.00"
2020-01-23,2020012301013957,CZBIL,22,46,468,194.00,"90,792.00"
2020-01-23,2020012301013857,CZBIL,22,45,39,194.00,"7,566.00"
2020-01-23,2020012301013856,CZBIL,35,45,100,194.00,"19,400.00"
2020-01-23,2020012301013855,CZBIL,1,45,350,194.00,"67,900.00"
2020-01-23,2020012301013854,CZBIL,29,45,541,194.00,"104,954.00"
2020-01-23,2020012301014043,DDBL,42,45,301,"1,024.00","308,224.00"
2020-01-23,2020012301014023,DDBL,21,28,90,"1,023.00","92,070.00"
2020-01-23,2020012301014022,DDBL,45,28,10,"1,023.00","10,230.00"
2020-01-23,2020012301013956,DDBL,34,45,199,"1,024.00","203,776.00"
2020-01-23,2020012301013863,DDBL,34,26,101,"1,024.00","103,424.00"
2020-01-23,2020012301013862,DDBL,49,26,26,"1,025.00","26,650.00"
2020-01-23,2020012301014223,GBIME,45,40,200,295.00,"59,000.00"
2020-01-23,2020012301014137,GBIME,39,43,160,296.00,"47,360.00"
2020-01-23,2020012301014136,GBIME,39,58,840,296.00,"248,640.00"
2020-01-23,2020012301014132,GBIME,45,54,100,295.00,"29,500.00"
2020-01-23,2020012301014123,GBIME,45,36,225,295.00,"66,375.00"
2020-01-23,2020012301014065,GBIME,21,43,700,296.00,"207,200.00"
2020-01-23,2020012301013820,GBIME,47,45,258,295.00,"76,110.00"
2020-01-23,2020012301013819,GBIME,38,45,300,295.00,"88,500.00"
2020-01-23,2020012301013818,GBIME,50,45,100,295.00,"29,500.00"
2020-01-23,2020012301013817,GBIME,44,45,50,295.00,"14,750.00"
2020-01-23,2020012301013872,GBIME,49,46,75,295.00,"22,125.00"
2020-01-23,2020012301013870,GBIME,49,37,311,295.00,"91,745.00"
2020-01-23,2020012301013867,GBIME,49,51,358,295.00,"105,610.00"
2020-01-23,2020012301013861,GBIME,43,51,500,295.00,"147,500.00"
2020-01-23,2020012301013843,GBIME,47,51,142,295.00,"41,890.00"
2020-01-23,2020012301013841,GBIME,29,43,300,296.00,"88,800.00"
2020-01-23,2020012301013930,GBIME,40,49,451,295.00,"133,045.00"
2020-01-23,2020012301013929,GBIME,16,49,250,295.00,"73,750.00"
2020-01-23,2020012301013913,GBIME,22,49,799,295.00,"235,705.00"
2020-01-23,2020012301013912,GBIME,22,13,201,295.00,"59,295.00"
2020-01-23,2020012301013888,GBIME,10,13,444,295.00,"130,980.00"
2020-01-23,2020012301013886,GBIME,49,13,256,295.00,"75,520.00"
2020-01-23,2020012301014063,GBIME,45,52,88,295.00,"25,960.00"
2020-01-23,2020012301014062,GBIME,50,52,200,295.00,"59,000.00"
2020-01-23,2020012301014061,GBIME,35,52,100,295.00,"29,500.00"
2020-01-23,2020012301014060,GBIME,29,52,60,295.00,"17,700.00"
2020-01-23,2020012301014059,GBIME,40,52,552,295.00,"162,840.00"
2020-01-23,2020012301013931,GBIME,40,52,"1,000",295.00,"295,000.00"
2020-01-23,2020012301014080,GBLBS,49,51,190,420.00,"79,800.00"
2020-01-23,2020012301014079,GBLBS,49,40,310,418.00,"129,580.00"
2020-01-23,2020012301014058,GBLBS,45,40,"1,090",418.00,"455,620.00"
2020-01-23,2020012301014057,GBLBS,45,51,300,418.00,"125,400.00"
2020-01-23,2020012301014056,GBLBS,45,40,10,418.00,"4,180.00"
2020-01-23,2020012301014002,GBLBS,25,40,500,418.00,"209,000.00"
2020-01-23,2020012301014001,GBLBS,53,40,400,418.00,"167,200.00"
2020-01-23,2020012301014000,GBLBS,6,40,90,418.00,"37,620.00"
2020-01-23,2020012301013909,GBLBS,4,28,"1,000",419.00,"419,000.00"
2020-01-23,2020012301013891,GBLBS,6,42,50,418.00,"20,900.00"
2020-01-23,2020012301014102,GFCL,50,50,10,147.00,"1,470.00"
2020-01-23,2020012301013851,GGBSL,11,45,20,858.00,"17,160.00"
2020-01-23,2020012301014161,GILB,55,34,50,"1,300.00","65,000.00"
2020-01-23,2020012301014086,GILB,19,35,17,"1,299.00","22,083.00"
2020-01-23,2020012301014040,GLBSL,47,38,10,620.00,"6,200.00"
2020-01-23,2020012301014290,GLICL,49,19,78,665.00,"51,870.00"
2020-01-23,2020012301014289,GLICL,45,19,100,666.00,"66,600.00"
2020-01-23,2020012301014288,GLICL,6,19,22,666.00,"14,652.00"
2020-01-23,2020012301014248,GLICL,39,6,33,668.00,"22,044.00"
2020-01-23,2020012301014226,GLICL,6,38,178,666.00,"118,548.00"
2020-01-23,2020012301014225,GLICL,52,38,100,667.00,"66,700.00"
2020-01-23,2020012301014129,GLICL,43,38,126,670.00,"84,420.00"
2020-01-23,2020012301014054,GLICL,43,6,274,670.00,"183,580.00"
2020-01-23,2020012301014053,GLICL,38,6,26,670.00,"17,420.00"
2020-01-23,2020012301014052,GLICL,39,6,100,670.00,"67,000.00"
2020-01-23,2020012301014004,GLICL,21,38,300,671.00,"201,300.00"
2020-01-23,2020012301014224,GLICL,42,38,50,667.00,"33,350.00"
2020-01-23,2020012301014188,GLICL,1,6,150,668.00,"100,200.00"
2020-01-23,2020012301014187,GLICL,7,6,40,668.00,"26,720.00"
2020-01-23,2020012301014186,GLICL,37,6,100,668.00,"66,800.00"
2020-01-23,2020012301014185,GLICL,38,6,200,669.00,"133,800.00"
2020-01-23,2020012301014184,GLICL,6,6,27,669.00,"18,063.00"
2020-01-23,2020012301014173,GRDBL,42,41,50,112.00,"5,600.00"
2020-01-23,2020012301014172,GRDBL,51,41,121,112.00,"13,552.00"
2020-01-23,2020012301014197,HBL,17,25,10,566.00,"5,660.00"
2020-01-23,2020012301014196,HBL,43,25,10,566.00,"5,660.00"
2020-01-23,2020012301014220,HDL,6,57,50,"1,245.00","62,250.00"
2020-01-23,2020012301013865,HGI,22,36,160,363.00,"58,080.00"
2020-01-23,2020012301013864,HGI,22,42,30,362.00,"10,860.00"
2020-01-23,2020012301013826,HGI,22,37,10,360.00,"3,600.00"
2020-01-23,2020012301013825,HGI,49,37,40,360.00,"14,400.00"
2020-01-23,2020012301014157,IGI,49,17,50,386.00,"19,300.00"
2020-01-23,2020012301014024,IGI,49,19,100,386.00,"38,600.00"
2020-01-23,2020012301014310,ILBS,3,3,10,799.00,"7,990.00"
2020-01-23,2020012301014152,ILBS,41,38,10,794.00,"7,940.00"
2020-01-23,2020012301014147,ILBS,59,22,50,800.00,"40,000.00"
2020-01-23,2020012301014146,ILBS,59,42,50,800.00,"40,000.00"
2020-01-23,2020012301013911,ILBS,41,38,10,794.00,"7,940.00"
2020-01-23,2020012301014171,JBBL,39,19,790,173.00,"136,670.00"
2020-01-23,2020012301013975,JBBL,50,47,395,171.00,"67,545.00"
2020-01-23,2020012301014249,JFL,42,47,11,183.00,"2,013.00"
2020-01-23,2020012301014081,JSLBB,1,21,30,"1,385.00","41,550.00"
2020-01-23,2020012301014130,KADBL,13,47,11,256.00,"2,816.00"
2020-01-23,2020012301014234,KBL,6,13,640,195.00,"124,800.00"
2020-01-23,2020012301014233,KBL,56,13,100,195.00,"19,500.00"
2020-01-23,2020012301014232,KBL,21,13,260,195.00,"50,700.00"
2020-01-23,2020012301014101,KRBL,37,41,300,111.00,"33,300.00"
2020-01-23,2020012301014100,KRBL,19,41,100,111.00,"11,100.00"
2020-01-23,2020012301014305,LBBL,1,49,16,188.00,"3,008.00"
2020-01-23,2020012301014038,LBBL,55,59,150,189.00,"28,350.00"
2020-01-23,2020012301014268,LBL,55,26,209,208.00,"43,472.00"
2020-01-23,2020012301014013,LBL,55,58,"1,291",208.00,"268,528.00"
2020-01-23,2020012301014012,LBL,17,58,709,208.00,"147,472.00"
2020-01-23,2020012301014067,LEMF,34,58,"2,000",7.62,"15,240.00"
2020-01-23,2020012301014066,LEMF,47,58,500,7.63,"3,815.00"
2020-01-23,2020012301014039,LGIL,40,26,55,430.00,"23,650.00"
2020-01-23,2020012301013945,LGIL,40,36,206,430.00,"88,580.00"
2020-01-23,2020012301013944,LGIL,51,36,300,430.00,"129,000.00"
2020-01-23,2020012301013943,LGIL,46,36,200,431.00,"86,200.00"
2020-01-23,2020012301013942,LGIL,34,36,200,432.00,"86,400.00"
2020-01-23,2020012301013941,LGIL,22,36,400,432.00,"172,800.00"
2020-01-23,2020012301013940,LGIL,44,36,94,433.00,"40,702.00"
2020-01-23,2020012301014044,LICN,25,1,10,"1,254.00","12,540.00"
2020-01-23,2020012301013991,LICN,49,38,490,"1,236.00","605,640.00"
2020-01-23,2020012301014082,LLBS,19,49,56,995.00,"55,720.00"
2020-01-23,2020012301013990,LLBS,7,41,75,982.00,"73,650.00"
2020-01-23,2020012301013989,LLBS,34,41,50,982.00,"49,100.00"
2020-01-23,2020012301013988,LLBS,19,41,100,983.00,"98,300.00"
2020-01-23,2020012301013987,LLBS,34,41,25,983.00,"24,575.00"
2020-01-23,2020012301013986,LLBS,55,41,50,984.00,"49,200.00"
2020-01-23,2020012301013842,LLBS,19,49,300,985.00,"295,500.00"
2020-01-23,2020012301014105,LVF1,21,58,500,9.45,"4,725.00"
2020-01-23,2020012301014230,MBL,40,36,500,233.00,"116,500.00"
2020-01-23,2020012301014200,MBL,43,36,10,233.00,"2,330.00"
2020-01-23,2020012301014219,MDB,7,43,55,275.00,"15,125.00"
2020-01-23,2020012301014218,MDB,45,43,100,275.00,"27,500.00"
2020-01-23,2020012301014217,MDB,1,43,100,275.00,"27,500.00"
2020-01-23,2020012301014216,MDB,56,43,15,275.00,"4,125.00"
2020-01-23,2020012301013884,MEGA,39,58,200,198.00,"39,600.00"
2020-01-23,2020012301013883,MEGA,25,58,300,198.00,"59,400.00"
2020-01-23,2020012301013882,MEGA,34,58,200,198.00,"39,600.00"
2020-01-23,2020012301013881,MEGA,10,58,50,198.00,"9,900.00"
2020-01-23,2020012301013880,MEGA,53,58,100,198.00,"19,800.00"
2020-01-23,2020012301013879,MEGA,32,58,175,198.00,"34,650.00"
2020-01-23,2020012301014125,MEGA,34,37,84,198.00,"16,632.00"
2020-01-23,2020012301014124,MEGA,39,37,25,198.00,"4,950.00"
2020-01-23,2020012301013885,MEGA,39,58,975,198.00,"193,050.00"
2020-01-23,2020012301014148,MEGA,34,28,100,198.00,"19,800.00"
2020-01-23,2020012301014191,MERO,59,17,50,629.00,"31,450.00"
2020-01-23,2020012301013978,MFIL,7,22,727,204.00,"148,308.00"
2020-01-23,2020012301013977,MFIL,48,22,83,204.00,"16,932.00"
2020-01-23,2020012301014231,MLBBL,58,34,100,642.00,"64,200.00"
2020-01-23,2020012301013900,MLBBL,5,51,497,643.00,"319,571.00"
2020-01-23,2020012301014314,MNBBL,25,57,345,316.00,"109,020.00"
2020-01-23,2020012301014313,MNBBL,25,57,155,317.00,"49,135.00"
2020-01-23,2020012301014109,MNBBL,25,41,145,317.00,"45,965.00"
2020-01-23,2020012301014108,MNBBL,1,41,155,317.00,"49,135.00"
2020-01-23,2020012301014241,NABIL,42,42,25,725.00,"18,125.00"
2020-01-23,2020012301014240,NABIL,57,42,125,725.00,"90,625.00"
2020-01-23,2020012301014239,NABIL,8,42,800,725.00,"580,000.00"
2020-01-23,2020012301014238,NABIL,21,42,70,725.00,"50,750.00"
2020-01-23,2020012301014237,NABIL,51,42,100,726.00,"72,600.00"
2020-01-23,2020012301014304,NADEP,52,14,50,625.00,"31,250.00"
2020-01-23,2020012301014076,NADEP,18,55,23,625.00,"14,375.00"
2020-01-23,2020012301013822,NADEP,57,42,200,624.00,"124,800.00"
2020-01-23,2020012301014097,NBB,43,58,265,200.00,"53,000.00"
2020-01-23,2020012301014096,NBB,59,58,500,200.00,"100,000.00"
2020-01-23,2020012301014095,NBB,52,58,200,200.00,"40,000.00"
2020-01-23,2020012301014094,NBB,34,58,200,200.00,"40,000.00"
2020-01-23,2020012301014093,NBB,29,58,400,200.00,"80,000.00"
2020-01-23,2020012301013994,NBB,26,52,650,201.00,"130,650.00"
2020-01-23,2020012301014092,NBB,47,58,200,200.00,"40,000.00"
2020-01-23,2020012301014091,NBB,11,58,500,200.00,"100,000.00"
2020-01-23,2020012301014090,NBB,16,58,500,200.00,"100,000.00"
2020-01-23,2020012301014089,NBB,51,58,500,200.00,"100,000.00"
2020-01-23,2020012301014088,NBB,26,58,30,201.00,"6,030.00"
2020-01-23,2020012301014087,NBB,35,58,"1,000",201.00,"201,000.00"
2020-01-23,2020012301014312,NBL,5,5,282,279.00,"78,678.00"
2020-01-23,2020012301014311,NBL,5,37,18,279.00,"5,022.00"
2020-01-23,2020012301014291,NBL,43,37,10,279.00,"2,790.00"
2020-01-23,2020012301014201,NBL,33,49,100,278.00,"27,800.00"
2020-01-23,2020012301014165,NBL,16,37,500,279.00,"139,500.00"
2020-01-23,2020012301014049,NBL,54,37,472,279.00,"131,688.00"
2020-01-23,2020012301013839,NBL,22,43,128,279.00,"35,712.00"
2020-01-23,2020012301014048,NBL,54,16,528,279.00,"147,312.00"
2020-01-23,2020012301014003,NBL,26,16,200,279.00,"55,800.00"
2020-01-23,2020012301013985,NBL,33,4,505,278.00,"140,390.00"
2020-01-23,2020012301013984,NBL,59,4,100,278.00,"27,800.00"
2020-01-23,2020012301013946,NBL,33,16,500,279.00,"139,500.00"
2020-01-23,2020012301013840,NBL,22,16,172,279.00,"47,988.00"
2020-01-23,2020012301014303,NCCB,55,17,799,198.00,"158,202.00"
2020-01-23,2020012301014302,NCCB,55,38,"1,000",198.00,"198,000.00"
2020-01-23,2020012301014301,NCCB,55,49,201,198.00,"39,798.00"
2020-01-23,2020012301014175,NCCB,58,37,545,197.00,"107,365.00"
2020-01-23,2020012301014170,NCCB,58,10,340,197.00,"66,980.00"
2020-01-23,2020012301013999,NCCB,16,49,75,198.00,"14,850.00"
2020-01-23,2020012301013998,NCCB,58,13,"1,001",197.00,"197,197.00"
2020-01-23,2020012301013997,NCCB,13,13,227,197.00,"44,719.00"
2020-01-23,2020012301013845,NHPC,50,43,"1,955",52.00,"101,660.00"
2020-01-23,2020012301013844,NHPC,32,43,"1,745",52.00,"90,740.00"
2020-01-23,2020012301013966,NIB,55,17,36,401.00,"14,436.00"
2020-01-23,2020012301013965,NIB,55,44,40,400.00,"16,000.00"
2020-01-23,2020012301013964,NIB,55,59,384,400.00,"153,600.00"
2020-01-23,2020012301013962,NIB,13,49,44,398.00,"17,512.00"
2020-01-23,2020012301013926,NIB,35,59,50,400.00,"20,000.00"
2020-01-23,2020012301014308,NIBSF1,1,18,"10,000",9.75,"97,500.00"
2020-01-23,2020012301014307,NIBSF1,16,18,"3,200",9.75,"31,200.00"
2020-01-23,2020012301014316,NICA,35,45,10,470.00,"4,700.00"
2020-01-23,2020012301014315,NICA,6,45,87,470.00,"40,890.00"
2020-01-23,2020012301014245,NICA,6,51,13,470.00,"6,110.00"
2020-01-23,2020012301014244,NICA,58,51,50,470.00,"23,500.00"
2020-01-23,2020012301014243,NICA,45,51,37,470.00,"17,390.00"
2020-01-23,2020012301014122,NICA,22,26,300,471.00,"141,300.00"
2020-01-23,2020012301014121,NICA,38,26,500,471.00,"235,500.00"
2020-01-23,2020012301014120,NICA,56,26,"1,529",471.00,"720,159.00"
2020-01-23,2020012301014229,NICL,26,47,341,382.00,"130,262.00"
2020-01-23,2020012301014228,NICL,26,48,100,382.00,"38,200.00"
2020-01-23,2020012301014227,NICL,26,26,100,381.00,"38,100.00"
2020-01-23,2020012301014151,NICL,59,45,37,380.00,"14,060.00"
2020-01-23,2020012301014150,NICL,44,45,263,380.00,"99,940.00"
2020-01-23,2020012301014107,NICL,44,22,300,380.00,"114,000.00"
2020-01-23,2020012301013974,NICL,50,26,100,381.00,"38,100.00"
2020-01-23,2020012301013892,NICL,50,41,500,381.00,"190,500.00"
2020-01-23,2020012301014159,NIL,44,57,450,462.00,"207,900.00"
2020-01-23,2020012301014133,NIL,44,44,"1,000",464.00,"464,000.00"
2020-01-23,2020012301014098,NIL,44,14,400,463.00,"185,200.00"
2020-01-23,2020012301014019,NIL,14,14,100,463.00,"46,300.00"
2020-01-23,2020012301014247,NLBBL,14,7,50,658.00,"32,900.00"
2020-01-23,2020012301013908,NLG,41,38,85,784.00,"66,640.00"
2020-01-23,2020012301013907,NLG,21,38,100,785.00,"78,500.00"
2020-01-23,2020012301013906,NLG,35,38,15,785.00,"11,775.00"
2020-01-23,2020012301014294,NLIC,58,28,400,"1,103.00","441,200.00"
2020-01-23,2020012301014293,NLIC,58,35,487,"1,103.00","537,161.00"
2020-01-23,2020012301014292,NLIC,58,37,71,"1,102.00","78,242.00"
2020-01-23,2020012301014254,NLIC,57,42,75,"1,101.00","82,575.00"
2020-01-23,2020012301014251,NLIC,57,55,50,"1,101.00","55,050.00"
2020-01-23,2020012301014113,NLIC,52,35,13,"1,103.00","14,339.00"
2020-01-23,2020012301013876,NLIC,58,4,250,"1,100.00","275,000.00"
2020-01-23,2020012301013875,NLIC,58,4,36,"1,100.00","39,600.00"
2020-01-23,2020012301013860,NLIC,58,41,431,"1,100.00","474,100.00"
2020-01-23,2020012301013859,NLIC,38,41,100,"1,101.00","110,100.00"
2020-01-23,2020012301013858,NLIC,56,41,296,"1,101.00","325,896.00"
2020-01-23,2020012301013898,NLIC,50,4,50,"1,100.00","55,000.00"
2020-01-23,2020012301013897,NLIC,37,4,200,"1,100.00","220,000.00"
2020-01-23,2020012301013896,NLIC,48,4,85,"1,100.00","93,500.00"
2020-01-23,2020012301013895,NLIC,25,4,36,"1,100.00","39,600.00"
2020-01-23,2020012301013878,NLIC,25,4,14,"1,100.00","15,400.00"
2020-01-23,2020012301013877,NLIC,8,4,200,"1,100.00","220,000.00"
2020-01-23,2020012301013953,NLIC,10,4,229,"1,100.00","251,900.00"
2020-01-23,2020012301013952,NLIC,53,4,271,"1,100.00","298,100.00"
2020-01-23,2020012301013939,NLIC,34,53,100,"1,102.00","110,200.00"
2020-01-23,2020012301013936,NLIC,53,4,500,"1,100.00","550,000.00"
2020-01-23,2020012301013933,NLIC,53,25,100,"1,100.00","110,000.00"
2020-01-23,2020012301013899,NLIC,53,4,129,"1,100.00","141,900.00"
2020-01-23,2020012301014112,NLIC,52,26,125,"1,103.00","137,875.00"
2020-01-23,2020012301014111,NLIC,52,35,18,"1,102.00","19,836.00"
2020-01-23,2020012301014110,NLIC,52,22,22,"1,101.00","24,222.00"
2020-01-23,2020012301014099,NLIC,52,49,22,"1,100.00","24,200.00"
2020-01-23,2020012301013955,NLIC,34,35,11,"1,100.00","12,100.00"
2020-01-23,2020012301013954,NLIC,10,35,171,"1,100.00","188,100.00"
2020-01-23,2020012301014158,NLICL,59,34,100,633.00,"63,300.00"
2020-01-23,2020012301014014,NLICL,57,38,71,631.00,"44,801.00"
2020-01-23,2020012301013920,NLICL,57,52,871,631.00,"549,601.00"
2020-01-23,2020012301013919,NLICL,36,52,129,632.00,"81,528.00"
2020-01-23,2020012301013821,NLICL,36,58,350,632.00,"221,200.00"
2020-01-23,2020012301013969,NMFBS,5,41,50,"1,521.00","76,050.00"
2020-01-23,2020012301013963,NMFBS,33,52,10,"1,544.00","15,440.00"
2020-01-23,2020012301013823,NMFBS,33,49,29,"1,529.00","44,341.00"
2020-01-23,2020012301014163,NNLB,19,19,10,645.00,"6,450.00"
2020-01-23,2020012301014156,NNLB,44,19,200,645.00,"129,000.00"
2020-01-23,2020012301014155,NNLB,47,19,40,645.00,"25,800.00"
2020-01-23,2020012301014106,NNLB,57,19,50,650.00,"32,500.00"
2020-01-23,2020012301013970,NNLB,47,19,10,645.00,"6,450.00"
2020-01-23,2020012301014199,NSEWA,18,52,100,624.00,"62,400.00"
2020-01-23,2020012301014078,NSEWA,18,41,20,624.00,"12,480.00"
2020-01-23,2020012301014077,NSEWA,16,41,40,625.00,"25,000.00"
2020-01-23,2020012301014131,NTC,53,42,40,623.00,"24,920.00"
2020-01-23,2020012301014018,NTC,20,26,500,625.00,"312,500.00"
2020-01-23,2020012301014017,NTC,20,26,100,625.00,"62,500.00"
2020-01-23,2020012301014287,PCBL,34,5,"1,000",265.00,"265,000.00"
2020-01-23,2020012301014286,PCBL,26,5,500,265.00,"132,500.00"
2020-01-23,2020012301014285,PCBL,5,5,100,265.00,"26,500.00"
2020-01-23,2020012301014284,PCBL,38,5,150,265.00,"39,750.00"
2020-01-23,2020012301014283,PCBL,53,5,100,265.00,"26,500.00"
2020-01-23,2020012301014282,PCBL,59,5,40,265.00,"10,600.00"
2020-01-23,2020012301014275,PCBL,48,5,200,266.00,"53,200.00"
2020-01-23,2020012301014274,PCBL,53,5,100,266.00,"26,600.00"
2020-01-23,2020012301014273,PCBL,32,5,170,266.00,"45,220.00"
2020-01-23,2020012301014272,PCBL,52,5,150,266.00,"39,900.00"
2020-01-23,2020012301014271,PCBL,48,5,479,266.00,"127,414.00"
2020-01-23,2020012301014281,PCBL,41,5,200,265.00,"53,000.00"
2020-01-23,2020012301014280,PCBL,47,5,100,265.00,"26,500.00"
2020-01-23,2020012301014279,PCBL,37,5,50,265.00,"13,250.00"
2020-01-23,2020012301014278,PCBL,39,5,200,265.00,"53,000.00"
2020-01-23,2020012301014277,PCBL,47,5,"5,000",265.00,"1,325,000.00"
2020-01-23,2020012301014276,PCBL,13,5,350,265.00,"92,750.00"
2020-01-23,2020012301014164,PFL,17,49,30,159.00,"4,770.00"
2020-01-23,2020012301014042,PFL,57,32,124,156.00,"19,344.00"
2020-01-23,2020012301013995,PFL,57,45,13,156.00,"2,028.00"
2020-01-23,2020012301013979,PIC,38,49,125,524.00,"65,500.00"
2020-01-23,2020012301014167,PICL,45,42,100,645.00,"64,500.00"
2020-01-23,2020012301014195,PLIC,45,29,300,523.00,"156,900.00"
2020-01-23,2020012301014194,PLIC,34,29,200,523.00,"104,600.00"
2020-01-23,2020012301014104,PLIC,14,47,251,524.00,"131,524.00"
2020-01-23,2020012301014103,PLIC,14,51,22,524.00,"11,528.00"
2020-01-23,2020012301013890,PLIC,58,29,500,523.00,"261,500.00"
2020-01-23,2020012301013873,PLIC,34,25,50,524.00,"26,200.00"
2020-01-23,2020012301014016,PMHPL,6,38,10,89.00,890.00
2020-01-23,2020012301013932,PMHPL,6,38,10,89.00,890.00
2020-01-23,2020012301014166,PPCL,26,57,30,122.00,"3,660.00"
2020-01-23,2020012301014266,PRIN,5,49,160,418.00,"66,880.00"
2020-01-23,2020012301014265,PRIN,34,49,140,418.00,"58,520.00"
2020-01-23,2020012301013938,PRIN,19,59,200,419.00,"83,800.00"
2020-01-23,2020012301013937,PRIN,17,59,87,420.00,"36,540.00"
2020-01-23,2020012301014300,PRVU,42,16,100,246.00,"24,600.00"
2020-01-23,2020012301014246,PRVU,42,41,900,246.00,"221,400.00"
2020-01-23,2020012301014139,PRVU,42,14,736,246.00,"181,056.00"
2020-01-23,2020012301014138,PRVU,28,14,264,246.00,"64,944.00"
2020-01-23,2020012301014127,PRVU,6,28,200,247.00,"49,400.00"
2020-01-23,2020012301014117,PRVU,55,28,"2,000",247.00,"494,000.00"
2020-01-23,2020012301014149,RHPL,29,45,970,169.00,"163,930.00"
2020-01-23,2020012301014126,RHPL,58,57,40,168.00,"6,720.00"
2020-01-23,2020012301014041,RHPL,58,49,10,168.00,"1,680.00"
2020-01-23,2020012301014005,RHPL,58,38,50,168.00,"8,400.00"
2020-01-23,2020012301013951,RHPL,19,38,20,168.00,"3,360.00"
2020-01-23,2020012301013903,RHPL,44,45,30,169.00,"5,070.00"
2020-01-23,2020012301013894,RHPL,44,38,30,169.00,"5,070.00"
2020-01-23,2020012301013824,RHPL,44,38,40,169.00,"6,760.00"
2020-01-23,2020012301013947,RRHP,47,16,170,98.00,"16,660.00"
2020-01-23,2020012301013827,RSDC,28,36,100,416.00,"41,600.00"
2020-01-23,2020012301014256,SABSL,7,40,10,777.00,"7,770.00"
2020-01-23,2020012301014160,SABSL,7,38,10,777.00,"7,770.00"
2020-01-23,2020012301013925,SABSL,7,58,80,780.00,"62,400.00"
2020-01-23,2020012301013924,SABSL,7,13,100,779.00,"77,900.00"
2020-01-23,2020012301013923,SABSL,7,5,20,778.00,"15,560.00"
2020-01-23,2020012301013887,SABSL,57,38,10,775.00,"7,750.00"
2020-01-23,2020012301014007,SANIMA,49,57,200,346.00,"69,200.00"
2020-01-23,2020012301013928,SAPDBL,32,26,429,147.00,"63,063.00"
2020-01-23,2020012301013927,SAPDBL,32,26,70,147.00,"10,290.00"
2020-01-23,2020012301013916,SAPDBL,32,28,53,147.00,"7,791.00"
2020-01-23,2020012301013915,SAPDBL,43,28,500,147.00,"73,500.00"
2020-01-23,2020012301013914,SAPDBL,29,28,47,147.00,"6,909.00"
2020-01-23,2020012301014047,SBL,25,5,250,318.00,"79,500.00"
2020-01-23,2020012301014046,SBL,25,14,920,318.00,"292,560.00"
2020-01-23,2020012301014045,SBL,25,52,10,318.00,"3,180.00"
2020-01-23,2020012301014015,SBL,25,34,599,317.00,"189,883.00"
2020-01-23,2020012301013874,SDESI,34,25,20,781.00,"15,620.00"
2020-01-23,2020012301014083,SEF,17,42,"5,000",9.32,"46,600.00"
2020-01-23,2020012301013993,SEF,17,58,"2,500",9.32,"23,300.00"
2020-01-23,2020012301014198,SHINE,40,49,38,254.00,"9,652.00"
2020-01-23,2020012301014168,SHINE,1,4,700,255.00,"178,500.00"
2020-01-23,2020012301014116,SHINE,40,41,200,254.00,"50,800.00"
2020-01-23,2020012301013918,SHINE,44,4,"1,000",255.00,"255,000.00"
2020-01-23,2020012301013917,SHINE,16,4,18,255.00,"4,590.00"
2020-01-23,2020012301014255,SHIVM,35,58,50,513.00,"25,650.00"
2020-01-23,2020012301014021,SHIVM,19,38,150,509.00,"76,350.00"
2020-01-23,2020012301014020,SHIVM,57,38,350,509.00,"178,150.00"
2020-01-23,2020012301013950,SHIVM,57,49,150,509.00,"76,350.00"
2020-01-23,2020012301013949,SHIVM,19,49,100,509.00,"50,900.00"
2020-01-23,2020012301013948,SHIVM,38,49,100,509.00,"50,900.00"
2020-01-23,2020012301013850,SHIVM,47,38,100,512.00,"51,200.00"
2020-01-23,2020012301014309,SICL,17,53,200,"1,012.00","202,400.00"
2020-01-23,2020012301014306,SICL,45,4,100,"1,011.00","101,100.00"
2020-01-23,2020012301014270,SICL,45,6,25,"1,011.00","25,275.00"
2020-01-23,2020012301014181,SICL,40,53,480,"1,012.00","485,760.00"
2020-01-23,2020012301014180,SICL,45,4,50,"1,011.00","50,550.00"
2020-01-23,2020012301013959,SICL,51,35,100,"1,011.00","101,100.00"
2020-01-23,2020012301013869,SICL,57,53,10,"1,012.00","10,120.00"
2020-01-23,2020012301013868,SICL,57,1,20,"1,012.00","20,240.00"
2020-01-23,2020012301014037,SICL,57,49,100,"1,011.00","101,100.00"
2020-01-23,2020012301014010,SICL,50,49,"1,000","1,011.00","1,011,000.00"
2020-01-23,2020012301013983,SICL,51,49,200,"1,011.00","202,200.00"
2020-01-23,2020012301013982,SICL,51,49,200,"1,011.00","202,200.00"
2020-01-23,2020012301013981,SICL,7,49,200,"1,011.00","202,200.00"
2020-01-23,2020012301013980,SICL,51,49,200,"1,011.00","202,200.00"
2020-01-23,2020012301014141,SICL,58,53,50,"1,012.00","50,600.00"
2020-01-23,2020012301014140,SICL,57,56,100,"1,011.00","101,100.00"
2020-01-23,2020012301014128,SICL,7,13,100,"1,011.00","101,100.00"
2020-01-23,2020012301014084,SICL,7,49,488,"1,011.00","493,368.00"
2020-01-23,2020012301014064,SICL,52,49,200,"1,011.00","202,200.00"
2020-01-23,2020012301014051,SICL,7,49,800,"1,011.00","808,800.00"
2020-01-23,2020012301013837,SIFC,22,8,300,155.00,"46,500.00"
2020-01-23,2020012301013836,SIFC,17,8,"1,000",155.00,"155,000.00"
2020-01-23,2020012301013835,SIFC,14,8,500,156.00,"78,000.00"
2020-01-23,2020012301014215,SJCL,26,33,115,155.00,"17,825.00"
2020-01-23,2020012301014214,SJCL,10,33,20,155.00,"3,100.00"
2020-01-23,2020012301014213,SJCL,1,33,600,155.00,"93,000.00"
2020-01-23,2020012301014212,SJCL,51,33,325,155.00,"50,375.00"
2020-01-23,2020012301014211,SJCL,21,33,200,156.00,"31,200.00"
2020-01-23,2020012301014210,SJCL,17,33,100,156.00,"15,600.00"
2020-01-23,2020012301013871,SJCL,14,38,20,157.00,"3,140.00"
2020-01-23,2020012301013847,SJCL,14,38,20,157.00,"3,140.00"
2020-01-23,2020012301014068,SJCL,14,57,20,157.00,"3,140.00"
2020-01-23,2020012301013992,SJCL,14,38,20,157.00,"3,140.00"
2020-01-23,2020012301013968,SJCL,14,38,10,157.00,"1,570.00"
2020-01-23,2020012301014209,SJCL,16,33,130,156.00,"20,280.00"
2020-01-23,2020012301014208,SJCL,56,33,100,156.00,"15,600.00"
2020-01-23,2020012301014207,SJCL,1,33,240,156.00,"37,440.00"
2020-01-23,2020012301014206,SJCL,14,33,110,157.00,"17,270.00"
2020-01-23,2020012301014205,SJCL,32,33,60,157.00,"9,420.00"
2020-01-23,2020012301014183,SLBBL,58,51,100,728.00,"72,800.00"
2020-01-23,2020012301014182,SLBBL,49,51,300,728.00,"218,400.00"
2020-01-23,2020012301014145,SLBSL,6,6,70,759.00,"53,130.00"
2020-01-23,2020012301014144,SLBSL,55,6,10,760.00,"7,600.00"
2020-01-23,2020012301014143,SLBSL,13,6,30,760.00,"22,800.00"
2020-01-23,2020012301014142,SLBSL,22,6,90,762.00,"68,580.00"
2020-01-23,2020012301014299,SLICL,28,45,111,416.00,"46,176.00"
2020-01-23,2020012301014298,SLICL,21,45,100,417.00,"41,700.00"
2020-01-23,2020012301014297,SLICL,45,45,156,417.00,"65,052.00"
2020-01-23,2020012301014296,SLICL,7,45,100,418.00,"41,800.00"
2020-01-23,2020012301014295,SLICL,38,45,233,418.00,"97,394.00"
2020-01-23,2020012301014204,SLICL,38,29,500,418.00,"209,000.00"
2020-01-23,2020012301013838,SLICL,44,57,390,417.00,"162,630.00"
2020-01-23,2020012301014115,SLICL,38,7,100,418.00,"41,800.00"
2020-01-23,2020012301014114,SLICL,38,46,167,418.00,"69,806.00"
2020-01-23,2020012301013996,SLICL,45,5,44,417.00,"18,348.00"
2020-01-23,2020012301013967,SLICL,53,5,110,417.00,"45,870.00"
2020-01-23,2020012301013902,SLICL,53,43,90,417.00,"37,530.00"
2020-01-23,2020012301013901,SLICL,44,43,110,417.00,"45,870.00"
2020-01-23,2020012301014055,SPDL,25,45,34,104.00,"3,536.00"
2020-01-23,2020012301014036,SPDL,25,10,300,103.00,"30,900.00"
2020-01-23,2020012301014035,SPDL,25,1,29,103.00,"2,987.00"
2020-01-23,2020012301014034,SPDL,25,7,15,103.00,"1,545.00"
2020-01-23,2020012301014033,SPDL,25,7,15,103.00,"1,545.00"
2020-01-23,2020012301014032,SPDL,25,7,15,103.00,"1,545.00"
2020-01-23,2020012301014025,SPDL,25,46,290,101.00,"29,290.00"
2020-01-23,2020012301014031,SPDL,25,45,165,102.00,"16,830.00"
2020-01-23,2020012301014030,SPDL,25,38,293,102.00,"29,886.00"
2020-01-23,2020012301014029,SPDL,25,21,272,102.00,"27,744.00"
2020-01-23,2020012301014028,SPDL,25,34,205,102.00,"20,910.00"
2020-01-23,2020012301014027,SPDL,25,34,117,101.00,"11,817.00"
2020-01-23,2020012301014026,SPDL,25,7,100,101.00,"10,100.00"
2020-01-23,2020012301014073,SRBL,22,4,197,235.00,"46,295.00"
2020-01-23,2020012301014072,SRBL,28,4,100,235.00,"23,500.00"
2020-01-23,2020012301014071,SRBL,17,4,200,235.00,"47,000.00"
2020-01-23,2020012301014070,SRBL,17,4,50,235.00,"11,750.00"
2020-01-23,2020012301014069,SRBL,42,4,453,235.00,"106,455.00"
2020-01-23,2020012301014222,STC,46,16,40,"2,381.00","95,240.00"
2020-01-23,2020012301014221,STC,19,16,70,"2,381.00","166,670.00"
2020-01-23,2020012301014189,STC,19,45,100,"2,381.00","238,100.00"
2020-01-23,2020012301014119,STC,19,26,30,"2,381.00","71,430.00"
2020-01-23,2020012301014118,STC,25,26,20,"2,381.00","47,620.00"
2020-01-23,2020012301014085,STC,39,19,50,"2,386.00","119,300.00"
2020-01-23,2020012301013976,STC,52,45,60,"2,388.00","143,280.00"
2020-01-23,2020012301013922,STC,52,45,20,"2,388.00","47,760.00"
2020-01-23,2020012301013853,STC,40,19,100,"2,389.00","238,900.00"
2020-01-23,2020012301013852,STC,52,19,100,"2,389.00","238,900.00"
2020-01-23,2020012301014050,UIC,55,13,70,375.00,"26,250.00"
2020-01-23,2020012301014242,UPPER,54,57,40,244.00,"9,760.00"
2020-01-23,2020012301014190,UPPER,54,37,99,244.00,"24,156.00"
2020-01-23,2020012301014174,UPPER,54,38,50,244.00,"12,200.00"
2020-01-23,2020012301013921,UPPER,54,25,333,244.00,"81,252.00"
2020-01-23,2020012301013849,UPPER,54,38,50,244.00,"12,200.00"
2020-01-23,2020012301014011,VLBS,32,10,50,860.00,"43,000.00"
2020-01-23,2020012301014006,VLBS,32,45,18,860.00,"15,480.00"
2020-01-23,2020012301014250,WOMI,45,53,100,943.00,"94,300.00"
2020-01-23,2020012301013666,ADBL,46,32,319,382.00,"121,858.00"
2020-01-23,2020012301013665,ADBL,49,32,200,382.00,"76,400.00"
2020-01-23,2020012301013664,ADBL,44,32,200,382.00,"76,400.00"
2020-01-23,2020012301013663,ADBL,34,32,131,382.00,"50,042.00"
2020-01-23,2020012301013662,ADBL,59,32,150,383.00,"57,450.00"
2020-01-23,2020012301013523,ADBL,34,29,69,382.00,"26,358.00"
2020-01-23,2020012301013522,ADBL,8,29,300,382.00,"114,600.00"
2020-01-23,2020012301013521,ADBL,16,29,91,382.00,"34,762.00"
2020-01-23,2020012301013520,ADBL,41,29,40,383.00,"15,320.00"
2020-01-23,2020012301013514,ADBL,41,52,10,383.00,"3,830.00"
2020-01-23,2020012301013772,AKPL,49,53,500,125.00,"62,500.00"
2020-01-23,2020012301013771,AKPL,19,53,"1,000",125.00,"125,000.00"
2020-01-23,2020012301013770,AKPL,55,53,427,125.00,"53,375.00"
2020-01-23,2020012301013349,AKPL,55,1,100,125.00,"12,500.00"
2020-01-23,2020012301013740,ALBSL,4,38,10,636.00,"6,360.00"
2020-01-23,2020012301013613,ALBSL,5,5,10,636.00,"6,360.00"
2020-01-23,2020012301013763,BOKL,21,44,139,230.00,"31,970.00"
2020-01-23,2020012301013477,BOKL,21,19,50,230.00,"11,500.00"
2020-01-23,2020012301013369,BOKL,21,55,11,230.00,"2,530.00"
2020-01-23,2020012301013466,BPCL,40,33,28,321.00,"8,988.00"
2020-01-23,2020012301013414,BPCL,40,49,22,321.00,"7,062.00"
2020-01-23,2020012301013519,CBBL,29,4,210,882.00,"185,220.00"
2020-01-23,2020012301013462,CBBL,44,53,50,883.00,"44,150.00"
2020-01-23,2020012301013439,CBBL,55,53,100,883.00,"88,300.00"
2020-01-23,2020012301013412,CBBL,29,32,90,882.00,"79,380.00"
2020-01-23,2020012301013343,CBBL,35,53,20,883.00,"17,660.00"
2020-01-23,2020012301013765,CBL,26,32,236,147.00,"34,692.00"
2020-01-23,2020012301013764,CBL,10,32,764,147.00,"112,308.00"
2020-01-23,2020012301013691,CBL,10,7,236,147.00,"34,692.00"
2020-01-23,2020012301013690,CBL,45,7,764,147.00,"112,308.00"
2020-01-23,2020012301013498,CCBL,45,54,270,181.00,"48,870.00"
2020-01-23,2020012301013583,CFCL,7,35,100,141.00,"14,100.00"
2020-01-23,2020012301013579,CHCL,39,25,400,420.00,"168,000.00"
2020-01-23,2020012301013467,CHCL,39,58,100,420.00,"42,000.00"
2020-01-23,2020012301013355,CHL,58,5,10,91.00,910.00
2020-01-23,2020012301013459,CIT,11,58,100,"2,211.00","221,100.00"
2020-01-23,2020012301013458,CIT,33,58,30,"2,212.00","66,360.00"
2020-01-23,2020012301013595,CLBSL,19,38,43,855.00,"36,765.00"
2020-01-23,2020012301013693,CZBIL,45,43,150,195.00,"29,250.00"
2020-01-23,2020012301013797,DDBL,49,51,94,"1,025.00","96,350.00"
2020-01-23,2020012301013796,DDBL,14,51,188,"1,025.00","192,700.00"
2020-01-23,2020012301013795,DDBL,20,51,18,"1,027.00","18,486.00"
2020-01-23,2020012301013773,DDBL,50,43,100,"1,028.00","102,800.00"
2020-01-23,2020012301013723,DDBL,20,4,82,"1,027.00","84,214.00"
2020-01-23,2020012301013563,DDBL,14,14,112,"1,025.00","114,800.00"
2020-01-23,2020012301013562,DDBL,51,14,188,"1,025.00","192,700.00"
2020-01-23,2020012301013535,DDBL,20,4,18,"1,027.00","18,486.00"
2020-01-23,2020012301013483,DDBL,42,4,100,"1,027.00","102,700.00"
2020-01-23,2020012301013681,DHPL,42,58,11,53.00,583.00
2020-01-23,2020012301013680,DHPL,42,38,11,53.00,583.00
2020-01-23,2020012301013679,DHPL,42,38,11,53.00,583.00
2020-01-23,2020012301013625,EBL,42,45,50,610.00,"30,500.00"
2020-01-23,2020012301013624,EBL,42,45,50,610.00,"30,500.00"
2020-01-23,2020012301013608,EBL,43,32,10,612.00,"6,120.00"
2020-01-23,2020012301013356,EBL,11,32,100,612.00,"61,200.00"
2020-01-23,2020012301013615,EDBL,32,33,210,325.00,"68,250.00"
2020-01-23,2020012301013460,EIC,34,17,420,340.00,"142,800.00"
2020-01-23,2020012301013385,EIC,26,17,30,340.00,"10,200.00"
2020-01-23,2020012301013384,EIC,1,17,150,340.00,"51,000.00"
2020-01-23,2020012301013383,EIC,1,17,100,340.00,"34,000.00"
2020-01-23,2020012301013382,EIC,34,17,200,340.00,"68,000.00"
2020-01-23,2020012301013381,EIC,34,17,100,341.00,"34,100.00"
2020-01-23,2020012301013380,EIC,35,17,200,341.00,"68,200.00"
2020-01-23,2020012301013379,EIC,56,17,300,342.00,"102,600.00"
2020-01-23,2020012301013342,EIC,49,42,200,343.00,"68,600.00"
2020-01-23,2020012301013804,FMDBL,38,19,21,408.00,"8,568.00"
2020-01-23,2020012301013803,FMDBL,18,19,79,409.00,"32,311.00"
2020-01-23,2020012301013559,FMDBL,18,21,21,409.00,"8,589.00"
2020-01-23,2020012301013513,FMDBL,18,39,100,409.00,"40,900.00"
2020-01-23,2020012301013373,FMDBL,50,26,50,411.00,"20,550.00"
2020-01-23,2020012301013558,FOWAD,57,22,45,"1,229.00","55,305.00"
2020-01-23,2020012301013348,FOWAD,47,32,29,"1,230.00","35,670.00"
2020-01-23,2020012301013729,GBBL,38,11,40,229.00,"9,160.00"
2020-01-23,2020012301013655,GBBL,35,56,25,230.00,"5,750.00"
2020-01-23,2020012301013508,GBBL,38,33,60,229.00,"13,740.00"
2020-01-23,2020012301013816,GBIME,29,45,229,295.00,"67,555.00"
2020-01-23,2020012301013735,GBIME,29,40,360,295.00,"106,200.00"
2020-01-23,2020012301013704,GBIME,29,54,100,295.00,"29,500.00"
2020-01-23,2020012301013703,GBIME,29,4,311,295.00,"91,745.00"
2020-01-23,2020012301013688,GBIME,28,4,500,295.00,"147,500.00"
2020-01-23,2020012301013634,GBIME,43,4,10,295.00,"2,950.00"
2020-01-23,2020012301013469,GBIME,13,35,312,295.00,"92,040.00"
2020-01-23,2020012301013443,GBIME,57,41,136,294.00,"39,984.00"
2020-01-23,2020012301013423,GBIME,57,37,33,294.00,"9,702.00"
2020-01-23,2020012301013422,GBIME,38,37,300,294.00,"88,200.00"
2020-01-23,2020012301013421,GBIME,36,37,162,294.00,"47,628.00"
2020-01-23,2020012301013378,GBIME,45,35,500,295.00,"147,500.00"
2020-01-23,2020012301013532,GBIME,44,43,200,295.00,"59,000.00"
2020-01-23,2020012301013531,GBIME,44,54,517,295.00,"152,515.00"
2020-01-23,2020012301013530,GBIME,44,52,81,295.00,"23,895.00"
2020-01-23,2020012301013500,GBIME,56,52,19,295.00,"5,605.00"
2020-01-23,2020012301013499,GBIME,56,45,11,295.00,"3,245.00"
2020-01-23,2020012301013470,GBIME,13,45,688,295.00,"202,960.00"
2020-01-23,2020012301013633,GBIME,29,4,50,295.00,"14,750.00"
2020-01-23,2020012301013614,GBIME,44,4,129,295.00,"38,055.00"
2020-01-23,2020012301013556,GBIME,44,59,131,295.00,"38,645.00"
2020-01-23,2020012301013545,GBIME,44,45,323,295.00,"95,285.00"
2020-01-23,2020012301013534,GBIME,44,49,500,295.00,"147,500.00"
2020-01-23,2020012301013533,GBIME,44,22,119,295.00,"35,105.00"
2020-01-23,2020012301013815,GBLBS,6,42,150,418.00,"62,700.00"
2020-01-23,2020012301013794,GBLBS,6,49,100,418.00,"41,800.00"
2020-01-23,2020012301013685,GBLBS,6,40,110,418.00,"45,980.00"
2020-01-23,2020012301013573,GBLBS,57,57,200,419.00,"83,800.00"
2020-01-23,2020012301013572,GBLBS,52,57,185,419.00,"77,515.00"
2020-01-23,2020012301013539,GBLBS,52,33,15,419.00,"6,285.00"
2020-01-23,2020012301013495,GBLBS,52,49,100,419.00,"41,900.00"
2020-01-23,2020012301013494,GBLBS,48,49,100,419.00,"41,900.00"
