Date,Transact. No.,Symbol,Buyer,Seller,Quantity,Rate,Amount
2019-11-04,2019110401004085,ADBL,25,50,22,413.00,"9,086.00"
2019-11-04,2019110401004084,ADBL,25,34,140,413.00,"57,820.00"
2019-11-04,2019110401004083,ADBL,25,59,40,413.00,"16,520.00"
2019-11-04,2019110401004080,ADBL,52,59,20,413.00,"8,260.00"
2019-11-04,2019110401003905,ADBL,25,40,88,412.00,"36,256.00"
2019-11-04,2019110401003843,ADBL,14,59,20,413.00,"8,260.00"
2019-11-04,2019110401003795,ADBL,25,45,52,412.00,"21,424.00"
2019-11-04,2019110401003784,ADBL,25,47,158,412.00,"65,096.00"
2019-11-04,2019110401003616,ADBL,45,47,10,412.00,"4,120.00"
2019-11-04,2019110401004078,AHPC,28,19,700,95.00,"66,500.00"
2019-11-04,2019110401004077,AHPC,43,19,300,95.00,"28,500.00"
2019-11-04,2019110401003740,AKBSL,48,56,10,408.00,"4,080.00"
2019-11-04,2019110401003720,AKBSL,48,37,10,408.00,"4,080.00"
2019-11-04,2019110401003998,AKJCL,52,22,10,55.00,550.00
2019-11-04,2019110401003997,AKJCL,52,53,20,55.00,"1,100.00"
2019-11-04,2019110401003996,AKJCL,52,34,10,53.00,530.00
2019-11-04,2019110401003995,AKJCL,52,26,10,53.00,530.00
2019-11-04,2019110401003990,AKPL,52,38,93,129.00,"11,997.00"
2019-11-04,2019110401003989,AKPL,25,38,20,129.00,"2,580.00"
2019-11-04,2019110401003802,ALBSL,51,45,10,386.00,"3,860.00"
2019-11-04,2019110401003773,ALBSL,56,37,150,388.00,"58,200.00"
2019-11-04,2019110401003685,ALBSL,56,25,40,388.00,"15,520.00"
2019-11-04,2019110401003643,ALBSL,29,6,20,387.00,"7,740.00"
2019-11-04,2019110401004021,ALICL,40,25,100,311.00,"31,100.00"
2019-11-04,2019110401003874,API,25,6,50,109.00,"5,450.00"
2019-11-04,2019110401003867,API,49,6,34,108.00,"3,672.00"
2019-11-04,2019110401003866,API,45,6,50,108.00,"5,400.00"
2019-11-04,2019110401003865,API,49,6,16,108.00,"1,728.00"
2019-11-04,2019110401003602,API,25,6,111,109.00,"12,099.00"
2019-11-04,2019110401003731,API,25,6,60,109.00,"6,540.00"
2019-11-04,2019110401004098,BOKL,17,34,553,226.00,"124,978.00"
2019-11-04,2019110401004097,BOKL,17,38,447,226.00,"101,022.00"
2019-11-04,2019110401003879,BOKL,17,6,329,225.00,"74,025.00"
2019-11-04,2019110401003878,BOKL,51,6,140,225.00,"31,500.00"
2019-11-04,2019110401003877,BOKL,49,6,100,225.00,"22,500.00"
2019-11-04,2019110401003876,BOKL,17,6,14,225.00,"3,150.00"
2019-11-04,2019110401003669,BOKL,13,38,489,226.00,"110,514.00"
2019-11-04,2019110401003668,BOKL,13,48,11,226.00,"2,486.00"
2019-11-04,2019110401004006,BPCL,33,21,19,368.00,"6,992.00"
2019-11-04,2019110401004005,BPCL,33,28,91,364.00,"33,124.00"
2019-11-04,2019110401003987,BPCL,42,28,100,364.00,"36,400.00"
2019-11-04,2019110401003986,BPCL,50,28,30,364.00,"10,920.00"
2019-11-04,2019110401003985,BPCL,25,28,140,365.00,"51,100.00"
2019-11-04,2019110401003984,BPCL,10,28,139,365.00,"50,735.00"
2019-11-04,2019110401003666,BPCL,10,13,50,365.00,"18,250.00"
2019-11-04,2019110401003696,BPCL,10,25,11,365.00,"4,015.00"
2019-11-04,2019110401003677,CBBL,44,4,50,968.00,"48,400.00"
2019-11-04,2019110401004069,CBL,43,49,10,143.00,"1,430.00"
2019-11-04,2019110401004048,CBL,43,38,448,142.00,"63,616.00"
2019-11-04,2019110401003887,CBL,43,6,113,142.00,"16,046.00"
2019-11-04,2019110401003766,CBL,43,58,700,142.00,"99,400.00"
2019-11-04,2019110401003703,CBL,43,36,173,142.00,"24,566.00"
2019-11-04,2019110401003786,CCBL,45,58,812,158.00,"128,296.00"
2019-11-04,2019110401003785,CCBL,45,25,188,158.00,"29,704.00"
2019-11-04,2019110401003747,CCBL,41,58,50,158.00,"7,900.00"
2019-11-04,2019110401003653,CFCL,42,46,100,110.00,"11,000.00"
2019-11-04,2019110401004056,CHCL,58,40,30,460.00,"13,800.00"
2019-11-04,2019110401004055,CHCL,58,40,70,460.00,"32,200.00"
2019-11-04,2019110401004031,CHCL,49,40,200,460.00,"92,000.00"
2019-11-04,2019110401003949,CHCL,42,40,100,460.00,"46,000.00"
2019-11-04,2019110401003940,CHCL,22,8,587,456.00,"267,672.00"
2019-11-04,2019110401003939,CHCL,5,8,50,457.00,"22,850.00"
2019-11-04,2019110401003895,CHCL,45,16,50,460.00,"23,000.00"
2019-11-04,2019110401003875,CHCL,17,16,30,460.00,"13,800.00"
2019-11-04,2019110401003649,CHCL,32,16,200,460.00,"92,000.00"
2019-11-04,2019110401003638,CHCL,54,11,150,460.00,"69,000.00"
2019-11-04,2019110401003938,CHCL,1,8,200,457.00,"91,400.00"
2019-11-04,2019110401003937,CHCL,51,8,50,457.00,"22,850.00"
2019-11-04,2019110401003936,CHCL,33,8,13,458.00,"5,954.00"
2019-11-04,2019110401003935,CHCL,45,8,100,459.00,"45,900.00"
2019-11-04,2019110401003908,CHCL,58,40,80,460.00,"36,800.00"
2019-11-04,2019110401003906,CHCL,58,16,20,460.00,"9,200.00"
2019-11-04,2019110401004087,CZBIL,25,28,50,191.00,"9,550.00"
2019-11-04,2019110401003962,CZBIL,47,11,10,190.00,"1,900.00"
2019-11-04,2019110401003890,CZBIL,47,14,117,190.00,"22,230.00"
2019-11-04,2019110401003889,CZBIL,32,14,100,190.00,"19,000.00"
2019-11-04,2019110401003888,CZBIL,32,14,83,190.00,"15,770.00"
2019-11-04,2019110401003806,CZBIL,6,28,"1,350",191.00,"257,850.00"
2019-11-04,2019110401003805,CZBIL,6,28,650,191.00,"124,150.00"
2019-11-04,2019110401003750,CZBIL,41,28,50,191.00,"9,550.00"
2019-11-04,2019110401003601,CZBIL,32,26,17,190.00,"3,230.00"
2019-11-04,2019110401003600,CZBIL,28,26,363,190.00,"68,970.00"
2019-11-04,2019110401004035,DBBL,7,7,"1,096",124.00,"135,904.00"
2019-11-04,2019110401004034,DBBL,17,7,81,124.00,"10,044.00"
2019-11-04,2019110401004033,DBBL,56,7,23,124.00,"2,852.00"
2019-11-04,2019110401003767,DBBL,56,7,350,124.00,"43,400.00"
2019-11-04,2019110401003715,DBBL,56,7,127,124.00,"15,748.00"
2019-11-04,2019110401003714,DBBL,32,7,123,124.00,"15,252.00"
2019-11-04,2019110401003713,DBBL,49,7,200,124.00,"24,800.00"
2019-11-04,2019110401003712,DBBL,20,7,50,124.00,"6,200.00"
2019-11-04,2019110401003749,EBL,58,58,10,557.00,"5,570.00"
2019-11-04,2019110401003676,EBL,56,6,11,553.00,"6,083.00"
2019-11-04,2019110401003675,EBL,41,6,10,553.00,"5,530.00"
2019-11-04,2019110401003833,FMDBL,25,51,12,310.00,"3,720.00"
2019-11-04,2019110401003799,FMDBL,59,58,200,308.00,"61,600.00"
2019-11-04,2019110401003971,FOWAD,42,45,19,"1,290.00","24,510.00"
2019-11-04,2019110401003737,FOWAD,44,22,200,"1,290.00","258,000.00"
2019-11-04,2019110401003736,FOWAD,44,34,20,"1,289.00","25,780.00"
2019-11-04,2019110401003735,FOWAD,44,55,100,"1,285.00","128,500.00"
2019-11-04,2019110401003734,FOWAD,44,49,17,"1,284.00","21,828.00"
2019-11-04,2019110401003733,FOWAD,44,11,49,"1,283.00","62,867.00"
2019-11-04,2019110401003732,FOWAD,44,56,20,"1,282.00","25,640.00"
2019-11-04,2019110401003820,GBBL,35,14,50,224.00,"11,200.00"
2019-11-04,2019110401003620,GBBL,42,28,68,225.00,"15,300.00"
2019-11-04,2019110401003794,GBLBS,57,51,15,309.00,"4,635.00"
2019-11-04,2019110401003793,GBLBS,19,51,10,309.00,"3,090.00"
2019-11-04,2019110401003792,GBLBS,50,51,40,309.00,"12,360.00"
2019-11-04,2019110401003903,GGBSL,4,6,10,329.00,"3,290.00"
2019-11-04,2019110401003674,GLBSL,42,37,10,418.00,"4,180.00"
2019-11-04,2019110401003904,GLICL,25,17,10,354.00,"3,540.00"
2019-11-04,2019110401003693,GLICL,17,4,150,352.00,"52,800.00"
2019-11-04,2019110401003664,GLICL,25,4,20,352.00,"7,040.00"
2019-11-04,2019110401003965,GMFBS,33,10,10,468.00,"4,680.00"
2019-11-04,2019110401003810,GMFBS,10,35,10,459.00,"4,590.00"
2019-11-04,2019110401003809,GMFBS,10,38,10,459.00,"4,590.00"
2019-11-04,2019110401003808,GMFBS,10,38,10,459.00,"4,590.00"
2019-11-04,2019110401003907,GUFL,38,6,47,110.00,"5,170.00"
2019-11-04,2019110401004058,HBL,1,22,15,494.00,"7,410.00"
2019-11-04,2019110401004016,HBL,5,22,50,494.00,"24,700.00"
2019-11-04,2019110401003870,HBL,14,19,114,493.00,"56,202.00"
2019-11-04,2019110401003868,HDL,35,39,93,"1,480.00","137,640.00"
2019-11-04,2019110401003819,HDL,35,5,100,"1,480.00","148,000.00"
2019-11-04,2019110401003818,HDL,35,34,30,"1,480.00","44,400.00"
2019-11-04,2019110401003817,HDL,35,13,100,"1,478.00","147,800.00"
2019-11-04,2019110401003816,HDL,35,40,15,"1,475.00","22,125.00"
2019-11-04,2019110401003815,HDL,35,49,10,"1,470.00","14,700.00"
2019-11-04,2019110401004026,HIDCL,16,25,100,138.00,"13,800.00"
2019-11-04,2019110401004022,HIDCL,16,39,500,138.00,"69,000.00"
2019-11-04,2019110401004019,HIDCL,35,39,10,139.00,"1,390.00"
2019-11-04,2019110401003946,HIDCL,16,43,100,138.00,"13,800.00"
2019-11-04,2019110401003917,HIDCL,16,16,44,138.00,"6,072.00"
2019-11-04,2019110401003899,HIDCL,16,35,50,138.00,"6,900.00"
2019-11-04,2019110401003898,HIDCL,16,47,190,138.00,"26,220.00"
2019-11-04,2019110401003862,HIDCL,25,47,300,138.00,"41,400.00"
2019-11-04,2019110401003772,HIDCL,14,47,10,138.00,"1,380.00"
2019-11-04,2019110401003771,HIDCL,14,50,490,138.00,"67,620.00"
2019-11-04,2019110401003738,HIDCL,35,50,10,138.00,"1,380.00"
2019-11-04,2019110401003704,HIDCL,45,52,500,137.00,"68,500.00"
2019-11-04,2019110401003834,HPPL,18,45,10,141.00,"1,410.00"
2019-11-04,2019110401003970,IGI,49,42,820,285.00,"233,700.00"
2019-11-04,2019110401003969,IGI,21,42,20,286.00,"5,720.00"
2019-11-04,2019110401003968,IGI,46,42,50,286.00,"14,300.00"
2019-11-04,2019110401003967,IGI,40,42,10,287.00,"2,870.00"
2019-11-04,2019110401004071,ILBS,48,35,10,438.00,"4,380.00"
2019-11-04,2019110401004030,ILBS,55,22,120,442.00,"53,040.00"
2019-11-04,2019110401003838,ILBS,36,22,40,442.00,"17,680.00"
2019-11-04,2019110401003663,ILBS,56,22,60,442.00,"26,520.00"
2019-11-04,2019110401003662,ILBS,56,43,140,441.00,"61,740.00"
2019-11-04,2019110401003613,ILBS,34,29,80,440.00,"35,200.00"
2019-11-04,2019110401003612,ILBS,34,32,10,440.00,"4,400.00"
2019-11-04,2019110401003611,ILBS,34,8,10,440.00,"4,400.00"
2019-11-04,2019110401004094,JFL,35,28,30,193.00,"5,790.00"
2019-11-04,2019110401004037,JFL,1,28,500,192.00,"96,000.00"
2019-11-04,2019110401004036,JFL,6,28,500,192.00,"96,000.00"
2019-11-04,2019110401003697,JOSHI,34,53,10,59.00,590.00
2019-11-04,2019110401003678,JOSHI,34,53,20,59.00,"1,180.00"
2019-11-04,2019110401003864,KBL,17,10,"1,000",182.00,"182,000.00"
2019-11-04,2019110401003659,KSBBL,10,50,220,145.00,"31,900.00"
2019-11-04,2019110401003624,KSBBL,33,37,"1,000",144.00,"144,000.00"
2019-11-04,2019110401003623,KSBBL,33,1,100,144.00,"14,400.00"
2019-11-04,2019110401003622,KSBBL,33,54,17,144.00,"2,448.00"
2019-11-04,2019110401003599,LBBL,14,22,100,173.00,"17,300.00"
2019-11-04,2019110401003966,LBL,34,17,40,220.00,"8,800.00"
2019-11-04,2019110401003945,LBL,35,17,20,220.00,"4,400.00"
2019-11-04,2019110401003920,LBL,17,17,150,220.00,"33,000.00"
2019-11-04,2019110401003919,LBL,49,17,87,220.00,"19,140.00"
2019-11-04,2019110401003746,LBL,49,17,413,220.00,"90,860.00"
2019-11-04,2019110401003745,LBL,1,17,500,220.00,"110,000.00"
2019-11-04,2019110401003707,LBL,38,36,500,220.00,"110,000.00"
2019-11-04,2019110401003706,LBL,38,36,362,220.00,"79,640.00"
2019-11-04,2019110401003744,LBL,51,17,50,220.00,"11,000.00"
2019-11-04,2019110401003743,LBL,45,17,225,220.00,"49,500.00"
2019-11-04,2019110401003742,LBL,42,17,500,220.00,"110,000.00"
2019-11-04,2019110401003741,LBL,28,17,812,220.00,"178,640.00"
2019-11-04,2019110401003709,LBL,28,36,"2,188",220.00,"481,360.00"
2019-11-04,2019110401003708,LBL,35,36,50,220.00,"11,000.00"
2019-11-04,2019110401004039,LGIL,44,57,90,316.00,"28,440.00"
2019-11-04,2019110401003897,LGIL,53,54,200,317.00,"63,400.00"
2019-11-04,2019110401003680,LGIL,5,54,13,318.00,"4,134.00"
2019-11-04,2019110401003991,LLBS,36,34,24,658.00,"15,792.00"
2019-11-04,2019110401003670,MBL,14,47,184,228.00,"41,952.00"
2019-11-04,2019110401003934,MDB,58,52,14,242.00,"3,388.00"
2019-11-04,2019110401004079,MEGA,34,11,500,189.00,"94,500.00"
2019-11-04,2019110401004054,MEGA,20,11,100,189.00,"18,900.00"
2019-11-04,2019110401004053,MEGA,32,35,870,188.00,"163,560.00"
2019-11-04,2019110401004052,MEGA,29,35,30,188.00,"5,640.00"
2019-11-04,2019110401004051,MEGA,37,35,500,188.00,"94,000.00"
2019-11-04,2019110401003658,MEGA,34,43,103,189.00,"19,467.00"
2019-11-04,2019110401003762,MEGA,34,22,100,189.00,"18,900.00"
2019-11-04,2019110401003956,MEGA,54,11,200,189.00,"37,800.00"
2019-11-04,2019110401003955,MEGA,28,11,"2,000",189.00,"378,000.00"
2019-11-04,2019110401003954,MEGA,29,11,"1,000",189.00,"189,000.00"
2019-11-04,2019110401003953,MEGA,35,11,100,189.00,"18,900.00"
2019-11-04,2019110401003952,MEGA,34,11,48,189.00,"9,072.00"
2019-11-04,2019110401003918,MEGA,49,57,500,190.00,"95,000.00"
2019-11-04,2019110401004011,MEGA,43,35,10,190.00,"1,900.00"
2019-11-04,2019110401003960,MEGA,32,11,"1,000",189.00,"189,000.00"
2019-11-04,2019110401003959,MEGA,28,11,"2,000",189.00,"378,000.00"
2019-11-04,2019110401003958,MEGA,42,11,100,189.00,"18,900.00"
2019-11-04,2019110401003957,MEGA,45,11,100,189.00,"18,900.00"
2019-11-04,2019110401004023,MERO,22,42,17,565.00,"9,605.00"
2019-11-04,2019110401004013,MERO,22,58,100,564.00,"56,400.00"
2019-11-04,2019110401004007,MERO,22,51,243,563.00,"136,809.00"
2019-11-04,2019110401003988,MERO,22,35,500,562.00,"281,000.00"
2019-11-04,2019110401003941,MERO,50,11,10,561.00,"5,610.00"
2019-11-04,2019110401003764,MERO,29,35,60,562.00,"33,720.00"
2019-11-04,2019110401003711,MERO,29,32,40,562.00,"22,480.00"
2019-11-04,2019110401003695,MERO,19,32,60,562.00,"33,720.00"
2019-11-04,2019110401003694,MERO,42,32,100,562.00,"56,200.00"
2019-11-04,2019110401003621,MHNL,11,48,15,77.00,"1,155.00"
2019-11-04,2019110401003909,MLBBL,45,50,10,422.00,"4,220.00"
2019-11-04,2019110401004015,MNBBL,33,44,198,316.00,"62,568.00"
2019-11-04,2019110401004014,MNBBL,47,44,300,316.00,"94,800.00"
2019-11-04,2019110401003855,MNBBL,33,44,302,316.00,"95,432.00"
2019-11-04,2019110401003671,MNBBL,14,44,160,316.00,"50,560.00"
2019-11-04,2019110401003627,MNBBL,19,44,50,316.00,"15,800.00"
2019-11-04,2019110401004070,MPFL,34,52,50,101.00,"5,050.00"
2019-11-04,2019110401004086,MSLB,16,25,14,852.00,"11,928.00"
2019-11-04,2019110401004032,MSLB,16,25,36,852.00,"30,672.00"
2019-11-04,2019110401003615,MSMBS,55,34,11,451.00,"4,961.00"
2019-11-04,2019110401003948,NABIL,17,39,30,768.00,"23,040.00"
2019-11-04,2019110401003922,NABIL,57,39,15,768.00,"11,520.00"
2019-11-04,2019110401003860,NABIL,40,39,20,766.00,"15,320.00"
2019-11-04,2019110401003829,NABIL,46,58,676,765.00,"517,140.00"
2019-11-04,2019110401003828,NABIL,43,58,300,765.00,"229,500.00"
2019-11-04,2019110401003827,NABIL,33,58,20,765.00,"15,300.00"
2019-11-04,2019110401003625,NABIL,17,32,27,767.00,"20,709.00"
2019-11-04,2019110401003610,NABIL,41,39,100,768.00,"76,800.00"
2019-11-04,2019110401003609,NABIL,14,39,50,768.00,"38,400.00"
2019-11-04,2019110401003608,NABIL,34,39,80,768.00,"61,440.00"
2019-11-04,2019110401003607,NABIL,25,39,80,768.00,"61,440.00"
2019-11-04,2019110401003606,NABIL,37,39,240,768.00,"184,320.00"
2019-11-04,2019110401003814,NABIL,25,10,125,766.00,"95,750.00"
2019-11-04,2019110401003788,NABIL,41,39,100,768.00,"76,800.00"
2019-11-04,2019110401003761,NABIL,25,39,180,766.00,"137,880.00"
2019-11-04,2019110401003760,NABIL,25,39,50,766.00,"38,300.00"
2019-11-04,2019110401003645,NABIL,14,39,427,767.00,"327,509.00"
2019-11-04,2019110401003626,NABIL,14,32,73,767.00,"55,991.00"
2019-11-04,2019110401003826,NABIL,55,58,500,765.00,"382,500.00"
2019-11-04,2019110401003825,NABIL,35,58,200,765.00,"153,000.00"
2019-11-04,2019110401003824,NABIL,35,58,300,765.00,"229,500.00"
2019-11-04,2019110401003823,NABIL,45,58,909,765.00,"695,385.00"
2019-11-04,2019110401003822,NABIL,25,58,95,766.00,"72,770.00"
2019-11-04,2019110401003821,NABIL,41,39,100,768.00,"76,800.00"
2019-11-04,2019110401004050,NBB,21,42,33,207.00,"6,831.00"
2019-11-04,2019110401004000,NBB,35,32,"1,000",208.00,"208,000.00"
2019-11-04,2019110401004063,NBL,52,22,450,315.00,"141,750.00"
2019-11-04,2019110401004062,NBL,52,48,45,315.00,"14,175.00"
2019-11-04,2019110401004061,NBL,52,48,15,315.00,"4,725.00"
2019-11-04,2019110401004060,NBL,52,1,500,315.00,"157,500.00"
2019-11-04,2019110401004059,NBL,52,46,990,315.00,"311,850.00"
2019-11-04,2019110401004004,NBL,43,46,10,315.00,"3,150.00"
2019-11-04,2019110401003943,NBL,58,13,300,314.00,"94,200.00"
2019-11-04,2019110401003914,NBL,58,22,490,314.00,"153,860.00"
2019-11-04,2019110401003857,NBL,58,22,100,314.00,"31,400.00"
2019-11-04,2019110401003851,NBL,19,22,200,314.00,"62,800.00"
2019-11-04,2019110401003769,NBL,58,22,700,314.00,"219,800.00"
2019-11-04,2019110401003768,NBL,58,13,300,314.00,"94,200.00"
2019-11-04,2019110401004095,NCCB,58,39,10,201.00,"2,010.00"
2019-11-04,2019110401004093,NCCB,33,39,10,201.00,"2,010.00"
2019-11-04,2019110401003886,NCCB,1,37,77,200.00,"15,400.00"
2019-11-04,2019110401003885,NCCB,33,37,"1,388",200.00,"277,600.00"
2019-11-04,2019110401003779,NCCB,1,39,10,201.00,"2,010.00"
2019-11-04,2019110401003665,NCCB,33,50,238,200.00,"47,600.00"
2019-11-04,2019110401003619,NCCB,57,39,173,201.00,"34,773.00"
2019-11-04,2019110401003618,NCCB,33,57,173,200.00,"34,600.00"
2019-11-04,2019110401003964,NGPL,55,50,382,100.00,"38,200.00"
2019-11-04,2019110401003963,NGPL,55,58,128,100.00,"12,800.00"
2019-11-04,2019110401004049,NHPC,20,34,"1,435",53.00,"76,055.00"
2019-11-04,2019110401004017,NIB,59,59,181,442.00,"80,002.00"
2019-11-04,2019110401003884,NIB,59,59,30,442.00,"13,260.00"
2019-11-04,2019110401003883,NIB,41,59,61,442.00,"26,962.00"
2019-11-04,2019110401003842,NIB,14,46,13,443.00,"5,759.00"
2019-11-04,2019110401003718,NIB,41,49,42,442.00,"18,564.00"
2019-11-04,2019110401003717,NIB,3,49,100,443.00,"44,300.00"
2019-11-04,2019110401003716,NIB,19,49,28,443.00,"12,404.00"
2019-11-04,2019110401004001,NIBPO,33,4,50,416.00,"20,800.00"
2019-11-04,2019110401003947,NIBPO,56,6,165,412.00,"67,980.00"
2019-11-04,2019110401003944,NIBPO,7,6,99,412.00,"40,788.00"
2019-11-04,2019110401003804,NIBPO,7,4,800,412.00,"329,600.00"
2019-11-04,2019110401003803,NIBPO,19,4,200,412.00,"82,400.00"
2019-11-04,2019110401003961,NICA,45,45,100,400.00,"40,000.00"
2019-11-04,2019110401003891,NICA,46,48,30,399.00,"11,970.00"
2019-11-04,2019110401003873,NICA,46,28,150,399.00,"59,850.00"
2019-11-04,2019110401003872,NICA,53,28,150,399.00,"59,850.00"
2019-11-04,2019110401003603,NICA,33,45,300,400.00,"120,000.00"
2019-11-04,2019110401004082,NICGF,22,22,100,9.26,926.00
2019-11-04,2019110401004068,NICL,25,25,20,265.00,"5,300.00"
2019-11-04,2019110401004029,NICL,40,6,180,262.00,"47,160.00"
2019-11-04,2019110401003798,NICL,32,6,30,260.00,"7,800.00"
2019-11-04,2019110401003797,NICL,37,6,100,260.00,"26,000.00"
2019-11-04,2019110401003783,NICL,53,6,10,262.00,"2,620.00"
2019-11-04,2019110401003782,NICL,19,6,25,263.00,"6,575.00"
2019-11-04,2019110401004042,NIL,39,59,10,377.00,"3,770.00"
2019-11-04,2019110401003856,NIL,49,38,900,375.00,"337,500.00"
2019-11-04,2019110401003854,NIL,49,38,871,375.00,"326,625.00"
2019-11-04,2019110401003853,NIL,49,38,29,375.00,"10,875.00"
2019-11-04,2019110401003739,NIL,49,37,165,375.00,"61,875.00"
2019-11-04,2019110401003719,NIL,49,37,150,375.00,"56,250.00"
2019-11-04,2019110401003641,NIL,49,37,500,375.00,"187,500.00"
2019-11-04,2019110401003839,NLBBL,25,55,10,520.00,"5,200.00"
2019-11-04,2019110401003831,NLBBL,25,50,40,510.00,"20,400.00"
2019-11-04,2019110401003830,NLBBL,25,50,10,510.00,"5,100.00"
2019-11-04,2019110401003813,NLBBL,25,7,100,504.00,"50,400.00"
2019-11-04,2019110401003812,NLBBL,25,50,36,500.00,"18,000.00"
2019-11-04,2019110401003811,NLBBL,25,41,100,500.00,"50,000.00"
2019-11-04,2019110401003648,NLBBL,25,50,14,500.00,"7,000.00"
2019-11-04,2019110401003647,NLBBL,25,33,10,499.00,"4,990.00"
2019-11-04,2019110401003646,NLBBL,25,46,11,497.00,"5,467.00"
2019-11-04,2019110401003748,NLG,25,39,10,550.00,"5,500.00"
2019-11-04,2019110401003724,NLG,45,39,10,546.00,"5,460.00"
2019-11-04,2019110401003723,NLG,42,39,500,546.00,"273,000.00"
2019-11-04,2019110401003722,NLG,42,39,500,546.00,"273,000.00"
2019-11-04,2019110401003721,NLG,13,39,200,546.00,"109,200.00"
2019-11-04,2019110401003902,NLIC,17,49,349,800.00,"279,200.00"
2019-11-04,2019110401003901,NLIC,17,19,28,800.00,"22,400.00"
2019-11-04,2019110401003900,NLIC,17,42,24,799.00,"19,176.00"
2019-11-04,2019110401003863,NLIC,25,57,10,800.00,"8,000.00"
2019-11-04,2019110401003635,NLIC,17,56,169,795.00,"134,355.00"
2019-11-04,2019110401003634,NLIC,26,56,150,795.00,"119,250.00"
2019-11-04,2019110401003633,NLIC,5,56,100,796.00,"79,600.00"
2019-11-04,2019110401004038,NLICL,22,42,10,427.00,"4,270.00"
2019-11-04,2019110401003915,NLICL,13,6,203,421.00,"85,463.00"
2019-11-04,2019110401004076,NMBMF,28,18,300,490.00,"147,000.00"
2019-11-04,2019110401004047,NMBMF,37,18,20,490.00,"9,800.00"
2019-11-04,2019110401004046,NMBMF,41,18,100,491.00,"49,100.00"
2019-11-04,2019110401004045,NMBMF,1,18,50,492.00,"24,600.00"
2019-11-04,2019110401004044,NMBMF,50,18,10,493.00,"4,930.00"
2019-11-04,2019110401003993,NMBMF,48,18,65,493.00,"32,045.00"
2019-11-04,2019110401003913,NMBMF,57,37,40,500.00,"20,000.00"
2019-11-04,2019110401003912,NMBMF,7,37,20,502.00,"10,040.00"
2019-11-04,2019110401003911,NMBMF,39,37,50,503.00,"25,150.00"
2019-11-04,2019110401003910,NMBMF,48,37,15,504.00,"7,560.00"
2019-11-04,2019110401003930,NMBMF,17,18,100,493.00,"49,300.00"
2019-11-04,2019110401003929,NMBMF,52,18,200,494.00,"98,800.00"
2019-11-04,2019110401003928,NMBMF,39,18,50,495.00,"24,750.00"
2019-11-04,2019110401003927,NMBMF,38,18,50,495.00,"24,750.00"
2019-11-04,2019110401003926,NMBMF,14,18,20,496.00,"9,920.00"
2019-11-04,2019110401003925,NMBMF,56,18,15,499.00,"7,485.00"
2019-11-04,2019110401004090,NMFBS,33,47,30,"1,691.00","50,730.00"
2019-11-04,2019110401003840,NMFBS,33,45,15,"1,691.00","25,365.00"
2019-11-04,2019110401003852,NSEWA,42,45,10,374.00,"3,740.00"
2019-11-04,2019110401003776,NUBL,16,6,60,875.00,"52,500.00"
2019-11-04,2019110401003983,PCBL,1,53,188,261.00,"49,068.00"
2019-11-04,2019110401003982,PCBL,11,53,200,261.00,"52,200.00"
2019-11-04,2019110401003981,PCBL,52,53,"1,000",261.00,"261,000.00"
2019-11-04,2019110401003980,PCBL,22,53,100,261.00,"26,100.00"
2019-11-04,2019110401003979,PCBL,38,53,200,261.00,"52,200.00"
2019-11-04,2019110401003978,PCBL,39,53,"1,019",261.00,"265,959.00"
2019-11-04,2019110401003728,PCBL,13,49,200,262.00,"52,400.00"
2019-11-04,2019110401003977,PCBL,13,53,500,261.00,"130,500.00"
2019-11-04,2019110401003976,PCBL,22,53,54,261.00,"14,094.00"
2019-11-04,2019110401003975,PCBL,34,53,100,262.00,"26,200.00"
2019-11-04,2019110401003974,PCBL,41,53,10,262.00,"2,620.00"
2019-11-04,2019110401003973,PCBL,36,53,500,262.00,"131,000.00"
2019-11-04,2019110401003972,PCBL,13,53,129,262.00,"33,798.00"
2019-11-04,2019110401004067,PIC,16,45,18,360.00,"6,480.00"
2019-11-04,2019110401004066,PIC,16,22,420,360.00,"151,200.00"
2019-11-04,2019110401004065,PIC,16,6,100,360.00,"36,000.00"
2019-11-04,2019110401004064,PIC,16,59,100,360.00,"36,000.00"
2019-11-04,2019110401004041,PIC,42,34,10,360.00,"3,600.00"
2019-11-04,2019110401004040,PIC,42,35,20,359.00,"7,180.00"
2019-11-04,2019110401003850,PIC,39,40,23,355.00,"8,165.00"
2019-11-04,2019110401003849,PIC,39,40,17,355.00,"6,035.00"
2019-11-04,2019110401003629,PIC,45,34,10,360.00,"3,600.00"
2019-11-04,2019110401003791,PLIC,49,57,600,308.00,"184,800.00"
2019-11-04,2019110401003790,PLIC,37,57,100,309.00,"30,900.00"
2019-11-04,2019110401003661,PMHPL,49,43,10,85.00,850.00
2019-11-04,2019110401004043,PPCL,45,35,30,96.00,"2,880.00"
2019-11-04,2019110401003751,PPCL,18,41,200,97.00,"19,400.00"
2019-11-04,2019110401003702,PRIN,49,25,300,310.00,"93,000.00"
2019-11-04,2019110401003701,PRIN,49,45,73,310.00,"22,630.00"
2019-11-04,2019110401004081,PRVU,34,44,100,268.00,"26,800.00"
2019-11-04,2019110401003871,PRVU,54,44,50,268.00,"13,400.00"
2019-11-04,2019110401003846,PRVU,25,44,"1,000",268.00,"268,000.00"
2019-11-04,2019110401003845,PRVU,35,26,205,267.00,"54,735.00"
2019-11-04,2019110401003844,PRVU,45,26,195,267.00,"52,065.00"
2019-11-04,2019110401003778,PRVU,13,44,500,268.00,"134,000.00"
2019-11-04,2019110401003777,PRVU,34,44,325,268.00,"87,100.00"
2019-11-04,2019110401003770,PRVU,18,14,50,269.00,"13,450.00"
2019-11-04,2019110401003759,PRVU,13,14,150,269.00,"40,350.00"
2019-11-04,2019110401003673,PRVU,34,46,175,268.00,"46,900.00"
2019-11-04,2019110401003672,PRVU,57,46,25,268.00,"6,700.00"
2019-11-04,2019110401003942,RHPC,52,20,200,77.00,"15,400.00"
2019-11-04,2019110401003992,RHPL,58,42,40,172.00,"6,880.00"
2019-11-04,2019110401003836,RHPL,18,35,40,174.00,"6,960.00"
2019-11-04,2019110401003781,RHPL,58,51,20,172.00,"3,440.00"
2019-11-04,2019110401003679,RHPL,58,37,100,172.00,"17,200.00"
2019-11-04,2019110401003617,RHPL,58,33,10,172.00,"1,720.00"
2019-11-04,2019110401003892,RMDC,22,53,87,617.00,"53,679.00"
2019-11-04,2019110401004002,RSDC,26,11,13,323.00,"4,199.00"
2019-11-04,2019110401003832,SABSL,36,6,10,454.00,"4,540.00"
2019-11-04,2019110401003684,SABSL,36,35,10,454.00,"4,540.00"
2019-11-04,2019110401004075,SANIMA,6,56,50,305.00,"15,250.00"
2019-11-04,2019110401004074,SANIMA,14,56,942,305.00,"287,310.00"
2019-11-04,2019110401004073,SANIMA,36,56,50,305.00,"15,250.00"
2019-11-04,2019110401004072,SANIMA,56,56,50,306.00,"15,300.00"
2019-11-04,2019110401004025,SANIMA,56,56,950,306.00,"290,700.00"
2019-11-04,2019110401004024,SANIMA,14,42,58,305.00,"17,690.00"
2019-11-04,2019110401003896,SANIMA,55,18,200,305.00,"61,000.00"
2019-11-04,2019110401003651,SANIMA,35,56,"1,000",305.00,"305,000.00"
2019-11-04,2019110401003650,SANIMA,14,56,100,305.00,"30,500.00"
2019-11-04,2019110401003642,SANIMA,57,56,50,306.00,"15,300.00"
2019-11-04,2019110401003636,SANIMA,14,57,50,305.00,"15,250.00"
2019-11-04,2019110401003660,SAPDBL,44,21,900,121.00,"108,900.00"
2019-11-04,2019110401003637,SAPDBL,44,46,20,121.00,"2,420.00"
2019-11-04,2019110401003710,SBI,19,57,604,405.00,"244,620.00"
2019-11-04,2019110401003699,SBI,5,57,50,406.00,"20,300.00"
2019-11-04,2019110401003632,SBI,19,25,100,405.00,"40,500.00"
2019-11-04,2019110401003933,SBL,32,42,115,291.00,"33,465.00"
2019-11-04,2019110401003932,SBL,6,42,100,291.00,"29,100.00"
2019-11-04,2019110401003931,SBL,46,42,185,291.00,"53,835.00"
2019-11-04,2019110401003682,SBL,43,57,300,292.00,"87,600.00"
2019-11-04,2019110401003730,SCB,19,33,20,558.00,"11,160.00"
2019-11-04,2019110401003729,SCB,19,42,250,558.00,"139,500.00"
2019-11-04,2019110401003999,SDESI,56,19,10,626.00,"6,260.00"
2019-11-04,2019110401003924,SFFIL,44,28,450,190.00,"85,500.00"
2019-11-04,2019110401003923,SFFIL,14,28,30,191.00,"5,730.00"
2019-11-04,2019110401003780,SFFIL,44,21,20,190.00,"3,800.00"
2019-11-04,2019110401003789,SHINE,47,6,105,253.00,"26,565.00"
2019-11-04,2019110401004091,SHIVM,48,28,10,483.00,"4,830.00"
2019-11-04,2019110401003801,SHIVM,49,57,100,481.00,"48,100.00"
2019-11-04,2019110401003800,SHIVM,34,57,395,481.00,"189,995.00"
2019-11-04,2019110401003763,SHIVM,14,28,200,483.00,"96,600.00"
2019-11-04,2019110401003758,SHIVM,34,37,105,481.00,"50,505.00"
2019-11-04,2019110401003757,SHIVM,14,37,100,481.00,"48,100.00"
2019-11-04,2019110401003756,SHIVM,47,37,200,481.00,"96,200.00"
2019-11-04,2019110401003755,SHIVM,47,37,250,481.00,"120,250.00"
2019-11-04,2019110401003754,SHIVM,47,37,110,481.00,"52,910.00"
2019-11-04,2019110401003753,SHIVM,51,37,100,482.00,"48,200.00"
2019-11-04,2019110401003752,SHIVM,51,37,25,482.00,"12,050.00"
2019-11-04,2019110401003705,SHIVM,51,26,75,482.00,"36,150.00"
2019-11-04,2019110401004018,SHL,32,25,300,208.00,"62,400.00"
2019-11-04,2019110401004009,SHL,11,25,100,208.00,"20,800.00"
2019-11-04,2019110401004008,SHL,21,25,100,208.00,"20,800.00"
2019-11-04,2019110401004089,SHPC,51,26,300,192.00,"57,600.00"
2019-11-04,2019110401004088,SHPC,28,26,300,192.00,"57,600.00"
2019-11-04,2019110401004020,SIC,32,1,19,451.00,"8,569.00"
2019-11-04,2019110401004010,SIC,42,1,100,452.00,"45,200.00"
2019-11-04,2019110401003640,SIC,32,1,31,455.00,"14,105.00"
2019-11-04,2019110401003639,SIC,32,19,119,455.00,"54,145.00"
2019-11-04,2019110401003950,SICL,51,38,21,733.00,"15,393.00"
2019-11-04,2019110401004057,SJCL,10,50,10,171.00,"1,710.00"
2019-11-04,2019110401003652,SJCL,52,35,20,169.00,"3,380.00"
2019-11-04,2019110401003628,SJCL,58,33,20,168.00,"3,360.00"
2019-11-04,2019110401003690,SJCL,28,59,700,170.00,"119,000.00"
2019-11-04,2019110401003689,SJCL,28,41,10,170.00,"1,700.00"
2019-11-04,2019110401003688,SJCL,28,41,20,170.00,"3,400.00"
2019-11-04,2019110401003687,SJCL,28,41,20,170.00,"3,400.00"
2019-11-04,2019110401003686,SJCL,28,41,20,170.00,"3,400.00"
2019-11-04,2019110401003683,SJCL,52,37,100,169.00,"16,900.00"
2019-11-04,2019110401003869,SJCL,52,45,20,169.00,"3,380.00"
2019-11-04,2019110401003835,SJCL,52,6,10,169.00,"1,690.00"
2019-11-04,2019110401003796,SJCL,52,51,10,169.00,"1,690.00"
2019-11-04,2019110401003700,SJCL,52,6,10,169.00,"1,690.00"
2019-11-04,2019110401003691,SJCL,28,6,10,170.00,"1,700.00"
2019-11-04,2019110401004003,SJCL,52,42,20,169.00,"3,380.00"
2019-11-04,2019110401003698,SKBBL,22,37,10,930.00,"9,300.00"
2019-11-04,2019110401004012,SLBBL,33,6,100,559.00,"55,900.00"
2019-11-04,2019110401003681,SLBBL,26,52,50,557.00,"27,850.00"
2019-11-04,2019110401004092,SLBSL,42,3,10,718.00,"7,180.00"
2019-11-04,2019110401003861,SLBSL,42,39,20,718.00,"14,360.00"
2019-11-04,2019110401003848,SLBSL,42,3,10,718.00,"7,180.00"
2019-11-04,2019110401003837,SLBSL,42,3,10,718.00,"7,180.00"
2019-11-04,2019110401003656,SLBSL,25,38,100,720.00,"72,000.00"
2019-11-04,2019110401003655,SLBSL,32,38,35,720.00,"25,200.00"
2019-11-04,2019110401003654,SLBSL,19,38,10,721.00,"7,210.00"
2019-11-04,2019110401003807,SLICL,13,42,37,260.00,"9,620.00"
2019-11-04,2019110401003787,SLICL,13,42,37,260.00,"9,620.00"
2019-11-04,2019110401003951,SMATA,13,37,10,515.00,"5,150.00"
2019-11-04,2019110401003775,SMB,55,3,10,401.00,"4,010.00"
2019-11-04,2019110401003765,SMB,39,3,90,402.00,"36,180.00"
2019-11-04,2019110401003614,SMB,39,34,10,402.00,"4,020.00"
2019-11-04,2019110401003774,SMFBS,18,6,10,795.00,"7,950.00"
2019-11-04,2019110401003841,SPARS,39,6,10,523.00,"5,230.00"
2019-11-04,2019110401003921,SRBL,25,58,433,209.00,"90,497.00"
2019-11-04,2019110401003916,SRBL,49,58,25,209.00,"5,225.00"
2019-11-04,2019110401003894,SRBL,39,39,720,208.00,"149,760.00"
2019-11-04,2019110401003893,SRBL,43,39,100,208.00,"20,800.00"
2019-11-04,2019110401003847,SRBL,50,58,"1,152",209.00,"240,768.00"
2019-11-04,2019110401003657,SRBL,50,57,135,208.00,"28,080.00"
2019-11-04,2019110401003727,SWBBL,49,57,99,910.00,"90,090.00"
2019-11-04,2019110401003726,SWBBL,33,57,50,910.00,"45,500.00"
2019-11-04,2019110401003725,SWBBL,57,57,144,911.00,"131,184.00"
2019-11-04,2019110401003631,TMDBL,40,4,"1,000",148.00,"148,000.00"
2019-11-04,2019110401003630,TMDBL,28,4,98,149.00,"14,602.00"
2019-11-04,2019110401003605,TMDBL,28,37,102,149.00,"15,198.00"
2019-11-04,2019110401003604,TMDBL,26,37,300,149.00,"44,700.00"
2019-11-04,2019110401003859,UNHPL,57,19,200,55.00,"11,000.00"
2019-11-04,2019110401003858,UNHPL,57,19,100,55.00,"5,500.00"
2019-11-04,2019110401004096,UPPER,25,52,20,236.00,"4,720.00"
2019-11-04,2019110401004028,UPPER,43,46,20,234.00,"4,680.00"
2019-11-04,2019110401004027,UPPER,52,46,30,234.00,"7,020.00"
2019-11-04,2019110401003994,UPPER,46,52,50,236.00,"11,800.00"
2019-11-04,2019110401003692,UPPER,59,56,100,235.00,"23,500.00"
2019-11-04,2019110401003667,UPPER,57,52,40,236.00,"9,440.00"
2019-11-04,2019110401003644,UPPER,52,34,50,234.00,"11,700.00"
2019-11-04,2019110401003882,UPPER,25,52,20,236.00,"4,720.00"
2019-11-04,2019110401003881,UPPER,25,45,50,235.00,"11,750.00"
2019-11-04,2019110401003880,UPPER,25,56,50,235.00,"11,750.00"
2019-11-04,2019110401003546,ADBL,16,42,375,411.00,"154,125.00"
2019-11-04,2019110401003427,ADBL,38,42,100,411.00,"41,100.00"
2019-11-04,2019110401003251,AHPC,42,42,"4,593",94.00,"431,742.00"
2019-11-04,2019110401003250,AHPC,17,42,200,94.00,"18,800.00"
2019-11-04,2019110401003249,AHPC,16,42,300,94.00,"28,200.00"
2019-11-04,2019110401003248,AHPC,57,42,100,94.00,"9,400.00"
2019-11-04,2019110401003241,AHPC,28,42,252,94.00,"23,688.00"
2019-11-04,2019110401003240,AHPC,42,42,100,95.00,"9,500.00"
2019-11-04,2019110401003239,AHPC,53,42,485,95.00,"46,075.00"
2019-11-04,2019110401003247,AHPC,35,42,50,94.00,"4,700.00"
2019-11-04,2019110401003246,AHPC,25,42,50,94.00,"4,700.00"
2019-11-04,2019110401003245,AHPC,25,42,200,94.00,"18,800.00"
2019-11-04,2019110401003244,AHPC,37,42,200,94.00,"18,800.00"
2019-11-04,2019110401003243,AHPC,39,42,100,94.00,"9,400.00"
2019-11-04,2019110401003242,AHPC,32,42,500,94.00,"47,000.00"
2019-11-04,2019110401003578,AKBSL,48,33,10,408.00,"4,080.00"
2019-11-04,2019110401003310,AKBSL,48,22,10,408.00,"4,080.00"
2019-11-04,2019110401003276,AKBSL,48,53,10,408.00,"4,080.00"
2019-11-04,2019110401003159,AKBSL,48,38,10,408.00,"4,080.00"
2019-11-04,2019110401003125,AKBSL,48,42,10,408.00,"4,080.00"
2019-11-04,2019110401003514,AKPL,25,59,15,130.00,"1,950.00"
2019-11-04,2019110401003253,AKPL,13,38,400,128.00,"51,200.00"
2019-11-04,2019110401003252,AKPL,22,38,38,128.00,"4,864.00"
2019-11-04,2019110401003588,ALBSL,32,38,18,389.00,"7,002.00"
2019-11-04,2019110401003279,ALBSL,51,20,10,386.00,"3,860.00"
2019-11-04,2019110401003233,ALBSL,51,37,10,386.00,"3,860.00"
2019-11-04,2019110401003128,ALBSL,51,34,10,386.00,"3,860.00"
2019-11-04,2019110401003559,API,25,6,89,109.00,"9,701.00"
2019-11-04,2019110401003255,API,25,22,11,110.00,"1,210.00"
2019-11-04,2019110401003103,API,25,6,11,109.00,"1,199.00"
2019-11-04,2019110401003275,BOKL,17,29,170,225.00,"38,250.00"
2019-11-04,2019110401003198,BOKL,17,58,133,225.00,"29,925.00"
2019-11-04,2019110401003143,BPCL,34,35,300,364.00,"109,200.00"
2019-11-04,2019110401003591,CBBL,48,17,18,970.00,"17,460.00"
2019-11-04,2019110401003362,CBBL,58,17,12,970.00,"11,640.00"
2019-11-04,2019110401003361,CBBL,13,17,115,970.00,"111,550.00"
2019-11-04,2019110401003417,CBL,43,26,100,142.00,"14,200.00"
2019-11-04,2019110401003562,CCBL,25,57,33,157.00,"5,181.00"
2019-11-04,2019110401003554,CCBL,57,57,88,157.00,"13,816.00"
2019-11-04,2019110401003553,CCBL,57,48,33,157.00,"5,181.00"
2019-11-04,2019110401003423,CCBL,13,40,196,157.00,"30,772.00"
2019-11-04,2019110401003422,CCBL,13,17,164,157.00,"25,748.00"
2019-11-04,2019110401003421,CCBL,13,35,473,157.00,"74,261.00"
2019-11-04,2019110401003409,CCBL,57,35,27,157.00,"4,239.00"
2019-11-04,2019110401003408,CCBL,57,57,90,157.00,"14,130.00"
2019-11-04,2019110401003547,CHCL,36,11,50,460.00,"23,000.00"
2019-11-04,2019110401003475,CHCL,47,40,10,461.00,"4,610.00"
2019-11-04,2019110401003428,CHCL,25,40,12,462.00,"5,544.00"
2019-11-04,2019110401003392,CHCL,29,39,200,460.00,"92,000.00"
2019-11-04,2019110401003370,CHCL,29,21,100,460.00,"46,000.00"
2019-11-04,2019110401003268,CHCL,48,40,50,463.00,"23,150.00"
2019-11-04,2019110401003267,CHCL,48,55,100,462.00,"46,200.00"
2019-11-04,2019110401003134,CHCL,41,34,100,462.00,"46,200.00"
2019-11-04,2019110401003556,CIT,19,22,50,"1,772.00","88,600.00"
2019-11-04,2019110401003153,CLBSL,11,57,54,445.00,"24,030.00"
2019-11-04,2019110401003149,CLBSL,56,58,17,441.00,"7,497.00"
2019-11-04,2019110401003328,CZBIL,28,49,35,190.00,"6,650.00"
2019-11-04,2019110401003273,CZBIL,28,32,102,190.00,"19,380.00"
2019-11-04,2019110401003272,CZBIL,35,32,198,190.00,"37,620.00"
2019-11-04,2019110401003225,CZBIL,35,46,162,190.00,"30,780.00"
2019-11-04,2019110401003202,CZBIL,35,58,76,190.00,"14,440.00"
2019-11-04,2019110401003177,CZBIL,35,1,64,190.00,"12,160.00"
2019-11-04,2019110401003176,CZBIL,59,1,36,190.00,"6,840.00"
2019-11-04,2019110401003174,CZBIL,59,6,150,190.00,"28,500.00"
2019-11-04,2019110401003116,CZBIL,59,6,202,190.00,"38,380.00"
2019-11-04,2019110401003115,CZBIL,59,34,137,190.00,"26,030.00"
2019-11-04,2019110401003114,CZBIL,35,34,170,190.00,"32,300.00"
2019-11-04,2019110401003111,CZBIL,35,14,200,190.00,"38,000.00"
2019-11-04,2019110401003519,DBBL,20,7,250,124.00,"31,000.00"
2019-11-04,2019110401003518,DBBL,38,7,50,124.00,"6,200.00"
2019-11-04,2019110401003534,DDBL,49,59,13,717.00,"9,321.00"
2019-11-04,2019110401003533,DDBL,49,38,217,717.00,"155,589.00"
2019-11-04,2019110401003400,EBL,58,58,10,557.00,"5,570.00"
2019-11-04,2019110401003390,EBL,41,29,20,553.00,"11,060.00"
2019-11-04,2019110401003456,FMDBL,52,42,35,308.00,"10,780.00"
2019-11-04,2019110401003357,FMDBL,21,42,300,308.00,"92,400.00"
2019-11-04,2019110401003271,FMDBL,21,51,100,310.00,"31,000.00"
2019-11-04,2019110401003510,GBBL,42,45,"1,000",225.00,"225,000.00"
2019-11-04,2019110401003509,GBBL,42,42,"2,500",225.00,"562,500.00"
2019-11-04,2019110401003508,GBBL,42,39,215,225.00,"48,375.00"
2019-11-04,2019110401003507,GBBL,42,14,989,225.00,"222,525.00"
2019-11-04,2019110401003506,GBBL,42,37,228,225.00,"51,300.00"
2019-11-04,2019110401003462,GBBL,35,47,100,224.00,"22,400.00"
2019-11-04,2019110401003186,GBBL,46,16,250,224.00,"56,000.00"
2019-11-04,2019110401003185,GBBL,46,6,575,223.00,"128,225.00"
2019-11-04,2019110401003130,GBBL,35,42,100,222.00,"22,200.00"
2019-11-04,2019110401003460,GBBL,35,34,10,222.00,"2,220.00"
2019-11-04,2019110401003191,GBBL,46,37,272,225.00,"61,200.00"
2019-11-04,2019110401003190,GBBL,46,34,500,225.00,"112,500.00"
2019-11-04,2019110401003189,GBBL,46,41,471,224.00,"105,504.00"
2019-11-04,2019110401003188,GBBL,46,6,32,224.00,"7,168.00"
2019-11-04,2019110401003187,GBBL,46,39,150,224.00,"33,600.00"
2019-11-04,2019110401003561,GBLBS,50,57,15,309.00,"4,635.00"
2019-11-04,2019110401003595,GILB,14,17,40,830.00,"33,200.00"
2019-11-04,2019110401003521,GLBSL,42,38,10,418.00,"4,180.00"
2019-11-04,2019110401003470,GLBSL,42,34,10,418.00,"4,180.00"
2019-11-04,2019110401003573,GLICL,17,50,100,349.00,"34,900.00"
2019-11-04,2019110401003572,GLICL,17,58,29,349.00,"10,121.00"
2019-11-04,2019110401003480,GLICL,57,34,74,348.00,"25,752.00"
2019-11-04,2019110401003232,GLICL,52,58,100,349.00,"34,900.00"
2019-11-04,2019110401003136,GLICL,35,58,100,349.00,"34,900.00"
2019-11-04,2019110401003350,GMFBS,33,10,10,468.00,"4,680.00"
2019-11-04,2019110401003334,GMFBS,33,45,10,463.00,"4,630.00"
2019-11-04,2019110401003333,GMFBS,33,35,10,463.00,"4,630.00"
2019-11-04,2019110401003321,GMFBS,33,13,10,462.00,"4,620.00"
2019-11-04,2019110401003320,GMFBS,33,32,10,462.00,"4,620.00"
2019-11-04,2019110401003304,GMFBS,33,7,10,461.00,"4,610.00"
2019-11-04,2019110401003292,GMFBS,33,22,10,457.00,"4,570.00"
2019-11-04,2019110401003269,GMFBS,33,34,10,457.00,"4,570.00"
2019-11-04,2019110401003133,GMFBS,33,34,10,457.00,"4,570.00"
2019-11-04,2019110401003156,GUFL,6,50,100,112.00,"11,200.00"
2019-11-04,2019110401003330,HBL,43,19,100,493.00,"49,300.00"
2019-11-04,2019110401003302,HBL,25,19,10,493.00,"4,930.00"
2019-11-04,2019110401003493,HIDCL,45,45,500,137.00,"68,500.00"
2019-11-04,2019110401003492,HIDCL,45,39,500,137.00,"68,500.00"
2019-11-04,2019110401003491,HIDCL,45,26,50,136.00,"6,800.00"
2019-11-04,2019110401003463,HIDCL,33,45,37,135.00,"4,995.00"
2019-11-04,2019110401003453,HIDCL,33,45,37,135.00,"4,995.00"
2019-11-04,2019110401003172,IGI,5,34,80,288.00,"23,040.00"
2019-11-04,2019110401003171,IGI,5,19,480,288.00,"138,240.00"
2019-11-04,2019110401003170,IGI,5,38,100,288.00,"28,800.00"
2019-11-04,2019110401003426,ILBS,48,38,10,438.00,"4,380.00"
2019-11-04,2019110401003291,ILBS,48,38,10,438.00,"4,380.00"
2019-11-04,2019110401003500,JBBL,13,13,97,156.00,"15,132.00"
2019-11-04,2019110401003499,JBBL,13,6,154,156.00,"24,024.00"
2019-11-04,2019110401003473,JBBL,37,22,331,155.00,"51,305.00"
2019-11-04,2019110401003472,JBBL,13,22,500,155.00,"77,500.00"
2019-11-04,2019110401003471,JBBL,38,22,817,155.00,"126,635.00"
2019-11-04,2019110401003383,JBBL,42,6,100,156.00,"15,600.00"
2019-11-04,2019110401003325,JBBL,41,6,400,156.00,"62,400.00"
2019-11-04,2019110401003099,JOSHI,34,52,20,59.00,"1,180.00"
2019-11-04,2019110401003577,KBL,49,22,450,182.00,"81,900.00"
2019-11-04,2019110401003576,KBL,42,22,50,182.00,"9,100.00"
2019-11-04,2019110401003332,KBL,42,49,55,182.00,"10,010.00"
2019-11-04,2019110401003230,KBL,42,1,100,182.00,"18,200.00"
2019-11-04,2019110401003229,KBL,42,50,145,182.00,"26,390.00"
2019-11-04,2019110401003100,KBL,47,6,400,181.00,"72,400.00"
2019-11-04,2019110401003122,KRBL,41,22,30,101.00,"3,030.00"
2019-11-04,2019110401003402,KSBBL,47,54,150,144.00,"21,600.00"
2019-11-04,2019110401003340,KSBBL,43,42,163,143.00,"23,309.00"
2019-11-04,2019110401003339,KSBBL,39,42,"1,487",143.00,"212,641.00"
2019-11-04,2019110401003338,KSBBL,50,42,93,143.00,"13,299.00"
2019-11-04,2019110401003590,LBBL,33,52,402,172.00,"69,144.00"
2019-11-04,2019110401003583,LBBL,57,52,48,172.00,"8,256.00"
2019-11-04,2019110401003574,LBBL,8,57,48,171.00,"8,208.00"
2019-11-04,2019110401003569,LBBL,8,35,469,171.00,"80,199.00"
2019-11-04,2019110401003337,LBBL,8,46,51,171.00,"8,721.00"
2019-11-04,2019110401003127,LBBL,32,28,"2,531",171.00,"432,801.00"
2019-11-04,2019110401003581,LBL,22,17,500,221.00,"110,500.00"
2019-11-04,2019110401003466,LBL,43,52,637,221.00,"140,777.00"
2019-11-04,2019110401003465,LBL,43,46,300,221.00,"66,300.00"
2019-11-04,2019110401003464,LBL,43,56,163,221.00,"36,023.00"
2019-11-04,2019110401003376,LBL,16,56,287,221.00,"63,427.00"
2019-11-04,2019110401003375,LBL,16,42,59,221.00,"13,039.00"
2019-11-04,2019110401003374,LBL,16,45,154,221.00,"34,034.00"
2019-11-04,2019110401003365,LBL,16,45,846,221.00,"186,966.00"
2019-11-04,2019110401003364,LBL,16,25,154,221.00,"34,034.00"
2019-11-04,2019110401003259,LBL,26,25,60,221.00,"13,260.00"
2019-11-04,2019110401003597,MBL,57,57,51,227.00,"11,577.00"
2019-11-04,2019110401003265,MBL,50,46,109,227.00,"24,743.00"
2019-11-04,2019110401003264,MBL,50,14,200,227.00,"45,400.00"
2019-11-04,2019110401003263,MBL,50,6,149,227.00,"33,823.00"
2019-11-04,2019110401003258,MBL,50,1,50,226.00,"11,300.00"
2019-11-04,2019110401003118,MBL,33,6,429,227.00,"97,383.00"
2019-11-04,2019110401003117,MBL,33,6,271,227.00,"61,517.00"
2019-11-04,2019110401003345,MDB,32,44,15,245.00,"3,675.00"
2019-11-04,2019110401003344,MDB,32,38,10,245.00,"2,450.00"
2019-11-04,2019110401003168,MEGA,34,33,639,189.00,"120,771.00"
2019-11-04,2019110401003167,MEGA,29,33,200,189.00,"37,800.00"
2019-11-04,2019110401003166,MEGA,29,33,100,189.00,"18,900.00"
2019-11-04,2019110401003165,MEGA,41,33,61,189.00,"11,529.00"
2019-11-04,2019110401003487,MEGA,45,57,25,190.00,"4,750.00"
2019-11-04,2019110401003451,MEGA,57,57,110,190.00,"20,900.00"
2019-11-04,2019110401003436,MEGA,34,57,110,189.00,"20,790.00"
2019-11-04,2019110401003474,MERO,57,35,170,564.00,"95,880.00"
2019-11-04,2019110401003351,MFIL,44,21,50,127.00,"6,350.00"
2019-11-04,2019110401003373,MHNL,40,48,300,77.00,"23,100.00"
2019-11-04,2019110401003358,MHNL,40,48,200,77.00,"15,400.00"
2019-11-04,2019110401003318,MHNL,11,48,200,77.00,"15,400.00"
2019-11-04,2019110401003317,MHNL,40,48,105,78.00,"8,190.00"
2019-11-04,2019110401003183,MHNL,40,22,30,78.00,"2,340.00"
2019-11-04,2019110401003589,MNBBL,14,44,138,316.00,"43,608.00"
2019-11-04,2019110401003513,MNBBL,26,44,100,316.00,"31,600.00"
2019-11-04,2019110401003419,MNBBL,35,58,350,315.00,"110,250.00"
2019-11-04,2019110401003385,MNBBL,6,44,"5,000",315.00,"1,575,000.00"
2019-11-04,2019110401003231,MNBBL,35,58,103,315.00,"32,445.00"
2019-11-04,2019110401003124,MNBBL,19,44,50,316.00,"15,800.00"
2019-11-04,2019110401003449,MNBBL,35,33,139,315.00,"43,785.00"
2019-11-04,2019110401003448,MNBBL,51,33,50,315.00,"15,750.00"
2019-11-04,2019110401003447,MNBBL,13,33,50,315.00,"15,750.00"
2019-11-04,2019110401003446,MNBBL,57,33,100,315.00,"31,500.00"
2019-11-04,2019110401003445,MNBBL,52,33,50,315.00,"15,750.00"
2019-11-04,2019110401003444,MNBBL,35,33,311,315.00,"97,965.00"
2019-11-04,2019110401003580,NABIL,37,29,120,768.00,"92,160.00"
2019-11-04,2019110401003575,NABIL,28,39,100,769.00,"76,900.00"
2019-11-04,2019110401003567,NABIL,37,28,100,768.00,"76,800.00"
2019-11-04,2019110401003543,NABIL,37,37,40,768.00,"30,720.00"
2019-11-04,2019110401003542,NABIL,14,37,15,768.00,"11,520.00"
2019-11-04,2019110401003541,NABIL,57,39,50,769.00,"38,450.00"
2019-11-04,2019110401003228,NABIL,22,19,100,768.00,"76,800.00"
2019-11-04,2019110401003219,NABIL,26,19,42,768.00,"32,256.00"
2019-11-04,2019110401003218,NABIL,26,49,38,768.00,"29,184.00"
2019-11-04,2019110401003120,NABIL,49,49,162,768.00,"124,416.00"
2019-11-04,2019110401003119,NABIL,49,39,238,768.00,"182,784.00"
2019-11-04,2019110401003407,NABIL,26,39,100,769.00,"76,900.00"
2019-11-04,2019110401003360,NABIL,55,19,448,768.00,"344,064.00"
2019-11-04,2019110401003296,NABIL,17,32,73,767.00,"55,991.00"
2019-11-04,2019110401003295,NABIL,34,32,17,767.00,"13,039.00"
2019-11-04,2019110401003294,NABIL,13,32,10,767.00,"7,670.00"
2019-11-04,2019110401003257,NABIL,14,19,175,768.00,"134,400.00"
2019-11-04,2019110401003278,NADEP,17,34,20,386.00,"7,720.00"
2019-11-04,2019110401003262,NADEP,37,37,20,390.00,"7,800.00"
2019-11-04,2019110401003254,NADEP,37,7,10,390.00,"3,900.00"
2019-11-04,2019110401003192,NADEP,37,39,50,390.00,"19,500.00"
2019-11-04,2019110401003486,NBB,25,56,155,208.00,"32,240.00"
2019-11-04,2019110401003411,NBB,47,13,150,208.00,"31,200.00"
2019-11-04,2019110401003355,NBB,44,13,50,208.00,"10,400.00"
2019-11-04,2019110401003110,NBB,21,8,224,207.00,"46,368.00"
2019-11-04,2019110401003109,NBB,25,8,776,207.00,"160,632.00"
2019-11-04,2019110401003495,NBL,48,38,"2,900",314.00,"910,600.00"
2019-11-04,2019110401003398,NBL,13,22,19,313.00,"5,947.00"
2019-11-04,2019110401003380,NBL,53,22,520,313.00,"162,760.00"
2019-11-04,2019110401003379,NBL,32,38,100,314.00,"31,400.00"
2019-11-04,2019110401003378,NBL,32,43,900,314.00,"282,600.00"
2019-11-04,2019110401003372,NBL,32,43,100,314.00,"31,400.00"
2019-11-04,2019110401003371,NBL,32,43,900,314.00,"282,600.00"
2019-11-04,2019110401003175,NBL,53,42,480,313.00,"150,240.00"
2019-11-04,2019110401003157,NBL,35,42,20,313.00,"6,260.00"
2019-11-04,2019110401003155,NBL,43,43,100,314.00,"31,400.00"
2019-11-04,2019110401003146,NBL,34,42,100,313.00,"31,300.00"
2019-11-04,2019110401003135,NBL,34,42,100,313.00,"31,300.00"
2019-11-04,2019110401003545,NCCB,33,51,201,200.00,"40,200.00"
2019-11-04,2019110401003544,NCCB,41,51,299,200.00,"59,800.00"
2019-11-04,2019110401003485,NCCB,8,39,382,201.00,"76,782.00"
2019-11-04,2019110401003484,NCCB,8,45,618,201.00,"124,218.00"
2019-11-04,2019110401003435,NCCB,41,22,701,200.00,"140,200.00"
2019-11-04,2019110401003434,NCCB,26,22,100,200.00,"20,000.00"
2019-11-04,2019110401003433,NCCB,17,22,500,200.00,"100,000.00"
2019-11-04,2019110401003432,NCCB,14,22,100,200.00,"20,000.00"
2019-11-04,2019110401003431,NCCB,17,22,"2,000",200.00,"400,000.00"
2019-11-04,2019110401003430,NCCB,42,22,25,200.00,"5,000.00"
2019-11-04,2019110401003429,NCCB,39,22,50,200.00,"10,000.00"
2019-11-04,2019110401003290,NCCB,33,52,295,200.00,"59,000.00"
2019-11-04,2019110401003540,NEF,57,34,"2,414",7.52,"18,153.28"
2019-11-04,2019110401003104,NHPC,20,58,40,53.00,"2,120.00"
2019-11-04,2019110401003571,NIB,19,40,172,443.00,"76,196.00"
2019-11-04,2019110401003563,NIB,38,6,44,442.00,"19,448.00"
2019-11-04,2019110401003353,NIB,38,49,118,442.00,"52,156.00"
2019-11-04,2019110401003307,NIB,38,32,100,442.00,"44,200.00"
2019-11-04,2019110401003221,NIB,20,40,20,443.00,"8,860.00"
2019-11-04,2019110401003137,NIB,38,6,229,442.00,"101,218.00"
2019-11-04,2019110401003129,NIB,45,6,140,442.00,"61,880.00"
2019-11-04,2019110401003126,NIB,45,21,10,442.00,"4,420.00"
2019-11-04,2019110401003552,NIBLPF,6,34,"2,525",6.81,"17,195.25"
2019-11-04,2019110401003181,NIBPO,1,4,150,412.00,"61,800.00"
2019-11-04,2019110401003180,NIBPO,42,4,50,412.00,"20,600.00"
2019-11-04,2019110401003179,NIBPO,42,4,50,412.00,"20,600.00"
2019-11-04,2019110401003517,NICA,52,45,200,400.00,"80,000.00"
2019-11-04,2019110401003516,NICA,14,45,100,400.00,"40,000.00"
2019-11-04,2019110401003515,NICA,25,45,32,400.00,"12,800.00"
2019-11-04,2019110401003512,NICA,25,48,20,400.00,"8,000.00"
2019-11-04,2019110401003501,NICA,57,32,400,401.00,"160,400.00"
2019-11-04,2019110401003416,NICA,25,50,50,400.00,"20,000.00"
2019-11-04,2019110401003209,NICA,53,6,50,399.00,"19,950.00"
2019-11-04,2019110401003201,NICA,25,14,81,398.00,"32,238.00"
2019-11-04,2019110401003197,NICA,14,14,100,398.00,"39,800.00"
2019-11-04,2019110401003147,NICA,13,14,500,398.00,"199,000.00"
2019-11-04,2019110401003415,NICA,25,14,50,400.00,"20,000.00"
2019-11-04,2019110401003414,NICA,25,38,11,400.00,"4,400.00"
2019-11-04,2019110401003413,NICA,25,45,100,400.00,"40,000.00"
2019-11-04,2019110401003412,NICA,25,25,156,400.00,"62,400.00"
2019-11-04,2019110401003346,NICA,52,25,100,400.00,"40,000.00"
2019-11-04,2019110401003327,NICA,46,25,13,400.00,"5,200.00"
2019-11-04,2019110401003593,NICGF,22,57,100,9.12,912.00
2019-11-04,2019110401003592,NICGF,22,58,500,9.00,"4,500.00"
2019-11-04,2019110401003522,NICL,38,38,4,262.00,"1,048.00"
2019-11-04,2019110401003196,NICL,25,34,14,267.00,"3,738.00"
2019-11-04,2019110401003195,NICL,25,45,57,266.00,"15,162.00"
2019-11-04,2019110401003194,NICL,25,11,29,265.00,"7,685.00"
2019-11-04,2019110401003459,NIL,7,37,25,376.00,"9,400.00"
2019-11-04,2019110401003203,NLBBL,41,33,10,499.00,"4,990.00"
2019-11-04,2019110401003283,NLG,29,1,20,546.00,"10,920.00"
2019-11-04,2019110401003282,NLG,29,1,14,546.00,"7,644.00"
2019-11-04,2019110401003112,NLG,16,25,10,547.00,"5,470.00"
2019-11-04,2019110401003566,NLIC,5,22,100,796.00,"79,600.00"
2019-11-04,2019110401003363,NLIC,40,6,22,798.00,"17,556.00"
2019-11-04,2019110401003342,NLIC,25,57,10,800.00,"8,000.00"
2019-11-04,2019110401003548,NLICL,25,42,10,427.00,"4,270.00"
2019-11-04,2019110401003478,NLICL,13,32,65,421.00,"27,365.00"
2019-11-04,2019110401003477,NLICL,29,32,70,421.00,"29,470.00"
2019-11-04,2019110401003476,NLICL,25,32,10,425.00,"4,250.00"
2019-11-04,2019110401003393,NLICL,44,38,279,427.00,"119,133.00"
2019-11-04,2019110401003224,NLICL,25,42,42,425.00,"17,850.00"
2019-11-04,2019110401003141,NLICL,13,6,113,424.00,"47,912.00"
2019-11-04,2019110401003565,NMBHF1,57,34,"3,661",8.38,"30,679.18"
2019-11-04,2019110401003564,NMBHF1,49,34,500,8.40,"4,200.00"
2019-11-04,2019110401003467,NMBHF1,21,52,839,8.51,"7,139.89"
2019-11-04,2019110401003397,NMBHF1,6,46,"4,161",8.52,"35,451.72"
2019-11-04,2019110401003558,NMBMF,33,37,100,505.00,"50,500.00"
2019-11-04,2019110401003461,NMBMF,29,18,50,510.00,"25,500.00"
2019-11-04,2019110401003368,NMBMF,45,18,100,510.00,"51,000.00"
2019-11-04,2019110401003287,NSEWA,39,34,10,370.00,"3,700.00"
2019-11-04,2019110401003535,PCBL,13,18,128,262.00,"33,536.00"
2019-11-04,2019110401003481,PCBL,57,57,244,263.00,"64,172.00"
2019-11-04,2019110401003382,PCBL,26,29,110,263.00,"28,930.00"
2019-11-04,2019110401003381,PCBL,26,57,173,263.00,"45,499.00"
2019-11-04,2019110401003315,PCBL,13,22,43,262.00,"11,266.00"
2019-11-04,2019110401003314,PCBL,58,22,15,262.00,"3,930.00"
2019-11-04,2019110401003266,PCBL,42,57,30,263.00,"7,890.00"
2019-11-04,2019110401003150,PCBL,17,57,100,263.00,"26,300.00"
2019-11-04,2019110401003406,PFL,28,59,390,134.00,"52,260.00"
2019-11-04,2019110401003405,PFL,28,59,20,134.00,"2,680.00"
2019-11-04,2019110401003274,PFL,7,52,26,133.00,"3,458.00"
2019-11-04,2019110401003520,PIC,57,57,11,356.00,"3,916.00"
2019-11-04,2019110401003217,PIC,42,42,923,356.00,"328,588.00"
2019-11-04,2019110401003216,PIC,42,42,200,356.00,"71,200.00"
2019-11-04,2019110401003215,PIC,51,42,200,356.00,"71,200.00"
2019-11-04,2019110401003214,PIC,57,42,100,358.00,"35,800.00"
2019-11-04,2019110401003213,PIC,7,42,52,358.00,"18,616.00"
2019-11-04,2019110401003212,PIC,57,42,67,358.00,"23,986.00"
2019-11-04,2019110401003211,PIC,40,42,10,359.00,"3,590.00"
2019-11-04,2019110401003389,PICL,13,4,200,432.00,"86,400.00"
2019-11-04,2019110401003490,PLIC,36,57,80,310.00,"24,800.00"
2019-11-04,2019110401003489,PLIC,36,7,400,310.00,"124,000.00"
2019-11-04,2019110401003369,PLIC,1,7,100,310.00,"31,000.00"
2019-11-04,2019110401003570,PMHPL,49,34,10,85.00,850.00
2019-11-04,2019110401003356,PMHPL,54,34,10,84.00,840.00
2019-11-04,2019110401003297,PMHPL,54,34,10,84.00,840.00
2019-11-04,2019110401003199,PMHPL,54,34,10,84.00,840.00
2019-11-04,2019110401003455,PRIN,5,22,164,309.00,"50,676.00"
2019-11-04,2019110401003454,PRIN,17,22,10,310.00,"3,100.00"
2019-11-04,2019110401003483,PRVU,38,22,"3,240",268.00,"868,320.00"
2019-11-04,2019110401003482,PRVU,38,57,422,268.00,"113,096.00"
2019-11-04,2019110401003469,PRVU,25,57,200,268.00,"53,600.00"
2019-11-04,2019110401003468,PRVU,7,57,200,268.00,"53,600.00"
2019-11-04,2019110401003458,PRVU,25,57,200,268.00,"53,600.00"
2019-11-04,2019110401003437,PRVU,7,57,500,268.00,"134,000.00"
2019-11-04,2019110401003354,PRVU,54,57,200,268.00,"53,600.00"
2019-11-04,2019110401003144,PRVU,38,57,500,268.00,"134,000.00"
2019-11-04,2019110401003140,PRVU,17,57,100,268.00,"26,800.00"
2019-11-04,2019110401003113,PRVU,19,57,100,268.00,"26,800.00"
2019-11-04,2019110401003305,RADHI,13,34,11,133.00,"1,463.00"
2019-11-04,2019110401003285,RADHI,13,52,11,133.00,"1,463.00"
2019-11-04,2019110401003277,RADHI,13,37,12,133.00,"1,596.00"
2019-11-04,2019110401003210,RADHI,13,34,12,133.00,"1,596.00"
2019-11-04,2019110401003579,RHPL,58,34,40,172.00,"6,880.00"
2019-11-04,2019110401003557,RHPL,58,38,20,172.00,"3,440.00"
2019-11-04,2019110401003551,RHPL,58,38,20,172.00,"3,440.00"
2019-11-04,2019110401003532,RHPL,44,33,270,174.00,"46,980.00"
2019-11-04,2019110401003531,RHPL,44,41,40,174.00,"6,960.00"
2019-11-04,2019110401003530,RHPL,44,41,40,174.00,"6,960.00"
2019-11-04,2019110401003152,RHPL,58,38,20,171.00,"3,420.00"
2019-11-04,2019110401003299,RHPL,58,52,40,171.00,"6,840.00"
2019-11-04,2019110401003289,RHPL,58,20,40,171.00,"6,840.00"
2019-11-04,2019110401003286,RHPL,58,37,10,171.00,"1,710.00"
2019-11-04,2019110401003236,RHPL,58,38,20,171.00,"3,420.00"
2019-11-04,2019110401003223,RHPL,58,34,30,171.00,"5,130.00"
2019-11-04,2019110401003173,RHPL,58,38,20,171.00,"3,420.00"
2019-11-04,2019110401003359,RHPL,58,34,30,171.00,"5,130.00"
2019-11-04,2019110401003347,RHPL,58,38,20,171.00,"3,420.00"
2019-11-04,2019110401003336,RHPL,58,49,30,171.00,"5,130.00"
2019-11-04,2019110401003322,RHPL,58,38,20,171.00,"3,420.00"
2019-11-04,2019110401003319,RHPL,58,34,40,171.00,"6,840.00"
2019-11-04,2019110401003316,RHPL,58,13,120,171.00,"20,520.00"
2019-11-04,2019110401003523,RHPL,44,41,10,173.00,"1,730.00"
2019-11-04,2019110401003504,RHPL,58,38,20,171.00,"3,420.00"
2019-11-04,2019110401003488,RHPL,58,38,20,171.00,"3,420.00"
2019-11-04,2019110401003450,RHPL,58,38,20,171.00,"3,420.00"
2019-11-04,2019110401003420,RHPL,58,38,20,171.00,"3,420.00"
2019-11-04,2019110401003388,RHPL,58,42,40,171.00,"6,840.00"
2019-11-04,2019110401003529,RHPL,44,41,40,174.00,"6,960.00"
2019-11-04,2019110401003528,RHPL,44,37,10,173.00,"1,730.00"
2019-11-04,2019110401003527,RHPL,44,7,40,173.00,"6,920.00"
2019-11-04,2019110401003526,RHPL,44,52,50,173.00,"8,650.00"
2019-11-04,2019110401003525,RHPL,44,26,400,173.00,"69,200.00"
2019-11-04,2019110401003524,RHPL,44,43,30,173.00,"5,190.00"
2019-11-04,2019110401003584,RRHP,22,34,10,100.00,"1,000.00"
2019-11-04,2019110401003366,RRHP,22,34,10,100.00,"1,000.00"
2019-11-04,2019110401003323,RRHP,22,34,10,100.00,"1,000.00"
2019-11-04,2019110401003587,RSDC,45,6,66,327.00,"21,582.00"
2019-11-04,2019110401003443,RSDC,38,6,50,325.00,"16,250.00"
2019-11-04,2019110401003439,SABSL,13,52,10,455.00,"4,550.00"
2019-11-04,2019110401003438,SABSL,13,26,10,455.00,"4,550.00"
2019-11-04,2019110401003401,SABSL,36,38,10,454.00,"4,540.00"
2019-11-04,2019110401003329,SABSL,36,34,10,454.00,"4,540.00"
2019-11-04,2019110401003303,SABSL,36,38,10,454.00,"4,540.00"
2019-11-04,2019110401003284,SABSL,36,53,10,454.00,"4,540.00"
2019-11-04,2019110401003227,SABSL,36,34,10,454.00,"4,540.00"
2019-11-04,2019110401003222,SADBL,43,49,200,140.00,"28,000.00"
2019-11-04,2019110401003539,SANIMA,14,45,850,305.00,"259,250.00"
2019-11-04,2019110401003538,SANIMA,32,45,50,305.00,"15,250.00"
2019-11-04,2019110401003160,SANIMA,4,6,336,305.00,"102,480.00"
2019-11-04,2019110401003108,SANIMA,32,6,50,305.00,"15,250.00"
2019-11-04,2019110401003107,SANIMA,50,6,100,305.00,"30,500.00"
2019-11-04,2019110401003106,SANIMA,38,6,50,305.00,"15,250.00"
2019-11-04,2019110401003105,SANIMA,52,6,16,305.00,"4,880.00"
2019-11-04,2019110401003162,SBI,49,57,200,406.00,"81,200.00"
2019-11-04,2019110401003161,SBI,49,49,100,406.00,"40,600.00"
2019-11-04,2019110401003537,SBL,22,19,99,292.00,"28,908.00"
2019-11-04,2019110401003536,SBL,22,22,353,292.00,"103,076.00"
2019-11-04,2019110401003457,SBL,46,26,15,291.00,"4,365.00"
2019-11-04,2019110401003396,SBL,42,22,100,292.00,"29,200.00"
2019-11-04,2019110401003237,SBL,20,22,400,292.00,"116,800.00"
2019-11-04,2019110401003200,SBL,38,22,50,292.00,"14,600.00"
2019-11-04,2019110401003208,SCB,46,42,243,558.00,"135,594.00"
2019-11-04,2019110401003207,SCB,46,50,250,557.00,"139,250.00"
2019-11-04,2019110401003206,SCB,46,50,240,557.00,"133,680.00"
2019-11-04,2019110401003205,SCB,46,34,35,557.00,"19,495.00"
2019-11-04,2019110401003204,SCB,46,45,232,557.00,"129,224.00"
2019-11-04,2019110401003598,SDESI,6,43,30,630.00,"18,900.00"
2019-11-04,2019110401003594,SDESI,56,34,27,626.00,"16,902.00"
2019-11-04,2019110401003568,SHINE,26,6,128,254.00,"32,512.00"
2019-11-04,2019110401003261,SHINE,47,6,10,255.00,"2,550.00"
2019-11-04,2019110401003260,SHINE,47,40,90,255.00,"22,950.00"
2019-11-04,2019110401003442,SHIVM,47,42,140,481.00,"67,340.00"
2019-11-04,2019110401003441,SHIVM,40,42,250,481.00,"120,250.00"
2019-11-04,2019110401003440,SHIVM,40,42,20,481.00,"9,620.00"
2019-11-04,2019110401003410,SHIVM,35,45,300,482.00,"144,600.00"
2019-11-04,2019110401003404,SHIVM,45,45,100,482.00,"48,200.00"
2019-11-04,2019110401003403,SHIVM,35,45,100,482.00,"48,200.00"
2019-11-04,2019110401003164,SHIVM,35,22,50,482.00,"24,100.00"
2019-11-04,2019110401003505,SHPC,45,3,50,193.00,"9,650.00"
2019-11-04,2019110401003479,SHPC,28,6,200,192.00,"38,400.00"
2019-11-04,2019110401003391,SHPC,4,6,100,194.00,"19,400.00"
2019-11-04,2019110401003235,SHPC,29,3,10,196.00,"1,960.00"
2019-11-04,2019110401003101,SHPC,32,6,129,194.00,"25,026.00"
2019-11-04,2019110401003306,SINDU,34,1,10,124.00,"1,240.00"
2019-11-04,2019110401003596,SJCL,52,34,20,169.00,"3,380.00"
2019-11-04,2019110401003586,SJCL,52,37,10,169.00,"1,690.00"
2019-11-04,2019110401003585,SJCL,52,58,20,169.00,"3,380.00"
2019-11-04,2019110401003560,SJCL,58,38,20,168.00,"3,360.00"
2019-11-04,2019110401003555,SJCL,58,38,20,168.00,"3,360.00"
2019-11-04,2019110401003511,SJCL,58,38,20,168.00,"3,360.00"
2019-11-04,2019110401003151,SJCL,58,42,20,168.00,"3,360.00"
2019-11-04,2019110401003142,SJCL,58,42,20,168.00,"3,360.00"
2019-11-04,2019110401003138,SJCL,58,42,20,168.00,"3,360.00"
2019-11-04,2019110401003132,SJCL,58,42,20,168.00,"3,360.00"
2019-11-04,2019110401003121,SJCL,58,42,20,168.00,"3,360.00"
2019-11-04,2019110401003158,SJCL,58,22,20,168.00,"3,360.00"
2019-11-04,2019110401003154,SJCL,58,38,20,168.00,"3,360.00"
2019-11-04,2019110401003300,SJCL,58,20,10,168.00,"1,680.00"
2019-11-04,2019110401003298,SJCL,58,37,10,168.00,"1,680.00"
2019-11-04,2019110401003281,SJCL,58,38,20,168.00,"3,360.00"
2019-11-04,2019110401003280,SJCL,58,22,10,168.00,"1,680.00"
2019-11-04,2019110401003234,SJCL,58,34,20,168.00,"3,360.00"
2019-11-04,2019110401003220,SJCL,58,38,20,168.00,"3,360.00"
2019-11-04,2019110401003394,SJCL,58,42,20,168.00,"3,360.00"
2019-11-04,2019110401003377,SJCL,58,34,20,168.00,"3,360.00"
2019-11-04,2019110401003352,SJCL,58,38,20,168.00,"3,360.00"
2019-11-04,2019110401003343,SJCL,58,49,20,168.00,"3,360.00"
2019-11-04,2019110401003335,SJCL,58,34,20,168.00,"3,360.00"
2019-11-04,2019110401003326,SJCL,58,38,20,168.00,"3,360.00"
2019-11-04,2019110401003494,SJCL,58,38,20,168.00,"3,360.00"
2019-11-04,2019110401003452,SJCL,58,38,20,168.00,"3,360.00"
2019-11-04,2019110401003424,SJCL,58,38,20,168.00,"3,360.00"
2019-11-04,2019110401003425,SKBBL,22,57,156,932.00,"145,392.00"
2019-11-04,2019110401003288,SKBBL,39,48,146,930.00,"135,780.00"
2019-11-04,2019110401003178,SKBBL,22,48,160,930.00,"148,800.00"
2019-11-04,2019110401003139,SKBBL,22,48,42,930.00,"39,060.00"
2019-11-04,2019110401003131,SKBBL,22,48,42,930.00,"39,060.00"
2019-11-04,2019110401003169,SLBBL,37,43,30,559.00,"16,770.00"
2019-11-04,2019110401003145,SLBBL,21,43,20,559.00,"11,180.00"
2019-11-04,2019110401003182,SLBSL,25,38,100,722.00,"72,200.00"
2019-11-04,2019110401003301,SLICL,4,7,600,260.00,"156,000.00"
2019-11-04,2019110401003395,SPARS,45,34,10,522.00,"5,220.00"
2019-11-04,2019110401003387,SPARS,45,36,10,522.00,"5,220.00"
2019-11-04,2019110401003311,SPARS,39,38,10,521.00,"5,210.00"
2019-11-04,2019110401003148,SPARS,39,6,10,521.00,"5,210.00"
2019-11-04,2019110401003123,TMDBL,26,25,100,149.00,"14,900.00"
2019-11-04,2019110401003313,TRH,33,55,10,286.00,"2,860.00"
2019-11-04,2019110401003102,TRH,33,44,10,281.00,"2,810.00"
2019-11-04,2019110401003399,UNHPL,52,52,50,55.00,"2,750.00"
2019-11-04,2019110401003386,UNHPL,52,52,50,55.00,"2,750.00"
2019-11-04,2019110401003349,UNHPL,52,19,50,56.00,"2,800.00"
2019-11-04,2019110401003348,UNHPL,17,19,150,56.00,"8,400.00"
2019-11-04,2019110401003498,UPCL,52,35,20,74.00,"1,480.00"
2019-11-04,2019110401003497,UPCL,52,22,50,74.00,"3,700.00"
2019-11-04,2019110401003496,UPCL,52,49,30,74.00,"2,220.00"
2019-11-04,2019110401003582,UPPER,42,35,100,235.00,"23,500.00"
2019-11-04,2019110401003550,UPPER,57,35,300,235.00,"70,500.00"
2019-11-04,2019110401003549,UPPER,51,35,260,235.00,"61,100.00"
2019-11-04,2019110401003503,UPPER,51,57,240,235.00,"56,400.00"
2019-11-04,2019110401003502,UPPER,52,57,60,235.00,"14,100.00"
2019-11-04,2019110401003418,UPPER,52,34,40,235.00,"9,400.00"
2019-11-04,2019110401003163,UPPER,7,52,10,236.00,"2,360.00"
2019-11-04,2019110401003226,UPPER,59,6,200,235.00,"47,000.00"
2019-11-04,2019110401003193,UPPER,54,6,200,235.00,"47,000.00"
2019-11-04,2019110401003184,UPPER,54,6,90,235.00,"21,150.00"
2019-11-04,2019110401003309,UPPER,52,37,40,234.00,"9,360.00"
2019-11-04,2019110401003308,UPPER,44,37,10,234.00,"2,340.00"
2019-11-04,2019110401003293,UPPER,49,37,50,235.00,"11,750.00"
2019-11-04,2019110401003270,UPPER,33,52,10,236.00,"2,360.00"
2019-11-04,2019110401003256,UPPER,44,22,50,234.00,"11,700.00"
2019-11-04,2019110401003238,UPPER,41,34,37,234.00,"8,658.00"
2019-11-04,2019110401003384,UPPER,25,52,50,236.00,"11,800.00"
2019-11-04,2019110401003367,UPPER,52,52,40,234.00,"9,360.00"
2019-11-04,2019110401003341,UPPER,52,34,40,234.00,"9,360.00"
2019-11-04,2019110401003331,UPPER,25,52,20,236.00,"4,720.00"
2019-11-04,2019110401003324,UPPER,11,35,150,235.00,"35,250.00"
2019-11-04,2019110401003312,UPPER,11,45,50,235.00,"11,750.00"
2019-11-04,2019110401003005,ADBL,44,53,12,410.00,"4,920.00"
2019-11-04,2019110401002983,ADBL,44,19,50,410.00,"20,500.00"
2019-11-04,2019110401002956,ADBL,38,42,25,411.00,"10,275.00"
2019-11-04,2019110401002950,ADBL,39,42,"3,000",411.00,"1,233,000.00"
2019-11-04,2019110401002938,ADBL,39,42,"2,000",411.00,"822,000.00"
2019-11-04,2019110401002720,ADBL,29,47,10,412.00,"4,120.00"
2019-11-04,2019110401002647,ADBL,34,42,75,410.00,"30,750.00"
2019-11-04,2019110401002646,ADBL,45,42,50,410.00,"20,500.00"
2019-11-04,2019110401002713,ADBL,39,42,"2,000",411.00,"822,000.00"
2019-11-04,2019110401002652,ADBL,44,42,165,410.00,"67,650.00"
2019-11-04,2019110401002651,ADBL,26,42,100,410.00,"41,000.00"
2019-11-04,2019110401002650,ADBL,41,42,500,410.00,"205,000.00"
2019-11-04,2019110401002649,ADBL,17,42,100,410.00,"41,000.00"
2019-11-04,2019110401002648,ADBL,22,42,10,410.00,"4,100.00"
2019-11-04,2019110401003086,AHPC,53,21,15,95.00,"1,425.00"
2019-11-04,2019110401003018,AKBSL,48,42,10,408.00,"4,080.00"
2019-11-04,2019110401003014,AKBSL,48,8,10,408.00,"4,080.00"
2019-11-04,2019110401002783,AKBSL,48,40,10,408.00,"4,080.00"
2019-11-04,2019110401002760,AKBSL,48,40,10,408.00,"4,080.00"
2019-11-04,2019110401002754,AKBSL,43,8,10,409.00,"4,090.00"
2019-11-04,2019110401002743,AKBSL,43,40,10,409.00,"4,090.00"
2019-11-04,2019110401002726,AKBSL,48,40,10,408.00,"4,080.00"
2019-11-04,2019110401002712,AKBSL,48,40,10,408.00,"4,080.00"
2019-11-04,2019110401002627,AKBSL,43,16,10,409.00,"4,090.00"
2019-11-04,2019110401002623,AKBSL,43,16,10,409.00,"4,090.00"
2019-11-04,2019110401002940,AKPL,25,59,20,130.00,"2,600.00"
2019-11-04,2019110401002661,AKPL,25,59,11,130.00,"1,430.00"
2019-11-04,2019110401002660,AKPL,25,38,59,129.00,"7,611.00"
2019-11-04,2019110401002645,AKPL,37,38,436,128.00,"55,808.00"
2019-11-04,2019110401002611,AKPL,37,38,64,128.00,"8,192.00"
2019-11-04,2019110401002610,AKPL,55,38,449,128.00,"57,472.00"
2019-11-04,2019110401002609,AKPL,25,38,38,129.00,"4,902.00"
2019-11-04,2019110401002803,ALBSL,17,39,100,388.00,"38,800.00"
2019-11-04,2019110401002763,ALICL,37,48,57,311.00,"17,727.00"
2019-11-04,2019110401002762,ALICL,37,36,64,311.00,"19,904.00"
2019-11-04,2019110401002602,ALICL,16,45,910,312.00,"283,920.00"
2019-11-04,2019110401003047,API,25,22,93,110.00,"10,230.00"
2019-11-04,2019110401003022,API,49,25,84,108.00,"9,072.00"
2019-11-04,2019110401003021,API,36,25,916,108.00,"98,928.00"
2019-11-04,2019110401002927,API,36,25,84,108.00,"9,072.00"
2019-11-04,2019110401002926,API,58,25,300,108.00,"32,400.00"
2019-11-04,2019110401002925,API,41,25,116,108.00,"12,528.00"
2019-11-04,2019110401002939,BFC,16,16,38,92.00,"3,496.00"
2019-11-04,2019110401002829,BFC,58,33,100,91.00,"9,100.00"
2019-11-04,2019110401003089,BOKL,17,14,300,225.00,"67,500.00"
2019-11-04,2019110401002924,BOKL,17,50,100,225.00,"22,500.00"
2019-11-04,2019110401002807,BOKL,17,55,283,225.00,"63,675.00"
2019-11-04,2019110401002806,BOKL,17,55,150,225.00,"33,750.00"
2019-11-04,2019110401002805,BOKL,21,55,20,225.00,"4,500.00"
2019-11-04,2019110401002804,BOKL,17,55,47,225.00,"10,575.00"
2019-11-04,2019110401002996,BPCL,36,35,74,367.00,"27,158.00"
2019-11-04,2019110401002986,BPCL,36,28,436,367.00,"160,012.00"
2019-11-04,2019110401002985,BPCL,36,22,440,365.00,"160,600.00"
2019-11-04,2019110401002984,BPCL,36,59,50,365.00,"18,250.00"
2019-11-04,2019110401002843,BPCL,7,42,39,361.00,"14,079.00"
2019-11-04,2019110401002842,BPCL,11,42,10,362.00,"3,620.00"
2019-11-04,2019110401003012,CBBL,26,17,50,970.00,"48,500.00"
2019-11-04,2019110401003002,CBBL,34,17,15,970.00,"14,550.00"
2019-11-04,2019110401002993,CBL,29,51,716,142.00,"101,672.00"
2019-11-04,2019110401002992,CBL,29,38,"1,062",142.00,"150,804.00"
2019-11-04,2019110401002991,CBL,29,25,463,142.00,"65,746.00"
2019-11-04,2019110401002990,CBL,29,21,368,142.00,"52,256.00"
2019-11-04,2019110401002989,CBL,29,51,700,142.00,"99,400.00"
2019-11-04,2019110401002821,CBL,6,55,142,141.00,"20,022.00"
2019-11-04,2019110401002820,CBL,26,55,300,141.00,"42,300.00"
2019-11-04,2019110401002819,CBL,17,55,58,141.00,"8,178.00"
2019-11-04,2019110401002644,CCBL,49,46,21,156.00,"3,276.00"
2019-11-04,2019110401002643,CCBL,49,42,92,156.00,"14,352.00"
2019-11-04,2019110401002642,CCBL,49,17,429,156.00,"66,924.00"
2019-11-04,2019110401002641,CCBL,49,4,494,156.00,"77,064.00"
2019-11-04,2019110401002640,CCBL,49,48,40,156.00,"6,240.00"
2019-11-04,2019110401002639,CCBL,49,13,67,156.00,"10,452.00"
2019-11-04,2019110401003042,CHCL,42,59,100,465.00,"46,500.00"
2019-11-04,2019110401003017,CHCL,42,59,65,465.00,"30,225.00"
2019-11-04,2019110401003016,CHCL,42,10,35,464.00,"16,240.00"
2019-11-04,2019110401003001,CHCL,25,10,15,464.00,"6,960.00"
2019-11-04,2019110401002987,CHCL,41,59,200,465.00,"93,000.00"
2019-11-04,2019110401002971,CHCL,5,59,100,465.00,"46,500.00"
2019-11-04,2019110401002613,CHCL,25,44,30,455.00,"13,650.00"
2019-11-04,2019110401002666,CHCL,22,59,600,460.00,"276,000.00"
2019-11-04,2019110401002664,CHCL,10,59,400,460.00,"184,000.00"
2019-11-04,2019110401002663,CHCL,10,28,100,460.00,"46,000.00"
2019-11-04,2019110401002656,CHCL,45,50,120,458.00,"54,960.00"
2019-11-04,2019110401002617,CHCL,16,44,180,455.00,"81,900.00"
2019-11-04,2019110401002616,CHCL,16,44,239,455.00,"108,745.00"
2019-11-04,2019110401002718,CHCL,45,49,100,460.00,"46,000.00"
2019-11-04,2019110401002702,CHCL,22,49,50,460.00,"23,000.00"
2019-11-04,2019110401002695,CHCL,16,49,50,460.00,"23,000.00"
2019-11-04,2019110401002685,CHCL,57,49,100,460.00,"46,000.00"
2019-11-04,2019110401002674,CHCL,41,49,90,460.00,"41,400.00"
2019-11-04,2019110401002673,CHCL,22,49,400,460.00,"184,000.00"
2019-11-04,2019110401002910,CHCL,25,10,20,465.00,"9,300.00"
2019-11-04,2019110401002890,CHCL,25,53,50,464.00,"23,200.00"
2019-11-04,2019110401002874,CHCL,55,53,50,464.00,"23,200.00"
2019-11-04,2019110401002753,CHCL,41,59,100,460.00,"46,000.00"
2019-11-04,2019110401002736,CHCL,22,49,10,460.00,"4,600.00"
2019-11-04,2019110401002734,CHCL,45,49,200,460.00,"92,000.00"
2019-11-04,2019110401002964,CIT,32,48,20,"1,771.00","35,420.00"
2019-11-04,2019110401002963,CIT,6,48,10,"1,771.00","17,710.00"
2019-11-04,2019110401002962,CIT,38,48,10,"1,772.00","17,720.00"
2019-11-04,2019110401002961,CIT,48,48,30,"1,772.00","53,160.00"
2019-11-04,2019110401002960,CIT,41,48,10,"1,772.00","17,720.00"
2019-11-04,2019110401002959,CIT,11,48,20,"1,775.00","35,500.00"
2019-11-04,2019110401002717,CIT,38,47,20,"1,780.00","35,600.00"
2019-11-04,2019110401003083,CZBIL,35,52,10,190.00,"1,900.00"
2019-11-04,2019110401003074,CZBIL,35,6,530,190.00,"100,700.00"
2019-11-04,2019110401003015,CZBIL,49,28,100,191.00,"19,100.00"
2019-11-04,2019110401002798,CZBIL,51,28,100,191.00,"19,100.00"
2019-11-04,2019110401002733,CZBIL,35,16,90,190.00,"17,100.00"
2019-11-04,2019110401002732,CZBIL,46,16,10,190.00,"1,900.00"
2019-11-04,2019110401002740,DBBL,38,7,950,124.00,"117,800.00"
2019-11-04,2019110401002739,DBBL,57,7,50,124.00,"6,200.00"
2019-11-04,2019110401002607,DBBL,47,7,500,124.00,"62,000.00"
2019-11-04,2019110401002827,EBL,58,38,10,559.00,"5,590.00"
2019-11-04,2019110401002782,EBL,49,38,100,555.00,"55,500.00"
2019-11-04,2019110401003004,EIC,49,7,15,225.00,"3,375.00"
2019-11-04,2019110401002741,EIC,49,7,85,225.00,"19,125.00"
2019-11-04,2019110401002693,EIC,17,7,85,223.00,"18,955.00"
2019-11-04,2019110401002873,FMDBL,32,14,500,308.00,"154,000.00"
2019-11-04,2019110401002676,GBBL,35,1,259,222.00,"57,498.00"
2019-11-04,2019110401002889,GBLBS,8,19,15,307.00,"4,605.00"
2019-11-04,2019110401002812,GBLBS,8,51,500,309.00,"154,500.00"
2019-11-04,2019110401002624,GBLBS,8,11,23,307.00,"7,061.00"
2019-11-04,2019110401002614,GBLBS,8,11,23,307.00,"7,061.00"
2019-11-04,2019110401002606,GBLBS,8,11,23,307.00,"7,061.00"
2019-11-04,2019110401002824,GIMES1,19,42,"4,500",7.10,"31,950.00"
2019-11-04,2019110401002631,GLBSL,42,41,10,420.00,"4,200.00"
2019-11-04,2019110401002621,GLBSL,42,53,10,419.00,"4,190.00"
2019-11-04,2019110401003090,GLICL,3,44,64,348.00,"22,272.00"
2019-11-04,2019110401002999,GLICL,34,44,100,348.00,"34,800.00"
2019-11-04,2019110401002998,GLICL,49,44,150,348.00,"52,200.00"
2019-11-04,2019110401002687,GMFBS,33,32,200,461.00,"92,200.00"
2019-11-04,2019110401003013,HGI,5,45,40,264.00,"10,560.00"
2019-11-04,2019110401002887,HIDCL,51,38,61,136.00,"8,296.00"
2019-11-04,2019110401002791,HIDCL,33,42,18,135.00,"2,430.00"
2019-11-04,2019110401002706,HURJA,42,59,300,104.00,"31,200.00"
2019-11-04,2019110401002684,HURJA,42,41,20,103.00,"2,060.00"
2019-11-04,2019110401002683,HURJA,42,22,20,103.00,"2,060.00"
2019-11-04,2019110401002951,ICFC,8,46,46,162.00,"7,452.00"
2019-11-04,2019110401002816,ICFC,8,19,430,162.00,"69,660.00"
2019-11-04,2019110401003093,ILBS,48,52,10,438.00,"4,380.00"
2019-11-04,2019110401002937,ILBS,48,40,10,438.00,"4,380.00"
2019-11-04,2019110401002850,ILBS,29,42,10,440.00,"4,400.00"
2019-11-04,2019110401002637,ILBS,11,42,10,440.00,"4,400.00"
2019-11-04,2019110401002636,ILBS,11,42,10,440.00,"4,400.00"
2019-11-04,2019110401002635,ILBS,11,8,10,440.00,"4,400.00"
2019-11-04,2019110401002634,ILBS,11,11,10,440.00,"4,400.00"
2019-11-04,2019110401002633,ILBS,11,45,10,440.00,"4,400.00"
2019-11-04,2019110401002727,JFL,6,28,500,193.00,"96,500.00"
2019-11-04,2019110401002915,JOSHI,34,7,10,59.00,590.00
2019-11-04,2019110401002914,JOSHI,33,7,10,59.00,590.00
2019-11-04,2019110401002870,JOSHI,33,42,10,59.00,590.00
2019-11-04,2019110401003095,KBL,47,6,80,181.00,"14,480.00"
2019-11-04,2019110401003094,KBL,57,6,288,181.00,"52,128.00"
2019-11-04,2019110401002722,KBL,57,6,212,181.00,"38,372.00"
2019-11-04,2019110401002721,KBL,17,6,12,181.00,"2,172.00"
2019-11-04,2019110401003041,LBBL,8,6,100,171.00,"17,100.00"
2019-11-04,2019110401003036,LBL,45,25,50,221.00,"11,050.00"
2019-11-04,2019110401002759,LGIL,5,35,25,318.00,"7,950.00"
2019-11-04,2019110401002758,LGIL,5,44,112,318.00,"35,616.00"
2019-11-04,2019110401003000,MBL,33,6,49,227.00,"11,123.00"
2019-11-04,2019110401002935,MBL,36,39,170,229.00,"38,930.00"
2019-11-04,2019110401002934,MBL,36,11,30,228.00,"6,840.00"
2019-11-04,2019110401002802,MBL,33,43,50,227.00,"11,350.00"
2019-11-04,2019110401002728,MBL,33,19,300,227.00,"68,100.00"
2019-11-04,2019110401002629,MBL,33,14,163,227.00,"37,001.00"
2019-11-04,2019110401002615,MBL,33,42,638,227.00,"144,826.00"
2019-11-04,2019110401002846,MDB,58,19,50,242.00,"12,100.00"
2019-11-04,2019110401002672,MEGA,41,28,400,189.00,"75,600.00"
2019-11-04,2019110401002600,MEGA,41,46,12,189.00,"2,268.00"
2019-11-04,2019110401002946,MEGA,18,57,100,190.00,"19,000.00"
2019-11-04,2019110401002944,MERO,49,35,100,564.00,"56,400.00"
2019-11-04,2019110401003092,MLBL,35,32,108,212.00,"22,896.00"
2019-11-04,2019110401003091,MLBL,35,41,25,212.00,"5,300.00"
2019-11-04,2019110401003039,MLBL,29,41,357,212.00,"75,684.00"
2019-11-04,2019110401003038,MLBL,29,41,20,213.00,"4,260.00"
2019-11-04,2019110401003037,MLBL,57,41,13,213.00,"2,769.00"
2019-11-04,2019110401002667,MLBL,57,42,37,213.00,"7,881.00"
2019-11-04,2019110401002628,MLBL,29,17,143,212.00,"30,316.00"
2019-11-04,2019110401003035,MNBBL,35,53,226,315.00,"71,190.00"
2019-11-04,2019110401003023,MNBBL,26,44,200,316.00,"63,200.00"
2019-11-04,2019110401002665,MNBBL,35,44,240,316.00,"75,840.00"
2019-11-04,2019110401002632,MNBBL,58,44,150,316.00,"47,400.00"
2019-11-04,2019110401002955,MSLB,16,11,18,852.00,"15,336.00"
2019-11-04,2019110401003075,NABIL,13,22,10,767.00,"7,670.00"
2019-11-04,2019110401003072,NABIL,37,39,100,768.00,"76,800.00"
2019-11-04,2019110401002860,NABIL,45,58,91,765.00,"69,615.00"
2019-11-04,2019110401002856,NABIL,42,58,90,765.00,"68,850.00"
2019-11-04,2019110401002764,NABIL,43,58,100,765.00,"76,500.00"
2019-11-04,2019110401002755,NABIL,46,58,100,765.00,"76,500.00"
2019-11-04,2019110401002746,NABIL,28,58,619,765.00,"473,535.00"
2019-11-04,2019110401002737,NABIL,28,58,381,765.00,"291,465.00"
2019-11-04,2019110401002659,NABIL,47,58,119,765.00,"91,035.00"
2019-11-04,2019110401002619,NABIL,47,48,30,765.00,"22,950.00"
2019-11-04,2019110401002618,NABIL,47,58,151,765.00,"115,515.00"
2019-11-04,2019110401002784,NBB,25,53,90,208.00,"18,720.00"
2019-11-04,2019110401002694,NBB,29,53,50,208.00,"10,400.00"
2019-11-04,2019110401002668,NBB,47,53,100,208.00,"20,800.00"
2019-11-04,2019110401002626,NBB,25,42,224,207.00,"46,368.00"
2019-11-04,2019110401003085,NBL,58,6,100,313.00,"31,300.00"
2019-11-04,2019110401002923,NBL,25,37,213,313.00,"66,669.00"
2019-11-04,2019110401002909,NBL,38,37,176,313.00,"55,088.00"
2019-11-04,2019110401002908,NBL,14,37,100,313.00,"31,300.00"
2019-11-04,2019110401002907,NBL,48,37,"1,000",313.00,"313,000.00"
2019-11-04,2019110401002906,NBL,56,37,50,313.00,"15,650.00"
2019-11-04,2019110401002899,NBL,49,37,300,313.00,"93,900.00"
2019-11-04,2019110401002898,NBL,47,37,100,313.00,"31,300.00"
2019-11-04,2019110401002897,NBL,11,37,100,313.00,"31,300.00"
2019-11-04,2019110401002896,NBL,51,37,76,313.00,"23,788.00"
2019-11-04,2019110401002895,NBL,51,42,100,313.00,"31,300.00"
2019-11-04,2019110401002875,NBL,51,42,100,313.00,"31,300.00"
2019-11-04,2019110401002905,NBL,26,37,50,313.00,"15,650.00"
2019-11-04,2019110401002904,NBL,4,37,500,313.00,"156,500.00"
2019-11-04,2019110401002903,NBL,42,37,300,313.00,"93,900.00"
2019-11-04,2019110401002902,NBL,28,37,500,313.00,"156,500.00"
2019-11-04,2019110401002901,NBL,47,37,160,313.00,"50,080.00"
2019-11-04,2019110401002900,NBL,19,37,300,313.00,"93,900.00"
2019-11-04,2019110401002976,NCCB,33,39,426,201.00,"85,626.00"
2019-11-04,2019110401002973,NCCB,33,39,20,201.00,"4,020.00"
2019-11-04,2019110401002841,NCCB,33,39,20,201.00,"4,020.00"
2019-11-04,2019110401002833,NCCB,33,39,10,201.00,"2,010.00"
2019-11-04,2019110401002815,NCCB,33,39,24,201.00,"4,824.00"
2019-11-04,2019110401002883,NEF,57,41,"1,110",7.52,"8,347.20"
2019-11-04,2019110401002981,NHPC,20,21,50,53.00,"2,650.00"
2019-11-04,2019110401002893,NIB,36,40,200,443.00,"88,600.00"
2019-11-04,2019110401002852,NIB,45,40,300,443.00,"132,900.00"
2019-11-04,2019110401003050,NICA,46,14,18,398.00,"7,164.00"
2019-11-04,2019110401002988,NICA,46,44,63,397.00,"25,011.00"
2019-11-04,2019110401002954,NICA,46,49,70,397.00,"27,790.00"
2019-11-04,2019110401003096,NIL,42,37,10,376.00,"3,760.00"
2019-11-04,2019110401002979,NIL,49,44,248,375.00,"93,000.00"
2019-11-04,2019110401002742,NIL,49,16,150,375.00,"56,250.00"
2019-11-04,2019110401002622,NLG,29,46,11,546.00,"6,006.00"
2019-11-04,2019110401002838,NLIC,38,34,22,793.00,"17,446.00"
2019-11-04,2019110401002658,NLIC,34,57,10,800.00,"8,000.00"
2019-11-04,2019110401003010,NLICL,10,6,50,422.00,"21,100.00"
2019-11-04,2019110401003009,NLICL,46,6,100,422.00,"42,200.00"
2019-11-04,2019110401003008,NLICL,53,6,200,423.00,"84,600.00"
2019-11-04,2019110401002830,NLICL,41,42,48,425.00,"20,400.00"
2019-11-04,2019110401002620,NMBHF1,21,34,"4,161",8.51,"35,410.11"
2019-11-04,2019110401002780,NMBMF,41,46,11,510.00,"5,610.00"
2019-11-04,2019110401002612,NTC,59,22,10,627.00,"6,270.00"
2019-11-04,2019110401002605,NTC,21,59,190,620.00,"117,800.00"
2019-11-04,2019110401002604,NTC,58,59,100,620.00,"62,000.00"
2019-11-04,2019110401002603,NTC,45,59,10,620.00,"6,200.00"
2019-11-04,2019110401003011,NUBL,54,49,12,883.00,"10,596.00"
2019-11-04,2019110401002675,NUBL,17,47,280,880.00,"246,400.00"
2019-11-04,2019110401002932,PCBL,22,42,46,261.00,"12,006.00"
2019-11-04,2019110401002931,PCBL,45,42,54,261.00,"14,094.00"
2019-11-04,2019110401002913,PCBL,45,28,46,261.00,"12,006.00"
2019-11-04,2019110401002912,PCBL,26,28,14,261.00,"3,654.00"
2019-11-04,2019110401002911,PCBL,17,28,10,262.00,"2,620.00"
2019-11-04,2019110401002752,PCBL,48,53,46,262.00,"12,052.00"
2019-11-04,2019110401002682,PCBL,4,46,50,262.00,"13,100.00"
2019-11-04,2019110401002638,PCBL,4,46,11,262.00,"2,882.00"
2019-11-04,2019110401002751,PCBL,20,53,200,262.00,"52,400.00"
2019-11-04,2019110401002750,PCBL,26,53,355,262.00,"93,010.00"
2019-11-04,2019110401002749,PCBL,13,53,500,262.00,"131,000.00"
2019-11-04,2019110401002748,PCBL,22,53,100,262.00,"26,200.00"
2019-11-04,2019110401002747,PCBL,4,53,374,262.00,"97,988.00"
2019-11-04,2019110401002703,PCBL,16,57,50,263.00,"13,150.00"
2019-11-04,2019110401002881,PIC,57,34,11,358.00,"3,938.00"
2019-11-04,2019110401002630,PLIC,49,42,109,308.00,"33,572.00"
2019-11-04,2019110401003048,PMHPL,54,34,10,84.00,840.00
2019-11-04,2019110401002849,PMHPL,54,34,10,84.00,840.00
2019-11-04,2019110401002677,PMHPL,59,34,10,85.00,850.00
2019-11-04,2019110401002845,PPCL,45,20,10,96.00,960.00
2019-11-04,2019110401002744,PPCL,45,20,10,96.00,960.00
2019-11-04,2019110401002968,PRVU,6,57,650,268.00,"174,200.00"
2019-11-04,2019110401002967,PRVU,6,44,350,268.00,"93,800.00"
2019-11-04,2019110401002947,PRVU,45,46,21,267.00,"5,607.00"
2019-11-04,2019110401002942,PRVU,43,44,300,268.00,"80,400.00"
2019-11-04,2019110401002929,PRVU,36,44,200,268.00,"53,600.00"
2019-11-04,2019110401002786,PRVU,47,44,500,268.00,"134,000.00"
2019-11-04,2019110401002625,PRVU,52,44,200,268.00,"53,600.00"
2019-11-04,2019110401002864,RADHI,13,34,11,133.00,"1,463.00"
2019-11-04,2019110401002974,RHPC,41,58,165,76.00,"12,540.00"
2019-11-04,2019110401003084,RHPL,58,37,40,171.00,"6,840.00"
2019-11-04,2019110401003071,RHPL,58,39,250,172.00,"43,000.00"
2019-11-04,2019110401003069,RHPL,58,21,600,172.00,"103,200.00"
2019-11-04,2019110401003068,RHPL,58,49,40,172.00,"6,880.00"
2019-11-04,2019110401003067,RHPL,58,14,30,172.00,"5,160.00"
2019-11-04,2019110401003066,RHPL,58,56,50,172.00,"8,600.00"
2019-11-04,2019110401002692,RHPL,59,34,40,169.00,"6,760.00"
2019-11-04,2019110401002653,RHPL,26,37,40,170.00,"6,800.00"
2019-11-04,2019110401002768,RHPL,16,43,30,170.00,"5,100.00"
2019-11-04,2019110401002767,RHPL,16,6,30,170.00,"5,100.00"
2019-11-04,2019110401002766,RHPL,16,8,40,170.00,"6,800.00"
2019-11-04,2019110401002765,RHPL,16,37,50,170.00,"8,500.00"
2019-11-04,2019110401002756,RHPL,59,20,40,169.00,"6,760.00"
2019-11-04,2019110401002729,RHPL,59,37,40,169.00,"6,760.00"
2019-11-04,2019110401002774,RHPL,16,42,50,170.00,"8,500.00"
2019-11-04,2019110401002773,RHPL,16,42,40,170.00,"6,800.00"
2019-11-04,2019110401002772,RHPL,16,42,40,170.00,"6,800.00"
2019-11-04,2019110401002771,RHPL,16,42,40,170.00,"6,800.00"
2019-11-04,2019110401002770,RHPL,16,42,40,170.00,"6,800.00"
2019-11-04,2019110401002769,RHPL,16,42,40,170.00,"6,800.00"
2019-11-04,2019110401002785,RHPL,59,37,40,169.00,"6,760.00"
2019-11-04,2019110401002779,RHPL,16,26,40,170.00,"6,800.00"
2019-11-04,2019110401002778,RHPL,16,42,40,170.00,"6,800.00"
2019-11-04,2019110401002777,RHPL,16,42,40,170.00,"6,800.00"
2019-11-04,2019110401002776,RHPL,16,42,40,170.00,"6,800.00"
2019-11-04,2019110401002775,RHPL,16,42,40,170.00,"6,800.00"
2019-11-04,2019110401002809,RHPL,6,37,30,169.00,"5,070.00"
2019-11-04,2019110401002801,RHPL,6,38,20,169.00,"3,380.00"
2019-11-04,2019110401002800,RHPL,59,38,20,169.00,"3,380.00"
2019-11-04,2019110401002799,RHPL,59,40,20,169.00,"3,380.00"
2019-11-04,2019110401002793,RHPL,59,32,40,169.00,"6,760.00"
2019-11-04,2019110401002787,RHPL,59,32,50,169.00,"8,450.00"
2019-11-04,2019110401002826,RHPL,40,37,40,169.00,"6,760.00"
2019-11-04,2019110401002825,RHPL,40,38,40,169.00,"6,760.00"
2019-11-04,2019110401002823,RHPL,40,40,20,169.00,"3,380.00"
2019-11-04,2019110401002818,RHPL,40,38,40,169.00,"6,760.00"
2019-11-04,2019110401002813,RHPL,40,38,40,169.00,"6,760.00"
2019-11-04,2019110401002810,RHPL,40,37,10,169.00,"1,690.00"
2019-11-04,2019110401002844,RHPL,16,38,40,169.00,"6,760.00"
2019-11-04,2019110401002840,RHPL,16,37,40,169.00,"6,760.00"
2019-11-04,2019110401002839,RHPL,16,38,40,169.00,"6,760.00"
2019-11-04,2019110401002837,RHPL,16,38,15,169.00,"2,535.00"
2019-11-04,2019110401002836,RHPL,40,38,25,169.00,"4,225.00"
2019-11-04,2019110401002828,RHPL,40,38,40,169.00,"6,760.00"
2019-11-04,2019110401002876,RHPL,16,38,40,169.00,"6,760.00"
2019-11-04,2019110401002863,RHPL,16,38,40,169.00,"6,760.00"
2019-11-04,2019110401002857,RHPL,16,38,40,169.00,"6,760.00"
2019-11-04,2019110401002855,RHPL,26,26,40,170.00,"6,800.00"
2019-11-04,2019110401002854,RHPL,16,20,40,169.00,"6,760.00"
2019-11-04,2019110401002853,RHPL,16,38,50,169.00,"8,450.00"
2019-11-04,2019110401002916,RHPL,45,38,50,169.00,"8,450.00"
2019-11-04,2019110401002894,RHPL,45,37,40,169.00,"6,760.00"
2019-11-04,2019110401002892,RHPL,45,38,40,169.00,"6,760.00"
2019-11-04,2019110401002886,RHPL,16,40,15,169.00,"2,535.00"
2019-11-04,2019110401002882,RHPL,16,38,10,169.00,"1,690.00"
2019-11-04,2019110401002878,RHPL,16,34,30,169.00,"5,070.00"
2019-11-04,2019110401002945,RHPL,54,38,50,170.00,"8,500.00"
2019-11-04,2019110401002941,RHPL,54,38,40,170.00,"6,800.00"
2019-11-04,2019110401002936,RHPL,54,37,40,170.00,"6,800.00"
2019-11-04,2019110401002933,RHPL,54,38,40,170.00,"6,800.00"
2019-11-04,2019110401002930,RHPL,54,38,50,170.00,"8,500.00"
2019-11-04,2019110401002922,RHPL,45,38,40,169.00,"6,760.00"
2019-11-04,2019110401002982,RHPL,54,34,30,170.00,"5,100.00"
2019-11-04,2019110401002977,RHPL,54,37,40,170.00,"6,800.00"
2019-11-04,2019110401002969,RHPL,54,37,40,170.00,"6,800.00"
2019-11-04,2019110401002953,RHPL,54,38,40,170.00,"6,800.00"
2019-11-04,2019110401002949,RHPL,54,38,40,170.00,"6,800.00"
2019-11-04,2019110401002948,RHPL,54,37,40,170.00,"6,800.00"
2019-11-04,2019110401003053,RHPL,58,42,40,171.00,"6,840.00"
2019-11-04,2019110401003052,RHPL,54,34,40,170.00,"6,800.00"
2019-11-04,2019110401003051,RHPL,54,37,40,170.00,"6,800.00"
2019-11-04,2019110401003040,RHPL,54,37,40,170.00,"6,800.00"
2019-11-04,2019110401003019,RHPL,54,37,40,170.00,"6,800.00"
2019-11-04,2019110401002995,RHPL,54,37,40,170.00,"6,800.00"
2019-11-04,2019110401003059,RHPL,58,25,40,172.00,"6,880.00"
2019-11-04,2019110401003058,RHPL,58,25,40,172.00,"6,880.00"
2019-11-04,2019110401003057,RHPL,58,42,40,171.00,"6,840.00"
2019-11-04,2019110401003056,RHPL,58,47,40,171.00,"6,840.00"
2019-11-04,2019110401003055,RHPL,58,52,30,171.00,"5,130.00"
2019-11-04,2019110401003054,RHPL,58,52,20,171.00,"3,420.00"
2019-11-04,2019110401003065,RHPL,58,45,40,172.00,"6,880.00"
2019-11-04,2019110401003064,RHPL,58,29,40,172.00,"6,880.00"
2019-11-04,2019110401003063,RHPL,58,29,40,172.00,"6,880.00"
2019-11-04,2019110401003062,RHPL,58,52,50,172.00,"8,600.00"
2019-11-04,2019110401003061,RHPL,58,55,20,172.00,"3,440.00"
2019-11-04,2019110401003060,RHPL,58,25,40,172.00,"6,880.00"
2019-11-04,2019110401002871,RMDC,39,45,100,615.00,"61,500.00"
2019-11-04,2019110401002822,RMDC,38,42,47,611.00,"28,717.00"
2019-11-04,2019110401002701,RRHP,22,34,10,100.00,"1,000.00"
2019-11-04,2019110401003033,RSDC,28,33,100,331.00,"33,100.00"
2019-11-04,2019110401003032,RSDC,28,36,100,330.00,"33,000.00"
2019-11-04,2019110401002700,RSDC,28,57,23,331.00,"7,613.00"
2019-11-04,2019110401002699,RSDC,28,33,10,331.00,"3,310.00"
2019-11-04,2019110401002698,RSDC,28,19,100,330.00,"33,000.00"
2019-11-04,2019110401002697,RSDC,28,19,62,328.00,"20,336.00"
2019-11-04,2019110401002928,SABSL,36,40,10,454.00,"4,540.00"
2019-11-04,2019110401002877,SABSL,42,32,10,453.00,"4,530.00"
2019-11-04,2019110401002866,SABSL,42,10,265,453.00,"120,045.00"
2019-11-04,2019110401002781,SABSL,42,40,10,453.00,"4,530.00"
2019-11-04,2019110401002731,SABSL,42,40,10,453.00,"4,530.00"
2019-11-04,2019110401002719,SABSL,42,40,10,453.00,"4,530.00"
2019-11-04,2019110401002708,SABSL,42,34,10,453.00,"4,530.00"
2019-11-04,2019110401002707,SABSL,42,40,10,453.00,"4,530.00"
2019-11-04,2019110401002669,SABSL,32,10,35,454.00,"15,890.00"
2019-11-04,2019110401002657,SABSL,26,42,10,455.00,"4,550.00"
2019-11-04,2019110401002654,SABSL,32,46,10,454.00,"4,540.00"
2019-11-04,2019110401002975,SANIMA,52,14,50,305.00,"15,250.00"
2019-11-04,2019110401002797,SANIMA,52,19,134,305.00,"40,870.00"
2019-11-04,2019110401002796,SANIMA,26,19,100,305.00,"30,500.00"
2019-11-04,2019110401002795,SANIMA,45,19,100,305.00,"30,500.00"
2019-11-04,2019110401002794,SANIMA,48,19,50,305.00,"15,250.00"
2019-11-04,2019110401003073,SAPDBL,55,34,63,120.00,"7,560.00"
2019-11-04,2019110401003006,SAPDBL,55,34,63,120.00,"7,560.00"
2019-11-04,2019110401002880,SBL,36,22,200,292.00,"58,400.00"
2019-11-04,2019110401002689,SBL,25,22,150,292.00,"43,800.00"
2019-11-04,2019110401002688,SBL,55,22,129,292.00,"37,668.00"
2019-11-04,2019110401002681,SBL,55,6,371,292.00,"108,332.00"
2019-11-04,2019110401002680,SBL,26,6,500,292.00,"146,000.00"
2019-11-04,2019110401002679,SBL,13,6,129,292.00,"37,668.00"
2019-11-04,2019110401003076,SCB,44,41,10,555.00,"5,550.00"
2019-11-04,2019110401002832,SCB,44,42,284,555.00,"157,620.00"
2019-11-04,2019110401002831,SCB,44,42,159,555.00,"88,245.00"
2019-11-04,2019110401002724,SCB,44,25,41,555.00,"22,755.00"
2019-11-04,2019110401002723,SCB,44,25,120,555.00,"66,600.00"
2019-11-04,2019110401002716,SCB,44,57,80,555.00,"44,400.00"
2019-11-04,2019110401002789,SDESI,25,43,10,630.00,"6,300.00"
2019-11-04,2019110401002788,SDESI,25,43,10,628.00,"6,280.00"
2019-11-04,2019110401002757,SDESI,43,48,12,625.00,"7,500.00"
2019-11-04,2019110401002711,SDESI,45,43,90,628.00,"56,520.00"
2019-11-04,2019110401002710,SDESI,45,55,50,628.00,"31,400.00"
2019-11-04,2019110401002709,SDESI,45,44,280,627.00,"175,560.00"
2019-11-04,2019110401002997,SFFIL,55,21,30,189.00,"5,670.00"
2019-11-04,2019110401002662,SFFIL,55,28,50,192.00,"9,600.00"
2019-11-04,2019110401002790,SHINE,41,40,10,255.00,"2,550.00"
2019-11-04,2019110401003045,SHPC,19,38,390,194.00,"75,660.00"
2019-11-04,2019110401002738,SHPC,34,38,10,194.00,"1,940.00"
2019-11-04,2019110401002958,SIC,6,35,100,455.00,"45,500.00"
2019-11-04,2019110401002957,SIC,6,45,100,453.00,"45,300.00"
2019-11-04,2019110401002705,SICL,6,6,28,727.00,"20,356.00"
2019-11-04,2019110401002704,SICL,19,6,20,729.00,"14,580.00"
2019-11-04,2019110401002691,SICL,45,6,110,731.00,"80,410.00"
2019-11-04,2019110401002690,SICL,42,6,70,731.00,"51,170.00"
2019-11-04,2019110401003097,SJCL,58,42,20,168.00,"3,360.00"
2019-11-04,2019110401003088,SJCL,58,37,20,168.00,"3,360.00"
2019-11-04,2019110401003082,SJCL,58,34,20,168.00,"3,360.00"
2019-11-04,2019110401003081,SJCL,58,25,20,169.00,"3,380.00"
2019-11-04,2019110401003080,SJCL,58,14,20,169.00,"3,380.00"
2019-11-04,2019110401003079,SJCL,58,45,20,169.00,"3,380.00"
2019-11-04,2019110401002655,SJCL,26,57,20,168.00,"3,360.00"
2019-11-04,2019110401002811,SJCL,29,40,20,167.00,"3,340.00"
2019-11-04,2019110401002808,SJCL,29,32,20,167.00,"3,340.00"
2019-11-04,2019110401002792,SJCL,29,37,20,167.00,"3,340.00"
2019-11-04,2019110401002761,SJCL,29,20,20,167.00,"3,340.00"
2019-11-04,2019110401002735,SJCL,29,37,20,167.00,"3,340.00"
2019-11-04,2019110401002715,SJCL,29,34,20,167.00,"3,340.00"
2019-11-04,2019110401002851,SJCL,29,37,20,167.00,"3,340.00"
2019-11-04,2019110401002847,SJCL,29,26,20,167.00,"3,340.00"
2019-11-04,2019110401002835,SJCL,29,40,20,167.00,"3,340.00"
2019-11-04,2019110401002834,SJCL,29,37,20,167.00,"3,340.00"
2019-11-04,2019110401002817,SJCL,29,37,20,167.00,"3,340.00"
2019-11-04,2019110401002814,SJCL,29,32,20,167.00,"3,340.00"
2019-11-04,2019110401002891,SJCL,58,46,10,168.00,"1,680.00"
2019-11-04,2019110401002888,SJCL,58,34,20,168.00,"3,360.00"
2019-11-04,2019110401002885,SJCL,58,26,20,168.00,"3,360.00"
2019-11-04,2019110401002884,SJCL,58,43,20,168.00,"3,360.00"
2019-11-04,2019110401002862,SJCL,29,20,20,167.00,"3,340.00"
2019-11-04,2019110401002861,SJCL,26,43,20,168.00,"3,360.00"
2019-11-04,2019110401002972,SJCL,58,37,10,168.00,"1,680.00"
2019-11-04,2019110401002952,SJCL,58,37,10,168.00,"1,680.00"
2019-11-04,2019110401002943,SJCL,58,37,20,168.00,"3,360.00"
2019-11-04,2019110401002921,SJCL,58,40,20,168.00,"3,360.00"
2019-11-04,2019110401002920,SJCL,58,37,20,168.00,"3,360.00"
2019-11-04,2019110401003020,SJCL,58,34,20,168.00,"3,360.00"
2019-11-04,2019110401003007,SJCL,58,42,10,168.00,"1,680.00"
2019-11-04,2019110401003003,SJCL,58,37,20,168.00,"3,360.00"
2019-11-04,2019110401002994,SJCL,58,51,20,168.00,"3,360.00"
2019-11-04,2019110401002980,SJCL,29,37,20,167.00,"3,340.00"
2019-11-04,2019110401002978,SJCL,58,51,850,168.00,"142,800.00"
2019-11-04,2019110401003029,SJCL,32,55,10,169.00,"1,690.00"
2019-11-04,2019110401003028,SJCL,32,25,20,169.00,"3,380.00"
2019-11-04,2019110401003027,SJCL,32,25,20,169.00,"3,380.00"
2019-11-04,2019110401003026,SJCL,32,47,20,169.00,"3,380.00"
2019-11-04,2019110401003025,SJCL,58,42,20,168.00,"3,360.00"
2019-11-04,2019110401003024,SJCL,58,37,20,168.00,"3,360.00"
2019-11-04,2019110401003078,SJCL,58,47,20,169.00,"3,380.00"
2019-11-04,2019110401003070,SJCL,58,37,20,168.00,"3,360.00"
2019-11-04,2019110401003046,SJCL,58,37,20,168.00,"3,360.00"
2019-11-04,2019110401003044,SJCL,58,42,20,168.00,"3,360.00"
2019-11-04,2019110401003031,SJCL,32,54,20,169.00,"3,380.00"
2019-11-04,2019110401003030,SJCL,32,52,205,169.00,"34,645.00"
2019-11-04,2019110401002671,SKBBL,21,55,25,925.00,"23,125.00"
2019-11-04,2019110401002670,SKBBL,21,50,10,925.00,"9,250.00"
2019-11-04,2019110401002865,SLBBL,37,32,100,558.00,"55,800.00"
2019-11-04,2019110401002599,SLBBL,17,32,100,558.00,"55,800.00"
2019-11-04,2019110401002965,SLBBL,36,43,100,559.00,"55,900.00"
2019-11-04,2019110401002859,SLBSL,19,7,10,726.00,"7,260.00"
2019-11-04,2019110401002858,SLBSL,19,37,15,725.00,"10,875.00"
2019-11-04,2019110401002725,SLBSL,19,34,10,721.00,"7,210.00"
2019-11-04,2019110401002714,SLBSL,19,52,30,725.00,"21,750.00"
2019-11-04,2019110401002601,SLBSL,36,52,25,725.00,"18,125.00"
2019-11-04,2019110401002686,SLICL,49,42,95,259.00,"24,605.00"
2019-11-04,2019110401002879,SPARS,56,16,10,520.00,"5,200.00"
2019-11-04,2019110401002730,SPARS,45,34,10,519.00,"5,190.00"
2019-11-04,2019110401002678,SPARS,45,42,10,519.00,"5,190.00"
2019-11-04,2019110401003049,SRBL,18,49,100,209.00,"20,900.00"
2019-11-04,2019110401002919,SRBL,39,17,188,209.00,"39,292.00"
2019-11-04,2019110401002918,SRBL,39,38,907,209.00,"189,563.00"
2019-11-04,2019110401002696,SRBL,21,38,100,209.00,"20,900.00"
2019-11-04,2019110401002608,UIC,6,58,200,249.00,"49,800.00"
2019-11-04,2019110401003043,UNHPL,17,21,50,56.00,"2,800.00"
2019-11-04,2019110401003098,UPPER,25,52,20,236.00,"4,720.00"
2019-11-04,2019110401003087,UPPER,54,34,50,235.00,"11,750.00"
2019-11-04,2019110401003077,UPPER,54,20,10,235.00,"2,350.00"
2019-11-04,2019110401003034,UPPER,54,34,50,235.00,"11,750.00"
2019-11-04,2019110401002970,UPPER,25,52,19,236.00,"4,484.00"
2019-11-04,2019110401002966,UPPER,54,37,50,235.00,"11,750.00"
2019-11-04,2019110401002848,UPPER,41,19,50,234.00,"11,700.00"
2019-11-04,2019110401002745,UPPER,41,34,40,234.00,"9,360.00"
2019-11-04,2019110401002917,UPPER,54,34,50,235.00,"11,750.00"
2019-11-04,2019110401002872,UPPER,41,19,50,234.00,"11,700.00"
2019-11-04,2019110401002869,UPPER,42,36,200,235.00,"47,000.00"
2019-11-04,2019110401002868,UPPER,42,34,150,235.00,"35,250.00"
2019-11-04,2019110401002867,UPPER,42,29,243,235.00,"57,105.00"
2019-11-04,2019110401002272,ADBL,36,47,54,412.00,"22,248.00"
2019-11-04,2019110401002266,ADBL,39,47,"1,000",412.00,"412,000.00"
2019-11-04,2019110401002265,ADBL,42,47,100,412.00,"41,200.00"
2019-11-04,2019110401002264,ADBL,5,47,224,412.00,"92,288.00"
2019-11-04,2019110401002227,ADBL,5,36,54,412.00,"22,248.00"
2019-11-04,2019110401002433,AHPC,11,26,48,95.00,"4,560.00"
2019-11-04,2019110401002432,AHPC,37,26,452,95.00,"42,940.00"
2019-11-04,2019110401002418,AHPC,37,26,548,95.00,"52,060.00"
2019-11-04,2019110401002536,AKBSL,43,7,10,409.00,"4,090.00"
2019-11-04,2019110401002526,AKBSL,43,7,10,409.00,"4,090.00"
2019-11-04,2019110401002408,AKBSL,43,13,10,409.00,"4,090.00"
2019-11-04,2019110401002449,AKPL,25,59,20,130.00,"2,600.00"
2019-11-04,2019110401002219,AKPL,25,57,193,129.00,"24,897.00"
2019-11-04,2019110401002218,AKPL,25,38,130,129.00,"16,770.00"
2019-11-04,2019110401002217,AKPL,25,44,13,129.00,"1,677.00"
2019-11-04,2019110401002216,AKPL,25,44,13,129.00,"1,677.00"
2019-11-04,2019110401002215,AKPL,25,44,13,129.00,"1,677.00"
2019-11-04,2019110401002518,ALBSL,51,32,50,387.00,"19,350.00"
2019-11-04,2019110401002517,ALBSL,51,53,10,386.00,"3,860.00"
2019-11-04,2019110401002195,ALBSL,56,19,10,385.00,"3,850.00"
2019-11-04,2019110401002394,ALICL,5,45,90,312.00,"28,080.00"
2019-11-04,2019110401002282,API,41,42,34,108.00,"3,672.00"
2019-11-04,2019110401002281,API,59,42,100,108.00,"10,800.00"
2019-11-04,2019110401002280,API,57,42,200,108.00,"21,600.00"
2019-11-04,2019110401002279,API,41,42,66,108.00,"7,128.00"
2019-11-04,2019110401002189,API,41,25,59,108.00,"6,372.00"
2019-11-04,2019110401002188,API,46,25,300,108.00,"32,400.00"
2019-11-04,2019110401002187,API,38,25,"4,000",108.00,"432,000.00"
2019-11-04,2019110401002186,API,1,25,"1,500",108.00,"162,000.00"
2019-11-04,2019110401002185,API,51,25,71,108.00,"7,668.00"
2019-11-04,2019110401002184,API,34,25,70,109.00,"7,630.00"
2019-11-04,2019110401002493,BOKL,17,14,53,225.00,"11,925.00"
2019-11-04,2019110401002492,BOKL,17,14,547,225.00,"123,075.00"
2019-11-04,2019110401002504,BPCL,20,6,74,364.00,"26,936.00"
2019-11-04,2019110401002503,BPCL,20,29,22,363.00,"7,986.00"
2019-11-04,2019110401002502,BPCL,20,29,22,363.00,"7,986.00"
2019-11-04,2019110401002501,BPCL,20,29,22,363.00,"7,986.00"
2019-11-04,2019110401002500,BPCL,20,29,22,363.00,"7,986.00"
2019-11-04,2019110401002499,BPCL,20,50,50,363.00,"18,150.00"
2019-11-04,2019110401002321,BPCL,11,20,22,362.00,"7,964.00"
2019-11-04,2019110401002498,BPCL,20,29,22,363.00,"7,986.00"
2019-11-04,2019110401002497,BPCL,20,29,22,363.00,"7,986.00"
2019-11-04,2019110401002496,BPCL,20,29,22,363.00,"7,986.00"
2019-11-04,2019110401002495,BPCL,20,29,22,363.00,"7,986.00"
2019-11-04,2019110401002443,BPCL,45,21,100,362.00,"36,200.00"
2019-11-04,2019110401002441,BPCL,7,13,11,361.00,"3,971.00"
2019-11-04,2019110401002315,CBBL,45,17,142,970.00,"137,740.00"
2019-11-04,2019110401002314,CBBL,45,55,219,970.00,"212,430.00"
2019-11-04,2019110401002313,CBBL,45,33,180,970.00,"174,600.00"
2019-11-04,2019110401002584,CBL,17,7,40,141.00,"5,640.00"
2019-11-04,2019110401002154,CBL,17,57,244,141.00,"34,404.00"
2019-11-04,2019110401002564,CCBL,49,46,12,155.00,"1,860.00"
2019-11-04,2019110401002271,CCBL,49,42,132,155.00,"20,460.00"
2019-11-04,2019110401002270,CCBL,49,42,96,155.00,"14,880.00"
2019-11-04,2019110401002256,CCBL,49,5,628,155.00,"97,340.00"
2019-11-04,2019110401002245,CCBL,49,5,29,155.00,"4,495.00"
2019-11-04,2019110401002197,CCBL,49,14,102,155.00,"15,810.00"
2019-11-04,2019110401002165,CCBL,49,57,121,155.00,"18,755.00"
2019-11-04,2019110401002558,CHCL,48,38,150,452.00,"67,800.00"
2019-11-04,2019110401002554,CHCL,25,44,31,455.00,"14,105.00"
2019-11-04,2019110401002553,CHCL,25,10,19,453.00,"8,607.00"
2019-11-04,2019110401002529,CHCL,48,42,50,452.00,"22,600.00"
2019-11-04,2019110401002525,CHCL,48,34,33,452.00,"14,916.00"
2019-11-04,2019110401002524,CHCL,1,34,104,452.00,"47,008.00"
2019-11-04,2019110401002149,CHCL,44,41,35,444.00,"15,540.00"
2019-11-04,2019110401002142,CHCL,37,34,150,444.00,"66,600.00"
2019-11-04,2019110401002141,CHCL,37,55,45,444.00,"19,980.00"
2019-11-04,2019110401002104,CHCL,42,55,100,444.00,"44,400.00"
2019-11-04,2019110401002196,CHCL,49,55,200,445.00,"89,000.00"
2019-11-04,2019110401002191,CHCL,45,44,43,444.00,"19,092.00"
2019-11-04,2019110401002181,CHCL,21,55,15,445.00,"6,675.00"
2019-11-04,2019110401002180,CHCL,45,57,198,444.00,"87,912.00"
2019-11-04,2019110401002179,CHCL,45,41,165,444.00,"73,260.00"
2019-11-04,2019110401002178,CHCL,28,44,30,443.00,"13,290.00"
2019-11-04,2019110401002212,CHCL,25,36,15,448.00,"6,720.00"
2019-11-04,2019110401002211,CHCL,25,52,50,446.00,"22,300.00"
2019-11-04,2019110401002210,CHCL,25,22,250,446.00,"111,500.00"
2019-11-04,2019110401002209,CHCL,25,34,85,446.00,"37,910.00"
2019-11-04,2019110401002200,CHCL,21,34,15,446.00,"6,690.00"
2019-11-04,2019110401002199,CHCL,49,44,43,445.00,"19,135.00"
2019-11-04,2019110401002383,CHCL,25,26,165,449.00,"74,085.00"
2019-11-04,2019110401002382,CHCL,25,54,44,449.00,"19,756.00"
2019-11-04,2019110401002374,CHCL,46,54,50,449.00,"22,450.00"
2019-11-04,2019110401002354,CHCL,34,54,38,449.00,"17,062.00"
2019-11-04,2019110401002343,CHCL,42,54,50,449.00,"22,450.00"
2019-11-04,2019110401002261,CHCL,49,36,485,448.00,"217,280.00"
2019-11-04,2019110401002410,CHCL,48,32,221,449.00,"99,229.00"
2019-11-04,2019110401002403,CHCL,48,35,70,449.00,"31,430.00"
2019-11-04,2019110401002402,CHCL,48,28,209,449.00,"93,841.00"
2019-11-04,2019110401002396,CHCL,41,28,200,449.00,"89,800.00"
2019-11-04,2019110401002388,CHCL,22,28,50,449.00,"22,450.00"
2019-11-04,2019110401002384,CHCL,25,28,41,449.00,"18,409.00"
2019-11-04,2019110401002523,CHCL,1,29,96,452.00,"43,392.00"
2019-11-04,2019110401002494,CHCL,26,29,200,452.00,"90,400.00"
2019-11-04,2019110401002469,CHCL,25,29,50,452.00,"22,600.00"
2019-11-04,2019110401002450,CHCL,16,21,50,450.00,"22,500.00"
2019-11-04,2019110401002435,CHCL,25,21,50,450.00,"22,500.00"
2019-11-04,2019110401002411,CHCL,50,32,154,449.00,"69,146.00"
2019-11-04,2019110401002572,CLBSL,36,46,11,441.00,"4,851.00"
2019-11-04,2019110401002284,CLBSL,6,36,11,440.00,"4,840.00"
2019-11-04,2019110401002479,CZBIL,43,28,100,191.00,"19,100.00"
2019-11-04,2019110401002478,CZBIL,43,34,200,191.00,"38,200.00"
2019-11-04,2019110401002290,CZBIL,46,20,98,190.00,"18,620.00"
2019-11-04,2019110401002220,CZBIL,46,57,18,190.00,"3,420.00"
2019-11-04,2019110401002140,CZBIL,42,34,300,191.00,"57,300.00"
2019-11-04,2019110401002514,DBBL,17,34,"2,000",124.00,"248,000.00"
2019-11-04,2019110401002416,DBBL,42,58,50,125.00,"6,250.00"
2019-11-04,2019110401002289,DBBL,26,42,200,123.00,"24,600.00"
2019-11-04,2019110401002192,DBBL,38,7,"1,000",124.00,"124,000.00"
2019-11-04,2019110401002285,DDBL,53,17,72,715.00,"51,480.00"
2019-11-04,2019110401002557,EBL,58,38,10,559.00,"5,590.00"
2019-11-04,2019110401002530,EBL,56,39,100,556.00,"55,600.00"
2019-11-04,2019110401002506,EBL,58,38,10,559.00,"5,590.00"
2019-11-04,2019110401002489,EBL,47,6,164,555.00,"91,020.00"
2019-11-04,2019110401002447,EIC,3,57,204,225.00,"45,900.00"
2019-11-04,2019110401002446,EIC,3,50,300,225.00,"67,500.00"
2019-11-04,2019110401002131,FMDBL,11,14,50,308.00,"15,400.00"
2019-11-04,2019110401002130,FMDBL,32,14,200,308.00,"61,600.00"
2019-11-04,2019110401002129,FMDBL,37,14,50,308.00,"15,400.00"
2019-11-04,2019110401002306,FOWAD,45,22,200,"1,280.00","256,000.00"
2019-11-04,2019110401002579,GBBL,38,26,387,222.00,"85,914.00"
2019-11-04,2019110401002468,GBBL,28,20,42,221.00,"9,282.00"
2019-11-04,2019110401002170,GBBL,28,25,58,221.00,"12,818.00"
2019-11-04,2019110401002552,GBLBS,8,42,400,307.00,"122,800.00"
2019-11-04,2019110401002551,GBLBS,18,42,100,308.00,"30,800.00"
2019-11-04,2019110401002378,GLBSL,25,42,10,416.00,"4,160.00"
2019-11-04,2019110401002582,GLICL,17,46,11,347.00,"3,817.00"
2019-11-04,2019110401002534,GMFBS,33,34,10,457.00,"4,570.00"
2019-11-04,2019110401002505,GMFBS,33,47,20,457.00,"9,140.00"
2019-11-04,2019110401002224,GMFBS,33,57,10,457.00,"4,570.00"
2019-11-04,2019110401002122,GMFBS,33,8,10,457.00,"4,570.00"
2019-11-04,2019110401002101,GMFIL,1,16,262,115.00,"30,130.00"
2019-11-04,2019110401002206,GRDBL,41,59,500,103.00,"51,500.00"
