Date,Transact. No.,Symbol,Buyer,Seller,Quantity,Rate,Amount
2020-07-21,2020072101026603,ADBL,14,45,300,431.00,"129,300.00"
2020-07-21,2020072101026602,ADBL,14,25,210,430.00,"90,300.00"
2020-07-21,2020072101026601,ADBL,14,21,210,430.00,"90,300.00"
2020-07-21,2020072101026600,ADBL,14,51,300,429.00,"128,700.00"
2020-07-21,2020072101026523,ADBL,45,14,170,428.00,"72,760.00"
2020-07-21,2020072101026463,ADBL,45,52,30,428.00,"12,840.00"
2020-07-21,2020072101026346,ADBL,26,58,138,429.00,"59,202.00"
2020-07-21,2020072101026252,ADBL,57,58,37,429.00,"15,873.00"
2020-07-21,2020072101026250,ADBL,14,14,424,427.00,"181,048.00"
2020-07-21,2020072101026249,ADBL,14,14,76,428.00,"32,528.00"
2020-07-21,2020072101026462,ADBL,54,14,150,428.00,"64,200.00"
2020-07-21,2020072101026461,ADBL,25,14,61,428.00,"26,108.00"
2020-07-21,2020072101026460,ADBL,21,14,50,428.00,"21,400.00"
2020-07-21,2020072101026459,ADBL,47,14,100,428.00,"42,800.00"
2020-07-21,2020072101026458,ADBL,21,14,50,428.00,"21,400.00"
2020-07-21,2020072101026418,ALICL,33,57,118,628.00,"74,104.00"
2020-07-21,2020072101026330,ALICL,16,57,200,628.00,"125,600.00"
2020-07-21,2020072101026329,ALICL,8,57,100,628.00,"62,800.00"
2020-07-21,2020072101026328,ALICL,57,57,162,628.00,"101,736.00"
2020-07-21,2020072101026268,API,48,1,200,112.00,"22,400.00"
2020-07-21,2020072101026189,BARUN,42,7,20,85.00,"1,700.00"
2020-07-21,2020072101026427,BOKL,34,47,298,237.00,"70,626.00"
2020-07-21,2020072101026426,BOKL,49,47,32,237.00,"7,584.00"
2020-07-21,2020072101026224,BOKL,49,14,56,237.00,"13,272.00"
2020-07-21,2020072101026191,BOKL,49,13,12,237.00,"2,844.00"
2020-07-21,2020072101026519,BPCL,51,25,119,364.00,"43,316.00"
2020-07-21,2020072101026518,BPCL,37,25,411,364.00,"149,604.00"
2020-07-21,2020072101026486,BPCL,37,17,89,364.00,"32,396.00"
2020-07-21,2020072101026485,BPCL,46,17,205,364.00,"74,620.00"
2020-07-21,2020072101026484,BPCL,46,41,165,364.00,"60,060.00"
2020-07-21,2020072101026434,BPCL,46,21,100,364.00,"36,400.00"
2020-07-21,2020072101026410,BPCL,46,40,30,364.00,"10,920.00"
2020-07-21,2020072101026409,BPCL,21,40,70,364.00,"25,480.00"
2020-07-21,2020072101026376,BPCL,21,51,50,364.00,"18,200.00"
2020-07-21,2020072101026546,CBBL,55,11,200,"1,085.00","217,000.00"
2020-07-21,2020072101026589,CBL,43,49,421,146.00,"61,466.00"
2020-07-21,2020072101026550,CBL,37,32,800,145.00,"116,000.00"
2020-07-21,2020072101026474,CBL,11,49,69,146.00,"10,074.00"
2020-07-21,2020072101026157,CBL,43,49,10,147.00,"1,470.00"
2020-07-21,2020072101026217,CCBL,49,42,22,183.00,"4,026.00"
2020-07-21,2020072101026154,CCBL,49,34,40,183.00,"7,320.00"
2020-07-21,2020072101026153,CCBL,51,34,160,183.00,"29,280.00"
2020-07-21,2020072101026419,CFCL,58,34,150,124.00,"18,600.00"
2020-07-21,2020072101026595,CHCL,17,40,399,408.00,"162,792.00"
2020-07-21,2020072101026369,CHCL,54,40,220,408.00,"89,760.00"
2020-07-21,2020072101026265,CHCL,52,40,381,408.00,"155,448.00"
2020-07-21,2020072101026202,CHL,1,14,729,84.00,"61,236.00"
2020-07-21,2020072101026201,CHL,1,21,14,83.00,"1,162.00"
2020-07-21,2020072101026267,CIT,58,44,46,"2,562.00","117,852.00"
2020-07-21,2020072101026266,CIT,3,44,50,"2,566.00","128,300.00"
2020-07-21,2020072101026331,CLBSL,19,45,20,760.00,"15,200.00"
2020-07-21,2020072101026534,CZBIL,38,25,83,205.00,"17,015.00"
2020-07-21,2020072101026399,CZBIL,46,36,100,206.00,"20,600.00"
2020-07-21,2020072101026335,CZBIL,38,45,17,205.00,"3,485.00"
2020-07-21,2020072101026172,CZBIL,32,45,10,205.00,"2,050.00"
2020-07-21,2020072101026171,CZBIL,32,26,190,205.00,"38,950.00"
2020-07-21,2020072101026500,DDBL,34,18,10,863.00,"8,630.00"
2020-07-21,2020072101026395,DDBL,36,13,100,864.00,"86,400.00"
2020-07-21,2020072101026394,DDBL,45,13,100,864.00,"86,400.00"
2020-07-21,2020072101026393,DDBL,53,13,200,864.00,"172,800.00"
2020-07-21,2020072101026392,DDBL,57,13,10,864.00,"8,640.00"
2020-07-21,2020072101026391,DDBL,50,13,110,864.00,"95,040.00"
2020-07-21,2020072101026206,DDBL,1,18,40,865.00,"34,600.00"
2020-07-21,2020072101026205,DDBL,54,18,50,865.00,"43,250.00"
2020-07-21,2020072101026627,EBL,19,42,20,767.00,"15,340.00"
2020-07-21,2020072101026575,EBL,42,42,145,767.00,"111,215.00"
2020-07-21,2020072101026481,EBL,14,42,300,767.00,"230,100.00"
2020-07-21,2020072101026445,EBL,33,42,13,766.00,"9,958.00"
2020-07-21,2020072101026444,EBL,44,42,87,767.00,"66,729.00"
2020-07-21,2020072101026443,EBL,44,5,320,767.00,"245,440.00"
2020-07-21,2020072101026241,EBL,44,17,207,767.00,"158,769.00"
2020-07-21,2020072101026473,EIC,38,7,100,413.00,"41,300.00"
2020-07-21,2020072101026472,EIC,43,7,50,413.00,"20,650.00"
2020-07-21,2020072101026155,FOWAD,26,16,8,"1,570.00","12,560.00"
2020-07-21,2020072101026580,GBBL,6,34,30,245.00,"7,350.00"
2020-07-21,2020072101026469,GBBL,13,13,188,244.00,"45,872.00"
2020-07-21,2020072101026278,GBBL,47,34,812,245.00,"198,940.00"
2020-07-21,2020072101026637,GBIME,48,48,50,271.00,"13,550.00"
2020-07-21,2020072101026571,GBIME,45,33,49,271.00,"13,279.00"
2020-07-21,2020072101026548,GBIME,8,56,100,270.00,"27,000.00"
2020-07-21,2020072101026464,GBIME,1,33,40,271.00,"10,840.00"
2020-07-21,2020072101026334,GBIME,8,18,112,270.00,"30,240.00"
2020-07-21,2020072101026179,GBIME,8,19,269,270.00,"72,630.00"
2020-07-21,2020072101026499,GBLBS,35,16,10,520.00,"5,200.00"
2020-07-21,2020072101026489,GBLBS,52,16,30,520.00,"15,600.00"
2020-07-21,2020072101026478,GBLBS,14,38,11,519.00,"5,709.00"
2020-07-21,2020072101026439,GBLBS,14,38,11,519.00,"5,709.00"
2020-07-21,2020072101026365,GBLBS,14,36,150,519.00,"77,850.00"
2020-07-21,2020072101026285,GBLBS,10,37,"1,000",520.00,"520,000.00"
2020-07-21,2020072101026284,GBLBS,10,22,105,519.00,"54,495.00"
2020-07-21,2020072101026283,GBLBS,10,1,29,517.00,"14,993.00"
2020-07-21,2020072101026269,GBLBS,42,1,50,517.00,"25,850.00"
2020-07-21,2020072101026215,GBLBS,44,1,146,517.00,"75,482.00"
2020-07-21,2020072101026158,GBLBS,49,22,130,519.00,"67,470.00"
2020-07-21,2020072101026566,GGBSL,38,59,10,900.00,"9,000.00"
2020-07-21,2020072101026190,GILB,53,48,50,"1,288.00","64,400.00"
2020-07-21,2020072101026633,GLBSL,43,45,10,829.00,"8,290.00"
2020-07-21,2020072101026630,GLBSL,35,50,10,821.00,"8,210.00"
2020-07-21,2020072101026417,GLBSL,35,45,100,821.00,"82,100.00"
2020-07-21,2020072101026332,GLICL,57,52,10,479.00,"4,790.00"
2020-07-21,2020072101026214,GLICL,57,42,15,476.00,"7,140.00"
2020-07-21,2020072101026428,GMFBS,10,39,77,817.00,"62,909.00"
2020-07-21,2020072101026274,GMFBS,51,34,10,811.00,"8,110.00"
2020-07-21,2020072101026386,GRDBL,37,14,50,118.00,"5,900.00"
2020-07-21,2020072101026488,GUFL,32,45,100,124.00,"12,400.00"
2020-07-21,2020072101026144,GUFL,10,33,350,123.00,"43,050.00"
2020-07-21,2020072101026591,HBL,38,8,368,588.00,"216,384.00"
2020-07-21,2020072101026574,HBL,10,8,50,588.00,"29,400.00"
2020-07-21,2020072101026397,HBL,38,4,300,584.00,"175,200.00"
2020-07-21,2020072101026396,HBL,38,49,260,583.00,"151,580.00"
2020-07-21,2020072101026615,HDL,49,57,50,"1,755.00","87,750.00"
2020-07-21,2020072101026565,HDL,49,48,169,"1,755.00","296,595.00"
2020-07-21,2020072101026564,HDL,38,48,331,"1,760.00","582,560.00"
2020-07-21,2020072101026551,HDL,38,16,19,"1,760.00","33,440.00"
2020-07-21,2020072101026535,HDL,38,19,100,"1,760.00","176,000.00"
2020-07-21,2020072101026511,HDL,38,14,100,"1,760.00","176,000.00"
2020-07-21,2020072101026324,HDL,29,49,10,"1,754.00","17,540.00"
2020-07-21,2020072101026315,HDL,58,48,100,"1,755.00","175,500.00"
2020-07-21,2020072101026314,HDL,58,56,363,"1,755.00","637,065.00"
2020-07-21,2020072101026290,HDL,29,51,40,"1,754.00","70,160.00"
2020-07-21,2020072101026504,HDL,38,45,100,"1,758.00","175,800.00"
2020-07-21,2020072101026503,HDL,48,3,420,"1,754.00","736,680.00"
2020-07-21,2020072101026480,HDL,34,33,300,"1,755.00","526,500.00"
2020-07-21,2020072101026345,HDL,42,25,10,"1,754.00","17,540.00"
2020-07-21,2020072101026344,HDL,29,25,50,"1,754.00","87,700.00"
2020-07-21,2020072101026343,HDL,19,13,50,"1,756.00","87,800.00"
2020-07-21,2020072101026510,HDL,38,38,30,"1,760.00","52,800.00"
2020-07-21,2020072101026509,HDL,38,32,100,"1,759.00","175,900.00"
2020-07-21,2020072101026508,HDL,38,5,100,"1,759.00","175,900.00"
2020-07-21,2020072101026507,HDL,38,25,50,"1,759.00","87,950.00"
2020-07-21,2020072101026506,HDL,38,51,10,"1,759.00","17,590.00"
2020-07-21,2020072101026505,HDL,38,57,60,"1,759.00","105,540.00"
2020-07-21,2020072101026547,HGI,22,45,10,421.00,"4,210.00"
2020-07-21,2020072101026264,HGI,28,58,100,419.00,"41,900.00"
2020-07-21,2020072101026613,HIDCL,50,49,10,132.00,"1,320.00"
2020-07-21,2020072101026558,HIDCL,7,58,10,134.00,"1,340.00"
2020-07-21,2020072101026557,HIDCL,50,49,10,132.00,"1,320.00"
2020-07-21,2020072101026496,HIDCL,17,58,10,134.00,"1,340.00"
2020-07-21,2020072101026378,HPPL,1,49,10,132.00,"1,320.00"
2020-07-21,2020072101026197,HURJA,38,41,20,99.00,"1,980.00"
2020-07-21,2020072101026162,HURJA,38,6,20,98.00,"1,960.00"
2020-07-21,2020072101026161,HURJA,38,34,50,98.00,"4,900.00"
2020-07-21,2020072101026160,HURJA,38,52,20,98.00,"1,960.00"
2020-07-21,2020072101026383,ICFC,34,48,71,186.00,"13,206.00"
2020-07-21,2020072101026177,ICFC,34,48,929,186.00,"172,794.00"
2020-07-21,2020072101026176,ICFC,26,48,500,186.00,"93,000.00"
2020-07-21,2020072101026175,ICFC,21,48,100,186.00,"18,600.00"
2020-07-21,2020072101026174,ICFC,38,48,471,186.00,"87,606.00"
2020-07-21,2020072101026354,IGI,14,38,50,463.00,"23,150.00"
2020-07-21,2020072101026209,IGI,42,4,500,460.00,"230,000.00"
2020-07-21,2020072101026553,ILBS,49,25,10,809.00,"8,090.00"
2020-07-21,2020072101026545,ILBS,38,47,10,802.00,"8,020.00"
2020-07-21,2020072101026424,ILBS,38,11,17,802.00,"13,634.00"
2020-07-21,2020072101026159,ILBS,38,34,11,802.00,"8,822.00"
2020-07-21,2020072101026272,JBBL,58,58,"1,000",181.00,"181,000.00"
2020-07-21,2020072101026430,JSLBB,10,50,50,"1,620.00","81,000.00"
2020-07-21,2020072101026629,KBL,34,8,300,205.00,"61,500.00"
2020-07-21,2020072101026582,KBL,34,34,158,204.00,"32,232.00"
2020-07-21,2020072101026358,KBL,49,34,242,204.00,"49,368.00"
2020-07-21,2020072101026279,KBL,49,45,50,204.00,"10,200.00"
2020-07-21,2020072101026422,KMCDB,33,35,10,796.00,"7,960.00"
2020-07-21,2020072101026421,KMCDB,33,55,10,796.00,"7,960.00"
2020-07-21,2020072101026423,KMCDB,33,55,200,796.00,"159,200.00"
2020-07-21,2020072101026498,KPCL,25,34,30,107.00,"3,210.00"
2020-07-21,2020072101026497,KPCL,25,22,10,107.00,"1,070.00"
2020-07-21,2020072101026262,KPCL,33,6,10,106.00,"1,060.00"
2020-07-21,2020072101026230,KSBBL,38,45,29,155.00,"4,495.00"
2020-07-21,2020072101026626,LBBL,42,59,10,195.00,"1,950.00"
2020-07-21,2020072101026625,LBBL,57,59,383,195.00,"74,685.00"
2020-07-21,2020072101026487,LBBL,57,11,47,195.00,"9,165.00"
2020-07-21,2020072101026325,LBBL,37,46,30,196.00,"5,880.00"
2020-07-21,2020072101026542,LBL,10,48,47,239.00,"11,233.00"
2020-07-21,2020072101026541,LBL,10,33,100,239.00,"23,900.00"
2020-07-21,2020072101026540,LBL,10,56,76,239.00,"18,164.00"
2020-07-21,2020072101026260,LBL,34,56,124,239.00,"29,636.00"
2020-07-21,2020072101026259,LBL,34,6,176,239.00,"42,064.00"
2020-07-21,2020072101026612,LICN,22,36,16,"1,415.00","22,640.00"
2020-07-21,2020072101026611,LICN,44,36,340,"1,415.00","481,100.00"
2020-07-21,2020072101026610,LICN,52,36,274,"1,416.00","387,984.00"
2020-07-21,2020072101026609,LICN,33,36,370,"1,416.00","523,920.00"
2020-07-21,2020072101026537,LICN,33,36,30,"1,416.00","42,480.00"
2020-07-21,2020072101026390,LICN,44,5,300,"1,415.00","424,500.00"
2020-07-21,2020072101026619,LLBS,55,14,10,"1,159.00","11,590.00"
2020-07-21,2020072101026276,MBL,28,40,25,248.00,"6,200.00"
2020-07-21,2020072101026639,MEGA,43,37,10,237.00,"2,370.00"
2020-07-21,2020072101026598,MEGA,41,41,"1,000",236.00,"236,000.00"
2020-07-21,2020072101026597,MEGA,41,34,50,236.00,"11,800.00"
2020-07-21,2020072101026596,MEGA,41,58,143,236.00,"33,748.00"
2020-07-21,2020072101026538,MEGA,34,58,10,236.00,"2,360.00"
2020-07-21,2020072101026291,MEGA,22,42,300,235.00,"70,500.00"
2020-07-21,2020072101026261,MEGA,58,18,100,234.00,"23,400.00"
2020-07-21,2020072101026143,MEGA,57,42,"1,000",235.00,"235,000.00"
2020-07-21,2020072101026371,MEGA,17,58,250,236.00,"59,000.00"
2020-07-21,2020072101026367,MEGA,49,26,125,235.00,"29,375.00"
2020-07-21,2020072101026366,MEGA,26,26,100,235.00,"23,500.00"
2020-07-21,2020072101026353,MEGA,34,58,62,236.00,"14,632.00"
2020-07-21,2020072101026323,MEGA,26,49,200,235.00,"47,000.00"
2020-07-21,2020072101026292,MEGA,22,49,200,235.00,"47,000.00"
2020-07-21,2020072101026361,MFIL,43,1,10,297.00,"2,970.00"
2020-07-21,2020072101026289,MFIL,26,18,90,293.00,"26,370.00"
2020-07-21,2020072101026288,MFIL,45,18,10,293.00,"2,930.00"
2020-07-21,2020072101026277,MFIL,43,1,10,297.00,"2,970.00"
2020-07-21,2020072101026222,MFIL,29,6,10,292.00,"2,920.00"
2020-07-21,2020072101026251,MLBL,28,52,100,207.00,"20,700.00"
2020-07-21,2020072101026552,MNBBL,47,13,220,344.00,"75,680.00"
2020-07-21,2020072101026512,MNBBL,46,38,50,345.00,"17,250.00"
2020-07-21,2020072101026440,MNBBL,47,33,300,344.00,"103,200.00"
2020-07-21,2020072101026235,MNBBL,13,48,100,341.00,"34,100.00"
2020-07-21,2020072101026413,MNBBL,46,38,42,345.00,"14,490.00"
2020-07-21,2020072101026412,MNBBL,46,17,108,345.00,"37,260.00"
2020-07-21,2020072101026340,MNBBL,47,37,400,344.00,"137,600.00"
2020-07-21,2020072101026339,MNBBL,47,25,80,344.00,"27,520.00"
2020-07-21,2020072101026256,MNBBL,13,35,10,341.00,"3,410.00"
2020-07-21,2020072101026436,MSMBS,41,32,11,733.00,"8,063.00"
2020-07-21,2020072101026362,MSMBS,41,54,11,719.00,"7,909.00"
2020-07-21,2020072101026188,MSMBS,41,32,30,710.00,"21,300.00"
2020-07-21,2020072101026621,NABIL,54,45,200,865.00,"173,000.00"
2020-07-21,2020072101026521,NABIL,54,52,28,865.00,"24,220.00"
2020-07-21,2020072101026502,NABIL,42,21,30,866.00,"25,980.00"
2020-07-21,2020072101026400,NABIL,33,21,50,866.00,"43,300.00"
2020-07-21,2020072101026186,NABIL,54,38,11,865.00,"9,515.00"
2020-07-21,2020072101026185,NABIL,54,38,23,865.00,"19,895.00"
2020-07-21,2020072101026184,NABIL,54,11,20,865.00,"17,300.00"
2020-07-21,2020072101026183,NABIL,54,14,100,865.00,"86,500.00"
2020-07-21,2020072101026182,NABIL,54,28,150,865.00,"129,750.00"
2020-07-21,2020072101026641,NBB,6,6,20,215.00,"4,300.00"
2020-07-21,2020072101026640,NBB,6,1,50,215.00,"10,750.00"
2020-07-21,2020072101026208,NBB,10,1,100,215.00,"21,500.00"
2020-07-21,2020072101026634,NBL,33,58,20,269.00,"5,380.00"
2020-07-21,2020072101026607,NBL,34,58,500,269.00,"134,500.00"
2020-07-21,2020072101026606,NBL,34,51,500,268.00,"134,000.00"
2020-07-21,2020072101026563,NBL,48,51,50,268.00,"13,400.00"
2020-07-21,2020072101026556,NBL,53,51,200,268.00,"53,600.00"
2020-07-21,2020072101026533,NBL,53,51,100,268.00,"26,800.00"
2020-07-21,2020072101026348,NBL,10,11,75,268.00,"20,100.00"
2020-07-21,2020072101026347,NBL,10,14,61,268.00,"16,348.00"
2020-07-21,2020072101026229,NBL,17,14,250,268.00,"67,000.00"
2020-07-21,2020072101026483,NBL,53,41,900,268.00,"241,200.00"
2020-07-21,2020072101026482,NBL,42,41,100,268.00,"26,800.00"
2020-07-21,2020072101026352,NBL,10,34,50,268.00,"13,400.00"
2020-07-21,2020072101026351,NBL,10,34,100,268.00,"26,800.00"
2020-07-21,2020072101026350,NBL,10,14,65,268.00,"17,420.00"
2020-07-21,2020072101026349,NBL,10,11,25,268.00,"6,700.00"
2020-07-21,2020072101026590,NCCB,45,41,115,200.00,"23,000.00"
2020-07-21,2020072101026388,NCCB,33,34,10,201.00,"2,010.00"
2020-07-21,2020072101026234,NCCB,55,36,300,199.00,"59,700.00"
2020-07-21,2020072101026233,NCCB,56,36,"1,530",199.00,"304,470.00"
2020-07-21,2020072101026437,NGPL,34,29,944,121.00,"114,224.00"
2020-07-21,2020072101026446,NIB,16,42,70,467.00,"32,690.00"
2020-07-21,2020072101026382,NIB,55,42,120,467.00,"56,040.00"
2020-07-21,2020072101026169,NIB,14,42,500,467.00,"233,500.00"
2020-07-21,2020072101026168,NIB,45,42,151,467.00,"70,517.00"
2020-07-21,2020072101026167,NIB,48,42,417,467.00,"194,739.00"
2020-07-21,2020072101026166,NIB,58,42,30,468.00,"14,040.00"
2020-07-21,2020072101026165,NIB,11,42,10,470.00,"4,700.00"
2020-07-21,2020072101026164,NIB,33,42,200,470.00,"94,000.00"
2020-07-21,2020072101026163,NIB,19,42,509,470.00,"239,230.00"
2020-07-21,2020072101026605,NIBPO,48,51,50,388.00,"19,400.00"
2020-07-21,2020072101026604,NICA,17,34,100,587.00,"58,700.00"
2020-07-21,2020072101026594,NICA,33,42,250,584.00,"146,000.00"
2020-07-21,2020072101026593,NICA,43,42,100,585.00,"58,500.00"
2020-07-21,2020072101026592,NICA,34,42,150,586.00,"87,900.00"
2020-07-21,2020072101026576,NICA,33,34,10,587.00,"5,870.00"
2020-07-21,2020072101026387,NICA,57,48,200,584.00,"116,800.00"
2020-07-21,2020072101026364,NICA,1,43,10,586.00,"5,860.00"
2020-07-21,2020072101026282,NICA,49,43,25,586.00,"14,650.00"
2020-07-21,2020072101026237,NICA,10,43,50,586.00,"29,300.00"
2020-07-21,2020072101026223,NICA,49,43,25,586.00,"14,650.00"
2020-07-21,2020072101026194,NICA,33,48,185,584.00,"108,040.00"
2020-07-21,2020072101026573,NICLBSL,10,43,10,756.00,"7,560.00"
2020-07-21,2020072101026562,NICLBSL,10,13,10,756.00,"7,560.00"
2020-07-21,2020072101026457,NICLBSL,10,39,10,756.00,"7,560.00"
2020-07-21,2020072101026435,NICLBSL,10,43,10,756.00,"7,560.00"
2020-07-21,2020072101026333,NICLBSL,10,57,20,756.00,"15,120.00"
2020-07-21,2020072101026304,NICLBSL,50,39,10,756.00,"7,560.00"
2020-07-21,2020072101026263,NICLBSL,50,29,10,756.00,"7,560.00"
2020-07-21,2020072101026207,NICLBSL,50,39,10,756.00,"7,560.00"
2020-07-21,2020072101026244,NIL,39,54,300,631.00,"189,300.00"
2020-07-21,2020072101026145,NIL,33,56,30,630.00,"18,900.00"
2020-07-21,2020072101026532,NLIC,59,50,50,"1,327.00","66,350.00"
2020-07-21,2020072101026526,NLIC,19,56,500,"1,330.00","665,000.00"
2020-07-21,2020072101026524,NLIC,59,6,200,"1,327.00","265,400.00"
2020-07-21,2020072101026495,NLIC,44,51,700,"1,330.00","931,000.00"
2020-07-21,2020072101026494,NLIC,44,53,50,"1,330.00","66,500.00"
2020-07-21,2020072101026493,NLIC,44,51,10,"1,330.00","13,300.00"
2020-07-21,2020072101026228,NLIC,52,17,28,"1,328.00","37,184.00"
2020-07-21,2020072101026492,NLIC,44,1,136,"1,330.00","180,880.00"
2020-07-21,2020072101026491,NLIC,44,58,20,"1,329.00","26,580.00"
2020-07-21,2020072101026490,NLIC,44,17,82,"1,328.00","108,896.00"
2020-07-21,2020072101026454,NLIC,16,17,10,"1,328.00","13,280.00"
2020-07-21,2020072101026447,NLIC,59,38,100,"1,327.00","132,700.00"
2020-07-21,2020072101026370,NLIC,59,49,100,"1,327.00","132,700.00"
2020-07-21,2020072101026618,NMB,33,28,378,437.00,"165,186.00"
2020-07-21,2020072101026617,NMB,45,28,500,436.00,"218,000.00"
2020-07-21,2020072101026608,NMB,26,28,500,436.00,"218,000.00"
2020-07-21,2020072101026599,NMB,4,28,150,437.00,"65,550.00"
2020-07-21,2020072101026584,NMB,53,28,20,437.00,"8,740.00"
2020-07-21,2020072101026579,NMB,26,13,500,436.00,"218,000.00"
2020-07-21,2020072101026193,NMB,25,47,40,434.00,"17,360.00"
2020-07-21,2020072101026192,NMB,33,47,60,435.00,"26,100.00"
2020-07-21,2020072101026181,NMB,46,21,100,436.00,"43,600.00"
2020-07-21,2020072101026254,NMB,25,34,85,434.00,"36,890.00"
2020-07-21,2020072101026253,NMB,34,34,50,435.00,"21,750.00"
2020-07-21,2020072101026227,NMB,54,14,758,437.00,"331,246.00"
2020-07-21,2020072101026226,NMB,54,56,224,437.00,"97,888.00"
2020-07-21,2020072101026225,NMB,54,21,18,436.00,"7,848.00"
2020-07-21,2020072101026221,NMB,25,55,200,434.00,"86,800.00"
2020-07-21,2020072101026379,NMB,4,14,142,437.00,"62,054.00"
2020-07-21,2020072101026375,NMB,52,21,106,434.00,"46,004.00"
2020-07-21,2020072101026374,NMB,25,21,894,434.00,"387,996.00"
2020-07-21,2020072101026373,NMB,25,18,585,434.00,"253,890.00"
2020-07-21,2020072101026372,NMB,17,18,20,435.00,"8,700.00"
2020-07-21,2020072101026281,NMB,34,14,100,437.00,"43,700.00"
2020-07-21,2020072101026577,NMB,35,28,152,437.00,"66,424.00"
2020-07-21,2020072101026567,NMB,33,28,300,437.00,"131,100.00"
2020-07-21,2020072101026543,NMB,33,57,700,437.00,"305,900.00"
2020-07-21,2020072101026539,NMB,40,57,300,437.00,"131,100.00"
2020-07-21,2020072101026381,NMB,4,35,91,437.00,"39,767.00"
2020-07-21,2020072101026380,NMB,4,11,117,437.00,"51,129.00"
2020-07-21,2020072101026377,NMFBS,29,17,138,"1,620.00","223,560.00"
2020-07-21,2020072101026632,NRIC,5,11,30,557.00,"16,710.00"
2020-07-21,2020072101026631,NRIC,7,11,20,557.00,"11,140.00"
2020-07-21,2020072101026561,NRIC,7,20,40,557.00,"22,280.00"
2020-07-21,2020072101026560,NRIC,7,49,40,557.00,"22,280.00"
2020-07-21,2020072101026555,NRIC,28,54,20,558.00,"11,160.00"
2020-07-21,2020072101026554,NRIC,7,11,40,557.00,"22,280.00"
2020-07-21,2020072101026212,NRIC,53,14,20,557.00,"11,140.00"
2020-07-21,2020072101026211,NRIC,50,14,100,557.00,"55,700.00"
2020-07-21,2020072101026210,NRIC,39,14,10,557.00,"5,570.00"
2020-07-21,2020072101026173,NRIC,39,39,50,557.00,"27,850.00"
2020-07-21,2020072101026170,NRIC,39,38,40,557.00,"22,280.00"
2020-07-21,2020072101026238,NRIC,6,14,25,557.00,"13,925.00"
2020-07-21,2020072101026220,NRIC,26,13,120,556.00,"66,720.00"
2020-07-21,2020072101026219,NRIC,11,13,70,556.00,"38,920.00"
2020-07-21,2020072101026218,NRIC,49,13,250,556.00,"139,000.00"
2020-07-21,2020072101026216,NRIC,28,14,100,557.00,"55,700.00"
2020-07-21,2020072101026213,NRIC,5,14,20,557.00,"11,140.00"
2020-07-21,2020072101026300,NRIC,28,39,40,558.00,"22,320.00"
2020-07-21,2020072101026299,NRIC,28,13,40,558.00,"22,320.00"
2020-07-21,2020072101026298,NRIC,28,41,140,558.00,"78,120.00"
2020-07-21,2020072101026297,NRIC,28,29,75,557.00,"41,775.00"
2020-07-21,2020072101026247,NRIC,7,29,25,557.00,"13,925.00"
2020-07-21,2020072101026239,NRIC,7,14,185,557.00,"103,045.00"
2020-07-21,2020072101026356,NRIC,26,39,40,556.00,"22,240.00"
2020-07-21,2020072101026342,NRIC,7,57,65,557.00,"36,205.00"
2020-07-21,2020072101026341,NRIC,7,25,10,557.00,"5,570.00"
2020-07-21,2020072101026303,NRIC,26,38,40,556.00,"22,240.00"
2020-07-21,2020072101026302,NRIC,28,28,225,558.00,"125,550.00"
2020-07-21,2020072101026301,NRIC,28,13,40,558.00,"22,320.00"
2020-07-21,2020072101026425,NRIC,38,39,40,557.00,"22,280.00"
2020-07-21,2020072101026416,NRIC,38,13,10,557.00,"5,570.00"
2020-07-21,2020072101026415,NRIC,36,18,40,556.00,"22,240.00"
2020-07-21,2020072101026403,NRIC,7,57,65,557.00,"36,205.00"
2020-07-21,2020072101026360,NRIC,36,57,30,556.00,"16,680.00"
2020-07-21,2020072101026359,NRIC,42,57,20,556.00,"11,120.00"
2020-07-21,2020072101026549,NRIC,7,47,10,557.00,"5,570.00"
2020-07-21,2020072101026517,NRIC,19,37,5,557.00,"2,785.00"
2020-07-21,2020072101026516,NRIC,19,20,40,557.00,"22,280.00"
2020-07-21,2020072101026456,NRIC,19,28,155,557.00,"86,335.00"
2020-07-21,2020072101026442,NRIC,10,28,20,557.00,"11,140.00"
2020-07-21,2020072101026441,NRIC,10,25,40,557.00,"22,280.00"
2020-07-21,2020072101026401,NTC,11,18,500,659.00,"329,500.00"
2020-07-21,2020072101026316,NTC,45,18,500,658.00,"329,000.00"
2020-07-21,2020072101026585,NUBL,55,26,80,999.00,"79,920.00"
2020-07-21,2020072101026471,OHL,58,13,100,330.00,"33,000.00"
2020-07-21,2020072101026470,OHL,14,13,100,330.00,"33,000.00"
2020-07-21,2020072101026287,OHL,49,58,50,334.00,"16,700.00"
2020-07-21,2020072101026286,OHL,49,42,46,334.00,"15,364.00"
2020-07-21,2020072101026531,PCBL,33,57,80,285.00,"22,800.00"
2020-07-21,2020072101026530,PCBL,42,57,200,285.00,"57,000.00"
2020-07-21,2020072101026529,PCBL,36,57,200,285.00,"57,000.00"
2020-07-21,2020072101026528,PCBL,6,57,10,285.00,"2,850.00"
2020-07-21,2020072101026527,PCBL,25,57,10,285.00,"2,850.00"
2020-07-21,2020072101026453,PCBL,14,48,390,286.00,"111,540.00"
2020-07-21,2020072101026306,PCBL,50,10,100,285.00,"28,500.00"
2020-07-21,2020072101026305,PCBL,45,10,25,285.00,"7,125.00"
2020-07-21,2020072101026258,PCBL,45,47,250,285.00,"71,250.00"
2020-07-21,2020072101026452,PCBL,14,33,100,286.00,"28,600.00"
2020-07-21,2020072101026451,PCBL,14,38,360,286.00,"102,960.00"
2020-07-21,2020072101026385,PCBL,26,38,425,286.00,"121,550.00"
2020-07-21,2020072101026384,PCBL,26,42,75,286.00,"21,450.00"
2020-07-21,2020072101026308,PCBL,25,10,90,285.00,"25,650.00"
2020-07-21,2020072101026307,PCBL,42,10,10,285.00,"2,850.00"
2020-07-21,2020072101026569,PIC,57,13,11,615.00,"6,765.00"
2020-07-21,2020072101026568,PIC,57,45,20,615.00,"12,300.00"
2020-07-21,2020072101026450,PIC,58,18,76,612.00,"46,512.00"
2020-07-21,2020072101026449,PIC,45,18,50,613.00,"30,650.00"
2020-07-21,2020072101026448,PIC,57,18,100,613.00,"61,300.00"
2020-07-21,2020072101026559,PICL,48,48,380,477.00,"181,260.00"
2020-07-21,2020072101026204,PPCL,32,57,20,113.00,"2,260.00"
2020-07-21,2020072101026368,PRIN,49,19,100,499.00,"49,900.00"
2020-07-21,2020072101026522,PRVU,33,48,"1,160",247.00,"286,520.00"
2020-07-21,2020072101026468,PRVU,33,32,800,247.00,"197,600.00"
2020-07-21,2020072101026338,PRVU,33,33,"1,010",247.00,"249,470.00"
2020-07-21,2020072101026337,PRVU,33,8,123,247.00,"30,381.00"
2020-07-21,2020072101026200,RADHI,45,13,86,166.00,"14,276.00"
2020-07-21,2020072101026199,RADHI,51,13,15,166.00,"2,490.00"
2020-07-21,2020072101026180,RHPL,6,57,10,147.00,"1,470.00"
2020-07-21,2020072101026572,RMDC,58,11,14,695.00,"9,730.00"
2020-07-21,2020072101026525,RMDC,45,35,50,697.00,"34,850.00"
2020-07-21,2020072101026544,RSDC,49,26,60,528.00,"31,680.00"
2020-07-21,2020072101026455,RSDC,10,49,335,529.00,"177,215.00"
2020-07-21,2020072101026255,RSDC,49,41,41,528.00,"21,648.00"
2020-07-21,2020072101026240,RSDC,45,41,133,528.00,"70,224.00"
2020-07-21,2020072101026326,SABSL,45,22,152,804.00,"122,208.00"
2020-07-21,2020072101026317,SABSL,45,34,11,804.00,"8,844.00"
2020-07-21,2020072101026271,SABSL,7,22,89,805.00,"71,645.00"
2020-07-21,2020072101026270,SABSL,16,22,14,806.00,"11,284.00"
2020-07-21,2020072101026236,SABSL,16,57,11,806.00,"8,866.00"
2020-07-21,2020072101026620,SADBL,13,14,37,154.00,"5,698.00"
2020-07-21,2020072101026479,SADBL,54,14,20,154.00,"3,080.00"
2020-07-21,2020072101026296,SADBL,34,45,180,153.00,"27,540.00"
2020-07-21,2020072101026295,SADBL,52,45,20,154.00,"3,080.00"
2020-07-21,2020072101026294,SADBL,21,45,100,154.00,"15,400.00"
2020-07-21,2020072101026293,SADBL,7,45,200,154.00,"30,800.00"
2020-07-21,2020072101026275,SADBL,54,1,20,155.00,"3,100.00"
2020-07-21,2020072101026536,SANIMA,10,10,66,367.00,"24,222.00"
2020-07-21,2020072101026321,SANIMA,33,10,34,367.00,"12,478.00"
2020-07-21,2020072101026320,SANIMA,33,58,100,367.00,"36,700.00"
2020-07-21,2020072101026319,SANIMA,33,1,266,367.00,"97,622.00"
2020-07-21,2020072101026313,SANIMA,38,13,10,365.00,"3,650.00"
2020-07-21,2020072101026312,SANIMA,38,13,86,365.00,"31,390.00"
2020-07-21,2020072101026195,SANIMA,45,13,90,366.00,"32,940.00"
2020-07-21,2020072101026311,SANIMA,56,13,101,365.00,"36,865.00"
2020-07-21,2020072101026310,SANIMA,7,13,20,366.00,"7,320.00"
2020-07-21,2020072101026309,SANIMA,6,13,83,366.00,"30,378.00"
2020-07-21,2020072101026232,SANIMA,33,1,10,367.00,"3,670.00"
2020-07-21,2020072101026231,SANIMA,33,41,40,367.00,"14,680.00"
2020-07-21,2020072101026196,SANIMA,6,13,417,366.00,"152,622.00"
2020-07-21,2020072101026246,SBI,50,34,86,452.00,"38,872.00"
2020-07-21,2020072101026245,SBI,52,34,92,452.00,"41,584.00"
2020-07-21,2020072101026198,SBI,58,34,22,453.00,"9,966.00"
2020-07-21,2020072101026628,SCB,59,48,20,685.00,"13,700.00"
2020-07-21,2020072101026513,SCB,57,48,100,685.00,"68,500.00"
2020-07-21,2020072101026322,SCB,49,44,30,685.00,"20,550.00"
2020-07-21,2020072101026588,SHINE,21,57,100,248.00,"24,800.00"
2020-07-21,2020072101026587,SHINE,21,57,20,248.00,"4,960.00"
2020-07-21,2020072101026586,SHINE,21,57,250,248.00,"62,000.00"
2020-07-21,2020072101026429,SHINE,21,34,200,248.00,"49,600.00"
2020-07-21,2020072101026578,SHIVM,1,57,20,615.00,"12,300.00"
2020-07-21,2020072101026257,SHIVM,6,4,50,618.00,"30,900.00"
2020-07-21,2020072101026152,SHIVM,21,48,50,619.00,"30,950.00"
2020-07-21,2020072101026151,SHIVM,21,38,100,619.00,"61,900.00"
2020-07-21,2020072101026150,SHIVM,21,6,100,618.00,"61,800.00"
2020-07-21,2020072101026149,SHIVM,21,22,100,615.00,"61,500.00"
2020-07-21,2020072101026148,SHIVM,21,34,50,615.00,"30,750.00"
2020-07-21,2020072101026147,SHIVM,21,42,50,615.00,"30,750.00"
2020-07-21,2020072101026146,SHIVM,21,42,50,615.00,"30,750.00"
2020-07-21,2020072101026638,SHL,57,5,200,158.00,"31,600.00"
2020-07-21,2020072101026467,SHL,17,5,100,158.00,"15,800.00"
2020-07-21,2020072101026466,SHL,17,55,200,158.00,"31,600.00"
2020-07-21,2020072101026465,SHL,17,25,200,158.00,"31,600.00"
2020-07-21,2020072101026614,SHPC,34,19,10,225.00,"2,250.00"
2020-07-21,2020072101026438,SHPC,17,19,10,225.00,"2,250.00"
2020-07-21,2020072101026142,SHPC,49,18,82,222.00,"18,204.00"
2020-07-21,2020072101026420,SICL,49,43,300,"1,095.00","328,500.00"
2020-07-21,2020072101026355,SIL,34,25,100,604.00,"60,400.00"
2020-07-21,2020072101026411,SJCL,6,35,100,136.00,"13,600.00"
2020-07-21,2020072101026273,SJCL,6,57,10,136.00,"1,360.00"
2020-07-21,2020072101026187,SJCL,6,6,10,136.00,"1,360.00"
2020-07-21,2020072101026616,SKBBL,34,40,10,"1,285.00","12,850.00"
2020-07-21,2020072101026156,SKBBL,45,22,50,"1,278.00","63,900.00"
2020-07-21,2020072101026243,SLBBL,49,56,100,900.00,"90,000.00"
2020-07-21,2020072101026242,SLBBL,49,57,90,900.00,"81,000.00"
2020-07-21,2020072101026363,SLBS,48,37,37,"1,009.00","37,333.00"
2020-07-21,2020072101026280,SLBS,53,58,27,"1,005.00","27,135.00"
2020-07-21,2020072101026357,SLBSL,46,34,10,875.00,"8,750.00"
2020-07-21,2020072101026501,SLICL,37,42,100,456.00,"45,600.00"
2020-07-21,2020072101026433,SLICL,34,42,113,457.00,"51,641.00"
2020-07-21,2020072101026408,SLICL,34,55,"1,887",457.00,"862,359.00"
2020-07-21,2020072101026407,SLICL,25,55,300,457.00,"137,100.00"
2020-07-21,2020072101026406,SLICL,13,55,"1,000",457.00,"457,000.00"
2020-07-21,2020072101026405,SLICL,25,55,80,458.00,"36,640.00"
2020-07-21,2020072101026404,SLICL,39,55,133,458.00,"60,914.00"
2020-07-21,2020072101026178,SLICL,39,38,67,458.00,"30,686.00"
2020-07-21,2020072101026520,SPARS,25,50,10,932.00,"9,320.00"
2020-07-21,2020072101026402,SPARS,8,34,20,916.00,"18,320.00"
2020-07-21,2020072101026583,SRBL,44,7,500,255.00,"127,500.00"
2020-07-21,2020072101026318,SRBL,33,34,100,256.00,"25,600.00"
2020-07-21,2020072101026248,SRBL,44,6,431,255.00,"109,905.00"
2020-07-21,2020072101026515,STC,19,55,24,"2,800.00","67,200.00"
2020-07-21,2020072101026514,STC,19,28,10,"2,800.00","28,000.00"
2020-07-21,2020072101026570,UIC,34,51,10,390.00,"3,900.00"
2020-07-21,2020072101026398,UIC,37,51,200,390.00,"78,000.00"
2020-07-21,2020072101026624,UPCL,49,21,100,71.00,"7,100.00"
2020-07-21,2020072101026623,UPCL,16,21,100,71.00,"7,100.00"
2020-07-21,2020072101026622,UPCL,42,21,240,71.00,"17,040.00"
2020-07-21,2020072101026636,UPPER,32,50,10,237.00,"2,370.00"
2020-07-21,2020072101026635,UPPER,32,57,40,236.00,"9,440.00"
2020-07-21,2020072101026581,UPPER,50,6,50,235.00,"11,750.00"
2020-07-21,2020072101026414,UPPER,39,50,34,235.00,"7,990.00"
2020-07-21,2020072101026203,UPPER,1,34,50,234.00,"11,700.00"
2020-07-21,2020072101026327,VLBS,19,13,50,990.00,"49,500.00"
2020-07-21,2020072101026477,WOMI,49,34,100,975.00,"97,500.00"
2020-07-21,2020072101026476,WOMI,49,34,100,975.00,"97,500.00"
2020-07-21,2020072101026475,WOMI,59,34,20,975.00,"19,500.00"
2020-07-21,2020072101026432,WOMI,16,34,50,977.00,"48,850.00"
2020-07-21,2020072101026431,WOMI,52,34,150,978.00,"146,700.00"
2020-07-21,2020072101026389,WOMI,52,19,50,978.00,"48,900.00"
2020-07-21,2020072101026336,WOMI,52,29,83,978.00,"81,174.00"
2020-07-21,2020072101026095,ADBL,14,51,224,428.00,"95,872.00"
2020-07-21,2020072101026094,ADBL,57,51,200,428.00,"85,600.00"
2020-07-21,2020072101026093,ADBL,29,51,196,428.00,"83,888.00"
2020-07-21,2020072101026092,ADBL,53,51,300,428.00,"128,400.00"
2020-07-21,2020072101026091,ADBL,36,51,100,428.00,"42,800.00"
2020-07-21,2020072101025662,ADBL,26,46,10,430.00,"4,300.00"
2020-07-21,2020072101025661,ADBL,26,51,181,430.00,"77,830.00"
2020-07-21,2020072101025870,ADBL,11,33,50,429.00,"21,450.00"
2020-07-21,2020072101025726,ADBL,34,21,100,430.00,"43,000.00"
2020-07-21,2020072101025707,ADBL,57,17,12,429.00,"5,148.00"
2020-07-21,2020072101025665,ADBL,26,21,220,430.00,"94,600.00"
2020-07-21,2020072101025664,ADBL,26,25,267,430.00,"114,810.00"
2020-07-21,2020072101025663,ADBL,26,14,52,430.00,"22,360.00"
2020-07-21,2020072101025883,ADBL,53,58,400,429.00,"171,600.00"
2020-07-21,2020072101025882,ADBL,56,58,325,429.00,"139,425.00"
2020-07-21,2020072101025874,ADBL,56,33,75,429.00,"32,175.00"
2020-07-21,2020072101025873,ADBL,38,33,44,429.00,"18,876.00"
2020-07-21,2020072101025872,ADBL,56,33,200,429.00,"85,800.00"
2020-07-21,2020072101025871,ADBL,14,33,200,429.00,"85,800.00"
2020-07-21,2020072101026084,ADBL,57,51,500,428.00,"214,000.00"
2020-07-21,2020072101025884,ADBL,57,58,100,429.00,"42,900.00"
2020-07-21,2020072101026090,ADBL,35,51,10,428.00,"4,280.00"
2020-07-21,2020072101026089,ADBL,41,51,10,428.00,"4,280.00"
2020-07-21,2020072101026088,ADBL,14,51,200,428.00,"85,600.00"
2020-07-21,2020072101026087,ADBL,48,51,50,428.00,"21,400.00"
2020-07-21,2020072101026086,ADBL,56,51,10,428.00,"4,280.00"
2020-07-21,2020072101026085,ADBL,56,51,200,428.00,"85,600.00"
2020-07-21,2020072101025877,ALBSL,46,45,11,732.00,"8,052.00"
2020-07-21,2020072101025777,ALBSL,57,22,200,734.00,"146,800.00"
2020-07-21,2020072101025807,ALICL,57,45,50,628.00,"31,400.00"
2020-07-21,2020072101025772,ALICL,57,26,200,628.00,"125,600.00"
2020-07-21,2020072101025755,ALICL,33,59,150,633.00,"94,950.00"
2020-07-21,2020072101025721,ALICL,33,45,50,633.00,"31,650.00"
2020-07-21,2020072101026120,API,56,37,990,111.00,"109,890.00"
2020-07-21,2020072101026119,API,56,41,11,111.00,"1,221.00"
2020-07-21,2020072101025705,API,39,37,10,111.00,"1,110.00"
2020-07-21,2020072101025681,API,39,58,30,110.00,"3,300.00"
2020-07-21,2020072101025680,API,39,33,630,110.00,"69,300.00"
2020-07-21,2020072101025977,BOKL,6,13,10,237.00,"2,370.00"
2020-07-21,2020072101026108,BPCL,49,17,100,365.00,"36,500.00"
2020-07-21,2020072101026107,BPCL,45,17,26,365.00,"9,490.00"
2020-07-21,2020072101025999,BPCL,45,37,24,365.00,"8,760.00"
2020-07-21,2020072101026065,CBBL,50,4,150,"1,088.00","163,200.00"
2020-07-21,2020072101026064,CBBL,50,50,27,"1,088.00","29,376.00"
2020-07-21,2020072101025836,CBBL,6,11,40,"1,086.00","43,440.00"
2020-07-21,2020072101025907,CBBL,33,58,100,"1,087.00","108,700.00"
2020-07-21,2020072101025906,CBBL,33,8,32,"1,087.00","34,784.00"
2020-07-21,2020072101025837,CBBL,55,11,30,"1,085.00","32,550.00"
2020-07-21,2020072101026048,CBL,43,58,100,148.00,"14,800.00"
2020-07-21,2020072101026112,CCBL,51,13,40,183.00,"7,320.00"
2020-07-21,2020072101026111,CCBL,55,13,35,183.00,"6,405.00"
2020-07-21,2020072101025830,CCBL,55,34,65,183.00,"11,895.00"
2020-07-21,2020072101025829,CCBL,49,34,393,183.00,"71,919.00"
2020-07-21,2020072101025746,CCBL,48,7,78,184.00,"14,352.00"
2020-07-21,2020072101025745,CCBL,48,59,200,184.00,"36,800.00"
2020-07-21,2020072101025744,CCBL,48,38,100,184.00,"18,400.00"
2020-07-21,2020072101025743,CCBL,48,25,106,184.00,"19,504.00"
2020-07-21,2020072101025742,CCBL,48,34,16,184.00,"2,944.00"
2020-07-21,2020072101025702,CCBL,49,48,607,183.00,"111,081.00"
2020-07-21,2020072101025701,CCBL,49,48,"1,393",183.00,"254,919.00"
2020-07-21,2020072101025896,CHL,39,55,110,82.00,"9,020.00"
2020-07-21,2020072101026035,CLBSL,45,45,10,760.00,"7,600.00"
2020-07-21,2020072101025658,CLBSL,22,45,50,760.00,"38,000.00"
2020-07-21,2020072101025657,CLBSL,36,45,83,760.00,"63,080.00"
2020-07-21,2020072101025656,CLBSL,42,45,10,760.00,"7,600.00"
2020-07-21,2020072101025655,CLBSL,21,45,10,760.00,"7,600.00"
2020-07-21,2020072101025650,CZBIL,41,26,110,205.00,"22,550.00"
2020-07-21,2020072101026051,EBL,44,59,50,767.00,"38,350.00"
2020-07-21,2020072101026004,EBL,44,42,52,767.00,"39,884.00"
2020-07-21,2020072101026003,EBL,44,33,284,767.00,"217,828.00"
2020-07-21,2020072101025947,EBL,33,21,25,766.00,"19,150.00"
2020-07-21,2020072101025816,EBL,33,45,10,766.00,"7,660.00"
2020-07-21,2020072101026113,EIC,8,35,37,413.00,"15,281.00"
2020-07-21,2020072101026022,EIC,52,35,38,413.00,"15,694.00"
2020-07-21,2020072101025752,EIC,52,17,16,413.00,"6,608.00"
2020-07-21,2020072101025751,EIC,50,17,25,414.00,"10,350.00"
2020-07-21,2020072101025750,EIC,22,17,79,414.00,"32,706.00"
2020-07-21,2020072101025712,EIC,22,38,21,414.00,"8,694.00"
2020-07-21,2020072101025711,EIC,53,38,179,414.00,"74,106.00"
2020-07-21,2020072101026046,FMDBL,34,36,367,563.00,"206,621.00"
2020-07-21,2020072101025994,FMDBL,34,22,98,563.00,"55,174.00"
2020-07-21,2020072101025944,FMDBL,39,22,17,563.00,"9,571.00"
2020-07-21,2020072101025760,FMDBL,47,22,200,563.00,"112,600.00"
2020-07-21,2020072101025693,FMDBL,39,28,283,562.00,"159,046.00"
2020-07-21,2020072101025930,FOWAD,41,45,29,"1,570.00","45,530.00"
2020-07-21,2020072101025838,FOWAD,58,45,31,"1,570.00","48,670.00"
2020-07-21,2020072101025802,FOWAD,58,11,19,"1,570.00","29,830.00"
2020-07-21,2020072101025801,FOWAD,52,1,10,"1,570.00","15,700.00"
2020-07-21,2020072101026040,GBBL,47,40,188,245.00,"46,060.00"
2020-07-21,2020072101025891,GBBL,57,40,20,245.00,"4,900.00"
2020-07-21,2020072101025758,GBBL,57,57,200,245.00,"49,000.00"
2020-07-21,2020072101025741,GBBL,19,13,200,244.00,"48,800.00"
2020-07-21,2020072101026110,GBIME,46,33,11,271.00,"2,981.00"
2020-07-21,2020072101026109,GBIME,46,16,19,271.00,"5,149.00"
2020-07-21,2020072101026106,GBIME,6,16,100,271.00,"27,100.00"
2020-07-21,2020072101026073,GBIME,58,16,16,271.00,"4,336.00"
2020-07-21,2020072101025922,GBIME,8,28,874,270.00,"235,980.00"
2020-07-21,2020072101025921,GBIME,26,28,500,270.00,"135,000.00"
2020-07-21,2020072101025852,GBIME,37,14,156,270.00,"42,120.00"
2020-07-21,2020072101025845,GBIME,37,57,144,270.00,"38,880.00"
2020-07-21,2020072101025844,GBIME,6,57,100,270.00,"27,000.00"
2020-07-21,2020072101025843,GBIME,58,57,106,270.00,"28,620.00"
2020-07-21,2020072101025818,GBIME,39,16,10,271.00,"2,710.00"
2020-07-21,2020072101025920,GBIME,45,28,170,270.00,"45,900.00"
2020-07-21,2020072101025919,GBIME,17,28,80,270.00,"21,600.00"
2020-07-21,2020072101025918,GBIME,29,28,376,270.00,"101,520.00"
2020-07-21,2020072101025855,GBIME,29,14,24,270.00,"6,480.00"
2020-07-21,2020072101025854,GBIME,6,14,10,270.00,"2,700.00"
2020-07-21,2020072101025853,GBIME,58,14,150,270.00,"40,500.00"
2020-07-21,2020072101026037,GGBSL,38,57,10,906.00,"9,060.00"
2020-07-21,2020072101025979,GGBSL,19,38,180,900.00,"162,000.00"
2020-07-21,2020072101025784,GGBSL,19,17,10,900.00,"9,000.00"
2020-07-21,2020072101025819,GHL,49,17,30,58.00,"1,740.00"
2020-07-21,2020072101026061,GILB,53,39,11,"1,288.00","14,168.00"
2020-07-21,2020072101025955,GLBSL,43,45,10,829.00,"8,290.00"
2020-07-21,2020072101026075,GLICL,57,42,100,476.00,"47,600.00"
2020-07-21,2020072101025833,GLICL,57,48,29,475.00,"13,775.00"
2020-07-21,2020072101025773,GLICL,50,41,15,476.00,"7,140.00"
2020-07-21,2020072101026102,GRDBL,37,47,20,116.00,"2,320.00"
2020-07-21,2020072101026077,HBL,38,18,72,580.00,"41,760.00"
2020-07-21,2020072101026136,HDHPC,42,41,50,92.00,"4,600.00"
2020-07-21,2020072101026135,HDHPC,42,41,50,92.00,"4,600.00"
2020-07-21,2020072101026105,HDL,26,21,10,"1,755.00","17,550.00"
2020-07-21,2020072101025995,HDL,39,57,100,"1,754.00","175,400.00"
2020-07-21,2020072101025954,HDL,53,56,30,"1,753.00","52,590.00"
2020-07-21,2020072101025953,HDL,33,56,153,"1,753.00","268,209.00"
2020-07-21,2020072101025952,HDL,6,56,100,"1,754.00","175,400.00"
2020-07-21,2020072101025865,HDL,6,49,10,"1,754.00","17,540.00"
2020-07-21,2020072101025835,HDL,52,48,300,"1,755.00","526,500.00"
2020-07-21,2020072101025804,HDL,6,48,90,"1,754.00","157,860.00"
2020-07-21,2020072101025803,HDL,16,48,10,"1,754.00","17,540.00"
2020-07-21,2020072101025654,HDL,33,29,35,"1,753.00","61,355.00"
2020-07-21,2020072101026020,HGI,35,32,475,414.00,"196,650.00"
2020-07-21,2020072101026019,HGI,34,32,75,415.00,"31,125.00"
2020-07-21,2020072101026018,HGI,43,32,50,416.00,"20,800.00"
2020-07-21,2020072101026060,HPPL,1,57,10,132.00,"1,320.00"
2020-07-21,2020072101025966,HPPL,1,58,10,132.00,"1,320.00"
2020-07-21,2020072101026074,HURJA,38,48,10,97.00,970.00
2020-07-21,2020072101026001,HURJA,38,48,10,97.00,970.00
2020-07-21,2020072101026000,HURJA,38,34,10,96.00,960.00
2020-07-21,2020072101025856,ILBS,38,17,11,802.00,"8,822.00"
2020-07-21,2020072101025791,ILBS,38,26,21,802.00,"16,842.00"
2020-07-21,2020072101025790,ILBS,16,26,20,802.00,"16,040.00"
2020-07-21,2020072101025789,ILBS,57,26,55,803.00,"44,165.00"
2020-07-21,2020072101025997,JBBL,34,57,78,182.00,"14,196.00"
2020-07-21,2020072101025996,JBBL,34,58,22,181.00,"3,982.00"
2020-07-21,2020072101025976,JBBL,41,58,100,181.00,"18,100.00"
2020-07-21,2020072101025975,JBBL,17,58,378,181.00,"68,418.00"
2020-07-21,2020072101025692,JBBL,17,58,122,181.00,"22,082.00"
2020-07-21,2020072101025691,JBBL,50,58,50,181.00,"9,050.00"
2020-07-21,2020072101025690,JBBL,34,58,200,181.00,"36,200.00"
2020-07-21,2020072101025689,JBBL,48,58,500,181.00,"90,500.00"
2020-07-21,2020072101025688,JBBL,56,58,300,181.00,"54,300.00"
2020-07-21,2020072101025687,JBBL,58,58,828,181.00,"149,868.00"
2020-07-21,2020072101025946,KBL,49,6,100,204.00,"20,400.00"
2020-07-21,2020072101025759,KBL,49,38,162,204.00,"33,048.00"
2020-07-21,2020072101026101,KMCDB,57,6,10,795.00,"7,950.00"
2020-07-21,2020072101026031,KMCDB,52,55,200,796.00,"159,200.00"
2020-07-21,2020072101026030,KMCDB,52,55,70,796.00,"55,720.00"
2020-07-21,2020072101025969,KMCDB,25,42,10,808.00,"8,080.00"
2020-07-21,2020072101025968,KMCDB,25,57,10,799.00,"7,990.00"
2020-07-21,2020072101025668,KPCL,33,45,10,106.00,"1,060.00"
2020-07-21,2020072101026100,LBBL,51,46,26,196.00,"5,096.00"
2020-07-21,2020072101026099,LBBL,51,38,74,196.00,"14,504.00"
2020-07-21,2020072101025981,LBBL,57,38,70,195.00,"13,650.00"
2020-07-21,2020072101025913,LBBL,17,38,80,195.00,"15,600.00"
2020-07-21,2020072101025912,LBBL,25,38,37,195.00,"7,215.00"
2020-07-21,2020072101025815,LBBL,25,14,63,195.00,"12,285.00"
2020-07-21,2020072101025935,LGIL,6,57,70,452.00,"31,640.00"
2020-07-21,2020072101025859,LGIL,51,39,150,453.00,"67,950.00"
2020-07-21,2020072101025858,LGIL,43,39,100,454.00,"45,400.00"
2020-07-21,2020072101025857,LGIL,49,39,100,455.00,"45,500.00"
2020-07-21,2020072101026118,LICN,44,41,170,"1,415.00","240,550.00"
2020-07-21,2020072101026028,LICN,44,5,190,"1,415.00","268,850.00"
2020-07-21,2020072101026027,LICN,21,5,10,"1,415.00","14,150.00"
2020-07-21,2020072101026007,LLBS,28,28,30,"1,152.00","34,560.00"
2020-07-21,2020072101026006,LLBS,43,28,20,"1,152.00","23,040.00"
2020-07-21,2020072101026034,MBL,54,19,248,245.00,"60,760.00"
2020-07-21,2020072101026016,MBL,59,49,700,244.00,"170,800.00"
2020-07-21,2020072101025686,MBL,34,19,150,245.00,"36,750.00"
2020-07-21,2020072101025685,MBL,55,19,102,245.00,"24,990.00"
2020-07-21,2020072101026124,MEGA,38,58,50,235.00,"11,750.00"
2020-07-21,2020072101026123,MEGA,22,58,300,235.00,"70,500.00"
2020-07-21,2020072101025941,MEGA,19,58,150,236.00,"35,400.00"
2020-07-21,2020072101025938,MEGA,58,43,318,234.00,"74,412.00"
2020-07-21,2020072101025937,MEGA,16,43,82,235.00,"19,270.00"
2020-07-21,2020072101025716,MEGA,6,35,100,235.00,"23,500.00"
2020-07-21,2020072101025715,MEGA,45,35,30,235.00,"7,050.00"
2020-07-21,2020072101025714,MEGA,6,35,200,235.00,"47,000.00"
2020-07-21,2020072101025713,MEGA,29,35,100,235.00,"23,500.00"
2020-07-21,2020072101025659,MEGA,29,10,100,235.00,"23,500.00"
2020-07-21,2020072101025923,MEGA,54,58,100,236.00,"23,600.00"
2020-07-21,2020072101025917,MEGA,16,45,50,235.00,"11,750.00"
2020-07-21,2020072101025808,MEGA,43,58,10,236.00,"2,360.00"
2020-07-21,2020072101025718,MEGA,16,35,368,235.00,"86,480.00"
2020-07-21,2020072101025717,MEGA,6,35,25,235.00,"5,875.00"
2020-07-21,2020072101025998,MERO,26,25,43,641.00,"27,563.00"
2020-07-21,2020072101026117,MFIL,43,1,10,297.00,"2,970.00"
2020-07-21,2020072101026045,MFIL,29,6,55,292.00,"16,060.00"
2020-07-21,2020072101026044,MFIL,45,6,30,294.00,"8,820.00"
2020-07-21,2020072101026043,MFIL,38,6,"1,165",295.00,"343,675.00"
2020-07-21,2020072101026042,MFIL,32,6,50,296.00,"14,800.00"
2020-07-21,2020072101026041,MFIL,1,6,100,296.00,"29,600.00"
2020-07-21,2020072101026032,MFIL,33,1,10,297.00,"2,970.00"
2020-07-21,2020072101026014,MLBBL,45,17,20,776.00,"15,520.00"
2020-07-21,2020072101025914,MLBBL,45,17,10,776.00,"7,760.00"
2020-07-21,2020072101025710,MNBBL,49,25,10,344.00,"3,440.00"
2020-07-21,2020072101026115,MSMBS,8,25,11,699.00,"7,689.00"
2020-07-21,2020072101025963,MSMBS,51,11,11,698.00,"7,678.00"
2020-07-21,2020072101026128,NABIL,29,48,200,862.00,"172,400.00"
2020-07-21,2020072101026127,NABIL,29,22,193,862.00,"166,366.00"
2020-07-21,2020072101025962,NABIL,22,19,655,859.00,"562,645.00"
2020-07-21,2020072101025961,NABIL,28,19,200,859.00,"171,800.00"
2020-07-21,2020072101025960,NABIL,38,19,163,860.00,"140,180.00"
2020-07-21,2020072101025959,NABIL,38,19,82,861.00,"70,602.00"
2020-07-21,2020072101025888,NABIL,38,17,18,861.00,"15,498.00"
2020-07-21,2020072101025847,NABIL,38,45,100,861.00,"86,100.00"
2020-07-21,2020072101025805,NABIL,43,34,226,862.00,"194,812.00"
2020-07-21,2020072101025783,NABIL,49,51,100,862.00,"86,200.00"
2020-07-21,2020072101025782,NADEP,42,19,189,660.00,"124,740.00"
2020-07-21,2020072101025740,NADEP,42,45,11,660.00,"7,260.00"
2020-07-21,2020072101025774,NBB,38,58,168,214.00,"35,952.00"
2020-07-21,2020072101025727,NBB,25,58,116,214.00,"24,824.00"
2020-07-21,2020072101025644,NBB,25,58,116,214.00,"24,824.00"
2020-07-21,2020072101026062,NBL,56,14,200,268.00,"53,600.00"
2020-07-21,2020072101025927,NBL,34,17,72,267.00,"19,224.00"
2020-07-21,2020072101025876,NBL,34,34,50,267.00,"13,350.00"
2020-07-21,2020072101025860,NBL,34,49,700,267.00,"186,900.00"
2020-07-21,2020072101025842,NBL,34,45,20,267.00,"5,340.00"
2020-07-21,2020072101025739,NBL,38,14,489,268.00,"131,052.00"
2020-07-21,2020072101025738,NBL,38,29,11,268.00,"2,948.00"
2020-07-21,2020072101025678,NBL,38,29,10,268.00,"2,680.00"
2020-07-21,2020072101026078,NCCB,42,40,150,200.00,"30,000.00"
2020-07-21,2020072101025936,NCCB,41,7,250,200.00,"50,000.00"
2020-07-21,2020072101025904,NGPL,34,11,11,120.00,"1,320.00"
2020-07-21,2020072101025875,NHDL,49,7,40,135.00,"5,400.00"
2020-07-21,2020072101026063,NIB,19,29,90,470.00,"42,300.00"
2020-07-21,2020072101026049,NIB,19,38,11,470.00,"5,170.00"
2020-07-21,2020072101025967,NIB,19,17,21,470.00,"9,870.00"
2020-07-21,2020072101025929,NIB,19,13,261,470.00,"122,670.00"
2020-07-21,2020072101025928,NIB,19,45,433,470.00,"203,510.00"
2020-07-21,2020072101025915,NIB,48,37,49,467.00,"22,883.00"
2020-07-21,2020072101025890,NIB,48,58,34,467.00,"15,878.00"
2020-07-21,2020072101025889,NIB,22,58,23,469.00,"10,787.00"
2020-07-21,2020072101025647,NIB,49,45,67,470.00,"31,490.00"
2020-07-21,2020072101025646,NIB,49,39,50,470.00,"23,500.00"
2020-07-21,2020072101025645,NIB,49,44,83,470.00,"39,010.00"
2020-07-21,2020072101025987,NIBPO,11,51,300,388.00,"116,400.00"
2020-07-21,2020072101026104,NICA,34,48,100,585.00,"58,500.00"
2020-07-21,2020072101026054,NICA,29,52,300,586.00,"175,800.00"
2020-07-21,2020072101026053,NICA,29,6,100,586.00,"58,600.00"
2020-07-21,2020072101026029,NICA,33,56,256,584.00,"149,504.00"
2020-07-21,2020072101025973,NICA,33,14,500,584.00,"292,000.00"
2020-07-21,2020072101025943,NICA,33,48,551,584.00,"321,784.00"
2020-07-21,2020072101025642,NICA,21,51,50,582.00,"29,100.00"
2020-07-21,2020072101025931,NICA,33,5,400,584.00,"233,600.00"
2020-07-21,2020072101025911,NICA,49,45,"1,300",585.00,"760,500.00"
2020-07-21,2020072101025910,NICA,49,11,20,585.00,"11,700.00"
2020-07-21,2020072101025810,NICA,33,41,"1,000",584.00,"584,000.00"
2020-07-21,2020072101025809,NICA,33,48,108,584.00,"63,072.00"
2020-07-21,2020072101025806,NICA,29,48,200,583.00,"116,600.00"
2020-07-21,2020072101026080,NICL,55,57,310,459.00,"142,290.00"
2020-07-21,2020072101026079,NICL,55,41,190,458.00,"87,020.00"
2020-07-21,2020072101026011,NICL,43,41,10,458.00,"4,580.00"
2020-07-21,2020072101025956,NICL,29,33,50,456.00,"22,800.00"
2020-07-21,2020072101025903,NICL,29,41,200,458.00,"91,600.00"
2020-07-21,2020072101025902,NICL,11,41,200,458.00,"91,600.00"
2020-07-21,2020072101025901,NICL,49,41,100,458.00,"45,800.00"
2020-07-21,2020072101026036,NICLBSL,50,41,10,756.00,"7,560.00"
2020-07-21,2020072101026005,NICLBSL,50,39,10,756.00,"7,560.00"
2020-07-21,2020072101025985,NICLBSL,50,1,10,756.00,"7,560.00"
2020-07-21,2020072101025974,NICLBSL,50,41,10,756.00,"7,560.00"
2020-07-21,2020072101025939,NICLBSL,50,39,10,756.00,"7,560.00"
2020-07-21,2020072101025839,NICLBSL,50,47,10,756.00,"7,560.00"
2020-07-21,2020072101025677,NICLBSL,50,20,10,756.00,"7,560.00"
2020-07-21,2020072101025648,NICLBSL,50,13,10,756.00,"7,560.00"
2020-07-21,2020072101025788,NICLBSL,50,39,10,756.00,"7,560.00"
2020-07-21,2020072101025779,NICLBSL,50,58,10,756.00,"7,560.00"
2020-07-21,2020072101025770,NICLBSL,50,13,10,756.00,"7,560.00"
2020-07-21,2020072101025753,NICLBSL,50,20,10,756.00,"7,560.00"
2020-07-21,2020072101025725,NICLBSL,50,13,10,756.00,"7,560.00"
2020-07-21,2020072101025723,NICLBSL,50,20,10,756.00,"7,560.00"
2020-07-21,2020072101026096,NIL,33,8,51,630.00,"32,130.00"
2020-07-21,2020072101025737,NIL,39,38,100,632.00,"63,200.00"
2020-07-21,2020072101025719,NIL,33,28,100,630.00,"63,000.00"
2020-07-21,2020072101026126,NLIC,59,17,15,"1,326.00","19,890.00"
2020-07-21,2020072101026125,NLIC,44,17,71,"1,327.00","94,217.00"
2020-07-21,2020072101026024,NLIC,51,1,160,"1,330.00","212,800.00"
2020-07-21,2020072101026023,NLIC,51,45,40,"1,330.00","53,200.00"
2020-07-21,2020072101025978,NLIC,44,22,107,"1,327.00","141,989.00"
2020-07-21,2020072101025971,NLIC,44,37,22,"1,327.00","29,194.00"
2020-07-21,2020072101025817,NLIC,49,41,100,"1,328.00","132,800.00"
2020-07-21,2020072101025785,NLIC,49,11,100,"1,328.00","132,800.00"
2020-07-21,2020072101025916,NLIC,44,8,500,"1,327.00","663,500.00"
2020-07-21,2020072101025885,NLIC,44,5,300,"1,327.00","398,100.00"
2020-07-21,2020072101025881,NLIC,33,5,200,"1,327.00","265,400.00"
2020-07-21,2020072101025864,NLIC,14,5,200,"1,327.00","265,400.00"
2020-07-21,2020072101025863,NLIC,37,5,100,"1,327.00","132,700.00"
2020-07-21,2020072101025862,NLIC,49,5,200,"1,328.00","265,600.00"
2020-07-21,2020072101025892,NLICL,32,1,50,689.00,"34,450.00"
2020-07-21,2020072101025832,NLICL,16,22,138,690.00,"95,220.00"
2020-07-21,2020072101025776,NLICL,32,22,50,690.00,"34,500.00"
2020-07-21,2020072101025676,NLICL,50,22,12,690.00,"8,280.00"
2020-07-21,2020072101025675,NLICL,50,29,23,690.00,"15,870.00"
2020-07-21,2020072101026103,NMB,53,21,100,436.00,"43,600.00"
2020-07-21,2020072101026070,NMB,25,41,196,434.00,"85,064.00"
2020-07-21,2020072101026069,NMB,33,41,91,434.00,"39,494.00"
2020-07-21,2020072101026068,NMB,49,41,713,435.00,"310,155.00"
2020-07-21,2020072101026059,NMB,49,32,22,435.00,"9,570.00"
2020-07-21,2020072101026039,NMB,49,26,265,435.00,"115,275.00"
2020-07-21,2020072101025732,NMB,38,58,185,435.00,"80,475.00"
2020-07-21,2020072101025731,NMB,38,56,15,435.00,"6,525.00"
2020-07-21,2020072101025722,NMB,57,56,120,435.00,"52,200.00"
2020-07-21,2020072101025684,NMB,33,56,50,435.00,"21,750.00"
2020-07-21,2020072101025683,NMB,33,39,101,435.00,"43,935.00"
2020-07-21,2020072101025682,NMB,33,45,49,435.00,"21,315.00"
2020-07-21,2020072101025795,NMB,28,17,65,434.00,"28,210.00"
2020-07-21,2020072101025794,NMB,4,17,150,435.00,"65,250.00"
2020-07-21,2020072101025778,NMB,4,58,165,435.00,"71,775.00"
2020-07-21,2020072101025771,NMB,19,58,150,435.00,"65,250.00"
2020-07-21,2020072101025749,NMB,28,34,21,434.00,"9,114.00"
2020-07-21,2020072101025748,NMB,6,34,100,434.00,"43,400.00"
2020-07-21,2020072101025984,NMB,58,26,20,435.00,"8,700.00"
2020-07-21,2020072101025980,NMB,33,17,63,434.00,"27,342.00"
2020-07-21,2020072101025868,NMB,33,26,346,434.00,"150,164.00"
2020-07-21,2020072101025867,NMB,28,26,104,434.00,"45,136.00"
2020-07-21,2020072101025866,NMB,38,26,50,435.00,"21,750.00"
2020-07-21,2020072101025861,NMB,6,21,50,436.00,"21,800.00"
2020-07-21,2020072101025787,NMFBS,33,29,50,"1,645.00","82,250.00"
2020-07-21,2020072101025786,NMFBS,33,26,50,"1,640.00","82,000.00"
2020-07-21,2020072101025698,NMFBS,29,38,20,"1,620.00","32,400.00"
2020-07-21,2020072101026116,NRIC,13,57,30,557.00,"16,710.00"
2020-07-21,2020072101026098,NRIC,13,38,40,557.00,"22,280.00"
2020-07-21,2020072101026067,NRIC,13,38,30,557.00,"16,710.00"
2020-07-21,2020072101026066,NRIC,21,38,10,557.00,"5,570.00"
2020-07-21,2020072101026038,NRIC,21,39,40,557.00,"22,280.00"
2020-07-21,2020072101026025,NRIC,46,41,500,558.00,"279,000.00"
2020-07-21,2020072101025720,NRIC,49,16,130,558.00,"72,540.00"
2020-07-21,2020072101025708,NRIC,28,34,40,557.00,"22,280.00"
2020-07-21,2020072101025699,NRIC,7,16,25,558.00,"13,950.00"
2020-07-21,2020072101025679,NRIC,28,42,540,557.00,"300,780.00"
2020-07-21,2020072101025660,NRIC,28,42,40,557.00,"22,280.00"
2020-07-21,2020072101025653,NRIC,49,16,60,558.00,"33,480.00"
2020-07-21,2020072101025762,NRIC,53,13,35,558.00,"19,530.00"
2020-07-21,2020072101025761,NRIC,53,16,25,558.00,"13,950.00"
2020-07-21,2020072101025747,NRIC,6,16,10,558.00,"5,580.00"
2020-07-21,2020072101025730,NRIC,29,28,30,557.00,"16,710.00"
2020-07-21,2020072101025729,NRIC,28,28,270,557.00,"150,390.00"
2020-07-21,2020072101025724,NRIC,28,38,40,557.00,"22,280.00"
2020-07-21,2020072101025822,NRIC,17,26,15,558.00,"8,370.00"
2020-07-21,2020072101025821,NRIC,17,39,40,558.00,"22,320.00"
2020-07-21,2020072101025820,NRIC,17,46,20,558.00,"11,160.00"
2020-07-21,2020072101025765,NRIC,17,13,50,558.00,"27,900.00"
2020-07-21,2020072101025764,NRIC,17,3,160,558.00,"89,280.00"
2020-07-21,2020072101025763,NRIC,11,13,5,558.00,"2,790.00"
2020-07-21,2020072101025828,NRIC,51,26,90,557.00,"50,130.00"
2020-07-21,2020072101025827,NRIC,33,26,10,557.00,"5,570.00"
2020-07-21,2020072101025826,NRIC,42,26,20,557.00,"11,140.00"
2020-07-21,2020072101025825,NRIC,42,26,120,557.00,"66,840.00"
2020-07-21,2020072101025824,NRIC,49,26,175,557.00,"97,475.00"
2020-07-21,2020072101025823,NRIC,29,26,70,557.00,"38,990.00"
2020-07-21,2020072101025897,NRIC,51,43,40,557.00,"22,280.00"
2020-07-21,2020072101025886,NRIC,51,46,20,557.00,"11,140.00"
2020-07-21,2020072101025879,NRIC,21,41,10,558.00,"5,580.00"
2020-07-21,2020072101025878,NRIC,51,39,50,557.00,"27,850.00"
2020-07-21,2020072101025848,NRIC,51,56,500,557.00,"278,500.00"
2020-07-21,2020072101025834,NRIC,51,1,100,557.00,"55,700.00"
2020-07-21,2020072101025948,NRIC,51,55,315,557.00,"175,455.00"
2020-07-21,2020072101025942,NRIC,51,48,40,557.00,"22,280.00"
2020-07-21,2020072101025909,NRIC,51,57,50,557.00,"27,850.00"
2020-07-21,2020072101025900,NRIC,51,43,95,557.00,"52,915.00"
2020-07-21,2020072101025899,NRIC,37,43,150,557.00,"83,550.00"
2020-07-21,2020072101025898,NRIC,19,43,15,557.00,"8,355.00"
2020-07-21,2020072101026015,NRIC,21,38,40,557.00,"22,280.00"
2020-07-21,2020072101026012,NRIC,21,17,40,557.00,"22,280.00"
2020-07-21,2020072101025986,NRIC,21,38,50,557.00,"27,850.00"
2020-07-21,2020072101025951,NRIC,21,55,20,557.00,"11,140.00"
2020-07-21,2020072101025950,NRIC,33,55,15,557.00,"8,355.00"
2020-07-21,2020072101025949,NRIC,41,55,50,557.00,"27,850.00"
2020-07-21,2020072101025993,NTC,45,52,115,658.00,"75,670.00"
2020-07-21,2020072101025992,NTC,11,52,25,659.00,"16,475.00"
2020-07-21,2020072101025958,NTC,11,46,200,659.00,"131,800.00"
2020-07-21,2020072101026134,OHL,17,42,454,334.00,"151,636.00"
2020-07-21,2020072101026133,OHL,17,50,46,333.00,"15,318.00"
2020-07-21,2020072101025696,OHL,29,50,54,333.00,"17,982.00"
2020-07-21,2020072101025695,OHL,29,8,"1,305",333.00,"434,565.00"
2020-07-21,2020072101025694,OHL,29,33,119,332.00,"39,508.00"
2020-07-21,2020072101026114,PCBL,32,21,300,286.00,"85,800.00"
2020-07-21,2020072101026058,PCBL,45,49,225,285.00,"64,125.00"
2020-07-21,2020072101026057,PCBL,33,49,100,285.00,"28,500.00"
2020-07-21,2020072101026056,PCBL,48,49,500,285.00,"142,500.00"
2020-07-21,2020072101026055,PCBL,45,49,175,285.00,"49,875.00"
2020-07-21,2020072101026009,PCBL,25,21,100,286.00,"28,600.00"
2020-07-21,2020072101025649,PCBL,7,21,100,286.00,"28,600.00"
2020-07-21,2020072101025651,PIC,58,11,11,612.00,"6,732.00"
2020-07-21,2020072101026010,PRIN,26,36,161,495.00,"79,695.00"
2020-07-21,2020072101025970,PRIN,10,45,290,494.00,"143,260.00"
2020-07-21,2020072101025643,PROFL,45,45,263,107.00,"28,141.00"
2020-07-21,2020072101026140,PRVU,33,58,203,246.00,"49,938.00"
2020-07-21,2020072101026139,PRVU,16,8,877,247.00,"216,619.00"
2020-07-21,2020072101026138,PRVU,16,33,106,247.00,"26,182.00"
2020-07-21,2020072101026137,PRVU,16,35,17,247.00,"4,199.00"
2020-07-21,2020072101025666,PRVU,48,35,250,247.00,"61,750.00"
2020-07-21,2020072101025733,PRVU,51,35,50,247.00,"12,350.00"
2020-07-21,2020072101025704,PRVU,49,35,10,247.00,"2,470.00"
2020-07-21,2020072101025697,PRVU,33,22,300,246.00,"73,800.00"
2020-07-21,2020072101026017,PRVU,53,35,100,247.00,"24,700.00"
2020-07-21,2020072101025924,PRVU,33,58,525,246.00,"129,150.00"
2020-07-21,2020072101025849,PRVU,58,35,"1,000",247.00,"247,000.00"
2020-07-21,2020072101025841,PRVU,33,28,16,246.00,"3,936.00"
2020-07-21,2020072101025840,PRVU,33,13,500,246.00,"123,000.00"
2020-07-21,2020072101025768,PRVU,22,35,200,247.00,"49,400.00"
2020-07-21,2020072101026050,RADHI,51,13,11,166.00,"1,826.00"
2020-07-21,2020072101026052,RHPL,6,56,40,147.00,"5,880.00"
2020-07-21,2020072101025728,RHPL,6,34,30,147.00,"4,410.00"
2020-07-21,2020072101026033,RSDC,11,49,89,529.00,"47,081.00"
2020-07-21,2020072101026013,RSDC,11,39,11,529.00,"5,819.00"
2020-07-21,2020072101025869,RSDC,48,41,200,530.00,"106,000.00"
2020-07-21,2020072101025905,SABSL,7,47,11,805.00,"8,855.00"
2020-07-21,2020072101025652,SABSL,45,57,11,804.00,"8,844.00"
2020-07-21,2020072101026047,SANIMA,57,41,40,367.00,"14,680.00"
2020-07-21,2020072101026026,SANIMA,45,45,10,366.00,"3,660.00"
2020-07-21,2020072101025990,SANIMA,52,41,"1,000",367.00,"367,000.00"
2020-07-21,2020072101025989,SANIMA,45,41,100,367.00,"36,700.00"
2020-07-21,2020072101025988,SANIMA,7,41,20,367.00,"7,340.00"
2020-07-21,2020072101025814,SANIMA,46,45,20,368.00,"7,360.00"
2020-07-21,2020072101025813,SANIMA,10,45,"1,000",368.00,"368,000.00"
2020-07-21,2020072101025812,SANIMA,7,45,20,368.00,"7,360.00"
2020-07-21,2020072101025811,SANIMA,38,45,"1,660",368.00,"610,880.00"
2020-07-21,2020072101025780,SANIMA,38,45,716,368.00,"263,488.00"
2020-07-21,2020072101025965,SBI,51,4,10,453.00,"4,530.00"
2020-07-21,2020072101025964,SBI,39,4,488,453.00,"221,064.00"
2020-07-21,2020072101026002,SCB,44,39,50,684.00,"34,200.00"
2020-07-21,2020072101025991,SCB,1,44,100,685.00,"68,500.00"
2020-07-21,2020072101025972,SCB,33,56,499,685.00,"341,815.00"
2020-07-21,2020072101025926,SCB,44,52,20,684.00,"13,680.00"
2020-07-21,2020072101025925,SCB,44,4,500,684.00,"342,000.00"
2020-07-21,2020072101025769,SCB,42,50,30,683.00,"20,490.00"
2020-07-21,2020072101025706,SCB,33,8,185,684.00,"126,540.00"
2020-07-21,2020072101026082,SDESI,25,34,10,900.00,"9,000.00"
2020-07-21,2020072101026081,SDESI,25,14,31,899.00,"27,869.00"
2020-07-21,2020072101025983,SDESI,8,54,28,896.00,"25,088.00"
2020-07-21,2020072101025982,SDESI,8,59,10,896.00,"8,960.00"
2020-07-21,2020072101025957,SDESI,38,14,50,893.00,"44,650.00"
2020-07-21,2020072101025775,SDESI,38,16,36,893.00,"32,148.00"
2020-07-21,2020072101025736,SDESI,7,34,49,895.00,"43,855.00"
2020-07-21,2020072101025735,SDESI,56,34,50,896.00,"44,800.00"
2020-07-21,2020072101025767,SHINE,47,11,97,249.00,"24,153.00"
2020-07-21,2020072101025703,SHINE,57,16,50,250.00,"12,500.00"
2020-07-21,2020072101025674,SHIVM,10,1,500,614.00,"307,000.00"
2020-07-21,2020072101025673,SHIVM,10,16,500,613.00,"306,500.00"
2020-07-21,2020072101025672,SHIVM,10,56,500,613.00,"306,500.00"
2020-07-21,2020072101025671,SHIVM,10,39,100,612.00,"61,200.00"
2020-07-21,2020072101025670,SHIVM,10,1,50,612.00,"30,600.00"
2020-07-21,2020072101025669,SHIVM,10,58,25,612.00,"15,300.00"
2020-07-21,2020072101025934,SHL,35,25,200,158.00,"31,600.00"
2020-07-21,2020072101025933,SHL,35,42,100,158.00,"15,800.00"
2020-07-21,2020072101025932,SHL,35,34,200,158.00,"31,600.00"
2020-07-21,2020072101026141,SHPC,44,18,418,222.00,"92,796.00"
2020-07-21,2020072101026122,SICL,36,45,53,"1,100.00","58,300.00"
2020-07-21,2020072101026121,SICL,36,46,47,"1,100.00","51,700.00"
2020-07-21,2020072101025831,SICL,49,28,175,"1,095.00","191,625.00"
2020-07-21,2020072101025766,SICL,49,28,200,"1,095.00","219,000.00"
2020-07-21,2020072101026097,SJCL,6,56,20,136.00,"2,720.00"
2020-07-21,2020072101025700,SJCL,6,57,10,136.00,"1,360.00"
2020-07-21,2020072101025754,SJCL,6,34,20,136.00,"2,720.00"
2020-07-21,2020072101025667,SLBBL,57,19,100,895.00,"89,500.00"
2020-07-21,2020072101026132,SLBS,29,58,10,"1,005.00","10,050.00"
2020-07-21,2020072101026131,SLBS,29,48,30,"1,004.00","30,120.00"
2020-07-21,2020072101026130,SLBS,29,25,10,"1,003.00","10,030.00"
2020-07-21,2020072101026129,SLBS,29,1,50,"1,000.00","50,000.00"
2020-07-21,2020072101025709,SLBS,58,25,36,995.00,"35,820.00"
2020-07-21,2020072101026076,SLBSL,46,34,10,875.00,"8,750.00"
2020-07-21,2020072101025945,SLICL,35,38,200,458.00,"91,600.00"
2020-07-21,2020072101025895,SLICL,57,38,200,458.00,"91,600.00"
2020-07-21,2020072101025894,SLICL,57,38,20,458.00,"9,160.00"
2020-07-21,2020072101025893,SLICL,4,38,198,458.00,"90,684.00"
2020-07-21,2020072101025880,SLICL,5,45,100,460.00,"46,000.00"
2020-07-21,2020072101025793,SRBL,21,34,10,256.00,"2,560.00"
2020-07-21,2020072101025792,SRBL,18,34,52,256.00,"13,312.00"
2020-07-21,2020072101026083,SWBBL,17,33,30,"1,185.00","35,550.00"
2020-07-21,2020072101026072,UPCL,16,21,200,72.00,"14,400.00"
2020-07-21,2020072101026071,UPCL,16,32,150,72.00,"10,800.00"
2020-07-21,2020072101026008,UPPER,52,58,50,234.00,"11,700.00"
2020-07-21,2020072101025908,UPPER,52,25,50,234.00,"11,700.00"
2020-07-21,2020072101025757,UPPER,47,50,103,235.00,"24,205.00"
2020-07-21,2020072101025756,UPPER,52,50,60,235.00,"14,100.00"
2020-07-21,2020072101025734,UPPER,52,57,40,235.00,"9,400.00"
2020-07-21,2020072101026021,VLBS,3,34,50,998.00,"49,900.00"
2020-07-21,2020072101025940,VLBS,3,42,25,997.00,"24,925.00"
2020-07-21,2020072101025781,VLBS,17,25,30,986.00,"29,580.00"
2020-07-21,2020072101025887,WOMI,52,10,10,989.00,"9,890.00"
2020-07-21,2020072101025851,WOMI,52,25,17,978.00,"16,626.00"
2020-07-21,2020072101025850,WOMI,58,25,50,978.00,"48,900.00"
2020-07-21,2020072101025846,WOMI,52,22,22,980.00,"21,560.00"
2020-07-21,2020072101025800,WOMI,36,22,30,980.00,"29,400.00"
2020-07-21,2020072101025799,WOMI,44,22,10,980.00,"9,800.00"
2020-07-21,2020072101025798,WOMI,57,22,20,980.00,"19,600.00"
2020-07-21,2020072101025797,WOMI,13,22,10,980.00,"9,800.00"
2020-07-21,2020072101025796,WOMI,39,22,100,980.00,"98,000.00"
2020-07-21,2020072101025336,ADBL,47,51,200,430.00,"86,000.00"
2020-07-21,2020072101025265,ADBL,57,14,81,429.00,"34,749.00"
2020-07-21,2020072101025264,ADBL,14,14,20,429.00,"8,580.00"
2020-07-21,2020072101025158,AKJCL,22,41,270,49.98,"13,494.60"
2020-07-21,2020072101025438,ALBSL,25,29,10,739.00,"7,390.00"
2020-07-21,2020072101025221,ALICL,57,16,500,628.00,"314,000.00"
2020-07-21,2020072101025204,ALICL,49,57,10,634.00,"6,340.00"
2020-07-21,2020072101025218,API,34,25,407,108.00,"43,956.00"
2020-07-21,2020072101025217,API,34,25,"1,000",108.00,"108,000.00"
2020-07-21,2020072101025216,API,38,25,300,108.00,"32,400.00"
2020-07-21,2020072101025215,API,38,25,500,108.00,"54,000.00"
2020-07-21,2020072101025214,API,26,25,100,108.00,"10,800.00"
2020-07-21,2020072101025213,API,25,25,300,108.00,"32,400.00"
2020-07-21,2020072101025212,API,44,25,341,108.00,"36,828.00"
2020-07-21,2020072101025211,API,53,25,152,109.00,"16,568.00"
2020-07-21,2020072101025612,BOKL,36,7,175,236.00,"41,300.00"
2020-07-21,2020072101025611,BOKL,40,7,500,236.00,"118,000.00"
2020-07-21,2020072101025610,BOKL,38,7,50,236.00,"11,800.00"
2020-07-21,2020072101025609,BOKL,1,7,275,236.00,"64,900.00"
2020-07-21,2020072101025463,BOKL,48,13,250,237.00,"59,250.00"
2020-07-21,2020072101025410,BOKL,26,13,439,237.00,"104,043.00"
2020-07-21,2020072101025206,BOKL,41,7,500,236.00,"118,000.00"
2020-07-21,2020072101025202,BOKL,11,50,40,237.00,"9,480.00"
2020-07-21,2020072101025409,BOKL,26,50,61,237.00,"14,457.00"
2020-07-21,2020072101025257,BOKL,1,7,525,236.00,"123,900.00"
2020-07-21,2020072101025210,BOKL,1,7,200,236.00,"47,200.00"
2020-07-21,2020072101025209,BOKL,34,7,100,236.00,"23,600.00"
2020-07-21,2020072101025208,BOKL,34,7,200,236.00,"47,200.00"
2020-07-21,2020072101025207,BOKL,37,7,"1,000",236.00,"236,000.00"
2020-07-21,2020072101025540,BPCL,14,41,12,367.00,"4,404.00"
2020-07-21,2020072101025479,BPCL,47,16,200,367.00,"73,400.00"
2020-07-21,2020072101025308,CBBL,21,26,84,"1,080.00","90,720.00"
2020-07-21,2020072101025307,CBBL,6,26,16,"1,085.00","17,360.00"
2020-07-21,2020072101025153,CBBL,6,38,12,"1,085.00","13,020.00"
2020-07-21,2020072101025515,CBL,14,14,"1,254",146.00,"183,084.00"
2020-07-21,2020072101025514,CBL,14,14,"1,254",146.00,"183,084.00"
2020-07-21,2020072101025513,CBL,14,14,"1,254",146.00,"183,084.00"
2020-07-21,2020072101025291,CBL,37,14,"1,945",145.00,"282,025.00"
2020-07-21,2020072101025290,CBL,34,14,100,145.00,"14,500.00"
2020-07-21,2020072101025289,CBL,34,14,100,145.00,"14,500.00"
2020-07-21,2020072101025154,CBL,10,45,216,146.00,"31,536.00"
2020-07-21,2020072101025288,CBL,44,14,30,145.00,"4,350.00"
2020-07-21,2020072101025287,CBL,57,14,500,145.00,"72,500.00"
2020-07-21,2020072101025286,CBL,28,14,100,146.00,"14,600.00"
2020-07-21,2020072101025285,CBL,38,14,100,146.00,"14,600.00"
2020-07-21,2020072101025284,CBL,41,14,500,146.00,"73,000.00"
2020-07-21,2020072101025283,CBL,10,14,388,146.00,"56,648.00"
2020-07-21,2020072101025489,CCBL,35,57,100,184.00,"18,400.00"
2020-07-21,2020072101025448,CCBL,54,57,50,184.00,"9,200.00"
2020-07-21,2020072101025306,CHL,1,53,48,81.00,"3,888.00"
2020-07-21,2020072101025529,CIT,54,56,50,"2,570.00","128,500.00"
2020-07-21,2020072101025150,CIT,34,42,40,"2,570.00","102,800.00"
2020-07-21,2020072101025468,CZBIL,35,26,100,205.00,"20,500.00"
2020-07-21,2020072101025456,CZBIL,57,26,100,205.00,"20,500.00"
2020-07-21,2020072101025422,EBL,39,33,66,767.00,"50,622.00"
2020-07-21,2020072101025421,EBL,14,33,150,768.00,"115,200.00"
2020-07-21,2020072101025385,EBL,14,51,100,768.00,"76,800.00"
2020-07-21,2020072101025374,EBL,39,42,20,767.00,"15,340.00"
2020-07-21,2020072101025310,EBL,39,48,14,767.00,"10,738.00"
2020-07-21,2020072101025626,FMDBL,35,10,40,561.00,"22,440.00"
2020-07-21,2020072101025616,FMDBL,3,28,100,562.00,"56,200.00"
2020-07-21,2020072101025641,GBIME,57,16,300,271.00,"81,300.00"
2020-07-21,2020072101025584,GBIME,58,42,500,270.00,"135,000.00"
2020-07-21,2020072101025576,GBIME,35,16,100,271.00,"27,100.00"
2020-07-21,2020072101025538,GBIME,32,16,200,271.00,"54,200.00"
2020-07-21,2020072101025537,GBIME,49,16,75,271.00,"20,325.00"
2020-07-21,2020072101025498,GBIME,6,5,260,272.00,"70,720.00"
2020-07-21,2020072101025146,GBIME,43,22,135,271.00,"36,585.00"
2020-07-21,2020072101025497,GBIME,6,45,400,272.00,"108,800.00"
2020-07-21,2020072101025496,GBIME,6,47,340,272.00,"92,480.00"
2020-07-21,2020072101025476,GBIME,49,41,25,271.00,"6,775.00"
2020-07-21,2020072101025377,GBIME,49,49,900,271.00,"243,900.00"
2020-07-21,2020072101025376,GBIME,32,49,50,271.00,"13,550.00"
2020-07-21,2020072101025375,GBIME,55,49,50,271.00,"13,550.00"
2020-07-21,2020072101025404,GBLBS,6,22,80,519.00,"41,520.00"
2020-07-21,2020072101025305,GBLBS,14,22,185,519.00,"96,015.00"
2020-07-21,2020072101025304,GBLBS,14,58,15,518.00,"7,770.00"
2020-07-21,2020072101025267,GBLBS,44,45,830,517.00,"429,110.00"
2020-07-21,2020072101025180,GFCL,11,59,40,152.00,"6,080.00"
2020-07-21,2020072101025263,GHL,49,39,20,58.00,"1,160.00"
2020-07-21,2020072101025262,GHL,49,58,20,58.00,"1,160.00"
2020-07-21,2020072101025157,GHL,34,17,110,57.00,"6,270.00"
2020-07-21,2020072101025469,GLBSL,8,49,50,821.00,"41,050.00"
2020-07-21,2020072101025401,GLICL,34,41,15,476.00,"7,140.00"
2020-07-21,2020072101025303,GLICL,34,45,144,476.00,"68,544.00"
2020-07-21,2020072101025603,HBL,45,18,103,580.00,"59,740.00"
2020-07-21,2020072101025602,HBL,33,18,25,581.00,"14,525.00"
2020-07-21,2020072101025487,HBL,45,17,77,580.00,"44,660.00"
2020-07-21,2020072101025270,HBL,45,14,20,580.00,"11,600.00"
2020-07-21,2020072101025639,HDL,33,41,300,"1,753.00","525,900.00"
2020-07-21,2020072101025638,HDL,36,41,100,"1,754.00","175,400.00"
2020-07-21,2020072101025632,HDL,33,51,12,"1,753.00","21,036.00"
2020-07-21,2020072101025631,HDL,43,51,48,"1,754.00","84,192.00"
2020-07-21,2020072101025619,HDL,47,47,10,"1,752.00","17,520.00"
2020-07-21,2020072101025618,HDL,49,47,50,"1,755.00","87,750.00"
2020-07-21,2020072101025219,HDL,42,42,10,"1,758.00","17,580.00"
2020-07-21,2020072101025178,HDL,52,1,10,"1,755.00","17,550.00"
2020-07-21,2020072101025398,HDL,49,47,10,"1,758.00","17,580.00"
2020-07-21,2020072101025352,HDL,49,42,290,"1,758.00","509,820.00"
2020-07-21,2020072101025333,HDL,33,47,120,"1,753.00","210,360.00"
2020-07-21,2020072101025332,HDL,19,47,70,"1,754.00","122,780.00"
2020-07-21,2020072101025331,HDL,34,47,30,"1,754.00","52,620.00"
2020-07-21,2020072101025330,HDL,52,47,40,"1,755.00","70,200.00"
2020-07-21,2020072101025541,HDL,33,56,420,"1,753.00","736,260.00"
2020-07-21,2020072101025503,HDL,33,47,190,"1,753.00","333,070.00"
2020-07-21,2020072101025460,HDL,33,47,210,"1,753.00","368,130.00"
2020-07-21,2020072101025459,HDL,42,47,40,"1,758.00","70,320.00"
2020-07-21,2020072101025457,HDL,42,49,100,"1,758.00","175,800.00"
2020-07-21,2020072101025399,HDL,42,47,150,"1,758.00","263,700.00"
2020-07-21,2020072101025608,HDL,49,55,50,"1,755.00","87,750.00"
2020-07-21,2020072101025601,HDL,49,55,50,"1,755.00","87,750.00"
2020-07-21,2020072101025570,HDL,33,57,180,"1,759.00","316,620.00"
2020-07-21,2020072101025569,HDL,33,40,30,"1,758.00","52,740.00"
2020-07-21,2020072101025568,HDL,33,49,10,"1,758.00","17,580.00"
2020-07-21,2020072101025567,HDL,33,47,60,"1,753.00","105,180.00"
2020-07-21,2020072101025591,HGI,34,40,25,415.00,"10,375.00"
2020-07-21,2020072101025590,HGI,32,40,75,415.00,"31,125.00"
2020-07-21,2020072101025589,HGI,34,40,100,416.00,"41,600.00"
2020-07-21,2020072101025338,HPPL,28,5,200,130.00,"26,000.00"
2020-07-21,2020072101025571,HURJA,38,34,10,96.00,960.00
2020-07-21,2020072101025580,JBBL,47,57,500,182.00,"91,000.00"
2020-07-21,2020072101025629,KBL,49,8,100,204.00,"20,400.00"
2020-07-21,2020072101025520,KBL,35,8,100,205.00,"20,500.00"
2020-07-21,2020072101025462,KBL,10,8,300,205.00,"61,500.00"
2020-07-21,2020072101025392,KBL,29,8,370,205.00,"75,850.00"
2020-07-21,2020072101025391,KBL,29,42,130,205.00,"26,650.00"
2020-07-21,2020072101025495,KMCDB,52,55,10,796.00,"7,960.00"
2020-07-21,2020072101025471,KMCDB,52,45,10,796.00,"7,960.00"
2020-07-21,2020072101025280,KPCL,33,58,10,106.00,"1,060.00"
2020-07-21,2020072101025231,KPCL,33,52,10,106.00,"1,060.00"
2020-07-21,2020072101025165,KPCL,33,57,10,106.00,"1,060.00"
2020-07-21,2020072101025144,KPCL,33,34,360,106.00,"38,160.00"
2020-07-21,2020072101025143,KPCL,33,47,10,105.00,"1,050.00"
2020-07-21,2020072101025142,KPCL,33,25,10,105.00,"1,050.00"
2020-07-21,2020072101025621,LBBL,19,1,200,195.00,"39,000.00"
2020-07-21,2020072101025579,LBBL,42,57,130,194.00,"25,220.00"
2020-07-21,2020072101025574,LBBL,42,57,50,194.00,"9,700.00"
2020-07-21,2020072101025494,LBBL,45,57,20,194.00,"3,880.00"
2020-07-21,2020072101025402,LBBL,17,57,300,194.00,"58,200.00"
2020-07-21,2020072101025268,LBBL,51,51,50,193.00,"9,650.00"
2020-07-21,2020072101025166,LBBL,34,51,44,192.00,"8,448.00"
2020-07-21,2020072101025552,LBL,10,57,300,238.00,"71,400.00"
2020-07-21,2020072101025281,LBL,49,6,44,239.00,"10,516.00"
2020-07-21,2020072101025277,LBL,49,34,"2,000",239.00,"478,000.00"
2020-07-21,2020072101025169,LBL,49,39,20,239.00,"4,780.00"
2020-07-21,2020072101025293,LGIL,42,16,23,459.00,"10,557.00"
2020-07-21,2020072101025588,MBL,55,49,400,245.00,"98,000.00"
2020-07-21,2020072101025587,MBL,35,49,100,246.00,"24,600.00"
2020-07-21,2020072101025550,MBL,55,14,498,245.00,"122,010.00"
2020-07-21,2020072101025549,MBL,47,14,20,245.00,"4,900.00"
2020-07-21,2020072101025548,MBL,29,14,200,245.00,"49,000.00"
2020-07-21,2020072101025547,MBL,17,14,282,245.00,"69,090.00"
2020-07-21,2020072101025583,MEGA,29,36,200,235.00,"47,000.00"
2020-07-21,2020072101025521,MEGA,58,8,490,234.00,"114,660.00"
2020-07-21,2020072101025248,MEGA,6,35,400,234.00,"93,600.00"
2020-07-21,2020072101025247,MEGA,29,35,77,234.00,"18,018.00"
2020-07-21,2020072101025246,MEGA,45,35,500,235.00,"117,500.00"
2020-07-21,2020072101025245,MEGA,19,35,200,235.00,"47,000.00"
2020-07-21,2020072101025190,MEGA,41,58,13,236.00,"3,068.00"
2020-07-21,2020072101025189,MEGA,41,59,20,236.00,"4,720.00"
2020-07-21,2020072101025188,MEGA,41,29,167,236.00,"39,412.00"
2020-07-21,2020072101025329,MFIL,55,50,960,296.00,"284,160.00"
2020-07-21,2020072101025179,MFIL,19,50,40,296.00,"11,840.00"
2020-07-21,2020072101025312,MHNL,36,17,80,79.00,"6,320.00"
2020-07-21,2020072101025582,MLBL,28,26,500,207.00,"103,500.00"
2020-07-21,2020072101025337,MNBBL,58,33,355,341.00,"121,055.00"
2020-07-21,2020072101025186,MNBBL,58,28,300,341.00,"102,300.00"
2020-07-21,2020072101025235,MSMBS,8,11,11,697.00,"7,667.00"
2020-07-21,2020072101025519,NABIL,38,28,37,860.00,"31,820.00"
2020-07-21,2020072101025518,NABIL,45,28,13,862.00,"11,206.00"
2020-07-21,2020072101025484,NABIL,45,1,63,862.00,"54,306.00"
2020-07-21,2020072101025483,NABIL,45,47,24,862.00,"20,688.00"
2020-07-21,2020072101025454,NABIL,38,28,94,858.00,"80,652.00"
2020-07-21,2020072101025453,NABIL,39,28,300,858.00,"257,400.00"
2020-07-21,2020072101025319,NABIL,7,28,50,861.00,"43,050.00"
2020-07-21,2020072101025325,NABIL,19,28,50,860.00,"43,000.00"
2020-07-21,2020072101025324,NABIL,21,28,200,860.00,"172,000.00"
2020-07-21,2020072101025323,NABIL,49,28,450,860.00,"387,000.00"
2020-07-21,2020072101025322,NABIL,56,28,100,860.00,"86,000.00"
2020-07-21,2020072101025321,NABIL,11,28,10,860.00,"8,600.00"
2020-07-21,2020072101025320,NABIL,57,28,16,860.00,"13,760.00"
2020-07-21,2020072101025452,NABIL,49,28,556,859.00,"477,604.00"
2020-07-21,2020072101025451,NABIL,33,28,50,860.00,"43,000.00"
2020-07-21,2020072101025413,NABIL,49,45,100,859.00,"85,900.00"
2020-07-21,2020072101025328,NABIL,49,28,344,859.00,"295,496.00"
2020-07-21,2020072101025327,NABIL,6,28,250,859.00,"214,750.00"
2020-07-21,2020072101025326,NABIL,13,28,30,859.00,"25,770.00"
2020-07-21,2020072101025282,NADEP,57,33,23,656.00,"15,088.00"
2020-07-21,2020072101025599,NBB,49,58,300,214.00,"64,200.00"
2020-07-21,2020072101025162,NBB,26,43,240,213.00,"51,120.00"
2020-07-21,2020072101025474,NBL,46,29,20,268.00,"5,360.00"
2020-07-21,2020072101025473,NBL,21,29,209,268.00,"56,012.00"
2020-07-21,2020072101025436,NBL,38,58,10,269.00,"2,690.00"
2020-07-21,2020072101025431,NBL,21,45,291,268.00,"77,988.00"
2020-07-21,2020072101025430,NBL,33,45,250,268.00,"67,000.00"
2020-07-21,2020072101025429,NBL,21,45,"1,000",268.00,"268,000.00"
2020-07-21,2020072101025152,NBL,49,21,10,269.00,"2,690.00"
2020-07-21,2020072101025229,NBL,43,34,135,269.00,"36,315.00"
2020-07-21,2020072101025228,NBL,43,21,170,269.00,"45,730.00"
2020-07-21,2020072101025227,NBL,43,41,75,269.00,"20,175.00"
2020-07-21,2020072101025198,NBL,42,21,10,269.00,"2,690.00"
2020-07-21,2020072101025193,NBL,37,34,103,268.00,"27,604.00"
2020-07-21,2020072101025160,NBL,37,34,13,268.00,"3,484.00"
2020-07-21,2020072101025428,NBL,29,45,100,268.00,"26,800.00"
2020-07-21,2020072101025427,NBL,34,45,50,268.00,"13,400.00"
2020-07-21,2020072101025426,NBL,47,45,500,268.00,"134,000.00"
2020-07-21,2020072101025425,NBL,22,45,20,268.00,"5,360.00"
2020-07-21,2020072101025424,NBL,37,45,24,268.00,"6,432.00"
2020-07-21,2020072101025294,NBL,43,58,620,269.00,"166,780.00"
2020-07-21,2020072101025546,NCCB,41,33,50,200.00,"10,000.00"
2020-07-21,2020072101025446,NCCB,41,37,"1,000",200.00,"200,000.00"
2020-07-21,2020072101025445,NCCB,41,34,"1,000",200.00,"200,000.00"
2020-07-21,2020072101025444,NCCB,41,16,440,200.00,"88,000.00"
2020-07-21,2020072101025443,NCCB,41,21,275,200.00,"55,000.00"
2020-07-21,2020072101025442,NCCB,41,25,977,200.00,"195,400.00"
2020-07-21,2020072101025309,NCCB,56,52,170,199.00,"33,830.00"
2020-07-21,2020072101025234,NCCB,56,10,300,199.00,"59,700.00"
2020-07-21,2020072101025506,NGPL,34,56,45,120.00,"5,400.00"
2020-07-21,2020072101025201,NHPC,36,39,20,53.00,"1,060.00"
2020-07-21,2020072101025617,NIB,22,48,130,469.00,"60,970.00"
2020-07-21,2020072101025585,NIB,22,20,30,469.00,"14,070.00"
2020-07-21,2020072101025573,NIB,22,1,27,469.00,"12,663.00"
2020-07-21,2020072101025572,NIB,48,1,173,469.00,"81,137.00"
2020-07-21,2020072101025512,NIB,48,38,25,469.00,"11,725.00"
2020-07-21,2020072101025502,NIB,48,29,27,469.00,"12,663.00"
2020-07-21,2020072101025203,NIB,19,11,49,466.00,"22,834.00"
2020-07-21,2020072101025196,NIB,19,34,200,466.00,"93,200.00"
2020-07-21,2020072101025501,NIB,48,58,225,469.00,"105,525.00"
2020-07-21,2020072101025500,NIB,48,14,50,468.00,"23,400.00"
2020-07-21,2020072101025345,NIB,36,38,150,467.00,"70,050.00"
2020-07-21,2020072101025344,NIB,36,14,100,467.00,"46,700.00"
2020-07-21,2020072101025343,NIB,36,48,23,467.00,"10,741.00"
2020-07-21,2020072101025224,NIB,59,6,4,466.00,"1,864.00"
2020-07-21,2020072101025586,NIBPO,19,49,200,387.00,"77,400.00"
2020-07-21,2020072101025259,NIBPO,42,28,770,385.00,"296,450.00"
2020-07-21,2020072101025258,NIBPO,16,28,"1,000",385.00,"385,000.00"
2020-07-21,2020072101025351,NIBPO,17,28,30,385.00,"11,550.00"
2020-07-21,2020072101025350,NIBPO,46,28,200,385.00,"77,000.00"
2020-07-21,2020072101025349,NIBPO,34,28,270,385.00,"103,950.00"
2020-07-21,2020072101025261,NIBPO,34,28,230,385.00,"88,550.00"
2020-07-21,2020072101025260,NIBPO,42,28,500,385.00,"192,500.00"
2020-07-21,2020072101025545,NICA,21,52,69,582.00,"40,158.00"
2020-07-21,2020072101025339,NICA,28,46,500,582.00,"291,000.00"
2020-07-21,2020072101025145,NICA,36,6,40,581.00,"23,240.00"
2020-07-21,2020072101025620,NICLBSL,50,42,10,756.00,"7,560.00"
2020-07-21,2020072101025578,NICLBSL,50,39,10,756.00,"7,560.00"
2020-07-21,2020072101025563,NICLBSL,50,29,10,756.00,"7,560.00"
2020-07-21,2020072101025535,NICLBSL,44,39,10,756.00,"7,560.00"
2020-07-21,2020072101025504,NICLBSL,44,17,10,756.00,"7,560.00"
2020-07-21,2020072101025490,NICLBSL,44,39,10,756.00,"7,560.00"
2020-07-21,2020072101025195,NICLBSL,6,57,10,756.00,"7,560.00"
2020-07-21,2020072101025183,NICLBSL,6,39,10,756.00,"7,560.00"
2020-07-21,2020072101025276,NICLBSL,6,42,10,756.00,"7,560.00"
2020-07-21,2020072101025275,NICLBSL,6,13,20,756.00,"15,120.00"
2020-07-21,2020072101025271,NICLBSL,6,17,10,756.00,"7,560.00"
2020-07-21,2020072101025239,NICLBSL,6,28,10,756.00,"7,560.00"
2020-07-21,2020072101025205,NICLBSL,6,17,10,756.00,"7,560.00"
2020-07-21,2020072101025199,NICLBSL,6,28,10,756.00,"7,560.00"
2020-07-21,2020072101025315,NICLBSL,44,57,10,756.00,"7,560.00"
2020-07-21,2020072101025314,NICLBSL,44,21,10,756.00,"7,560.00"
2020-07-21,2020072101025313,NICLBSL,44,42,10,756.00,"7,560.00"
2020-07-21,2020072101025299,NICLBSL,44,17,10,756.00,"7,560.00"
2020-07-21,2020072101025292,NICLBSL,44,57,10,756.00,"7,560.00"
2020-07-21,2020072101025278,NICLBSL,6,34,10,756.00,"7,560.00"
2020-07-21,2020072101025420,NICLBSL,44,20,10,756.00,"7,560.00"
2020-07-21,2020072101025396,NICLBSL,44,57,10,756.00,"7,560.00"
2020-07-21,2020072101025378,NICLBSL,44,17,10,756.00,"7,560.00"
2020-07-21,2020072101025372,NICLBSL,44,39,10,756.00,"7,560.00"
2020-07-21,2020072101025346,NICLBSL,44,20,10,756.00,"7,560.00"
2020-07-21,2020072101025335,NICLBSL,44,17,10,756.00,"7,560.00"
2020-07-21,2020072101025481,NICLBSL,44,20,10,756.00,"7,560.00"
2020-07-21,2020072101025470,NICLBSL,44,17,10,756.00,"7,560.00"
2020-07-21,2020072101025461,NICLBSL,44,57,10,756.00,"7,560.00"
2020-07-21,2020072101025439,NICLBSL,44,39,10,756.00,"7,560.00"
2020-07-21,2020072101025435,NICLBSL,44,17,10,756.00,"7,560.00"
2020-07-21,2020072101025433,NICLBSL,44,13,10,756.00,"7,560.00"
2020-07-21,2020072101025615,NIL,33,41,20,630.00,"12,600.00"
2020-07-21,2020072101025614,NIL,33,29,200,630.00,"126,000.00"
2020-07-21,2020072101025613,NIL,33,41,34,630.00,"21,420.00"
2020-07-21,2020072101025562,NIL,39,41,100,630.00,"63,000.00"
2020-07-21,2020072101025472,NIL,45,41,25,630.00,"15,750.00"
2020-07-21,2020072101025334,NIL,34,54,500,629.00,"314,500.00"
2020-07-21,2020072101025266,NIL,39,41,100,630.00,"63,000.00"
2020-07-21,2020072101025176,NIL,32,41,100,630.00,"63,000.00"
2020-07-21,2020072101025594,NLBBL,13,25,33,752.00,"24,816.00"
2020-07-21,2020072101025593,NLBBL,13,36,67,751.00,"50,317.00"
2020-07-21,2020072101025419,NLG,20,16,68,650.00,"44,200.00"
2020-07-21,2020072101025418,NLG,22,16,20,650.00,"13,000.00"
2020-07-21,2020072101025417,NLG,38,16,20,650.00,"13,000.00"
2020-07-21,2020072101025416,NLG,26,16,200,651.00,"130,200.00"
2020-07-21,2020072101025253,NLG,34,16,20,656.00,"13,120.00"
2020-07-21,2020072101025252,NLG,34,16,20,657.00,"13,140.00"
2020-07-21,2020072101025251,NLG,22,16,10,657.00,"6,570.00"
2020-07-21,2020072101025250,NLG,46,16,10,660.00,"6,600.00"
2020-07-21,2020072101025249,NLG,21,16,50,660.00,"33,000.00"
2020-07-21,2020072101025597,NLIC,52,45,60,"1,330.00","79,800.00"
2020-07-21,2020072101025536,NLIC,51,45,200,"1,330.00","266,000.00"
2020-07-21,2020072101025441,NLIC,50,39,200,"1,331.00","266,200.00"
2020-07-21,2020072101025440,NLIC,50,34,50,"1,330.00","66,500.00"
2020-07-21,2020072101025395,NLIC,50,39,110,"1,331.00","146,410.00"
2020-07-21,2020072101025394,NLIC,50,58,100,"1,331.00","133,100.00"
2020-07-21,2020072101025393,NLIC,50,42,90,"1,330.00","119,700.00"
2020-07-21,2020072101025279,NLIC,59,13,100,"1,326.00","132,600.00"
2020-07-21,2020072101025159,NLIC,40,40,8,"1,301.00","10,408.00"
2020-07-21,2020072101025524,NLICL,34,48,100,689.00,"68,900.00"
2020-07-21,2020072101025630,NMB,28,41,80,434.00,"34,720.00"
2020-07-21,2020072101025604,NMB,48,41,150,434.00,"65,100.00"
2020-07-21,2020072101025592,NMB,52,41,40,434.00,"17,360.00"
2020-07-21,2020072101025499,NMB,57,41,500,434.00,"217,000.00"
2020-07-21,2020072101025434,NMB,41,41,200,434.00,"86,800.00"
2020-07-21,2020072101025405,NMB,49,38,500,433.00,"216,500.00"
2020-07-21,2020072101025181,NMB,53,41,100,432.00,"43,200.00"
2020-07-21,2020072101025400,NMB,49,52,153,433.00,"66,249.00"
2020-07-21,2020072101025371,NMB,39,41,30,434.00,"13,020.00"
2020-07-21,2020072101025340,NMB,29,51,300,434.00,"130,200.00"
2020-07-21,2020072101025274,NMB,39,5,52,434.00,"22,568.00"
2020-07-21,2020072101025194,NMB,38,5,500,434.00,"217,000.00"
2020-07-21,2020072101025182,NMB,49,35,50,433.00,"21,650.00"
2020-07-21,2020072101025528,NMBMF,22,42,100,795.00,"79,500.00"
2020-07-21,2020072101025637,NRIC,38,16,40,558.00,"22,320.00"
2020-07-21,2020072101025575,NRIC,28,26,10,557.00,"5,570.00"
2020-07-21,2020072101025565,NRIC,42,16,20,558.00,"11,160.00"
2020-07-21,2020072101025564,NRIC,50,16,190,558.00,"106,020.00"
2020-07-21,2020072101025554,NRIC,50,8,40,558.00,"22,320.00"
2020-07-21,2020072101025544,NRIC,50,39,40,558.00,"22,320.00"
2020-07-21,2020072101025149,NRIC,45,5,30,558.00,"16,740.00"
2020-07-21,2020072101025148,NRIC,45,28,170,558.00,"94,860.00"
2020-07-21,2020072101025197,NRIC,28,49,400,557.00,"222,800.00"
2020-07-21,2020072101025187,NRIC,28,26,10,557.00,"5,570.00"
2020-07-21,2020072101025171,NRIC,28,16,40,557.00,"22,280.00"
2020-07-21,2020072101025168,NRIC,28,34,40,557.00,"22,280.00"
2020-07-21,2020072101025161,NRIC,28,13,50,557.00,"27,850.00"
2020-07-21,2020072101025155,NRIC,28,28,40,557.00,"22,280.00"
2020-07-21,2020072101025232,NRIC,28,45,50,557.00,"27,850.00"
2020-07-21,2020072101025226,NRIC,28,38,40,557.00,"22,280.00"
2020-07-21,2020072101025225,NRIC,28,58,"1,000",557.00,"557,000.00"
2020-07-21,2020072101025222,NRIC,28,52,40,557.00,"22,280.00"
2020-07-21,2020072101025220,NRIC,28,39,40,557.00,"22,280.00"
2020-07-21,2020072101025200,NRIC,28,38,40,557.00,"22,280.00"
2020-07-21,2020072101025317,NRIC,28,39,40,557.00,"22,280.00"
2020-07-21,2020072101025273,NRIC,28,49,50,557.00,"27,850.00"
2020-07-21,2020072101025255,NRIC,6,29,30,558.00,"16,740.00"
2020-07-21,2020072101025238,NRIC,28,13,40,557.00,"22,280.00"
2020-07-21,2020072101025237,NRIC,36,29,30,558.00,"16,740.00"
2020-07-21,2020072101025236,NRIC,36,5,170,558.00,"94,860.00"
2020-07-21,2020072101025397,NRIC,51,55,310,558.00,"172,980.00"
2020-07-21,2020072101025366,NRIC,51,55,690,558.00,"385,020.00"
2020-07-21,2020072101025365,NRIC,51,33,40,558.00,"22,320.00"
2020-07-21,2020072101025364,NRIC,51,33,30,558.00,"16,740.00"
2020-07-21,2020072101025363,NRIC,51,29,40,558.00,"22,320.00"
2020-07-21,2020072101025318,NRIC,28,56,30,557.00,"16,710.00"
2020-07-21,2020072101025493,NRIC,50,56,40,558.00,"22,320.00"
2020-07-21,2020072101025492,NRIC,50,46,50,558.00,"27,900.00"
2020-07-21,2020072101025486,NRIC,50,38,40,558.00,"22,320.00"
2020-07-21,2020072101025485,NRIC,50,39,50,558.00,"27,900.00"
2020-07-21,2020072101025450,NRIC,51,13,50,558.00,"27,900.00"
2020-07-21,2020072101025423,NRIC,28,35,10,557.00,"5,570.00"
2020-07-21,2020072101025543,NRIC,50,28,50,558.00,"27,900.00"
2020-07-21,2020072101025542,NRIC,50,45,40,558.00,"22,320.00"
2020-07-21,2020072101025532,NRIC,50,49,190,558.00,"106,020.00"
2020-07-21,2020072101025525,NRIC,50,57,30,558.00,"16,740.00"
2020-07-21,2020072101025517,NRIC,50,56,200,558.00,"111,600.00"
2020-07-21,2020072101025508,NRIC,50,13,40,558.00,"22,320.00"
2020-07-21,2020072101025256,NTC,11,25,100,659.00,"65,900.00"
2020-07-21,2020072101025233,NTC,11,34,15,659.00,"9,885.00"
2020-07-21,2020072101025164,NTC,41,45,100,660.00,"66,000.00"
2020-07-21,2020072101025551,OHL,14,6,100,330.00,"33,000.00"
2020-07-21,2020072101025635,PCBL,45,17,25,285.00,"7,125.00"
2020-07-21,2020072101025634,PCBL,28,17,200,285.00,"57,000.00"
2020-07-21,2020072101025633,PCBL,32,17,175,285.00,"49,875.00"
2020-07-21,2020072101025415,PCBL,32,26,25,285.00,"7,125.00"
2020-07-21,2020072101025414,PCBL,57,26,25,285.00,"7,125.00"
2020-07-21,2020072101025360,PCBL,57,59,475,285.00,"135,375.00"
2020-07-21,2020072101025184,PCBL,41,47,11,285.00,"3,135.00"
2020-07-21,2020072101025175,PCBL,41,25,989,285.00,"281,865.00"
2020-07-21,2020072101025174,PCBL,58,25,300,285.00,"85,500.00"
2020-07-21,2020072101025173,PCBL,53,25,100,285.00,"28,500.00"
2020-07-21,2020072101025151,PCBL,45,6,500,286.00,"143,000.00"
2020-07-21,2020072101025353,PCBL,41,59,200,285.00,"57,000.00"
2020-07-21,2020072101025244,PCBL,37,56,300,285.00,"85,500.00"
2020-07-21,2020072101025243,PCBL,57,56,100,285.00,"28,500.00"
2020-07-21,2020072101025242,PCBL,26,56,444,285.00,"126,540.00"
2020-07-21,2020072101025241,PCBL,32,56,50,286.00,"14,300.00"
2020-07-21,2020072101025185,PCBL,26,47,489,285.00,"139,365.00"
2020-07-21,2020072101025359,PCBL,22,59,150,285.00,"42,750.00"
2020-07-21,2020072101025358,PCBL,39,59,50,285.00,"14,250.00"
2020-07-21,2020072101025357,PCBL,6,59,25,285.00,"7,125.00"
2020-07-21,2020072101025356,PCBL,6,59,100,285.00,"28,500.00"
2020-07-21,2020072101025355,PCBL,49,59,100,285.00,"28,500.00"
2020-07-21,2020072101025354,PCBL,14,59,300,285.00,"85,500.00"
2020-07-21,2020072101025367,PPCL,32,57,30,113.00,"3,390.00"
2020-07-21,2020072101025432,PRIN,10,53,500,494.00,"247,000.00"
2020-07-21,2020072101025156,PRIN,26,34,50,497.00,"24,850.00"
2020-07-21,2020072101025628,PRVU,33,58,400,246.00,"98,400.00"
2020-07-21,2020072101025505,PRVU,33,32,383,246.00,"94,218.00"
2020-07-21,2020072101025491,PRVU,19,35,200,247.00,"49,400.00"
2020-07-21,2020072101025488,PRVU,33,45,"1,899",246.00,"467,154.00"
2020-07-21,2020072101025577,RHPL,6,57,40,147.00,"5,880.00"
2020-07-21,2020072101025437,RHPL,6,57,10,147.00,"1,470.00"
2020-07-21,2020072101025373,RHPL,6,34,30,147.00,"4,410.00"
2020-07-21,2020072101025302,RHPL,6,36,200,147.00,"29,400.00"
2020-07-21,2020072101025301,RHPL,6,34,10,147.00,"1,470.00"
2020-07-21,2020072101025269,RHPL,19,57,40,146.00,"5,840.00"
2020-07-21,2020072101025192,RHPL,43,34,500,147.00,"73,500.00"
2020-07-21,2020072101025191,RHPL,3,34,260,147.00,"38,220.00"
2020-07-21,2020072101025316,RLFL,48,25,147,125.00,"18,375.00"
2020-07-21,2020072101025369,RMDC,42,47,50,696.00,"34,800.00"
2020-07-21,2020072101025368,RMDC,44,47,50,697.00,"34,850.00"
2020-07-21,2020072101025370,RRHP,47,11,10,90.00,900.00
2020-07-21,2020072101025384,RSDC,45,25,67,528.00,"35,376.00"
2020-07-21,2020072101025598,SABSL,45,34,11,804.00,"8,844.00"
2020-07-21,2020072101025539,SABSL,45,42,11,809.00,"8,899.00"
2020-07-21,2020072101025511,SADBL,25,13,260,154.00,"40,040.00"
2020-07-21,2020072101025595,SANIMA,38,17,500,368.00,"184,000.00"
2020-07-21,2020072101025560,SANIMA,38,11,124,368.00,"45,632.00"
2020-07-21,2020072101025559,SANIMA,52,11,500,368.00,"184,000.00"
2020-07-21,2020072101025558,SANIMA,13,11,25,368.00,"9,200.00"
2020-07-21,2020072101025557,SANIMA,41,11,50,368.00,"18,400.00"
2020-07-21,2020072101025556,SANIMA,49,11,200,369.00,"73,800.00"
2020-07-21,2020072101025555,SANIMA,6,11,101,369.00,"37,269.00"
2020-07-21,2020072101025223,SANIMA,6,10,100,369.00,"36,900.00"
2020-07-21,2020072101025478,SAPDBL,56,47,80,126.00,"10,080.00"
2020-07-21,2020072101025477,SAPDBL,37,47,29,126.00,"3,654.00"
2020-07-21,2020072101025449,SAPDBL,37,25,116,126.00,"14,616.00"
2020-07-21,2020072101025386,SAPDBL,37,45,16,126.00,"2,016.00"
2020-07-21,2020072101025167,SAPDBL,25,7,100,128.00,"12,800.00"
2020-07-21,2020072101025531,SBI,52,53,100,452.00,"45,200.00"
2020-07-21,2020072101025447,SBI,52,33,24,452.00,"10,848.00"
2020-07-21,2020072101025311,SBI,52,45,100,452.00,"45,200.00"
2020-07-21,2020072101025623,SBL,11,28,92,322.00,"29,624.00"
2020-07-21,2020072101025622,SBL,58,28,415,322.00,"133,630.00"
2020-07-21,2020072101025509,SBL,16,48,20,323.00,"6,460.00"
2020-07-21,2020072101025408,SBL,58,17,85,322.00,"27,370.00"
2020-07-21,2020072101025407,SBL,5,17,465,322.00,"149,730.00"
2020-07-21,2020072101025172,SBL,5,8,23,322.00,"7,406.00"
2020-07-21,2020072101025627,SCB,42,11,20,683.00,"13,660.00"
2020-07-21,2020072101025581,SCB,22,50,140,683.00,"95,620.00"
2020-07-21,2020072101025561,SCB,29,8,30,684.00,"20,520.00"
2020-07-21,2020072101025510,SCB,29,25,20,682.00,"13,640.00"
2020-07-21,2020072101025379,SCB,29,38,80,682.00,"54,560.00"
2020-07-21,2020072101025342,SCB,29,32,90,682.00,"61,380.00"
2020-07-21,2020072101025177,SCB,33,34,286,685.00,"195,910.00"
2020-07-21,2020072101025341,SCB,25,32,10,682.00,"6,820.00"
2020-07-21,2020072101025298,SCB,56,50,300,683.00,"204,900.00"
2020-07-21,2020072101025297,SCB,33,50,500,683.00,"341,500.00"
2020-07-21,2020072101025296,SCB,45,50,20,683.00,"13,660.00"
2020-07-21,2020072101025295,SCB,59,50,100,683.00,"68,300.00"
2020-07-21,2020072101025475,SHINE,33,16,50,250.00,"12,500.00"
2020-07-21,2020072101025458,SHINE,47,6,"1,000",249.00,"249,000.00"
2020-07-21,2020072101025412,SHINE,47,6,903,249.00,"224,847.00"
2020-07-21,2020072101025411,SHINE,58,6,97,249.00,"24,153.00"
2020-07-21,2020072101025348,SHIVM,10,42,100,610.00,"61,000.00"
2020-07-21,2020072101025347,SHIVM,10,56,10,610.00,"6,100.00"
2020-07-21,2020072101025272,SHIVM,38,56,490,610.00,"298,900.00"
2020-07-21,2020072101025566,SHPC,44,25,42,222.00,"9,324.00"
2020-07-21,2020072101025534,SHPC,44,38,40,222.00,"8,880.00"
2020-07-21,2020072101025533,SHPC,13,38,100,222.00,"22,200.00"
2020-07-21,2020072101025527,SHPC,13,49,900,222.00,"199,800.00"
2020-07-21,2020072101025526,SHPC,29,49,100,222.00,"22,200.00"
2020-07-21,2020072101025636,SICL,49,25,13,"1,095.00","14,235.00"
2020-07-21,2020072101025300,SICL,42,45,100,"1,096.00","109,600.00"
2020-07-21,2020072101025147,SICL,40,28,25,"1,097.00","27,425.00"
2020-07-21,2020072101025254,SIFC,6,28,100,158.00,"15,800.00"
2020-07-21,2020072101025600,SIL,10,34,20,595.00,"11,900.00"
2020-07-21,2020072101025383,SIL,10,28,100,594.00,"59,400.00"
2020-07-21,2020072101025382,SIL,22,28,500,594.00,"297,000.00"
2020-07-21,2020072101025381,SIL,6,28,300,596.00,"178,800.00"
2020-07-21,2020072101025380,SIL,32,28,100,600.00,"60,000.00"
2020-07-21,2020072101025480,SJCL,6,57,10,136.00,"1,360.00"
2020-07-21,2020072101025403,SJCL,6,34,20,136.00,"2,720.00"
2020-07-21,2020072101025230,SJCL,6,57,20,136.00,"2,720.00"
2020-07-21,2020072101025467,SKBBL,10,43,285,"1,277.00","363,945.00"
2020-07-21,2020072101025466,SKBBL,26,43,50,"1,277.00","63,850.00"
2020-07-21,2020072101025465,SKBBL,38,43,40,"1,278.00","51,120.00"
2020-07-21,2020072101025464,SKBBL,52,43,25,"1,280.00","32,000.00"
2020-07-21,2020072101025596,SLBBL,57,51,100,895.00,"89,500.00"
2020-07-21,2020072101025516,SLBBL,49,7,71,895.00,"63,545.00"
2020-07-21,2020072101025455,SLBSL,42,34,61,876.00,"53,436.00"
2020-07-21,2020072101025482,SLICL,4,28,500,458.00,"229,000.00"
2020-07-21,2020072101025390,SLICL,4,28,302,458.00,"138,316.00"
2020-07-21,2020072101025389,SLICL,33,28,50,459.00,"22,950.00"
2020-07-21,2020072101025388,SLICL,47,28,50,459.00,"22,950.00"
2020-07-21,2020072101025387,SLICL,57,28,98,459.00,"44,982.00"
2020-07-21,2020072101025361,SLICL,5,45,100,460.00,"46,000.00"
2020-07-21,2020072101025625,SMB,49,21,100,870.00,"87,000.00"
2020-07-21,2020072101025624,SMB,34,21,10,870.00,"8,700.00"
2020-07-21,2020072101025523,SRBL,18,7,500,256.00,"128,000.00"
2020-07-21,2020072101025522,SRBL,26,7,500,256.00,"128,000.00"
2020-07-21,2020072101025507,SRBL,18,58,128,256.00,"32,768.00"
2020-07-21,2020072101025406,SRBL,35,5,100,257.00,"25,700.00"
2020-07-21,2020072101025170,SRBL,49,5,10,257.00,"2,570.00"
2020-07-21,2020072101025530,SWBBL,41,51,20,"1,190.00","23,800.00"
2020-07-21,2020072101025606,TRH,17,28,400,191.00,"76,400.00"
2020-07-21,2020072101025605,TRH,54,28,500,192.00,"96,000.00"
2020-07-21,2020072101025163,TRH,46,51,25,192.00,"4,800.00"
2020-07-21,2020072101025607,UIC,43,51,100,390.00,"39,000.00"
2020-07-21,2020072101025362,UIC,42,55,80,387.00,"30,960.00"
2020-07-21,2020072101025640,UPPER,41,14,630,235.00,"148,050.00"
2020-07-21,2020072101025553,UPPER,41,11,100,235.00,"23,500.00"
2020-07-21,2020072101025240,UPPER,41,16,40,235.00,"9,400.00"
2020-07-21,2020072101025064,ADBL,25,51,50,430.00,"21,500.00"
2020-07-21,2020072101025063,ADBL,25,51,10,430.00,"4,300.00"
2020-07-21,2020072101025062,ADBL,14,51,"1,559",430.00,"670,370.00"
2020-07-21,2020072101024982,ADBL,14,48,140,430.00,"60,200.00"
2020-07-21,2020072101024893,ADBL,14,7,20,430.00,"8,600.00"
2020-07-21,2020072101024909,AHPC,52,17,24,94.00,"2,256.00"
2020-07-21,2020072101024771,AHPC,52,36,125,94.00,"11,750.00"
2020-07-21,2020072101024947,AKPL,37,40,52,117.00,"6,084.00"
2020-07-21,2020072101024946,AKPL,36,40,48,117.00,"5,616.00"
2020-07-21,2020072101025089,ALBSL,52,32,1,730.00,730.00
2020-07-21,2020072101025088,ALBSL,52,43,19,730.00,"13,870.00"
2020-07-21,2020072101025087,ALBSL,1,43,37,730.00,"27,010.00"
2020-07-21,2020072101025030,ALBSL,46,25,12,731.00,"8,772.00"
2020-07-21,2020072101024653,ALBSL,58,48,11,731.00,"8,041.00"
2020-07-21,2020072101025072,ALICL,22,57,400,634.00,"253,600.00"
2020-07-21,2020072101025071,ALICL,22,19,100,633.00,"63,300.00"
2020-07-21,2020072101025070,ALICL,22,16,100,633.00,"63,300.00"
2020-07-21,2020072101024733,ALICL,49,57,10,634.00,"6,340.00"
2020-07-21,2020072101024929,API,44,17,101,108.00,"10,908.00"
2020-07-21,2020072101024874,API,40,40,100,109.00,"10,900.00"
2020-07-21,2020072101024864,API,44,45,11,108.00,"1,188.00"
2020-07-21,2020072101024659,API,21,55,"1,730",109.00,"188,570.00"
2020-07-21,2020072101025013,BOKL,35,50,324,237.00,"76,788.00"
2020-07-21,2020072101025012,BOKL,16,50,100,237.00,"23,700.00"
2020-07-21,2020072101025011,BOKL,58,50,10,238.00,"2,380.00"
2020-07-21,2020072101024908,BOKL,21,13,289,238.00,"68,782.00"
2020-07-21,2020072101024663,BOKL,21,28,11,238.00,"2,618.00"
2020-07-21,2020072101024977,BPCL,43,16,300,367.00,"110,100.00"
2020-07-21,2020072101024913,BPCL,21,57,22,365.00,"8,030.00"
2020-07-21,2020072101024912,BPCL,21,40,24,365.00,"8,760.00"
2020-07-21,2020072101024906,BPCL,21,34,80,364.00,"29,120.00"
2020-07-21,2020072101024905,BPCL,25,34,11,364.00,"4,004.00"
2020-07-21,2020072101024960,CBBL,21,32,36,"1,080.00","38,880.00"
2020-07-21,2020072101025055,CBL,49,58,10,148.00,"1,480.00"
2020-07-21,2020072101024718,CBL,10,28,15,146.00,"2,190.00"
2020-07-21,2020072101024717,CBL,49,28,10,147.00,"1,470.00"
2020-07-21,2020072101025016,CCBL,49,16,20,183.00,"3,660.00"
2020-07-21,2020072101024832,CCBL,49,28,87,183.00,"15,921.00"
2020-07-21,2020072101024831,CCBL,39,28,22,183.00,"4,026.00"
2020-07-21,2020072101024642,CCBL,39,28,88,183.00,"16,104.00"
2020-07-21,2020072101024799,CHCL,52,17,10,408.00,"4,080.00"
2020-07-21,2020072101024976,CIT,34,5,50,"2,570.00","128,500.00"
2020-07-21,2020072101025068,CZBIL,49,36,10,206.00,"2,060.00"
2020-07-21,2020072101024964,CZBIL,34,34,159,204.00,"32,436.00"
2020-07-21,2020072101024781,CZBIL,34,39,54,204.00,"11,016.00"
2020-07-21,2020072101024666,CZBIL,34,28,55,204.00,"11,220.00"
2020-07-21,2020072101024665,CZBIL,55,28,26,204.00,"5,304.00"
2020-07-21,2020072101025119,DDBL,50,7,131,864.00,"113,184.00"
2020-07-21,2020072101024785,DDBL,22,8,50,865.00,"43,250.00"
2020-07-21,2020072101024784,DDBL,45,8,10,865.00,"8,650.00"
2020-07-21,2020072101025116,DHPL,57,17,110,48.20,"5,302.00"
2020-07-21,2020072101024945,EBL,33,10,118,766.00,"90,388.00"
2020-07-21,2020072101024916,EBL,33,50,128,766.00,"98,048.00"
2020-07-21,2020072101024915,EBL,57,50,25,766.00,"19,150.00"
2020-07-21,2020072101024907,EBL,57,57,55,766.00,"42,130.00"
2020-07-21,2020072101024868,EBL,57,28,100,766.00,"76,600.00"
2020-07-21,2020072101024774,EBL,57,11,20,766.00,"15,320.00"
2020-07-21,2020072101024651,EBL,58,7,202,767.00,"154,934.00"
2020-07-21,2020072101024706,EIC,53,45,50,414.00,"20,700.00"
2020-07-21,2020072101025139,FMDBL,10,21,47,561.00,"26,367.00"
2020-07-21,2020072101025023,FMDBL,34,36,100,560.00,"56,000.00"
2020-07-21,2020072101024937,FMDBL,34,26,19,560.00,"10,640.00"
2020-07-21,2020072101024932,GBBL,38,13,"1,000",246.00,"246,000.00"
2020-07-21,2020072101024764,GBBL,47,34,32,243.00,"7,776.00"
2020-07-21,2020072101025110,GBIME,43,49,15,271.00,"4,065.00"
2020-07-21,2020072101025073,GBIME,43,34,100,271.00,"27,100.00"
2020-07-21,2020072101025031,GBIME,49,47,10,272.00,"2,720.00"
2020-07-21,2020072101024996,GBIME,58,34,10,271.00,"2,710.00"
2020-07-21,2020072101024995,GBIME,34,34,100,271.00,"27,100.00"
2020-07-21,2020072101024917,GBIME,34,47,100,272.00,"27,200.00"
2020-07-21,2020072101024783,GBIME,46,47,50,272.00,"13,600.00"
2020-07-21,2020072101024652,GBIME,34,17,100,271.00,"27,100.00"
2020-07-21,2020072101025052,GBLBS,44,36,200,517.00,"103,400.00"
2020-07-21,2020072101024722,GBLBS,44,6,100,517.00,"51,700.00"
2020-07-21,2020072101024707,GBLBS,44,48,15,517.00,"7,755.00"
2020-07-21,2020072101024690,GBLBS,44,28,10,517.00,"5,170.00"
2020-07-21,2020072101024737,GILB,53,25,27,"1,288.00","34,776.00"
2020-07-21,2020072101024730,GLBSL,35,48,10,820.00,"8,200.00"
2020-07-21,2020072101024671,GLBSL,35,36,100,820.00,"82,000.00"
2020-07-21,2020072101024865,GMFBS,56,11,10,810.00,"8,100.00"
2020-07-21,2020072101025078,GUFL,10,32,400,123.00,"49,200.00"
2020-07-21,2020072101025077,GUFL,40,32,100,123.00,"12,300.00"
2020-07-21,2020072101024830,GUFL,10,28,250,125.00,"31,250.00"
2020-07-21,2020072101025086,HDL,33,59,60,"1,753.00","105,180.00"
2020-07-21,2020072101025084,HDL,52,25,30,"1,758.00","52,740.00"
2020-07-21,2020072101025039,HDL,21,16,100,"1,753.00","175,300.00"
2020-07-21,2020072101024986,HDL,19,25,70,"1,754.00","122,780.00"
2020-07-21,2020072101024968,HDL,19,25,30,"1,754.00","52,620.00"
2020-07-21,2020072101024902,HDL,17,16,50,"1,755.00","87,750.00"
2020-07-21,2020072101024838,HDL,39,38,26,"1,755.00","45,630.00"
2020-07-21,2020072101024757,HDL,39,14,50,"1,755.00","87,750.00"
2020-07-21,2020072101024726,HDL,39,38,20,"1,755.00","35,100.00"
2020-07-21,2020072101024725,HDL,49,38,30,"1,760.00","52,800.00"
2020-07-21,2020072101024676,HDL,49,57,30,"1,760.00","52,800.00"
2020-07-21,2020072101024675,HDL,38,57,20,"1,761.00","35,220.00"
2020-07-21,2020072101024683,HGI,34,28,11,416.00,"4,576.00"
2020-07-21,2020072101025098,HIDCL,50,52,862,132.00,"113,784.00"
2020-07-21,2020072101025097,HIDCL,53,52,200,132.00,"26,400.00"
2020-07-21,2020072101025096,HIDCL,47,52,13,133.00,"1,729.00"
2020-07-21,2020072101025095,HIDCL,33,52,"1,296",133.00,"172,368.00"
2020-07-21,2020072101025075,HIDCL,33,58,47,133.00,"6,251.00"
2020-07-21,2020072101024755,HPPL,28,48,10,130.00,"1,300.00"
2020-07-21,2020072101024705,HURJA,38,51,20,95.00,"1,900.00"
2020-07-21,2020072101024704,HURJA,38,3,20,95.00,"1,900.00"
2020-07-21,2020072101024703,HURJA,38,47,20,95.00,"1,900.00"
2020-07-21,2020072101024702,HURJA,38,58,20,95.00,"1,900.00"
2020-07-21,2020072101024701,HURJA,38,28,40,95.00,"3,800.00"
2020-07-21,2020072101024647,ICFC,38,1,29,186.00,"5,394.00"
2020-07-21,2020072101025137,JBBL,19,57,50,182.00,"9,100.00"
2020-07-21,2020072101024911,JBBL,29,57,100,182.00,"18,200.00"
2020-07-21,2020072101024721,JBBL,58,28,13,181.00,"2,353.00"
2020-07-21,2020072101025069,JSLBB,17,36,10,"1,607.00","16,070.00"
2020-07-21,2020072101025124,KBL,49,42,10,205.00,"2,050.00"
2020-07-21,2020072101025080,KBL,49,58,100,204.00,"20,400.00"
2020-07-21,2020072101025079,KBL,49,36,980,204.00,"199,920.00"
2020-07-21,2020072101024710,KBL,29,36,20,204.00,"4,080.00"
2020-07-21,2020072101024709,KBL,29,48,980,204.00,"199,920.00"
