Date,Transact. No.,Symbol,Buyer,Seller,Quantity,Rate,Amount
2020-01-07,2020010701012442,ADBL,49,19,10,373.00,"3,730.00"
2020-01-07,2020010701012438,ADBL,11,19,50,373.00,"18,650.00"
2020-01-07,2020010701012437,ADBL,47,19,70,373.00,"26,110.00"
2020-01-07,2020010701012374,AKPL,45,34,10,119.00,"1,190.00"
2020-01-07,2020010701012373,AKPL,45,4,39,118.00,"4,602.00"
2020-01-07,2020010701012372,AKPL,45,34,200,118.00,"23,600.00"
2020-01-07,2020010701012371,AKPL,45,48,61,117.00,"7,137.00"
2020-01-07,2020010701012156,ALICL,16,7,200,381.00,"76,200.00"
2020-01-07,2020010701012155,ALICL,57,7,50,381.00,"19,050.00"
2020-01-07,2020010701012154,ALICL,16,7,300,382.00,"114,600.00"
2020-01-07,2020010701012153,ALICL,57,7,450,383.00,"172,350.00"
2020-01-07,2020010701011991,ALICL,16,19,100,385.00,"38,500.00"
2020-01-07,2020010701011990,ALICL,57,19,140,385.00,"53,900.00"
2020-01-07,2020010701012146,BNT,22,57,10,"6,146.00","61,460.00"
2020-01-07,2020010701012145,BNT,45,57,10,"6,146.00","61,460.00"
2020-01-07,2020010701012436,BOKL,49,16,200,226.00,"45,200.00"
2020-01-07,2020010701012150,BOKL,45,22,100,227.00,"22,700.00"
2020-01-07,2020010701012055,BOKL,33,22,30,227.00,"6,810.00"
2020-01-07,2020010701012347,BPCL,39,49,44,310.00,"13,640.00"
2020-01-07,2020010701012126,BPCL,56,59,10,314.00,"3,140.00"
2020-01-07,2020010701012008,BPCL,1,21,500,313.00,"156,500.00"
2020-01-07,2020010701012007,BPCL,1,25,121,313.00,"37,873.00"
2020-01-07,2020010701012006,BPCL,1,56,40,312.00,"12,480.00"
2020-01-07,2020010701012005,BPCL,1,35,22,312.00,"6,864.00"
2020-01-07,2020010701011964,BPCL,1,36,"1,000",311.00,"311,000.00"
2020-01-07,2020010701012375,CBBL,21,58,18,838.00,"15,084.00"
2020-01-07,2020010701012262,CBBL,56,42,300,840.00,"252,000.00"
2020-01-07,2020010701012218,CBBL,32,42,200,840.00,"168,000.00"
2020-01-07,2020010701012247,CCBL,32,22,60,171.00,"10,260.00"
2020-01-07,2020010701012197,CCBL,32,32,552,171.00,"94,392.00"
2020-01-07,2020010701012196,CCBL,56,32,448,171.00,"76,608.00"
2020-01-07,2020010701012429,CFCL,4,52,100,135.00,"13,500.00"
2020-01-07,2020010701012040,CFCL,4,52,200,133.00,"26,600.00"
2020-01-07,2020010701012039,CFCL,4,59,"2,000",133.00,"266,000.00"
2020-01-07,2020010701012364,CHCL,19,45,899,371.00,"333,529.00"
2020-01-07,2020010701012344,CHCL,19,45,"1,000",372.00,"372,000.00"
2020-01-07,2020010701012296,CHCL,25,45,50,374.00,"18,700.00"
2020-01-07,2020010701012261,CHCL,25,45,51,375.00,"19,125.00"
2020-01-07,2020010701012115,CHCL,17,40,369,376.00,"138,744.00"
2020-01-07,2020010701012286,CIT,16,57,50,"2,100.00","105,000.00"
2020-01-07,2020010701012285,CIT,16,34,351,"2,100.00","737,100.00"
2020-01-07,2020010701012284,CIT,16,16,101,"2,100.00","212,100.00"
2020-01-07,2020010701012283,CIT,16,49,184,"2,100.00","386,400.00"
2020-01-07,2020010701012282,CIT,16,14,23,"2,100.00","48,300.00"
2020-01-07,2020010701012281,CIT,16,32,116,"2,100.00","243,600.00"
2020-01-07,2020010701012013,CIT,1,45,50,"2,095.00","104,750.00"
2020-01-07,2020010701012280,CIT,16,21,100,"2,099.00","209,900.00"
2020-01-07,2020010701012279,CIT,16,21,100,"2,097.00","209,700.00"
2020-01-07,2020010701012227,CIT,43,37,102,"2,096.00","213,792.00"
2020-01-07,2020010701012226,CIT,43,34,10,"2,096.00","20,960.00"
2020-01-07,2020010701012062,CIT,1,7,10,"2,095.00","20,950.00"
2020-01-07,2020010701012014,CIT,1,57,32,"2,095.00","67,040.00"
2020-01-07,2020010701012421,CLBSL,13,45,22,693.00,"15,246.00"
2020-01-07,2020010701012057,CLBSL,16,21,10,680.00,"6,800.00"
2020-01-07,2020010701012056,CLBSL,16,57,16,670.00,"10,720.00"
2020-01-07,2020010701012018,CORBL,34,56,100,123.00,"12,300.00"
2020-01-07,2020010701011970,CORBL,34,56,100,121.00,"12,100.00"
2020-01-07,2020010701012406,CZBIL,14,58,20,198.00,"3,960.00"
2020-01-07,2020010701012351,CZBIL,17,35,100,197.00,"19,700.00"
2020-01-07,2020010701012122,DBBL,4,25,134,147.00,"19,698.00"
2020-01-07,2020010701012121,DBBL,4,10,50,147.00,"7,350.00"
2020-01-07,2020010701012120,DBBL,4,42,211,147.00,"31,017.00"
2020-01-07,2020010701012119,DBBL,4,43,105,146.00,"15,330.00"
2020-01-07,2020010701012118,DBBL,4,41,500,146.00,"73,000.00"
2020-01-07,2020010701012032,DBBL,50,52,"1,000",146.00,"146,000.00"
2020-01-07,2020010701012432,DDBL,39,8,50,939.00,"46,950.00"
2020-01-07,2020010701012366,DDBL,33,50,100,938.00,"93,800.00"
2020-01-07,2020010701012365,DDBL,13,50,200,938.00,"187,600.00"
2020-01-07,2020010701012288,DDBL,25,35,"1,000",940.00,"940,000.00"
2020-01-07,2020010701012243,DDBL,58,35,500,940.00,"470,000.00"
2020-01-07,2020010701012222,DDBL,58,58,50,941.00,"47,050.00"
2020-01-07,2020010701012195,DDBL,19,7,100,940.00,"94,000.00"
2020-01-07,2020010701012114,DDBL,38,50,50,940.00,"47,000.00"
2020-01-07,2020010701012000,DDBL,38,34,150,940.00,"141,000.00"
2020-01-07,2020010701011999,DDBL,52,34,100,940.00,"94,000.00"
2020-01-07,2020010701011971,DDBL,52,6,100,940.00,"94,000.00"
2020-01-07,2020010701012339,EBL,26,39,50,585.00,"29,250.00"
2020-01-07,2020010701012311,EBL,34,46,100,587.00,"58,700.00"
2020-01-07,2020010701012090,EBL,54,37,300,587.00,"176,100.00"
2020-01-07,2020010701012082,EBL,54,55,301,587.00,"176,687.00"
2020-01-07,2020010701012081,EBL,54,43,25,586.00,"14,650.00"
2020-01-07,2020010701012384,EIC,17,19,349,278.00,"97,022.00"
2020-01-07,2020010701012028,EIC,17,39,100,278.00,"27,800.00"
2020-01-07,2020010701011989,EIC,35,6,100,279.00,"27,900.00"
2020-01-07,2020010701012328,FMDBL,32,45,122,347.00,"42,334.00"
2020-01-07,2020010701012327,FMDBL,34,45,100,347.00,"34,700.00"
2020-01-07,2020010701012326,FMDBL,41,45,50,347.00,"17,350.00"
2020-01-07,2020010701012325,FMDBL,20,45,200,347.00,"69,400.00"
2020-01-07,2020010701012324,FMDBL,26,45,28,347.00,"9,716.00"
2020-01-07,2020010701012254,FOWAD,16,41,100,"1,111.00","111,100.00"
2020-01-07,2020010701012253,FOWAD,38,41,15,"1,112.00","16,680.00"
2020-01-07,2020010701012134,FOWAD,6,16,20,"1,115.00","22,300.00"
2020-01-07,2020010701012448,GBLBS,4,44,10,357.00,"3,570.00"
2020-01-07,2020010701012447,GBLBS,4,41,100,356.00,"35,600.00"
2020-01-07,2020010701012171,GBLBS,13,34,35,356.00,"12,460.00"
2020-01-07,2020010701011979,GBLBS,13,34,510,356.00,"181,560.00"
2020-01-07,2020010701012245,GGBSL,56,3,10,628.00,"6,280.00"
2020-01-07,2020010701012413,GILB,57,6,40,964.00,"38,560.00"
2020-01-07,2020010701012043,GILB,57,6,150,959.00,"143,850.00"
2020-01-07,2020010701012042,GILB,57,44,100,955.00,"95,500.00"
2020-01-07,2020010701012425,GLBSL,13,18,50,530.00,"26,500.00"
2020-01-07,2020010701012135,GLBSL,25,39,24,520.00,"12,480.00"
2020-01-07,2020010701012383,GLICL,34,55,15,484.00,"7,260.00"
2020-01-07,2020010701012335,GLICL,34,16,185,484.00,"89,540.00"
2020-01-07,2020010701012334,GLICL,36,16,15,484.00,"7,260.00"
2020-01-07,2020010701012309,GLICL,6,16,10,489.00,"4,890.00"
2020-01-07,2020010701012266,GLICL,6,25,50,485.00,"24,250.00"
2020-01-07,2020010701012112,GLICL,34,57,100,488.00,"48,800.00"
2020-01-07,2020010701012111,GLICL,34,44,52,488.00,"25,376.00"
2020-01-07,2020010701012110,GLICL,34,26,25,488.00,"12,200.00"
2020-01-07,2020010701012108,GLICL,36,51,100,484.00,"48,400.00"
2020-01-07,2020010701012445,GMFBS,59,16,200,610.00,"122,000.00"
2020-01-07,2020010701012444,GMFBS,21,16,200,611.00,"122,200.00"
2020-01-07,2020010701012443,GMFBS,58,16,90,612.00,"55,080.00"
2020-01-07,2020010701012128,GMFBS,58,59,10,612.00,"6,120.00"
2020-01-07,2020010701012246,GMFIL,52,42,200,116.00,"23,200.00"
2020-01-07,2020010701012054,GMFIL,52,42,200,116.00,"23,200.00"
2020-01-07,2020010701012143,GRDBL,14,4,50,105.00,"5,250.00"
2020-01-07,2020010701012142,GRDBL,14,45,30,105.00,"3,150.00"
2020-01-07,2020010701012407,GUFL,52,38,271,114.00,"30,894.00"
2020-01-07,2020010701012244,HBL,32,8,300,540.00,"162,000.00"
2020-01-07,2020010701012163,HBL,32,6,100,540.00,"54,000.00"
2020-01-07,2020010701012352,HDL,33,55,10,"1,213.00","12,130.00"
2020-01-07,2020010701012427,HGI,57,35,110,290.00,"31,900.00"
2020-01-07,2020010701012307,HGI,6,28,150,286.00,"42,900.00"
2020-01-07,2020010701012306,HGI,43,28,500,286.00,"143,000.00"
2020-01-07,2020010701012305,HGI,56,28,200,286.00,"57,200.00"
2020-01-07,2020010701012304,HGI,25,28,200,286.00,"57,200.00"
2020-01-07,2020010701012303,HGI,57,28,100,286.00,"28,600.00"
2020-01-07,2020010701012302,HGI,25,28,50,287.00,"14,350.00"
2020-01-07,2020010701012301,HGI,44,28,200,287.00,"57,400.00"
2020-01-07,2020010701012300,HGI,41,28,100,287.00,"28,700.00"
2020-01-07,2020010701011994,IGI,43,57,100,321.00,"32,100.00"
2020-01-07,2020010701012452,ILBS,10,16,10,592.00,"5,920.00"
2020-01-07,2020010701012431,ILBS,10,16,10,592.00,"5,920.00"
2020-01-07,2020010701012396,ILBS,34,41,100,584.00,"58,400.00"
2020-01-07,2020010701012395,ILBS,10,57,100,585.00,"58,500.00"
2020-01-07,2020010701012248,ILBS,34,39,10,584.00,"5,840.00"
2020-01-07,2020010701012221,ILBS,19,39,10,584.00,"5,840.00"
2020-01-07,2020010701012212,ILBS,19,59,10,584.00,"5,840.00"
2020-01-07,2020010701012144,ILBS,22,50,100,585.00,"58,500.00"
2020-01-07,2020010701012052,ILBS,19,59,10,584.00,"5,840.00"
2020-01-07,2020010701012439,JOSHI,17,6,100,67.00,"6,700.00"
2020-01-07,2020010701012211,JOSHI,17,6,100,66.00,"6,600.00"
2020-01-07,2020010701012210,JOSHI,17,43,20,65.00,"1,300.00"
2020-01-07,2020010701012269,JSLBB,40,38,85,"1,259.00","107,015.00"
2020-01-07,2020010701012173,JSLBB,49,16,100,"1,257.00","125,700.00"
2020-01-07,2020010701012342,KBL,26,17,100,188.00,"18,800.00"
2020-01-07,2020010701012333,KBL,22,17,375,188.00,"70,500.00"
2020-01-07,2020010701012332,KBL,22,55,66,188.00,"12,408.00"
2020-01-07,2020010701012331,KBL,22,25,559,188.00,"105,092.00"
2020-01-07,2020010701012234,KBL,56,25,200,188.00,"37,600.00"
2020-01-07,2020010701012219,KBL,49,25,200,188.00,"37,600.00"
2020-01-07,2020010701012176,KBL,1,25,100,188.00,"18,800.00"
2020-01-07,2020010701012077,KBL,21,43,687,187.00,"128,469.00"
2020-01-07,2020010701012076,KBL,34,43,"1,313",187.00,"245,531.00"
2020-01-07,2020010701012015,KBL,34,14,109,187.00,"20,383.00"
2020-01-07,2020010701011958,KBL,6,25,"1,141",188.00,"214,508.00"
2020-01-07,2020010701011959,KPCL,42,11,10,84.00,840.00
2020-01-07,2020010701012091,KRBL,47,6,446,103.00,"45,938.00"
2020-01-07,2020010701012456,LBBL,33,33,10,204.00,"2,040.00"
2020-01-07,2020010701012451,LBBL,45,33,180,204.00,"36,720.00"
2020-01-07,2020010701012355,LBBL,25,33,200,204.00,"40,800.00"
2020-01-07,2020010701012340,LBBL,28,33,10,204.00,"2,040.00"
2020-01-07,2020010701012258,LBBL,54,41,60,203.00,"12,180.00"
2020-01-07,2020010701012237,LBBL,42,33,750,204.00,"153,000.00"
2020-01-07,2020010701012186,LBBL,54,50,"1,000",203.00,"203,000.00"
2020-01-07,2020010701012004,LBBL,54,28,206,203.00,"41,818.00"
2020-01-07,2020010701012003,LBBL,54,50,"1,485",203.00,"301,455.00"
2020-01-07,2020010701012287,LBL,49,17,100,203.00,"20,300.00"
2020-01-07,2020010701012249,LBL,33,44,"1,000",202.00,"202,000.00"
2020-01-07,2020010701012169,LBL,29,22,100,201.00,"20,100.00"
2020-01-07,2020010701012051,LLBS,34,18,50,795.00,"39,750.00"
2020-01-07,2020010701012381,MBL,38,34,143,230.00,"32,890.00"
2020-01-07,2020010701012380,MBL,38,34,101,230.00,"23,230.00"
2020-01-07,2020010701012379,MBL,38,47,500,230.00,"115,000.00"
2020-01-07,2020010701012378,MBL,38,29,256,230.00,"58,880.00"
2020-01-07,2020010701012354,MBL,56,29,50,230.00,"11,500.00"
2020-01-07,2020010701012316,MBL,55,29,500,230.00,"115,000.00"
2020-01-07,2020010701012315,MBL,41,29,194,230.00,"44,620.00"
2020-01-07,2020010701012265,MBL,11,44,400,231.00,"92,400.00"
2020-01-07,2020010701012264,MBL,11,47,300,231.00,"69,300.00"
2020-01-07,2020010701012263,MBL,11,13,300,231.00,"69,300.00"
2020-01-07,2020010701012053,MBL,41,35,202,230.00,"46,460.00"
2020-01-07,2020010701012027,MBL,56,47,50,231.00,"11,550.00"
2020-01-07,2020010701012308,MEGA,43,49,10,197.00,"1,970.00"
2020-01-07,2020010701012205,MEGA,14,35,100,196.00,"19,600.00"
2020-01-07,2020010701012204,MEGA,14,51,"2,000",196.00,"392,000.00"
2020-01-07,2020010701012203,MEGA,14,25,50,196.00,"9,800.00"
2020-01-07,2020010701012202,MEGA,14,20,50,196.00,"9,800.00"
2020-01-07,2020010701012201,MEGA,14,52,500,196.00,"98,000.00"
2020-01-07,2020010701012070,MEGA,10,55,"1,000",195.00,"195,000.00"
2020-01-07,2020010701012069,MEGA,42,55,500,195.00,"97,500.00"
2020-01-07,2020010701012068,MEGA,45,55,291,195.00,"56,745.00"
2020-01-07,2020010701012036,MEGA,45,11,109,195.00,"21,255.00"
2020-01-07,2020010701012035,MEGA,25,11,91,195.00,"17,745.00"
2020-01-07,2020010701011992,MEGA,25,49,109,195.00,"21,255.00"
2020-01-07,2020010701012200,MEGA,14,44,110,196.00,"21,560.00"
2020-01-07,2020010701012199,MEGA,14,57,490,196.00,"96,040.00"
2020-01-07,2020010701012148,MEGA,43,57,10,196.00,"1,960.00"
2020-01-07,2020010701012140,MEGA,42,7,91,195.00,"17,745.00"
2020-01-07,2020010701012103,MEGA,42,44,200,195.00,"39,000.00"
2020-01-07,2020010701012071,MEGA,42,55,209,195.00,"40,755.00"
2020-01-07,2020010701012239,MERO,4,58,10,495.00,"4,950.00"
2020-01-07,2020010701012086,MERO,4,38,353,492.00,"173,676.00"
2020-01-07,2020010701012198,MFIL,43,1,10,145.00,"1,450.00"
2020-01-07,2020010701012109,MFIL,29,19,"2,000",144.00,"288,000.00"
2020-01-07,2020010701012257,MHNL,49,19,15,88.00,"1,320.00"
2020-01-07,2020010701012020,MHNL,49,1,30,88.00,"2,640.00"
2020-01-07,2020010701012386,MLBL,33,52,10,180.00,"1,800.00"
2020-01-07,2020010701011974,MNBBL,4,4,441,289.00,"127,449.00"
2020-01-07,2020010701011973,MNBBL,4,49,214,287.00,"61,418.00"
2020-01-07,2020010701012183,MNBBL,14,19,50,289.00,"14,450.00"
2020-01-07,2020010701011976,MNBBL,4,4,"4,000",289.00,"1,156,000.00"
2020-01-07,2020010701011975,MNBBL,4,4,500,289.00,"144,500.00"
2020-01-07,2020010701012101,MSLB,7,54,10,875.00,"8,750.00"
2020-01-07,2020010701011978,MSMBS,34,43,10,609.00,"6,090.00"
2020-01-07,2020010701012138,NABIL,41,36,300,722.00,"216,600.00"
2020-01-07,2020010701012017,NABIL,16,32,498,722.00,"359,556.00"
2020-01-07,2020010701012002,NABIL,6,45,950,720.00,"684,000.00"
2020-01-07,2020010701012001,NABIL,35,45,50,721.00,"36,050.00"
2020-01-07,2020010701012187,NADEP,21,41,13,536.00,"6,968.00"
2020-01-07,2020010701012137,NADEP,56,18,50,540.00,"27,000.00"
2020-01-07,2020010701012136,NADEP,56,57,50,540.00,"27,000.00"
2020-01-07,2020010701012058,NADEP,17,11,10,535.00,"5,350.00"
2020-01-07,2020010701012009,NADEP,17,11,37,535.00,"19,795.00"
2020-01-07,2020010701012216,NADEP,21,32,400,536.00,"214,400.00"
2020-01-07,2020010701012441,NBB,1,34,500,201.00,"100,500.00"
2020-01-07,2020010701012440,NBB,1,41,750,200.00,"150,000.00"
2020-01-07,2020010701012345,NBB,14,41,50,200.00,"10,000.00"
2020-01-07,2020010701012343,NBB,55,41,200,200.00,"40,000.00"
2020-01-07,2020010701012127,NBB,56,45,46,200.00,"9,200.00"
2020-01-07,2020010701012105,NBB,13,45,54,200.00,"10,800.00"
2020-01-07,2020010701012072,NBB,49,34,200,201.00,"40,200.00"
2020-01-07,2020010701012368,NBL,43,45,10,275.00,"2,750.00"
2020-01-07,2020010701012317,NBL,37,55,70,274.00,"19,180.00"
2020-01-07,2020010701012172,NBL,43,45,10,275.00,"2,750.00"
2020-01-07,2020010701012037,NBL,37,44,500,274.00,"137,000.00"
2020-01-07,2020010701012022,NBL,1,44,"1,500",274.00,"411,000.00"
2020-01-07,2020010701012450,NCCB,33,10,10,209.00,"2,090.00"
2020-01-07,2020010701012426,NCCB,33,10,10,209.00,"2,090.00"
2020-01-07,2020010701012409,NCCB,51,17,115,208.00,"23,920.00"
2020-01-07,2020010701012408,NCCB,38,10,"1,500",209.00,"313,500.00"
2020-01-07,2020010701012358,NCCB,33,10,10,209.00,"2,090.00"
2020-01-07,2020010701012291,NCCB,51,40,50,208.00,"10,400.00"
2020-01-07,2020010701012290,NCCB,52,40,250,208.00,"52,000.00"
2020-01-07,2020010701012178,NCCB,53,52,"1,000",209.00,"209,000.00"
2020-01-07,2020010701012102,NCCB,22,10,20,209.00,"4,180.00"
2020-01-07,2020010701012430,NIB,35,46,339,403.00,"136,617.00"
2020-01-07,2020010701012272,NIB,17,46,161,403.00,"64,883.00"
2020-01-07,2020010701012133,NIB,20,28,172,401.00,"68,972.00"
2020-01-07,2020010701012132,NIB,28,28,452,401.00,"181,252.00"
2020-01-07,2020010701012131,NIB,55,28,50,402.00,"20,100.00"
2020-01-07,2020010701012130,NIB,53,28,25,402.00,"10,050.00"
2020-01-07,2020010701012129,NIB,52,28,34,402.00,"13,668.00"
2020-01-07,2020010701012073,NIBPO,28,14,160,375.00,"60,000.00"
2020-01-07,2020010701012423,NICA,50,19,900,438.00,"394,200.00"
2020-01-07,2020010701012403,NICA,50,11,100,438.00,"43,800.00"
2020-01-07,2020010701012377,NICA,42,14,200,438.00,"87,600.00"
2020-01-07,2020010701012376,NICA,42,58,572,438.00,"250,536.00"
2020-01-07,2020010701012359,NICA,25,45,100,437.00,"43,700.00"
2020-01-07,2020010701012323,NICA,49,58,500,438.00,"219,000.00"
2020-01-07,2020010701012066,NICA,25,28,350,438.00,"153,300.00"
2020-01-07,2020010701012050,NICA,25,42,70,438.00,"30,660.00"
2020-01-07,2020010701011993,NICA,26,58,150,439.00,"65,850.00"
2020-01-07,2020010701012238,NICA,50,58,200,438.00,"87,600.00"
2020-01-07,2020010701012184,NICA,49,58,"1,943",438.00,"851,034.00"
2020-01-07,2020010701012177,NICA,49,28,"2,000",438.00,"876,000.00"
2020-01-07,2020010701012157,NICA,42,34,"2,000",438.00,"876,000.00"
2020-01-07,2020010701012104,NICA,25,49,"3,943",438.00,"1,727,034.00"
2020-01-07,2020010701012067,NICA,25,28,100,438.00,"43,800.00"
2020-01-07,2020010701012434,NICL,21,57,180,320.00,"57,600.00"
2020-01-07,2020010701012399,NICL,44,57,100,320.00,"32,000.00"
2020-01-07,2020010701012398,NICL,44,22,900,320.00,"288,000.00"
2020-01-07,2020010701012232,NICL,44,56,"1,000",319.00,"319,000.00"
2020-01-07,2020010701012231,NICL,44,14,100,319.00,"31,900.00"
2020-01-07,2020010701012230,NICL,44,8,"1,000",319.00,"319,000.00"
2020-01-07,2020010701012229,NICL,44,44,400,318.00,"127,200.00"
2020-01-07,2020010701012168,NICL,56,44,100,318.00,"31,800.00"
2020-01-07,2020010701012424,NIL,38,29,10,407.00,"4,070.00"
2020-01-07,2020010701012417,NIL,50,38,236,403.00,"95,108.00"
2020-01-07,2020010701012416,NIL,38,38,300,403.00,"120,900.00"
2020-01-07,2020010701012415,NIL,45,38,100,404.00,"40,400.00"
2020-01-07,2020010701012414,NIL,25,38,70,404.00,"28,280.00"
2020-01-07,2020010701012289,NIL,56,29,300,407.00,"122,100.00"
2020-01-07,2020010701012030,NIL,52,51,152,406.00,"61,712.00"
2020-01-07,2020010701012029,NIL,44,51,250,407.00,"101,750.00"
2020-01-07,2020010701012256,NIL,52,36,500,406.00,"203,000.00"
2020-01-07,2020010701012209,NIL,16,51,98,404.00,"39,592.00"
2020-01-07,2020010701012208,NIL,29,51,"1,000",404.00,"404,000.00"
2020-01-07,2020010701012174,NIL,14,38,"1,000",405.00,"405,000.00"
2020-01-07,2020010701012031,NIL,41,51,100,406.00,"40,600.00"
2020-01-07,2020010701012405,NLBBL,16,21,100,545.00,"54,500.00"
2020-01-07,2020010701012250,NLBBL,45,35,300,547.00,"164,100.00"
2020-01-07,2020010701012369,NLG,52,36,35,618.00,"21,630.00"
2020-01-07,2020010701012404,NLIC,48,58,140,960.00,"134,400.00"
2020-01-07,2020010701012363,NLIC,51,6,168,958.00,"160,944.00"
2020-01-07,2020010701012362,NLIC,56,6,50,958.00,"47,900.00"
2020-01-07,2020010701012361,NLIC,3,6,50,958.00,"47,900.00"
2020-01-07,2020010701012360,NLIC,41,6,100,959.00,"95,900.00"
2020-01-07,2020010701012349,NLIC,57,58,40,960.00,"38,400.00"
2020-01-07,2020010701012217,NLIC,26,11,100,959.00,"95,900.00"
2020-01-07,2020010701012170,NLIC,41,58,100,960.00,"96,000.00"
2020-01-07,2020010701012167,NLIC,35,58,100,960.00,"96,000.00"
2020-01-07,2020010701012228,NLICL,37,19,150,490.00,"73,500.00"
2020-01-07,2020010701012125,NLICL,8,6,57,492.00,"28,044.00"
2020-01-07,2020010701012124,NLICL,8,26,443,492.00,"217,956.00"
2020-01-07,2020010701012271,NMB,14,34,"1,669",340.00,"567,460.00"
2020-01-07,2020010701012225,NMB,37,34,331,340.00,"112,540.00"
2020-01-07,2020010701012224,NMB,37,44,169,340.00,"57,460.00"
2020-01-07,2020010701012188,NMB,14,44,31,340.00,"10,540.00"
2020-01-07,2020010701012165,NMB,57,47,25,341.00,"8,525.00"
2020-01-07,2020010701012164,NMB,57,39,100,341.00,"34,100.00"
2020-01-07,2020010701011998,NMB,33,43,20,340.00,"6,800.00"
2020-01-07,2020010701011997,NMB,44,43,11,340.00,"3,740.00"
2020-01-07,2020010701011996,NMB,25,43,50,340.00,"17,000.00"
2020-01-07,2020010701011995,NMB,25,56,50,340.00,"17,000.00"
2020-01-07,2020010701011981,NMB,44,39,139,340.00,"47,260.00"
2020-01-07,2020010701011980,NMB,14,39,61,340.00,"20,740.00"
2020-01-07,2020010701012158,NMB,14,25,50,340.00,"17,000.00"
2020-01-07,2020010701012087,NMB,14,58,419,340.00,"142,460.00"
2020-01-07,2020010701012075,NMB,37,25,100,339.00,"33,900.00"
2020-01-07,2020010701012074,NMB,34,25,100,339.00,"33,900.00"
2020-01-07,2020010701012060,NMB,45,58,81,340.00,"27,540.00"
2020-01-07,2020010701012059,NMB,45,43,19,340.00,"6,460.00"
2020-01-07,2020010701012454,NMBMF,59,19,50,632.00,"31,600.00"
2020-01-07,2020010701012453,NMBMF,59,7,158,630.00,"99,540.00"
2020-01-07,2020010701012310,NMBMF,42,7,10,630.00,"6,300.00"
2020-01-07,2020010701012088,NMBMF,41,34,22,628.00,"13,816.00"
2020-01-07,2020010701012457,NNLB,22,56,200,542.00,"108,400.00"
2020-01-07,2020010701012312,NNLB,38,44,500,547.00,"273,500.00"
2020-01-07,2020010701012357,NSEWA,19,36,10,535.00,"5,350.00"
2020-01-07,2020010701012260,NUBL,58,39,78,856.00,"66,768.00"
2020-01-07,2020010701012259,NUBL,33,39,22,857.00,"18,854.00"
2020-01-07,2020010701012100,NUBL,33,20,50,857.00,"42,850.00"
2020-01-07,2020010701012099,NUBL,33,14,100,856.00,"85,600.00"
2020-01-07,2020010701012098,NUBL,33,19,50,854.00,"42,700.00"
2020-01-07,2020010701012097,NUBL,33,25,100,853.00,"85,300.00"
2020-01-07,2020010701012096,NUBL,33,43,30,853.00,"25,590.00"
2020-01-07,2020010701012095,NUBL,33,57,200,852.00,"170,400.00"
2020-01-07,2020010701012094,NUBL,33,53,48,852.00,"40,896.00"
2020-01-07,2020010701012367,OHL,34,38,20,473.00,"9,460.00"
2020-01-07,2020010701012044,OHL,14,52,666,468.00,"311,688.00"
2020-01-07,2020010701011988,OHL,14,52,334,468.00,"156,312.00"
2020-01-07,2020010701011987,OHL,16,52,500,469.00,"234,500.00"
2020-01-07,2020010701011986,OHL,14,52,50,469.00,"23,450.00"
2020-01-07,2020010701011985,OHL,16,52,116,469.00,"54,404.00"
2020-01-07,2020010701012049,OHL,38,52,89,464.00,"41,296.00"
2020-01-07,2020010701012048,OHL,16,52,100,466.00,"46,600.00"
2020-01-07,2020010701012047,OHL,25,52,100,467.00,"46,700.00"
2020-01-07,2020010701012046,OHL,35,52,25,468.00,"11,700.00"
2020-01-07,2020010701012045,OHL,22,52,20,468.00,"9,360.00"
2020-01-07,2020010701012385,PCBL,14,54,100,250.00,"25,000.00"
2020-01-07,2020010701012236,PCBL,11,54,802,250.00,"200,500.00"
2020-01-07,2020010701012235,PCBL,11,47,198,249.00,"49,302.00"
2020-01-07,2020010701012182,PCBL,59,39,236,248.00,"58,528.00"
2020-01-07,2020010701012181,PCBL,42,39,160,248.00,"39,680.00"
2020-01-07,2020010701012180,PCBL,13,39,500,248.00,"124,000.00"
2020-01-07,2020010701012179,PCBL,26,39,579,248.00,"143,592.00"
2020-01-07,2020010701012139,PIC,5,25,50,425.00,"21,250.00"
2020-01-07,2020010701012016,PIC,5,6,500,426.00,"213,000.00"
2020-01-07,2020010701012252,PICL,14,19,690,460.00,"317,400.00"
2020-01-07,2020010701012251,PICL,14,44,"1,000",459.00,"459,000.00"
2020-01-07,2020010701012147,PICL,57,51,100,455.00,"45,500.00"
2020-01-07,2020010701012337,PLIC,49,25,50,376.00,"18,800.00"
2020-01-07,2020010701012336,PLIC,39,25,55,376.00,"20,680.00"
2020-01-07,2020010701012085,PRIN,43,38,10,340.00,"3,400.00"
2020-01-07,2020010701012428,PRVU,39,34,50,238.00,"11,900.00"
2020-01-07,2020010701012411,PRVU,38,36,200,237.00,"47,400.00"
2020-01-07,2020010701012207,PRVU,29,34,300,238.00,"71,400.00"
2020-01-07,2020010701012166,PRVU,44,34,105,238.00,"24,990.00"
2020-01-07,2020010701012152,PRVU,44,11,200,238.00,"47,600.00"
2020-01-07,2020010701011966,PRVU,43,59,205,238.00,"48,790.00"
2020-01-07,2020010701011967,PRVU,25,59,100,238.00,"23,800.00"
2020-01-07,2020010701012061,PRVU,1,59,"1,000",238.00,"238,000.00"
2020-01-07,2020010701012080,PRVU,44,40,400,238.00,"95,200.00"
2020-01-07,2020010701012079,PRVU,44,14,100,238.00,"23,800.00"
2020-01-07,2020010701012078,PRVU,44,59,195,238.00,"46,410.00"
2020-01-07,2020010701012065,PRVU,38,34,400,237.00,"94,800.00"
2020-01-07,2020010701012064,PRVU,38,34,100,237.00,"23,700.00"
2020-01-07,2020010701012063,PRVU,58,34,500,237.00,"118,500.00"
2020-01-07,2020010701012033,RHPC,39,17,263,72.00,"18,936.00"
2020-01-07,2020010701012113,RHPL,43,34,10,174.00,"1,740.00"
2020-01-07,2020010701012010,RLFL,1,28,985,112.00,"110,320.00"
2020-01-07,2020010701012117,RMDC,19,47,100,575.00,"57,500.00"
2020-01-07,2020010701012116,RMDC,19,47,46,575.00,"26,450.00"
2020-01-07,2020010701012084,RRHP,42,22,100,99.00,"9,900.00"
2020-01-07,2020010701012419,RSDC,45,47,100,352.00,"35,200.00"
2020-01-07,2020010701012418,RSDC,45,25,140,352.00,"49,280.00"
2020-01-07,2020010701012322,RSDC,51,42,35,350.00,"12,250.00"
2020-01-07,2020010701012255,RSDC,51,22,140,350.00,"49,000.00"
2020-01-07,2020010701012175,RSDC,51,41,25,350.00,"8,750.00"
2020-01-07,2020010701012446,SABSL,19,57,10,669.00,"6,690.00"
2020-01-07,2020010701012314,SABSL,34,41,10,666.00,"6,660.00"
2020-01-07,2020010701012313,SABSL,34,48,10,665.00,"6,650.00"
2020-01-07,2020010701012278,SABSL,34,6,10,656.00,"6,560.00"
2020-01-07,2020010701012277,SABSL,34,5,10,656.00,"6,560.00"
2020-01-07,2020010701012213,SABSL,52,19,10,648.00,"6,480.00"
2020-01-07,2020010701012185,SABSL,52,59,10,648.00,"6,480.00"
2020-01-07,2020010701012021,SABSL,17,59,10,647.00,"6,470.00"
2020-01-07,2020010701011972,SABSL,52,26,10,656.00,"6,560.00"
2020-01-07,2020010701012449,SANIMA,14,45,200,334.00,"66,800.00"
2020-01-07,2020010701012338,SANIMA,45,45,10,335.00,"3,350.00"
2020-01-07,2020010701012194,SANIMA,35,45,86,335.00,"28,810.00"
2020-01-07,2020010701012193,SANIMA,35,57,42,335.00,"14,070.00"
2020-01-07,2020010701012192,SANIMA,35,6,"1,000",335.00,"335,000.00"
2020-01-07,2020010701012191,SANIMA,35,1,50,335.00,"16,750.00"
2020-01-07,2020010701012190,SANIMA,35,6,100,335.00,"33,500.00"
2020-01-07,2020010701012189,SANIMA,35,16,222,335.00,"74,370.00"
2020-01-07,2020010701012041,SANIMA,14,14,232,334.00,"77,488.00"
2020-01-07,2020010701012011,SANIMA,14,49,60,334.00,"20,040.00"
2020-01-07,2020010701011983,SANIMA,54,16,278,335.00,"93,130.00"
2020-01-07,2020010701011982,SANIMA,54,44,100,335.00,"33,500.00"
2020-01-07,2020010701012293,SAPDBL,4,17,100,134.00,"13,400.00"
2020-01-07,2020010701012292,SAPDBL,4,34,500,133.00,"66,500.00"
2020-01-07,2020010701012353,SBL,56,57,"1,000",308.00,"308,000.00"
2020-01-07,2020010701012089,SBL,56,57,500,308.00,"154,000.00"
2020-01-07,2020010701012394,SCB,56,39,54,579.00,"31,266.00"
2020-01-07,2020010701012393,SCB,56,14,104,579.00,"60,216.00"
2020-01-07,2020010701012392,SCB,56,57,50,578.00,"28,900.00"
2020-01-07,2020010701012391,SCB,56,22,50,577.00,"28,850.00"
2020-01-07,2020010701012390,SCB,56,48,32,577.00,"18,464.00"
2020-01-07,2020010701012389,SCB,56,35,20,577.00,"11,540.00"
2020-01-07,2020010701011968,SCB,18,43,157,574.00,"90,118.00"
2020-01-07,2020010701011969,SCB,7,43,43,574.00,"24,682.00"
2020-01-07,2020010701012388,SCB,56,22,100,576.00,"57,600.00"
2020-01-07,2020010701012387,SCB,56,4,90,576.00,"51,840.00"
2020-01-07,2020010701012321,SCB,56,48,64,575.00,"36,800.00"
2020-01-07,2020010701012320,SCB,56,42,20,575.00,"11,500.00"
2020-01-07,2020010701012319,SCB,56,42,301,575.00,"173,075.00"
2020-01-07,2020010701012401,SDESI,52,17,313,675.00,"211,275.00"
2020-01-07,2020010701012400,SDESI,52,42,87,675.00,"58,725.00"
2020-01-07,2020010701012341,SDESI,39,42,100,675.00,"67,500.00"
2020-01-07,2020010701011977,SDESI,39,16,100,672.00,"67,200.00"
2020-01-07,2020010701012435,SEF,3,13,"10,000",9.21,"92,100.00"
2020-01-07,2020010701012270,SFFIL,52,56,30,197.00,"5,910.00"
2020-01-07,2020010701012026,SFFIL,14,14,100,200.00,"20,000.00"
2020-01-07,2020010701012025,SFFIL,14,4,20,200.00,"4,000.00"
2020-01-07,2020010701012024,SFFIL,14,54,50,199.00,"9,950.00"
2020-01-07,2020010701012023,SFFIL,14,3,208,198.00,"41,184.00"
2020-01-07,2020010701012299,SHINE,43,40,25,238.00,"5,950.00"
2020-01-07,2020010701012298,SHINE,43,34,"1,000",238.00,"238,000.00"
2020-01-07,2020010701012297,SHINE,43,44,975,238.00,"232,050.00"
2020-01-07,2020010701012410,SHIVM,25,26,50,477.00,"23,850.00"
2020-01-07,2020010701012356,SHIVM,32,49,200,478.00,"95,600.00"
2020-01-07,2020010701012276,SHIVM,45,32,200,476.00,"95,200.00"
2020-01-07,2020010701012275,SHIVM,14,32,200,476.00,"95,200.00"
2020-01-07,2020010701012274,SHIVM,22,32,"1,000",476.00,"476,000.00"
2020-01-07,2020010701012273,SHIVM,33,32,200,476.00,"95,200.00"
2020-01-07,2020010701011965,SHIVM,33,36,200,476.00,"95,200.00"
2020-01-07,2020010701012268,SHIVM,33,38,500,476.00,"238,000.00"
2020-01-07,2020010701012223,SHIVM,57,32,200,477.00,"95,400.00"
2020-01-07,2020010701012220,SHIVM,33,36,500,476.00,"238,000.00"
2020-01-07,2020010701012083,SHIVM,32,32,200,477.00,"95,400.00"
2020-01-07,2020010701012019,SHIVM,33,14,50,476.00,"23,800.00"
2020-01-07,2020010701011984,SHIVM,33,20,200,476.00,"95,200.00"
2020-01-07,2020010701012420,SHL,43,7,100,198.00,"19,800.00"
2020-01-07,2020010701012402,SHL,17,7,105,198.00,"20,790.00"
2020-01-07,2020010701012350,SHL,17,7,200,198.00,"39,600.00"
2020-01-07,2020010701012242,SHL,17,52,650,198.00,"128,700.00"
2020-01-07,2020010701012241,SHL,14,52,200,198.00,"39,600.00"
2020-01-07,2020010701012240,SHL,17,52,150,198.00,"29,700.00"
2020-01-07,2020010701012107,SHL,16,40,900,199.00,"179,100.00"
2020-01-07,2020010701012106,SHL,16,49,100,199.00,"19,900.00"
2020-01-07,2020010701012034,SHPC,57,29,50,178.00,"8,900.00"
2020-01-07,2020010701012318,SICL,51,38,60,865.00,"51,900.00"
2020-01-07,2020010701012160,SIL,1,39,100,430.00,"43,000.00"
2020-01-07,2020010701012159,SIL,1,16,100,430.00,"43,000.00"
2020-01-07,2020010701012295,SKBBL,47,7,50,870.00,"43,500.00"
2020-01-07,2020010701012294,SKBBL,38,7,25,870.00,"21,750.00"
2020-01-07,2020010701012215,SKBBL,38,7,75,870.00,"65,250.00"
2020-01-07,2020010701012214,SKBBL,4,7,50,870.00,"43,500.00"
2020-01-07,2020010701012397,SLBBL,55,58,100,636.00,"63,600.00"
2020-01-07,2020010701012382,SLBBL,38,58,200,636.00,"127,200.00"
2020-01-07,2020010701012233,SLBBL,16,37,250,636.00,"159,000.00"
2020-01-07,2020010701012455,SLBSL,48,51,250,644.00,"161,000.00"
2020-01-07,2020010701012422,SLICL,17,50,100,312.00,"31,200.00"
2020-01-07,2020010701012412,SLICL,32,47,200,313.00,"62,600.00"
2020-01-07,2020010701012151,SLICL,18,47,100,313.00,"31,300.00"
2020-01-07,2020010701012433,SMATA,8,41,90,560.00,"50,400.00"
2020-01-07,2020010701012370,SMATA,34,18,10,558.00,"5,580.00"
2020-01-07,2020010701012346,SMATA,18,18,10,561.00,"5,610.00"
2020-01-07,2020010701012123,SMATA,34,18,10,572.00,"5,720.00"
2020-01-07,2020010701012038,SMATA,28,11,12,583.00,"6,996.00"
2020-01-07,2020010701011960,SMATA,34,39,58,572.00,"33,176.00"
2020-01-07,2020010701012093,SMFBS,13,57,19,992.00,"18,848.00"
2020-01-07,2020010701012092,SMFBS,7,57,31,992.00,"30,752.00"
2020-01-07,2020010701012348,UIC,5,59,380,295.00,"112,100.00"
2020-01-07,2020010701012267,UIC,18,40,200,294.00,"58,800.00"
2020-01-07,2020010701012162,UIC,57,40,300,294.00,"88,200.00"
2020-01-07,2020010701012161,UIC,42,40,100,294.00,"29,400.00"
2020-01-07,2020010701012149,UIC,35,59,100,295.00,"29,500.00"
2020-01-07,2020010701011963,UIC,5,37,300,297.00,"89,100.00"
2020-01-07,2020010701011962,UIC,5,43,100,297.00,"29,700.00"
2020-01-07,2020010701011961,UIC,5,42,100,297.00,"29,700.00"
2020-01-07,2020010701012330,UPCL,59,57,60,72.00,"4,320.00"
2020-01-07,2020010701012329,UPCL,8,57,555,72.00,"39,960.00"
2020-01-07,2020010701012206,UPPER,19,52,150,241.00,"36,150.00"
2020-01-07,2020010701012141,UPPER,19,43,250,241.00,"60,250.00"
2020-01-07,2020010701012012,UPPER,50,43,50,241.00,"12,050.00"
2020-01-07,2020010701011539,AKJCL,18,16,10,56.00,560.00
2020-01-07,2020010701011503,AKPL,25,48,39,118.00,"4,602.00"
2020-01-07,2020010701011955,ALBSL,13,58,50,530.00,"26,500.00"
2020-01-07,2020010701011946,ALBSL,6,48,200,527.00,"105,400.00"
2020-01-07,2020010701011755,ALBSL,16,5,200,528.00,"105,600.00"
2020-01-07,2020010701011843,ALICL,57,7,10,385.00,"3,850.00"
2020-01-07,2020010701011823,ALICL,34,48,120,386.00,"46,320.00"
2020-01-07,2020010701011776,ALICL,57,25,50,385.00,"19,250.00"
2020-01-07,2020010701011608,API,25,44,50,113.00,"5,650.00"
2020-01-07,2020010701011599,API,25,43,300,112.00,"33,600.00"
2020-01-07,2020010701011473,API,25,44,58,113.00,"6,554.00"
2020-01-07,2020010701011472,API,25,8,114,112.00,"12,768.00"
2020-01-07,2020010701011471,API,25,4,29,112.00,"3,248.00"
2020-01-07,2020010701011470,API,25,49,900,112.00,"100,800.00"
2020-01-07,2020010701011469,API,25,57,357,112.00,"39,984.00"
2020-01-07,2020010701011480,BOKL,45,28,100,228.00,"22,800.00"
2020-01-07,2020010701011845,BPCL,56,56,10,312.00,"3,120.00"
2020-01-07,2020010701011765,BPCL,11,21,50,311.00,"15,550.00"
2020-01-07,2020010701011934,CBBL,21,33,232,838.00,"194,416.00"
2020-01-07,2020010701011749,CBBL,21,28,140,838.00,"117,320.00"
2020-01-07,2020010701011517,CBBL,4,28,40,837.00,"33,480.00"
2020-01-07,2020010701011516,CBBL,34,28,100,838.00,"83,800.00"
2020-01-07,2020010701011478,CBBL,4,28,140,837.00,"117,180.00"
2020-01-07,2020010701011610,CBBL,34,28,20,837.00,"16,740.00"
2020-01-07,2020010701011609,CBBL,4,28,30,837.00,"25,110.00"
2020-01-07,2020010701011576,CBBL,4,28,69,837.00,"57,753.00"
2020-01-07,2020010701011535,CBBL,4,28,69,837.00,"57,753.00"
2020-01-07,2020010701011464,CCBL,14,39,45,172.00,"7,740.00"
2020-01-07,2020010701011463,CCBL,14,10,100,172.00,"17,200.00"
2020-01-07,2020010701011462,CCBL,14,52,500,172.00,"86,000.00"
2020-01-07,2020010701011461,CCBL,14,57,238,172.00,"40,936.00"
2020-01-07,2020010701011460,CCBL,14,57,238,172.00,"40,936.00"
2020-01-07,2020010701011459,CCBL,14,6,102,172.00,"17,544.00"
2020-01-07,2020010701011458,CCBL,14,34,99,172.00,"17,028.00"
2020-01-07,2020010701011814,CFCL,4,36,"5,000",131.00,"655,000.00"
2020-01-07,2020010701011813,CFCL,4,52,200,131.00,"26,200.00"
2020-01-07,2020010701011812,CFCL,4,25,55,131.00,"7,205.00"
2020-01-07,2020010701011811,CFCL,4,43,400,131.00,"52,400.00"
2020-01-07,2020010701011810,CFCL,4,55,"1,000",130.00,"130,000.00"
2020-01-07,2020010701011809,CFCL,4,45,200,130.00,"26,000.00"
2020-01-07,2020010701011808,CFCL,4,59,"2,000",130.00,"260,000.00"
2020-01-07,2020010701011807,CFCL,4,39,229,130.00,"29,770.00"
2020-01-07,2020010701011796,CHCL,19,16,100,378.00,"37,800.00"
2020-01-07,2020010701011795,CHCL,19,39,600,377.00,"226,200.00"
2020-01-07,2020010701011794,CHCL,19,45,300,377.00,"113,100.00"
2020-01-07,2020010701011761,CHCL,25,45,11,377.00,"4,147.00"
2020-01-07,2020010701011688,CHCL,17,49,91,376.00,"34,216.00"
2020-01-07,2020010701011586,CHCL,17,52,40,376.00,"15,040.00"
2020-01-07,2020010701011585,CHCL,25,52,60,376.00,"22,560.00"
2020-01-07,2020010701011492,CHCL,19,45,170,377.00,"64,090.00"
2020-01-07,2020010701011568,CHL,26,16,10,86.00,860.00
2020-01-07,2020010701011759,CIT,16,45,20,"2,082.00","41,640.00"
2020-01-07,2020010701011541,CIT,16,45,10,"2,082.00","20,820.00"
2020-01-07,2020010701011854,CLBSL,16,34,50,667.00,"33,350.00"
2020-01-07,2020010701011853,CLBSL,16,5,10,667.00,"6,670.00"
2020-01-07,2020010701011852,CLBSL,16,1,17,667.00,"11,339.00"
2020-01-07,2020010701011851,CLBSL,16,16,32,667.00,"21,344.00"
2020-01-07,2020010701011850,CLBSL,16,38,90,665.00,"59,850.00"
2020-01-07,2020010701011732,CMF1,43,26,100,9.47,947.00
2020-01-07,2020010701011943,CZBIL,35,32,500,197.00,"98,500.00"
2020-01-07,2020010701011855,CZBIL,34,42,111,196.00,"21,756.00"
2020-01-07,2020010701011606,CZBIL,34,47,96,196.00,"18,816.00"
2020-01-07,2020010701011605,CZBIL,8,47,140,197.00,"27,580.00"
2020-01-07,2020010701011781,DBBL,59,42,"1,000",146.00,"146,000.00"
2020-01-07,2020010701011614,DBBL,25,10,58,145.00,"8,410.00"
2020-01-07,2020010701011613,DBBL,47,10,100,145.00,"14,500.00"
2020-01-07,2020010701011612,DBBL,50,10,542,145.00,"78,590.00"
2020-01-07,2020010701011504,DBBL,50,18,400,145.00,"58,000.00"
2020-01-07,2020010701011871,DDBL,52,7,10,940.00,"9,400.00"
2020-01-07,2020010701011625,DDBL,19,17,200,942.00,"188,400.00"
2020-01-07,2020010701011624,DDBL,19,7,500,942.00,"471,000.00"
2020-01-07,2020010701011491,DHPL,42,37,50,55.00,"2,750.00"
2020-01-07,2020010701011490,DHPL,42,22,490,55.00,"26,950.00"
2020-01-07,2020010701011731,EBL,13,33,500,588.00,"294,000.00"
2020-01-07,2020010701011626,EBL,58,33,10,588.00,"5,880.00"
2020-01-07,2020010701011527,EBL,43,47,114,581.00,"66,234.00"
2020-01-07,2020010701011526,EBL,38,47,60,581.00,"34,860.00"
2020-01-07,2020010701011525,EBL,26,47,25,586.00,"14,650.00"
2020-01-07,2020010701011505,EBL,45,33,13,588.00,"7,644.00"
2020-01-07,2020010701011912,EIC,17,7,51,278.00,"14,178.00"
2020-01-07,2020010701011911,EIC,35,7,100,278.00,"27,800.00"
2020-01-07,2020010701011910,EIC,45,7,40,278.00,"11,120.00"
2020-01-07,2020010701011689,EIC,1,6,100,279.00,"27,900.00"
2020-01-07,2020010701011598,EIC,1,1,500,279.00,"139,500.00"
2020-01-07,2020010701011597,EIC,1,49,500,279.00,"139,500.00"
2020-01-07,2020010701011702,FMDBL,21,49,30,350.00,"10,500.00"
2020-01-07,2020010701011701,FMDBL,44,49,200,350.00,"70,000.00"
2020-01-07,2020010701011700,FMDBL,44,49,100,350.00,"35,000.00"
2020-01-07,2020010701011499,FMDBL,16,42,139,352.00,"48,928.00"
2020-01-07,2020010701011498,FMDBL,16,21,500,352.00,"176,000.00"
2020-01-07,2020010701011497,FMDBL,16,25,53,352.00,"18,656.00"
2020-01-07,2020010701011496,FMDBL,16,45,100,352.00,"35,200.00"
2020-01-07,2020010701011907,FOWAD,40,16,39,"1,115.00","43,485.00"
2020-01-07,2020010701011828,FOWAD,40,16,461,"1,115.00","514,015.00"
2020-01-07,2020010701011952,GBLBS,13,19,105,356.00,"37,380.00"
2020-01-07,2020010701011623,GBLBS,4,36,400,357.00,"142,800.00"
2020-01-07,2020010701011622,GBLBS,4,36,270,357.00,"96,390.00"
2020-01-07,2020010701011577,GBLBS,4,38,230,357.00,"82,110.00"
2020-01-07,2020010701011935,GGBSL,38,11,10,616.00,"6,160.00"
2020-01-07,2020010701011805,GGBSL,38,11,10,616.00,"6,160.00"
2020-01-07,2020010701011918,GILB,44,52,11,954.00,"10,494.00"
2020-01-07,2020010701011822,GLBSL,42,39,36,530.00,"19,080.00"
2020-01-07,2020010701011734,GLBSL,42,6,10,530.00,"5,300.00"
2020-01-07,2020010701011956,GLICL,36,7,75,484.00,"36,300.00"
2020-01-07,2020010701011927,GLICL,36,45,10,484.00,"4,840.00"
2020-01-07,2020010701011914,GLICL,46,39,100,484.00,"48,400.00"
2020-01-07,2020010701011825,GLICL,46,38,100,484.00,"48,400.00"
2020-01-07,2020010701011771,GMFBS,38,16,450,617.00,"277,650.00"
2020-01-07,2020010701011479,HBL,26,33,100,542.00,"54,200.00"
2020-01-07,2020010701011936,HDL,55,22,70,"1,206.00","84,420.00"
2020-01-07,2020010701011884,HDL,42,22,30,"1,206.00","36,180.00"
2020-01-07,2020010701011767,HDL,21,11,100,"1,206.00","120,600.00"
2020-01-07,2020010701011670,HGI,34,48,100,288.00,"28,800.00"
2020-01-07,2020010701011669,HGI,4,48,30,288.00,"8,640.00"
2020-01-07,2020010701011668,HGI,43,48,20,289.00,"5,780.00"
2020-01-07,2020010701011667,HGI,43,48,100,289.00,"28,900.00"
2020-01-07,2020010701011666,HGI,33,48,100,290.00,"29,000.00"
2020-01-07,2020010701011466,HGI,33,13,100,290.00,"29,000.00"
2020-01-07,2020010701011629,HPPL,52,48,10,149.00,"1,490.00"
2020-01-07,2020010701011628,HPPL,52,51,700,149.00,"104,300.00"
2020-01-07,2020010701011615,HPPL,52,35,20,148.00,"2,960.00"
2020-01-07,2020010701011589,HPPL,51,16,40,146.00,"5,840.00"
2020-01-07,2020010701011715,HURJA,7,26,20,104.00,"2,080.00"
2020-01-07,2020010701011595,HURJA,7,1,20,104.00,"2,080.00"
2020-01-07,2020010701011566,HURJA,7,36,20,104.00,"2,080.00"
2020-01-07,2020010701011588,JBBL,56,46,"1,500",156.00,"234,000.00"
2020-01-07,2020010701011587,JBBL,56,48,117,156.00,"18,252.00"
2020-01-07,2020010701011543,JBBL,56,48,100,156.00,"15,600.00"
2020-01-07,2020010701011542,JBBL,56,22,550,156.00,"85,800.00"
2020-01-07,2020010701011495,JBBL,56,56,36,155.00,"5,580.00"
2020-01-07,2020010701011600,JOSHI,57,16,20,64.00,"1,280.00"
2020-01-07,2020010701011744,JSLBB,21,38,100,"1,259.00","125,900.00"
2020-01-07,2020010701011957,KBL,6,58,859,188.00,"161,492.00"
2020-01-07,2020010701011954,KBL,34,51,578,187.00,"108,086.00"
2020-01-07,2020010701011953,KBL,48,51,422,187.00,"78,914.00"
2020-01-07,2020010701011915,KBL,48,14,251,187.00,"46,937.00"
2020-01-07,2020010701011841,KBL,50,58,141,188.00,"26,508.00"
2020-01-07,2020010701011840,KBL,50,45,159,188.00,"29,892.00"
2020-01-07,2020010701011528,KBL,34,45,100,188.00,"18,800.00"
2020-01-07,2020010701011619,KKHC,42,16,10,51.00,510.00
2020-01-07,2020010701011524,KRBL,41,4,100,103.00,"10,300.00"
2020-01-07,2020010701011784,KSBBL,42,51,13,141.00,"1,833.00"
2020-01-07,2020010701011906,LBBL,53,50,15,203.00,"3,045.00"
2020-01-07,2020010701011791,LBBL,13,50,500,203.00,"101,500.00"
2020-01-07,2020010701011714,LBBL,35,50,"1,466",202.00,"296,132.00"
2020-01-07,2020010701011707,LBBL,28,50,284,202.00,"57,368.00"
2020-01-07,2020010701011675,LBBL,28,52,174,202.00,"35,148.00"
2020-01-07,2020010701011674,LBBL,1,52,167,203.00,"33,901.00"
2020-01-07,2020010701011565,LBBL,1,42,"1,833",203.00,"372,099.00"
2020-01-07,2020010701011564,LBBL,17,42,"1,000",203.00,"203,000.00"
2020-01-07,2020010701011563,LBBL,33,42,667,203.00,"135,401.00"
2020-01-07,2020010701011713,LBBL,48,50,"1,000",202.00,"202,000.00"
2020-01-07,2020010701011712,LBBL,35,50,300,202.00,"60,600.00"
2020-01-07,2020010701011711,LBBL,34,50,500,202.00,"101,000.00"
2020-01-07,2020010701011710,LBBL,35,50,100,202.00,"20,200.00"
2020-01-07,2020010701011709,LBBL,25,50,100,202.00,"20,200.00"
2020-01-07,2020010701011708,LBBL,42,50,250,202.00,"50,500.00"
2020-01-07,2020010701011868,LBL,45,32,"1,000",202.00,"202,000.00"
2020-01-07,2020010701011768,LBL,32,17,10,203.00,"2,030.00"
2020-01-07,2020010701011621,LBL,33,32,12,201.00,"2,412.00"
2020-01-07,2020010701011607,LBL,32,17,10,203.00,"2,030.00"
2020-01-07,2020010701011560,LGIL,14,26,325,346.00,"112,450.00"
2020-01-07,2020010701011789,LICN,25,10,10,"1,101.00","11,010.00"
2020-01-07,2020010701011758,LICN,34,28,68,"1,096.00","74,528.00"
2020-01-07,2020010701011592,LLBS,18,26,24,790.00,"18,960.00"
2020-01-07,2020010701011591,LLBS,18,47,50,790.00,"39,500.00"
2020-01-07,2020010701011590,LLBS,18,34,21,790.00,"16,590.00"
2020-01-07,2020010701011931,MBL,29,47,150,231.00,"34,650.00"
2020-01-07,2020010701011930,MBL,29,49,350,231.00,"80,850.00"
2020-01-07,2020010701011882,MBL,41,49,"1,604",230.00,"368,920.00"
2020-01-07,2020010701011881,MBL,45,49,400,230.00,"92,000.00"
2020-01-07,2020010701011880,MBL,38,49,500,230.00,"115,000.00"
2020-01-07,2020010701011879,MBL,25,49,500,230.00,"115,000.00"
2020-01-07,2020010701011665,MBL,47,49,"2,000",231.00,"462,000.00"
2020-01-07,2020010701011601,MBL,16,6,27,230.00,"6,210.00"
2020-01-07,2020010701011729,MBL,47,44,100,231.00,"23,100.00"
2020-01-07,2020010701011728,MBL,47,39,210,231.00,"48,510.00"
2020-01-07,2020010701011727,MBL,47,44,31,231.00,"7,161.00"
2020-01-07,2020010701011696,MBL,47,44,99,231.00,"22,869.00"
2020-01-07,2020010701011695,MBL,47,32,601,231.00,"138,831.00"
2020-01-07,2020010701011694,MBL,47,49,"1,300",231.00,"300,300.00"
2020-01-07,2020010701011870,MBL,56,49,500,231.00,"115,500.00"
2020-01-07,2020010701011857,MBL,49,49,100,231.00,"23,100.00"
2020-01-07,2020010701011842,MBL,56,49,50,231.00,"11,550.00"
2020-01-07,2020010701011770,MBL,18,51,775,231.00,"179,025.00"
2020-01-07,2020010701011738,MBL,47,51,500,231.00,"115,500.00"
2020-01-07,2020010701011730,MBL,47,51,659,231.00,"152,229.00"
2020-01-07,2020010701011878,MBL,29,49,900,230.00,"207,000.00"
2020-01-07,2020010701011877,MBL,8,49,150,230.00,"34,500.00"
2020-01-07,2020010701011876,MBL,41,49,200,230.00,"46,000.00"
2020-01-07,2020010701011875,MBL,25,49,300,230.00,"69,000.00"
2020-01-07,2020010701011874,MBL,22,49,173,230.00,"39,790.00"
2020-01-07,2020010701011873,MBL,16,49,273,230.00,"62,790.00"
2020-01-07,2020010701011760,MEGA,49,21,500,196.00,"98,000.00"
2020-01-07,2020010701011725,MEGA,32,21,500,196.00,"98,000.00"
2020-01-07,2020010701011724,MEGA,32,28,"1,500",196.00,"294,000.00"
2020-01-07,2020010701011821,MERO,34,28,80,491.00,"39,280.00"
2020-01-07,2020010701011611,MFIL,38,3,"1,290",143.00,"184,470.00"
2020-01-07,2020010701011937,MHNL,58,19,25,89.00,"2,225.00"
2020-01-07,2020010701011604,MLBBL,33,26,24,517.00,"12,408.00"
2020-01-07,2020010701011603,MLBBL,33,44,40,517.00,"20,680.00"
2020-01-07,2020010701011913,MLBL,10,48,270,179.00,"48,330.00"
2020-01-07,2020010701011859,MNBBL,16,49,20,287.00,"5,740.00"
2020-01-07,2020010701011736,MNBBL,58,49,100,287.00,"28,700.00"
2020-01-07,2020010701011735,MNBBL,52,49,700,288.00,"201,600.00"
2020-01-07,2020010701011827,MSMBS,34,16,20,600.00,"12,000.00"
2020-01-07,2020010701011515,MSMBS,34,11,20,608.00,"12,160.00"
2020-01-07,2020010701011904,NABIL,6,5,125,720.00,"90,000.00"
2020-01-07,2020010701011903,NABIL,16,5,200,720.00,"144,000.00"
2020-01-07,2020010701011902,NABIL,17,5,100,720.00,"72,000.00"
2020-01-07,2020010701011901,NABIL,58,5,15,720.00,"10,800.00"
2020-01-07,2020010701011900,NABIL,57,5,50,720.00,"36,000.00"
2020-01-07,2020010701011899,NABIL,29,5,10,720.00,"7,200.00"
2020-01-07,2020010701011690,NABIL,38,32,370,722.00,"267,140.00"
2020-01-07,2020010701011518,NABIL,25,32,32,722.00,"23,104.00"
2020-01-07,2020010701011501,NABIL,38,32,100,722.00,"72,200.00"
2020-01-07,2020010701011500,NABIL,38,38,100,722.00,"72,200.00"
2020-01-07,2020010701011940,NADEP,18,16,90,540.00,"48,600.00"
2020-01-07,2020010701011929,NADEP,18,5,100,540.00,"54,000.00"
2020-01-07,2020010701011926,NADEP,44,52,626,533.00,"333,658.00"
2020-01-07,2020010701011925,NADEP,58,52,227,538.00,"122,126.00"
2020-01-07,2020010701011885,NADEP,58,59,23,538.00,"12,374.00"
2020-01-07,2020010701011869,NADEP,58,11,23,538.00,"12,374.00"
2020-01-07,2020010701011616,NADEP,58,19,27,538.00,"14,526.00"
2020-01-07,2020010701011483,NADEP,59,59,3,548.00,"1,644.00"
2020-01-07,2020010701011945,NBB,13,43,46,200.00,"9,200.00"
2020-01-07,2020010701011944,NBB,1,43,10,200.00,"2,000.00"
2020-01-07,2020010701011933,NBB,1,14,90,200.00,"18,000.00"
2020-01-07,2020010701011847,NBB,56,34,200,201.00,"40,200.00"
2020-01-07,2020010701011846,NBB,6,34,100,201.00,"20,100.00"
2020-01-07,2020010701011769,NBB,6,37,200,201.00,"40,200.00"
2020-01-07,2020010701011540,NBB,56,25,500,201.00,"100,500.00"
2020-01-07,2020010701011820,NBL,49,42,"1,000",274.00,"274,000.00"
2020-01-07,2020010701011819,NBL,44,42,"1,000",274.00,"274,000.00"
2020-01-07,2020010701011818,NBL,19,42,280,274.00,"76,720.00"
2020-01-07,2020010701011817,NBL,59,42,"1,000",274.00,"274,000.00"
2020-01-07,2020010701011803,NBL,33,49,200,274.00,"54,800.00"
2020-01-07,2020010701011698,NBL,25,32,300,275.00,"82,500.00"
2020-01-07,2020010701011567,NBL,32,34,10,276.00,"2,760.00"
2020-01-07,2020010701011740,NCCB,32,10,"1,231",209.00,"257,279.00"
2020-01-07,2020010701011739,NCCB,32,56,769,209.00,"160,721.00"
2020-01-07,2020010701011512,NIB,35,41,38,403.00,"15,314.00"
2020-01-07,2020010701011482,NIB,38,41,12,403.00,"4,836.00"
2020-01-07,2020010701011481,NIB,38,21,71,403.00,"28,613.00"
2020-01-07,2020010701011745,NIBLPF,52,38,"10,000",6.87,"68,700.00"
2020-01-07,2020010701011942,NICA,32,58,15,439.00,"6,585.00"
2020-01-07,2020010701011858,NICA,18,58,500,439.00,"219,500.00"
2020-01-07,2020010701011824,NICA,25,44,80,438.00,"35,040.00"
2020-01-07,2020010701011790,NICA,50,44,300,438.00,"131,400.00"
2020-01-07,2020010701011693,NICA,10,44,200,438.00,"87,600.00"
2020-01-07,2020010701011692,NICA,43,44,200,438.00,"87,600.00"
2020-01-07,2020010701011485,NICA,22,28,20,438.00,"8,760.00"
2020-01-07,2020010701011507,NICA,16,33,57,440.00,"25,080.00"
2020-01-07,2020010701011506,NICA,16,40,55,439.00,"24,145.00"
2020-01-07,2020010701011489,NICA,38,28,80,438.00,"35,040.00"
2020-01-07,2020010701011488,NICA,38,28,"1,000",438.00,"438,000.00"
2020-01-07,2020010701011487,NICA,37,28,200,438.00,"87,600.00"
2020-01-07,2020010701011486,NICA,38,28,200,438.00,"87,600.00"
2020-01-07,2020010701011627,NICA,38,4,200,438.00,"87,600.00"
2020-01-07,2020010701011620,NICA,46,58,20,439.00,"8,780.00"
2020-01-07,2020010701011573,NICA,50,58,100,439.00,"43,900.00"
2020-01-07,2020010701011510,NICA,16,46,36,440.00,"15,840.00"
2020-01-07,2020010701011509,NICA,16,32,72,440.00,"31,680.00"
2020-01-07,2020010701011508,NICA,16,39,80,440.00,"35,200.00"
2020-01-07,2020010701011691,NICA,49,44,220,438.00,"96,360.00"
2020-01-07,2020010701011662,NICA,49,11,80,438.00,"35,040.00"
2020-01-07,2020010701011661,NICA,11,11,20,438.00,"8,760.00"
2020-01-07,2020010701011660,NICA,57,11,150,438.00,"65,700.00"
2020-01-07,2020010701011659,NICA,32,11,30,438.00,"13,140.00"
2020-01-07,2020010701011658,NICA,38,11,220,438.00,"96,360.00"
2020-01-07,2020010701011806,NICL,44,48,366,319.00,"116,754.00"
2020-01-07,2020010701011754,NICL,28,48,786,319.00,"250,734.00"
2020-01-07,2020010701011716,NICL,28,43,25,319.00,"7,975.00"
2020-01-07,2020010701011664,NICL,28,57,664,319.00,"211,816.00"
2020-01-07,2020010701011663,NICL,28,43,25,319.00,"7,975.00"
2020-01-07,2020010701011593,NICL,44,22,100,320.00,"32,000.00"
2020-01-07,2020010701011844,NIL,52,51,48,406.00,"19,488.00"
2020-01-07,2020010701011792,NIL,17,51,20,407.00,"8,140.00"
2020-01-07,2020010701011562,NLBBL,38,7,100,545.00,"54,500.00"
2020-01-07,2020010701011561,NLBBL,38,17,100,544.00,"54,400.00"
2020-01-07,2020010701011717,NLG,38,49,11,613.00,"6,743.00"
2020-01-07,2020010701011676,NLG,38,19,60,613.00,"36,780.00"
2020-01-07,2020010701011530,NLG,25,54,10,618.00,"6,180.00"
2020-01-07,2020010701011529,NLG,42,54,11,613.00,"6,743.00"
2020-01-07,2020010701011514,NLG,42,54,11,613.00,"6,743.00"
2020-01-07,2020010701011766,NLIC,33,58,100,965.00,"96,500.00"
2020-01-07,2020010701011653,NLIC,51,34,200,960.00,"192,000.00"
2020-01-07,2020010701011652,NLIC,41,34,10,960.00,"9,600.00"
2020-01-07,2020010701011651,NLIC,26,34,50,960.00,"48,000.00"
2020-01-07,2020010701011650,NLIC,58,34,20,960.00,"19,200.00"
2020-01-07,2020010701011649,NLIC,41,34,100,960.00,"96,000.00"
2020-01-07,2020010701011630,NLIC,42,34,400,964.00,"385,600.00"
2020-01-07,2020010701011636,NLIC,25,34,60,961.00,"57,660.00"
2020-01-07,2020010701011635,NLIC,48,34,35,961.00,"33,635.00"
2020-01-07,2020010701011634,NLIC,45,34,32,961.00,"30,752.00"
2020-01-07,2020010701011633,NLIC,58,34,500,962.00,"481,000.00"
2020-01-07,2020010701011632,NLIC,34,34,28,963.00,"26,964.00"
2020-01-07,2020010701011631,NLIC,45,34,106,963.00,"102,078.00"
2020-01-07,2020010701011642,NLIC,11,34,76,960.00,"72,960.00"
2020-01-07,2020010701011641,NLIC,44,34,30,960.00,"28,800.00"
2020-01-07,2020010701011640,NLIC,1,34,48,960.00,"46,080.00"
2020-01-07,2020010701011639,NLIC,16,34,100,961.00,"96,100.00"
2020-01-07,2020010701011638,NLIC,42,34,100,961.00,"96,100.00"
2020-01-07,2020010701011637,NLIC,41,34,100,961.00,"96,100.00"
2020-01-07,2020010701011648,NLIC,35,34,20,960.00,"19,200.00"
2020-01-07,2020010701011647,NLIC,16,34,50,960.00,"48,000.00"
2020-01-07,2020010701011646,NLIC,26,34,200,960.00,"192,000.00"
2020-01-07,2020010701011645,NLIC,38,34,300,960.00,"288,000.00"
2020-01-07,2020010701011644,NLIC,5,34,40,960.00,"38,400.00"
2020-01-07,2020010701011643,NLIC,48,34,50,960.00,"48,000.00"
2020-01-07,2020010701011887,NLICL,37,38,380,490.00,"186,200.00"
2020-01-07,2020010701011737,NLICL,37,11,324,490.00,"158,760.00"
2020-01-07,2020010701011780,NMB,14,47,74,341.00,"25,234.00"
2020-01-07,2020010701011779,NMB,14,28,131,341.00,"44,671.00"
2020-01-07,2020010701011778,NMB,14,29,300,341.00,"102,300.00"
2020-01-07,2020010701011777,NMB,14,57,495,341.00,"168,795.00"
2020-01-07,2020010701011748,NMB,14,55,50,340.00,"17,000.00"
2020-01-07,2020010701011699,NMB,14,57,889,340.00,"302,260.00"
2020-01-07,2020010701011546,NMB,14,45,50,340.00,"17,000.00"
2020-01-07,2020010701011545,NMB,14,28,"1,050",339.00,"355,950.00"
2020-01-07,2020010701011544,NMB,14,41,"1,000",339.00,"339,000.00"
2020-01-07,2020010701011552,NMB,14,33,"1,000",340.00,"340,000.00"
2020-01-07,2020010701011551,NMB,14,53,216,340.00,"73,440.00"
2020-01-07,2020010701011550,NMB,14,32,"1,000",340.00,"340,000.00"
2020-01-07,2020010701011549,NMB,14,16,30,340.00,"10,200.00"
2020-01-07,2020010701011548,NMB,14,41,75,340.00,"25,500.00"
2020-01-07,2020010701011547,NMB,14,48,80,340.00,"27,200.00"
2020-01-07,2020010701011558,NMB,14,22,52,340.00,"17,680.00"
2020-01-07,2020010701011557,NMB,14,32,600,340.00,"204,000.00"
2020-01-07,2020010701011556,NMB,14,35,186,340.00,"63,240.00"
2020-01-07,2020010701011555,NMB,14,38,200,340.00,"68,000.00"
2020-01-07,2020010701011554,NMB,14,39,100,340.00,"34,000.00"
2020-01-07,2020010701011553,NMB,14,54,50,340.00,"17,000.00"
2020-01-07,2020010701011673,NMB,14,57,111,340.00,"37,740.00"
2020-01-07,2020010701011657,NMB,56,57,505,341.00,"172,205.00"
2020-01-07,2020010701011656,NMB,56,22,100,341.00,"34,100.00"
2020-01-07,2020010701011655,NMB,56,26,80,341.00,"27,280.00"
2020-01-07,2020010701011654,NMB,56,47,815,341.00,"277,915.00"
2020-01-07,2020010701011559,NMB,14,42,200,340.00,"68,000.00"
2020-01-07,2020010701011602,NMBMF,48,38,140,625.00,"87,500.00"
2020-01-07,2020010701011575,NMBMF,14,38,100,625.00,"62,500.00"
2020-01-07,2020010701011838,NUBL,57,19,50,850.00,"42,500.00"
2020-01-07,2020010701011837,NUBL,57,55,200,850.00,"170,000.00"
2020-01-07,2020010701011836,NUBL,57,21,200,850.00,"170,000.00"
2020-01-07,2020010701011835,NUBL,57,42,20,850.00,"17,000.00"
2020-01-07,2020010701011834,NUBL,57,43,40,849.00,"33,960.00"
2020-01-07,2020010701011833,NUBL,57,43,40,849.00,"33,960.00"
2020-01-07,2020010701011786,NUBL,57,39,380,842.00,"319,960.00"
2020-01-07,2020010701011785,NUBL,57,16,60,841.00,"50,460.00"
2020-01-07,2020010701011832,NUBL,57,25,30,848.00,"25,440.00"
2020-01-07,2020010701011831,NUBL,57,43,30,848.00,"25,440.00"
2020-01-07,2020010701011830,NUBL,57,37,100,847.00,"84,700.00"
2020-01-07,2020010701011829,NUBL,57,57,50,846.00,"42,300.00"
2020-01-07,2020010701011788,NUBL,57,57,10,845.00,"8,450.00"
2020-01-07,2020010701011787,NUBL,57,55,200,845.00,"169,000.00"
2020-01-07,2020010701011538,PCBL,26,10,245,248.00,"60,760.00"
2020-01-07,2020010701011537,PCBL,45,10,24,249.00,"5,976.00"
2020-01-07,2020010701011947,PIC,56,48,100,426.00,"42,600.00"
2020-01-07,2020010701011774,PIC,58,33,67,424.00,"28,408.00"
2020-01-07,2020010701011773,PIC,6,33,25,424.00,"10,600.00"
2020-01-07,2020010701011772,PIC,32,33,100,424.00,"42,400.00"
2020-01-07,2020010701011502,PIC,58,6,489,426.00,"208,314.00"
2020-01-07,2020010701011477,PIC,17,6,500,425.00,"212,500.00"
2020-01-07,2020010701011476,PIC,45,6,11,425.00,"4,675.00"
2020-01-07,2020010701011532,PICL,38,6,100,460.00,"46,000.00"
2020-01-07,2020010701011888,PLIC,52,34,200,378.00,"75,600.00"
2020-01-07,2020010701011519,PMHPL,10,47,10,85.00,850.00
2020-01-07,2020010701011941,PRIN,14,32,100,338.00,"33,800.00"
2020-01-07,2020010701011951,PRVU,43,43,"1,795",238.00,"427,210.00"
2020-01-07,2020010701011950,PRVU,20,43,205,238.00,"48,790.00"
2020-01-07,2020010701011909,PRVU,20,14,100,238.00,"23,800.00"
2020-01-07,2020010701011816,PRVU,20,43,50,238.00,"11,900.00"
2020-01-07,2020010701011815,PRVU,20,36,145,238.00,"34,510.00"
2020-01-07,2020010701011793,PRVU,56,36,300,238.00,"71,400.00"
2020-01-07,2020010701011569,PRVU,25,52,200,239.00,"47,800.00"
2020-01-07,2020010701011677,PRVU,39,43,455,238.00,"108,290.00"
2020-01-07,2020010701011579,PRVU,49,53,"1,463",239.00,"349,657.00"
2020-01-07,2020010701011578,PRVU,49,52,37,239.00,"8,843.00"
2020-01-07,2020010701011572,PRVU,39,43,45,238.00,"10,710.00"
2020-01-07,2020010701011571,PRVU,25,43,500,238.00,"119,000.00"
2020-01-07,2020010701011570,PRVU,41,43,455,238.00,"108,290.00"
2020-01-07,2020010701011764,PRVU,37,36,"1,000",238.00,"238,000.00"
2020-01-07,2020010701011763,PRVU,20,36,555,238.00,"132,090.00"
2020-01-07,2020010701011726,PRVU,43,43,"1,000",238.00,"238,000.00"
2020-01-07,2020010701011679,PRVU,20,43,445,238.00,"105,910.00"
2020-01-07,2020010701011678,PRVU,32,43,100,238.00,"23,800.00"
2020-01-07,2020010701011534,RADHI,59,59,1,141.00,141.00
2020-01-07,2020010701011513,RADHI,59,59,1,141.00,141.00
2020-01-07,2020010701011896,RHPL,59,52,500,173.00,"86,500.00"
2020-01-07,2020010701011895,RHPL,59,52,214,173.00,"37,022.00"
2020-01-07,2020010701011894,RHPL,59,56,100,173.00,"17,300.00"
2020-01-07,2020010701011893,RHPL,59,43,40,173.00,"6,920.00"
2020-01-07,2020010701011892,RHPL,59,42,100,173.00,"17,300.00"
2020-01-07,2020010701011891,RHPL,59,42,40,173.00,"6,920.00"
2020-01-07,2020010701011484,RHPL,42,14,40,171.00,"6,840.00"
2020-01-07,2020010701011465,RHPL,56,56,30,172.00,"5,160.00"
2020-01-07,2020010701011890,RHPL,59,29,300,173.00,"51,900.00"
2020-01-07,2020010701011889,RHPL,59,25,30,173.00,"5,190.00"
2020-01-07,2020010701011705,RHPL,43,25,10,173.00,"1,730.00"
2020-01-07,2020010701011596,RHPL,42,26,50,171.00,"8,550.00"
2020-01-07,2020010701011531,RHPL,42,14,40,171.00,"6,840.00"
2020-01-07,2020010701011511,RHPL,56,56,30,172.00,"5,160.00"
2020-01-07,2020010701011917,RMDC,56,37,200,572.00,"114,400.00"
2020-01-07,2020010701011800,RMDC,56,25,100,572.00,"57,200.00"
2020-01-07,2020010701011799,RMDC,56,5,250,572.00,"143,000.00"
2020-01-07,2020010701011741,RRHP,42,16,10,98.00,980.00
2020-01-07,2020010701011750,RSDC,44,38,500,351.00,"175,500.00"
2020-01-07,2020010701011747,SADBL,4,48,100,149.00,"14,900.00"
2020-01-07,2020010701011746,SADBL,4,28,"1,000",148.00,"148,000.00"
2020-01-07,2020010701011867,SANIMA,14,48,200,334.00,"66,800.00"
2020-01-07,2020010701011866,SANIMA,14,45,500,334.00,"167,000.00"
2020-01-07,2020010701011865,SANIMA,14,58,300,334.00,"100,200.00"
2020-01-07,2020010701011864,SANIMA,14,26,500,334.00,"167,000.00"
2020-01-07,2020010701011863,SANIMA,14,16,500,334.00,"167,000.00"
2020-01-07,2020010701011862,SANIMA,14,1,200,333.00,"66,600.00"
2020-01-07,2020010701011861,SANIMA,14,45,"1,000",333.00,"333,000.00"
2020-01-07,2020010701011860,SANIMA,14,35,620,333.00,"206,460.00"
2020-01-07,2020010701011706,SANIMA,54,56,100,332.00,"33,200.00"
2020-01-07,2020010701011920,SBL,58,57,500,308.00,"154,000.00"
2020-01-07,2020010701011919,SBL,26,57,200,308.00,"61,600.00"
2020-01-07,2020010701011898,SBL,26,34,200,308.00,"61,600.00"
2020-01-07,2020010701011897,SBL,26,16,100,308.00,"30,800.00"
2020-01-07,2020010701011848,SBL,36,47,100,307.00,"30,700.00"
2020-01-07,2020010701011798,SBL,58,16,900,308.00,"277,200.00"
2020-01-07,2020010701011797,SBL,58,55,100,308.00,"30,800.00"
2020-01-07,2020010701011704,SBL,5,57,100,308.00,"30,800.00"
2020-01-07,2020010701011697,SBL,36,47,30,307.00,"9,210.00"
2020-01-07,2020010701011672,SBL,45,57,100,308.00,"30,800.00"
2020-01-07,2020010701011671,SBL,45,42,200,308.00,"61,600.00"
2020-01-07,2020010701011849,SCB,18,56,200,574.00,"114,800.00"
2020-01-07,2020010701011932,SDESI,16,42,100,675.00,"67,500.00"
2020-01-07,2020010701011719,SDESI,25,42,13,675.00,"8,775.00"
2020-01-07,2020010701011718,SDESI,25,37,13,674.00,"8,762.00"
2020-01-07,2020010701011584,SEF,3,8,"5,000",9.21,"46,050.00"
2020-01-07,2020010701011583,SEF,3,35,"1,000",9.20,"9,200.00"
2020-01-07,2020010701011582,SEF,3,35,500,9.15,"4,575.00"
2020-01-07,2020010701011581,SEF,3,41,"1,000",9.12,"9,120.00"
2020-01-07,2020010701011580,SEF,3,48,"1,000",9.10,"9,100.00"
2020-01-07,2020010701011886,SHINE,57,44,15,238.00,"3,570.00"
2020-01-07,2020010701011743,SHINE,40,44,10,238.00,"2,380.00"
2020-01-07,2020010701011742,SHINE,40,34,190,238.00,"45,220.00"
2020-01-07,2020010701011733,SHINE,10,28,240,237.00,"56,880.00"
2020-01-07,2020010701011928,SHIVM,33,20,100,476.00,"47,600.00"
2020-01-07,2020010701011923,SHIVM,33,41,250,476.00,"119,000.00"
2020-01-07,2020010701011922,SHIVM,56,41,15,476.00,"7,140.00"
2020-01-07,2020010701011921,SHIVM,28,41,235,476.00,"111,860.00"
2020-01-07,2020010701011905,SHIVM,28,14,50,476.00,"23,800.00"
2020-01-07,2020010701011872,SHIVM,19,26,100,477.00,"47,700.00"
2020-01-07,2020010701011533,SHIVM,42,44,200,477.00,"95,400.00"
2020-01-07,2020010701011839,SHIVM,28,14,50,476.00,"23,800.00"
2020-01-07,2020010701011783,SHIVM,28,17,165,476.00,"78,540.00"
2020-01-07,2020010701011782,SHIVM,35,17,35,476.00,"16,660.00"
2020-01-07,2020010701011757,SHIVM,26,14,100,477.00,"47,700.00"
2020-01-07,2020010701011756,SHIVM,26,44,200,477.00,"95,400.00"
2020-01-07,2020010701011594,SHIVM,25,44,100,477.00,"47,700.00"
2020-01-07,2020010701011762,SHPC,57,16,39,178.00,"6,942.00"
2020-01-07,2020010701011468,SHPC,57,45,200,178.00,"35,600.00"
2020-01-07,2020010701011883,SIL,25,39,20,430.00,"8,600.00"
2020-01-07,2020010701011856,SJCL,45,59,30,161.00,"4,830.00"
2020-01-07,2020010701011723,SJCL,41,59,100,161.00,"16,100.00"
2020-01-07,2020010701011722,SJCL,46,59,180,161.00,"28,980.00"
2020-01-07,2020010701011721,SJCL,17,59,"1,000",161.00,"161,000.00"
2020-01-07,2020010701011720,SJCL,33,59,645,161.00,"103,845.00"
2020-01-07,2020010701011523,SJCL,43,36,70,162.00,"11,340.00"
2020-01-07,2020010701011522,SJCL,43,1,10,162.00,"1,620.00"
2020-01-07,2020010701011521,SJCL,43,26,50,162.00,"8,100.00"
2020-01-07,2020010701011520,SJCL,43,37,100,162.00,"16,200.00"
2020-01-07,2020010701011804,SKBBL,4,42,500,870.00,"435,000.00"
2020-01-07,2020010701011474,SKBBL,4,38,440,870.00,"382,800.00"
2020-01-07,2020010701011949,SLBBL,26,6,50,636.00,"31,800.00"
2020-01-07,2020010701011703,SMATA,18,11,10,583.00,"5,830.00"
2020-01-07,2020010701011687,SPARS,55,17,60,635.00,"38,100.00"
2020-01-07,2020010701011686,SPARS,55,35,30,635.00,"19,050.00"
2020-01-07,2020010701011685,SPARS,55,34,100,635.00,"63,500.00"
2020-01-07,2020010701011684,SPARS,55,21,40,635.00,"25,400.00"
2020-01-07,2020010701011683,SPARS,55,44,32,633.00,"20,256.00"
2020-01-07,2020010701011682,SPARS,55,32,100,632.00,"63,200.00"
2020-01-07,2020010701011681,SPARS,55,6,10,630.00,"6,300.00"
2020-01-07,2020010701011948,SRBL,35,34,338,234.00,"79,092.00"
2020-01-07,2020010701011753,SRBL,22,51,50,235.00,"11,750.00"
2020-01-07,2020010701011752,SRBL,22,1,100,235.00,"23,500.00"
2020-01-07,2020010701011751,SRBL,22,46,50,235.00,"11,750.00"
2020-01-07,2020010701011916,UFL,29,32,200,166.00,"33,200.00"
2020-01-07,2020010701011939,UIC,5,49,300,296.00,"88,800.00"
2020-01-07,2020010701011938,UIC,5,49,340,296.00,"100,640.00"
2020-01-07,2020010701011924,UMHL,49,37,23,101.00,"2,323.00"
2020-01-07,2020010701011908,UNHPL,39,56,70,59.00,"4,130.00"
2020-01-07,2020010701011475,UNHPL,39,1,50,59.00,"2,950.00"
2020-01-07,2020010701011826,UPCL,8,43,100,72.00,"7,200.00"
2020-01-07,2020010701011775,UPCL,8,16,50,72.00,"3,600.00"
2020-01-07,2020010701011680,UPCL,8,47,50,72.00,"3,600.00"
2020-01-07,2020010701011574,UPCL,8,1,50,72.00,"3,600.00"
2020-01-07,2020010701011802,UPPER,14,4,12,240.00,"2,880.00"
2020-01-07,2020010701011801,UPPER,45,4,40,241.00,"9,640.00"
2020-01-07,2020010701011618,UPPER,49,58,500,241.00,"120,500.00"
2020-01-07,2020010701011617,UPPER,33,58,71,241.00,"17,111.00"
2020-01-07,2020010701011536,UPPER,33,36,40,241.00,"9,640.00"
2020-01-07,2020010701011494,VLBS,50,11,786,745.00,"585,570.00"
2020-01-07,2020010701011493,VLBS,50,38,13,745.00,"9,685.00"
2020-01-07,2020010701011467,VLBS,50,26,10,742.00,"7,420.00"
2020-01-07,2020010701011396,ADBL,18,51,100,373.00,"37,300.00"
2020-01-07,2020010701011395,ADBL,18,16,156,373.00,"58,188.00"
2020-01-07,2020010701011212,ADBL,50,16,100,373.00,"37,300.00"
2020-01-07,2020010701011322,AKJCL,18,47,20,56.00,"1,120.00"
2020-01-07,2020010701011442,ALBSL,16,58,120,535.00,"64,200.00"
2020-01-07,2020010701011441,ALBSL,16,36,10,535.00,"5,350.00"
2020-01-07,2020010701011440,ALBSL,16,57,60,535.00,"32,100.00"
2020-01-07,2020010701011439,ALBSL,16,1,10,534.00,"5,340.00"
2020-01-07,2020010701011387,ALBSL,45,22,30,530.00,"15,900.00"
2020-01-07,2020010701011383,ALBSL,45,5,240,530.00,"127,200.00"
2020-01-07,2020010701011033,ALBSL,5,26,10,526.00,"5,260.00"
2020-01-07,2020010701011218,API,25,57,243,112.00,"27,216.00"
2020-01-07,2020010701011450,BOKL,45,42,100,227.00,"22,700.00"
2020-01-07,2020010701011449,BOKL,45,57,"3,493",227.00,"792,911.00"
2020-01-07,2020010701011431,BOKL,45,57,"2,627",227.00,"596,329.00"
2020-01-07,2020010701011430,BOKL,45,19,373,227.00,"84,671.00"
2020-01-07,2020010701011250,BOKL,45,25,"2,000",226.00,"452,000.00"
2020-01-07,2020010701011417,BPCL,39,21,40,311.00,"12,440.00"
2020-01-07,2020010701011002,BPCL,56,21,10,311.00,"3,110.00"
2020-01-07,2020010701011391,CBBL,4,28,97,837.00,"81,189.00"
2020-01-07,2020010701011104,CBBL,4,38,55,837.00,"46,035.00"
2020-01-07,2020010701011089,CBBL,4,38,145,838.00,"121,510.00"
2020-01-07,2020010701011048,CBBL,4,34,200,838.00,"167,600.00"
2020-01-07,2020010701011024,CBBL,4,28,135,838.00,"113,130.00"
2020-01-07,2020010701011023,CBBL,40,28,33,838.00,"27,654.00"
2020-01-07,2020010701010998,CBBL,40,28,67,838.00,"56,146.00"
2020-01-07,2020010701010997,CBBL,4,28,31,838.00,"25,978.00"
2020-01-07,2020010701010977,CBBL,4,28,41,838.00,"34,358.00"
2020-01-07,2020010701011457,CCBL,14,52,200,172.00,"34,400.00"
2020-01-07,2020010701011456,CCBL,14,52,478,172.00,"82,216.00"
2020-01-07,2020010701011283,CCBL,56,49,102,171.00,"17,442.00"
2020-01-07,2020010701011211,CCBL,59,52,10,172.00,"1,720.00"
2020-01-07,2020010701010964,CCBL,56,49,50,171.00,"8,550.00"
2020-01-07,2020010701011054,CHCL,25,45,19,377.00,"7,163.00"
2020-01-07,2020010701011012,CIT,16,41,100,"2,090.00","209,000.00"
2020-01-07,2020010701011011,CIT,16,51,10,"2,089.00","20,890.00"
2020-01-07,2020010701011233,CORBL,34,40,"7,000",119.00,"833,000.00"
2020-01-07,2020010701011215,CORBL,34,57,150,118.00,"17,700.00"
2020-01-07,2020010701011308,CZBIL,8,46,60,197.00,"11,820.00"
2020-01-07,2020010701011231,CZBIL,34,25,400,197.00,"78,800.00"
2020-01-07,2020010701011159,CZBIL,41,25,"1,000",196.00,"196,000.00"
2020-01-07,2020010701011158,CZBIL,53,25,500,196.00,"98,000.00"
2020-01-07,2020010701011108,CZBIL,25,55,44,197.00,"8,668.00"
2020-01-07,2020010701011107,CZBIL,25,58,55,197.00,"10,835.00"
2020-01-07,2020010701010975,CZBIL,50,58,445,197.00,"87,665.00"
2020-01-07,2020010701010974,CZBIL,50,33,"1,000",197.00,"197,000.00"
2020-01-07,2020010701010973,CZBIL,50,6,566,197.00,"111,502.00"
2020-01-07,2020010701010972,CZBIL,50,44,500,197.00,"98,500.00"
2020-01-07,2020010701010971,CZBIL,50,32,489,197.00,"96,333.00"
2020-01-07,2020010701011415,DBBL,50,58,299,145.00,"43,355.00"
2020-01-07,2020010701011316,DBBL,8,1,28,146.00,"4,088.00"
2020-01-07,2020010701011315,DBBL,8,44,"3,510",146.00,"512,460.00"
2020-01-07,2020010701011433,DDBL,33,38,200,942.00,"188,400.00"
2020-01-07,2020010701011432,DDBL,33,41,75,942.00,"70,650.00"
2020-01-07,2020010701011405,DDBL,14,48,121,941.00,"113,861.00"
2020-01-07,2020010701011404,DDBL,14,4,50,941.00,"47,050.00"
2020-01-07,2020010701011105,DDBL,13,55,111,940.00,"104,340.00"
2020-01-07,2020010701011353,EBL,45,6,659,588.00,"387,492.00"
2020-01-07,2020010701011280,EBL,45,45,200,588.00,"117,600.00"
2020-01-07,2020010701011279,EBL,45,41,15,588.00,"8,820.00"
2020-01-07,2020010701011278,EBL,45,28,13,588.00,"7,644.00"
2020-01-07,2020010701011277,EBL,45,16,100,588.00,"58,800.00"
2020-01-07,2020010701011276,EBL,45,16,300,588.00,"176,400.00"
2020-01-07,2020010701011275,EBL,45,35,200,587.00,"117,400.00"
2020-01-07,2020010701011259,EBL,33,35,100,587.00,"58,700.00"
2020-01-07,2020010701011183,EBL,56,35,100,587.00,"58,700.00"
2020-01-07,2020010701011100,EBL,19,35,100,587.00,"58,700.00"
2020-01-07,2020010701010976,EBL,56,43,25,586.00,"14,650.00"
2020-01-07,2020010701011201,EDBL,4,39,200,303.00,"60,600.00"
2020-01-07,2020010701011200,EDBL,4,57,626,303.00,"189,678.00"
2020-01-07,2020010701011199,EDBL,4,28,275,303.00,"83,325.00"
2020-01-07,2020010701011198,EDBL,4,49,50,303.00,"15,150.00"
2020-01-07,2020010701011197,EDBL,4,52,341,302.00,"102,982.00"
2020-01-07,2020010701011103,EIC,45,34,80,278.00,"22,240.00"
2020-01-07,2020010701011096,EIC,45,34,80,278.00,"22,240.00"
2020-01-07,2020010701011337,FMDBL,16,26,319,351.00,"111,969.00"
2020-01-07,2020010701011284,FMDBL,44,40,100,350.00,"35,000.00"
2020-01-07,2020010701011229,FMDBL,44,58,100,350.00,"35,000.00"
2020-01-07,2020010701011202,FMDBL,44,13,200,350.00,"70,000.00"
2020-01-07,2020010701011182,FMDBL,44,13,500,350.00,"175,000.00"
2020-01-07,2020010701011169,FMDBL,44,13,500,350.00,"175,000.00"
2020-01-07,2020010701011019,FMDBL,44,13,200,350.00,"70,000.00"
2020-01-07,2020010701011010,FMDBL,44,13,100,350.00,"35,000.00"
2020-01-07,2020010701011009,FMDBL,44,55,50,350.00,"17,500.00"
2020-01-07,2020010701011409,GBBL,32,37,200,214.00,"42,800.00"
2020-01-07,2020010701011214,GBBL,43,20,181,213.00,"38,553.00"
2020-01-07,2020010701010970,GBBL,39,20,50,213.00,"10,650.00"
2020-01-07,2020010701011397,GBLBS,13,7,300,356.00,"106,800.00"
2020-01-07,2020010701011357,GBLBS,46,19,25,359.00,"8,975.00"
2020-01-07,2020010701011356,GBLBS,46,44,15,358.00,"5,370.00"
2020-01-07,2020010701011301,GBLBS,13,44,15,356.00,"5,340.00"
2020-01-07,2020010701011268,GBLBS,13,58,500,358.00,"179,000.00"
2020-01-07,2020010701011260,GBLBS,35,44,15,355.00,"5,325.00"
2020-01-07,2020010701011249,GBLBS,35,44,15,355.00,"5,325.00"
2020-01-07,2020010701011178,GBLBS,59,38,200,356.00,"71,200.00"
2020-01-07,2020010701011020,GBLBS,17,58,301,357.00,"107,457.00"
2020-01-07,2020010701011350,GGBSL,38,59,10,616.00,"6,160.00"
2020-01-07,2020010701010990,GILB,19,52,100,950.00,"95,000.00"
2020-01-07,2020010701010989,GILB,19,42,20,950.00,"19,000.00"
2020-01-07,2020010701011438,GRDBL,7,1,50,104.00,"5,200.00"
2020-01-07,2020010701011375,HBL,32,26,20,540.00,"10,800.00"
2020-01-07,2020010701011216,HBL,29,33,100,542.00,"54,200.00"
2020-01-07,2020010701011352,HDL,22,52,19,"1,205.00","22,895.00"
2020-01-07,2020010701011351,HDL,22,52,31,"1,205.00","37,355.00"
2020-01-07,2020010701011321,HDL,22,52,19,"1,205.00","22,895.00"
2020-01-07,2020010701011320,HDL,19,52,20,"1,205.00","24,100.00"
2020-01-07,2020010701011319,HDL,19,52,50,"1,205.00","60,250.00"
2020-01-07,2020010701011318,HDL,38,52,11,"1,205.00","13,255.00"
2020-01-07,2020010701011184,HDL,22,56,25,"1,210.00","30,250.00"
2020-01-07,2020010701011190,HDL,28,56,20,"1,206.00","24,120.00"
2020-01-07,2020010701011189,HDL,52,56,100,"1,207.00","120,700.00"
2020-01-07,2020010701011188,HDL,6,56,100,"1,207.00","120,700.00"
2020-01-07,2020010701011187,HDL,37,56,20,"1,207.00","24,140.00"
2020-01-07,2020010701011186,HDL,47,56,30,"1,209.00","36,270.00"
2020-01-07,2020010701011185,HDL,34,56,50,"1,210.00","60,500.00"
2020-01-07,2020010701011196,HDL,38,56,289,"1,205.00","348,245.00"
2020-01-07,2020010701011195,HDL,32,56,130,"1,205.00","156,650.00"
2020-01-07,2020010701011194,HDL,41,56,100,"1,206.00","120,600.00"
2020-01-07,2020010701011193,HDL,35,56,66,"1,206.00","79,596.00"
2020-01-07,2020010701011192,HDL,22,56,20,"1,206.00","24,120.00"
2020-01-07,2020010701011191,HDL,14,56,50,"1,206.00","60,300.00"
2020-01-07,2020010701011447,HGI,45,13,100,290.00,"29,000.00"
2020-01-07,2020010701011252,HIDCL,44,56,50,135.00,"6,750.00"
2020-01-07,2020010701011251,HIDCL,44,33,159,135.00,"21,465.00"
2020-01-07,2020010701011046,HIDCL,39,7,100,134.00,"13,400.00"
2020-01-07,2020010701011045,HIDCL,53,7,100,134.00,"13,400.00"
2020-01-07,2020010701011453,ICFC,33,35,484,151.00,"73,084.00"
2020-01-07,2020010701011092,IGI,4,21,500,324.00,"162,000.00"
2020-01-07,2020010701011091,IGI,4,41,30,322.00,"9,660.00"
2020-01-07,2020010701011090,IGI,4,6,200,321.00,"64,200.00"
2020-01-07,2020010701011434,ILBS,49,57,50,583.00,"29,150.00"
2020-01-07,2020010701011088,ILBS,41,47,10,590.00,"5,900.00"
2020-01-07,2020010701011087,ILBS,41,1,10,590.00,"5,900.00"
2020-01-07,2020010701011408,JBBL,22,56,20,155.00,"3,100.00"
2020-01-07,2020010701011407,JBBL,45,56,100,155.00,"15,500.00"
2020-01-07,2020010701011095,JBBL,17,47,130,155.00,"20,150.00"
2020-01-07,2020010701011349,JSLBB,49,48,100,"1,255.00","125,500.00"
2020-01-07,2020010701011303,JSLBB,44,42,80,"1,254.00","100,320.00"
2020-01-07,2020010701011364,KBL,48,36,60,187.00,"11,220.00"
2020-01-07,2020010701011062,KBL,59,43,"1,000",188.00,"188,000.00"
2020-01-07,2020010701011061,KBL,59,41,750,188.00,"141,000.00"
2020-01-07,2020010701011060,KBL,59,43,73,188.00,"13,724.00"
2020-01-07,2020010701010961,KBL,48,29,254,187.00,"47,498.00"
2020-01-07,2020010701011392,KPCL,42,47,10,84.00,840.00
2020-01-07,2020010701011135,KRBL,39,4,100,103.00,"10,300.00"
2020-01-07,2020010701011209,KSBBL,42,33,103,141.00,"14,523.00"
2020-01-07,2020010701011208,KSBBL,42,32,"1,004",141.00,"141,564.00"
2020-01-07,2020010701011207,KSBBL,42,56,500,141.00,"70,500.00"
2020-01-07,2020010701011206,KSBBL,42,57,"1,000",141.00,"141,000.00"
2020-01-07,2020010701011205,KSBBL,42,20,64,141.00,"9,024.00"
2020-01-07,2020010701011204,KSBBL,42,26,75,141.00,"10,575.00"
2020-01-07,2020010701011203,KSBBL,42,29,36,141.00,"5,076.00"
2020-01-07,2020010701011063,KSBBL,46,20,12,141.00,"1,692.00"
2020-01-07,2020010701011006,KSBBL,56,41,214,141.00,"30,174.00"
2020-01-07,2020010701011005,KSBBL,56,51,286,141.00,"40,326.00"
2020-01-07,2020010701011386,LBBL,33,50,"1,333",203.00,"270,599.00"
2020-01-07,2020010701011385,LBBL,1,50,"3,667",203.00,"744,401.00"
2020-01-07,2020010701011362,LBBL,1,42,"1,000",203.00,"203,000.00"
2020-01-07,2020010701011361,LBBL,1,50,333,203.00,"67,599.00"
2020-01-07,2020010701011354,LBBL,42,50,213,203.00,"43,239.00"
2020-01-07,2020010701011336,LBBL,42,58,37,203.00,"7,511.00"
2020-01-07,2020010701011027,LBBL,10,50,"1,000",203.00,"203,000.00"
2020-01-07,2020010701011032,LBBL,51,50,"1,000",203.00,"203,000.00"
2020-01-07,2020010701011031,LBBL,13,50,500,203.00,"101,500.00"
2020-01-07,2020010701011030,LBBL,51,50,"1,000",203.00,"203,000.00"
2020-01-07,2020010701011029,LBBL,22,50,"1,000",203.00,"203,000.00"
2020-01-07,2020010701011028,LBBL,51,50,500,203.00,"101,500.00"
2020-01-07,2020010701011102,LBBL,20,49,39,202.00,"7,878.00"
2020-01-07,2020010701011101,LBBL,19,49,410,203.00,"83,230.00"
2020-01-07,2020010701011066,LBBL,19,49,90,203.00,"18,270.00"
2020-01-07,2020010701011065,LBBL,42,49,250,203.00,"50,750.00"
2020-01-07,2020010701011064,LBBL,41,49,100,203.00,"20,300.00"
2020-01-07,2020010701011123,LBBL,59,50,500,202.00,"101,000.00"
2020-01-07,2020010701011122,LBBL,35,50,500,202.00,"101,000.00"
2020-01-07,2020010701011121,LBBL,35,50,200,202.00,"40,400.00"
2020-01-07,2020010701011120,LBBL,20,50,353,202.00,"71,306.00"
2020-01-07,2020010701011119,LBBL,1,50,12,203.00,"2,436.00"
2020-01-07,2020010701011116,LBBL,1,49,88,203.00,"17,864.00"
2020-01-07,2020010701011129,LBBL,34,50,200,202.00,"40,400.00"
2020-01-07,2020010701011128,LBBL,16,50,"1,000",202.00,"202,000.00"
2020-01-07,2020010701011127,LBBL,41,50,"1,980",202.00,"399,960.00"
2020-01-07,2020010701011126,LBBL,26,50,"1,000",202.00,"202,000.00"
2020-01-07,2020010701011125,LBBL,38,50,200,202.00,"40,400.00"
2020-01-07,2020010701011124,LBBL,10,50,"1,000",202.00,"202,000.00"
2020-01-07,2020010701011179,LBBL,35,49,88,203.00,"17,864.00"
2020-01-07,2020010701011134,LBBL,28,50,542,202.00,"109,484.00"
2020-01-07,2020010701011133,LBBL,1,50,200,202.00,"40,400.00"
2020-01-07,2020010701011132,LBBL,42,50,300,202.00,"60,600.00"
2020-01-07,2020010701011131,LBBL,48,50,113,202.00,"22,826.00"
2020-01-07,2020010701011130,LBBL,34,50,400,202.00,"80,800.00"
2020-01-07,2020010701011335,LBBL,39,58,500,203.00,"101,500.00"
2020-01-07,2020010701011334,LBBL,1,58,208,203.00,"42,224.00"
2020-01-07,2020010701011333,LBBL,48,58,100,203.00,"20,300.00"
2020-01-07,2020010701011332,LBBL,1,58,159,203.00,"32,277.00"
2020-01-07,2020010701011331,LBBL,35,58,12,203.00,"2,436.00"
2020-01-07,2020010701011312,LBBL,41,33,200,204.00,"40,800.00"
2020-01-07,2020010701011381,LBL,33,47,300,201.00,"60,300.00"
2020-01-07,2020010701011302,LBL,44,25,"2,200",202.00,"444,400.00"
2020-01-07,2020010701011237,LBL,43,25,500,202.00,"101,000.00"
2020-01-07,2020010701011094,LBL,43,17,277,203.00,"56,231.00"
2020-01-07,2020010701011093,LBL,43,19,223,203.00,"45,269.00"
2020-01-07,2020010701011014,LBL,33,35,100,201.00,"20,100.00"
2020-01-07,2020010701011448,MBL,16,28,100,230.00,"23,000.00"
2020-01-07,2020010701011446,MBL,16,44,100,230.00,"23,000.00"
2020-01-07,2020010701011286,MBL,25,49,100,231.00,"23,100.00"
2020-01-07,2020010701011238,MBL,50,49,300,231.00,"69,300.00"
2020-01-07,2020010701011110,MBL,38,49,400,231.00,"92,400.00"
2020-01-07,2020010701011109,MBL,29,43,105,230.00,"24,150.00"
2020-01-07,2020010701011021,MBL,45,49,800,231.00,"184,800.00"
2020-01-07,2020010701011155,MDB,4,34,436,267.00,"116,412.00"
2020-01-07,2020010701011154,MDB,4,57,500,267.00,"133,500.00"
2020-01-07,2020010701011153,MDB,4,18,98,267.00,"26,166.00"
2020-01-07,2020010701011152,MDB,4,17,200,267.00,"53,400.00"
2020-01-07,2020010701011151,MDB,4,43,272,267.00,"72,624.00"
2020-01-07,2020010701011150,MDB,4,56,100,267.00,"26,700.00"
2020-01-07,2020010701011143,MDB,4,57,500,265.00,"132,500.00"
2020-01-07,2020010701011142,MDB,4,57,117,265.00,"31,005.00"
2020-01-07,2020010701011141,MDB,4,56,200,264.00,"52,800.00"
2020-01-07,2020010701011149,MDB,4,43,100,267.00,"26,700.00"
2020-01-07,2020010701011148,MDB,4,14,100,266.00,"26,600.00"
2020-01-07,2020010701011147,MDB,4,20,"1,000",266.00,"266,000.00"
2020-01-07,2020010701011146,MDB,4,40,257,266.00,"68,362.00"
2020-01-07,2020010701011145,MDB,4,16,100,266.00,"26,600.00"
2020-01-07,2020010701011144,MDB,4,20,20,265.00,"5,300.00"
2020-01-07,2020010701011390,MEGA,8,16,200,195.00,"39,000.00"
2020-01-07,2020010701011310,MEGA,25,51,75,195.00,"14,625.00"
2020-01-07,2020010701011267,MEGA,58,41,"1,000",195.00,"195,000.00"
2020-01-07,2020010701011236,MEGA,59,51,925,195.00,"180,375.00"
2020-01-07,2020010701011235,MEGA,59,26,575,195.00,"112,125.00"
2020-01-07,2020010701011314,MERO,38,28,200,490.00,"98,000.00"
2020-01-07,2020010701011290,MERO,18,29,10,499.00,"4,990.00"
2020-01-07,2020010701011138,MERO,34,28,50,490.00,"24,500.00"
2020-01-07,2020010701011137,MERO,13,28,200,490.00,"98,000.00"
2020-01-07,2020010701011136,MERO,34,28,150,490.00,"73,500.00"
2020-01-07,2020010701011058,MERO,34,28,300,491.00,"147,300.00"
2020-01-07,2020010701011004,MLBBL,29,44,60,517.00,"31,020.00"
2020-01-07,2020010701011003,MLBBL,29,35,100,517.00,"51,700.00"
2020-01-07,2020010701010960,MNBBL,16,4,359,289.00,"103,751.00"
2020-01-07,2020010701010959,MNBBL,16,54,141,289.00,"40,749.00"
2020-01-07,2020010701011038,MNBBL,32,4,141,289.00,"40,749.00"
2020-01-07,2020010701011039,MNBBL,32,4,59,289.00,"17,051.00"
2020-01-07,2020010701011317,NABIL,22,26,10,721.00,"7,210.00"
2020-01-07,2020010701011168,NABIL,56,38,400,722.00,"288,800.00"
2020-01-07,2020010701011052,NABIL,56,4,150,723.00,"108,450.00"
2020-01-07,2020010701011037,NABIL,57,44,50,724.00,"36,200.00"
2020-01-07,2020010701011015,NABIL,56,58,150,723.00,"108,450.00"
2020-01-07,2020010701011271,NADEP,34,32,345,548.00,"189,060.00"
2020-01-07,2020010701011379,NBB,56,45,13,200.00,"2,600.00"
2020-01-07,2020010701011085,NBB,58,5,100,201.00,"20,100.00"
2020-01-07,2020010701011084,NBB,58,53,"1,000",201.00,"201,000.00"
2020-01-07,2020010701011083,NBB,58,7,"2,435",201.00,"489,435.00"
2020-01-07,2020010701011082,NBB,58,34,500,201.00,"100,500.00"
2020-01-07,2020010701011081,NBB,58,41,100,201.00,"20,100.00"
2020-01-07,2020010701011068,NBB,58,20,600,200.00,"120,000.00"
2020-01-07,2020010701011067,NBB,58,50,450,200.00,"90,000.00"
2020-01-07,2020010701011074,NBB,58,57,389,200.00,"77,800.00"
2020-01-07,2020010701011073,NBB,58,19,500,200.00,"100,000.00"
2020-01-07,2020010701011072,NBB,58,17,500,200.00,"100,000.00"
2020-01-07,2020010701011071,NBB,58,50,267,200.00,"53,400.00"
2020-01-07,2020010701011070,NBB,58,16,100,200.00,"20,000.00"
2020-01-07,2020010701011069,NBB,58,52,700,200.00,"140,000.00"
2020-01-07,2020010701011080,NBB,58,4,200,201.00,"40,200.00"
2020-01-07,2020010701011079,NBB,58,34,815,201.00,"163,815.00"
2020-01-07,2020010701011078,NBB,58,14,660,201.00,"132,660.00"
2020-01-07,2020010701011077,NBB,58,17,"1,000",200.00,"200,000.00"
2020-01-07,2020010701011076,NBB,58,39,241,200.00,"48,200.00"
2020-01-07,2020010701011075,NBB,58,17,200,200.00,"40,000.00"
2020-01-07,2020010701011403,NBL,33,49,300,274.00,"82,200.00"
2020-01-07,2020010701011402,NBL,58,49,225,274.00,"61,650.00"
2020-01-07,2020010701011401,NBL,41,49,100,274.00,"27,400.00"
2020-01-07,2020010701011400,NBL,1,49,200,274.00,"54,800.00"
2020-01-07,2020010701011399,NBL,47,49,100,274.00,"27,400.00"
2020-01-07,2020010701011398,NBL,47,49,75,274.00,"20,550.00"
2020-01-07,2020010701011374,NBL,25,32,500,275.00,"137,500.00"
2020-01-07,2020010701011373,NBL,25,56,300,275.00,"82,500.00"
2020-01-07,2020010701011372,NBL,25,34,100,275.00,"27,500.00"
2020-01-07,2020010701011371,NBL,25,48,660,275.00,"181,500.00"
2020-01-07,2020010701011347,NBL,25,48,100,275.00,"27,500.00"
2020-01-07,2020010701011298,NBL,32,48,10,275.00,"2,750.00"
2020-01-07,2020010701011363,NCCB,58,44,10,210.00,"2,100.00"
2020-01-07,2020010701011343,NCCB,55,10,500,208.00,"104,000.00"
2020-01-07,2020010701011270,NCCB,38,59,"1,000",208.00,"208,000.00"
2020-01-07,2020010701010988,NCCB,47,10,50,208.00,"10,400.00"
2020-01-07,2020010701010987,NCCB,55,10,10,208.00,"2,080.00"
2020-01-07,2020010701010986,NCCB,1,10,300,208.00,"62,400.00"
2020-01-07,2020010701010985,NCCB,33,10,263,208.00,"54,704.00"
2020-01-07,2020010701011423,NIB,52,26,14,402.00,"5,628.00"
2020-01-07,2020010701011413,NIB,52,6,52,402.00,"20,904.00"
2020-01-07,2020010701011412,NIB,37,6,10,402.00,"4,020.00"
2020-01-07,2020010701010996,NIB,37,47,90,402.00,"36,180.00"
2020-01-07,2020010701010995,NIB,42,47,20,402.00,"8,040.00"
2020-01-07,2020010701010994,NIB,49,47,20,402.00,"8,040.00"
2020-01-07,2020010701010993,NIB,28,47,70,403.00,"28,210.00"
2020-01-07,2020010701011262,NIBLPF,48,38,"5,000",6.90,"34,500.00"
2020-01-07,2020010701011437,NICA,39,40,300,439.00,"131,700.00"
2020-01-07,2020010701011436,NICA,43,40,145,439.00,"63,655.00"
2020-01-07,2020010701011421,NICA,43,50,55,439.00,"24,145.00"
2020-01-07,2020010701011420,NICA,52,50,500,439.00,"219,500.00"
2020-01-07,2020010701011419,NICA,49,50,45,439.00,"19,755.00"
2020-01-07,2020010701011305,NICA,49,4,955,439.00,"419,245.00"
2020-01-07,2020010701011304,NICA,49,4,35,439.00,"15,365.00"
2020-01-07,2020010701011389,NICL,44,16,100,319.00,"31,900.00"
2020-01-07,2020010701011219,NICL,17,49,"1,285",319.00,"409,915.00"
2020-01-07,2020010701011018,NIL,33,38,48,409.00,"19,632.00"
2020-01-07,2020010701011017,NIL,33,7,500,409.00,"204,500.00"
2020-01-07,2020010701011016,NIL,33,40,252,409.00,"103,068.00"
2020-01-07,2020010701011355,NLBBL,58,51,"1,000",544.00,"544,000.00"
2020-01-07,2020010701011311,NLBBL,17,17,58,541.00,"31,378.00"
2020-01-07,2020010701011289,NLBBL,17,22,919,541.00,"497,179.00"
2020-01-07,2020010701011288,NLBBL,52,22,55,542.00,"29,810.00"
2020-01-07,2020010701011234,NLG,42,49,72,613.00,"44,136.00"
2020-01-07,2020010701011086,NLG,17,49,50,615.00,"30,750.00"
2020-01-07,2020010701011454,NLIC,45,57,50,963.00,"48,150.00"
2020-01-07,2020010701011451,NLIC,45,44,22,963.00,"21,186.00"
2020-01-07,2020010701011445,NLIC,45,6,22,963.00,"21,186.00"
2020-01-07,2020010701010963,NLIC,50,34,400,965.00,"386,000.00"
2020-01-07,2020010701010962,NLIC,56,34,100,966.00,"96,600.00"
2020-01-07,2020010701011378,NMB,43,25,50,338.00,"16,900.00"
2020-01-07,2020010701011377,NMB,43,17,130,338.00,"43,940.00"
2020-01-07,2020010701011376,NMB,43,32,573,338.00,"193,674.00"
2020-01-07,2020010701011269,NMB,25,17,50,338.00,"16,900.00"
2020-01-07,2020010701011217,NMB,59,17,20,338.00,"6,760.00"
2020-01-07,2020010701011175,NMB,42,6,500,337.00,"168,500.00"
2020-01-07,2020010701011455,NMBMF,28,37,100,625.00,"62,500.00"
2020-01-07,2020010701011106,NMBMF,57,37,50,625.00,"31,250.00"
2020-01-07,2020010701011180,NSEWA,38,26,10,526.00,"5,260.00"
2020-01-07,2020010701010984,NTC,7,59,190,621.00,"117,990.00"
2020-01-07,2020010701010983,NTC,7,46,65,620.00,"40,300.00"
2020-01-07,2020010701011324,NUBL,49,16,50,841.00,"42,050.00"
2020-01-07,2020010701011230,NUBL,28,21,100,841.00,"84,100.00"
2020-01-07,2020010701011435,OHL,16,25,300,469.00,"140,700.00"
2020-01-07,2020010701011174,PIC,17,6,200,427.00,"85,400.00"
2020-01-07,2020010701011173,PIC,17,33,831,427.00,"354,837.00"
2020-01-07,2020010701011172,PIC,17,17,200,427.00,"85,400.00"
2020-01-07,2020010701011171,PIC,17,51,160,426.00,"68,160.00"
2020-01-07,2020010701011388,PICL,57,19,10,463.00,"4,630.00"
2020-01-07,2020010701011370,PICL,57,19,10,460.00,"4,600.00"
2020-01-07,2020010701011369,PICL,57,21,50,457.00,"22,850.00"
2020-01-07,2020010701011368,PICL,57,21,50,457.00,"22,850.00"
2020-01-07,2020010701011367,PICL,57,32,100,457.00,"45,700.00"
2020-01-07,2020010701011366,PICL,57,35,200,456.00,"91,200.00"
2020-01-07,2020010701011112,PICL,17,43,71,450.00,"31,950.00"
2020-01-07,2020010701011111,PICL,17,56,100,449.00,"44,900.00"
2020-01-07,2020010701011040,PICL,58,25,15,448.00,"6,720.00"
2020-01-07,2020010701011365,PICL,57,51,100,454.00,"45,400.00"
2020-01-07,2020010701011346,PICL,57,6,223,453.00,"101,019.00"
2020-01-07,2020010701011294,PICL,57,8,100,452.00,"45,200.00"
2020-01-07,2020010701011293,PICL,57,48,100,451.00,"45,100.00"
2020-01-07,2020010701011292,PICL,57,37,50,451.00,"22,550.00"
2020-01-07,2020010701011113,PICL,17,38,300,450.00,"135,000.00"
2020-01-07,2020010701011257,PLIC,57,34,200,378.00,"75,600.00"
2020-01-07,2020010701011282,PMHPL,10,48,10,85.00,850.00
2020-01-07,2020010701011256,PPCL,46,41,10,113.00,"1,130.00"
2020-01-07,2020010701011323,PRVU,56,52,500,239.00,"119,500.00"
2020-01-07,2020010701011313,PRVU,19,52,500,239.00,"119,500.00"
2020-01-07,2020010701011297,PRVU,41,4,45,238.00,"10,710.00"
2020-01-07,2020010701011296,PRVU,8,4,200,238.00,"47,600.00"
2020-01-07,2020010701011295,PRVU,42,4,55,238.00,"13,090.00"
2020-01-07,2020010701011057,PRVU,45,52,763,239.00,"182,357.00"
2020-01-07,2020010701011056,PRVU,45,52,187,239.00,"44,693.00"
2020-01-07,2020010701011055,PRVU,45,45,50,238.00,"11,900.00"
2020-01-07,2020010701010965,PRVU,59,52,360,239.00,"86,040.00"
2020-01-07,2020010701011444,RHPL,42,14,40,171.00,"6,840.00"
2020-01-07,2020010701011418,RHPL,42,14,40,171.00,"6,840.00"
2020-01-07,2020010701011382,RHPL,42,59,40,171.00,"6,840.00"
2020-01-07,2020010701011380,RHPL,42,26,40,171.00,"6,840.00"
2020-01-07,2020010701011309,RHPL,42,59,40,171.00,"6,840.00"
2020-01-07,2020010701011300,RHPL,42,14,40,171.00,"6,840.00"
2020-01-07,2020010701010967,RHPL,42,57,30,171.00,"5,130.00"
2020-01-07,2020010701011291,RHPL,42,59,40,171.00,"6,840.00"
2020-01-07,2020010701011274,RHPL,42,14,40,171.00,"6,840.00"
2020-01-07,2020010701011253,RHPL,42,59,40,171.00,"6,840.00"
2020-01-07,2020010701011239,RHPL,42,41,10,171.00,"1,710.00"
2020-01-07,2020010701010980,RHPL,49,42,20,172.00,"3,440.00"
2020-01-07,2020010701010979,RHPL,49,42,20,172.00,"3,440.00"
2020-01-07,2020010701011053,RLFL,36,49,300,111.00,"33,300.00"
2020-01-07,2020010701011384,RMDC,6,1,25,571.00,"14,275.00"
2020-01-07,2020010701011248,RMDC,52,25,100,572.00,"57,200.00"
2020-01-07,2020010701011247,RMDC,52,26,100,572.00,"57,200.00"
2020-01-07,2020010701011246,RMDC,52,37,129,572.00,"73,788.00"
2020-01-07,2020010701011429,RSDC,38,22,60,352.00,"21,120.00"
2020-01-07,2020010701011428,RSDC,38,57,40,352.00,"14,080.00"
2020-01-07,2020010701011393,RSDC,37,38,60,351.00,"21,060.00"
2020-01-07,2020010701011232,RSDC,37,39,140,351.00,"49,140.00"
2020-01-07,2020010701011165,RSDC,36,39,60,351.00,"21,060.00"
2020-01-07,2020010701011013,RSDC,58,39,300,351.00,"105,300.00"
2020-01-07,2020010701011299,SANIMA,54,54,82,332.00,"27,224.00"
2020-01-07,2020010701011051,SANIMA,54,54,"1,418",332.00,"470,776.00"
2020-01-07,2020010701011050,SANIMA,54,45,30,332.00,"9,960.00"
2020-01-07,2020010701011049,SANIMA,54,56,52,332.00,"17,264.00"
2020-01-07,2020010701011360,SAPDBL,4,21,200,134.00,"26,800.00"
2020-01-07,2020010701011359,SAPDBL,4,25,50,134.00,"6,700.00"
2020-01-07,2020010701011358,SAPDBL,4,55,11,133.00,"1,463.00"
2020-01-07,2020010701011228,SAPDBL,4,55,989,133.00,"131,537.00"
2020-01-07,2020010701011227,SAPDBL,4,19,113,133.00,"15,029.00"
2020-01-07,2020010701011226,SAPDBL,4,57,208,133.00,"27,664.00"
2020-01-07,2020010701011225,SAPDBL,4,40,90,132.00,"11,880.00"
2020-01-07,2020010701011022,SAPDBL,20,40,100,132.00,"13,200.00"
2020-01-07,2020010701011345,SBL,45,42,800,308.00,"246,400.00"
2020-01-07,2020010701011344,SBL,45,59,200,308.00,"61,600.00"
2020-01-07,2020010701011307,SBL,59,46,350,307.00,"107,450.00"
2020-01-07,2020010701011285,SBL,45,46,500,307.00,"153,500.00"
2020-01-07,2020010701011224,SBL,45,41,100,308.00,"30,800.00"
2020-01-07,2020010701011223,SBL,45,25,100,308.00,"30,800.00"
2020-01-07,2020010701011041,SBL,58,58,400,307.00,"122,800.00"
2020-01-07,2020010701010981,SBL,58,7,100,306.00,"30,600.00"
2020-01-07,2020010701011222,SBL,45,38,300,308.00,"92,400.00"
2020-01-07,2020010701011157,SBL,25,38,200,308.00,"61,600.00"
2020-01-07,2020010701011156,SBL,25,22,800,308.00,"246,400.00"
2020-01-07,2020010701011044,SBL,58,56,100,307.00,"30,700.00"
2020-01-07,2020010701011043,SBL,58,48,100,307.00,"30,700.00"
2020-01-07,2020010701011042,SBL,58,44,100,307.00,"30,700.00"
2020-01-07,2020010701011287,SCB,28,42,100,575.00,"57,500.00"
2020-01-07,2020010701011266,SCB,52,42,51,575.00,"29,325.00"
2020-01-07,2020010701011265,SCB,52,38,50,575.00,"28,750.00"
2020-01-07,2020010701011264,SCB,52,34,50,575.00,"28,750.00"
2020-01-07,2020010701011263,SCB,52,26,49,575.00,"28,175.00"
2020-01-07,2020010701011181,SCB,18,45,23,574.00,"13,202.00"
2020-01-07,2020010701011140,SCB,50,45,160,574.00,"91,840.00"
2020-01-07,2020010701011139,SCB,50,54,50,574.00,"28,700.00"
2020-01-07,2020010701011099,SCB,7,54,100,574.00,"57,400.00"
2020-01-07,2020010701011258,SDESI,25,42,34,675.00,"22,950.00"
2020-01-07,2020010701011177,SDESI,26,21,10,669.00,"6,690.00"
2020-01-07,2020010701011035,SDESI,52,42,109,675.00,"73,575.00"
2020-01-07,2020010701011176,SFFIL,52,49,25,197.00,"4,925.00"
2020-01-07,2020010701011001,SFFIL,47,49,25,197.00,"4,925.00"
2020-01-07,2020010701011000,SFFIL,41,49,150,197.00,"29,550.00"
2020-01-07,2020010701011416,SHIVM,56,45,50,477.00,"23,850.00"
2020-01-07,2020010701011330,SHIVM,57,38,310,475.00,"147,250.00"
2020-01-07,2020010701011329,SHIVM,32,38,300,475.00,"142,500.00"
2020-01-07,2020010701011328,SHIVM,38,38,60,475.00,"28,500.00"
2020-01-07,2020010701011327,SHIVM,48,38,80,475.00,"38,000.00"
2020-01-07,2020010701011326,SHIVM,3,38,500,476.00,"238,000.00"
2020-01-07,2020010701011325,SHIVM,47,38,50,476.00,"23,800.00"
2020-01-07,2020010701011117,SHIVM,32,38,50,477.00,"23,850.00"
2020-01-07,2020010701011255,SIC,17,6,120,512.00,"61,440.00"
2020-01-07,2020010701011254,SIC,17,22,110,512.00,"56,320.00"
2020-01-07,2020010701011034,SIC,52,45,290,510.00,"147,900.00"
2020-01-07,2020010701011008,SICL,43,50,50,865.00,"43,250.00"
2020-01-07,2020010701011007,SICL,43,43,53,865.00,"45,845.00"
2020-01-07,2020010701011170,SINDU,59,59,140,121.00,"16,940.00"
2020-01-07,2020010701011167,SINDU,49,59,200,122.00,"24,400.00"
2020-01-07,2020010701011166,SINDU,42,59,160,122.00,"19,520.00"
2020-01-07,2020010701010966,SINDU,34,39,10,124.00,"1,240.00"
2020-01-07,2020010701011414,SJCL,33,26,20,161.00,"3,220.00"
2020-01-07,2020010701011394,SJCL,33,59,20,161.00,"3,220.00"
2020-01-07,2020010701011342,SJCL,33,59,20,161.00,"3,220.00"
2020-01-07,2020010701011281,SJCL,33,59,20,161.00,"3,220.00"
2020-01-07,2020010701010978,SJCL,33,57,20,161.00,"3,220.00"
2020-01-07,2020010701011261,SJCL,33,59,20,161.00,"3,220.00"
2020-01-07,2020010701011220,SJCL,33,41,20,161.00,"3,220.00"
2020-01-07,2020010701010982,SJCL,33,22,20,161.00,"3,220.00"
2020-01-07,2020010701011452,SKBBL,4,26,10,870.00,"8,700.00"
2020-01-07,2020010701011443,SLICL,17,52,100,312.00,"31,200.00"
2020-01-07,2020010701011306,SLICL,17,1,"1,000",313.00,"313,000.00"
2020-01-07,2020010701011411,SMATA,28,41,10,594.00,"5,940.00"
2020-01-07,2020010701011410,SMATA,28,37,30,593.00,"17,790.00"
2020-01-07,2020010701011210,SMATA,28,37,10,593.00,"5,930.00"
2020-01-07,2020010701011164,SMATA,28,32,12,583.00,"6,996.00"
2020-01-07,2020010701011163,SMATA,28,34,10,583.00,"5,830.00"
2020-01-07,2020010701011162,SMATA,28,39,10,580.00,"5,800.00"
2020-01-07,2020010701011161,SMATA,28,39,20,580.00,"11,600.00"
2020-01-07,2020010701011118,SMATA,28,51,175,575.00,"100,625.00"
2020-01-07,2020010701011098,SMATA,43,36,100,569.00,"56,900.00"
2020-01-07,2020010701011097,SMATA,43,16,80,569.00,"45,520.00"
2020-01-07,2020010701011221,SMFBS,44,26,10,991.00,"9,910.00"
2020-01-07,2020010701011115,SMFBS,21,55,100,995.00,"99,500.00"
2020-01-07,2020010701011114,SMFBS,25,14,10,991.00,"9,910.00"
2020-01-07,2020010701011047,SMFDB,29,1,30,603.00,"18,090.00"
2020-01-07,2020010701011422,SRBL,34,46,100,235.00,"23,500.00"
2020-01-07,2020010701010958,SRBL,35,17,500,234.00,"117,000.00"
2020-01-07,2020010701011273,SWBBL,46,22,11,914.00,"10,054.00"
2020-01-07,2020010701011272,SWBBL,46,53,53,910.00,"48,230.00"
2020-01-07,2020010701010969,SWBBL,4,53,429,910.00,"390,390.00"
2020-01-07,2020010701010968,SWBBL,4,41,71,909.00,"64,539.00"
2020-01-07,2020010701011406,TMDBL,4,4,250,159.00,"39,750.00"
2020-01-07,2020010701011348,TRH,45,45,"1,000",285.00,"285,000.00"
2020-01-07,2020010701011341,UMHL,34,17,25,103.00,"2,575.00"
2020-01-07,2020010701011340,UMHL,34,58,615,103.00,"63,345.00"
2020-01-07,2020010701011339,UMHL,34,54,280,103.00,"28,840.00"
2020-01-07,2020010701011338,UMHL,34,17,180,102.00,"18,360.00"
2020-01-07,2020010701011213,UPCL,8,4,40,72.00,"2,880.00"
2020-01-07,2020010701010999,UPCL,8,33,40,72.00,"2,880.00"
2020-01-07,2020010701011245,UPPER,33,19,"1,000",241.00,"241,000.00"
2020-01-07,2020010701011244,UPPER,33,25,100,241.00,"24,100.00"
2020-01-07,2020010701011243,UPPER,33,57,50,241.00,"12,050.00"
2020-01-07,2020010701011242,UPPER,33,59,490,241.00,"118,090.00"
2020-01-07,2020010701011241,UPPER,33,51,"1,200",240.00,"288,000.00"
2020-01-07,2020010701011036,UPPER,14,25,50,240.00,"12,000.00"
2020-01-07,2020010701011026,UPPER,33,25,51,240.00,"12,240.00"
2020-01-07,2020010701011025,UPPER,33,22,50,240.00,"12,000.00"
2020-01-07,2020010701010992,UPPER,37,39,50,240.00,"12,000.00"
2020-01-07,2020010701010991,UPPER,37,22,40,240.00,"9,600.00"
2020-01-07,2020010701011240,UPPER,33,25,49,240.00,"11,760.00"
2020-01-07,2020010701011160,UPPER,33,25,150,240.00,"36,000.00"
2020-01-07,2020010701011059,UPPER,5,25,200,240.00,"48,000.00"
2020-01-07,2020010701011427,VLBS,50,33,52,742.00,"38,584.00"
2020-01-07,2020010701011426,VLBS,50,54,200,740.00,"148,000.00"
2020-01-07,2020010701011425,VLBS,50,11,48,740.00,"35,520.00"
2020-01-07,2020010701011424,VLBS,50,25,59,739.00,"43,601.00"
2020-01-07,2020010701010810,ADBL,52,16,100,373.00,"37,300.00"
2020-01-07,2020010701010619,AKJCL,18,47,10,56.00,560.00
2020-01-07,2020010701010544,AKJCL,26,47,10,57.00,570.00
2020-01-07,2020010701010954,AKPL,49,14,282,116.00,"32,712.00"
2020-01-07,2020010701010893,AKPL,41,14,50,116.00,"5,800.00"
2020-01-07,2020010701010836,AKPL,1,14,500,116.00,"58,000.00"
2020-01-07,2020010701010765,AKPL,41,14,50,116.00,"5,800.00"
2020-01-07,2020010701010693,AKPL,45,14,"1,000",116.00,"116,000.00"
2020-01-07,2020010701010692,AKPL,19,14,500,116.00,"58,000.00"
2020-01-07,2020010701010691,AKPL,55,14,"1,407",116.00,"163,212.00"
2020-01-07,2020010701010690,AKPL,41,14,100,117.00,"11,700.00"
2020-01-07,2020010701010736,ALICL,36,59,200,386.00,"77,200.00"
2020-01-07,2020010701010592,API,25,57,18,112.00,"2,016.00"
2020-01-07,2020010701010591,API,25,45,200,112.00,"22,400.00"
2020-01-07,2020010701010590,API,25,21,32,112.00,"3,584.00"
2020-01-07,2020010701010766,BARUN,4,21,10,87.00,870.00
2020-01-07,2020010701010800,BOKL,6,19,627,227.00,"142,329.00"
2020-01-07,2020010701010799,BOKL,6,51,826,227.00,"187,502.00"
2020-01-07,2020010701010798,BOKL,6,58,47,226.00,"10,622.00"
2020-01-07,2020010701010682,BOKL,40,54,280,224.00,"62,720.00"
2020-01-07,2020010701010642,BOKL,14,58,64,226.00,"14,464.00"
2020-01-07,2020010701010598,BOKL,14,29,23,226.00,"5,198.00"
2020-01-07,2020010701010626,BPCL,11,47,44,310.00,"13,640.00"
2020-01-07,2020010701010458,BPCL,49,44,430,309.00,"132,870.00"
2020-01-07,2020010701010947,CBBL,4,28,50,838.00,"41,900.00"
2020-01-07,2020010701010917,CBBL,4,28,15,838.00,"12,570.00"
2020-01-07,2020010701010884,CBBL,34,29,100,839.00,"83,900.00"
2020-01-07,2020010701010858,CBBL,4,28,41,838.00,"34,358.00"
2020-01-07,2020010701010703,CBBL,4,39,50,838.00,"41,900.00"
2020-01-07,2020010701010702,CBBL,4,39,50,838.00,"41,900.00"
2020-01-07,2020010701010701,CBBL,4,39,100,838.00,"83,800.00"
2020-01-07,2020010701010700,CBBL,4,39,69,838.00,"57,822.00"
2020-01-07,2020010701010699,CBBL,4,39,100,838.00,"83,800.00"
2020-01-07,2020010701010709,CBBL,4,39,83,838.00,"69,554.00"
2020-01-07,2020010701010708,CBBL,4,39,50,838.00,"41,900.00"
2020-01-07,2020010701010707,CBBL,4,39,50,838.00,"41,900.00"
2020-01-07,2020010701010706,CBBL,4,39,118,838.00,"98,884.00"
2020-01-07,2020010701010705,CBBL,4,39,50,838.00,"41,900.00"
2020-01-07,2020010701010704,CBBL,4,39,50,838.00,"41,900.00"
2020-01-07,2020010701010741,CBBL,4,39,100,838.00,"83,800.00"
2020-01-07,2020010701010740,CBBL,4,39,222,838.00,"186,036.00"
2020-01-07,2020010701010712,CBBL,4,39,60,838.00,"50,280.00"
2020-01-07,2020010701010711,CBBL,4,39,100,838.00,"83,800.00"
2020-01-07,2020010701010710,CBBL,4,39,70,838.00,"58,660.00"
2020-01-07,2020010701010594,CBL,26,13,500,139.00,"69,500.00"
2020-01-07,2020010701010827,CCBL,56,34,400,171.00,"68,400.00"
2020-01-07,2020010701010728,CCBL,34,34,100,171.00,"17,100.00"
2020-01-07,2020010701010603,CCBL,26,52,378,172.00,"65,016.00"
2020-01-07,2020010701010602,CCBL,26,17,122,171.00,"20,862.00"
2020-01-07,2020010701010541,CCBL,56,52,500,170.00,"85,000.00"
2020-01-07,2020010701010507,CCBL,56,17,878,171.00,"150,138.00"
2020-01-07,2020010701010482,CCBL,56,43,122,171.00,"20,862.00"
2020-01-07,2020010701010733,CFCL,13,22,322,129.00,"41,538.00"
2020-01-07,2020010701010732,CFCL,13,1,500,129.00,"64,500.00"
2020-01-07,2020010701010731,CFCL,13,59,50,129.00,"6,450.00"
2020-01-07,2020010701010474,CFCL,4,39,500,128.00,"64,000.00"
2020-01-07,2020010701010868,CIT,45,45,47,"2,090.00","98,230.00"
2020-01-07,2020010701010767,CIT,45,49,13,"2,090.00","27,170.00"
2020-01-07,2020010701010643,CIT,50,49,20,"2,090.00","41,800.00"
2020-01-07,2020010701010610,CIT,50,49,17,"2,090.00","35,530.00"
2020-01-07,2020010701010816,CLBSL,16,5,20,654.00,"13,080.00"
2020-01-07,2020010701010815,CLBSL,16,16,500,654.00,"327,000.00"
2020-01-07,2020010701010814,CLBSL,16,16,15,652.00,"9,780.00"
2020-01-07,2020010701010813,CLBSL,16,43,17,652.00,"11,084.00"
2020-01-07,2020010701010812,CLBSL,16,5,10,650.00,"6,500.00"
2020-01-07,2020010701010811,CLBSL,16,44,28,645.00,"18,060.00"
2020-01-07,2020010701010545,CLBSL,13,16,26,642.00,"16,692.00"
2020-01-07,2020010701010763,CZBIL,34,32,200,196.00,"39,200.00"
2020-01-07,2020010701010718,CZBIL,18,54,81,195.00,"15,795.00"
2020-01-07,2020010701010717,CZBIL,14,54,29,195.00,"5,655.00"
2020-01-07,2020010701010716,CZBIL,47,54,50,196.00,"9,800.00"
2020-01-07,2020010701010623,DBBL,50,17,759,145.00,"110,055.00"
2020-01-07,2020010701010622,DBBL,4,17,241,145.00,"34,945.00"
2020-01-07,2020010701010933,DDBL,33,50,200,940.00,"188,000.00"
2020-01-07,2020010701010932,DDBL,33,11,100,940.00,"94,000.00"
2020-01-07,2020010701010843,DDBL,33,43,200,942.00,"188,400.00"
2020-01-07,2020010701010842,DDBL,33,59,200,941.00,"188,200.00"
2020-01-07,2020010701010624,DDBL,36,43,800,940.00,"752,000.00"
2020-01-07,2020010701010618,DDBL,33,42,500,940.00,"470,000.00"
2020-01-07,2020010701010942,EBL,56,43,25,586.00,"14,650.00"
2020-01-07,2020010701010823,EBL,56,19,50,586.00,"29,300.00"
2020-01-07,2020010701010687,EBL,7,51,100,585.00,"58,500.00"
2020-01-07,2020010701010686,EBL,7,20,500,585.00,"292,500.00"
2020-01-07,2020010701010685,EBL,7,22,100,584.00,"58,400.00"
2020-01-07,2020010701010684,EBL,7,17,100,583.00,"58,300.00"
2020-01-07,2020010701010683,EBL,7,1,100,583.00,"58,300.00"
2020-01-07,2020010701010588,EIC,19,13,100,279.00,"27,900.00"
2020-01-07,2020010701010784,FMDBL,49,44,90,350.00,"31,500.00"
2020-01-07,2020010701010783,FMDBL,49,44,200,350.00,"70,000.00"
2020-01-07,2020010701010782,FMDBL,49,40,500,350.00,"175,000.00"
2020-01-07,2020010701010781,FMDBL,49,47,311,349.00,"108,539.00"
2020-01-07,2020010701010780,FMDBL,49,40,300,349.00,"104,700.00"
2020-01-07,2020010701010779,FMDBL,49,20,300,349.00,"104,700.00"
2020-01-07,2020010701010742,FMDBL,49,29,694,346.00,"240,124.00"
2020-01-07,2020010701010672,FMDBL,44,16,100,345.00,"34,500.00"
2020-01-07,2020010701010570,FMDBL,25,29,69,345.00,"23,805.00"
2020-01-07,2020010701010569,FMDBL,57,29,50,345.00,"17,250.00"
2020-01-07,2020010701010558,FMDBL,38,29,25,346.00,"8,650.00"
2020-01-07,2020010701010778,FMDBL,49,44,100,348.00,"34,800.00"
2020-01-07,2020010701010777,FMDBL,49,41,11,348.00,"3,828.00"
2020-01-07,2020010701010776,FMDBL,49,44,50,348.00,"17,400.00"
2020-01-07,2020010701010775,FMDBL,49,45,601,348.00,"209,148.00"
2020-01-07,2020010701010744,FMDBL,49,34,500,347.00,"173,500.00"
2020-01-07,2020010701010743,FMDBL,49,16,500,347.00,"173,500.00"
2020-01-07,2020010701010874,FOWAD,34,16,39,"1,110.00","43,290.00"
2020-01-07,2020010701010819,FOWAD,16,16,"1,000","1,100.00","1,100,000.00"
2020-01-07,2020010701010797,FOWAD,34,37,61,"1,110.00","67,710.00"
2020-01-07,2020010701010723,FOWAD,49,16,500,"1,105.00","552,500.00"
2020-01-07,2020010701010957,GBBL,38,20,200,213.00,"42,600.00"
2020-01-07,2020010701010735,GBBL,35,20,100,213.00,"21,300.00"
2020-01-07,2020010701010525,GBBL,45,20,100,213.00,"21,300.00"
2020-01-07,2020010701010876,GBLBS,17,7,699,357.00,"249,543.00"
2020-01-07,2020010701010668,GGBSL,34,6,10,625.00,"6,250.00"
2020-01-07,2020010701010510,GGBSL,48,43,20,624.00,"12,480.00"
2020-01-07,2020010701010509,GGBSL,48,56,90,622.00,"55,980.00"
2020-01-07,2020010701010667,GGBSL,34,7,370,625.00,"231,250.00"
2020-01-07,2020010701010899,GILB,46,47,12,950.00,"11,400.00"
