Date,Transact. No.,Symbol,Buyer,Seller,Quantity,Rate,Amount
2019-02-10,2019021001005574,ADBL,46,56,70,332.00,"23,240.00"
2019-02-10,2019021001005471,ADBL,39,56,20,332.00,"6,640.00"
2019-02-10,2019021001005330,ADBL,45,56,10,332.00,"3,320.00"
2019-02-10,2019021001005329,ADBL,45,39,490,332.00,"162,680.00"
2019-02-10,2019021001005457,AHPC,17,50,200,99.00,"19,800.00"
2019-02-10,2019021001005587,AKJCL,19,40,10,82.00,820.00
2019-02-10,2019021001005365,AKJCL,19,40,20,82.00,"1,640.00"
2019-02-10,2019021001005463,AKPL,28,57,49,174.00,"8,526.00"
2019-02-10,2019021001005138,ALICL,26,38,23,588.00,"13,524.00"
2019-02-10,2019021001005482,AMFI,47,59,10,703.00,"7,030.00"
2019-02-10,2019021001005500,API,25,57,50,133.00,"6,650.00"
2019-02-10,2019021001005497,API,46,38,11,131.00,"1,441.00"
2019-02-10,2019021001005153,API,11,38,108,131.00,"14,148.00"
2019-02-10,2019021001005152,API,33,38,152,131.00,"19,912.00"
2019-02-10,2019021001005196,API,39,4,29,130.00,"3,770.00"
2019-02-10,2019021001005154,API,21,38,"2,500",131.00,"327,500.00"
2019-02-10,2019021001005269,API,46,42,80,131.00,"10,480.00"
2019-02-10,2019021001005394,API,25,57,50,133.00,"6,650.00"
2019-02-10,2019021001005424,API,46,38,11,131.00,"1,441.00"
2019-02-10,2019021001005578,BOKL,54,17,500,242.00,"121,000.00"
2019-02-10,2019021001005288,BOKL,58,47,60,241.00,"14,460.00"
2019-02-10,2019021001005444,BPCL,25,5,100,344.00,"34,400.00"
2019-02-10,2019021001005443,BPCL,45,5,50,344.00,"17,200.00"
2019-02-10,2019021001005442,BPCL,45,5,10,344.00,"3,440.00"
2019-02-10,2019021001005441,BPCL,34,5,500,344.00,"172,000.00"
2019-02-10,2019021001005440,BPCL,1,5,183,344.00,"62,952.00"
2019-02-10,2019021001005439,BPCL,29,5,600,345.00,"207,000.00"
2019-02-10,2019021001005438,BPCL,41,5,50,346.00,"17,300.00"
2019-02-10,2019021001005117,BPCL,41,22,20,346.00,"6,920.00"
2019-02-10,2019021001005539,CBL,43,29,10,156.00,"1,560.00"
2019-02-10,2019021001005481,CBL,34,13,500,155.00,"77,500.00"
2019-02-10,2019021001005480,CBL,34,34,"1,000",155.00,"155,000.00"
2019-02-10,2019021001005479,CBL,34,34,723,155.00,"112,065.00"
2019-02-10,2019021001005351,CBL,13,42,"1,837",154.00,"282,898.00"
2019-02-10,2019021001005350,CBL,41,42,163,154.00,"25,102.00"
2019-02-10,2019021001005282,CBL,1,34,60,155.00,"9,300.00"
2019-02-10,2019021001005371,CCBL,56,44,72,163.00,"11,736.00"
2019-02-10,2019021001005370,CCBL,56,43,292,163.00,"47,596.00"
2019-02-10,2019021001005369,CCBL,29,13,85,162.00,"13,770.00"
2019-02-10,2019021001005368,CCBL,57,13,556,162.00,"90,072.00"
2019-02-10,2019021001005367,CCBL,42,13,359,162.00,"58,158.00"
2019-02-10,2019021001005222,CCBL,42,34,141,162.00,"22,842.00"
2019-02-10,2019021001005221,CCBL,47,34,300,162.00,"48,600.00"
2019-02-10,2019021001005173,CCBL,21,34,250,162.00,"40,500.00"
2019-02-10,2019021001005172,CCBL,55,34,100,162.00,"16,200.00"
2019-02-10,2019021001005406,CHCL,52,42,71,505.00,"35,855.00"
2019-02-10,2019021001005340,CHCL,32,38,125,506.00,"63,250.00"
2019-02-10,2019021001005119,CHCL,49,38,10,506.00,"5,060.00"
2019-02-10,2019021001005116,CHCL,34,38,20,506.00,"10,120.00"
2019-02-10,2019021001005115,CHCL,58,38,174,506.00,"88,044.00"
2019-02-10,2019021001005492,CIT,58,6,10,"2,640.00","26,400.00"
2019-02-10,2019021001005491,CIT,58,35,50,"2,635.00","131,750.00"
2019-02-10,2019021001005474,CIT,58,53,10,"2,621.00","26,210.00"
2019-02-10,2019021001005470,CIT,39,36,41,"2,615.00","107,215.00"
2019-02-10,2019021001005414,CIT,39,53,50,"2,621.00","131,050.00"
2019-02-10,2019021001005413,CIT,28,53,100,"2,621.00","262,100.00"
2019-02-10,2019021001005334,CIT,25,42,65,"2,632.00","171,080.00"
2019-02-10,2019021001005250,CIT,53,42,20,"2,633.00","52,660.00"
2019-02-10,2019021001005412,CIT,58,53,40,"2,630.00","105,200.00"
2019-02-10,2019021001005357,CIT,58,43,10,"2,630.00","26,300.00"
2019-02-10,2019021001005356,CIT,45,43,20,"2,630.00","52,600.00"
2019-02-10,2019021001005355,CIT,39,43,20,"2,630.00","52,600.00"
2019-02-10,2019021001005354,CIT,48,43,50,"2,632.00","131,600.00"
2019-02-10,2019021001005335,CIT,25,42,35,"2,632.00","92,120.00"
2019-02-10,2019021001005372,CZBIL,21,14,150,204.00,"30,600.00"
2019-02-10,2019021001005123,DBBL,46,58,"1,479",123.00,"181,917.00"
2019-02-10,2019021001005588,DDBL,44,57,10,575.00,"5,750.00"
2019-02-10,2019021001005546,DDBL,58,40,15,568.00,"8,520.00"
2019-02-10,2019021001005545,DDBL,26,40,200,568.00,"113,600.00"
2019-02-10,2019021001005544,DDBL,21,40,50,568.00,"28,400.00"
2019-02-10,2019021001005502,DDBL,44,57,25,575.00,"14,375.00"
2019-02-10,2019021001005467,DDBL,44,47,75,575.00,"43,125.00"
2019-02-10,2019021001005359,DDBL,22,47,25,575.00,"14,375.00"
2019-02-10,2019021001005566,EBL,38,36,50,516.00,"25,800.00"
2019-02-10,2019021001005476,EBL,1,10,50,518.00,"25,900.00"
2019-02-10,2019021001005297,EBL,19,10,50,518.00,"25,900.00"
2019-02-10,2019021001005232,EBL,38,29,300,516.00,"154,800.00"
2019-02-10,2019021001005102,EBL,49,10,10,518.00,"5,180.00"
2019-02-10,2019021001005277,EDBL,47,43,100,275.00,"27,500.00"
2019-02-10,2019021001005501,FMDBL,45,6,25,360.00,"9,000.00"
2019-02-10,2019021001005268,FOWAD,21,21,5,"1,521.00","7,605.00"
2019-02-10,2019021001005220,FOWAD,11,33,20,"1,522.00","30,440.00"
2019-02-10,2019021001005219,FOWAD,17,33,30,"1,522.00","45,660.00"
2019-02-10,2019021001005218,FOWAD,22,33,20,"1,525.00","30,500.00"
2019-02-10,2019021001005494,GBBL,13,53,50,182.00,"9,100.00"
2019-02-10,2019021001005493,GBBL,13,51,58,181.00,"10,498.00"
2019-02-10,2019021001005453,GBBL,1,51,108,181.00,"19,548.00"
2019-02-10,2019021001005452,GBBL,16,51,100,181.00,"18,100.00"
2019-02-10,2019021001005451,GBBL,58,51,"1,000",181.00,"181,000.00"
2019-02-10,2019021001005450,GBBL,43,51,100,181.00,"18,100.00"
2019-02-10,2019021001005449,GBBL,42,51,49,181.00,"8,869.00"
2019-02-10,2019021001005114,GBBL,42,29,11,181.00,"1,991.00"
2019-02-10,2019021001005393,GBIME,54,14,35,262.00,"9,170.00"
2019-02-10,2019021001005392,GBIME,16,14,65,262.00,"17,030.00"
2019-02-10,2019021001005235,GBIME,56,32,500,263.00,"131,500.00"
2019-02-10,2019021001005234,GBIME,56,43,500,263.00,"131,500.00"
2019-02-10,2019021001005195,GBIME,16,17,44,262.00,"11,528.00"
2019-02-10,2019021001005142,GBIME,16,26,11,262.00,"2,882.00"
2019-02-10,2019021001005141,GBIME,16,43,380,262.00,"99,560.00"
2019-02-10,2019021001005337,GBLBS,40,42,20,436.00,"8,720.00"
2019-02-10,2019021001005336,GBLBS,25,42,150,436.00,"65,400.00"
2019-02-10,2019021001005156,HBL,53,13,50,430.00,"21,500.00"
2019-02-10,2019021001005576,HGI,44,32,10,384.00,"3,840.00"
2019-02-10,2019021001005575,HGI,44,51,90,382.00,"34,380.00"
2019-02-10,2019021001005379,HGI,16,3,200,380.00,"76,000.00"
2019-02-10,2019021001005378,HGI,16,48,60,380.00,"22,800.00"
2019-02-10,2019021001005472,HPPL,38,22,10,172.00,"1,720.00"
2019-02-10,2019021001005466,HPPL,38,22,10,172.00,"1,720.00"
2019-02-10,2019021001005456,HPPL,38,22,10,172.00,"1,720.00"
2019-02-10,2019021001005435,HPPL,38,57,10,172.00,"1,720.00"
2019-02-10,2019021001005504,JBBL,45,38,15,135.00,"2,025.00"
2019-02-10,2019021001005455,JBBL,45,38,15,135.00,"2,025.00"
2019-02-10,2019021001005364,JBBL,19,43,26,136.00,"3,536.00"
2019-02-10,2019021001005240,JBBL,34,43,17,136.00,"2,312.00"
2019-02-10,2019021001005193,JBNL,35,32,100,166.00,"16,600.00"
2019-02-10,2019021001005565,JEFL,6,1,500,129.00,"64,500.00"
2019-02-10,2019021001005591,JSLBB,34,55,10,"2,462.00","24,620.00"
2019-02-10,2019021001005241,KADBL,38,26,50,162.00,"8,100.00"
2019-02-10,2019021001005107,KBBL,38,38,"1,000",209.00,"209,000.00"
2019-02-10,2019021001005426,KBL,16,14,100,235.00,"23,500.00"
2019-02-10,2019021001005315,KBL,19,54,70,236.00,"16,520.00"
2019-02-10,2019021001005179,KBL,50,45,800,235.00,"188,000.00"
2019-02-10,2019021001005417,KMCDB,52,51,35,840.00,"29,400.00"
2019-02-10,2019021001005416,KMCDB,52,50,50,839.00,"41,950.00"
2019-02-10,2019021001005415,KMCDB,52,50,100,831.00,"83,100.00"
2019-02-10,2019021001005346,KMCDB,52,33,10,829.00,"8,290.00"
2019-02-10,2019021001005283,KMCDB,33,48,50,813.00,"40,650.00"
2019-02-10,2019021001005178,KMCDB,33,39,30,813.00,"24,390.00"
2019-02-10,2019021001005461,KPCL,39,59,10,90.00,900.00
2019-02-10,2019021001005105,LBL,22,17,150,192.00,"28,800.00"
2019-02-10,2019021001005104,LBL,47,17,100,192.00,"19,200.00"
2019-02-10,2019021001005103,LBL,41,17,600,192.00,"115,200.00"
2019-02-10,2019021001005464,LICN,59,16,10,"1,638.00","16,380.00"
2019-02-10,2019021001005249,LLBS,48,36,40,767.00,"30,680.00"
2019-02-10,2019021001005248,LLBS,26,36,150,768.00,"115,200.00"
2019-02-10,2019021001005247,LLBS,40,36,150,769.00,"115,350.00"
2019-02-10,2019021001005246,LLBS,17,36,100,770.00,"77,000.00"
2019-02-10,2019021001005245,LLBS,26,36,60,770.00,"46,200.00"
2019-02-10,2019021001005543,MBL,1,39,100,209.00,"20,900.00"
2019-02-10,2019021001005533,MBL,56,39,"4,500",209.00,"940,500.00"
2019-02-10,2019021001005532,MBL,56,1,500,209.00,"104,500.00"
2019-02-10,2019021001005477,MBL,56,14,75,207.00,"15,525.00"
2019-02-10,2019021001005295,MBL,56,45,87,207.00,"18,009.00"
2019-02-10,2019021001005286,MBL,33,45,50,207.00,"10,350.00"
2019-02-10,2019021001005285,MBL,34,45,363,207.00,"75,141.00"
2019-02-10,2019021001005284,MBL,34,49,500,207.00,"103,500.00"
2019-02-10,2019021001005120,MBL,34,59,137,207.00,"28,359.00"
2019-02-10,2019021001005225,MDB,38,38,928,272.00,"252,416.00"
2019-02-10,2019021001005224,MDB,45,38,20,272.00,"5,440.00"
2019-02-10,2019021001005223,MDB,1,38,46,272.00,"12,512.00"
2019-02-10,2019021001005585,MEGA,43,50,10,164.00,"1,640.00"
2019-02-10,2019021001005528,MEGA,57,32,710,163.00,"115,730.00"
2019-02-10,2019021001005527,MEGA,43,1,10,164.00,"1,640.00"
2019-02-10,2019021001005478,MEGA,57,44,40,163.00,"6,520.00"
2019-02-10,2019021001005309,MEGA,26,41,58,162.00,"9,396.00"
2019-02-10,2019021001005307,MEGA,42,44,60,163.00,"9,780.00"
2019-02-10,2019021001005237,MEGA,1,32,100,163.00,"16,300.00"
2019-02-10,2019021001005095,MEGA,48,32,500,163.00,"81,500.00"
2019-02-10,2019021001005094,MEGA,22,32,500,163.00,"81,500.00"
2019-02-10,2019021001005093,MEGA,57,32,200,163.00,"32,600.00"
2019-02-10,2019021001005570,MERO,22,51,43,620.00,"26,660.00"
2019-02-10,2019021001005342,MERO,37,51,22,620.00,"13,640.00"
2019-02-10,2019021001005341,MERO,37,22,16,620.00,"9,920.00"
2019-02-10,2019021001005319,MERO,22,5,16,618.00,"9,888.00"
2019-02-10,2019021001005303,MERO,22,5,16,618.00,"9,888.00"
2019-02-10,2019021001005140,MERO,42,58,77,618.00,"47,586.00"
2019-02-10,2019021001005592,MIDBL,26,6,45,146.00,"6,570.00"
2019-02-10,2019021001005434,MMFDB,16,22,16,"1,020.00","16,320.00"
2019-02-10,2019021001005137,MMFDB,25,21,10,"1,025.00","10,250.00"
2019-02-10,2019021001005557,MNBBL,43,37,30,340.00,"10,200.00"
2019-02-10,2019021001005556,MNBBL,49,37,188,340.00,"63,920.00"
2019-02-10,2019021001005184,MSMBS,17,49,11,522.00,"5,742.00"
2019-02-10,2019021001005143,MSMBS,17,49,22,522.00,"11,484.00"
2019-02-10,2019021001005251,NABIL,55,52,50,824.00,"41,200.00"
2019-02-10,2019021001005363,NABILP,58,40,50,729.00,"36,450.00"
2019-02-10,2019021001005362,NABILP,32,40,100,730.00,"73,000.00"
2019-02-10,2019021001005361,NABILP,11,40,50,730.00,"36,500.00"
2019-02-10,2019021001005454,NADEP,25,14,10,765.00,"7,650.00"
2019-02-10,2019021001005377,NADEP,25,21,10,765.00,"7,650.00"
2019-02-10,2019021001005276,NADEP,19,41,100,770.00,"77,000.00"
2019-02-10,2019021001005567,NBB,46,59,50,184.00,"9,200.00"
2019-02-10,2019021001005289,NBB,58,59,100,184.00,"18,400.00"
2019-02-10,2019021001005569,NBL,19,33,200,286.00,"57,200.00"
2019-02-10,2019021001005403,NBL,13,33,200,286.00,"57,200.00"
2019-02-10,2019021001005339,NBL,56,46,500,286.00,"143,000.00"
2019-02-10,2019021001005338,NBL,56,38,500,286.00,"143,000.00"
2019-02-10,2019021001005318,NBL,17,38,100,286.00,"28,600.00"
2019-02-10,2019021001005252,NBL,38,38,200,286.00,"57,200.00"
2019-02-10,2019021001005242,NBL,38,38,200,286.00,"57,200.00"
2019-02-10,2019021001005536,NCCB,41,5,593,208.00,"123,344.00"
2019-02-10,2019021001005535,NCCB,55,5,100,208.00,"20,800.00"
2019-02-10,2019021001005534,NCCB,32,5,307,208.00,"63,856.00"
2019-02-10,2019021001005383,NCCB,32,56,10,208.00,"2,080.00"
2019-02-10,2019021001005267,NCCB,34,19,371,211.00,"78,281.00"
2019-02-10,2019021001005266,NCCB,34,38,"1,000",211.00,"211,000.00"
2019-02-10,2019021001005189,NCCB,56,1,281,209.00,"58,729.00"
2019-02-10,2019021001005188,NCCB,56,58,400,209.00,"83,600.00"
2019-02-10,2019021001005187,NCCB,56,6,300,209.00,"62,700.00"
2019-02-10,2019021001005186,NCCB,56,18,500,209.00,"104,500.00"
2019-02-10,2019021001005265,NCCB,34,34,129,210.00,"27,090.00"
2019-02-10,2019021001005208,NCCB,32,45,183,208.00,"38,064.00"
2019-02-10,2019021001005207,NCCB,52,45,100,208.00,"20,800.00"
2019-02-10,2019021001005206,NCCB,56,45,56,208.00,"11,648.00"
2019-02-10,2019021001005205,NCCB,58,45,214,208.00,"44,512.00"
2019-02-10,2019021001005204,NCCB,56,45,19,209.00,"3,971.00"
2019-02-10,2019021001005194,NGPL,34,1,11,125.00,"1,375.00"
2019-02-10,2019021001005507,NIB,1,39,50,520.00,"26,000.00"
2019-02-10,2019021001005496,NIB,11,21,90,519.00,"46,710.00"
2019-02-10,2019021001005460,NIB,58,21,100,519.00,"51,900.00"
2019-02-10,2019021001005400,NIB,55,45,266,518.00,"137,788.00"
2019-02-10,2019021001005398,NIB,42,45,100,518.00,"51,800.00"
2019-02-10,2019021001005229,NIB,54,45,30,518.00,"15,540.00"
2019-02-10,2019021001005113,NIB,16,25,290,519.00,"150,510.00"
2019-02-10,2019021001005183,NIB,13,45,50,518.00,"25,900.00"
2019-02-10,2019021001005182,NIB,7,45,10,518.00,"5,180.00"
2019-02-10,2019021001005181,NIB,29,45,200,518.00,"103,600.00"
2019-02-10,2019021001005180,NIB,33,45,100,518.00,"51,800.00"
2019-02-10,2019021001005170,NIB,54,21,100,519.00,"51,900.00"
2019-02-10,2019021001005169,NIB,16,21,210,519.00,"108,990.00"
2019-02-10,2019021001005216,NIB,32,43,176,517.00,"90,992.00"
2019-02-10,2019021001005215,NIB,43,43,30,517.00,"15,510.00"
2019-02-10,2019021001005214,NIB,39,43,100,517.00,"51,700.00"
2019-02-10,2019021001005213,NIB,28,43,100,517.00,"51,700.00"
2019-02-10,2019021001005212,NIB,13,43,50,517.00,"25,850.00"
2019-02-10,2019021001005211,NIB,47,43,44,517.00,"22,748.00"
2019-02-10,2019021001005146,NIBPO,42,25,100,478.00,"47,800.00"
2019-02-10,2019021001005118,NIBPO,48,39,20,479.00,"9,580.00"
2019-02-10,2019021001005425,NICA,6,28,400,385.00,"154,000.00"
2019-02-10,2019021001005386,NICA,6,6,100,384.00,"38,400.00"
2019-02-10,2019021001005385,NICA,6,6,500,384.00,"192,000.00"
2019-02-10,2019021001005353,NICGF,51,57,600,8.77,"5,262.00"
2019-02-10,2019021001005590,NICL,45,42,500,374.00,"187,000.00"
2019-02-10,2019021001005589,NICL,16,25,70,372.00,"26,040.00"
2019-02-10,2019021001005537,NICL,16,40,70,373.00,"26,110.00"
2019-02-10,2019021001005506,NICL,45,40,200,373.00,"74,600.00"
2019-02-10,2019021001005396,NICL,58,58,"8,000",371.00,"2,968,000.00"
2019-02-10,2019021001005387,NICL,19,40,100,373.00,"37,300.00"
2019-02-10,2019021001005328,NICL,58,36,300,372.00,"111,600.00"
2019-02-10,2019021001005572,NIL,45,37,170,506.00,"86,020.00"
2019-02-10,2019021001005571,NIL,57,37,100,506.00,"50,600.00"
2019-02-10,2019021001005270,NIL,50,28,50,505.00,"25,250.00"
2019-02-10,2019021001005586,NLBBL,19,17,100,461.00,"46,100.00"
2019-02-10,2019021001005573,NLBBL,19,52,66,461.00,"30,426.00"
2019-02-10,2019021001005547,NLIC,35,49,17,"1,022.00","17,374.00"
2019-02-10,2019021001005468,NLIC,25,50,67,"1,026.00","68,742.00"
2019-02-10,2019021001005458,NLIC,35,35,200,"1,022.00","204,400.00"
2019-02-10,2019021001005399,NLIC,35,49,17,"1,021.00","17,357.00"
2019-02-10,2019021001005389,NLIC,35,49,17,"1,021.00","17,357.00"
2019-02-10,2019021001005374,NLIC,42,50,33,"1,026.00","33,858.00"
2019-02-10,2019021001005239,NLIC,28,49,17,"1,024.00","17,408.00"
2019-02-10,2019021001005228,NLIC,5,1,17,"1,025.00","17,425.00"
2019-02-10,2019021001005227,NLIC,5,1,17,"1,025.00","17,425.00"
2019-02-10,2019021001005226,NLIC,5,1,17,"1,025.00","17,425.00"
2019-02-10,2019021001005203,NLIC,13,49,17,"1,023.00","17,391.00"
2019-02-10,2019021001005159,NLIC,42,49,17,"1,023.00","17,391.00"
2019-02-10,2019021001005261,NLIC,25,57,83,"1,022.00","84,826.00"
2019-02-10,2019021001005260,NLIC,59,57,200,"1,022.00","204,400.00"
2019-02-10,2019021001005259,NLIC,46,57,30,"1,023.00","30,690.00"
2019-02-10,2019021001005258,NLIC,58,57,30,"1,023.00","30,690.00"
2019-02-10,2019021001005257,NLIC,42,57,15,"1,023.00","15,345.00"
2019-02-10,2019021001005256,NLIC,28,57,33,"1,024.00","33,792.00"
2019-02-10,2019021001005373,NLIC,42,3,17,"1,025.00","17,425.00"
2019-02-10,2019021001005314,NLIC,8,22,500,"1,021.00","510,500.00"
2019-02-10,2019021001005313,NLIC,36,22,241,"1,021.00","246,061.00"
2019-02-10,2019021001005312,NLIC,6,22,50,"1,022.00","51,100.00"
2019-02-10,2019021001005263,NLIC,36,57,259,"1,021.00","264,439.00"
2019-02-10,2019021001005262,NLIC,21,57,50,"1,021.00","51,050.00"
2019-02-10,2019021001005495,NLICL,58,8,166,631.00,"104,746.00"
2019-02-10,2019021001005191,NLICL,42,22,500,634.00,"317,000.00"
2019-02-10,2019021001005190,NLICL,58,22,300,635.00,"190,500.00"
2019-02-10,2019021001005526,NMB,28,52,72,310.00,"22,320.00"
2019-02-10,2019021001005525,NMB,55,52,100,310.00,"31,000.00"
2019-02-10,2019021001005524,NMB,16,52,300,310.00,"93,000.00"
2019-02-10,2019021001005523,NMB,55,52,240,310.00,"74,400.00"
2019-02-10,2019021001005522,NMB,54,52,"1,000",311.00,"311,000.00"
2019-02-10,2019021001005521,NMB,41,52,300,311.00,"93,300.00"
2019-02-10,2019021001005273,NMB,55,14,379,312.00,"118,248.00"
2019-02-10,2019021001005254,NMB,56,41,75,313.00,"23,475.00"
2019-02-10,2019021001005253,NMB,56,45,925,313.00,"289,525.00"
2019-02-10,2019021001005209,NMB,55,42,100,312.00,"31,200.00"
2019-02-10,2019021001005166,NMB,25,19,22,311.00,"6,842.00"
2019-02-10,2019021001005165,NMB,4,19,457,311.00,"142,127.00"
2019-02-10,2019021001005520,NMB,42,52,160,311.00,"49,760.00"
2019-02-10,2019021001005519,NMB,53,52,300,311.00,"93,300.00"
2019-02-10,2019021001005518,NMB,8,52,200,311.00,"62,200.00"
2019-02-10,2019021001005517,NMB,25,52,78,311.00,"24,258.00"
2019-02-10,2019021001005358,NMB,17,14,20,312.00,"6,240.00"
2019-02-10,2019021001005274,NMB,54,14,50,312.00,"15,600.00"
2019-02-10,2019021001005531,NMFBS,21,38,12,"1,653.00","19,836.00"
2019-02-10,2019021001005296,NNLB,37,21,18,570.00,"10,260.00"
2019-02-10,2019021001005529,NSEWA,42,55,20,606.00,"12,120.00"
2019-02-10,2019021001005459,NSEWA,42,37,10,606.00,"6,060.00"
2019-02-10,2019021001005311,NSEWA,42,40,10,606.00,"6,060.00"
2019-02-10,2019021001005108,NSEWA,42,59,10,606.00,"6,060.00"
2019-02-10,2019021001005490,NTC,43,52,10,703.00,"7,030.00"
2019-02-10,2019021001005333,NTC,46,35,100,702.00,"70,200.00"
2019-02-10,2019021001005177,NTC,46,35,214,702.00,"150,228.00"
2019-02-10,2019021001005583,NUBL,37,57,400,745.00,"298,000.00"
2019-02-10,2019021001005560,NUBL,52,52,60,740.00,"44,400.00"
2019-02-10,2019021001005559,NUBL,35,52,30,740.00,"22,200.00"
2019-02-10,2019021001005558,NUBL,6,52,10,740.00,"7,400.00"
2019-02-10,2019021001005150,NUBL,53,34,30,740.00,"22,200.00"
2019-02-10,2019021001005129,NUBL,55,34,200,740.00,"148,000.00"
2019-02-10,2019021001005128,NUBL,17,34,10,740.00,"7,400.00"
2019-02-10,2019021001005127,NUBL,42,34,50,741.00,"37,050.00"
2019-02-10,2019021001005126,NUBL,43,34,50,741.00,"37,050.00"
2019-02-10,2019021001005125,NUBL,21,34,10,742.00,"7,420.00"
2019-02-10,2019021001005555,PCBL,42,51,759,314.00,"238,326.00"
2019-02-10,2019021001005554,PCBL,54,51,50,315.00,"15,750.00"
2019-02-10,2019021001005553,PCBL,19,51,100,315.00,"31,500.00"
2019-02-10,2019021001005552,PCBL,53,51,50,315.00,"15,750.00"
2019-02-10,2019021001005551,PCBL,45,51,200,315.00,"63,000.00"
2019-02-10,2019021001005550,PCBL,43,51,100,315.00,"31,500.00"
2019-02-10,2019021001005344,PCBL,11,45,300,315.00,"94,500.00"
2019-02-10,2019021001005202,PCBL,11,52,200,315.00,"63,000.00"
2019-02-10,2019021001005201,PCBL,44,52,100,315.00,"31,500.00"
2019-02-10,2019021001005198,PCBL,43,34,4,315.00,"1,260.00"
2019-02-10,2019021001005197,PCBL,43,36,81,315.00,"25,515.00"
2019-02-10,2019021001005562,PIC,42,49,11,"1,023.00","11,253.00"
2019-02-10,2019021001005561,PIC,42,49,11,"1,023.00","11,253.00"
2019-02-10,2019021001005483,PIC,32,49,11,"1,017.00","11,187.00"
2019-02-10,2019021001005352,PIC,35,49,11,"1,016.00","11,176.00"
2019-02-10,2019021001005301,PIC,35,41,10,"1,016.00","10,160.00"
2019-02-10,2019021001005300,PIC,32,41,50,"1,017.00","50,850.00"
2019-02-10,2019021001005299,PIC,32,41,27,"1,017.00","27,459.00"
2019-02-10,2019021001005278,PIC,46,16,39,"1,018.00","39,702.00"
2019-02-10,2019021001005264,PIC,46,49,11,"1,018.00","11,198.00"
2019-02-10,2019021001005577,PICL,54,49,36,683.00,"24,588.00"
2019-02-10,2019021001005437,PICL,21,6,71,689.00,"48,919.00"
2019-02-10,2019021001005579,PLIC,38,59,10,456.00,"4,560.00"
2019-02-10,2019021001005411,PLIC,43,7,40,448.00,"17,920.00"
2019-02-10,2019021001005410,PLIC,45,7,20,448.00,"8,960.00"
2019-02-10,2019021001005409,PLIC,28,7,40,448.00,"17,920.00"
2019-02-10,2019021001005408,PLIC,54,7,50,449.00,"22,450.00"
2019-02-10,2019021001005469,PMHPL,57,59,10,107.00,"1,070.00"
2019-02-10,2019021001005230,PMHPL,57,21,10,107.00,"1,070.00"
2019-02-10,2019021001005199,PMHPL,57,37,10,107.00,"1,070.00"
2019-02-10,2019021001005255,PRIN,17,37,"1,000",421.00,"421,000.00"
2019-02-10,2019021001005101,PRIN,17,41,26,420.00,"10,920.00"
2019-02-10,2019021001005100,PRIN,28,41,20,420.00,"8,400.00"
2019-02-10,2019021001005540,PRVU,34,11,70,240.00,"16,800.00"
2019-02-10,2019021001005112,PRVU,53,57,130,236.00,"30,680.00"
2019-02-10,2019021001005111,PRVU,29,57,250,236.00,"59,000.00"
2019-02-10,2019021001005110,PRVU,40,57,696,236.00,"164,256.00"
2019-02-10,2019021001005109,PRVU,28,57,50,237.00,"11,850.00"
2019-02-10,2019021001005305,RADHI,37,37,363,160.00,"58,080.00"
2019-02-10,2019021001005304,RADHI,37,17,11,160.00,"1,760.00"
2019-02-10,2019021001005271,RADHI,37,50,11,158.00,"1,738.00"
2019-02-10,2019021001005155,RADHI,37,58,11,158.00,"1,738.00"
2019-02-10,2019021001005325,RBCL,19,54,10,"9,100.00","91,000.00"
2019-02-10,2019021001005324,RBCL,53,54,10,"9,100.00","91,000.00"
2019-02-10,2019021001005323,RBCL,5,54,10,"9,101.00","91,010.00"
2019-02-10,2019021001005322,RBCL,6,54,10,"9,101.00","91,010.00"
2019-02-10,2019021001005321,RBCL,47,54,10,"9,105.00","91,050.00"
2019-02-10,2019021001005320,RBCL,18,54,10,"9,130.00","91,300.00"
2019-02-10,2019021001005384,RBCLPO,59,59,10,"8,634.00","86,340.00"
2019-02-10,2019021001005099,RHPC,55,44,36,95.00,"3,420.00"
2019-02-10,2019021001005281,RSDC,29,42,26,380.00,"9,880.00"
2019-02-10,2019021001005382,SAEF,17,57,"1,000",8.82,"8,820.00"
2019-02-10,2019021001005549,SBBLJ,56,49,68,199.00,"13,532.00"
2019-02-10,2019021001005503,SBI,3,41,40,380.00,"15,200.00"
2019-02-10,2019021001005136,SBI,57,57,96,378.00,"36,288.00"
2019-02-10,2019021001005135,SBI,14,57,200,378.00,"75,600.00"
2019-02-10,2019021001005134,SBI,3,57,60,379.00,"22,740.00"
2019-02-10,2019021001005133,SBI,58,57,102,379.00,"38,658.00"
2019-02-10,2019021001005294,SBL,13,41,330,283.00,"93,390.00"
2019-02-10,2019021001005293,SBL,13,35,30,283.00,"8,490.00"
2019-02-10,2019021001005292,SBL,13,38,100,282.00,"28,200.00"
2019-02-10,2019021001005291,SBL,13,54,260,282.00,"73,320.00"
2019-02-10,2019021001005287,SBL,38,29,72,281.00,"20,232.00"
2019-02-10,2019021001005582,SDESI,37,49,10,608.00,"6,080.00"
2019-02-10,2019021001005581,SDESI,33,49,10,609.00,"6,090.00"
2019-02-10,2019021001005580,SDESI,33,49,10,610.00,"6,100.00"
2019-02-10,2019021001005298,SDESI,21,21,1,607.00,607.00
2019-02-10,2019021001005404,SEF,53,57,"1,000",9.10,"9,100.00"
2019-02-10,2019021001005436,SHL,19,19,710,204.00,"144,840.00"
2019-02-10,2019021001005244,SHL,19,1,200,204.00,"40,800.00"
2019-02-10,2019021001005433,SIC,11,54,14,"1,265.00","17,710.00"
2019-02-10,2019021001005432,SIC,50,54,50,"1,265.00","63,250.00"
2019-02-10,2019021001005431,SIC,43,54,20,"1,266.00","25,320.00"
2019-02-10,2019021001005430,SIC,55,54,10,"1,266.00","12,660.00"
2019-02-10,2019021001005429,SIC,43,54,20,"1,267.00","25,340.00"
2019-02-10,2019021001005428,SIC,6,54,11,"1,267.00","13,937.00"
2019-02-10,2019021001005427,SIC,19,54,25,"1,270.00","31,750.00"
2019-02-10,2019021001005168,SIC,26,42,20,"1,272.00","25,440.00"
2019-02-10,2019021001005564,SIFC,1,59,500,128.00,"64,000.00"
2019-02-10,2019021001005563,SIFC,45,59,65,128.00,"8,320.00"
2019-02-10,2019021001005402,SKBBL,8,8,5,817.00,"4,085.00"
2019-02-10,2019021001005098,SLBBL,43,6,20,502.00,"10,040.00"
2019-02-10,2019021001005097,SLBBL,32,6,40,502.00,"20,080.00"
2019-02-10,2019021001005096,SLBBL,43,6,19,502.00,"9,538.00"
2019-02-10,2019021001005158,SLBBL,42,19,100,501.00,"50,100.00"
2019-02-10,2019021001005395,SLBBL,43,57,40,505.00,"20,200.00"
2019-02-10,2019021001005465,SLBSL,32,55,10,809.00,"8,090.00"
2019-02-10,2019021001005462,SLBSL,32,10,10,809.00,"8,090.00"
2019-02-10,2019021001005448,SLBSL,32,55,10,809.00,"8,090.00"
2019-02-10,2019021001005447,SLBSL,32,10,10,809.00,"8,090.00"
2019-02-10,2019021001005148,SLBSL,5,58,10,810.00,"8,100.00"
2019-02-10,2019021001005147,SLBSL,5,58,10,810.00,"8,100.00"
2019-02-10,2019021001005243,SLBSL,49,42,10,808.00,"8,080.00"
2019-02-10,2019021001005238,SLBSL,29,39,10,809.00,"8,090.00"
2019-02-10,2019021001005233,SLBSL,29,39,10,809.00,"8,090.00"
2019-02-10,2019021001005164,SLBSL,28,10,10,808.00,"8,080.00"
2019-02-10,2019021001005345,SLBSL,57,43,10,810.00,"8,100.00"
2019-02-10,2019021001005326,SLBSL,57,18,10,810.00,"8,100.00"
2019-02-10,2019021001005310,SLBSL,57,58,10,810.00,"8,100.00"
2019-02-10,2019021001005308,SLBSL,32,18,10,809.00,"8,090.00"
2019-02-10,2019021001005272,SLBSL,49,59,10,808.00,"8,080.00"
2019-02-10,2019021001005418,SLBSL,42,29,10,811.00,"8,110.00"
2019-02-10,2019021001005376,SLBSL,32,43,10,809.00,"8,090.00"
2019-02-10,2019021001005366,SLBSL,32,59,10,809.00,"8,090.00"
2019-02-10,2019021001005360,SLBSL,32,43,10,809.00,"8,090.00"
2019-02-10,2019021001005348,SLBSL,57,42,20,810.00,"16,200.00"
2019-02-10,2019021001005423,SLBSL,42,55,10,811.00,"8,110.00"
2019-02-10,2019021001005422,SLBSL,42,29,10,811.00,"8,110.00"
2019-02-10,2019021001005421,SLBSL,42,29,10,811.00,"8,110.00"
2019-02-10,2019021001005420,SLBSL,42,29,10,811.00,"8,110.00"
2019-02-10,2019021001005419,SLBSL,42,29,10,811.00,"8,110.00"
2019-02-10,2019021001005332,SLICL,49,16,95,513.00,"48,735.00"
2019-02-10,2019021001005157,SLICL,1,39,40,510.00,"20,400.00"
2019-02-10,2019021001005381,SMFDB,22,21,10,700.00,"7,000.00"
2019-02-10,2019021001005290,SMFDB,55,45,193,691.00,"133,363.00"
2019-02-10,2019021001005176,SRBL,11,10,308,210.00,"64,680.00"
2019-02-10,2019021001005473,UIC,17,53,10,780.00,"7,800.00"
2019-02-10,2019021001005499,UMHL,11,37,52,115.00,"5,980.00"
2019-02-10,2019021001005584,UPPER,22,10,40,231.00,"9,240.00"
2019-02-10,2019021001005568,UPPER,22,10,40,231.00,"9,240.00"
2019-02-10,2019021001005548,UPPER,22,33,40,231.00,"9,240.00"
2019-02-10,2019021001005542,UPPER,22,44,50,231.00,"11,550.00"
2019-02-10,2019021001005541,UPPER,22,14,30,231.00,"6,930.00"
2019-02-10,2019021001005538,UPPER,57,14,20,231.00,"4,620.00"
2019-02-10,2019021001005124,UPPER,56,21,50,230.00,"11,500.00"
2019-02-10,2019021001005121,UPPER,56,10,50,230.00,"11,500.00"
2019-02-10,2019021001005106,UPPER,56,29,40,230.00,"9,200.00"
2019-02-10,2019021001005145,UPPER,6,21,23,230.00,"5,290.00"
2019-02-10,2019021001005144,UPPER,56,21,17,230.00,"3,910.00"
2019-02-10,2019021001005139,UPPER,56,17,50,230.00,"11,500.00"
2019-02-10,2019021001005132,UPPER,56,29,40,230.00,"9,200.00"
2019-02-10,2019021001005131,UPPER,56,45,50,230.00,"11,500.00"
2019-02-10,2019021001005130,UPPER,56,50,50,230.00,"11,500.00"
2019-02-10,2019021001005163,UPPER,43,49,40,230.00,"9,200.00"
2019-02-10,2019021001005162,UPPER,43,50,40,230.00,"9,200.00"
2019-02-10,2019021001005161,UPPER,43,16,13,230.00,"2,990.00"
2019-02-10,2019021001005160,UPPER,6,16,37,230.00,"8,510.00"
2019-02-10,2019021001005151,UPPER,6,49,40,230.00,"9,200.00"
2019-02-10,2019021001005217,UPPER,20,43,46,230.00,"10,580.00"
2019-02-10,2019021001005200,UPPER,20,10,10,230.00,"2,300.00"
2019-02-10,2019021001005192,UPPER,43,16,50,230.00,"11,500.00"
2019-02-10,2019021001005185,UPPER,43,21,50,230.00,"11,500.00"
2019-02-10,2019021001005171,UPPER,59,21,50,230.00,"11,500.00"
2019-02-10,2019021001005167,UPPER,59,17,50,230.00,"11,500.00"
2019-02-10,2019021001005347,UPPER,20,59,40,230.00,"9,200.00"
2019-02-10,2019021001005343,UPPER,20,59,40,230.00,"9,200.00"
2019-02-10,2019021001005331,UPPER,20,40,40,230.00,"9,200.00"
2019-02-10,2019021001005317,UPPER,20,59,50,230.00,"11,500.00"
2019-02-10,2019021001005306,UPPER,20,10,10,230.00,"2,300.00"
2019-02-10,2019021001005231,UPPER,20,10,10,230.00,"2,300.00"
2019-02-10,2019021001005397,UPPER,50,14,40,231.00,"9,240.00"
2019-02-10,2019021001005391,UPPER,20,59,50,230.00,"11,500.00"
2019-02-10,2019021001005390,UPPER,20,40,50,230.00,"11,500.00"
2019-02-10,2019021001005388,UPPER,20,44,50,230.00,"11,500.00"
2019-02-10,2019021001005380,UPPER,20,14,40,230.00,"9,200.00"
2019-02-10,2019021001005446,UPPER,20,59,30,230.00,"6,900.00"
2019-02-10,2019021001005445,UPPER,50,59,20,231.00,"4,620.00"
2019-02-10,2019021001005407,UPPER,50,14,50,231.00,"11,550.00"
2019-02-10,2019021001005405,UPPER,50,44,40,231.00,"9,240.00"
2019-02-10,2019021001005401,UPPER,50,36,50,231.00,"11,550.00"
2019-02-10,2019021001005511,UPPER,35,40,50,232.00,"11,600.00"
2019-02-10,2019021001005510,UPPER,35,37,50,232.00,"11,600.00"
2019-02-10,2019021001005509,UPPER,35,39,50,232.00,"11,600.00"
2019-02-10,2019021001005508,UPPER,35,58,40,232.00,"9,280.00"
2019-02-10,2019021001005498,UPPER,57,14,40,231.00,"9,240.00"
2019-02-10,2019021001005475,UPPER,57,14,40,231.00,"9,240.00"
2019-02-10,2019021001005530,UPPER,57,10,50,231.00,"11,550.00"
2019-02-10,2019021001005516,UPPER,35,42,210,233.00,"48,930.00"
2019-02-10,2019021001005515,UPPER,35,45,484,233.00,"112,772.00"
2019-02-10,2019021001005514,UPPER,35,32,36,233.00,"8,388.00"
2019-02-10,2019021001005513,UPPER,35,40,40,232.00,"9,280.00"
2019-02-10,2019021001005512,UPPER,35,40,40,232.00,"9,280.00"
2019-02-10,2019021001005236,VLBS,34,43,90,695.00,"62,550.00"
2019-02-10,2019021001005149,VLBS,34,59,10,686.00,"6,860.00"
2019-02-10,2019021001005505,WOMI,19,49,46,"1,120.00","51,520.00"
2019-02-10,2019021001005489,WOMI,26,49,50,"1,122.00","56,100.00"
2019-02-10,2019021001005488,WOMI,55,49,100,"1,123.00","112,300.00"
2019-02-10,2019021001005487,WOMI,47,49,100,"1,126.00","112,600.00"
2019-02-10,2019021001005486,WOMI,38,49,100,"1,126.00","112,600.00"
2019-02-10,2019021001005485,WOMI,32,49,17,"1,128.00","19,176.00"
2019-02-10,2019021001005279,WOMI,34,51,17,"1,130.00","19,210.00"
2019-02-10,2019021001005275,WOMI,34,16,33,"1,130.00","37,290.00"
2019-02-10,2019021001005210,WOMI,41,49,33,"1,130.00","37,290.00"
2019-02-10,2019021001005175,WOMI,41,49,13,"1,130.00","14,690.00"
2019-02-10,2019021001005174,WOMI,22,49,20,"1,130.00","22,600.00"
2019-02-10,2019021001005484,WOMI,45,49,79,"1,130.00","89,270.00"
2019-02-10,2019021001005375,WOMI,45,42,50,"1,130.00","56,500.00"
2019-02-10,2019021001005327,WOMI,45,16,33,"1,130.00","37,290.00"
2019-02-10,2019021001005316,WOMI,45,51,38,"1,130.00","42,940.00"
2019-02-10,2019021001005302,WOMI,32,16,33,"1,128.00","37,224.00"
2019-02-10,2019021001005280,WOMI,51,51,200,"1,130.00","226,000.00"
2019-02-10,2019021001005057,ADBL,49,39,10,332.00,"3,320.00"
2019-02-10,2019021001005043,ADBL,14,57,161,331.00,"53,291.00"
2019-02-10,2019021001004657,ADBL,14,11,583,331.00,"192,973.00"
2019-02-10,2019021001004656,ADBL,26,11,30,331.00,"9,930.00"
2019-02-10,2019021001004655,ADBL,50,11,50,331.00,"16,550.00"
2019-02-10,2019021001004913,AHPC,7,50,237,99.00,"23,463.00"
2019-02-10,2019021001004990,AKJCL,19,51,10,82.00,820.00
2019-02-10,2019021001004976,AKJCL,25,58,10,81.00,810.00
2019-02-10,2019021001004907,AKJCL,25,51,10,81.00,810.00
2019-02-10,2019021001004896,AKJCL,42,51,10,82.00,820.00
2019-02-10,2019021001004877,AKJCL,42,51,20,82.00,"1,640.00"
2019-02-10,2019021001004857,AKJCL,42,51,10,82.00,820.00
2019-02-10,2019021001004849,AKJCL,42,51,20,82.00,"1,640.00"
2019-02-10,2019021001004959,AKPL,58,58,10,176.00,"1,760.00"
2019-02-10,2019021001004602,AKPL,28,49,13,174.00,"2,262.00"
2019-02-10,2019021001004624,ALICL,26,5,77,588.00,"45,276.00"
2019-02-10,2019021001004623,ALICL,39,5,11,588.00,"6,468.00"
2019-02-10,2019021001004622,ALICL,33,5,59,589.00,"34,751.00"
2019-02-10,2019021001005089,API,22,38,100,132.00,"13,200.00"
2019-02-10,2019021001005088,API,58,38,190,132.00,"25,080.00"
2019-02-10,2019021001005041,API,58,58,10,132.00,"1,320.00"
2019-02-10,2019021001004703,API,25,57,30,134.00,"4,020.00"
2019-02-10,2019021001004614,BARUN,42,49,10,100.00,"1,000.00"
2019-02-10,2019021001004774,BOKL,35,11,191,241.00,"46,031.00"
2019-02-10,2019021001004773,BOKL,39,11,500,241.00,"120,500.00"
2019-02-10,2019021001004772,BOKL,54,11,109,241.00,"26,269.00"
2019-02-10,2019021001004723,BOKL,58,59,100,242.00,"24,200.00"
2019-02-10,2019021001005062,BPCL,41,22,20,346.00,"6,920.00"
2019-02-10,2019021001005029,BPCL,41,22,10,346.00,"3,460.00"
2019-02-10,2019021001004612,BPCL,29,19,150,345.00,"51,750.00"
2019-02-10,2019021001004955,CBL,47,34,50,155.00,"7,750.00"
2019-02-10,2019021001004938,CBL,41,58,337,154.00,"51,898.00"
2019-02-10,2019021001004937,CBL,57,58,200,154.00,"30,800.00"
2019-02-10,2019021001004936,CBL,58,58,463,154.00,"71,302.00"
2019-02-10,2019021001004790,CBL,58,11,220,154.00,"33,880.00"
2019-02-10,2019021001004789,CBL,54,11,18,155.00,"2,790.00"
2019-02-10,2019021001004730,CBL,54,40,990,155.00,"153,450.00"
2019-02-10,2019021001004729,CBL,25,40,10,155.00,"1,550.00"
2019-02-10,2019021001005035,CCBL,38,34,282,162.00,"45,684.00"
2019-02-10,2019021001005021,CCBL,38,34,100,162.00,"16,200.00"
2019-02-10,2019021001004983,CCBL,38,25,118,162.00,"19,116.00"
2019-02-10,2019021001004864,CCBL,35,34,100,162.00,"16,200.00"
2019-02-10,2019021001004863,CCBL,45,34,50,162.00,"8,100.00"
2019-02-10,2019021001004862,CCBL,56,34,200,162.00,"32,400.00"
2019-02-10,2019021001004861,CCBL,25,34,200,162.00,"32,400.00"
2019-02-10,2019021001004860,CCBL,32,34,300,162.00,"48,600.00"
2019-02-10,2019021001005078,CHCL,58,57,26,506.00,"13,156.00"
2019-02-10,2019021001005077,CHCL,42,57,20,507.00,"10,140.00"
2019-02-10,2019021001005076,CHCL,41,57,50,507.00,"25,350.00"
2019-02-10,2019021001005036,CHCL,41,28,10,508.00,"5,080.00"
2019-02-10,2019021001004894,CIT,39,14,10,"2,636.00","26,360.00"
2019-02-10,2019021001004856,CIT,14,14,35,"2,638.00","92,330.00"
2019-02-10,2019021001004855,CIT,14,49,15,"2,638.00","39,570.00"
2019-02-10,2019021001004854,CIT,4,49,345,"2,638.00","910,110.00"
2019-02-10,2019021001004670,CIT,4,51,13,"2,638.00","34,294.00"
2019-02-10,2019021001004643,CIT,58,13,209,"2,640.00","551,760.00"
2019-02-10,2019021001004595,CIT,4,48,142,"2,638.00","374,596.00"
2019-02-10,2019021001004594,CIT,22,48,50,"2,638.00","131,900.00"
2019-02-10,2019021001004593,CIT,58,48,50,"2,639.00","131,950.00"
2019-02-10,2019021001005020,CMF1,21,57,500,8.95,"4,475.00"
2019-02-10,2019021001005019,CMF1,26,57,500,8.96,"4,480.00"
2019-02-10,2019021001005004,CZBIL,53,37,35,205.00,"7,175.00"
2019-02-10,2019021001005003,CZBIL,53,29,10,205.00,"2,050.00"
2019-02-10,2019021001005002,CZBIL,53,51,55,205.00,"11,275.00"
2019-02-10,2019021001005053,DBBL,52,58,100,123.00,"12,300.00"
2019-02-10,2019021001004674,EIC,13,57,200,791.00,"158,200.00"
2019-02-10,2019021001004673,EIC,43,57,10,792.00,"7,920.00"
2019-02-10,2019021001004784,FMDBL,53,57,80,359.00,"28,720.00"
2019-02-10,2019021001004783,FMDBL,33,57,20,360.00,"7,200.00"
2019-02-10,2019021001004970,FOWAD,22,6,30,"1,525.00","45,750.00"
2019-02-10,2019021001004969,FOWAD,38,6,25,"1,525.00","38,125.00"
2019-02-10,2019021001004968,FOWAD,6,6,10,"1,525.00","15,250.00"
2019-02-10,2019021001004967,FOWAD,21,6,10,"1,526.00","15,260.00"
2019-02-10,2019021001004966,FOWAD,11,6,20,"1,527.00","30,540.00"
2019-02-10,2019021001004965,FOWAD,41,6,15,"1,527.00","22,905.00"
2019-02-10,2019021001004668,FOWAD,41,53,15,"1,527.00","22,905.00"
2019-02-10,2019021001004618,GBBL,42,51,30,181.00,"5,430.00"
2019-02-10,2019021001004617,GBBL,39,51,185,181.00,"33,485.00"
2019-02-10,2019021001004929,GBLBS,58,42,10,437.00,"4,370.00"
2019-02-10,2019021001004914,GBLBS,25,58,10,436.00,"4,360.00"
2019-02-10,2019021001004698,HDL,42,45,50,"1,340.00","67,000.00"
2019-02-10,2019021001004697,HDL,33,45,50,"1,340.00","67,000.00"
2019-02-10,2019021001004696,HDL,57,45,15,"1,364.00","20,460.00"
2019-02-10,2019021001005074,HGI,16,41,10,373.00,"3,730.00"
2019-02-10,2019021001005007,HGI,55,8,62,372.00,"23,064.00"
2019-02-10,2019021001004833,HIDCL,58,58,32,135.00,"4,320.00"
2019-02-10,2019021001004899,HPPL,58,58,10,174.00,"1,740.00"
2019-02-10,2019021001005037,JSLBB,48,49,14,"2,466.00","34,524.00"
2019-02-10,2019021001004989,JSLBB,59,49,14,"2,465.00","34,510.00"
2019-02-10,2019021001004735,JSLBB,48,49,14,"2,465.00","34,510.00"
2019-02-10,2019021001004678,KBL,17,26,80,235.00,"18,800.00"
2019-02-10,2019021001005058,KRBL,58,58,69,97.00,"6,693.00"
2019-02-10,2019021001004912,LBBL,33,17,124,172.00,"21,328.00"
2019-02-10,2019021001004911,LBBL,33,17,18,172.00,"3,096.00"
2019-02-10,2019021001004910,LBBL,33,43,"1,390",172.00,"239,080.00"
2019-02-10,2019021001005070,LBL,41,17,130,192.00,"24,960.00"
2019-02-10,2019021001005056,LBL,41,17,270,192.00,"51,840.00"
2019-02-10,2019021001005055,LBL,47,17,25,193.00,"4,825.00"
2019-02-10,2019021001005045,LBL,55,17,"1,000",193.00,"193,000.00"
2019-02-10,2019021001004932,LGIL,34,57,95,507.00,"48,165.00"
2019-02-10,2019021001004926,LGIL,34,57,100,508.00,"50,800.00"
2019-02-10,2019021001004925,LGIL,34,57,100,508.00,"50,800.00"
2019-02-10,2019021001004924,LGIL,39,57,250,509.00,"127,250.00"
2019-02-10,2019021001004923,LGIL,42,57,200,509.00,"101,800.00"
2019-02-10,2019021001004922,LGIL,14,57,100,510.00,"51,000.00"
2019-02-10,2019021001004905,LGIL,47,26,100,512.00,"51,200.00"
2019-02-10,2019021001004803,LGIL,22,26,100,512.00,"51,200.00"
2019-02-10,2019021001004802,LGIL,51,26,50,512.00,"25,600.00"
2019-02-10,2019021001004921,LGIL,55,57,50,510.00,"25,500.00"
2019-02-10,2019021001004920,LGIL,47,57,200,510.00,"102,000.00"
2019-02-10,2019021001004919,LGIL,40,57,50,510.00,"25,500.00"
2019-02-10,2019021001004918,LGIL,53,57,40,510.00,"20,400.00"
2019-02-10,2019021001004917,LGIL,1,57,100,511.00,"51,100.00"
2019-02-10,2019021001004916,LGIL,10,57,84,511.00,"42,924.00"
2019-02-10,2019021001004977,LICN,35,36,157,"1,606.00","252,142.00"
2019-02-10,2019021001004934,LICN,35,36,10,"1,606.00","16,060.00"
2019-02-10,2019021001004900,LICN,59,36,50,"1,606.00","80,300.00"
2019-02-10,2019021001004853,LICN,28,36,200,"1,606.00","321,200.00"
2019-02-10,2019021001004852,LICN,28,36,200,"1,606.00","321,200.00"
2019-02-10,2019021001004851,LICN,59,36,403,"1,620.00","652,860.00"
2019-02-10,2019021001004825,LICN,35,36,83,"1,637.00","135,871.00"
2019-02-10,2019021001004831,LICN,59,36,97,"1,620.00","157,140.00"
2019-02-10,2019021001004830,LICN,32,36,200,"1,625.00","325,000.00"
2019-02-10,2019021001004829,LICN,59,36,50,"1,625.00","81,250.00"
2019-02-10,2019021001004828,LICN,59,36,500,"1,630.00","815,000.00"
2019-02-10,2019021001004827,LICN,39,36,100,"1,630.00","163,000.00"
2019-02-10,2019021001004826,LICN,35,36,10,"1,637.00","16,370.00"
2019-02-10,2019021001004988,MBL,34,28,100,207.00,"20,700.00"
2019-02-10,2019021001004982,MBL,35,28,200,207.00,"41,400.00"
2019-02-10,2019021001004981,MBL,38,28,500,207.00,"103,500.00"
2019-02-10,2019021001004980,MBL,38,28,500,207.00,"103,500.00"
2019-02-10,2019021001004979,MBL,14,28,200,207.00,"41,400.00"
2019-02-10,2019021001004848,MBL,14,4,300,207.00,"62,100.00"
2019-02-10,2019021001004847,MBL,39,4,100,208.00,"20,800.00"
2019-02-10,2019021001004795,MBL,56,57,100,209.00,"20,900.00"
2019-02-10,2019021001004794,MBL,39,57,100,209.00,"20,900.00"
2019-02-10,2019021001005092,MEGA,6,32,400,163.00,"65,200.00"
2019-02-10,2019021001005091,MEGA,58,32,321,163.00,"52,323.00"
2019-02-10,2019021001004822,MEGA,1,1,43,164.00,"7,052.00"
2019-02-10,2019021001004821,MEGA,1,25,107,164.00,"17,548.00"
2019-02-10,2019021001004998,MERO,13,58,50,618.00,"30,900.00"
2019-02-10,2019021001004654,MERO,58,58,14,616.00,"8,624.00"
2019-02-10,2019021001004832,MNBBL,49,28,100,340.00,"34,000.00"
2019-02-10,2019021001004777,MSLB,57,49,30,"1,376.00","41,280.00"
2019-02-10,2019021001004776,MSLB,53,49,20,"1,377.00","27,540.00"
2019-02-10,2019021001005054,MSMBS,17,49,22,522.00,"11,484.00"
2019-02-10,2019021001004946,MSMBS,17,49,44,522.00,"22,968.00"
2019-02-10,2019021001004906,MSMBS,17,49,11,522.00,"5,742.00"
2019-02-10,2019021001004757,MSMBS,17,49,11,522.00,"5,742.00"
2019-02-10,2019021001004679,MSMBS,17,49,11,522.00,"5,742.00"
2019-02-10,2019021001004650,MSMBS,17,49,11,522.00,"5,742.00"
2019-02-10,2019021001005075,NABIL,49,52,10,824.00,"8,240.00"
2019-02-10,2019021001004682,NABILP,28,25,100,733.00,"73,300.00"
2019-02-10,2019021001004846,NADEP,55,55,10,768.00,"7,680.00"
2019-02-10,2019021001004685,NADEP,34,39,10,767.00,"7,670.00"
2019-02-10,2019021001004671,NADEP,34,39,10,767.00,"7,670.00"
2019-02-10,2019021001004713,NBB,11,59,225,184.00,"41,400.00"
2019-02-10,2019021001004712,NBB,11,40,400,184.00,"73,600.00"
2019-02-10,2019021001004711,NBB,11,33,75,184.00,"13,800.00"
2019-02-10,2019021001004710,NBB,11,5,300,183.00,"54,900.00"
2019-02-10,2019021001004997,NBL,38,52,300,286.00,"85,800.00"
2019-02-10,2019021001004996,NBL,38,52,100,286.00,"28,600.00"
2019-02-10,2019021001004995,NBL,38,46,200,286.00,"57,200.00"
2019-02-10,2019021001004991,NBL,41,46,100,286.00,"28,600.00"
2019-02-10,2019021001004844,NBL,28,46,700,286.00,"200,200.00"
2019-02-10,2019021001004714,NBL,28,16,"1,000",286.00,"286,000.00"
2019-02-10,2019021001004687,NBL,28,16,300,286.00,"85,800.00"
2019-02-10,2019021001004686,NBL,40,16,700,286.00,"200,200.00"
2019-02-10,2019021001005059,NCCB,58,55,100,208.00,"20,800.00"
2019-02-10,2019021001005046,NCCB,58,41,500,208.00,"104,000.00"
2019-02-10,2019021001004871,NCCB,58,34,"1,186",208.00,"246,688.00"
2019-02-10,2019021001004870,NCCB,40,34,500,208.00,"104,000.00"
2019-02-10,2019021001004869,NCCB,10,34,"1,000",208.00,"208,000.00"
2019-02-10,2019021001004868,NCCB,8,34,706,208.00,"146,848.00"
2019-02-10,2019021001004867,NCCB,39,34,721,208.00,"149,968.00"
2019-02-10,2019021001004759,NCCB,39,42,20,208.00,"4,160.00"
2019-02-10,2019021001004681,NCCB,39,6,159,208.00,"33,072.00"
2019-02-10,2019021001004613,NCCB,39,6,100,208.00,"20,800.00"
2019-02-10,2019021001004611,NCCB,45,42,290,209.00,"60,610.00"
2019-02-10,2019021001004893,NGPL,1,16,11,124.00,"1,364.00"
2019-02-10,2019021001004715,NIB,56,25,50,519.00,"25,950.00"
2019-02-10,2019021001004601,NIB,51,25,47,519.00,"24,393.00"
2019-02-10,2019021001004814,NICA,55,11,379,382.00,"144,778.00"
2019-02-10,2019021001004813,NICA,45,11,20,382.00,"7,640.00"
2019-02-10,2019021001004812,NICA,59,11,365,382.00,"139,430.00"
2019-02-10,2019021001004672,NICGF,51,42,400,8.77,"3,508.00"
2019-02-10,2019021001005023,NICL,42,25,100,372.00,"37,200.00"
2019-02-10,2019021001004945,NICL,57,36,801,368.00,"294,768.00"
2019-02-10,2019021001004944,NICL,58,36,199,368.00,"73,232.00"
2019-02-10,2019021001004943,NICL,29,36,300,369.00,"110,700.00"
2019-02-10,2019021001004942,NICL,35,36,200,369.00,"73,800.00"
2019-02-10,2019021001004951,NIL,22,57,45,504.00,"22,680.00"
2019-02-10,2019021001004950,NIL,20,57,"1,000",505.00,"505,000.00"
2019-02-10,2019021001004949,NIL,49,57,50,505.00,"25,250.00"
2019-02-10,2019021001004948,NIL,45,57,20,506.00,"10,120.00"
2019-02-10,2019021001004947,NIL,19,57,50,506.00,"25,300.00"
2019-02-10,2019021001004744,NIL,17,17,100,508.00,"50,800.00"
2019-02-10,2019021001004743,NIL,17,17,200,508.00,"101,600.00"
2019-02-10,2019021001004742,NIL,34,17,60,509.00,"30,540.00"
2019-02-10,2019021001004741,NIL,28,17,30,509.00,"15,270.00"
2019-02-10,2019021001004740,NIL,38,17,37,512.00,"18,944.00"
2019-02-10,2019021001004717,NIL,38,37,275,512.00,"140,800.00"
2019-02-10,2019021001004771,NIL,58,17,373,506.00,"188,738.00"
2019-02-10,2019021001004755,NIL,50,17,50,506.00,"25,300.00"
2019-02-10,2019021001004748,NIL,34,17,20,506.00,"10,120.00"
2019-02-10,2019021001004747,NIL,49,17,200,506.00,"101,200.00"
2019-02-10,2019021001004746,NIL,58,17,50,507.00,"25,350.00"
2019-02-10,2019021001004745,NIL,28,17,200,507.00,"101,400.00"
2019-02-10,2019021001004824,NLBBL,7,52,34,464.00,"15,776.00"
2019-02-10,2019021001004675,NLG,39,25,50,822.00,"41,100.00"
2019-02-10,2019021001005087,NLIC,42,49,17,"1,023.00","17,391.00"
2019-02-10,2019021001005066,NLIC,42,49,17,"1,023.00","17,391.00"
2019-02-10,2019021001005052,NLIC,42,49,17,"1,023.00","17,391.00"
2019-02-10,2019021001005047,NLIC,42,49,17,"1,023.00","17,391.00"
2019-02-10,2019021001005025,NLIC,35,49,15,"1,022.00","15,330.00"
2019-02-10,2019021001004999,NLIC,35,49,17,"1,022.00","17,374.00"
2019-02-10,2019021001004930,NLIC,35,49,17,"1,022.00","17,374.00"
2019-02-10,2019021001004779,NLIC,35,49,17,"1,022.00","17,374.00"
2019-02-10,2019021001004702,NLIC,58,58,17,"1,025.00","17,425.00"
2019-02-10,2019021001004699,NLIC,35,49,17,"1,022.00","17,374.00"
2019-02-10,2019021001004666,NLIC,35,49,17,"1,022.00","17,374.00"
2019-02-10,2019021001004600,NLIC,25,49,17,"1,020.00","17,340.00"
2019-02-10,2019021001005086,NLICL,46,8,100,635.00,"63,500.00"
2019-02-10,2019021001005085,NLICL,48,8,82,635.00,"52,070.00"
2019-02-10,2019021001005084,NLICL,42,8,50,635.00,"31,750.00"
2019-02-10,2019021001005083,NLICL,42,8,50,635.00,"31,750.00"
2019-02-10,2019021001005082,NLICL,35,8,100,636.00,"63,600.00"
2019-02-10,2019021001005081,NLICL,1,8,52,637.00,"33,124.00"
2019-02-10,2019021001004610,NLICL,8,57,"1,000",636.00,"636,000.00"
2019-02-10,2019021001004609,NLICL,34,57,100,637.00,"63,700.00"
2019-02-10,2019021001004608,NLICL,34,57,100,638.00,"63,800.00"
2019-02-10,2019021001004607,NLICL,34,57,60,638.00,"38,280.00"
2019-02-10,2019021001004606,NLICL,11,57,30,638.00,"19,140.00"
2019-02-10,2019021001004605,NLICL,52,57,100,640.00,"64,000.00"
2019-02-10,2019021001005068,NMB,4,14,"1,000",311.00,"311,000.00"
2019-02-10,2019021001005065,NMB,33,13,460,312.00,"143,520.00"
2019-02-10,2019021001005064,NMB,33,13,460,312.00,"143,520.00"
2019-02-10,2019021001005048,NMB,51,32,50,312.00,"15,600.00"
2019-02-10,2019021001005001,NMB,58,32,11,312.00,"3,432.00"
2019-02-10,2019021001004993,NMB,4,58,11,311.00,"3,421.00"
2019-02-10,2019021001004941,NMB,53,32,200,312.00,"62,400.00"
2019-02-10,2019021001004927,NMB,53,32,200,312.00,"62,400.00"
2019-02-10,2019021001004709,NMB,54,32,30,312.00,"9,360.00"
2019-02-10,2019021001005073,NMFBS,21,41,26,"1,653.00","42,978.00"
2019-02-10,2019021001005030,NUBL,21,49,40,742.00,"29,680.00"
2019-02-10,2019021001004940,OHL,26,36,70,430.00,"30,100.00"
2019-02-10,2019021001004915,OHL,26,47,100,430.00,"43,000.00"
2019-02-10,2019021001005063,PCBL,59,59,100,316.00,"31,600.00"
2019-02-10,2019021001004816,PCBL,59,59,100,316.00,"31,600.00"
2019-02-10,2019021001004939,PIC,32,49,11,"1,017.00","11,187.00"
2019-02-10,2019021001004878,PIC,32,43,12,"1,017.00","12,204.00"
2019-02-10,2019021001004850,PIC,42,43,12,"1,017.00","12,204.00"
2019-02-10,2019021001004796,PIC,42,16,11,"1,017.00","11,187.00"
2019-02-10,2019021001004859,PICL,35,50,41,683.00,"28,003.00"
2019-02-10,2019021001004858,PICL,33,50,169,683.00,"115,427.00"
2019-02-10,2019021001004820,PLIC,8,51,100,450.00,"45,000.00"
2019-02-10,2019021001004819,PLIC,42,51,70,450.00,"31,500.00"
2019-02-10,2019021001004758,PLIC,25,51,156,452.00,"70,512.00"
2019-02-10,2019021001004662,PMHPL,57,21,10,107.00,"1,070.00"
2019-02-10,2019021001004733,PRIN,28,57,280,420.00,"117,600.00"
2019-02-10,2019021001004732,PRIN,10,57,500,422.00,"211,000.00"
2019-02-10,2019021001004731,PRIN,13,57,112,422.00,"47,264.00"
2019-02-10,2019021001004890,PRVU,40,59,304,236.00,"71,744.00"
2019-02-10,2019021001004889,PRVU,47,59,"2,000",236.00,"472,000.00"
2019-02-10,2019021001004888,PRVU,29,59,591,236.00,"139,476.00"
2019-02-10,2019021001004887,PRVU,11,59,300,237.00,"71,100.00"
2019-02-10,2019021001004886,PRVU,34,59,500,237.00,"118,500.00"
2019-02-10,2019021001004885,PRVU,51,59,250,237.00,"59,250.00"
2019-02-10,2019021001004884,PRVU,56,59,55,237.00,"13,035.00"
2019-02-10,2019021001004866,PRVU,42,11,100,240.00,"24,000.00"
2019-02-10,2019021001004865,PRVU,42,49,100,239.00,"23,900.00"
2019-02-10,2019021001004815,RADHI,37,16,11,158.00,"1,738.00"
2019-02-10,2019021001004964,RBCLPO,59,1,10,"8,465.00","84,650.00"
2019-02-10,2019021001004778,RBCLPO,28,37,10,"8,526.00","85,260.00"
2019-02-10,2019021001004604,RBCLPO,56,37,20,"8,526.00","170,520.00"
2019-02-10,2019021001004986,RRHP,50,47,10,97.00,970.00
2019-02-10,2019021001004883,RSDC,29,57,742,380.00,"281,960.00"
2019-02-10,2019021001004882,RSDC,50,57,11,380.00,"4,180.00"
2019-02-10,2019021001004881,RSDC,47,57,62,384.00,"23,808.00"
2019-02-10,2019021001004880,RSDC,25,57,10,385.00,"3,850.00"
2019-02-10,2019021001004879,RSDC,41,57,24,385.00,"9,240.00"
2019-02-10,2019021001004873,RSDC,54,43,30,386.00,"11,580.00"
2019-02-10,2019021001004716,SAEF,17,32,150,8.82,"1,323.00"
2019-02-10,2019021001005014,SANIMA,42,8,63,297.00,"18,711.00"
2019-02-10,2019021001005013,SANIMA,54,8,"1,000",297.00,"297,000.00"
2019-02-10,2019021001005012,SANIMA,44,8,19,297.00,"5,643.00"
2019-02-10,2019021001005011,SANIMA,11,8,68,298.00,"20,264.00"
2019-02-10,2019021001004903,SANIMA,34,6,301,298.00,"89,698.00"
2019-02-10,2019021001004801,SBL,38,38,100,281.00,"28,100.00"
2019-02-10,2019021001004800,SBL,38,38,500,281.00,"140,500.00"
2019-02-10,2019021001004799,SBL,34,38,500,281.00,"140,500.00"
2019-02-10,2019021001004635,SBL,34,43,500,281.00,"140,500.00"
2019-02-10,2019021001004793,SCB,1,42,120,550.00,"66,000.00"
2019-02-10,2019021001004792,SCB,1,42,250,550.00,"137,500.00"
2019-02-10,2019021001004791,SCB,39,42,10,550.00,"5,500.00"
2019-02-10,2019021001004630,SCB,6,59,50,550.00,"27,500.00"
2019-02-10,2019021001004629,SCB,22,59,20,550.00,"11,000.00"
2019-02-10,2019021001004628,SCB,6,59,100,550.00,"55,000.00"
2019-02-10,2019021001004627,SCB,42,59,50,551.00,"27,550.00"
2019-02-10,2019021001004626,SCB,56,59,20,551.00,"11,020.00"
2019-02-10,2019021001004625,SCB,47,59,170,551.00,"93,670.00"
2019-02-10,2019021001004633,SCB,39,59,40,550.00,"22,000.00"
2019-02-10,2019021001004632,SCB,42,59,150,550.00,"82,500.00"
2019-02-10,2019021001004631,SCB,16,59,100,550.00,"55,000.00"
2019-02-10,2019021001005018,SDESI,38,49,23,607.00,"13,961.00"
2019-02-10,2019021001005006,SDESI,38,49,23,607.00,"13,961.00"
2019-02-10,2019021001004706,SDESI,33,49,13,608.00,"7,904.00"
2019-02-10,2019021001004705,SDESI,58,49,10,609.00,"6,090.00"
2019-02-10,2019021001004620,SDESI,58,49,11,609.00,"6,699.00"
2019-02-10,2019021001004688,SEF,53,32,"3,200",9.10,"29,120.00"
2019-02-10,2019021001004994,SHINE,56,34,50,237.00,"11,850.00"
2019-02-10,2019021001004719,SHINE,28,28,"1,000",239.00,"239,000.00"
2019-02-10,2019021001004718,SHINE,38,28,200,240.00,"48,000.00"
2019-02-10,2019021001004708,SHINE,55,51,500,241.00,"120,500.00"
2019-02-10,2019021001004661,SIC,19,25,75,"1,270.00","95,250.00"
2019-02-10,2019021001004660,SIC,35,25,50,"1,271.00","63,550.00"
2019-02-10,2019021001004659,SIC,43,25,25,"1,272.00","31,800.00"
2019-02-10,2019021001005015,SICL,56,42,65,857.00,"55,705.00"
2019-02-10,2019021001004985,SICL,56,8,253,857.00,"216,821.00"
2019-02-10,2019021001004984,SICL,26,8,20,857.00,"17,140.00"
2019-02-10,2019021001004975,SICL,34,8,50,858.00,"42,900.00"
2019-02-10,2019021001004974,SICL,45,8,50,862.00,"43,100.00"
2019-02-10,2019021001004973,SICL,35,8,20,863.00,"17,260.00"
2019-02-10,2019021001004972,SICL,42,8,20,865.00,"17,300.00"
2019-02-10,2019021001004971,SICL,50,8,25,866.00,"21,650.00"
2019-02-10,2019021001005044,SIFC,43,59,"1,000",130.00,"130,000.00"
2019-02-10,2019021001004843,SKBBL,58,11,156,833.00,"129,948.00"
2019-02-10,2019021001004842,SKBBL,34,11,16,834.00,"13,344.00"
2019-02-10,2019021001004841,SKBBL,34,11,25,834.00,"20,850.00"
2019-02-10,2019021001004840,SKBBL,34,11,25,834.00,"20,850.00"
2019-02-10,2019021001004839,SKBBL,16,11,25,834.00,"20,850.00"
2019-02-10,2019021001004838,SKBBL,36,11,50,836.00,"41,800.00"
2019-02-10,2019021001004692,SKBBL,47,53,100,842.00,"84,200.00"
2019-02-10,2019021001004691,SKBBL,47,53,29,842.00,"24,418.00"
2019-02-10,2019021001004690,SKBBL,34,53,10,843.00,"8,430.00"
2019-02-10,2019021001004689,SKBBL,55,53,80,843.00,"67,440.00"
2019-02-10,2019021001004837,SKBBL,21,11,60,837.00,"50,220.00"
2019-02-10,2019021001004836,SKBBL,36,11,50,840.00,"42,000.00"
2019-02-10,2019021001004835,SKBBL,56,11,50,840.00,"42,000.00"
2019-02-10,2019021001004834,SKBBL,17,11,89,841.00,"74,849.00"
2019-02-10,2019021001004694,SKBBL,17,53,11,841.00,"9,251.00"
2019-02-10,2019021001004693,SKBBL,47,53,100,841.00,"84,100.00"
2019-02-10,2019021001004892,SLBS,25,47,10,"1,000.00","10,000.00"
2019-02-10,2019021001004891,SLBS,14,47,20,"1,000.00","20,000.00"
2019-02-10,2019021001005090,SLBSL,28,42,10,808.00,"8,080.00"
2019-02-10,2019021001005060,SLBSL,28,21,10,808.00,"8,080.00"
2019-02-10,2019021001005034,SLBSL,28,43,65,808.00,"52,520.00"
2019-02-10,2019021001004636,SLBSL,45,38,10,812.00,"8,120.00"
2019-02-10,2019021001004634,SLBSL,55,21,10,810.00,"8,100.00"
2019-02-10,2019021001004621,SLBSL,7,39,10,810.00,"8,100.00"
2019-02-10,2019021001004615,SLBSL,7,20,10,810.00,"8,100.00"
2019-02-10,2019021001004603,SLBSL,43,51,10,811.00,"8,110.00"
2019-02-10,2019021001004599,SLBSL,43,7,10,811.00,"8,110.00"
2019-02-10,2019021001004664,SLBSL,43,20,10,810.00,"8,100.00"
2019-02-10,2019021001004658,SLBSL,43,58,10,810.00,"8,100.00"
2019-02-10,2019021001004652,SLBSL,55,20,10,810.00,"8,100.00"
2019-02-10,2019021001004651,SLBSL,55,39,10,810.00,"8,100.00"
2019-02-10,2019021001004649,SLBSL,55,57,10,810.00,"8,100.00"
2019-02-10,2019021001004641,SLBSL,55,20,10,810.00,"8,100.00"
2019-02-10,2019021001004700,SLBSL,32,49,10,811.00,"8,110.00"
2019-02-10,2019021001004695,SLBSL,5,20,10,810.00,"8,100.00"
2019-02-10,2019021001004683,SLBSL,5,5,10,810.00,"8,100.00"
2019-02-10,2019021001004677,SLBSL,43,58,10,810.00,"8,100.00"
2019-02-10,2019021001004676,SLBSL,43,20,10,810.00,"8,100.00"
2019-02-10,2019021001004665,SLBSL,43,58,10,810.00,"8,100.00"
2019-02-10,2019021001004749,SLBSL,5,49,40,810.00,"32,400.00"
2019-02-10,2019021001004721,SLBSL,5,26,10,810.00,"8,100.00"
2019-02-10,2019021001004707,SLBSL,5,20,10,810.00,"8,100.00"
2019-02-10,2019021001004704,SLBSL,5,26,10,810.00,"8,100.00"
2019-02-10,2019021001004701,SLBSL,5,37,10,810.00,"8,100.00"
2019-02-10,2019021001004756,SLBSL,53,26,10,809.00,"8,090.00"
2019-02-10,2019021001004754,SLBSL,53,49,30,809.00,"24,270.00"
2019-02-10,2019021001004753,SLBSL,55,49,10,809.00,"8,090.00"
2019-02-10,2019021001004752,SLBSL,14,49,30,809.00,"24,270.00"
2019-02-10,2019021001004751,SLBSL,43,49,10,810.00,"8,100.00"
2019-02-10,2019021001004750,SLBSL,55,49,50,810.00,"40,500.00"
2019-02-10,2019021001004897,SLBSL,17,36,10,809.00,"8,090.00"
2019-02-10,2019021001004876,SLBSL,17,49,10,809.00,"8,090.00"
2019-02-10,2019021001004818,SLBSL,17,49,10,809.00,"8,090.00"
2019-02-10,2019021001004817,SLBSL,17,43,40,809.00,"32,360.00"
2019-02-10,2019021001004798,SLBSL,34,20,10,808.00,"8,080.00"
2019-02-10,2019021001004782,SLBSL,53,43,60,809.00,"48,540.00"
2019-02-10,2019021001004954,SLBSL,34,43,90,808.00,"72,720.00"
2019-02-10,2019021001004953,SLBSL,33,43,50,809.00,"40,450.00"
2019-02-10,2019021001004952,SLBSL,17,43,10,809.00,"8,090.00"
2019-02-10,2019021001004931,SLBSL,32,58,10,810.00,"8,100.00"
2019-02-10,2019021001004904,SLBSL,17,36,10,809.00,"8,090.00"
2019-02-10,2019021001004901,SLBSL,17,49,10,809.00,"8,090.00"
2019-02-10,2019021001005033,SLBSL,34,43,170,808.00,"137,360.00"
2019-02-10,2019021001005026,SLBSL,29,58,10,809.00,"8,090.00"
2019-02-10,2019021001005010,SLBSL,34,40,10,808.00,"8,080.00"
2019-02-10,2019021001005008,SLBSL,34,16,10,808.00,"8,080.00"
2019-02-10,2019021001004987,SLBSL,34,26,10,808.00,"8,080.00"
2019-02-10,2019021001004978,SLBSL,55,43,15,810.00,"12,150.00"
2019-02-10,2019021001004770,SLICL,55,16,20,518.00,"10,360.00"
2019-02-10,2019021001004769,SLICL,48,16,45,525.00,"23,625.00"
2019-02-10,2019021001004768,SLICL,25,16,10,525.00,"5,250.00"
2019-02-10,2019021001004767,SLICL,57,16,30,527.00,"15,810.00"
2019-02-10,2019021001004766,SLICL,57,6,20,527.00,"10,540.00"
2019-02-10,2019021001004765,SLICL,41,6,30,527.00,"15,810.00"
2019-02-10,2019021001004928,SMB,5,40,10,680.00,"6,800.00"
2019-02-10,2019021001005050,SMFDB,50,6,50,692.00,"34,600.00"
2019-02-10,2019021001004728,SMFDB,58,45,25,693.00,"17,325.00"
2019-02-10,2019021001004727,SMFDB,1,45,50,693.00,"34,650.00"
2019-02-10,2019021001004726,SRBL,11,44,95,210.00,"19,950.00"
2019-02-10,2019021001004725,SRBL,11,45,30,210.00,"6,300.00"
2019-02-10,2019021001004724,SRBL,11,53,67,209.00,"14,003.00"
2019-02-10,2019021001004663,SRBL,56,6,130,207.00,"26,910.00"
2019-02-10,2019021001004722,TRH,39,42,30,235.00,"7,050.00"
2019-02-10,2019021001004872,UMHL,58,58,14,117.00,"1,638.00"
2019-02-10,2019021001005080,UPPER,56,50,40,230.00,"9,200.00"
2019-02-10,2019021001005079,UPPER,25,45,16,233.00,"3,728.00"
2019-02-10,2019021001005072,UPPER,56,29,40,230.00,"9,200.00"
2019-02-10,2019021001005071,UPPER,56,21,50,230.00,"11,500.00"
2019-02-10,2019021001005069,UPPER,56,59,40,230.00,"9,200.00"
2019-02-10,2019021001005067,UPPER,56,49,50,230.00,"11,500.00"
2019-02-10,2019021001004639,UPPER,35,45,100,229.00,"22,900.00"
2019-02-10,2019021001004638,UPPER,57,45,190,229.00,"43,510.00"
2019-02-10,2019021001004637,UPPER,57,49,50,229.00,"11,450.00"
2019-02-10,2019021001004619,UPPER,7,40,50,230.00,"11,500.00"
2019-02-10,2019021001004597,UPPER,57,49,50,229.00,"11,450.00"
2019-02-10,2019021001004596,UPPER,57,32,40,229.00,"9,160.00"
2019-02-10,2019021001004647,UPPER,40,56,50,230.00,"11,500.00"
2019-02-10,2019021001004646,UPPER,40,26,40,230.00,"9,200.00"
2019-02-10,2019021001004645,UPPER,40,26,50,230.00,"11,500.00"
2019-02-10,2019021001004644,UPPER,40,40,83,230.00,"19,090.00"
2019-02-10,2019021001004642,UPPER,55,1,100,229.00,"22,900.00"
2019-02-10,2019021001004640,UPPER,55,45,580,229.00,"132,820.00"
2019-02-10,2019021001004720,UPPER,25,37,50,230.00,"11,500.00"
2019-02-10,2019021001004684,UPPER,51,1,70,230.00,"16,100.00"
2019-02-10,2019021001004680,UPPER,51,21,40,230.00,"9,200.00"
2019-02-10,2019021001004669,UPPER,51,21,40,230.00,"9,200.00"
2019-02-10,2019021001004653,UPPER,55,55,50,229.00,"11,450.00"
2019-02-10,2019021001004648,UPPER,40,53,447,230.00,"102,810.00"
2019-02-10,2019021001004760,UPPER,25,20,50,232.00,"11,600.00"
2019-02-10,2019021001004739,UPPER,25,41,50,231.00,"11,550.00"
2019-02-10,2019021001004738,UPPER,25,41,51,231.00,"11,781.00"
2019-02-10,2019021001004737,UPPER,25,41,51,231.00,"11,781.00"
2019-02-10,2019021001004736,UPPER,25,34,40,231.00,"9,240.00"
2019-02-10,2019021001004734,UPPER,25,29,40,230.00,"9,200.00"
2019-02-10,2019021001004780,UPPER,25,29,40,232.00,"9,280.00"
2019-02-10,2019021001004775,UPPER,25,29,40,232.00,"9,280.00"
2019-02-10,2019021001004764,UPPER,25,42,50,232.00,"11,600.00"
2019-02-10,2019021001004763,UPPER,25,42,50,232.00,"11,600.00"
2019-02-10,2019021001004762,UPPER,25,38,50,232.00,"11,600.00"
2019-02-10,2019021001004761,UPPER,25,35,200,232.00,"46,400.00"
2019-02-10,2019021001004797,UPPER,25,45,50,231.00,"11,550.00"
2019-02-10,2019021001004788,UPPER,58,43,100,232.00,"23,200.00"
2019-02-10,2019021001004787,UPPER,25,43,230,232.00,"53,360.00"
2019-02-10,2019021001004786,UPPER,25,58,100,232.00,"23,200.00"
2019-02-10,2019021001004785,UPPER,25,45,20,232.00,"4,640.00"
2019-02-10,2019021001004781,UPPER,25,45,20,232.00,"4,640.00"
2019-02-10,2019021001004809,UPPER,25,58,100,233.00,"23,300.00"
2019-02-10,2019021001004808,UPPER,25,44,40,233.00,"9,320.00"
2019-02-10,2019021001004807,UPPER,25,43,50,233.00,"11,650.00"
2019-02-10,2019021001004806,UPPER,25,39,40,233.00,"9,320.00"
2019-02-10,2019021001004805,UPPER,25,47,40,233.00,"9,320.00"
2019-02-10,2019021001004804,UPPER,25,43,20,232.00,"4,640.00"
2019-02-10,2019021001004875,UPPER,56,33,116,230.00,"26,680.00"
2019-02-10,2019021001004874,UPPER,25,33,30,230.00,"6,900.00"
2019-02-10,2019021001004845,UPPER,25,29,40,230.00,"9,200.00"
2019-02-10,2019021001004823,UPPER,25,45,40,234.00,"9,360.00"
2019-02-10,2019021001004811,UPPER,25,29,40,230.00,"9,200.00"
2019-02-10,2019021001004810,UPPER,25,45,20,234.00,"4,680.00"
2019-02-10,2019021001004933,UPPER,56,49,40,230.00,"9,200.00"
2019-02-10,2019021001004909,UPPER,56,29,27,230.00,"6,210.00"
2019-02-10,2019021001004908,UPPER,25,29,13,231.00,"3,003.00"
2019-02-10,2019021001004902,UPPER,25,45,30,234.00,"7,020.00"
2019-02-10,2019021001004898,UPPER,25,47,40,231.00,"9,240.00"
2019-02-10,2019021001004895,UPPER,25,35,97,231.00,"22,407.00"
2019-02-10,2019021001005000,UPPER,57,29,40,231.00,"9,240.00"
2019-02-10,2019021001004963,UPPER,56,55,40,230.00,"9,200.00"
2019-02-10,2019021001004958,UPPER,56,40,40,230.00,"9,200.00"
2019-02-10,2019021001004957,UPPER,56,51,10,230.00,"2,300.00"
2019-02-10,2019021001004956,UPPER,56,21,40,230.00,"9,200.00"
2019-02-10,2019021001004935,UPPER,56,51,40,230.00,"9,200.00"
2019-02-10,2019021001005027,UPPER,54,42,50,232.00,"11,600.00"
2019-02-10,2019021001005024,UPPER,57,41,50,231.00,"11,550.00"
2019-02-10,2019021001005022,UPPER,57,59,50,231.00,"11,550.00"
2019-02-10,2019021001005016,UPPER,57,29,40,231.00,"9,240.00"
2019-02-10,2019021001005009,UPPER,25,32,30,233.00,"6,990.00"
2019-02-10,2019021001005005,UPPER,25,58,100,233.00,"23,300.00"
2019-02-10,2019021001005051,UPPER,56,29,40,230.00,"9,200.00"
2019-02-10,2019021001005049,UPPER,56,49,40,230.00,"9,200.00"
2019-02-10,2019021001005042,UPPER,57,29,40,231.00,"9,240.00"
2019-02-10,2019021001005032,UPPER,57,59,30,231.00,"6,930.00"
2019-02-10,2019021001005031,UPPER,54,59,10,232.00,"2,320.00"
2019-02-10,2019021001005028,UPPER,54,29,40,232.00,"9,280.00"
2019-02-10,2019021001005040,VLBS,34,52,40,699.00,"27,960.00"
2019-02-10,2019021001005039,VLBS,34,21,29,695.00,"20,155.00"
2019-02-10,2019021001005038,VLBS,34,26,50,694.00,"34,700.00"
2019-02-10,2019021001004992,VLBS,58,1,25,690.00,"17,250.00"
2019-02-10,2019021001005061,WOMI,56,49,30,"1,137.00","34,110.00"
2019-02-10,2019021001005017,WOMI,11,49,33,"1,131.00","37,323.00"
2019-02-10,2019021001004962,WOMI,11,56,65,"1,131.00","73,515.00"
2019-02-10,2019021001004961,WOMI,1,56,10,"1,131.00","11,310.00"
2019-02-10,2019021001004960,WOMI,38,56,25,"1,132.00","28,300.00"
2019-02-10,2019021001004583,ADBL,50,49,50,331.00,"16,550.00"
2019-02-10,2019021001004582,ADBL,34,49,50,331.00,"16,550.00"
2019-02-10,2019021001004380,AHPC,34,28,"1,750",98.00,"171,500.00"
2019-02-10,2019021001004379,AHPC,32,28,100,98.00,"9,800.00"
2019-02-10,2019021001004378,AHPC,37,28,"1,000",98.00,"98,000.00"
2019-02-10,2019021001004377,AHPC,32,28,300,98.00,"29,400.00"
2019-02-10,2019021001004376,AHPC,34,28,500,98.00,"49,000.00"
2019-02-10,2019021001004375,AHPC,45,28,"1,000",98.00,"98,000.00"
2019-02-10,2019021001004140,AHPC,40,28,500,99.00,"49,500.00"
2019-02-10,2019021001004112,AHPC,40,28,"1,000",99.00,"99,000.00"
2019-02-10,2019021001004531,AKJCL,42,51,10,82.00,820.00
2019-02-10,2019021001004518,AKJCL,42,51,10,82.00,820.00
2019-02-10,2019021001004508,AKJCL,42,51,10,82.00,820.00
2019-02-10,2019021001004139,AKJCL,42,37,10,82.00,820.00
2019-02-10,2019021001004457,ALICL,33,45,41,589.00,"24,149.00"
2019-02-10,2019021001004456,ALICL,35,45,40,590.00,"23,600.00"
2019-02-10,2019021001004372,ALICL,35,49,10,590.00,"5,900.00"
2019-02-10,2019021001004371,ALICL,48,49,40,590.00,"23,600.00"
2019-02-10,2019021001004370,ALICL,38,49,10,590.00,"5,900.00"
2019-02-10,2019021001004369,ALICL,35,49,20,591.00,"11,820.00"
2019-02-10,2019021001004368,ALICL,13,49,50,591.00,"29,550.00"
2019-02-10,2019021001004367,ALICL,26,49,40,592.00,"23,680.00"
2019-02-10,2019021001004366,ALICL,26,49,10,592.00,"5,920.00"
2019-02-10,2019021001004586,API,42,38,500,132.00,"66,000.00"
2019-02-10,2019021001004109,BOKL,42,11,150,242.00,"36,300.00"
2019-02-10,2019021001004559,BPCL,29,42,20,345.00,"6,900.00"
2019-02-10,2019021001004500,BPCL,29,21,30,345.00,"10,350.00"
2019-02-10,2019021001004426,BPCL,29,16,30,345.00,"10,350.00"
2019-02-10,2019021001004327,BPCL,53,50,400,346.00,"138,400.00"
2019-02-10,2019021001004326,BPCL,39,50,100,346.00,"34,600.00"
2019-02-10,2019021001004467,CBBL,21,51,200,874.00,"174,800.00"
2019-02-10,2019021001004466,CBBL,21,54,150,874.00,"131,100.00"
2019-02-10,2019021001004465,CBBL,21,52,57,874.00,"49,818.00"
2019-02-10,2019021001004504,CBL,39,28,"3,982",155.00,"617,210.00"
2019-02-10,2019021001004449,CBL,58,16,50,154.00,"7,700.00"
2019-02-10,2019021001004148,CBL,56,28,100,155.00,"15,500.00"
2019-02-10,2019021001004575,CCBL,44,43,72,163.00,"11,736.00"
2019-02-10,2019021001004550,CCBL,37,43,36,163.00,"5,868.00"
2019-02-10,2019021001004549,CCBL,37,13,14,163.00,"2,282.00"
2019-02-10,2019021001004158,CCBL,56,26,100,163.00,"16,300.00"
2019-02-10,2019021001004505,CFCL,17,55,107,110.00,"11,770.00"
2019-02-10,2019021001004592,CIT,55,48,10,"2,639.00","26,390.00"
2019-02-10,2019021001004523,CIT,4,48,42,"2,640.00","110,880.00"
2019-02-10,2019021001004502,CIT,4,59,250,"2,640.00","660,000.00"
2019-02-10,2019021001004475,CIT,58,48,50,"2,642.00","132,100.00"
2019-02-10,2019021001004474,CIT,33,48,200,"2,642.00","528,400.00"
2019-02-10,2019021001004192,CZBIL,21,48,273,204.00,"55,692.00"
2019-02-10,2019021001004191,CZBIL,11,48,100,204.00,"20,400.00"
2019-02-10,2019021001004190,CZBIL,44,48,300,204.00,"61,200.00"
2019-02-10,2019021001004189,CZBIL,32,48,167,204.00,"34,068.00"
2019-02-10,2019021001004553,DBBL,59,53,77,122.00,"9,394.00"
2019-02-10,2019021001004198,DBBL,26,58,75,123.00,"9,225.00"
2019-02-10,2019021001004245,FOWAD,53,6,21,"1,527.00","32,067.00"
2019-02-10,2019021001004244,FOWAD,11,6,15,"1,527.00","22,905.00"
2019-02-10,2019021001004243,FOWAD,42,6,20,"1,527.00","30,540.00"
2019-02-10,2019021001004242,FOWAD,43,6,20,"1,528.00","30,560.00"
2019-02-10,2019021001004241,FOWAD,58,6,10,"1,528.00","15,280.00"
2019-02-10,2019021001004240,FOWAD,14,6,13,"1,529.00","19,877.00"
2019-02-10,2019021001004584,GBBL,49,53,50,182.00,"9,100.00"
2019-02-10,2019021001004410,GBBL,40,40,1,182.00,182.00
2019-02-10,2019021001004227,GBIME,28,43,620,262.00,"162,440.00"
2019-02-10,2019021001004226,GBIME,28,43,380,262.00,"99,560.00"
2019-02-10,2019021001004552,GBLBS,25,40,200,436.00,"87,200.00"
2019-02-10,2019021001004390,GBLBS,25,1,85,436.00,"37,060.00"
2019-02-10,2019021001004389,GBLBS,7,1,140,436.00,"61,040.00"
2019-02-10,2019021001004296,GBLBS,7,49,10,436.00,"4,360.00"
2019-02-10,2019021001004334,GLICL,58,26,203,690.00,"140,070.00"
2019-02-10,2019021001004329,GUFL,14,19,300,103.00,"30,900.00"
2019-02-10,2019021001004591,HGI,42,41,50,373.00,"18,650.00"
2019-02-10,2019021001004548,HGI,57,8,277,374.00,"103,598.00"
2019-02-10,2019021001004537,HGI,43,8,30,375.00,"11,250.00"
2019-02-10,2019021001004536,HGI,45,8,10,375.00,"3,750.00"
2019-02-10,2019021001004535,HGI,28,8,50,375.00,"18,750.00"
2019-02-10,2019021001004534,HGI,52,8,25,375.00,"9,375.00"
2019-02-10,2019021001004533,HGI,41,8,80,375.00,"30,000.00"
2019-02-10,2019021001004581,HIDCL,46,7,206,134.00,"27,604.00"
2019-02-10,2019021001004574,HIDCL,8,7,"1,000",134.00,"134,000.00"
2019-02-10,2019021001004573,HIDCL,57,7,200,134.00,"26,800.00"
2019-02-10,2019021001004572,HIDCL,1,7,300,134.00,"40,200.00"
2019-02-10,2019021001004571,HIDCL,49,7,255,134.00,"34,170.00"
2019-02-10,2019021001004570,HIDCL,21,7,260,134.00,"34,840.00"
2019-02-10,2019021001004393,HIDCL,1,49,500,135.00,"67,500.00"
2019-02-10,2019021001004392,HIDCL,49,49,143,135.00,"19,305.00"
2019-02-10,2019021001004269,HIDCL,45,19,100,136.00,"13,600.00"
2019-02-10,2019021001004177,HIDCL,49,19,50,136.00,"6,800.00"
2019-02-10,2019021001004563,HIDCL,52,7,200,135.00,"27,000.00"
2019-02-10,2019021001004562,HIDCL,1,7,200,135.00,"27,000.00"
2019-02-10,2019021001004561,HIDCL,45,7,200,135.00,"27,000.00"
2019-02-10,2019021001004560,HIDCL,17,7,729,135.00,"98,415.00"
2019-02-10,2019021001004473,HIDCL,34,19,100,136.00,"13,600.00"
2019-02-10,2019021001004394,HIDCL,17,49,271,135.00,"36,585.00"
2019-02-10,2019021001004569,HIDCL,51,7,100,135.00,"13,500.00"
2019-02-10,2019021001004568,HIDCL,54,7,50,135.00,"6,750.00"
2019-02-10,2019021001004567,HIDCL,1,7,400,135.00,"54,000.00"
2019-02-10,2019021001004566,HIDCL,17,7,300,135.00,"40,500.00"
2019-02-10,2019021001004565,HIDCL,11,7,200,135.00,"27,000.00"
2019-02-10,2019021001004564,HIDCL,52,7,100,135.00,"13,500.00"
2019-02-10,2019021001004453,HPPL,38,57,10,172.00,"1,720.00"
2019-02-10,2019021001004185,HPPL,35,26,10,175.00,"1,750.00"
2019-02-10,2019021001004184,HPPL,35,53,10,175.00,"1,750.00"
2019-02-10,2019021001004152,JBBL,45,1,79,135.00,"10,665.00"
2019-02-10,2019021001004151,JBBL,58,1,235,135.00,"31,725.00"
2019-02-10,2019021001004150,JBBL,21,1,686,135.00,"92,610.00"
2019-02-10,2019021001004590,JBNL,57,8,459,165.00,"75,735.00"
2019-02-10,2019021001004589,JBNL,53,8,27,165.00,"4,455.00"
2019-02-10,2019021001004385,JBNL,42,8,642,166.00,"106,572.00"
2019-02-10,2019021001004217,KADBL,38,59,100,165.00,"16,500.00"
2019-02-10,2019021001004216,KADBL,38,59,100,165.00,"16,500.00"
2019-02-10,2019021001004175,KBBL,46,58,300,209.00,"62,700.00"
2019-02-10,2019021001004436,KBL,11,26,20,235.00,"4,700.00"
2019-02-10,2019021001004384,KBL,52,26,200,235.00,"47,000.00"
2019-02-10,2019021001004105,KPCL,39,20,10,90.00,900.00
2019-02-10,2019021001004108,KPCL,39,38,10,90.00,900.00
2019-02-10,2019021001004498,KPCL,39,51,10,90.00,900.00
2019-02-10,2019021001004490,KPCL,39,51,10,90.00,900.00
2019-02-10,2019021001004180,KRBL,40,40,1,97.00,97.00
2019-02-10,2019021001004521,KSBBL,40,40,1,134.00,134.00
2019-02-10,2019021001004409,KSBBL,42,35,50,134.00,"6,700.00"
2019-02-10,2019021001004408,KSBBL,34,35,"1,000",134.00,"134,000.00"
2019-02-10,2019021001004558,LBBL,59,22,41,171.00,"7,011.00"
2019-02-10,2019021001004557,LBBL,21,22,26,171.00,"4,446.00"
2019-02-10,2019021001004539,LBBL,1,43,10,172.00,"1,720.00"
2019-02-10,2019021001004411,LBBL,29,43,300,172.00,"51,600.00"
2019-02-10,2019021001004468,LBL,53,38,100,194.00,"19,400.00"
2019-02-10,2019021001004303,LGIL,51,34,50,512.00,"25,600.00"
2019-02-10,2019021001004302,LGIL,28,34,150,512.00,"76,800.00"
2019-02-10,2019021001004447,LICN,35,36,17,"1,637.00","27,829.00"
2019-02-10,2019021001004446,LICN,59,36,50,"1,638.00","81,900.00"
2019-02-10,2019021001004445,LICN,39,36,100,"1,640.00","164,000.00"
2019-02-10,2019021001004444,LICN,59,36,50,"1,640.00","82,000.00"
2019-02-10,2019021001004443,LICN,39,36,100,"1,650.00","165,000.00"
2019-02-10,2019021001004442,LICN,59,36,130,"1,650.00","214,500.00"
2019-02-10,2019021001004441,LICN,35,36,23,"1,651.00","37,973.00"
2019-02-10,2019021001004440,LICN,59,36,80,"1,652.00","132,160.00"
2019-02-10,2019021001004463,LLBS,26,36,50,768.00,"38,400.00"
2019-02-10,2019021001004462,LLBS,28,36,200,768.00,"153,600.00"
2019-02-10,2019021001004461,LLBS,37,36,50,769.00,"38,450.00"
2019-02-10,2019021001004460,LLBS,37,36,200,770.00,"154,000.00"
2019-02-10,2019021001004459,LLBS,39,36,500,770.00,"385,000.00"
2019-02-10,2019021001004209,LLBS,11,28,100,778.00,"77,800.00"
2019-02-10,2019021001004299,MBL,11,47,500,209.00,"104,500.00"
2019-02-10,2019021001004298,MBL,11,41,200,209.00,"41,800.00"
2019-02-10,2019021001004229,MDB,11,19,50,275.00,"13,750.00"
2019-02-10,2019021001004524,MEGA,16,1,100,164.00,"16,400.00"
2019-02-10,2019021001004511,MEGA,58,16,179,163.00,"29,177.00"
2019-02-10,2019021001004510,MEGA,4,16,354,163.00,"57,702.00"
2019-02-10,2019021001004497,MEGA,39,1,100,164.00,"16,400.00"
2019-02-10,2019021001004328,MEGA,4,5,200,163.00,"32,600.00"
2019-02-10,2019021001004219,MERO,16,58,20,618.00,"12,360.00"
2019-02-10,2019021001004361,MMFDB,46,22,16,"1,010.00","16,160.00"
2019-02-10,2019021001004516,MNBBL,49,21,33,340.00,"11,220.00"
2019-02-10,2019021001004580,MSMBS,46,49,11,524.00,"5,764.00"
2019-02-10,2019021001004494,MSMBS,46,49,11,524.00,"5,764.00"
2019-02-10,2019021001004253,NABILP,11,11,50,734.00,"36,700.00"
2019-02-10,2019021001004186,NABILP,17,11,200,734.00,"146,800.00"
2019-02-10,2019021001004404,NADEP,34,37,10,767.00,"7,670.00"
2019-02-10,2019021001004133,NBBL,3,48,20,712.00,"14,240.00"
2019-02-10,2019021001004525,NBL,40,45,200,286.00,"57,200.00"
2019-02-10,2019021001004273,NBL,40,36,100,286.00,"28,600.00"
2019-02-10,2019021001004221,NBL,53,42,300,285.00,"85,500.00"
2019-02-10,2019021001004588,NCCB,37,6,200,208.00,"41,600.00"
2019-02-10,2019021001004520,NCCB,39,42,100,209.00,"20,900.00"
2019-02-10,2019021001004322,NHPC,37,28,"2,000",63.00,"126,000.00"
2019-02-10,2019021001004321,NHPC,25,28,"1,000",63.00,"63,000.00"
2019-02-10,2019021001004320,NHPC,34,28,"2,000",63.00,"126,000.00"
2019-02-10,2019021001004319,NHPC,6,28,50,63.00,"3,150.00"
2019-02-10,2019021001004318,NHPC,49,28,"1,600",63.00,"100,800.00"
2019-02-10,2019021001004188,NHPC,38,51,150,64.00,"9,600.00"
2019-02-10,2019021001004538,NIB,42,39,15,520.00,"7,800.00"
2019-02-10,2019021001004491,NIB,51,16,37,519.00,"19,203.00"
2019-02-10,2019021001004339,NIB,58,39,10,520.00,"5,200.00"
2019-02-10,2019021001004264,NIB,41,39,100,520.00,"52,000.00"
2019-02-10,2019021001004249,NIB,51,43,116,519.00,"60,204.00"
2019-02-10,2019021001004248,NIB,51,43,184,519.00,"95,496.00"
2019-02-10,2019021001004247,NIB,29,43,100,519.00,"51,900.00"
2019-02-10,2019021001004246,NIB,57,43,100,519.00,"51,900.00"
2019-02-10,2019021001004356,NICA,59,48,635,382.00,"242,570.00"
2019-02-10,2019021001004355,NICA,6,48,100,382.00,"38,200.00"
2019-02-10,2019021001004354,NICA,33,48,500,383.00,"191,500.00"
2019-02-10,2019021001004353,NICA,46,48,300,383.00,"114,900.00"
2019-02-10,2019021001004352,NICA,39,48,50,383.00,"19,150.00"
2019-02-10,2019021001004351,NICA,13,48,100,383.00,"38,300.00"
2019-02-10,2019021001004291,NICA,35,57,50,385.00,"19,250.00"
2019-02-10,2019021001004344,NICA,45,48,20,384.00,"7,680.00"
2019-02-10,2019021001004343,NICA,21,48,55,384.00,"21,120.00"
2019-02-10,2019021001004342,NICA,54,48,70,385.00,"26,950.00"
2019-02-10,2019021001004341,NICA,33,48,500,385.00,"192,500.00"
2019-02-10,2019021001004340,NICA,58,48,30,385.00,"11,550.00"
2019-02-10,2019021001004292,NICA,58,57,50,385.00,"19,250.00"
2019-02-10,2019021001004350,NICA,6,48,450,384.00,"172,800.00"
2019-02-10,2019021001004349,NICA,58,48,50,384.00,"19,200.00"
2019-02-10,2019021001004348,NICA,33,48,500,384.00,"192,000.00"
2019-02-10,2019021001004347,NICA,47,48,20,384.00,"7,680.00"
2019-02-10,2019021001004346,NICA,42,48,200,384.00,"76,800.00"
2019-02-10,2019021001004345,NICA,45,48,20,384.00,"7,680.00"
2019-02-10,2019021001004487,NICL,58,36,801,368.00,"294,768.00"
2019-02-10,2019021001004486,NICL,1,36,50,368.00,"18,400.00"
2019-02-10,2019021001004485,NICL,56,36,100,368.00,"36,800.00"
2019-02-10,2019021001004484,NICL,42,36,"1,000",370.00,"370,000.00"
2019-02-10,2019021001004483,NICL,1,36,100,370.00,"37,000.00"
2019-02-10,2019021001004482,NICL,32,36,500,371.00,"185,500.00"
2019-02-10,2019021001004402,NICL,39,50,30,375.00,"11,250.00"
2019-02-10,2019021001004481,NICL,25,36,100,371.00,"37,100.00"
2019-02-10,2019021001004480,NICL,13,36,103,371.00,"38,213.00"
2019-02-10,2019021001004479,NICL,49,36,200,372.00,"74,400.00"
2019-02-10,2019021001004478,NICL,26,36,300,372.00,"111,600.00"
2019-02-10,2019021001004477,NICL,21,36,46,372.00,"17,112.00"
2019-02-10,2019021001004476,NICL,32,36,200,373.00,"74,600.00"
2019-02-10,2019021001004317,NIL,28,55,70,509.00,"35,630.00"
2019-02-10,2019021001004316,NIL,44,55,50,509.00,"25,450.00"
2019-02-10,2019021001004315,NIL,58,55,80,510.00,"40,800.00"
2019-02-10,2019021001004439,NLBBL,7,22,56,460.00,"25,760.00"
2019-02-10,2019021001004493,NLIC,35,57,585,"1,020.00","596,700.00"
2019-02-10,2019021001004492,NLIC,34,57,103,"1,020.00","105,060.00"
2019-02-10,2019021001004425,NLIC,34,36,97,"1,020.00","98,940.00"
2019-02-10,2019021001004424,NLIC,42,36,20,"1,020.00","20,400.00"
2019-02-10,2019021001004423,NLIC,35,36,50,"1,020.00","51,000.00"
2019-02-10,2019021001004422,NLIC,25,36,100,"1,025.00","102,500.00"
2019-02-10,2019021001004167,NLIC,1,14,200,"1,031.00","206,200.00"
2019-02-10,2019021001004166,NLIC,46,14,100,"1,032.00","103,200.00"
2019-02-10,2019021001004165,NLIC,1,14,10,"1,032.00","10,320.00"
2019-02-10,2019021001004415,NLIC,1,36,10,"1,031.00","10,310.00"
2019-02-10,2019021001004414,NLIC,51,36,100,"1,031.00","103,100.00"
2019-02-10,2019021001004413,NLIC,35,36,20,"1,031.00","20,620.00"
2019-02-10,2019021001004412,NLIC,6,36,183,"1,031.00","188,673.00"
2019-02-10,2019021001004382,NLIC,6,49,17,"1,031.00","17,527.00"
2019-02-10,2019021001004358,NLIC,55,55,3,"1,011.00","3,033.00"
2019-02-10,2019021001004421,NLIC,50,36,500,"1,025.00","512,500.00"
2019-02-10,2019021001004420,NLIC,42,36,100,"1,025.00","102,500.00"
2019-02-10,2019021001004419,NLIC,1,36,100,"1,026.00","102,600.00"
2019-02-10,2019021001004418,NLIC,25,36,200,"1,030.00","206,000.00"
2019-02-10,2019021001004417,NLIC,14,36,20,"1,030.00","20,600.00"
2019-02-10,2019021001004416,NLIC,10,36,500,"1,030.00","515,000.00"
2019-02-10,2019021001004163,NLICL,41,14,50,645.00,"32,250.00"
2019-02-10,2019021001004162,NLICL,1,14,75,645.00,"48,375.00"
2019-02-10,2019021001004555,NMB,28,32,526,312.00,"164,112.00"
2019-02-10,2019021001004527,NMB,39,45,100,313.00,"31,300.00"
2019-02-10,2019021001004515,NMB,28,21,11,312.00,"3,432.00"
2019-02-10,2019021001004514,NMB,28,22,40,312.00,"12,480.00"
2019-02-10,2019021001004513,NMB,28,17,320,312.00,"99,840.00"
2019-02-10,2019021001004512,NMB,28,36,103,312.00,"32,136.00"
2019-02-10,2019021001004238,NMB,54,14,245,311.00,"76,195.00"
2019-02-10,2019021001004103,NMB,54,28,15,311.00,"4,665.00"
2019-02-10,2019021001004434,NMB,4,29,532,311.00,"165,452.00"
2019-02-10,2019021001004433,NMB,5,29,82,311.00,"25,502.00"
2019-02-10,2019021001004407,NMB,5,29,118,311.00,"36,698.00"
2019-02-10,2019021001004406,NMB,5,29,300,311.00,"93,300.00"
2019-02-10,2019021001004405,NMB,34,29,245,311.00,"76,195.00"
2019-02-10,2019021001004239,NMB,34,14,"1,755",311.00,"545,805.00"
2019-02-10,2019021001004268,NMFBS,21,38,100,"1,670.00","167,000.00"
2019-02-10,2019021001004254,NTC,59,52,10,703.00,"7,030.00"
2019-02-10,2019021001004203,NTC,42,58,970,701.00,"679,970.00"
2019-02-10,2019021001004202,NTC,28,58,100,701.00,"70,100.00"
2019-02-10,2019021001004201,NTC,22,58,10,702.00,"7,020.00"
2019-02-10,2019021001004200,NTC,29,58,20,702.00,"14,040.00"
2019-02-10,2019021001004577,PCBL,37,59,50,316.00,"15,800.00"
2019-02-10,2019021001004488,PCBL,39,59,100,316.00,"31,600.00"
2019-02-10,2019021001004252,PCBL,47,6,94,316.00,"29,704.00"
2019-02-10,2019021001004179,PCBL,43,26,15,315.00,"4,725.00"
2019-02-10,2019021001004178,PCBL,28,26,85,315.00,"26,775.00"
2019-02-10,2019021001004432,PFL,32,6,90,132.00,"11,880.00"
2019-02-10,2019021001004431,PFL,32,44,10,131.00,"1,310.00"
2019-02-10,2019021001004400,PFL,8,55,55,130.00,"7,150.00"
2019-02-10,2019021001004399,PFL,36,55,100,130.00,"13,000.00"
2019-02-10,2019021001004398,PFL,13,55,61,130.00,"7,930.00"
2019-02-10,2019021001004455,PIC,46,16,139,"1,024.00","142,336.00"
2019-02-10,2019021001004454,PIC,46,43,11,"1,022.00","11,242.00"
2019-02-10,2019021001004448,PIC,52,49,11,"1,017.00","11,187.00"
2019-02-10,2019021001004401,PIC,52,49,11,"1,017.00","11,187.00"
2019-02-10,2019021001004294,PIC,45,39,50,"1,021.00","51,050.00"
2019-02-10,2019021001004231,PIC,44,37,95,"1,020.00","96,900.00"
2019-02-10,2019021001004230,PIC,58,37,63,"1,021.00","64,323.00"
2019-02-10,2019021001004224,PIC,35,37,10,"1,022.00","10,220.00"
2019-02-10,2019021001004333,PIC,33,39,50,"1,018.00","50,900.00"
2019-02-10,2019021001004332,PIC,35,39,50,"1,018.00","50,900.00"
2019-02-10,2019021001004331,PIC,11,39,20,"1,019.00","20,380.00"
2019-02-10,2019021001004310,PIC,34,39,100,"1,020.00","102,000.00"
2019-02-10,2019021001004309,PIC,42,39,200,"1,020.00","204,000.00"
2019-02-10,2019021001004391,PLIC,29,51,200,450.00,"90,000.00"
2019-02-10,2019021001004307,PLIC,46,51,20,450.00,"9,000.00"
2019-02-10,2019021001004306,PLIC,47,51,100,450.00,"45,000.00"
2019-02-10,2019021001004305,PLIC,57,51,50,451.00,"22,550.00"
2019-02-10,2019021001004304,PLIC,43,51,100,451.00,"45,100.00"
2019-02-10,2019021001004274,PLIC,33,51,10,456.00,"4,560.00"
2019-02-10,2019021001004280,PLIC,39,51,10,453.00,"4,530.00"
2019-02-10,2019021001004279,PLIC,33,51,10,453.00,"4,530.00"
2019-02-10,2019021001004278,PLIC,1,51,100,454.00,"45,400.00"
2019-02-10,2019021001004277,PLIC,45,51,50,454.00,"22,700.00"
2019-02-10,2019021001004276,PLIC,57,51,21,455.00,"9,555.00"
2019-02-10,2019021001004275,PLIC,57,51,43,456.00,"19,608.00"
2019-02-10,2019021001004286,PLIC,35,51,100,452.00,"45,200.00"
2019-02-10,2019021001004285,PLIC,49,51,200,452.00,"90,400.00"
2019-02-10,2019021001004284,PLIC,28,51,500,452.00,"226,000.00"
2019-02-10,2019021001004283,PLIC,13,51,500,452.00,"226,000.00"
2019-02-10,2019021001004282,PLIC,34,51,100,453.00,"45,300.00"
2019-02-10,2019021001004281,PLIC,35,51,200,453.00,"90,600.00"
2019-02-10,2019021001004373,PMHPL,57,43,10,107.00,"1,070.00"
2019-02-10,2019021001004258,PMHPL,57,20,10,107.00,"1,070.00"
2019-02-10,2019021001004222,PMHPL,57,21,10,107.00,"1,070.00"
2019-02-10,2019021001004134,PMHPL,57,42,10,107.00,"1,070.00"
2019-02-10,2019021001004132,PMHPL,57,20,10,107.00,"1,070.00"
2019-02-10,2019021001004374,PRIN,13,51,388,422.00,"163,736.00"
2019-02-10,2019021001004314,PRIN,10,58,492,423.00,"208,116.00"
2019-02-10,2019021001004541,PRVU,56,21,154,237.00,"36,498.00"
2019-02-10,2019021001004324,PRVU,56,32,291,237.00,"68,967.00"
2019-02-10,2019021001004323,PRVU,56,32,170,237.00,"40,290.00"
2019-02-10,2019021001004215,PRVU,56,45,330,237.00,"78,210.00"
2019-02-10,2019021001004214,PRVU,42,45,200,237.00,"47,400.00"
2019-02-10,2019021001004213,PRVU,11,45,100,237.00,"23,700.00"
2019-02-10,2019021001004212,PRVU,6,45,100,238.00,"23,800.00"
2019-02-10,2019021001004211,PRVU,45,45,270,238.00,"64,260.00"
2019-02-10,2019021001004458,RADHI,37,16,11,158.00,"1,738.00"
2019-02-10,2019021001004325,RADHI,37,43,11,158.00,"1,738.00"
2019-02-10,2019021001004251,RADHI,37,37,11,158.00,"1,738.00"
2019-02-10,2019021001004168,RADHI,37,50,11,158.00,"1,738.00"
2019-02-10,2019021001004579,RBCLPO,59,7,10,"8,530.00","85,300.00"
2019-02-10,2019021001004578,RBCLPO,47,7,20,"8,550.00","171,000.00"
2019-02-10,2019021001004104,RBCLPO,59,33,10,"8,575.00","85,750.00"
2019-02-10,2019021001004097,RLFL,1,21,136,114.00,"15,504.00"
2019-02-10,2019021001004096,RLFL,38,21,128,115.00,"14,720.00"
2019-02-10,2019021001004496,RRHP,50,45,10,97.00,970.00
2019-02-10,2019021001004266,RRHP,33,37,10,96.00,960.00
2019-02-10,2019021001004143,RRHP,33,20,10,96.00,960.00
2019-02-10,2019021001004138,RRHP,33,42,10,96.00,960.00
2019-02-10,2019021001004397,RSDC,55,55,4,378.00,"1,512.00"
2019-02-10,2019021001004110,RSDC,6,21,10,386.00,"3,860.00"
2019-02-10,2019021001004364,RSDC,41,1,16,385.00,"6,160.00"
2019-02-10,2019021001004363,RSDC,42,1,38,385.00,"14,630.00"
2019-02-10,2019021001004111,RSDC,42,21,17,385.00,"6,545.00"
2019-02-10,2019021001004225,SADBL,34,1,253,137.00,"34,661.00"
2019-02-10,2019021001004136,SADBL,25,21,164,136.00,"22,304.00"
2019-02-10,2019021001004135,SADBL,25,21,10,136.00,"1,360.00"
2019-02-10,2019021001004157,SANIMA,54,8,388,298.00,"115,624.00"
2019-02-10,2019021001004156,SANIMA,34,8,11,298.00,"3,278.00"
2019-02-10,2019021001004522,SBBLJ,33,37,599,199.00,"119,201.00"
2019-02-10,2019021001004270,SBBLJ,33,26,124,199.00,"24,676.00"
2019-02-10,2019021001004146,SBBLJ,33,21,271,199.00,"53,929.00"
2019-02-10,2019021001004145,SBBLJ,29,21,445,200.00,"89,000.00"
2019-02-10,2019021001004218,SBI,42,41,100,380.00,"38,000.00"
2019-02-10,2019021001004100,SBL,58,59,41,280.00,"11,480.00"
2019-02-10,2019021001004099,SBL,42,59,200,280.00,"56,000.00"
2019-02-10,2019021001004098,SBL,43,59,59,280.00,"16,520.00"
2019-02-10,2019021001004428,SCB,47,57,50,551.00,"27,550.00"
2019-02-10,2019021001004427,SCB,44,57,50,552.00,"27,600.00"
2019-02-10,2019021001004155,SCB,44,21,50,552.00,"27,600.00"
2019-02-10,2019021001004509,SDESI,33,22,20,619.00,"12,380.00"
2019-02-10,2019021001004489,SDESI,33,6,10,620.00,"6,200.00"
2019-02-10,2019021001004142,SDESI,38,16,96,613.00,"58,848.00"
2019-02-10,2019021001004141,SDESI,8,16,30,614.00,"18,420.00"
2019-02-10,2019021001004199,SHL,6,41,300,202.00,"60,600.00"
2019-02-10,2019021001004171,SICL,21,21,13,863.00,"11,219.00"
2019-02-10,2019021001004235,SIFC,53,21,141,132.00,"18,612.00"
2019-02-10,2019021001004174,SIFC,34,21,200,132.00,"26,400.00"
2019-02-10,2019021001004208,SIL,34,43,50,615.00,"30,750.00"
2019-02-10,2019021001004207,SIL,44,43,50,615.00,"30,750.00"
2019-02-10,2019021001004206,SIL,51,43,100,615.00,"61,500.00"
2019-02-10,2019021001004205,SIL,42,43,17,616.00,"10,472.00"
2019-02-10,2019021001004204,SIL,35,43,20,617.00,"12,340.00"
2019-02-10,2019021001004197,SLBBL,43,21,81,502.00,"40,662.00"
2019-02-10,2019021001004196,SLBBL,25,21,100,503.00,"50,300.00"
2019-02-10,2019021001004195,SLBBL,35,21,50,505.00,"25,250.00"
2019-02-10,2019021001004194,SLBBL,32,21,27,505.00,"13,635.00"
2019-02-10,2019021001004193,SLBBL,32,21,50,506.00,"25,300.00"
2019-02-10,2019021001004293,SLBBL,32,19,20,509.00,"10,180.00"
2019-02-10,2019021001004360,SLBBL,43,57,150,507.00,"76,050.00"
2019-02-10,2019021001004587,SLBSL,7,51,10,810.00,"8,100.00"
2019-02-10,2019021001004576,SLBSL,32,7,10,811.00,"8,110.00"
2019-02-10,2019021001004554,SLBSL,32,7,10,811.00,"8,110.00"
2019-02-10,2019021001004543,SLBSL,6,7,10,811.00,"8,110.00"
2019-02-10,2019021001004542,SLBSL,6,45,10,811.00,"8,110.00"
2019-02-10,2019021001004095,SLBSL,7,20,10,812.00,"8,120.00"
2019-02-10,2019021001004261,SLBSL,53,21,10,811.00,"8,110.00"
2019-02-10,2019021001004181,SLBSL,53,25,10,811.00,"8,110.00"
2019-02-10,2019021001004172,SLBSL,53,49,10,811.00,"8,110.00"
2019-02-10,2019021001004164,SLBSL,7,21,10,812.00,"8,120.00"
2019-02-10,2019021001004144,SLBSL,7,21,10,812.00,"8,120.00"
2019-02-10,2019021001004113,SLBSL,7,38,10,812.00,"8,120.00"
2019-02-10,2019021001004357,SLBSL,53,21,10,811.00,"8,110.00"
2019-02-10,2019021001004300,SLBSL,53,20,10,811.00,"8,110.00"
2019-02-10,2019021001004295,SLBSL,53,41,10,811.00,"8,110.00"
2019-02-10,2019021001004272,SLBSL,53,21,10,811.00,"8,110.00"
2019-02-10,2019021001004263,SLBSL,53,20,10,811.00,"8,110.00"
2019-02-10,2019021001004262,SLBSL,53,25,10,811.00,"8,110.00"
2019-02-10,2019021001004438,SLBSL,53,16,10,811.00,"8,110.00"
2019-02-10,2019021001004437,SLBSL,53,45,10,811.00,"8,110.00"
2019-02-10,2019021001004403,SLBSL,53,16,10,811.00,"8,110.00"
2019-02-10,2019021001004387,SLBSL,53,40,10,811.00,"8,110.00"
2019-02-10,2019021001004386,SLBSL,53,21,10,811.00,"8,110.00"
2019-02-10,2019021001004365,SLBSL,53,21,10,811.00,"8,110.00"
2019-02-10,2019021001004499,SLBSL,44,40,10,811.00,"8,110.00"
2019-02-10,2019021001004495,SLBSL,44,7,10,811.00,"8,110.00"
2019-02-10,2019021001004471,SLBSL,44,26,10,811.00,"8,110.00"
2019-02-10,2019021001004469,SLBSL,44,21,10,811.00,"8,110.00"
2019-02-10,2019021001004464,SLBSL,53,45,10,811.00,"8,110.00"
2019-02-10,2019021001004451,SLBSL,53,37,10,811.00,"8,110.00"
2019-02-10,2019021001004540,SLBSL,6,20,10,811.00,"8,110.00"
2019-02-10,2019021001004519,SLBSL,6,20,10,811.00,"8,110.00"
2019-02-10,2019021001004517,SLBSL,6,7,10,811.00,"8,110.00"
2019-02-10,2019021001004507,SLBSL,6,7,10,811.00,"8,110.00"
2019-02-10,2019021001004503,SLBSL,6,45,10,811.00,"8,110.00"
2019-02-10,2019021001004501,SLBSL,44,7,10,811.00,"8,110.00"
2019-02-10,2019021001004429,SRBL,21,21,265,208.00,"55,120.00"
2019-02-10,2019021001004237,SRBL,43,21,99,208.00,"20,592.00"
2019-02-10,2019021001004236,SRBL,57,21,83,208.00,"17,264.00"
2019-02-10,2019021001004256,UFL,8,21,64,156.00,"9,984.00"
2019-02-10,2019021001004585,UPPER,57,21,40,229.00,"9,160.00"
2019-02-10,2019021001004551,UPPER,57,49,50,229.00,"11,450.00"
2019-02-10,2019021001004547,UPPER,57,21,50,229.00,"11,450.00"
2019-02-10,2019021001004545,UPPER,57,49,30,229.00,"6,870.00"
2019-02-10,2019021001004544,UPPER,43,49,20,229.00,"4,580.00"
2019-02-10,2019021001004532,UPPER,43,45,40,229.00,"9,160.00"
2019-02-10,2019021001004102,UPPER,37,38,50,230.00,"11,500.00"
2019-02-10,2019021001004101,UPPER,37,48,50,230.00,"11,500.00"
2019-02-10,2019021001004094,UPPER,37,38,10,230.00,"2,300.00"
2019-02-10,2019021001004093,UPPER,59,38,40,230.00,"9,200.00"
2019-02-10,2019021001004116,UPPER,10,32,470,230.00,"108,100.00"
2019-02-10,2019021001004115,UPPER,10,55,30,230.00,"6,900.00"
2019-02-10,2019021001004114,UPPER,37,55,10,230.00,"2,300.00"
2019-02-10,2019021001004107,UPPER,37,55,40,230.00,"9,200.00"
2019-02-10,2019021001004106,UPPER,37,37,5,226.00,"1,130.00"
2019-02-10,2019021001004122,UPPER,19,32,500,230.00,"115,000.00"
2019-02-10,2019021001004121,UPPER,17,32,300,230.00,"69,000.00"
2019-02-10,2019021001004120,UPPER,54,32,200,230.00,"46,000.00"
2019-02-10,2019021001004119,UPPER,19,32,"1,000",230.00,"230,000.00"
2019-02-10,2019021001004118,UPPER,43,32,50,230.00,"11,500.00"
2019-02-10,2019021001004117,UPPER,6,32,80,230.00,"18,400.00"
2019-02-10,2019021001004128,UPPER,43,32,200,230.00,"46,000.00"
2019-02-10,2019021001004127,UPPER,50,32,100,230.00,"23,000.00"
2019-02-10,2019021001004126,UPPER,50,32,100,230.00,"23,000.00"
2019-02-10,2019021001004125,UPPER,26,32,160,230.00,"36,800.00"
2019-02-10,2019021001004124,UPPER,19,32,200,230.00,"46,000.00"
2019-02-10,2019021001004123,UPPER,40,32,50,230.00,"11,500.00"
2019-02-10,2019021001004149,UPPER,17,48,50,230.00,"11,500.00"
2019-02-10,2019021001004147,UPPER,17,42,40,230.00,"9,200.00"
2019-02-10,2019021001004137,UPPER,17,48,40,230.00,"9,200.00"
2019-02-10,2019021001004131,UPPER,17,32,435,230.00,"100,050.00"
2019-02-10,2019021001004130,UPPER,22,32,100,230.00,"23,000.00"
2019-02-10,2019021001004129,UPPER,53,32,50,230.00,"11,500.00"
2019-02-10,2019021001004169,UPPER,17,51,50,230.00,"11,500.00"
2019-02-10,2019021001004161,UPPER,17,48,40,230.00,"9,200.00"
2019-02-10,2019021001004160,UPPER,17,55,50,230.00,"11,500.00"
2019-02-10,2019021001004159,UPPER,17,37,50,230.00,"11,500.00"
2019-02-10,2019021001004154,UPPER,17,1,20,230.00,"4,600.00"
2019-02-10,2019021001004153,UPPER,17,51,50,230.00,"11,500.00"
2019-02-10,2019021001004187,UPPER,17,51,40,230.00,"9,200.00"
2019-02-10,2019021001004183,UPPER,17,50,50,230.00,"11,500.00"
2019-02-10,2019021001004182,UPPER,17,26,40,230.00,"9,200.00"
2019-02-10,2019021001004176,UPPER,17,51,50,230.00,"11,500.00"
2019-02-10,2019021001004173,UPPER,17,37,50,230.00,"11,500.00"
2019-02-10,2019021001004170,UPPER,17,45,30,230.00,"6,900.00"
2019-02-10,2019021001004210,UPPER,17,37,50,230.00,"11,500.00"
2019-02-10,2019021001004250,UPPER,17,44,50,230.00,"11,500.00"
2019-02-10,2019021001004234,UPPER,17,55,40,230.00,"9,200.00"
2019-02-10,2019021001004233,UPPER,17,21,50,230.00,"11,500.00"
2019-02-10,2019021001004232,UPPER,17,50,40,230.00,"9,200.00"
2019-02-10,2019021001004228,UPPER,17,50,40,230.00,"9,200.00"
2019-02-10,2019021001004220,UPPER,17,55,50,230.00,"11,500.00"
2019-02-10,2019021001004271,UPPER,17,57,72,230.00,"16,560.00"
2019-02-10,2019021001004267,UPPER,17,20,50,230.00,"11,500.00"
2019-02-10,2019021001004265,UPPER,17,21,50,230.00,"11,500.00"
2019-02-10,2019021001004260,UPPER,17,37,50,230.00,"11,500.00"
2019-02-10,2019021001004259,UPPER,17,44,40,230.00,"9,200.00"
2019-02-10,2019021001004257,UPPER,17,21,40,230.00,"9,200.00"
2019-02-10,2019021001004297,UPPER,17,21,40,230.00,"9,200.00"
2019-02-10,2019021001004290,UPPER,17,20,50,230.00,"11,500.00"
2019-02-10,2019021001004289,UPPER,13,50,50,231.00,"11,550.00"
2019-02-10,2019021001004288,UPPER,13,26,50,231.00,"11,550.00"
2019-02-10,2019021001004287,UPPER,13,44,50,231.00,"11,550.00"
2019-02-10,2019021001004330,UPPER,16,43,50,230.00,"11,500.00"
2019-02-10,2019021001004313,UPPER,16,1,377,230.00,"86,710.00"
2019-02-10,2019021001004312,UPPER,16,1,500,230.00,"115,000.00"
2019-02-10,2019021001004311,UPPER,17,1,123,230.00,"28,290.00"
2019-02-10,2019021001004308,UPPER,17,21,40,230.00,"9,200.00"
2019-02-10,2019021001004301,UPPER,17,37,40,230.00,"9,200.00"
2019-02-10,2019021001004362,UPPER,26,40,300,230.00,"69,000.00"
2019-02-10,2019021001004359,UPPER,50,39,40,229.00,"9,160.00"
2019-02-10,2019021001004338,UPPER,13,40,100,230.00,"23,000.00"
2019-02-10,2019021001004337,UPPER,50,37,50,229.00,"11,450.00"
2019-02-10,2019021001004336,UPPER,16,40,73,230.00,"16,790.00"
2019-02-10,2019021001004435,UPPER,40,40,200,230.00,"46,000.00"
2019-02-10,2019021001004396,UPPER,43,39,40,229.00,"9,160.00"
2019-02-10,2019021001004395,UPPER,50,39,10,229.00,"2,290.00"
2019-02-10,2019021001004388,UPPER,50,49,50,229.00,"11,450.00"
2019-02-10,2019021001004383,UPPER,50,39,50,229.00,"11,450.00"
2019-02-10,2019021001004381,UPPER,35,40,54,230.00,"12,420.00"
2019-02-10,2019021001004526,UPPER,43,49,50,229.00,"11,450.00"
2019-02-10,2019021001004506,UPPER,14,40,100,230.00,"23,000.00"
2019-02-10,2019021001004470,UPPER,41,40,200,230.00,"46,000.00"
2019-02-10,2019021001004452,UPPER,43,45,50,229.00,"11,450.00"
2019-02-10,2019021001004546,WOMI,38,49,13,"1,132.00","14,716.00"
2019-02-10,2019021001004530,WOMI,38,49,12,"1,132.00","13,584.00"
2019-02-10,2019021001004529,WOMI,39,49,11,"1,132.00","12,452.00"
2019-02-10,2019021001004528,WOMI,16,49,10,"1,135.00","11,350.00"
2019-02-10,2019021001004472,WOMI,28,49,20,"1,136.00","22,720.00"
2019-02-10,2019021001004430,WOMI,21,21,20,"1,138.00","22,760.00"
2019-02-10,2019021001003886,AHPC,35,28,300,99.00,"29,700.00"
2019-02-10,2019021001003723,AHPC,32,28,400,99.00,"39,600.00"
2019-02-10,2019021001003722,AHPC,43,28,200,99.00,"19,800.00"
2019-02-10,2019021001003721,AHPC,18,28,100,99.00,"9,900.00"
2019-02-10,2019021001003720,AHPC,26,28,177,99.00,"17,523.00"
2019-02-10,2019021001003719,AHPC,8,28,173,99.00,"17,127.00"
2019-02-10,2019021001004010,AKJCL,19,42,10,82.00,820.00
2019-02-10,2019021001003956,AKJCL,19,37,20,82.00,"1,640.00"
2019-02-10,2019021001003954,AKJCL,19,42,10,82.00,820.00
2019-02-10,2019021001003821,AKJCL,19,37,20,82.00,"1,640.00"
2019-02-10,2019021001003777,AKJCL,6,37,10,82.00,820.00
2019-02-10,2019021001003738,AKJCL,14,37,20,83.00,"1,660.00"
2019-02-10,2019021001003624,AKJCL,6,1,10,82.00,820.00
2019-02-10,2019021001003615,AKJCL,47,40,10,82.00,820.00
2019-02-10,2019021001003964,AKPL,28,32,10,174.00,"1,740.00"
2019-02-10,2019021001003813,AKPL,28,45,20,174.00,"3,480.00"
2019-02-10,2019021001003664,AKPL,28,45,20,174.00,"3,480.00"
2019-02-10,2019021001003885,AMFI,58,42,10,702.00,"7,020.00"
2019-02-10,2019021001003612,AMFI,17,45,10,703.00,"7,030.00"
2019-02-10,2019021001003955,BOKL,38,11,50,242.00,"12,100.00"
2019-02-10,2019021001003605,BOKL,57,35,100,243.00,"24,300.00"
2019-02-10,2019021001004075,CBBL,11,51,20,872.00,"17,440.00"
2019-02-10,2019021001004074,CBBL,17,51,410,872.00,"357,520.00"
2019-02-10,2019021001003730,CBBL,17,59,90,872.00,"78,480.00"
2019-02-10,2019021001003729,CBBL,54,59,10,872.00,"8,720.00"
2019-02-10,2019021001003714,CBBL,54,20,90,872.00,"78,480.00"
2019-02-10,2019021001003713,CBBL,49,20,50,872.00,"43,600.00"
2019-02-10,2019021001004077,CBL,58,26,41,154.00,"6,314.00"
2019-02-10,2019021001003662,CBL,29,28,50,155.00,"7,750.00"
2019-02-10,2019021001003820,CCBL,40,40,1,162.00,162.00
2019-02-10,2019021001003819,CCBL,35,34,500,162.00,"81,000.00"
2019-02-10,2019021001003818,CCBL,57,34,200,162.00,"32,400.00"
2019-02-10,2019021001003817,CCBL,44,34,200,162.00,"32,400.00"
2019-02-10,2019021001003816,CCBL,45,34,50,162.00,"8,100.00"
2019-02-10,2019021001003815,CCBL,58,34,935,162.00,"151,470.00"
2019-02-10,2019021001003789,CCBL,58,42,65,162.00,"10,530.00"
2019-02-10,2019021001003778,CCBL,44,26,100,163.00,"16,300.00"
2019-02-10,2019021001003685,CCBL,58,34,89,162.00,"14,418.00"
2019-02-10,2019021001003668,CCBL,58,34,911,162.00,"147,582.00"
2019-02-10,2019021001003667,CCBL,42,34,100,162.00,"16,200.00"
2019-02-10,2019021001003666,CCBL,26,34,989,162.00,"160,218.00"
2019-02-10,2019021001004071,CHCL,49,28,200,508.00,"101,600.00"
2019-02-10,2019021001003697,CHCL,10,6,137,509.00,"69,733.00"
2019-02-10,2019021001003696,CHCL,10,25,165,509.00,"83,985.00"
2019-02-10,2019021001003695,CHCL,10,25,165,509.00,"83,985.00"
2019-02-10,2019021001004070,CZBIL,32,43,10,204.00,"2,040.00"
2019-02-10,2019021001004057,CZBIL,32,52,290,204.00,"59,160.00"
2019-02-10,2019021001003939,CZBIL,32,43,10,204.00,"2,040.00"
2019-02-10,2019021001003799,CZBIL,32,43,10,204.00,"2,040.00"
2019-02-10,2019021001003998,DBBL,34,21,200,123.00,"24,600.00"
2019-02-10,2019021001003950,DBBL,59,32,41,122.00,"5,002.00"
2019-02-10,2019021001003906,DBBL,59,38,243,122.00,"29,646.00"
2019-02-10,2019021001003905,DBBL,59,38,347,122.00,"42,334.00"
2019-02-10,2019021001003889,DBBL,59,38,153,122.00,"18,666.00"
2019-02-10,2019021001003888,DBBL,39,38,100,122.00,"12,200.00"
2019-02-10,2019021001003751,DBBL,52,52,22,122.00,"2,684.00"
2019-02-10,2019021001003887,DBBL,42,38,43,122.00,"5,246.00"
2019-02-10,2019021001003884,DBBL,42,38,107,122.00,"13,054.00"
2019-02-10,2019021001003883,DBBL,32,38,189,122.00,"23,058.00"
2019-02-10,2019021001003874,DBBL,32,38,11,122.00,"1,342.00"
2019-02-10,2019021001003873,DBBL,32,38,100,122.00,"12,200.00"
2019-02-10,2019021001003872,DBBL,52,38,185,122.00,"22,570.00"
2019-02-10,2019021001003790,EBL,19,1,200,515.00,"103,000.00"
2019-02-10,2019021001003766,EBL,48,1,100,515.00,"51,500.00"
2019-02-10,2019021001003655,FOWAD,53,17,29,"1,527.00","44,283.00"
2019-02-10,2019021001003977,GBBL,40,40,1,182.00,182.00
2019-02-10,2019021001003786,GBBL,40,40,1,182.00,182.00
2019-02-10,2019021001003630,GBBL,13,38,117,182.00,"21,294.00"
2019-02-10,2019021001004004,GBIME,48,43,100,262.00,"26,200.00"
2019-02-10,2019021001003933,GBIME,34,32,30,261.00,"7,830.00"
2019-02-10,2019021001003932,GBIME,55,32,13,261.00,"3,393.00"
2019-02-10,2019021001003805,GBIME,55,14,60,261.00,"15,660.00"
2019-02-10,2019021001003769,GBIME,55,16,427,261.00,"111,447.00"
2019-02-10,2019021001003768,GBIME,11,16,73,261.00,"19,053.00"
2019-02-10,2019021001003641,GBIME,1,43,10,262.00,"2,620.00"
2019-02-10,2019021001003623,GBIME,55,43,10,262.00,"2,620.00"
2019-02-10,2019021001003966,GBLBS,7,42,10,436.00,"4,360.00"
2019-02-10,2019021001003700,GBLBS,13,5,120,437.00,"52,440.00"
2019-02-10,2019021001003684,GBLBS,13,45,10,437.00,"4,370.00"
2019-02-10,2019021001003621,GBLBS,13,35,40,437.00,"17,480.00"
2019-02-10,2019021001004052,GLICL,43,26,57,690.00,"39,330.00"
2019-02-10,2019021001003963,GLICL,43,52,43,690.00,"29,670.00"
2019-02-10,2019021001004050,HBL,6,40,45,428.00,"19,260.00"
2019-02-10,2019021001004049,HBL,28,40,31,428.00,"13,268.00"
2019-02-10,2019021001004048,HBL,26,40,50,429.00,"21,450.00"
2019-02-10,2019021001004007,HIDCL,32,19,100,136.00,"13,600.00"
2019-02-10,2019021001003849,HIDCL,26,19,35,136.00,"4,760.00"
2019-02-10,2019021001003848,HIDCL,7,19,21,136.00,"2,856.00"
2019-02-10,2019021001003608,HIDCL,7,57,29,136.00,"3,944.00"
2019-02-10,2019021001003595,HIDCL,49,57,58,135.00,"7,830.00"
2019-02-10,2019021001003594,HIDCL,49,21,56,135.00,"7,560.00"
2019-02-10,2019021001004027,HPPL,38,42,20,172.00,"3,440.00"
2019-02-10,2019021001003970,HPPL,38,42,10,172.00,"1,720.00"
2019-02-10,2019021001003824,HPPL,22,45,10,172.00,"1,720.00"
2019-02-10,2019021001003782,HPPL,22,39,320,172.00,"55,040.00"
2019-02-10,2019021001003781,HPPL,41,39,30,173.00,"5,190.00"
2019-02-10,2019021001003708,HPPL,37,53,160,175.00,"28,000.00"
2019-02-10,2019021001003707,HPPL,53,53,240,175.00,"42,000.00"
2019-02-10,2019021001003680,HPPL,53,35,20,175.00,"3,500.00"
2019-02-10,2019021001003672,HPPL,53,45,10,175.00,"1,750.00"
2019-02-10,2019021001003648,HPPL,53,16,20,175.00,"3,500.00"
2019-02-10,2019021001003983,IGI,26,57,30,427.00,"12,810.00"
2019-02-10,2019021001003982,IGI,40,57,50,428.00,"21,400.00"
2019-02-10,2019021001003981,IGI,57,57,50,428.00,"21,400.00"
2019-02-10,2019021001003980,IGI,26,57,10,429.00,"4,290.00"
2019-02-10,2019021001004076,JBBL,21,40,113,135.00,"15,255.00"
2019-02-10,2019021001004038,JBBL,35,43,80,136.00,"10,880.00"
2019-02-10,2019021001004037,JBBL,35,35,70,136.00,"9,520.00"
2019-02-10,2019021001003791,JBBL,56,35,200,136.00,"27,200.00"
2019-02-10,2019021001003780,JBBL,21,42,17,135.00,"2,295.00"
2019-02-10,2019021001003788,JBNL,42,42,41,166.00,"6,806.00"
2019-02-10,2019021001003706,JBNL,42,10,132,166.00,"21,912.00"
2019-02-10,2019021001003661,JBNL,53,14,23,165.00,"3,795.00"
2019-02-10,2019021001003660,JBNL,57,14,460,165.00,"75,900.00"
2019-02-10,2019021001003659,JBNL,42,14,150,165.00,"24,750.00"
2019-02-10,2019021001003658,JBNL,34,14,200,165.00,"33,000.00"
2019-02-10,2019021001003657,JBNL,29,14,247,165.00,"40,755.00"
2019-02-10,2019021001003607,JBNL,45,32,90,166.00,"14,940.00"
2019-02-10,2019021001003606,JBNL,45,28,"2,410",166.00,"400,060.00"
2019-02-10,2019021001003687,KBBL,29,34,50,210.00,"10,500.00"
2019-02-10,2019021001004069,KBL,48,52,272,234.00,"63,648.00"
2019-02-10,2019021001004068,KBL,22,52,100,234.00,"23,400.00"
2019-02-10,2019021001004067,KBL,41,52,449,234.00,"105,066.00"
2019-02-10,2019021001003712,KBL,7,6,200,235.00,"47,000.00"
2019-02-10,2019021001003617,KBL,41,57,22,234.00,"5,148.00"
2019-02-10,2019021001003920,KMCDB,39,51,50,814.00,"40,700.00"
2019-02-10,2019021001003919,KMCDB,22,51,50,815.00,"40,750.00"
2019-02-10,2019021001003918,KMCDB,7,51,15,815.00,"12,225.00"
2019-02-10,2019021001004062,KPCL,39,38,10,90.00,900.00
