Date,Transact. No.,Symbol,Buyer,Seller,Quantity,Rate,Amount
2019-11-18,2019111801004773,ADBL,57,5,100,418.00,"41,800.00"
2019-11-18,2019111801004564,ADBL,39,16,"1,000",417.00,"417,000.00"
2019-11-18,2019111801004563,ADBL,39,6,200,417.00,"83,400.00"
2019-11-18,2019111801004562,ADBL,39,14,950,417.00,"396,150.00"
2019-11-18,2019111801004518,ADBL,40,57,500,416.00,"208,000.00"
2019-11-18,2019111801004741,AKBSL,20,58,10,435.00,"4,350.00"
2019-11-18,2019111801004708,AKBSL,20,58,10,435.00,"4,350.00"
2019-11-18,2019111801004681,AKBSL,20,58,10,435.00,"4,350.00"
2019-11-18,2019111801004490,AKBSL,20,33,10,435.00,"4,350.00"
2019-11-18,2019111801004693,AKJCL,48,42,10,56.00,560.00
2019-11-18,2019111801004666,AKJCL,48,42,10,56.00,560.00
2019-11-18,2019111801004635,AKJCL,49,42,10,56.00,560.00
2019-11-18,2019111801004509,AKPL,25,51,14,125.00,"1,750.00"
2019-11-18,2019111801004508,AKPL,25,32,13,124.00,"1,612.00"
2019-11-18,2019111801004498,AKPL,25,25,10,123.00,"1,230.00"
2019-11-18,2019111801004646,ALBSL,48,28,10,403.00,"4,030.00"
2019-11-18,2019111801004485,API,25,41,49,106.00,"5,194.00"
2019-11-18,2019111801004473,API,43,45,"1,200",105.00,"126,000.00"
2019-11-18,2019111801004472,API,43,43,100,105.00,"10,500.00"
2019-11-18,2019111801004471,API,43,41,500,105.00,"52,500.00"
2019-11-18,2019111801004574,BOKL,16,1,200,218.00,"43,600.00"
2019-11-18,2019111801004806,BPCL,33,47,10,353.00,"3,530.00"
2019-11-18,2019111801004947,CBBL,32,45,10,974.00,"9,740.00"
2019-11-18,2019111801004843,CBL,1,58,"1,000",138.00,"138,000.00"
2019-11-18,2019111801004540,CBL,51,49,"1,000",138.00,"138,000.00"
2019-11-18,2019111801004539,CBL,57,49,100,138.00,"13,800.00"
2019-11-18,2019111801004945,CCBL,41,52,286,161.00,"46,046.00"
2019-11-18,2019111801004944,CCBL,43,52,214,161.00,"34,454.00"
2019-11-18,2019111801004943,CCBL,41,52,"1,000",161.00,"161,000.00"
2019-11-18,2019111801004794,CCBL,16,40,200,161.00,"32,200.00"
2019-11-18,2019111801004793,CCBL,42,40,200,161.00,"32,200.00"
2019-11-18,2019111801004771,CCBL,43,35,491,161.00,"79,051.00"
2019-11-18,2019111801004770,CCBL,14,35,209,161.00,"33,649.00"
2019-11-18,2019111801004632,CCBL,52,45,117,162.00,"18,954.00"
2019-11-18,2019111801004631,CCBL,52,51,383,162.00,"62,046.00"
2019-11-18,2019111801004484,CCBL,47,51,20,162.00,"3,240.00"
2019-11-18,2019111801004696,CFCL,11,51,20,113.00,"2,260.00"
2019-11-18,2019111801004745,CHCL,28,40,285,351.00,"100,035.00"
2019-11-18,2019111801004744,CHCL,6,40,15,352.00,"5,280.00"
2019-11-18,2019111801004928,CZBIL,45,35,20,185.00,"3,700.00"
2019-11-18,2019111801004927,CZBIL,19,35,200,185.00,"37,000.00"
2019-11-18,2019111801004926,CZBIL,42,35,50,185.00,"9,250.00"
2019-11-18,2019111801004925,CZBIL,5,35,100,185.00,"18,500.00"
2019-11-18,2019111801004924,CZBIL,6,35,111,185.00,"20,535.00"
2019-11-18,2019111801004601,DBBL,17,38,"1,422",123.00,"174,906.00"
2019-11-18,2019111801004596,DBBL,1,38,500,123.00,"61,500.00"
2019-11-18,2019111801004489,DBBL,50,40,52,122.00,"6,344.00"
2019-11-18,2019111801004953,DDBL,45,38,50,735.00,"36,750.00"
2019-11-18,2019111801004892,EBL,43,1,37,553.00,"20,461.00"
2019-11-18,2019111801004891,EBL,17,1,13,553.00,"7,189.00"
2019-11-18,2019111801004819,EBL,17,43,30,553.00,"16,590.00"
2019-11-18,2019111801004818,EBL,35,43,20,553.00,"11,060.00"
2019-11-18,2019111801004756,EBL,17,1,200,553.00,"110,600.00"
2019-11-18,2019111801004615,EDBL,52,58,300,274.00,"82,200.00"
2019-11-18,2019111801004614,EDBL,36,58,300,275.00,"82,500.00"
2019-11-18,2019111801004885,EIC,51,7,400,213.00,"85,200.00"
2019-11-18,2019111801004884,EIC,40,7,300,214.00,"64,200.00"
2019-11-18,2019111801004883,EIC,29,7,55,214.00,"11,770.00"
2019-11-18,2019111801004882,EIC,53,7,15,214.00,"3,210.00"
2019-11-18,2019111801004881,EIC,7,7,30,215.00,"6,450.00"
2019-11-18,2019111801004837,FMDBL,25,57,66,305.00,"20,130.00"
2019-11-18,2019111801004705,FMDBL,42,57,100,305.00,"30,500.00"
2019-11-18,2019111801004704,FMDBL,52,57,34,305.00,"10,370.00"
2019-11-18,2019111801004697,GBBL,35,11,225,224.00,"50,400.00"
2019-11-18,2019111801004604,GBBL,1,11,226,224.00,"50,624.00"
2019-11-18,2019111801004479,GBBL,55,45,20,223.00,"4,460.00"
2019-11-18,2019111801004514,GBLBS,43,33,15,300.00,"4,500.00"
2019-11-18,2019111801004739,GILB,44,22,20,721.00,"14,420.00"
2019-11-18,2019111801004665,GLBSL,42,28,10,400.00,"4,000.00"
2019-11-18,2019111801004893,GLICL,54,45,20,355.00,"7,100.00"
2019-11-18,2019111801004826,GLICL,54,35,32,355.00,"11,360.00"
2019-11-18,2019111801004825,GLICL,6,35,28,355.00,"9,940.00"
2019-11-18,2019111801004824,GLICL,25,35,240,356.00,"85,440.00"
2019-11-18,2019111801004781,GLICL,25,39,760,356.00,"270,560.00"
2019-11-18,2019111801004780,GLICL,5,39,50,357.00,"17,850.00"
2019-11-18,2019111801004779,GLICL,22,39,50,357.00,"17,850.00"
2019-11-18,2019111801004778,GLICL,39,39,63,358.00,"22,554.00"
2019-11-18,2019111801004930,GMFBS,29,58,40,496.00,"19,840.00"
2019-11-18,2019111801004812,GMFBS,29,32,10,496.00,"4,960.00"
2019-11-18,2019111801004777,GMFBS,29,32,10,496.00,"4,960.00"
2019-11-18,2019111801004766,GMFBS,29,28,10,496.00,"4,960.00"
2019-11-18,2019111801004750,GMFBS,29,25,10,496.00,"4,960.00"
2019-11-18,2019111801004588,GMFBS,40,28,10,495.00,"4,950.00"
2019-11-18,2019111801004463,GMFIL,43,49,377,115.00,"43,355.00"
2019-11-18,2019111801004462,GMFIL,1,49,23,115.00,"2,645.00"
2019-11-18,2019111801004549,GUFL,10,25,500,112.00,"56,000.00"
2019-11-18,2019111801004869,HBL,37,16,76,480.00,"36,480.00"
2019-11-18,2019111801004695,HBL,28,40,72,478.00,"34,416.00"
2019-11-18,2019111801004694,HBL,21,40,30,479.00,"14,370.00"
2019-11-18,2019111801004942,HDL,58,26,10,"1,774.00","17,740.00"
2019-11-18,2019111801004624,HDL,55,26,50,"1,760.00","88,000.00"
2019-11-18,2019111801004623,HDL,53,26,20,"1,760.00","35,200.00"
2019-11-18,2019111801004622,HDL,45,26,20,"1,760.00","35,200.00"
2019-11-18,2019111801004621,HDL,6,26,10,"1,760.00","17,600.00"
2019-11-18,2019111801004748,HGI,42,37,405,245.00,"99,225.00"
2019-11-18,2019111801004747,HGI,17,37,35,246.00,"8,610.00"
2019-11-18,2019111801004567,HIDCL,46,14,239,130.00,"31,070.00"
2019-11-18,2019111801004544,HIDCL,52,14,200,130.00,"26,000.00"
2019-11-18,2019111801004543,HIDCL,52,14,300,130.00,"39,000.00"
2019-11-18,2019111801004542,HIDCL,51,14,261,130.00,"33,930.00"
2019-11-18,2019111801004521,HPPL,52,28,10,134.00,"1,340.00"
2019-11-18,2019111801004758,ILBS,11,58,10,470.00,"4,700.00"
2019-11-18,2019111801004630,ILBS,11,45,10,470.00,"4,700.00"
2019-11-18,2019111801004541,ILBS,55,33,10,469.00,"4,690.00"
2019-11-18,2019111801004593,JBBL,45,52,100,161.00,"16,100.00"
2019-11-18,2019111801004845,JFL,43,32,13,192.00,"2,496.00"
2019-11-18,2019111801004776,JFL,17,52,"2,000",193.00,"386,000.00"
2019-11-18,2019111801004775,JFL,7,52,100,193.00,"19,300.00"
2019-11-18,2019111801004774,JFL,43,52,90,193.00,"17,370.00"
2019-11-18,2019111801004784,JSLBB,51,57,30,"1,126.00","33,780.00"
2019-11-18,2019111801004765,KRBL,8,29,250,102.00,"25,500.00"
2019-11-18,2019111801004764,KRBL,8,19,62,102.00,"6,324.00"
2019-11-18,2019111801004571,KRBL,41,1,500,100.00,"50,000.00"
2019-11-18,2019111801004570,KRBL,6,1,10,100.00,"1,000.00"
2019-11-18,2019111801004902,KSBBL,35,38,50,134.00,"6,700.00"
2019-11-18,2019111801004876,KSBBL,59,52,106,133.00,"14,098.00"
2019-11-18,2019111801004875,KSBBL,59,52,150,133.00,"19,950.00"
2019-11-18,2019111801004855,LBBL,22,19,471,170.00,"80,070.00"
2019-11-18,2019111801004785,LBBL,33,19,870,170.00,"147,900.00"
2019-11-18,2019111801004526,LBBL,33,58,130,170.00,"22,100.00"
2019-11-18,2019111801004525,LBBL,37,58,50,170.00,"8,500.00"
2019-11-18,2019111801004524,LBBL,8,58,670,170.00,"113,900.00"
2019-11-18,2019111801004917,LBL,43,40,126,217.00,"27,342.00"
2019-11-18,2019111801004612,LGIL,49,33,606,315.00,"190,890.00"
2019-11-18,2019111801004565,LICN,35,59,20,990.00,"19,800.00"
2019-11-18,2019111801004475,LICN,25,25,10,989.00,"9,890.00"
2019-11-18,2019111801004706,LLBS,37,33,30,685.00,"20,550.00"
2019-11-18,2019111801004934,MBL,25,22,89,223.00,"19,847.00"
2019-11-18,2019111801004901,MBL,22,22,901,223.00,"200,923.00"
2019-11-18,2019111801004847,MBL,33,22,10,223.00,"2,230.00"
2019-11-18,2019111801004868,MEGA,43,13,10,185.00,"1,850.00"
2019-11-18,2019111801004795,MEGA,16,3,66,184.00,"12,144.00"
2019-11-18,2019111801004600,MEGA,16,26,134,184.00,"24,656.00"
2019-11-18,2019111801004599,MEGA,14,26,50,184.00,"9,200.00"
2019-11-18,2019111801004598,MEGA,28,26,24,184.00,"4,416.00"
2019-11-18,2019111801004799,MEGA,36,3,334,184.00,"61,456.00"
2019-11-18,2019111801004798,MEGA,7,3,100,184.00,"18,400.00"
2019-11-18,2019111801004797,MEGA,58,3,100,184.00,"18,400.00"
2019-11-18,2019111801004796,MEGA,19,3,100,184.00,"18,400.00"
2019-11-18,2019111801004520,MERO,19,25,100,422.00,"42,200.00"
2019-11-18,2019111801004510,MFIL,43,38,"2,000",127.00,"254,000.00"
2019-11-18,2019111801004946,MNBBL,58,46,100,315.00,"31,500.00"
2019-11-18,2019111801004783,MNBBL,33,56,36,314.00,"11,304.00"
2019-11-18,2019111801004488,MNBBL,6,46,30,315.00,"9,450.00"
2019-11-18,2019111801004823,NABIL,57,47,49,755.00,"36,995.00"
2019-11-18,2019111801004822,NABIL,57,47,100,755.00,"75,500.00"
2019-11-18,2019111801004821,NABIL,57,47,50,755.00,"37,750.00"
2019-11-18,2019111801004820,NABIL,57,47,67,755.00,"50,585.00"
2019-11-18,2019111801004690,NABIL,25,47,48,755.00,"36,240.00"
2019-11-18,2019111801004553,NABIL,16,47,48,755.00,"36,240.00"
2019-11-18,2019111801004466,NABIL,42,16,20,754.00,"15,080.00"
2019-11-18,2019111801004465,NABIL,22,16,50,754.00,"37,700.00"
2019-11-18,2019111801004464,NABIL,6,16,75,755.00,"56,625.00"
2019-11-18,2019111801004552,NABIL,16,43,90,755.00,"67,950.00"
2019-11-18,2019111801004551,NABIL,16,16,12,754.00,"9,048.00"
2019-11-18,2019111801004547,NABIL,57,45,20,753.00,"15,060.00"
2019-11-18,2019111801004507,NABIL,57,40,14,753.00,"10,542.00"
2019-11-18,2019111801004506,NABIL,57,40,50,753.00,"37,650.00"
2019-11-18,2019111801004505,NABIL,43,40,90,754.00,"67,860.00"
2019-11-18,2019111801004616,NADEP,29,6,100,395.00,"39,500.00"
2019-11-18,2019111801004523,NBB,56,33,714,205.00,"146,370.00"
2019-11-18,2019111801004522,NBB,56,6,286,205.00,"58,630.00"
2019-11-18,2019111801004956,NBL,49,38,10,320.00,"3,200.00"
2019-11-18,2019111801004955,NBL,33,38,50,320.00,"16,000.00"
2019-11-18,2019111801004948,NBL,38,38,50,320.00,"16,000.00"
2019-11-18,2019111801004940,NBL,25,19,45,318.00,"14,310.00"
2019-11-18,2019111801004939,NBL,13,19,20,318.00,"6,360.00"
2019-11-18,2019111801004938,NBL,41,19,100,319.00,"31,900.00"
2019-11-18,2019111801004493,NBL,25,38,50,320.00,"16,000.00"
2019-11-18,2019111801004626,NBL,5,48,110,319.00,"35,090.00"
2019-11-18,2019111801004625,NBL,49,48,55,319.00,"17,545.00"
2019-11-18,2019111801004572,NBL,22,38,20,320.00,"6,400.00"
2019-11-18,2019111801004513,NBL,49,47,"1,510",319.00,"481,690.00"
2019-11-18,2019111801004512,NBL,51,47,100,319.00,"31,900.00"
2019-11-18,2019111801004511,NBL,11,47,40,319.00,"12,760.00"
2019-11-18,2019111801004670,NBL,5,22,50,319.00,"15,950.00"
2019-11-18,2019111801004669,NBL,47,22,100,319.00,"31,900.00"
2019-11-18,2019111801004668,NBL,17,22,115,319.00,"36,685.00"
2019-11-18,2019111801004629,NBL,17,48,35,319.00,"11,165.00"
2019-11-18,2019111801004628,NBL,57,48,200,319.00,"63,800.00"
2019-11-18,2019111801004627,NBL,59,48,100,319.00,"31,900.00"
2019-11-18,2019111801004803,NBL,59,5,100,319.00,"31,900.00"
2019-11-18,2019111801004802,NBL,8,5,70,319.00,"22,330.00"
2019-11-18,2019111801004801,NBL,49,5,450,319.00,"143,550.00"
2019-11-18,2019111801004800,NBL,52,5,65,319.00,"20,735.00"
2019-11-18,2019111801004672,NBL,52,22,135,319.00,"43,065.00"
2019-11-18,2019111801004671,NBL,43,22,200,319.00,"63,800.00"
2019-11-18,2019111801004937,NBL,52,19,335,319.00,"106,865.00"
2019-11-18,2019111801004865,NBL,52,42,665,319.00,"212,135.00"
2019-11-18,2019111801004864,NBL,6,42,50,319.00,"15,950.00"
2019-11-18,2019111801004863,NBL,16,42,100,319.00,"31,900.00"
2019-11-18,2019111801004862,NBL,22,42,185,319.00,"59,015.00"
2019-11-18,2019111801004804,NBL,22,5,315,319.00,"100,485.00"
2019-11-18,2019111801004861,NCCB,58,49,10,202.00,"2,020.00"
2019-11-18,2019111801004842,NCCB,58,11,"2,000",201.00,"402,000.00"
2019-11-18,2019111801004711,NCCB,49,45,"1,000",201.00,"201,000.00"
2019-11-18,2019111801004710,NCCB,52,45,200,201.00,"40,200.00"
2019-11-18,2019111801004709,NCCB,52,45,329,201.00,"66,129.00"
2019-11-18,2019111801004751,NHPC,22,51,40,51.00,"2,040.00"
2019-11-18,2019111801004957,NIB,16,51,80,420.00,"33,600.00"
2019-11-18,2019111801004954,NIB,18,42,50,421.00,"21,050.00"
2019-11-18,2019111801004914,NIB,16,42,10,420.00,"4,200.00"
2019-11-18,2019111801004913,NIB,16,42,76,420.00,"31,920.00"
2019-11-18,2019111801004912,NIB,16,57,233,419.00,"97,627.00"
2019-11-18,2019111801004911,NIB,16,34,475,419.00,"199,025.00"
2019-11-18,2019111801004569,NIB,28,38,300,418.00,"125,400.00"
2019-11-18,2019111801004494,NIB,16,11,533,418.00,"222,794.00"
2019-11-18,2019111801004909,NIB,16,39,165,418.00,"68,970.00"
2019-11-18,2019111801004908,NIB,49,39,50,418.00,"20,900.00"
2019-11-18,2019111801004907,NIB,16,39,17,418.00,"7,106.00"
2019-11-18,2019111801004867,NIB,16,38,450,418.00,"188,100.00"
2019-11-18,2019111801004841,NIB,39,38,50,418.00,"20,900.00"
2019-11-18,2019111801004611,NIB,34,38,100,418.00,"41,800.00"
2019-11-18,2019111801004906,NIBPO,7,47,212,390.00,"82,680.00"
2019-11-18,2019111801004844,NIBPO,35,47,10,390.00,"3,900.00"
2019-11-18,2019111801004786,NIBPO,7,37,288,388.00,"111,744.00"
2019-11-18,2019111801004874,NICA,36,50,172,417.00,"71,724.00"
2019-11-18,2019111801004873,NICA,36,28,28,417.00,"11,676.00"
2019-11-18,2019111801004856,NICA,55,28,250,417.00,"104,250.00"
2019-11-18,2019111801004805,NICA,35,19,100,416.00,"41,600.00"
2019-11-18,2019111801004580,NICA,52,28,200,417.00,"83,400.00"
2019-11-18,2019111801004496,NICA,35,54,394,416.00,"163,904.00"
2019-11-18,2019111801004481,NICA,35,40,"1,000",416.00,"416,000.00"
2019-11-18,2019111801004620,NICL,25,28,10,258.00,"2,580.00"
2019-11-18,2019111801004503,NICL,37,38,50,253.00,"12,650.00"
2019-11-18,2019111801004468,NICL,25,28,10,258.00,"2,580.00"
2019-11-18,2019111801004916,NIL,45,22,90,378.00,"34,020.00"
2019-11-18,2019111801004915,NIL,45,45,10,378.00,"3,780.00"
2019-11-18,2019111801004904,NLG,5,49,30,526.00,"15,780.00"
2019-11-18,2019111801004903,NLG,7,49,40,526.00,"21,040.00"
2019-11-18,2019111801004677,NLG,38,49,200,527.00,"105,400.00"
2019-11-18,2019111801004676,NLG,53,49,82,528.00,"43,296.00"
2019-11-18,2019111801004849,NLIC,52,32,200,794.00,"158,800.00"
2019-11-18,2019111801004848,NLIC,52,29,90,793.00,"71,370.00"
2019-11-18,2019111801004712,NLIC,25,29,10,793.00,"7,930.00"
2019-11-18,2019111801004634,NLIC,43,41,20,791.00,"15,820.00"
2019-11-18,2019111801004559,NLIC,43,40,347,791.00,"274,477.00"
2019-11-18,2019111801004558,NLIC,32,40,50,791.00,"39,550.00"
2019-11-18,2019111801004557,NLIC,58,40,28,791.00,"22,148.00"
2019-11-18,2019111801004556,NLIC,58,40,25,791.00,"19,775.00"
2019-11-18,2019111801004870,NLICL,43,35,10,431.00,"4,310.00"
2019-11-18,2019111801004839,NLICL,43,46,45,423.00,"19,035.00"
2019-11-18,2019111801004838,NLICL,43,39,60,420.00,"25,200.00"
2019-11-18,2019111801004740,NLICL,25,39,10,420.00,"4,200.00"
2019-11-18,2019111801004674,NLICL,29,35,21,415.00,"8,715.00"
2019-11-18,2019111801004673,NLICL,34,35,100,415.00,"41,500.00"
2019-11-18,2019111801004900,NMB,57,32,100,386.00,"38,600.00"
2019-11-18,2019111801004899,NMB,3,32,100,386.00,"38,600.00"
2019-11-18,2019111801004898,NMB,49,32,20,386.00,"7,720.00"
2019-11-18,2019111801004890,NMB,52,32,100,386.00,"38,600.00"
2019-11-18,2019111801004829,NMB,50,32,88,386.00,"33,968.00"
2019-11-18,2019111801004814,NMB,3,32,950,386.00,"366,700.00"
2019-11-18,2019111801004460,NMB,45,32,30,386.00,"11,580.00"
2019-11-18,2019111801004459,NMB,28,32,700,386.00,"270,200.00"
2019-11-18,2019111801004458,NMB,25,32,489,386.00,"188,754.00"
2019-11-18,2019111801004532,NMB,44,32,200,386.00,"77,200.00"
2019-11-18,2019111801004531,NMB,19,32,300,386.00,"115,800.00"
2019-11-18,2019111801004530,NMB,6,32,"1,569",386.00,"605,634.00"
2019-11-18,2019111801004495,NMB,6,32,"3,431",386.00,"1,324,366.00"
2019-11-18,2019111801004487,NMB,17,32,150,386.00,"57,900.00"
2019-11-18,2019111801004480,NMB,48,32,200,386.00,"77,200.00"
2019-11-18,2019111801004587,NMB,1,32,100,386.00,"38,600.00"
2019-11-18,2019111801004568,NMB,25,32,100,386.00,"38,600.00"
2019-11-18,2019111801004548,NMB,42,32,20,386.00,"7,720.00"
2019-11-18,2019111801004545,NMB,57,32,500,386.00,"193,000.00"
2019-11-18,2019111801004534,NMB,20,32,500,386.00,"193,000.00"
2019-11-18,2019111801004533,NMB,42,32,200,386.00,"77,200.00"
2019-11-18,2019111801004637,NMB,54,32,41,386.00,"15,826.00"
2019-11-18,2019111801004636,NMB,3,32,200,386.00,"77,200.00"
2019-11-18,2019111801004609,NMB,43,32,"1,000",386.00,"386,000.00"
2019-11-18,2019111801004606,NMB,25,32,50,386.00,"19,300.00"
2019-11-18,2019111801004603,NMB,51,32,120,386.00,"46,320.00"
2019-11-18,2019111801004590,NMB,52,32,100,386.00,"38,600.00"
2019-11-18,2019111801004792,NMB,3,14,50,386.00,"19,300.00"
2019-11-18,2019111801004746,NMB,53,35,200,386.00,"77,200.00"
2019-11-18,2019111801004689,NMB,39,35,"1,000",386.00,"386,000.00"
2019-11-18,2019111801004679,NMB,57,35,300,386.00,"115,800.00"
2019-11-18,2019111801004678,NMB,25,35,50,386.00,"19,300.00"
2019-11-18,2019111801004638,NMB,54,35,309,386.00,"119,274.00"
2019-11-18,2019111801004833,NMBMF,11,57,10,485.00,"4,850.00"
2019-11-18,2019111801004880,NMFBS,36,16,20,"1,720.00","34,400.00"
2019-11-18,2019111801004707,NMFBS,36,39,15,"1,720.00","25,800.00"
2019-11-18,2019111801004683,NMFBS,36,39,15,"1,720.00","25,800.00"
2019-11-18,2019111801004918,NNLB,45,45,100,457.00,"45,700.00"
2019-11-18,2019111801004483,NSEWA,42,29,10,385.00,"3,850.00"
2019-11-18,2019111801004688,NTC,25,22,10,624.00,"6,240.00"
2019-11-18,2019111801004605,NTC,59,45,10,622.00,"6,220.00"
2019-11-18,2019111801004922,PCBL,53,58,280,272.00,"76,160.00"
2019-11-18,2019111801004921,PCBL,53,49,200,272.00,"54,400.00"
2019-11-18,2019111801004920,PCBL,53,43,460,271.00,"124,660.00"
2019-11-18,2019111801004919,PCBL,53,45,60,271.00,"16,260.00"
2019-11-18,2019111801004852,PCBL,52,45,100,271.00,"27,100.00"
2019-11-18,2019111801004501,PCBL,54,52,400,270.00,"108,000.00"
2019-11-18,2019111801004492,PCBL,54,52,847,270.00,"228,690.00"
2019-11-18,2019111801004491,PCBL,34,52,153,270.00,"41,310.00"
2019-11-18,2019111801004478,PCBL,34,43,47,270.00,"12,690.00"
2019-11-18,2019111801004477,PCBL,1,43,100,270.00,"27,000.00"
2019-11-18,2019111801004853,PIC,11,42,21,353.00,"7,413.00"
2019-11-18,2019111801004486,PIC,13,59,10,353.00,"3,530.00"
2019-11-18,2019111801004807,PICL,11,22,50,413.00,"20,650.00"
2019-11-18,2019111801004502,PICL,16,22,100,407.00,"40,700.00"
2019-11-18,2019111801004897,PLIC,28,28,10,312.00,"3,120.00"
2019-11-18,2019111801004872,PLIC,28,28,10,306.00,"3,060.00"
2019-11-18,2019111801004743,PLIC,1,7,13,300.00,"3,900.00"
2019-11-18,2019111801004664,PLIC,29,7,400,303.00,"121,200.00"
2019-11-18,2019111801004663,PLIC,52,7,"1,000",303.00,"303,000.00"
2019-11-18,2019111801004662,PLIC,16,7,100,303.00,"30,300.00"
2019-11-18,2019111801004640,PLIC,42,7,20,311.00,"6,220.00"
2019-11-18,2019111801004639,PLIC,7,7,32,311.00,"9,952.00"
2019-11-18,2019111801004655,PLIC,48,7,50,308.00,"15,400.00"
2019-11-18,2019111801004645,PLIC,37,7,500,309.00,"154,500.00"
2019-11-18,2019111801004644,PLIC,25,7,50,309.00,"15,450.00"
2019-11-18,2019111801004643,PLIC,14,7,170,309.00,"52,530.00"
2019-11-18,2019111801004642,PLIC,5,7,55,309.00,"16,995.00"
2019-11-18,2019111801004641,PLIC,52,7,50,310.00,"15,500.00"
2019-11-18,2019111801004661,PLIC,20,7,510,303.00,"154,530.00"
2019-11-18,2019111801004660,PLIC,45,7,200,303.00,"60,600.00"
2019-11-18,2019111801004659,PLIC,54,7,60,305.00,"18,300.00"
2019-11-18,2019111801004658,PLIC,35,7,500,306.00,"153,000.00"
2019-11-18,2019111801004657,PLIC,57,7,190,307.00,"58,330.00"
2019-11-18,2019111801004656,PLIC,5,7,100,307.00,"30,700.00"
2019-11-18,2019111801004790,PPCL,22,34,80,108.00,"8,640.00"
2019-11-18,2019111801004789,PPCL,33,34,150,108.00,"16,200.00"
2019-11-18,2019111801004788,PPCL,36,34,50,108.00,"5,400.00"
2019-11-18,2019111801004787,PPCL,45,34,70,108.00,"7,560.00"
2019-11-18,2019111801004682,PPCL,45,28,10,108.00,"1,080.00"
2019-11-18,2019111801004591,PPCL,45,28,10,108.00,"1,080.00"
2019-11-18,2019111801004546,PPCL,45,28,10,108.00,"1,080.00"
2019-11-18,2019111801004667,PRIN,53,16,200,312.00,"62,400.00"
2019-11-18,2019111801004618,PRIN,53,16,200,312.00,"62,400.00"
2019-11-18,2019111801004592,PRIN,19,16,100,312.00,"31,200.00"
2019-11-18,2019111801004517,PRIN,57,48,55,311.00,"17,105.00"
2019-11-18,2019111801004516,PRIN,5,48,45,311.00,"13,995.00"
2019-11-18,2019111801004949,PRVU,51,51,863,229.00,"197,627.00"
2019-11-18,2019111801004879,PRVU,51,22,637,228.00,"145,236.00"
2019-11-18,2019111801004878,PRVU,54,22,100,228.00,"22,800.00"
2019-11-18,2019111801004877,PRVU,39,22,263,228.00,"59,964.00"
2019-11-18,2019111801004857,PRVU,39,16,200,228.00,"45,600.00"
2019-11-18,2019111801004827,PRVU,39,38,"3,662",228.00,"834,936.00"
2019-11-18,2019111801004763,PRVU,56,51,380,229.00,"87,020.00"
2019-11-18,2019111801004762,PRVU,56,33,120,229.00,"27,480.00"
2019-11-18,2019111801004675,PRVU,39,6,125,228.00,"28,500.00"
2019-11-18,2019111801004871,RHPC,14,48,200,73.00,"14,600.00"
2019-11-18,2019111801004528,RHPC,42,48,"1,000",73.00,"73,000.00"
2019-11-18,2019111801004527,RHPC,4,48,"1,000",73.00,"73,000.00"
2019-11-18,2019111801004888,RHPL,11,39,10,166.00,"1,660.00"
2019-11-18,2019111801004887,RHPL,11,40,10,166.00,"1,660.00"
2019-11-18,2019111801004854,RHPL,34,18,20,164.00,"3,280.00"
2019-11-18,2019111801004729,RHPL,35,17,40,165.00,"6,600.00"
2019-11-18,2019111801004728,RHPL,35,34,100,165.00,"16,500.00"
2019-11-18,2019111801004727,RHPL,35,44,40,165.00,"6,600.00"
2019-11-18,2019111801004703,RHPL,34,28,20,164.00,"3,280.00"
2019-11-18,2019111801004594,RHPL,34,28,20,164.00,"3,280.00"
2019-11-18,2019111801004581,RHPL,40,36,40,163.00,"6,520.00"
2019-11-18,2019111801004529,RHPL,59,46,40,164.00,"6,560.00"
2019-11-18,2019111801004720,RHPL,35,39,10,165.00,"1,650.00"
2019-11-18,2019111801004719,RHPL,35,39,10,165.00,"1,650.00"
2019-11-18,2019111801004718,RHPL,35,41,40,165.00,"6,600.00"
2019-11-18,2019111801004717,RHPL,35,7,40,165.00,"6,600.00"
2019-11-18,2019111801004716,RHPL,35,17,10,165.00,"1,650.00"
2019-11-18,2019111801004715,RHPL,35,8,40,165.00,"6,600.00"
2019-11-18,2019111801004726,RHPL,35,39,30,165.00,"4,950.00"
2019-11-18,2019111801004725,RHPL,35,39,10,165.00,"1,650.00"
2019-11-18,2019111801004724,RHPL,35,39,10,165.00,"1,650.00"
2019-11-18,2019111801004723,RHPL,35,39,10,165.00,"1,650.00"
2019-11-18,2019111801004722,RHPL,35,39,10,165.00,"1,650.00"
2019-11-18,2019111801004721,RHPL,35,39,50,165.00,"8,250.00"
2019-11-18,2019111801004931,RMDC,41,44,40,593.00,"23,720.00"
2019-11-18,2019111801004701,RMDC,29,43,30,587.00,"17,610.00"
2019-11-18,2019111801004700,RMDC,6,43,20,588.00,"11,760.00"
2019-11-18,2019111801004699,RMDC,17,43,10,588.00,"5,880.00"
2019-11-18,2019111801004698,RMDC,5,43,40,589.00,"23,560.00"
2019-11-18,2019111801004889,RSDC,41,45,160,293.00,"46,880.00"
2019-11-18,2019111801004610,RSDC,53,6,80,294.00,"23,520.00"
2019-11-18,2019111801004561,RSDC,21,6,20,294.00,"5,880.00"
2019-11-18,2019111801004933,SABSL,28,42,10,555.00,"5,550.00"
2019-11-18,2019111801004860,SABSL,36,59,100,551.00,"55,100.00"
2019-11-18,2019111801004859,SABSL,28,59,40,551.00,"22,040.00"
2019-11-18,2019111801004858,SABSL,34,59,60,552.00,"33,120.00"
2019-11-18,2019111801004817,SABSL,34,29,30,552.00,"16,560.00"
2019-11-18,2019111801004813,SABSL,36,6,50,554.00,"27,700.00"
2019-11-18,2019111801004713,SABSL,19,6,10,554.00,"5,540.00"
2019-11-18,2019111801004684,SABSL,19,6,30,554.00,"16,620.00"
2019-11-18,2019111801004476,SABSL,34,32,10,552.00,"5,520.00"
2019-11-18,2019111801004470,SABSL,22,51,100,553.00,"55,300.00"
2019-11-18,2019111801004469,SABSL,28,51,200,553.00,"110,600.00"
2019-11-18,2019111801004836,SANIMA,25,45,200,307.00,"61,400.00"
2019-11-18,2019111801004835,SANIMA,25,52,100,307.00,"30,700.00"
2019-11-18,2019111801004761,SANIMA,4,14,73,306.00,"22,338.00"
2019-11-18,2019111801004905,SBI,19,42,100,391.00,"39,100.00"
2019-11-18,2019111801004461,SBI,6,25,870,391.00,"340,170.00"
2019-11-18,2019111801004738,SBL,49,40,400,284.00,"113,600.00"
2019-11-18,2019111801004737,SBL,21,40,200,284.00,"56,800.00"
2019-11-18,2019111801004736,SBL,47,40,100,284.00,"28,400.00"
2019-11-18,2019111801004735,SBL,32,40,100,284.00,"28,400.00"
2019-11-18,2019111801004734,SBL,59,40,200,284.00,"56,800.00"
2019-11-18,2019111801004830,SCB,7,7,20,553.00,"11,060.00"
2019-11-18,2019111801004811,SCB,7,52,285,553.00,"157,605.00"
2019-11-18,2019111801004810,SCB,41,52,50,553.00,"27,650.00"
2019-11-18,2019111801004809,SCB,22,52,55,553.00,"30,415.00"
2019-11-18,2019111801004808,SCB,25,52,10,554.00,"5,540.00"
2019-11-18,2019111801004474,SCB,22,40,20,553.00,"11,060.00"
2019-11-18,2019111801004769,SDESI,45,25,73,635.00,"46,355.00"
2019-11-18,2019111801004768,SDESI,42,25,20,635.00,"12,700.00"
2019-11-18,2019111801004767,SDESI,56,25,12,638.00,"7,656.00"
2019-11-18,2019111801004772,SFFIL,13,26,100,175.00,"17,500.00"
2019-11-18,2019111801004782,SHINE,40,4,30,252.00,"7,560.00"
2019-11-18,2019111801004702,SHIVM,42,36,50,424.00,"21,200.00"
2019-11-18,2019111801004680,SHIVM,22,4,120,421.00,"50,520.00"
2019-11-18,2019111801004653,SHIVM,57,4,200,422.00,"84,400.00"
2019-11-18,2019111801004652,SHIVM,48,4,100,423.00,"42,300.00"
2019-11-18,2019111801004651,SHIVM,26,4,20,425.00,"8,500.00"
2019-11-18,2019111801004597,SHIVM,25,41,15,426.00,"6,390.00"
2019-11-18,2019111801004573,SHIVM,26,48,480,425.00,"204,000.00"
2019-11-18,2019111801004538,SHIVM,21,48,20,425.00,"8,500.00"
2019-11-18,2019111801004537,SHIVM,21,48,200,425.00,"85,000.00"
2019-11-18,2019111801004536,SHIVM,21,48,180,424.00,"76,320.00"
2019-11-18,2019111801004654,SHL,22,35,228,204.00,"46,512.00"
2019-11-18,2019111801004936,SIC,37,16,464,450.00,"208,800.00"
2019-11-18,2019111801004935,SIC,37,35,100,449.00,"44,900.00"
2019-11-18,2019111801004851,SICL,33,22,50,737.00,"36,850.00"
2019-11-18,2019111801004850,SICL,58,22,50,737.00,"36,850.00"
2019-11-18,2019111801004952,SJCL,39,5,201,157.00,"31,557.00"
2019-11-18,2019111801004951,SJCL,32,5,200,157.00,"31,400.00"
2019-11-18,2019111801004950,SJCL,57,5,100,157.00,"15,700.00"
2019-11-18,2019111801004923,SJCL,35,58,10,158.00,"1,580.00"
2019-11-18,2019111801004866,SJCL,52,18,20,157.00,"3,140.00"
2019-11-18,2019111801004500,SJCL,52,34,440,157.00,"69,080.00"
2019-11-18,2019111801004499,SJCL,59,34,560,157.00,"87,920.00"
2019-11-18,2019111801004497,SJCL,59,36,20,157.00,"3,140.00"
2019-11-18,2019111801004730,SJCL,52,28,20,157.00,"3,140.00"
2019-11-18,2019111801004602,SJCL,52,28,20,157.00,"3,140.00"
2019-11-18,2019111801004834,SJCL,6,58,100,158.00,"15,800.00"
2019-11-18,2019111801004828,SJCL,11,58,30,158.00,"4,740.00"
2019-11-18,2019111801004816,SKBBL,39,54,45,945.00,"42,525.00"
2019-11-18,2019111801004714,SKBBL,42,42,50,940.00,"47,000.00"
2019-11-18,2019111801004535,SKBBL,44,38,20,935.00,"18,700.00"
2019-11-18,2019111801004929,SLBSL,25,43,10,720.00,"7,200.00"
2019-11-18,2019111801004832,SLBSL,47,50,10,711.00,"7,110.00"
2019-11-18,2019111801004831,SLBSL,47,41,10,710.00,"7,100.00"
2019-11-18,2019111801004757,SLBSL,25,19,20,704.00,"14,080.00"
2019-11-18,2019111801004482,SLBSL,19,44,10,709.00,"7,090.00"
2019-11-18,2019111801004886,SMATA,39,52,130,518.00,"67,340.00"
2019-11-18,2019111801004894,SMFBS,33,57,10,800.00,"8,000.00"
2019-11-18,2019111801004846,SMFBS,6,29,10,792.00,"7,920.00"
2019-11-18,2019111801004608,SPARS,38,28,10,526.00,"5,260.00"
2019-11-18,2019111801004840,SPDL,34,39,100,81.00,"8,100.00"
2019-11-18,2019111801004619,TRH,17,4,150,261.00,"39,150.00"
2019-11-18,2019111801004589,TRH,17,45,30,261.00,"7,830.00"
2019-11-18,2019111801004760,UPCL,34,38,450,70.00,"31,500.00"
2019-11-18,2019111801004759,UPCL,55,38,100,70.00,"7,000.00"
2019-11-18,2019111801004749,UPCL,55,38,850,70.00,"59,500.00"
2019-11-18,2019111801004742,UPCL,55,38,50,70.00,"3,500.00"
2019-11-18,2019111801004733,UPCL,40,38,200,70.00,"14,000.00"
2019-11-18,2019111801004732,UPCL,34,38,500,70.00,"35,000.00"
2019-11-18,2019111801004566,UPCL,33,38,500,72.00,"36,000.00"
2019-11-18,2019111801004560,UPCL,43,38,100,73.00,"7,300.00"
2019-11-18,2019111801004550,UPCL,38,38,10,74.00,740.00
2019-11-18,2019111801004583,UPCL,58,38,300,71.00,"21,300.00"
2019-11-18,2019111801004582,UPCL,43,38,490,71.00,"34,790.00"
2019-11-18,2019111801004579,UPCL,43,38,10,71.00,710.00
2019-11-18,2019111801004578,UPCL,36,38,200,71.00,"14,200.00"
2019-11-18,2019111801004577,UPCL,57,38,500,71.00,"35,500.00"
2019-11-18,2019111801004576,UPCL,6,38,50,71.00,"3,550.00"
2019-11-18,2019111801004613,UPCL,42,22,50,71.00,"3,550.00"
2019-11-18,2019111801004607,UPCL,34,38,100,70.00,"7,000.00"
2019-11-18,2019111801004595,UPCL,34,38,90,70.00,"6,300.00"
2019-11-18,2019111801004586,UPCL,34,38,10,70.00,700.00
2019-11-18,2019111801004585,UPCL,34,38,300,70.00,"21,000.00"
2019-11-18,2019111801004584,UPCL,8,38,200,71.00,"14,200.00"
2019-11-18,2019111801004731,UPCL,17,38,200,70.00,"14,000.00"
2019-11-18,2019111801004692,UPCL,34,38,300,70.00,"21,000.00"
2019-11-18,2019111801004691,UPCL,33,38,350,71.00,"24,850.00"
2019-11-18,2019111801004650,UPCL,33,38,150,71.00,"10,650.00"
2019-11-18,2019111801004649,UPCL,42,38,850,71.00,"60,350.00"
2019-11-18,2019111801004617,UPCL,42,38,100,71.00,"7,100.00"
2019-11-18,2019111801004932,UPPER,25,45,10,228.00,"2,280.00"
2019-11-18,2019111801004910,UPPER,8,48,220,226.00,"49,720.00"
2019-11-18,2019111801004896,UPPER,25,45,10,228.00,"2,280.00"
2019-11-18,2019111801004895,UPPER,25,22,10,227.00,"2,270.00"
2019-11-18,2019111801004815,UPPER,8,36,50,226.00,"11,300.00"
2019-11-18,2019111801004791,UPPER,8,18,50,226.00,"11,300.00"
2019-11-18,2019111801004554,UPPER,50,58,170,227.00,"38,590.00"
2019-11-18,2019111801004515,UPPER,50,46,230,227.00,"52,210.00"
2019-11-18,2019111801004504,UPPER,50,38,50,227.00,"11,350.00"
2019-11-18,2019111801004467,UPPER,50,40,50,227.00,"11,350.00"
2019-11-18,2019111801004685,UPPER,51,51,157,226.00,"35,482.00"
2019-11-18,2019111801004648,UPPER,25,45,10,228.00,"2,280.00"
2019-11-18,2019111801004647,UPPER,25,58,270,227.00,"61,290.00"
2019-11-18,2019111801004633,UPPER,51,28,40,226.00,"9,040.00"
2019-11-18,2019111801004575,UPPER,51,28,50,226.00,"11,300.00"
2019-11-18,2019111801004555,UPPER,58,58,60,227.00,"13,620.00"
2019-11-18,2019111801004755,UPPER,29,29,50,227.00,"11,350.00"
2019-11-18,2019111801004754,UPPER,29,29,40,227.00,"9,080.00"
2019-11-18,2019111801004753,UPPER,29,29,40,227.00,"9,080.00"
2019-11-18,2019111801004752,UPPER,29,29,50,227.00,"11,350.00"
2019-11-18,2019111801004687,UPPER,8,51,343,226.00,"77,518.00"
2019-11-18,2019111801004686,UPPER,11,51,100,226.00,"22,600.00"
2019-11-18,2019111801004941,VLBS,39,22,40,583.00,"23,320.00"
2019-11-18,2019111801004519,VLBS,39,33,18,583.00,"10,494.00"
2019-11-18,2019111801004287,ADBL,39,46,49,415.00,"20,335.00"
2019-11-18,2019111801004035,ADBL,39,42,"2,000",416.00,"832,000.00"
2019-11-18,2019111801004225,AHPC,28,39,25,98.00,"2,450.00"
2019-11-18,2019111801004160,AHPC,28,39,15,98.00,"1,470.00"
2019-11-18,2019111801004094,AHPC,28,28,15,97.00,"1,455.00"
2019-11-18,2019111801004082,AHPC,28,28,10,96.00,960.00
2019-11-18,2019111801004043,AHPC,28,1,131,95.00,"12,445.00"
2019-11-18,2019111801004414,AKBSL,20,47,10,435.00,"4,350.00"
2019-11-18,2019111801004342,AKBSL,20,45,10,435.00,"4,350.00"
2019-11-18,2019111801004148,AKBSL,20,44,10,435.00,"4,350.00"
2019-11-18,2019111801004438,AKPL,41,28,25,121.00,"3,025.00"
2019-11-18,2019111801004293,AKPL,21,28,25,121.00,"3,025.00"
2019-11-18,2019111801004267,ALBSL,48,44,10,403.00,"4,030.00"
2019-11-18,2019111801004127,ALBSL,48,6,70,403.00,"28,210.00"
2019-11-18,2019111801004126,ALBSL,22,6,100,403.00,"40,300.00"
2019-11-18,2019111801004423,ALICL,28,45,20,316.00,"6,320.00"
2019-11-18,2019111801004378,ALICL,28,7,213,316.00,"67,308.00"
2019-11-18,2019111801004377,ALICL,59,7,500,317.00,"158,500.00"
2019-11-18,2019111801004376,ALICL,42,7,20,317.00,"6,340.00"
2019-11-18,2019111801004375,ALICL,59,7,367,317.00,"116,339.00"
2019-11-18,2019111801004442,API,25,34,50,105.00,"5,250.00"
2019-11-18,2019111801004310,API,41,25,37,104.00,"3,848.00"
2019-11-18,2019111801004309,API,36,25,100,104.00,"10,400.00"
2019-11-18,2019111801004308,API,42,25,"1,863",104.00,"193,752.00"
2019-11-18,2019111801004050,BNT,34,11,100,"6,250.00","625,000.00"
2019-11-18,2019111801004329,BOKL,6,25,194,217.00,"42,098.00"
2019-11-18,2019111801004328,BOKL,26,25,121,217.00,"26,257.00"
2019-11-18,2019111801004327,BOKL,49,25,50,217.00,"10,850.00"
2019-11-18,2019111801004338,CBBL,35,45,20,975.00,"19,500.00"
2019-11-18,2019111801004337,CBBL,22,45,15,975.00,"14,625.00"
2019-11-18,2019111801004340,CBL,57,50,100,138.00,"13,800.00"
2019-11-18,2019111801004305,CBL,25,50,17,138.00,"2,346.00"
2019-11-18,2019111801004304,CBL,25,55,183,138.00,"25,254.00"
2019-11-18,2019111801004281,CBL,17,55,317,138.00,"43,746.00"
2019-11-18,2019111801004280,CBL,17,52,500,138.00,"69,000.00"
2019-11-18,2019111801004279,CBL,17,33,183,138.00,"25,254.00"
2019-11-18,2019111801004252,CBL,19,45,136,137.00,"18,632.00"
2019-11-18,2019111801004312,CCBL,14,45,10,161.00,"1,610.00"
2019-11-18,2019111801004296,CCBL,14,43,214,161.00,"34,454.00"
2019-11-18,2019111801004260,CCBL,14,45,67,161.00,"10,787.00"
2019-11-18,2019111801004259,CCBL,38,45,17,161.00,"2,737.00"
2019-11-18,2019111801004092,CCBL,38,29,20,161.00,"3,220.00"
2019-11-18,2019111801003969,CCBL,38,57,850,161.00,"136,850.00"
2019-11-18,2019111801004183,CHCL,8,25,109,350.00,"38,150.00"
2019-11-18,2019111801004182,CHCL,54,25,150,350.00,"52,500.00"
2019-11-18,2019111801004181,CHCL,16,25,241,351.00,"84,591.00"
2019-11-18,2019111801004144,CHCL,16,25,159,351.00,"55,809.00"
2019-11-18,2019111801004143,CHCL,42,25,200,352.00,"70,400.00"
2019-11-18,2019111801004142,CHCL,13,25,20,352.00,"7,040.00"
2019-11-18,2019111801004141,CHCL,48,25,15,352.00,"5,280.00"
2019-11-18,2019111801004140,CHCL,54,25,30,352.00,"10,560.00"
2019-11-18,2019111801004139,CHCL,43,25,76,353.00,"26,828.00"
2019-11-18,2019111801004354,CZBIL,6,25,354,185.00,"65,490.00"
2019-11-18,2019111801004306,CZBIL,6,35,35,185.00,"6,475.00"
2019-11-18,2019111801004108,CZBIL,59,25,48,185.00,"8,880.00"
2019-11-18,2019111801004070,CZBIL,51,25,150,185.00,"27,750.00"
2019-11-18,2019111801004037,CZBIL,51,57,100,185.00,"18,500.00"
2019-11-18,2019111801003967,DBBL,16,38,78,123.00,"9,594.00"
2019-11-18,2019111801004256,EBL,25,57,18,554.00,"9,972.00"
2019-11-18,2019111801004105,EBL,17,17,38,553.00,"21,014.00"
2019-11-18,2019111801004075,EBL,17,58,219,553.00,"121,107.00"
2019-11-18,2019111801004074,EBL,44,58,281,553.00,"155,393.00"
2019-11-18,2019111801004254,FMDBL,52,54,10,305.00,"3,050.00"
2019-11-18,2019111801004335,FOWAD,49,34,49,"1,315.00","64,435.00"
2019-11-18,2019111801004262,GBBL,55,48,17,223.00,"3,791.00"
2019-11-18,2019111801004285,GBLBS,11,49,35,304.00,"10,640.00"
2019-11-18,2019111801004063,GBLBS,44,49,110,304.00,"33,440.00"
2019-11-18,2019111801004062,GBLBS,44,41,75,303.00,"22,725.00"
2019-11-18,2019111801004061,GBLBS,44,22,15,303.00,"4,545.00"
2019-11-18,2019111801003976,GBLBS,8,42,150,301.00,"45,150.00"
2019-11-18,2019111801004324,GLICL,39,34,50,358.00,"17,900.00"
2019-11-18,2019111801004226,GLICL,39,43,130,358.00,"46,540.00"
2019-11-18,2019111801004298,GMFBS,37,58,150,497.00,"74,550.00"
2019-11-18,2019111801004297,GMFBS,32,58,20,497.00,"9,940.00"
2019-11-18,2019111801004283,GMFBS,37,44,10,497.00,"4,970.00"
2019-11-18,2019111801004268,GMFBS,37,29,10,497.00,"4,970.00"
2019-11-18,2019111801004054,GMFBS,37,44,10,497.00,"4,970.00"
2019-11-18,2019111801004404,GRDBL,45,43,50,101.00,"5,050.00"
2019-11-18,2019111801004409,GUFL,3,43,20,110.00,"2,200.00"
2019-11-18,2019111801004436,HBL,11,16,30,480.00,"14,400.00"
2019-11-18,2019111801004435,HBL,32,16,50,481.00,"24,050.00"
2019-11-18,2019111801004434,HBL,52,16,20,481.00,"9,620.00"
2019-11-18,2019111801004433,HBL,28,16,20,485.00,"9,700.00"
2019-11-18,2019111801004111,HBL,37,13,131,484.00,"63,404.00"
2019-11-18,2019111801004368,HDL,6,26,10,"1,765.00","17,650.00"
2019-11-18,2019111801004204,HDL,42,39,83,"1,757.00","145,831.00"
2019-11-18,2019111801004203,HDL,3,39,10,"1,758.00","17,580.00"
2019-11-18,2019111801004202,HDL,37,39,50,"1,760.00","88,000.00"
2019-11-18,2019111801004201,HDL,49,39,100,"1,761.00","176,100.00"
2019-11-18,2019111801004200,HDL,35,39,10,"1,761.00","17,610.00"
2019-11-18,2019111801004199,HDL,44,39,10,"1,762.00","17,620.00"
2019-11-18,2019111801004198,HDL,46,39,50,"1,762.00","88,100.00"
2019-11-18,2019111801004197,HDL,6,39,67,"1,765.00","118,255.00"
2019-11-18,2019111801004219,HGI,17,41,15,246.00,"3,690.00"
2019-11-18,2019111801004218,HGI,45,41,15,246.00,"3,690.00"
2019-11-18,2019111801004046,HIDCL,51,29,239,130.00,"31,070.00"
2019-11-18,2019111801004045,HIDCL,58,29,"1,000",130.00,"130,000.00"
2019-11-18,2019111801004044,HIDCL,51,29,261,130.00,"33,930.00"
2019-11-18,2019111801003992,HIDCL,33,32,61,131.00,"7,991.00"
2019-11-18,2019111801003968,HIDCL,33,35,180,131.00,"23,580.00"
2019-11-18,2019111801004263,HPPL,45,54,10,134.00,"1,340.00"
2019-11-18,2019111801004448,ILBS,43,47,10,468.00,"4,680.00"
2019-11-18,2019111801004408,ILBS,58,22,10,469.00,"4,690.00"
2019-11-18,2019111801004406,ILBS,1,39,10,470.00,"4,700.00"
2019-11-18,2019111801004405,ILBS,1,42,10,470.00,"4,700.00"
2019-11-18,2019111801004326,ILBS,58,29,20,469.00,"9,380.00"
2019-11-18,2019111801004325,ILBS,58,29,10,469.00,"4,690.00"
2019-11-18,2019111801004172,ILBS,55,44,10,469.00,"4,690.00"
2019-11-18,2019111801004014,ILBS,55,47,10,469.00,"4,690.00"
2019-11-18,2019111801004453,JBBL,45,58,200,161.00,"32,200.00"
2019-11-18,2019111801004255,JOSHI,38,29,20,54.00,"1,080.00"
2019-11-18,2019111801004212,JOSHI,38,29,20,54.00,"1,080.00"
2019-11-18,2019111801004103,JOSHI,38,29,20,54.00,"1,080.00"
2019-11-18,2019111801004441,KSBBL,41,38,500,134.00,"67,000.00"
2019-11-18,2019111801004440,KSBBL,51,38,431,134.00,"57,754.00"
2019-11-18,2019111801004381,LBBL,8,8,16,170.00,"2,720.00"
2019-11-18,2019111801004265,LBL,43,25,119,217.00,"25,823.00"
2019-11-18,2019111801004251,LBL,43,29,33,217.00,"7,161.00"
2019-11-18,2019111801004222,LBL,43,29,33,217.00,"7,161.00"
2019-11-18,2019111801004223,LGIL,49,35,200,315.00,"63,000.00"
2019-11-18,2019111801004432,LICN,20,29,10,973.00,"9,730.00"
2019-11-18,2019111801004365,MBL,28,35,231,222.00,"51,282.00"
2019-11-18,2019111801004357,MBL,51,35,50,223.00,"11,150.00"
2019-11-18,2019111801004367,MDB,20,46,37,242.00,"8,954.00"
2019-11-18,2019111801004058,MEGA,1,57,950,185.00,"175,750.00"
2019-11-18,2019111801004039,MEGA,21,57,50,185.00,"9,250.00"
2019-11-18,2019111801004016,MEGA,13,13,109,185.00,"20,165.00"
2019-11-18,2019111801004110,MEGA,28,29,21,184.00,"3,864.00"
2019-11-18,2019111801004095,MEGA,1,8,50,185.00,"9,250.00"
2019-11-18,2019111801004311,MEGA,33,13,150,185.00,"27,750.00"
2019-11-18,2019111801004073,MERO,58,50,30,425.00,"12,750.00"
2019-11-18,2019111801004444,MFIL,43,59,700,126.00,"88,200.00"
2019-11-18,2019111801004395,MFIL,43,59,300,126.00,"37,800.00"
2019-11-18,2019111801004447,MHNL,52,45,10,78.00,780.00
2019-11-18,2019111801004333,MLBL,45,8,11,178.00,"1,958.00"
2019-11-18,2019111801004295,MLBL,45,45,90,178.00,"16,020.00"
2019-11-18,2019111801004107,MLBL,45,51,23,178.00,"4,094.00"
2019-11-18,2019111801004064,MLBL,45,51,35,178.00,"6,230.00"
2019-11-18,2019111801004351,MNBBL,33,11,70,314.00,"21,980.00"
2019-11-18,2019111801004244,MNBBL,55,45,10,313.00,"3,130.00"
2019-11-18,2019111801004121,MNBBL,55,6,79,313.00,"24,727.00"
2019-11-18,2019111801003975,MNBBL,32,11,30,314.00,"9,420.00"
2019-11-18,2019111801004170,MSMBS,42,44,22,480.00,"10,560.00"
2019-11-18,2019111801004344,NABIL,49,39,90,756.00,"68,040.00"
2019-11-18,2019111801004343,NABIL,49,54,10,755.00,"7,550.00"
2019-11-18,2019111801004266,NABIL,25,39,44,756.00,"33,264.00"
2019-11-18,2019111801004249,NABIL,32,47,30,755.00,"22,650.00"
2019-11-18,2019111801004248,NABIL,7,47,200,755.00,"151,000.00"
2019-11-18,2019111801004426,NBB,54,54,10,204.00,"2,040.00"
2019-11-18,2019111801004382,NBB,54,28,110,204.00,"22,440.00"
2019-11-18,2019111801004071,NBB,34,28,500,205.00,"102,500.00"
2019-11-18,2019111801003970,NBB,34,52,100,206.00,"20,600.00"
2019-11-18,2019111801004380,NBL,11,29,10,319.00,"3,190.00"
2019-11-18,2019111801004379,NBL,19,29,40,319.00,"12,760.00"
2019-11-18,2019111801004374,NBL,19,25,260,319.00,"82,940.00"
2019-11-18,2019111801004373,NBL,50,25,20,319.00,"6,380.00"
2019-11-18,2019111801004356,NBL,50,38,480,319.00,"153,120.00"
2019-11-18,2019111801004355,NBL,6,38,200,319.00,"63,800.00"
2019-11-18,2019111801003972,NBL,58,39,40,319.00,"12,760.00"
2019-11-18,2019111801003971,NBL,17,39,650,319.00,"207,350.00"
2019-11-18,2019111801003987,NBL,56,34,200,319.00,"63,800.00"
2019-11-18,2019111801003986,NBL,35,34,200,319.00,"63,800.00"
2019-11-18,2019111801003985,NBL,6,34,400,319.00,"127,600.00"
2019-11-18,2019111801003984,NBL,14,34,250,319.00,"79,750.00"
2019-11-18,2019111801003983,NBL,14,34,690,319.00,"220,110.00"
2019-11-18,2019111801003973,NBL,14,39,310,319.00,"98,890.00"
2019-11-18,2019111801004133,NBL,32,38,100,319.00,"31,900.00"
2019-11-18,2019111801004132,NBL,41,38,170,319.00,"54,230.00"
2019-11-18,2019111801003991,NBL,41,34,30,319.00,"9,570.00"
2019-11-18,2019111801003990,NBL,40,34,200,319.00,"63,800.00"
2019-11-18,2019111801003989,NBL,14,34,"1,000",319.00,"319,000.00"
2019-11-18,2019111801003988,NBL,35,34,30,319.00,"9,570.00"
2019-11-18,2019111801004151,NBL,19,29,200,318.00,"63,600.00"
2019-11-18,2019111801004138,NBL,29,38,60,319.00,"19,140.00"
2019-11-18,2019111801004137,NBL,52,38,"1,000",319.00,"319,000.00"
2019-11-18,2019111801004136,NBL,25,38,400,319.00,"127,600.00"
2019-11-18,2019111801004135,NBL,34,38,220,319.00,"70,180.00"
2019-11-18,2019111801004134,NBL,22,38,30,319.00,"9,570.00"
2019-11-18,2019111801004175,NBL,51,38,100,319.00,"31,900.00"
2019-11-18,2019111801004156,NBL,49,38,200,319.00,"63,800.00"
2019-11-18,2019111801004155,NBL,13,29,80,318.00,"25,440.00"
2019-11-18,2019111801004154,NBL,7,29,100,318.00,"31,800.00"
2019-11-18,2019111801004153,NBL,1,29,100,318.00,"31,800.00"
2019-11-18,2019111801004152,NBL,58,29,20,318.00,"6,360.00"
2019-11-18,2019111801004349,NBL,19,38,200,319.00,"63,800.00"
2019-11-18,2019111801004321,NBL,43,38,25,319.00,"7,975.00"
2019-11-18,2019111801004286,NBL,45,38,250,319.00,"79,750.00"
2019-11-18,2019111801004211,NBL,35,38,300,319.00,"95,700.00"
2019-11-18,2019111801004205,NBL,6,38,65,319.00,"20,735.00"
2019-11-18,2019111801004196,NBL,56,38,200,319.00,"63,800.00"
2019-11-18,2019111801004294,NCCB,52,8,95,201.00,"19,095.00"
2019-11-18,2019111801004167,NCCB,55,49,100,202.00,"20,200.00"
2019-11-18,2019111801004361,NHPC,56,39,633,50.00,"31,650.00"
2019-11-18,2019111801004360,NHPC,26,39,70,50.00,"3,500.00"
2019-11-18,2019111801004359,NHPC,16,39,300,50.00,"15,000.00"
2019-11-18,2019111801004347,NHPC,49,39,40,51.00,"2,040.00"
2019-11-18,2019111801004346,NHPC,58,39,"1,000",51.00,"51,000.00"
2019-11-18,2019111801004345,NHPC,16,39,640,51.00,"32,640.00"
2019-11-18,2019111801004104,NHPC,17,36,200,52.00,"10,400.00"
2019-11-18,2019111801004413,NIB,57,11,137,418.00,"57,266.00"
2019-11-18,2019111801004387,NIB,57,13,100,418.00,"41,800.00"
2019-11-18,2019111801004364,NIB,57,21,13,418.00,"5,434.00"
2019-11-18,2019111801004363,NIB,49,21,50,418.00,"20,900.00"
2019-11-18,2019111801004317,NIB,33,11,125,418.00,"52,250.00"
2019-11-18,2019111801004316,NIB,22,11,10,418.00,"4,180.00"
2019-11-18,2019111801004106,NIB,21,57,33,418.00,"13,794.00"
2019-11-18,2019111801004315,NIB,32,11,25,418.00,"10,450.00"
2019-11-18,2019111801004314,NIB,38,11,30,418.00,"12,540.00"
2019-11-18,2019111801004313,NIB,21,11,140,418.00,"58,520.00"
2019-11-18,2019111801004276,NIB,25,34,23,419.00,"9,637.00"
2019-11-18,2019111801004124,NIB,4,34,25,419.00,"10,475.00"
2019-11-18,2019111801004114,NIB,21,29,27,418.00,"11,286.00"
2019-11-18,2019111801004439,NIBPO,51,47,118,390.00,"46,020.00"
2019-11-18,2019111801004119,NIBPO,7,37,500,388.00,"194,000.00"
2019-11-18,2019111801004118,NIBPO,22,37,192,388.00,"74,496.00"
2019-11-18,2019111801003995,NIBPO,7,49,300,389.00,"116,700.00"
2019-11-18,2019111801004117,NIBPO,35,37,20,389.00,"7,780.00"
2019-11-18,2019111801004013,NIBPO,7,4,200,389.00,"77,800.00"
2019-11-18,2019111801004449,NICA,49,28,100,417.00,"41,700.00"
2019-11-18,2019111801004389,NICA,35,45,454,416.00,"188,864.00"
2019-11-18,2019111801004388,NICA,16,45,46,416.00,"19,136.00"
2019-11-18,2019111801004352,NICA,49,28,100,417.00,"41,700.00"
2019-11-18,2019111801004318,NICA,16,45,54,416.00,"22,464.00"
2019-11-18,2019111801004079,NICA,36,43,210,416.00,"87,360.00"
2019-11-18,2019111801004076,NICA,55,43,50,416.00,"20,800.00"
2019-11-18,2019111801004057,NICA,13,43,10,416.00,"4,160.00"
2019-11-18,2019111801004036,NICA,32,43,30,416.00,"12,480.00"
2019-11-18,2019111801004024,NICA,36,28,23,417.00,"9,591.00"
2019-11-18,2019111801004282,NICL,37,35,13,253.00,"3,289.00"
2019-11-18,2019111801004273,NICL,47,35,30,254.00,"7,620.00"
2019-11-18,2019111801004208,NICL,25,28,10,257.00,"2,570.00"
2019-11-18,2019111801004195,NICL,37,25,400,253.00,"101,200.00"
2019-11-18,2019111801004194,NICL,53,25,500,253.00,"126,500.00"
2019-11-18,2019111801004193,NICL,42,25,20,254.00,"5,080.00"
2019-11-18,2019111801004192,NICL,6,25,80,254.00,"20,320.00"
2019-11-18,2019111801004116,NICL,6,1,200,254.00,"50,800.00"
2019-11-18,2019111801004431,NIL,13,43,190,377.00,"71,630.00"
2019-11-18,2019111801004188,NIL,38,44,514,377.00,"193,778.00"
2019-11-18,2019111801003994,NLG,53,52,300,528.00,"158,400.00"
2019-11-18,2019111801004284,NLIC,25,32,44,794.00,"34,936.00"
2019-11-18,2019111801004300,NLICL,55,39,50,420.00,"21,000.00"
2019-11-18,2019111801004417,NMB,44,59,90,387.00,"34,830.00"
2019-11-18,2019111801004412,NMB,25,35,511,386.00,"197,246.00"
2019-11-18,2019111801004411,NMB,22,35,849,386.00,"327,714.00"
2019-11-18,2019111801004403,NMB,51,59,70,387.00,"27,090.00"
2019-11-18,2019111801004400,NMB,49,59,100,387.00,"38,700.00"
2019-11-18,2019111801004397,NMB,29,29,3,379.00,"1,137.00"
2019-11-18,2019111801004085,NMB,4,54,10,386.00,"3,860.00"
2019-11-18,2019111801004084,NMB,4,41,240,386.00,"92,640.00"
2019-11-18,2019111801004067,NMB,13,54,300,386.00,"115,800.00"
2019-11-18,2019111801004041,NMB,48,11,200,385.00,"77,000.00"
2019-11-18,2019111801003959,NMB,32,54,680,386.00,"262,480.00"
2019-11-18,2019111801003958,NMB,32,55,100,386.00,"38,600.00"
2019-11-18,2019111801004125,NMB,7,59,300,387.00,"116,100.00"
2019-11-18,2019111801004123,NMB,40,1,61,386.00,"23,546.00"
2019-11-18,2019111801004122,NMB,7,1,30,386.00,"11,580.00"
2019-11-18,2019111801004091,NMB,7,41,110,386.00,"42,460.00"
2019-11-18,2019111801004090,NMB,7,14,500,386.00,"193,000.00"
2019-11-18,2019111801004089,NMB,7,54,360,386.00,"138,960.00"
2019-11-18,2019111801004209,NMB,19,46,482,386.00,"186,052.00"
2019-11-18,2019111801004191,NMB,19,51,18,386.00,"6,948.00"
2019-11-18,2019111801004190,NMB,40,51,16,386.00,"6,176.00"
2019-11-18,2019111801004177,NMB,40,51,37,386.00,"14,282.00"
2019-11-18,2019111801004171,NMB,40,51,36,386.00,"13,896.00"
2019-11-18,2019111801004145,NMB,40,25,100,386.00,"38,600.00"
2019-11-18,2019111801004272,NMB,11,35,"1,000",386.00,"386,000.00"
2019-11-18,2019111801004264,NMB,40,35,200,386.00,"77,200.00"
2019-11-18,2019111801004246,NMB,39,35,100,386.00,"38,600.00"
2019-11-18,2019111801004245,NMB,29,35,449,386.00,"173,314.00"
2019-11-18,2019111801004215,NMB,29,51,33,386.00,"12,738.00"
2019-11-18,2019111801004210,NMB,29,46,18,386.00,"6,948.00"
2019-11-18,2019111801004336,NMB,22,46,151,386.00,"58,286.00"
2019-11-18,2019111801004332,NMB,40,46,200,386.00,"77,200.00"
2019-11-18,2019111801004331,NMB,49,46,300,386.00,"115,800.00"
2019-11-18,2019111801004330,NMB,11,46,349,386.00,"134,714.00"
2019-11-18,2019111801004290,NMB,11,46,500,386.00,"193,000.00"
2019-11-18,2019111801004289,NMB,11,35,251,386.00,"96,886.00"
2019-11-18,2019111801004457,NMFBS,37,32,100,"1,729.00","172,900.00"
2019-11-18,2019111801004456,NMFBS,37,5,85,"1,725.00","146,625.00"
2019-11-18,2019111801004455,NMFBS,37,40,15,"1,725.00","25,875.00"
2019-11-18,2019111801004228,NNLB,37,14,10,464.00,"4,640.00"
2019-11-18,2019111801004180,NUBL,38,39,20,896.00,"17,920.00"
2019-11-18,2019111801004179,NUBL,38,39,107,896.00,"95,872.00"
2019-11-18,2019111801004178,NUBL,38,39,20,896.00,"17,920.00"
2019-11-18,2019111801004080,OHL,1,45,10,408.00,"4,080.00"
2019-11-18,2019111801004416,PCBL,13,58,"1,700",270.00,"459,000.00"
2019-11-18,2019111801004399,PCBL,51,58,300,270.00,"81,000.00"
2019-11-18,2019111801004348,PCBL,13,58,149,270.00,"40,230.00"
2019-11-18,2019111801004320,PCBL,25,58,200,270.00,"54,000.00"
2019-11-18,2019111801004319,PCBL,8,58,"1,151",270.00,"310,770.00"
2019-11-18,2019111801004278,PCBL,8,52,450,270.00,"121,500.00"
2019-11-18,2019111801004258,PCBL,8,50,19,270.00,"5,130.00"
2019-11-18,2019111801004056,PCBL,8,21,230,270.00,"62,100.00"
2019-11-18,2019111801004055,PCBL,8,49,"1,179",270.00,"318,330.00"
2019-11-18,2019111801004053,PCBL,14,46,18,269.00,"4,842.00"
2019-11-18,2019111801004049,PCBL,14,21,200,270.00,"54,000.00"
2019-11-18,2019111801004010,PCBL,49,21,50,270.00,"13,500.00"
2019-11-18,2019111801004322,PFL,20,39,22,135.00,"2,970.00"
2019-11-18,2019111801004398,PIC,16,28,123,350.00,"43,050.00"
2019-11-18,2019111801004231,PIC,53,39,309,349.00,"107,841.00"
2019-11-18,2019111801004230,PIC,37,39,59,350.00,"20,650.00"
2019-11-18,2019111801004418,PICL,49,22,200,414.00,"82,800.00"
2019-11-18,2019111801004307,PLIC,7,54,10,311.00,"3,110.00"
2019-11-18,2019111801004026,PLIC,7,25,58,311.00,"18,038.00"
2019-11-18,2019111801004415,PPCL,45,22,10,109.00,"1,090.00"
2019-11-18,2019111801004383,PPCL,45,22,30,109.00,"3,270.00"
2019-11-18,2019111801004362,PPCL,45,22,30,109.00,"3,270.00"
2019-11-18,2019111801004011,PPCL,45,38,30,109.00,"3,270.00"
2019-11-18,2019111801004303,PRIN,5,22,65,311.00,"20,215.00"
2019-11-18,2019111801004353,PRVU,39,45,40,228.00,"9,120.00"
2019-11-18,2019111801004323,PRVU,39,54,10,228.00,"2,280.00"
2019-11-18,2019111801004120,PRVU,11,29,16,227.00,"3,632.00"
2019-11-18,2019111801004100,PRVU,22,45,410,228.00,"93,480.00"
2019-11-18,2019111801004099,PRVU,22,35,"2,000",228.00,"456,000.00"
2019-11-18,2019111801004098,PRVU,22,16,500,228.00,"114,000.00"
2019-11-18,2019111801004097,PRVU,22,16,80,228.00,"18,240.00"
2019-11-18,2019111801004021,RADHI,44,44,2,143.00,286.00
2019-11-18,2019111801004429,RBCL,11,48,10,"8,404.00","84,040.00"
2019-11-18,2019111801004428,RBCL,11,11,20,"8,250.00","165,000.00"
2019-11-18,2019111801004427,RBCL,11,14,10,"8,246.00","82,460.00"
2019-11-18,2019111801004454,RBCLPO,59,33,40,"7,220.00","288,800.00"
2019-11-18,2019111801004410,RBCLPO,59,42,50,"7,220.00","361,000.00"
2019-11-18,2019111801004394,RHPC,20,48,47,73.00,"3,431.00"
2019-11-18,2019111801004393,RHPC,1,48,"2,000",73.00,"146,000.00"
2019-11-18,2019111801004392,RHPC,14,48,200,73.00,"14,600.00"
2019-11-18,2019111801004391,RHPC,45,48,200,73.00,"14,600.00"
2019-11-18,2019111801004390,RHPC,14,48,33,73.00,"2,409.00"
2019-11-18,2019111801004402,RHPL,55,26,40,165.00,"6,600.00"
2019-11-18,2019111801004275,RHPL,40,8,30,163.00,"4,890.00"
2019-11-18,2019111801004274,RHPL,57,8,10,163.00,"1,630.00"
2019-11-18,2019111801004242,RHPL,57,54,40,163.00,"6,520.00"
2019-11-18,2019111801004238,RHPL,52,58,30,164.00,"4,920.00"
2019-11-18,2019111801004237,RHPL,52,32,40,164.00,"6,560.00"
2019-11-18,2019111801003982,RHPL,57,17,10,163.00,"1,630.00"
2019-11-18,2019111801003981,RHPL,57,17,20,163.00,"3,260.00"
2019-11-18,2019111801003980,RHPL,57,17,10,163.00,"1,630.00"
2019-11-18,2019111801003964,RHPL,11,40,30,162.00,"4,860.00"
2019-11-18,2019111801003961,RHPL,11,32,20,162.00,"3,240.00"
2019-11-18,2019111801003960,RHPL,22,32,20,162.00,"3,240.00"
2019-11-18,2019111801004086,RHPL,57,6,50,163.00,"8,150.00"
2019-11-18,2019111801004083,RHPL,57,6,50,163.00,"8,150.00"
2019-11-18,2019111801004066,RHPL,57,40,30,163.00,"4,890.00"
2019-11-18,2019111801004060,RHPL,57,44,30,163.00,"4,890.00"
2019-11-18,2019111801004019,RHPL,57,40,30,163.00,"4,890.00"
2019-11-18,2019111801003993,RHPL,57,32,40,163.00,"6,520.00"
2019-11-18,2019111801004236,RHPL,52,46,40,164.00,"6,560.00"
2019-11-18,2019111801004235,RHPL,52,54,20,164.00,"3,280.00"
2019-11-18,2019111801004229,RHPL,57,54,50,163.00,"8,150.00"
2019-11-18,2019111801004221,RHPL,57,8,40,163.00,"6,520.00"
2019-11-18,2019111801004207,RHPL,57,29,40,163.00,"6,520.00"
2019-11-18,2019111801004096,RHPL,57,6,50,163.00,"8,150.00"
2019-11-18,2019111801004093,RLFL,1,28,432,108.00,"46,656.00"
2019-11-18,2019111801004029,RLFL,45,28,48,108.00,"5,184.00"
2019-11-18,2019111801004028,RLFL,17,28,80,108.00,"8,640.00"
2019-11-18,2019111801004339,RRHP,47,44,10,98.00,980.00
2019-11-18,2019111801003979,RSDC,44,45,111,296.00,"32,856.00"
2019-11-18,2019111801003978,RSDC,44,6,40,296.00,"11,840.00"
2019-11-18,2019111801003977,RSDC,44,42,49,294.00,"14,406.00"
2019-11-18,2019111801004450,SABSL,51,42,10,555.00,"5,550.00"
2019-11-18,2019111801004446,SABSL,33,42,10,556.00,"5,560.00"
2019-11-18,2019111801004424,SABSL,36,47,10,554.00,"5,540.00"
2019-11-18,2019111801004419,SABSL,28,51,50,555.00,"27,750.00"
2019-11-18,2019111801004371,SABSL,36,51,490,554.00,"271,460.00"
2019-11-18,2019111801004370,SABSL,36,51,50,554.00,"27,700.00"
2019-11-18,2019111801003965,SABSL,36,39,10,559.00,"5,590.00"
2019-11-18,2019111801004239,SABSL,28,51,50,556.00,"27,800.00"
2019-11-18,2019111801004189,SABSL,28,42,10,556.00,"5,560.00"
2019-11-18,2019111801004173,SABSL,28,42,10,556.00,"5,560.00"
2019-11-18,2019111801004020,SABSL,36,45,60,559.00,"33,540.00"
2019-11-18,2019111801003997,SABSL,36,32,10,559.00,"5,590.00"
2019-11-18,2019111801003996,SABSL,36,39,10,559.00,"5,590.00"
2019-11-18,2019111801004369,SABSL,50,51,10,554.00,"5,540.00"
2019-11-18,2019111801004271,SABSL,22,51,30,555.00,"16,650.00"
2019-11-18,2019111801004270,SABSL,40,51,50,555.00,"27,750.00"
2019-11-18,2019111801004269,SABSL,32,51,20,555.00,"11,100.00"
2019-11-18,2019111801004253,SABSL,22,57,10,555.00,"5,550.00"
2019-11-18,2019111801004240,SABSL,28,57,10,556.00,"5,560.00"
2019-11-18,2019111801004146,SADBL,8,45,20,136.00,"2,720.00"
2019-11-18,2019111801004445,SANIMA,49,14,100,307.00,"30,700.00"
2019-11-18,2019111801004299,SANIMA,4,22,500,306.00,"153,000.00"
2019-11-18,2019111801004257,SANIMA,7,14,"1,000",307.00,"307,000.00"
2019-11-18,2019111801004040,SAPDBL,7,28,175,118.00,"20,650.00"
2019-11-18,2019111801004407,SCB,25,16,192,555.00,"106,560.00"
2019-11-18,2019111801004115,SCB,29,50,2,552.00,"1,104.00"
2019-11-18,2019111801004027,SDESI,17,21,20,639.00,"12,780.00"
2019-11-18,2019111801003963,SDESI,44,25,32,635.00,"20,320.00"
2019-11-18,2019111801004150,SFFIL,4,26,50,175.00,"8,750.00"
2019-11-18,2019111801004038,SHINE,58,4,100,252.00,"25,200.00"
2019-11-18,2019111801004430,SHIVM,25,48,20,424.00,"8,480.00"
2019-11-18,2019111801004288,SHIVM,22,57,59,421.00,"24,839.00"
2019-11-18,2019111801004243,SHIVM,25,57,50,424.00,"21,200.00"
2019-11-18,2019111801004234,SHIVM,25,57,55,425.00,"23,375.00"
2019-11-18,2019111801004233,SHIVM,25,57,30,426.00,"12,780.00"
2019-11-18,2019111801004224,SHIVM,45,4,40,427.00,"17,080.00"
2019-11-18,2019111801004025,SHIVM,19,34,50,416.00,"20,800.00"
2019-11-18,2019111801004023,SHIVM,32,34,940,416.00,"391,040.00"
2019-11-18,2019111801004022,SHIVM,32,22,50,415.00,"20,750.00"
2019-11-18,2019111801004018,SHIVM,21,7,500,415.00,"207,500.00"
2019-11-18,2019111801004017,SHIVM,21,48,40,415.00,"16,600.00"
2019-11-18,2019111801003962,SHIVM,28,45,490,414.00,"202,860.00"
2019-11-18,2019111801004072,SHIVM,38,48,190,419.00,"79,610.00"
2019-11-18,2019111801004069,SHIVM,41,48,10,419.00,"4,190.00"
2019-11-18,2019111801004068,SHIVM,41,48,190,419.00,"79,610.00"
2019-11-18,2019111801004048,SHIVM,35,48,10,419.00,"4,190.00"
2019-11-18,2019111801004047,SHIVM,35,58,20,418.00,"8,360.00"
2019-11-18,2019111801004149,SHIVM,25,4,250,424.00,"106,000.00"
2019-11-18,2019111801004129,SHIVM,25,6,500,420.00,"210,000.00"
2019-11-18,2019111801004128,SHIVM,25,5,390,420.00,"163,800.00"
2019-11-18,2019111801004109,SHIVM,32,5,10,420.00,"4,200.00"
2019-11-18,2019111801004102,SHIVM,32,22,40,419.00,"16,760.00"
2019-11-18,2019111801004101,SHIVM,38,22,10,419.00,"4,190.00"
2019-11-18,2019111801004168,SHIVM,25,47,50,427.00,"21,350.00"
2019-11-18,2019111801004162,SHIVM,25,34,80,426.00,"34,080.00"
2019-11-18,2019111801004161,SHIVM,25,29,90,426.00,"38,340.00"
2019-11-18,2019111801004159,SHIVM,25,53,100,425.00,"42,500.00"
2019-11-18,2019111801004158,SHIVM,25,53,400,425.00,"170,000.00"
2019-11-18,2019111801004157,SHIVM,25,36,145,425.00,"61,625.00"
2019-11-18,2019111801004220,SHIVM,25,4,20,427.00,"8,540.00"
2019-11-18,2019111801004217,SHIVM,41,36,90,429.00,"38,610.00"
2019-11-18,2019111801004216,SHIVM,41,48,10,428.00,"4,280.00"
2019-11-18,2019111801004186,SHIVM,19,48,50,428.00,"21,400.00"
2019-11-18,2019111801004185,SHIVM,58,48,140,428.00,"59,920.00"
2019-11-18,2019111801004184,SHIVM,58,35,60,428.00,"25,680.00"
2019-11-18,2019111801004166,SHL,43,38,100,202.00,"20,200.00"
2019-11-18,2019111801004165,SHL,32,38,200,202.00,"40,400.00"
2019-11-18,2019111801004164,SHL,7,38,300,202.00,"60,600.00"
2019-11-18,2019111801004163,SHL,34,38,500,202.00,"101,000.00"
2019-11-18,2019111801004088,SINDU,49,20,20,126.00,"2,520.00"
2019-11-18,2019111801004422,SJCL,59,46,20,157.00,"3,140.00"
2019-11-18,2019111801004386,SJCL,59,51,400,157.00,"62,800.00"
2019-11-18,2019111801004385,SJCL,45,51,50,157.00,"7,850.00"
2019-11-18,2019111801004384,SJCL,1,51,750,157.00,"117,750.00"
2019-11-18,2019111801004350,SJCL,1,44,20,157.00,"3,140.00"
2019-11-18,2019111801004334,SJCL,1,54,10,157.00,"1,570.00"
2019-11-18,2019111801003998,SJCL,1,48,20,157.00,"3,140.00"
2019-11-18,2019111801003974,SJCL,52,48,200,158.00,"31,600.00"
2019-11-18,2019111801003966,SJCL,1,40,20,157.00,"3,140.00"
2019-11-18,2019111801004012,SJCL,57,32,20,158.00,"3,160.00"
2019-11-18,2019111801004003,SJCL,57,58,20,158.00,"3,160.00"
2019-11-18,2019111801004002,SJCL,57,13,20,158.00,"3,160.00"
2019-11-18,2019111801004001,SJCL,57,32,20,158.00,"3,160.00"
2019-11-18,2019111801004000,SJCL,57,46,20,158.00,"3,160.00"
2019-11-18,2019111801003999,SJCL,57,48,400,158.00,"63,200.00"
2019-11-18,2019111801004034,SJCL,45,17,10,158.00,"1,580.00"
2019-11-18,2019111801004033,SJCL,45,17,10,158.00,"1,580.00"
2019-11-18,2019111801004032,SJCL,45,40,10,158.00,"1,580.00"
2019-11-18,2019111801004174,SJCL,1,6,20,157.00,"3,140.00"
2019-11-18,2019111801004169,SJCL,1,6,20,157.00,"3,140.00"
2019-11-18,2019111801004065,SJCL,1,44,20,157.00,"3,140.00"
2019-11-18,2019111801004059,SJCL,1,40,20,157.00,"3,140.00"
2019-11-18,2019111801004261,SJCL,1,8,20,157.00,"3,140.00"
2019-11-18,2019111801004250,SJCL,1,8,20,157.00,"3,140.00"
2019-11-18,2019111801004232,SJCL,1,8,20,157.00,"3,140.00"
2019-11-18,2019111801004187,SJCL,1,29,20,157.00,"3,140.00"
2019-11-18,2019111801004176,SJCL,1,6,20,157.00,"3,140.00"
2019-11-18,2019111801004452,SLBBL,55,7,50,600.00,"30,000.00"
2019-11-18,2019111801004451,SLBBL,55,42,100,599.00,"59,900.00"
2019-11-18,2019111801004437,SLBSL,25,32,10,704.00,"7,040.00"
2019-11-18,2019111801004425,SLBSL,25,32,10,704.00,"7,040.00"
2019-11-18,2019111801004042,SLBSL,22,19,10,708.00,"7,080.00"
2019-11-18,2019111801004401,SLICL,36,42,135,258.00,"34,830.00"
2019-11-18,2019111801004214,SLICL,54,22,202,256.00,"51,712.00"
2019-11-18,2019111801004213,SLICL,7,22,72,257.00,"18,504.00"
2019-11-18,2019111801004052,SLICL,7,11,28,257.00,"7,196.00"
2019-11-18,2019111801004051,SLICL,25,11,22,257.00,"5,654.00"
2019-11-18,2019111801004031,SLICL,25,7,28,257.00,"7,196.00"
2019-11-18,2019111801004030,SLICL,42,7,22,257.00,"5,654.00"
2019-11-18,2019111801004147,SPARS,58,7,10,530.00,"5,300.00"
2019-11-18,2019111801004206,SPDL,58,39,100,82.00,"8,200.00"
2019-11-18,2019111801004341,SRBL,26,54,10,212.00,"2,120.00"
2019-11-18,2019111801004247,SRBL,26,8,319,212.00,"67,628.00"
2019-11-18,2019111801004302,UFL,45,39,155,173.00,"26,815.00"
2019-11-18,2019111801004301,UFL,40,39,300,174.00,"52,200.00"
2019-11-18,2019111801004292,UFL,53,39,15,175.00,"2,625.00"
2019-11-18,2019111801004291,UFL,19,39,30,176.00,"5,280.00"
2019-11-18,2019111801004087,UIC,50,22,10,235.00,"2,350.00"
2019-11-18,2019111801004131,UMHL,17,29,10,101.00,"1,010.00"
2019-11-18,2019111801004241,UNHPL,6,29,50,54.00,"2,700.00"
2019-11-18,2019111801004227,UNHPL,6,29,50,54.00,"2,700.00"
2019-11-18,2019111801004130,UNHPL,51,29,50,55.00,"2,750.00"
2019-11-18,2019111801004277,UPCL,17,34,100,75.00,"7,500.00"
2019-11-18,2019111801004113,UPCL,17,34,50,76.00,"3,800.00"
2019-11-18,2019111801004112,UPCL,17,45,50,75.00,"3,750.00"
2019-11-18,2019111801004443,UPPER,51,51,713,226.00,"161,138.00"
2019-11-18,2019111801004421,UPPER,51,22,40,226.00,"9,040.00"
2019-11-18,2019111801004420,UPPER,19,22,10,226.00,"2,260.00"
2019-11-18,2019111801004396,UPPER,19,22,50,226.00,"11,300.00"
2019-11-18,2019111801004009,UPPER,16,19,96,226.00,"21,696.00"
2019-11-18,2019111801004008,UPPER,39,19,100,226.00,"22,600.00"
2019-11-18,2019111801004007,UPPER,38,19,50,226.00,"11,300.00"
2019-11-18,2019111801004006,UPPER,52,19,50,226.00,"11,300.00"
2019-11-18,2019111801004005,UPPER,59,19,50,226.00,"11,300.00"
2019-11-18,2019111801004004,UPPER,45,19,77,226.00,"17,402.00"
2019-11-18,2019111801004372,UPPER,19,22,40,226.00,"9,040.00"
2019-11-18,2019111801004366,UPPER,52,39,100,227.00,"22,700.00"
2019-11-18,2019111801004358,UPPER,14,45,40,226.00,"9,040.00"
2019-11-18,2019111801004078,UPPER,13,39,50,227.00,"11,350.00"
2019-11-18,2019111801004077,UPPER,13,4,210,227.00,"47,670.00"
2019-11-18,2019111801004015,UPPER,14,32,40,226.00,"9,040.00"
2019-11-18,2019111801004081,VLBS,39,58,32,583.00,"18,656.00"
2019-11-18,2019111801003874,ADBL,39,14,140,417.00,"58,380.00"
2019-11-18,2019111801003637,ADBL,18,14,10,417.00,"4,170.00"
2019-11-18,2019111801003540,ADBL,36,16,588,418.00,"245,784.00"
2019-11-18,2019111801003539,ADBL,36,4,12,418.00,"5,016.00"
2019-11-18,2019111801003538,ADBL,36,8,252,417.00,"105,084.00"
2019-11-18,2019111801003537,ADBL,36,58,"1,000",417.00,"417,000.00"
2019-11-18,2019111801003536,ADBL,36,32,30,417.00,"12,510.00"
2019-11-18,2019111801003535,ADBL,36,22,115,417.00,"47,955.00"
2019-11-18,2019111801003525,ADBL,16,43,800,416.00,"332,800.00"
2019-11-18,2019111801003474,ADBL,16,5,200,416.00,"83,200.00"
2019-11-18,2019111801003828,AHPC,6,1,309,95.00,"29,355.00"
2019-11-18,2019111801003742,AHPC,28,1,10,95.00,950.00
2019-11-18,2019111801003937,AKBSL,20,32,10,435.00,"4,350.00"
2019-11-18,2019111801003870,AKBSL,20,41,10,435.00,"4,350.00"
2019-11-18,2019111801003877,AKJCL,48,47,10,57.00,570.00
2019-11-18,2019111801003688,AKJCL,48,39,10,57.00,570.00
2019-11-18,2019111801003687,AKJCL,48,39,10,57.00,570.00
2019-11-18,2019111801003497,AKPL,41,22,10,121.00,"1,210.00"
2019-11-18,2019111801003949,ALBSL,22,32,10,403.00,"4,030.00"
2019-11-18,2019111801003845,ALBSL,42,50,40,405.00,"16,200.00"
2019-11-18,2019111801003803,ALBSL,42,52,10,405.00,"4,050.00"
2019-11-18,2019111801003680,ALBSL,36,21,10,406.00,"4,060.00"
2019-11-18,2019111801003605,ALBSL,36,22,10,406.00,"4,060.00"
2019-11-18,2019111801003796,ALICL,59,58,133,317.00,"42,161.00"
2019-11-18,2019111801003795,ALICL,37,58,70,317.00,"22,190.00"
2019-11-18,2019111801003927,API,52,34,450,105.00,"47,250.00"
2019-11-18,2019111801003926,API,52,39,14,105.00,"1,470.00"
2019-11-18,2019111801003925,API,52,57,536,105.00,"56,280.00"
2019-11-18,2019111801003940,BOKL,49,39,50,217.00,"10,850.00"
2019-11-18,2019111801003547,BOKL,44,11,34,216.00,"7,344.00"
2019-11-18,2019111801003465,BOKL,48,25,50,217.00,"10,850.00"
2019-11-18,2019111801003744,CBBL,22,4,200,975.00,"195,000.00"
2019-11-18,2019111801003733,CBBL,11,47,20,976.00,"19,520.00"
2019-11-18,2019111801003943,CBL,22,33,100,138.00,"13,800.00"
2019-11-18,2019111801003878,CBL,36,33,200,138.00,"27,600.00"
2019-11-18,2019111801003636,CBL,19,10,551,137.00,"75,487.00"
2019-11-18,2019111801003532,CBL,19,58,450,137.00,"61,650.00"
2019-11-18,2019111801003507,CBL,41,33,17,138.00,"2,346.00"
2019-11-18,2019111801003506,CBL,41,14,"1,020",138.00,"140,760.00"
2019-11-18,2019111801003505,CBL,41,45,"1,963",138.00,"270,894.00"
2019-11-18,2019111801003871,CCBL,38,49,46,161.00,"7,406.00"
2019-11-18,2019111801003728,CCBL,38,7,67,161.00,"10,787.00"
2019-11-18,2019111801003727,CCBL,21,7,223,161.00,"35,903.00"
2019-11-18,2019111801003720,CCBL,21,7,277,161.00,"44,597.00"
2019-11-18,2019111801003719,CCBL,54,7,10,161.00,"1,610.00"
2019-11-18,2019111801003718,CCBL,47,7,170,161.00,"27,370.00"
2019-11-18,2019111801003665,CHCL,43,54,80,353.00,"28,240.00"
2019-11-18,2019111801003917,CIT,41,17,10,"1,755.00","17,550.00"
2019-11-18,2019111801003902,CIT,41,17,10,"1,755.00","17,550.00"
2019-11-18,2019111801003821,CIT,42,17,20,"1,755.00","35,100.00"
2019-11-18,2019111801003689,CIT,42,17,10,"1,755.00","17,550.00"
2019-11-18,2019111801003616,CIT,21,54,100,"1,751.00","175,100.00"
2019-11-18,2019111801003862,DBBL,16,45,10,123.00,"1,230.00"
2019-11-18,2019111801003899,EBL,26,40,500,554.00,"277,000.00"
2019-11-18,2019111801003611,EBL,26,1,250,554.00,"138,500.00"
2019-11-18,2019111801003610,EBL,28,1,500,554.00,"277,000.00"
2019-11-18,2019111801003779,FMDBL,52,41,98,305.00,"29,890.00"
2019-11-18,2019111801003903,FOWAD,47,59,10,"1,310.00","13,100.00"
2019-11-18,2019111801003898,GBBL,37,48,250,224.00,"56,000.00"
2019-11-18,2019111801003735,GBBL,39,48,195,224.00,"43,680.00"
2019-11-18,2019111801003873,GBLBS,43,49,60,300.00,"18,000.00"
2019-11-18,2019111801003515,GBLBS,43,33,50,300.00,"15,000.00"
2019-11-18,2019111801003460,GBLBS,54,59,15,300.00,"4,500.00"
2019-11-18,2019111801003776,GILB,44,6,65,730.00,"47,450.00"
2019-11-18,2019111801003472,GLBSL,42,44,10,398.00,"3,980.00"
2019-11-18,2019111801003879,GLICL,39,49,35,358.00,"12,530.00"
2019-11-18,2019111801003787,GLICL,39,41,79,358.00,"28,282.00"
2019-11-18,2019111801003549,GLICL,39,49,85,360.00,"30,600.00"
2019-11-18,2019111801003548,GLICL,39,6,58,360.00,"20,880.00"
2019-11-18,2019111801003829,GMFBS,41,38,40,500.00,"20,000.00"
2019-11-18,2019111801003712,GMFBS,37,38,10,500.00,"5,000.00"
2019-11-18,2019111801003711,GMFBS,37,44,10,500.00,"5,000.00"
2019-11-18,2019111801003939,HDL,37,57,100,"1,760.00","176,000.00"
2019-11-18,2019111801003905,HDL,58,45,100,"1,760.00","176,000.00"
2019-11-18,2019111801003841,HDL,47,6,20,"1,764.00","35,280.00"
2019-11-18,2019111801003791,HDL,41,26,25,"1,765.00","44,125.00"
2019-11-18,2019111801003790,HDL,35,26,50,"1,765.00","88,250.00"
2019-11-18,2019111801003789,HDL,32,26,100,"1,766.00","176,600.00"
2019-11-18,2019111801003788,HDL,35,26,10,"1,767.00","17,670.00"
2019-11-18,2019111801003514,HDL,35,25,30,"1,767.00","53,010.00"
2019-11-18,2019111801003513,HDL,35,25,50,"1,767.00","88,350.00"
2019-11-18,2019111801003512,HDL,48,25,20,"1,770.00","35,400.00"
2019-11-18,2019111801003904,HGI,42,5,30,247.00,"7,410.00"
2019-11-18,2019111801003770,HGI,45,42,10,246.00,"2,460.00"
2019-11-18,2019111801003769,HGI,34,42,50,246.00,"12,300.00"
2019-11-18,2019111801003924,HIDCL,19,35,100,131.00,"13,100.00"
2019-11-18,2019111801003648,HIDCL,51,7,61,130.00,"7,930.00"
2019-11-18,2019111801003493,HIDCL,51,29,178,130.00,"23,140.00"
2019-11-18,2019111801003492,HIDCL,58,29,"1,000",130.00,"130,000.00"
2019-11-18,2019111801003491,HIDCL,57,29,10,130.00,"1,300.00"
2019-11-18,2019111801003490,HIDCL,11,29,312,130.00,"40,560.00"
2019-11-18,2019111801003938,ILBS,58,21,10,469.00,"4,690.00"
2019-11-18,2019111801003600,ILBS,22,48,100,469.00,"46,900.00"
2019-11-18,2019111801003599,ILBS,55,48,30,469.00,"14,070.00"
2019-11-18,2019111801003900,JBBL,45,45,10,161.00,"1,610.00"
2019-11-18,2019111801003704,JBBL,45,13,200,161.00,"32,200.00"
2019-11-18,2019111801003710,JFL,43,34,410,193.00,"79,130.00"
2019-11-18,2019111801003709,JFL,17,34,90,193.00,"17,370.00"
2019-11-18,2019111801003664,JFL,39,32,477,195.00,"93,015.00"
2019-11-18,2019111801003594,JFL,17,45,10,193.00,"1,930.00"
2019-11-18,2019111801003923,JSLBB,37,47,50,"1,130.00","56,500.00"
2019-11-18,2019111801003909,JSLBB,37,40,50,"1,130.00","56,500.00"
2019-11-18,2019111801003954,KBL,56,21,26,179.00,"4,654.00"
2019-11-18,2019111801003866,KBL,56,40,512,179.00,"91,648.00"
2019-11-18,2019111801003753,KBL,45,40,300,179.00,"53,700.00"
2019-11-18,2019111801003752,KBL,19,40,189,179.00,"33,831.00"
2019-11-18,2019111801003554,KBL,19,47,311,179.00,"55,669.00"
2019-11-18,2019111801003553,KBL,56,47,689,179.00,"123,331.00"
2019-11-18,2019111801003807,KSBBL,51,48,67,134.00,"8,978.00"
2019-11-18,2019111801003813,LBBL,8,57,314,170.00,"53,380.00"
2019-11-18,2019111801003812,LBBL,19,57,"1,000",170.00,"170,000.00"
2019-11-18,2019111801003811,LBBL,35,57,30,170.00,"5,100.00"
2019-11-18,2019111801003810,LBBL,25,57,156,170.00,"26,520.00"
2019-11-18,2019111801003798,LBBL,25,22,30,170.00,"5,100.00"
2019-11-18,2019111801003855,LICN,20,59,490,973.00,"476,770.00"
2019-11-18,2019111801003854,LICN,22,59,20,973.00,"19,460.00"
2019-11-18,2019111801003853,LICN,20,59,200,974.00,"194,800.00"
2019-11-18,2019111801003852,LICN,38,59,30,976.00,"29,280.00"
2019-11-18,2019111801003851,LICN,7,59,40,976.00,"39,040.00"
2019-11-18,2019111801003850,LICN,22,59,10,976.00,"9,760.00"
2019-11-18,2019111801003849,LICN,25,59,10,976.00,"9,760.00"
2019-11-18,2019111801003504,MBL,22,33,200,222.00,"44,400.00"
2019-11-18,2019111801003503,MBL,22,19,50,222.00,"11,100.00"
2019-11-18,2019111801003890,MEGA,51,49,45,185.00,"8,325.00"
2019-11-18,2019111801003580,MEGA,36,8,"1,000",185.00,"185,000.00"
2019-11-18,2019111801003579,MEGA,36,19,150,185.00,"27,750.00"
2019-11-18,2019111801003956,MERO,44,44,7,414.00,"2,898.00"
2019-11-18,2019111801003701,MERO,19,49,22,422.00,"9,284.00"
2019-11-18,2019111801003499,MERO,28,49,167,422.00,"70,474.00"
2019-11-18,2019111801003498,MERO,57,49,25,423.00,"10,575.00"
2019-11-18,2019111801003623,MFIL,43,21,200,127.00,"25,400.00"
2019-11-18,2019111801003622,MFIL,43,59,150,127.00,"19,050.00"
2019-11-18,2019111801003621,MFIL,43,35,150,127.00,"19,050.00"
2019-11-18,2019111801003760,MLBL,45,45,20,178.00,"3,560.00"
2019-11-18,2019111801003545,MNBBL,55,38,107,313.00,"33,491.00"
2019-11-18,2019111801003544,MNBBL,14,38,13,314.00,"4,082.00"
2019-11-18,2019111801003869,NABIL,6,5,39,755.00,"29,445.00"
2019-11-18,2019111801003868,NABIL,45,5,50,755.00,"37,750.00"
2019-11-18,2019111801003645,NABIL,6,20,86,754.00,"64,844.00"
2019-11-18,2019111801003644,NABIL,4,20,20,754.00,"15,080.00"
2019-11-18,2019111801003587,NABIL,43,20,300,755.00,"226,500.00"
2019-11-18,2019111801003586,NABIL,20,20,115,755.00,"86,825.00"
2019-11-18,2019111801003918,NADEP,49,28,100,397.00,"39,700.00"
2019-11-18,2019111801003908,NBL,48,38,155,320.00,"49,600.00"
2019-11-18,2019111801003906,NBL,17,38,10,320.00,"3,200.00"
2019-11-18,2019111801003867,NBL,42,38,50,320.00,"16,000.00"
2019-11-18,2019111801003860,NBL,36,38,953,320.00,"304,960.00"
2019-11-18,2019111801003859,NBL,36,21,47,320.00,"15,040.00"
2019-11-18,2019111801003858,NBL,17,34,350,319.00,"111,650.00"
2019-11-18,2019111801003560,NBL,32,34,470,319.00,"149,930.00"
2019-11-18,2019111801003546,NBL,47,44,100,320.00,"32,000.00"
2019-11-18,2019111801003677,NBL,13,22,270,319.00,"86,130.00"
2019-11-18,2019111801003676,NBL,32,22,30,319.00,"9,570.00"
2019-11-18,2019111801003640,NBL,42,38,10,320.00,"3,200.00"
2019-11-18,2019111801003614,NBL,8,38,800,320.00,"256,000.00"
2019-11-18,2019111801003613,NBL,8,58,"1,000",320.00,"320,000.00"
2019-11-18,2019111801003612,NBL,8,44,200,320.00,"64,000.00"
2019-11-18,2019111801003747,NBL,57,21,115,320.00,"36,800.00"
2019-11-18,2019111801003746,NBL,57,38,885,320.00,"283,200.00"
2019-11-18,2019111801003729,NBL,1,38,205,320.00,"65,600.00"
2019-11-18,2019111801003725,NBL,32,38,100,320.00,"32,000.00"
2019-11-18,2019111801003722,NBL,32,38,500,320.00,"160,000.00"
2019-11-18,2019111801003685,NBL,13,50,280,319.00,"89,320.00"
2019-11-18,2019111801003857,NBL,14,34,"1,000",319.00,"319,000.00"
2019-11-18,2019111801003856,NBL,42,34,"1,450",319.00,"462,550.00"
2019-11-18,2019111801003848,NBL,42,16,50,319.00,"15,950.00"
2019-11-18,2019111801003847,NBL,13,16,450,319.00,"143,550.00"
2019-11-18,2019111801003843,NBL,4,21,313,320.00,"100,160.00"
2019-11-18,2019111801003842,NBL,4,38,187,320.00,"59,840.00"
2019-11-18,2019111801003889,NCCB,52,11,276,201.00,"55,476.00"
2019-11-18,2019111801003888,NCCB,39,11,50,201.00,"10,050.00"
2019-11-18,2019111801003887,NCCB,32,11,"1,000",201.00,"201,000.00"
2019-11-18,2019111801003886,NCCB,32,11,500,201.00,"100,500.00"
2019-11-18,2019111801003885,NCCB,46,11,500,201.00,"100,500.00"
2019-11-18,2019111801003884,NCCB,56,11,"2,000",201.00,"402,000.00"
2019-11-18,2019111801003883,NCCB,58,11,"1,000",201.00,"201,000.00"
2019-11-18,2019111801003882,NCCB,53,11,500,201.00,"100,500.00"
2019-11-18,2019111801003881,NCCB,43,11,400,201.00,"80,400.00"
2019-11-18,2019111801003880,NCCB,58,11,774,201.00,"155,574.00"
2019-11-18,2019111801003804,NCCB,58,48,34,201.00,"6,834.00"
2019-11-18,2019111801003617,NHPC,20,36,200,52.00,"10,400.00"
2019-11-18,2019111801003950,NIB,34,34,10,419.00,"4,190.00"
2019-11-18,2019111801003844,NIB,1,34,100,419.00,"41,900.00"
2019-11-18,2019111801003831,NIB,16,44,131,417.00,"54,627.00"
2019-11-18,2019111801003830,NIB,48,44,25,418.00,"10,450.00"
2019-11-18,2019111801003783,NIB,5,57,44,418.00,"18,392.00"
2019-11-18,2019111801003771,NIB,40,10,140,418.00,"58,520.00"
2019-11-18,2019111801003501,NIB,57,50,87,418.00,"36,366.00"
2019-11-18,2019111801003500,NIB,54,50,70,418.00,"29,260.00"
2019-11-18,2019111801003483,NIB,54,22,20,418.00,"8,360.00"
2019-11-18,2019111801003589,NIB,13,48,500,417.00,"208,500.00"
2019-11-18,2019111801003588,NIB,45,48,15,417.00,"6,255.00"
2019-11-18,2019111801003577,NIB,51,50,50,418.00,"20,900.00"
2019-11-18,2019111801003574,NIB,45,58,70,417.00,"29,190.00"
2019-11-18,2019111801003550,NIB,45,45,15,417.00,"6,255.00"
2019-11-18,2019111801003502,NIB,32,50,100,418.00,"41,800.00"
2019-11-18,2019111801003759,NIB,16,42,144,417.00,"60,048.00"
2019-11-18,2019111801003758,NIB,50,42,56,417.00,"23,352.00"
2019-11-18,2019111801003707,NIB,16,45,300,418.00,"125,400.00"
2019-11-18,2019111801003706,NIB,16,50,140,418.00,"58,520.00"
2019-11-18,2019111801003686,NIB,50,7,44,417.00,"18,348.00"
2019-11-18,2019111801003590,NIB,28,48,19,417.00,"7,923.00"
2019-11-18,2019111801003920,NIBPO,22,13,108,388.00,"41,904.00"
2019-11-18,2019111801003919,NIBPO,19,13,10,388.00,"3,880.00"
2019-11-18,2019111801003659,NIBPO,19,4,490,388.00,"190,120.00"
2019-11-18,2019111801003658,NIBPO,22,4,50,388.00,"19,400.00"
2019-11-18,2019111801003657,NIBPO,8,4,870,388.00,"337,560.00"
2019-11-18,2019111801003656,NIBPO,45,4,30,389.00,"11,670.00"
2019-11-18,2019111801003655,NIBPO,11,4,10,389.00,"3,890.00"
2019-11-18,2019111801003944,NICA,17,43,170,416.00,"70,720.00"
2019-11-18,2019111801003930,NICA,59,43,830,416.00,"345,280.00"
2019-11-18,2019111801003929,NICA,59,19,100,416.00,"41,600.00"
2019-11-18,2019111801003928,NICA,59,7,70,416.00,"29,120.00"
2019-11-18,2019111801003839,NICA,40,7,200,416.00,"83,200.00"
2019-11-18,2019111801003827,NICA,34,16,150,415.00,"62,250.00"
2019-11-18,2019111801003542,NICA,44,28,20,417.00,"8,340.00"
2019-11-18,2019111801003694,NICA,32,50,500,416.00,"208,000.00"
2019-11-18,2019111801003693,NICA,1,50,30,416.00,"12,480.00"
2019-11-18,2019111801003692,NICA,17,50,15,416.00,"6,240.00"
2019-11-18,2019111801003691,NICA,22,50,500,416.00,"208,000.00"
2019-11-18,2019111801003690,NICA,13,50,443,416.00,"184,288.00"
2019-11-18,2019111801003601,NICA,48,28,534,417.00,"222,678.00"
2019-11-18,2019111801003700,NICA,1,50,100,416.00,"41,600.00"
2019-11-18,2019111801003699,NICA,45,50,500,416.00,"208,000.00"
2019-11-18,2019111801003698,NICA,43,50,100,416.00,"41,600.00"
2019-11-18,2019111801003697,NICA,22,50,"1,327",416.00,"552,032.00"
2019-11-18,2019111801003696,NICA,41,50,50,416.00,"20,800.00"
2019-11-18,2019111801003695,NICA,58,50,20,416.00,"8,320.00"
2019-11-18,2019111801003815,NICA,34,16,300,415.00,"124,500.00"
2019-11-18,2019111801003814,NICA,45,16,50,415.00,"20,750.00"
2019-11-18,2019111801003805,NICA,37,7,100,416.00,"41,600.00"
2019-11-18,2019111801003792,NICA,37,20,100,416.00,"41,600.00"
2019-11-18,2019111801003716,NICA,45,10,450,415.00,"186,750.00"
2019-11-18,2019111801003715,NICA,57,10,50,416.00,"20,800.00"
2019-11-18,2019111801003721,NICL,6,45,20,254.00,"5,080.00"
2019-11-18,2019111801003826,NIL,49,39,27,375.00,"10,125.00"
2019-11-18,2019111801003737,NIL,38,44,100,377.00,"37,700.00"
2019-11-18,2019111801003935,NLBBL,45,25,71,502.00,"35,642.00"
2019-11-18,2019111801003819,NLIC,58,13,22,794.00,"17,468.00"
2019-11-18,2019111801003647,NLIC,6,48,22,790.00,"17,380.00"
2019-11-18,2019111801003479,NLIC,6,59,12,790.00,"9,480.00"
2019-11-18,2019111801003875,NLICL,13,6,13,415.00,"5,395.00"
2019-11-18,2019111801003834,NLICL,13,46,100,415.00,"41,500.00"
2019-11-18,2019111801003762,NLICL,37,42,31,413.00,"12,803.00"
2019-11-18,2019111801003761,NLICL,16,42,59,414.00,"24,426.00"
2019-11-18,2019111801003489,NLICL,16,48,241,414.00,"99,774.00"
2019-11-18,2019111801003957,NMB,32,16,220,386.00,"84,920.00"
2019-11-18,2019111801003907,NMB,25,16,80,386.00,"30,880.00"
2019-11-18,2019111801003895,NMB,25,32,20,386.00,"7,720.00"
2019-11-18,2019111801003894,NMB,14,32,200,386.00,"77,200.00"
2019-11-18,2019111801003893,NMB,17,32,50,386.00,"19,300.00"
2019-11-18,2019111801003892,NMB,45,32,30,386.00,"11,580.00"
2019-11-18,2019111801003555,NMB,1,34,184,386.00,"71,024.00"
2019-11-18,2019111801003524,NMB,4,34,16,386.00,"6,176.00"
2019-11-18,2019111801003488,NMB,11,32,41,385.00,"15,785.00"
2019-11-18,2019111801003478,NMB,28,34,"1,000",386.00,"386,000.00"
2019-11-18,2019111801003595,NMB,33,34,100,386.00,"38,600.00"
2019-11-18,2019111801003576,NMB,54,34,"1,236",386.00,"477,096.00"
2019-11-18,2019111801003575,NMB,54,48,764,386.00,"294,904.00"
2019-11-18,2019111801003559,NMB,38,48,20,386.00,"7,720.00"
2019-11-18,2019111801003557,NMB,1,48,216,386.00,"83,376.00"
2019-11-18,2019111801003556,NMB,1,46,500,386.00,"193,000.00"
2019-11-18,2019111801003643,NMB,25,46,100,386.00,"38,600.00"
2019-11-18,2019111801003642,NMB,10,46,186,386.00,"71,796.00"
2019-11-18,2019111801003641,NMB,10,34,14,386.00,"5,404.00"
2019-11-18,2019111801003635,NMB,41,34,100,386.00,"38,600.00"
2019-11-18,2019111801003625,NMB,26,34,500,386.00,"193,000.00"
2019-11-18,2019111801003602,NMB,1,34,50,386.00,"19,300.00"
2019-11-18,2019111801003683,NMB,26,46,200,386.00,"77,200.00"
2019-11-18,2019111801003666,NMB,57,46,50,386.00,"19,300.00"
2019-11-18,2019111801003653,NMB,48,32,313,385.00,"120,505.00"
2019-11-18,2019111801003652,NMB,35,32,700,385.00,"269,500.00"
2019-11-18,2019111801003651,NMB,43,32,"1,000",385.00,"385,000.00"
2019-11-18,2019111801003650,NMB,11,32,487,385.00,"187,495.00"
2019-11-18,2019111801003891,NMB,39,32,200,386.00,"77,200.00"
2019-11-18,2019111801003793,NMB,57,46,100,386.00,"38,600.00"
2019-11-18,2019111801003772,NMB,48,48,800,385.00,"308,000.00"
2019-11-18,2019111801003750,NMB,49,46,100,386.00,"38,600.00"
2019-11-18,2019111801003736,NMB,48,42,10,385.00,"3,850.00"
2019-11-18,2019111801003730,NMB,13,46,260,386.00,"100,360.00"
2019-11-18,2019111801003468,NMFBS,38,49,30,"1,705.00","51,150.00"
2019-11-18,2019111801003901,NTC,59,14,10,625.00,"6,250.00"
2019-11-18,2019111801003777,NTC,59,50,100,622.00,"62,200.00"
2019-11-18,2019111801003583,NTC,59,14,10,625.00,"6,250.00"
2019-11-18,2019111801003476,NTC,41,22,90,621.00,"55,890.00"
2019-11-18,2019111801003671,OHL,16,42,180,409.00,"73,620.00"
2019-11-18,2019111801003646,OHL,50,42,120,409.00,"49,080.00"
2019-11-18,2019111801003578,OHL,34,39,120,408.00,"48,960.00"
2019-11-18,2019111801003558,OHL,38,48,150,406.00,"60,900.00"
2019-11-18,2019111801003952,PCBL,39,6,229,270.00,"61,830.00"
2019-11-18,2019111801003951,PCBL,39,43,107,270.00,"28,890.00"
2019-11-18,2019111801003755,PCBL,14,57,192,269.00,"51,648.00"
2019-11-18,2019111801003754,PCBL,6,57,302,269.00,"81,238.00"
2019-11-18,2019111801003668,PCBL,42,43,10,270.00,"2,700.00"
2019-11-18,2019111801003591,PCBL,6,36,167,269.00,"44,923.00"
2019-11-18,2019111801003511,PIC,37,45,30,350.00,"10,500.00"
2019-11-18,2019111801003475,PIC,37,22,11,350.00,"3,850.00"
2019-11-18,2019111801003604,PRIN,49,32,"1,728",310.00,"535,680.00"
2019-11-18,2019111801003603,PRIN,45,32,"1,272",311.00,"395,592.00"
2019-11-18,2019111801003896,PRVU,48,16,220,228.00,"50,160.00"
2019-11-18,2019111801003833,PRVU,4,51,"2,621",228.00,"597,588.00"
2019-11-18,2019111801003800,PRVU,4,51,"1,000",228.00,"228,000.00"
2019-11-18,2019111801003799,PRVU,51,51,"1,379",228.00,"314,412.00"
2019-11-18,2019111801003592,PRVU,51,42,10,228.00,"2,280.00"
2019-11-18,2019111801003552,PRVU,58,33,300,229.00,"68,700.00"
2019-11-18,2019111801003679,RHPC,25,44,105,72.00,"7,560.00"
2019-11-18,2019111801003678,RHPC,35,44,62,72.00,"4,464.00"
2019-11-18,2019111801003669,RHPC,28,44,985,73.00,"71,905.00"
2019-11-18,2019111801003667,RHPC,28,7,15,73.00,"1,095.00"
2019-11-18,2019111801003955,RHPL,22,40,30,162.00,"4,860.00"
2019-11-18,2019111801003953,RHPL,22,48,40,162.00,"6,480.00"
2019-11-18,2019111801003946,RHPL,22,48,40,162.00,"6,480.00"
2019-11-18,2019111801003942,RHPL,22,48,40,162.00,"6,480.00"
2019-11-18,2019111801003922,RHPL,22,40,30,162.00,"4,860.00"
2019-11-18,2019111801003809,RHPL,21,48,10,162.00,"1,620.00"
2019-11-18,2019111801003531,RHPL,52,13,40,163.00,"6,520.00"
2019-11-18,2019111801003477,RHPL,52,44,30,163.00,"4,890.00"
2019-11-18,2019111801003466,RHPL,52,59,40,163.00,"6,520.00"
2019-11-18,2019111801003464,RHPL,52,13,20,163.00,"3,260.00"
2019-11-18,2019111801003463,RHPL,43,13,20,163.00,"3,260.00"
2019-11-18,2019111801003462,RHPL,43,51,40,163.00,"6,520.00"
2019-11-18,2019111801003639,RHPL,14,40,30,163.00,"4,890.00"
2019-11-18,2019111801003634,RHPL,14,40,30,163.00,"4,890.00"
2019-11-18,2019111801003608,RHPL,14,40,30,163.00,"4,890.00"
2019-11-18,2019111801003582,RHPL,14,34,10,163.00,"1,630.00"
2019-11-18,2019111801003581,RHPL,52,34,30,163.00,"4,890.00"
2019-11-18,2019111801003551,RHPL,52,13,40,163.00,"6,520.00"
2019-11-18,2019111801003740,RHPL,14,40,30,163.00,"4,890.00"
2019-11-18,2019111801003734,RHPL,14,48,40,163.00,"6,520.00"
2019-11-18,2019111801003726,RHPL,14,40,30,163.00,"4,890.00"
2019-11-18,2019111801003714,RHPL,14,40,30,163.00,"4,890.00"
2019-11-18,2019111801003703,RHPL,14,40,30,163.00,"4,890.00"
2019-11-18,2019111801003684,RHPL,14,40,30,163.00,"4,890.00"
2019-11-18,2019111801003786,RHPL,21,42,10,162.00,"1,620.00"
2019-11-18,2019111801003781,RHPL,21,40,30,162.00,"4,860.00"
2019-11-18,2019111801003756,RHPL,57,17,30,163.00,"4,890.00"
2019-11-18,2019111801003751,RHPL,57,48,40,163.00,"6,520.00"
2019-11-18,2019111801003743,RHPL,57,40,30,163.00,"4,890.00"
2019-11-18,2019111801003741,RHPL,14,48,39,163.00,"6,357.00"
2019-11-18,2019111801003797,RRHP,47,41,10,98.00,980.00
2019-11-18,2019111801003470,RRHP,47,22,10,98.00,980.00
2019-11-18,2019111801003802,RSDC,43,41,30,292.00,"8,760.00"
2019-11-18,2019111801003801,RSDC,26,41,30,294.00,"8,820.00"
2019-11-18,2019111801003530,RSDC,43,59,144,292.00,"42,048.00"
2019-11-18,2019111801003529,RSDC,43,59,37,292.00,"10,804.00"
2019-11-18,2019111801003528,RSDC,57,59,19,293.00,"5,567.00"
2019-11-18,2019111801003948,SABSL,36,39,10,559.00,"5,590.00"
2019-11-18,2019111801003933,SABSL,36,39,10,559.00,"5,590.00"
2019-11-18,2019111801003913,SABSL,36,38,10,559.00,"5,590.00"
2019-11-18,2019111801003912,SABSL,36,39,10,558.00,"5,580.00"
2019-11-18,2019111801003911,SABSL,36,50,50,558.00,"27,900.00"
2019-11-18,2019111801003897,SABSL,36,44,10,557.00,"5,570.00"
2019-11-18,2019111801003654,SABSL,28,58,10,556.00,"5,560.00"
2019-11-18,2019111801003615,SABSL,26,45,80,558.00,"44,640.00"
2019-11-18,2019111801003585,SABSL,28,37,10,557.00,"5,570.00"
2019-11-18,2019111801003584,SABSL,28,37,10,557.00,"5,570.00"
2019-11-18,2019111801003533,SABSL,22,45,10,555.00,"5,550.00"
2019-11-18,2019111801003865,SABSL,28,59,10,556.00,"5,560.00"
2019-11-18,2019111801003816,SABSL,51,50,50,558.00,"27,900.00"
2019-11-18,2019111801003675,SABSL,36,44,10,558.00,"5,580.00"
2019-11-18,2019111801003674,SABSL,36,44,10,558.00,"5,580.00"
2019-11-18,2019111801003673,SABSL,36,44,10,558.00,"5,580.00"
2019-11-18,2019111801003672,SABSL,36,45,19,558.00,"10,602.00"
2019-11-18,2019111801003824,SANIMA,22,14,"1,000",307.00,"307,000.00"
2019-11-18,2019111801003486,SANIMA,22,41,"1,500",307.00,"460,500.00"
2019-11-18,2019111801003485,SANIMA,22,51,100,307.00,"30,700.00"
2019-11-18,2019111801003598,SBI,49,8,541,390.00,"210,990.00"
2019-11-18,2019111801003597,SBI,28,8,100,390.00,"39,000.00"
2019-11-18,2019111801003596,SBI,6,8,"1,359",391.00,"531,369.00"
2019-11-18,2019111801003832,SBL,22,50,971,285.00,"276,735.00"
2019-11-18,2019111801003766,SBL,13,50,29,285.00,"8,265.00"
2019-11-18,2019111801003765,SBL,13,49,50,285.00,"14,250.00"
2019-11-18,2019111801003764,SBL,13,5,121,285.00,"34,485.00"
2019-11-18,2019111801003629,SCB,54,44,100,555.00,"55,500.00"
2019-11-18,2019111801003628,SCB,54,1,100,555.00,"55,500.00"
2019-11-18,2019111801003872,SDESI,44,8,68,635.00,"43,180.00"
2019-11-18,2019111801003864,SDESI,33,19,11,635.00,"6,985.00"
2019-11-18,2019111801003945,SHIVM,36,26,200,413.00,"82,600.00"
2019-11-18,2019111801003934,SHIVM,52,26,500,413.00,"206,500.00"
2019-11-18,2019111801003916,SHIVM,26,42,100,412.00,"41,200.00"
2019-11-18,2019111801003915,SHIVM,26,7,500,412.00,"206,000.00"
2019-11-18,2019111801003876,SHIVM,35,6,25,412.00,"10,300.00"
2019-11-18,2019111801003806,SHIVM,10,7,500,412.00,"206,000.00"
2019-11-18,2019111801003516,SHIVM,49,1,100,413.00,"41,300.00"
2019-11-18,2019111801003458,SHIVM,48,45,10,414.00,"4,140.00"
2019-11-18,2019111801003562,SHIVM,48,57,200,411.00,"82,200.00"
2019-11-18,2019111801003534,SHIVM,49,1,60,412.00,"24,720.00"
2019-11-18,2019111801003520,SHIVM,29,1,50,412.00,"20,600.00"
2019-11-18,2019111801003519,SHIVM,48,1,500,412.00,"206,000.00"
2019-11-18,2019111801003518,SHIVM,14,1,20,412.00,"8,240.00"
2019-11-18,2019111801003517,SHIVM,5,1,100,412.00,"41,200.00"
2019-11-18,2019111801003568,SHIVM,46,57,100,410.00,"41,000.00"
2019-11-18,2019111801003567,SHIVM,57,57,100,410.00,"41,000.00"
2019-11-18,2019111801003566,SHIVM,54,57,200,410.00,"82,000.00"
2019-11-18,2019111801003565,SHIVM,16,57,50,410.00,"20,500.00"
2019-11-18,2019111801003564,SHIVM,37,57,500,411.00,"205,500.00"
2019-11-18,2019111801003563,SHIVM,5,57,50,411.00,"20,550.00"
2019-11-18,2019111801003618,SHIVM,8,28,100,409.00,"40,900.00"
2019-11-18,2019111801003609,SHIVM,10,28,50,410.00,"20,500.00"
2019-11-18,2019111801003607,SHIVM,10,33,350,410.00,"143,500.00"
2019-11-18,2019111801003606,SHIVM,35,33,50,410.00,"20,500.00"
2019-11-18,2019111801003570,SHIVM,50,57,200,410.00,"82,000.00"
2019-11-18,2019111801003569,SHIVM,48,57,100,410.00,"41,000.00"
2019-11-18,2019111801003682,SHIVM,57,33,100,408.00,"40,800.00"
2019-11-18,2019111801003663,SHIVM,57,28,20,408.00,"8,160.00"
2019-11-18,2019111801003662,SHIVM,45,28,100,408.00,"40,800.00"
2019-11-18,2019111801003661,SHIVM,50,28,100,408.00,"40,800.00"
2019-11-18,2019111801003660,SHIVM,28,28,50,408.00,"20,400.00"
2019-11-18,2019111801003619,SHIVM,34,28,100,409.00,"40,900.00"
2019-11-18,2019111801003794,SHIVM,10,21,150,411.00,"61,650.00"
2019-11-18,2019111801003785,SHIVM,10,7,500,412.00,"206,000.00"
2019-11-18,2019111801003784,SHIVM,10,6,100,412.00,"41,200.00"
2019-11-18,2019111801003778,SHIVM,35,21,50,410.00,"20,500.00"
2019-11-18,2019111801003749,SHIVM,13,6,100,412.00,"41,200.00"
2019-11-18,2019111801003732,SHIVM,10,29,380,411.00,"156,180.00"
2019-11-18,2019111801003941,SHL,48,35,250,204.00,"51,000.00"
2019-11-18,2019111801003484,SHL,47,5,100,203.00,"20,300.00"
2019-11-18,2019111801003838,SHPC,52,42,400,184.00,"73,600.00"
2019-11-18,2019111801003837,SHPC,36,42,700,184.00,"128,800.00"
2019-11-18,2019111801003836,SHPC,47,42,500,185.00,"92,500.00"
2019-11-18,2019111801003835,SHPC,57,42,400,185.00,"74,000.00"
2019-11-18,2019111801003638,SHPC,43,46,200,186.00,"37,200.00"
2019-11-18,2019111801003543,SHPC,43,46,300,186.00,"55,800.00"
2019-11-18,2019111801003459,SHPC,57,22,26,185.00,"4,810.00"
2019-11-18,2019111801003717,SIC,42,21,12,448.00,"5,376.00"
2019-11-18,2019111801003527,SIC,37,39,100,448.00,"44,800.00"
2019-11-18,2019111801003526,SIC,37,5,200,447.00,"89,400.00"
2019-11-18,2019111801003947,SJCL,1,40,20,157.00,"3,140.00"
2019-11-18,2019111801003936,SJCL,1,40,20,157.00,"3,140.00"
2019-11-18,2019111801003861,SJCL,1,26,20,157.00,"3,140.00"
2019-11-18,2019111801003825,SJCL,1,48,20,157.00,"3,140.00"
2019-11-18,2019111801003818,SJCL,1,48,10,157.00,"1,570.00"
2019-11-18,2019111801003467,SJCL,1,51,20,157.00,"3,140.00"
2019-11-18,2019111801003461,SJCL,1,44,20,157.00,"3,140.00"
2019-11-18,2019111801003541,SJCL,1,13,20,157.00,"3,140.00"
2019-11-18,2019111801003495,SJCL,1,44,20,157.00,"3,140.00"
2019-11-18,2019111801003471,SJCL,1,59,20,157.00,"3,140.00"
2019-11-18,2019111801003469,SJCL,1,13,20,157.00,"3,140.00"
2019-11-18,2019111801003681,SJCL,1,40,20,157.00,"3,140.00"
2019-11-18,2019111801003649,SJCL,1,40,20,157.00,"3,140.00"
2019-11-18,2019111801003632,SJCL,1,40,20,157.00,"3,140.00"
2019-11-18,2019111801003626,SJCL,1,52,50,157.00,"7,850.00"
2019-11-18,2019111801003620,SJCL,1,40,20,157.00,"3,140.00"
2019-11-18,2019111801003593,SJCL,1,34,20,157.00,"3,140.00"
2019-11-18,2019111801003739,SJCL,1,40,20,157.00,"3,140.00"
2019-11-18,2019111801003738,SJCL,1,48,20,157.00,"3,140.00"
2019-11-18,2019111801003731,SJCL,1,40,20,157.00,"3,140.00"
2019-11-18,2019111801003723,SJCL,1,49,80,157.00,"12,560.00"
2019-11-18,2019111801003713,SJCL,1,40,20,157.00,"3,140.00"
2019-11-18,2019111801003708,SJCL,1,40,20,157.00,"3,140.00"
2019-11-18,2019111801003782,SJCL,1,42,20,157.00,"3,140.00"
2019-11-18,2019111801003780,SJCL,1,48,20,157.00,"3,140.00"
2019-11-18,2019111801003763,SJCL,1,40,20,157.00,"3,140.00"
2019-11-18,2019111801003757,SJCL,1,48,20,157.00,"3,140.00"
2019-11-18,2019111801003748,SJCL,1,40,10,157.00,"1,570.00"
2019-11-18,2019111801003745,SJCL,1,48,20,157.00,"3,140.00"
2019-11-18,2019111801003932,SKBBL,39,36,48,930.00,"44,640.00"
2019-11-18,2019111801003931,SKBBL,36,36,10,931.00,"9,310.00"
2019-11-18,2019111801003630,SLBBL,17,33,20,596.00,"11,920.00"
2019-11-18,2019111801003670,SLBBL,29,5,200,600.00,"120,000.00"
2019-11-18,2019111801003631,SLBBL,56,33,110,596.00,"65,560.00"
2019-11-18,2019111801003820,SMB,17,21,20,425.00,"8,500.00"
2019-11-18,2019111801003473,SMFBS,33,13,10,790.00,"7,900.00"
2019-11-18,2019111801003863,SPARS,58,57,10,530.00,"5,300.00"
2019-11-18,2019111801003521,SPARS,58,49,159,520.00,"82,680.00"
2019-11-18,2019111801003482,SPARS,1,49,11,520.00,"5,720.00"
2019-11-18,2019111801003481,SPARS,42,49,20,520.00,"10,400.00"
2019-11-18,2019111801003480,SPARS,45,49,30,521.00,"15,630.00"
2019-11-18,2019111801003705,SPDL,40,56,20,82.00,"1,640.00"
2019-11-18,2019111801003702,SPDL,40,56,20,81.00,"1,620.00"
2019-11-18,2019111801003627,SPDL,10,13,104,80.00,"8,320.00"
2019-11-18,2019111801003846,SRBL,26,39,40,212.00,"8,480.00"
2019-11-18,2019111801003633,SRBL,58,14,127,213.00,"27,051.00"
2019-11-18,2019111801003523,SRBL,26,43,408,212.00,"86,496.00"
2019-11-18,2019111801003522,SRBL,4,43,92,212.00,"19,504.00"
2019-11-18,2019111801003724,TMDBL,26,59,100,145.00,"14,500.00"
2019-11-18,2019111801003624,TMDBL,26,29,50,145.00,"7,250.00"
2019-11-18,2019111801003496,TMDBL,36,21,220,143.00,"31,460.00"
2019-11-18,2019111801003823,UFL,39,22,15,178.00,"2,670.00"
2019-11-18,2019111801003494,UMHL,17,59,10,101.00,"1,010.00"
2019-11-18,2019111801003768,UPCL,42,38,100,74.00,"7,400.00"
2019-11-18,2019111801003767,UPCL,42,38,30,74.00,"2,220.00"
2019-11-18,2019111801003561,UPCL,19,38,70,74.00,"5,180.00"
2019-11-18,2019111801003921,UPPER,45,32,50,226.00,"11,300.00"
2019-11-18,2019111801003914,UPPER,47,4,10,227.00,"2,270.00"
2019-11-18,2019111801003910,UPPER,45,49,40,226.00,"9,040.00"
2019-11-18,2019111801003840,UPPER,19,4,80,227.00,"18,160.00"
2019-11-18,2019111801003822,UPPER,45,48,40,226.00,"9,040.00"
2019-11-18,2019111801003817,UPPER,45,52,40,226.00,"9,040.00"
2019-11-18,2019111801003508,UPPER,19,42,30,227.00,"6,810.00"
2019-11-18,2019111801003487,UPPER,52,42,100,227.00,"22,700.00"
2019-11-18,2019111801003573,UPPER,4,4,63,227.00,"14,301.00"
2019-11-18,2019111801003572,UPPER,54,13,20,227.00,"4,540.00"
2019-11-18,2019111801003571,UPPER,19,13,20,227.00,"4,540.00"
2019-11-18,2019111801003510,UPPER,19,13,50,227.00,"11,350.00"
2019-11-18,2019111801003509,UPPER,19,32,50,227.00,"11,350.00"
2019-11-18,2019111801003808,UPPER,52,4,200,227.00,"45,400.00"
2019-11-18,2019111801003775,UPPER,45,42,30,226.00,"6,780.00"
2019-11-18,2019111801003774,UPPER,42,42,10,227.00,"2,270.00"
2019-11-18,2019111801003773,UPPER,54,42,10,227.00,"2,270.00"
2019-11-18,2019111801003430,ADBL,6,6,450,416.00,"187,200.00"
2019-11-18,2019111801003386,ADBL,39,58,"2,500",416.00,"1,040,000.00"
2019-11-18,2019111801003385,ADBL,39,46,23,416.00,"9,568.00"
2019-11-18,2019111801003384,ADBL,39,14,269,416.00,"111,904.00"
2019-11-18,2019111801003361,ADBL,28,14,76,416.00,"31,616.00"
2019-11-18,2019111801003298,ADBL,39,28,76,415.00,"31,540.00"
2019-11-18,2019111801003275,ADBL,4,25,100,415.00,"41,500.00"
2019-11-18,2019111801003274,ADBL,6,25,327,415.00,"135,705.00"
2019-11-18,2019111801003103,ADBL,6,38,67,415.00,"27,805.00"
2019-11-18,2019111801003066,ADBL,43,14,425,416.00,"176,800.00"
2019-11-18,2019111801002966,ADBL,43,22,75,416.00,"31,200.00"
2019-11-18,2019111801003281,ADBL,39,25,"2,671",415.00,"1,108,465.00"
2019-11-18,2019111801003280,ADBL,53,25,500,415.00,"207,500.00"
2019-11-18,2019111801003279,ADBL,42,25,82,415.00,"34,030.00"
2019-11-18,2019111801003278,ADBL,57,25,300,415.00,"124,500.00"
2019-11-18,2019111801003277,ADBL,42,25,10,415.00,"4,150.00"
2019-11-18,2019111801003276,ADBL,25,25,10,415.00,"4,150.00"
2019-11-18,2019111801003288,AHPC,7,1,50,95.00,"4,750.00"
2019-11-18,2019111801002981,AHPC,6,22,30,94.00,"2,820.00"
2019-11-18,2019111801003446,AKBSL,25,44,10,432.00,"4,320.00"
2019-11-18,2019111801003438,AKBSL,43,36,10,435.00,"4,350.00"
2019-11-18,2019111801003366,AKBSL,25,38,10,432.00,"4,320.00"
2019-11-18,2019111801003326,AKBSL,25,38,10,432.00,"4,320.00"
2019-11-18,2019111801003309,AKBSL,25,38,10,432.00,"4,320.00"
2019-11-18,2019111801003289,AKJCL,48,44,10,57.00,570.00
2019-11-18,2019111801003199,AKJCL,48,28,20,58.00,"1,160.00"
2019-11-18,2019111801003444,ALBSL,58,14,400,405.00,"162,000.00"
2019-11-18,2019111801003396,ALBSL,36,21,10,404.00,"4,040.00"
2019-11-18,2019111801003262,ALICL,37,34,30,317.00,"9,510.00"
2019-11-18,2019111801003454,API,57,57,50,105.00,"5,250.00"
2019-11-18,2019111801003187,API,25,57,61,105.00,"6,405.00"
2019-11-18,2019111801003135,BNT,39,33,30,"6,300.00","189,000.00"
2019-11-18,2019111801003398,BOKL,22,25,100,217.00,"21,700.00"
2019-11-18,2019111801003315,BOKL,44,21,120,216.00,"25,920.00"
2019-11-18,2019111801003267,BOKL,25,48,588,217.00,"127,596.00"
2019-11-18,2019111801003264,BOKL,44,46,50,216.00,"10,800.00"
2019-11-18,2019111801003192,BOKL,19,48,500,217.00,"108,500.00"
2019-11-18,2019111801002989,BPCL,19,58,11,349.00,"3,839.00"
2019-11-18,2019111801002988,BPCL,19,51,571,349.00,"199,279.00"
2019-11-18,2019111801003412,CBBL,22,36,50,975.00,"48,750.00"
2019-11-18,2019111801003411,CBL,26,45,37,138.00,"5,106.00"
2019-11-18,2019111801003321,CBL,19,26,37,137.00,"5,069.00"
2019-11-18,2019111801003104,CBL,19,49,27,137.00,"3,699.00"
2019-11-18,2019111801002968,CBL,19,1,100,137.00,"13,700.00"
2019-11-18,2019111801003253,CCBL,36,51,200,162.00,"32,400.00"
2019-11-18,2019111801003252,CCBL,36,25,300,162.00,"48,600.00"
2019-11-18,2019111801003240,CCBL,47,46,52,161.00,"8,372.00"
2019-11-18,2019111801003141,CCBL,47,33,98,161.00,"15,778.00"
2019-11-18,2019111801003140,CCBL,1,33,202,161.00,"32,522.00"
2019-11-18,2019111801003019,CCBL,1,21,298,161.00,"47,978.00"
2019-11-18,2019111801003018,CCBL,58,21,100,161.00,"16,100.00"
2019-11-18,2019111801003017,CCBL,51,21,200,161.00,"32,200.00"
2019-11-18,2019111801003016,CCBL,22,21,100,161.00,"16,100.00"
2019-11-18,2019111801003015,CCBL,52,21,102,161.00,"16,422.00"
2019-11-18,2019111801003069,CFCL,28,28,500,114.00,"57,000.00"
2019-11-18,2019111801003368,CHCL,43,37,217,353.00,"76,601.00"
2019-11-18,2019111801003367,CHCL,43,7,27,353.00,"9,531.00"
2019-11-18,2019111801003171,CHCL,54,22,150,352.00,"52,800.00"
2019-11-18,2019111801003170,CHCL,35,22,300,352.00,"105,600.00"
2019-11-18,2019111801003169,CHCL,7,22,500,352.00,"176,000.00"
2019-11-18,2019111801003168,CHCL,51,22,50,352.00,"17,600.00"
2019-11-18,2019111801003054,CHCL,11,7,50,353.00,"17,650.00"
2019-11-18,2019111801003053,CHCL,42,7,448,353.00,"158,144.00"
2019-11-18,2019111801003052,CHCL,43,7,25,353.00,"8,825.00"
2019-11-18,2019111801003051,CHCL,45,7,20,353.00,"7,060.00"
2019-11-18,2019111801003050,CHCL,45,7,30,353.00,"10,590.00"
2019-11-18,2019111801003036,CHCL,45,45,20,353.00,"7,060.00"
2019-11-18,2019111801003106,CLBSL,38,38,"5,000",450.00,"2,250,000.00"
2019-11-18,2019111801003085,CLBSL,48,38,25,455.00,"11,375.00"
2019-11-18,2019111801003084,CLBSL,7,38,44,456.00,"20,064.00"
2019-11-18,2019111801003419,CZBIL,41,38,100,185.00,"18,500.00"
2019-11-18,2019111801003418,CZBIL,1,38,770,185.00,"142,450.00"
2019-11-18,2019111801003091,CZBIL,1,16,230,185.00,"42,550.00"
2019-11-18,2019111801003090,CZBIL,34,16,10,185.00,"1,850.00"
2019-11-18,2019111801003089,CZBIL,52,16,60,185.00,"11,100.00"
2019-11-18,2019111801002977,DBBL,16,40,12,123.00,"1,476.00"
2019-11-18,2019111801002976,DBBL,21,40,30,123.00,"3,690.00"
2019-11-18,2019111801002990,EBL,44,1,219,553.00,"121,107.00"
2019-11-18,2019111801003286,EDBL,57,58,300,274.00,"82,200.00"
2019-11-18,2019111801003432,FMDBL,52,11,148,305.00,"45,140.00"
2019-11-18,2019111801003044,FMDBL,52,21,60,305.00,"18,300.00"
2019-11-18,2019111801003043,GBBL,53,48,313,224.00,"70,112.00"
2019-11-18,2019111801003042,GBBL,53,4,"1,000",224.00,"224,000.00"
2019-11-18,2019111801003041,GBBL,53,13,"1,075",224.00,"240,800.00"
2019-11-18,2019111801003040,GBBL,53,49,249,224.00,"55,776.00"
2019-11-18,2019111801003039,GBBL,53,8,263,224.00,"58,912.00"
2019-11-18,2019111801003429,GBLBS,59,59,5,300.00,"1,500.00"
2019-11-18,2019111801003355,GBLBS,57,59,10,300.00,"3,000.00"
2019-11-18,2019111801003078,GBLBS,57,40,40,300.00,"12,000.00"
2019-11-18,2019111801003451,GLBSL,42,44,10,398.00,"3,980.00"
2019-11-18,2019111801003092,GLBSL,42,42,10,398.00,"3,980.00"
2019-11-18,2019111801003243,GMFBS,33,36,100,505.00,"50,500.00"
2019-11-18,2019111801002970,GMFBS,33,50,10,505.00,"5,050.00"
2019-11-18,2019111801002963,GMFBS,33,1,310,505.00,"156,550.00"
2019-11-18,2019111801002961,GMFBS,33,50,10,505.00,"5,050.00"
2019-11-18,2019111801002962,GRDBL,45,1,100,101.00,"10,100.00"
2019-11-18,2019111801003127,GUFL,3,22,50,110.00,"5,500.00"
2019-11-18,2019111801003442,HDL,19,25,20,"1,770.00","35,400.00"
2019-11-18,2019111801003441,HDL,13,25,80,"1,770.00","141,600.00"
2019-11-18,2019111801003380,HDL,13,11,20,"1,770.00","35,400.00"
2019-11-18,2019111801003379,HDL,35,11,10,"1,770.00","17,700.00"
2019-11-18,2019111801003378,HDL,26,11,200,"1,770.00","354,000.00"
2019-11-18,2019111801003377,HDL,35,11,20,"1,771.00","35,420.00"
2019-11-18,2019111801003376,HDL,53,11,200,"1,772.00","354,400.00"
2019-11-18,2019111801003375,HDL,48,11,50,"1,773.00","88,650.00"
2019-11-18,2019111801003035,HDL,32,48,80,"1,780.00","142,400.00"
2019-11-18,2019111801003025,HDL,6,48,14,"1,780.00","24,920.00"
2019-11-18,2019111801003024,HDL,16,48,40,"1,781.00","71,240.00"
2019-11-18,2019111801003023,HDL,48,48,30,"1,781.00","53,430.00"
2019-11-18,2019111801003391,HGI,25,41,120,247.00,"29,640.00"
2019-11-18,2019111801003287,HGI,32,37,150,248.00,"37,200.00"
2019-11-18,2019111801003202,HGI,32,38,50,248.00,"12,400.00"
2019-11-18,2019111801003201,HGI,32,5,50,248.00,"12,400.00"
2019-11-18,2019111801003074,HGI,25,36,380,247.00,"93,860.00"
2019-11-18,2019111801003073,HGI,5,36,120,247.00,"29,640.00"
2019-11-18,2019111801003450,HIDCL,11,22,18,130.00,"2,340.00"
2019-11-18,2019111801003401,HIDCL,11,36,40,130.00,"5,200.00"
2019-11-18,2019111801003270,HIDCL,5,48,900,131.00,"117,900.00"
2019-11-18,2019111801003269,HIDCL,5,14,700,131.00,"91,700.00"
2019-11-18,2019111801003268,HIDCL,5,46,226,131.00,"29,606.00"
2019-11-18,2019111801003143,HIDCL,11,22,100,130.00,"13,000.00"
2019-11-18,2019111801002983,HIDCL,11,50,31,130.00,"4,030.00"
2019-11-18,2019111801003447,HPPL,45,22,20,134.00,"2,680.00"
2019-11-18,2019111801003431,ILBS,55,44,10,469.00,"4,690.00"
2019-11-18,2019111801003428,ILBS,55,44,10,469.00,"4,690.00"
2019-11-18,2019111801003353,ILBS,43,44,10,468.00,"4,680.00"
2019-11-18,2019111801003347,ILBS,58,41,10,469.00,"4,690.00"
2019-11-18,2019111801003301,ILBS,11,22,100,472.00,"47,200.00"
2019-11-18,2019111801003300,ILBS,11,36,10,471.00,"4,710.00"
2019-11-18,2019111801003299,ILBS,11,36,10,471.00,"4,710.00"
2019-11-18,2019111801003271,ILBS,58,44,10,469.00,"4,690.00"
2019-11-18,2019111801003265,ILBS,39,38,10,470.00,"4,700.00"
