Date,Transact. No.,Symbol,Buyer,Seller,Quantity,Rate,Amount
2020-03-02,2020030201018983,ADBL,3,13,133,420.00,"55,860.00"
2020-03-02,2020030201018982,ADBL,3,53,267,420.00,"112,140.00"
2020-03-02,2020030201018818,ADBL,57,53,10,423.00,"4,230.00"
2020-03-02,2020030201018764,ADBL,16,42,20,427.00,"8,540.00"
2020-03-02,2020030201018763,ADBL,40,42,203,428.00,"86,884.00"
2020-03-02,2020030201018817,ADBL,44,53,500,423.00,"211,500.00"
2020-03-02,2020030201018816,ADBL,49,53,223,428.00,"95,444.00"
2020-03-02,2020030201018800,ADBL,49,42,277,426.00,"118,002.00"
2020-03-02,2020030201018767,ADBL,37,42,100,426.00,"42,600.00"
2020-03-02,2020030201018766,ADBL,56,42,200,427.00,"85,400.00"
2020-03-02,2020030201018765,ADBL,34,42,200,427.00,"85,400.00"
2020-03-02,2020030201018620,AKPL,56,45,19,129.00,"2,451.00"
2020-03-02,2020030201018619,AKPL,53,45,"1,000",129.00,"129,000.00"
2020-03-02,2020030201018618,AKPL,51,45,300,129.00,"38,700.00"
2020-03-02,2020030201018617,AKPL,29,45,"2,000",129.00,"258,000.00"
2020-03-02,2020030201018616,AKPL,43,45,400,129.00,"51,600.00"
2020-03-02,2020030201018615,AKPL,41,45,200,129.00,"25,800.00"
2020-03-02,2020030201018614,AKPL,36,45,81,129.00,"10,449.00"
2020-03-02,2020030201018748,ALBSL,16,47,11,780.00,"8,580.00"
2020-03-02,2020030201018713,ALBSL,16,45,22,780.00,"17,160.00"
2020-03-02,2020030201018905,ALICL,35,49,100,615.00,"61,500.00"
2020-03-02,2020030201018575,ALICL,20,32,500,618.00,"309,000.00"
2020-03-02,2020030201018574,ALICL,16,32,300,618.00,"185,400.00"
2020-03-02,2020030201018573,ALICL,49,32,500,618.00,"309,000.00"
2020-03-02,2020030201018572,ALICL,16,32,"1,000",618.00,"618,000.00"
2020-03-02,2020030201018571,ALICL,14,32,400,620.00,"248,000.00"
2020-03-02,2020030201018570,ALICL,34,32,100,620.00,"62,000.00"
2020-03-02,2020030201018569,ALICL,16,32,71,621.00,"44,091.00"
2020-03-02,2020030201018923,API,42,37,546,136.00,"74,256.00"
2020-03-02,2020030201018656,API,42,6,129,136.00,"17,544.00"
2020-03-02,2020030201018655,API,42,6,71,137.00,"9,727.00"
2020-03-02,2020030201018872,BARUN,50,56,80,96.00,"7,680.00"
2020-03-02,2020030201019004,BNT,21,7,10,"7,261.00","72,610.00"
2020-03-02,2020030201018790,BOKL,46,49,944,260.00,"245,440.00"
2020-03-02,2020030201018789,BOKL,45,49,116,261.00,"30,276.00"
2020-03-02,2020030201018704,BOKL,45,49,84,261.00,"21,924.00"
2020-03-02,2020030201018703,BOKL,54,49,16,261.00,"4,176.00"
2020-03-02,2020030201018694,BOKL,54,17,500,261.00,"130,500.00"
2020-03-02,2020030201018651,BOKL,54,16,192,261.00,"50,112.00"
2020-03-02,2020030201019007,BPCL,6,43,500,380.00,"190,000.00"
2020-03-02,2020030201018812,BPCL,6,1,128,380.00,"48,640.00"
2020-03-02,2020030201018811,BPCL,14,1,10,380.00,"3,800.00"
2020-03-02,2020030201018810,BPCL,33,1,200,380.00,"76,000.00"
2020-03-02,2020030201018809,BPCL,42,1,962,380.00,"365,560.00"
2020-03-02,2020030201018622,BPCL,38,39,25,384.00,"9,600.00"
2020-03-02,2020030201018565,BPCL,42,6,400,380.00,"152,000.00"
2020-03-02,2020030201018803,CBBL,14,22,10,"1,196.00","11,960.00"
2020-03-02,2020030201018802,CBBL,14,22,100,"1,196.00","119,600.00"
2020-03-02,2020030201018801,CBBL,4,22,330,"1,196.00","394,680.00"
2020-03-02,2020030201018514,CBBL,59,22,"2,240","1,198.00","2,683,520.00"
2020-03-02,2020030201018657,CBBL,4,32,200,"1,197.00","239,400.00"
2020-03-02,2020030201018980,CBL,29,16,268,155.00,"41,540.00"
2020-03-02,2020030201018979,CBL,26,16,"1,000",155.00,"155,000.00"
2020-03-02,2020030201018820,CBL,22,59,500,156.00,"78,000.00"
2020-03-02,2020030201018819,CBL,56,59,598,156.00,"93,288.00"
2020-03-02,2020030201018990,CCBL,47,56,83,190.00,"15,770.00"
2020-03-02,2020030201018989,CCBL,44,56,500,190.00,"95,000.00"
2020-03-02,2020030201018988,CCBL,42,56,200,191.00,"38,200.00"
2020-03-02,2020030201018987,CCBL,34,56,50,191.00,"9,550.00"
2020-03-02,2020030201018986,CCBL,45,56,"2,000",191.00,"382,000.00"
2020-03-02,2020030201018985,CCBL,47,56,"2,000",192.00,"384,000.00"
2020-03-02,2020030201018580,CCBL,16,35,786,192.00,"150,912.00"
2020-03-02,2020030201018984,CCBL,11,56,167,192.00,"32,064.00"
2020-03-02,2020030201018924,CCBL,11,56,11,192.00,"2,112.00"
2020-03-02,2020030201018582,CCBL,11,35,14,192.00,"2,688.00"
2020-03-02,2020030201018581,CCBL,21,35,200,192.00,"38,400.00"
2020-03-02,2020030201018527,CHCL,14,53,50,423.00,"21,150.00"
2020-03-02,2020030201018526,CHCL,43,53,25,423.00,"10,575.00"
2020-03-02,2020030201018950,CIT,26,42,90,"2,800.00","252,000.00"
2020-03-02,2020030201018949,CIT,37,42,100,"2,800.00","280,000.00"
2020-03-02,2020030201018948,CIT,41,42,10,"2,800.00","28,000.00"
2020-03-02,2020030201018929,CIT,36,7,100,"2,800.00","280,000.00"
2020-03-02,2020030201018928,CIT,50,7,100,"2,800.00","280,000.00"
2020-03-02,2020030201018870,CIT,26,50,100,"2,802.00","280,200.00"
2020-03-02,2020030201018731,CIT,58,7,30,"2,812.00","84,360.00"
2020-03-02,2020030201018606,CIT,58,17,24,"2,812.00","67,488.00"
2020-03-02,2020030201018808,CIT,7,7,50,"2,810.00","140,500.00"
2020-03-02,2020030201018807,CIT,58,7,49,"2,810.00","137,690.00"
2020-03-02,2020030201018735,CIT,58,7,951,"2,810.00","2,672,310.00"
2020-03-02,2020030201018734,CIT,38,7,500,"2,811.00","1,405,500.00"
2020-03-02,2020030201018733,CIT,35,7,19,"2,811.00","53,409.00"
2020-03-02,2020030201018732,CIT,35,7,300,"2,812.00","843,600.00"
2020-03-02,2020030201018806,CLBSL,19,6,20,"1,278.00","25,560.00"
2020-03-02,2020030201018567,CLBSL,19,55,17,"1,278.00","21,726.00"
2020-03-02,2020030201018999,CZBIL,36,32,"1,000",213.00,"213,000.00"
2020-03-02,2020030201018998,CZBIL,34,32,"1,000",213.00,"213,000.00"
2020-03-02,2020030201018997,CZBIL,21,32,200,213.00,"42,600.00"
2020-03-02,2020030201018996,CZBIL,1,32,520,213.00,"110,760.00"
2020-03-02,2020030201018995,CZBIL,59,32,50,214.00,"10,700.00"
2020-03-02,2020030201018994,CZBIL,21,32,137,214.00,"29,318.00"
2020-03-02,2020030201018993,CZBIL,17,32,100,215.00,"21,500.00"
2020-03-02,2020030201018589,CZBIL,17,51,100,215.00,"21,500.00"
2020-03-02,2020030201019002,DDBL,45,42,100,954.00,"95,400.00"
2020-03-02,2020030201018659,DDBL,45,55,50,954.00,"47,700.00"
2020-03-02,2020030201018658,DDBL,25,55,30,954.00,"28,620.00"
2020-03-02,2020030201018515,DDBL,25,47,20,954.00,"19,080.00"
2020-03-02,2020030201018952,EBL,11,19,200,786.00,"157,200.00"
2020-03-02,2020030201018695,EBL,16,13,300,786.00,"235,800.00"
2020-03-02,2020030201018670,EBL,16,50,200,786.00,"157,200.00"
2020-03-02,2020030201018918,EIC,46,41,39,407.00,"15,873.00"
2020-03-02,2020030201018917,EIC,38,41,200,409.00,"81,800.00"
2020-03-02,2020030201018932,FMDBL,41,3,200,586.00,"117,200.00"
2020-03-02,2020030201018873,FMDBL,42,42,251,587.00,"147,337.00"
2020-03-02,2020030201018744,FMDBL,42,29,50,587.00,"29,350.00"
2020-03-02,2020030201018542,FOWAD,43,46,19,"1,698.00","32,262.00"
2020-03-02,2020030201018593,GBBL,49,35,65,246.00,"15,990.00"
2020-03-02,2020030201018592,GBBL,45,35,"2,000",246.00,"492,000.00"
2020-03-02,2020030201018591,GBBL,58,35,784,247.00,"193,648.00"
2020-03-02,2020030201018524,GBBL,58,42,216,247.00,"53,352.00"
2020-03-02,2020030201018523,GBBL,14,42,500,247.00,"123,500.00"
2020-03-02,2020030201018522,GBBL,45,42,500,247.00,"123,500.00"
2020-03-02,2020030201018521,GBBL,1,42,100,248.00,"24,800.00"
2020-03-02,2020030201018520,GBBL,38,42,500,250.00,"125,000.00"
2020-03-02,2020030201018519,GBBL,36,42,184,250.00,"46,000.00"
2020-03-02,2020030201018813,GBIME,28,42,"2,000",300.00,"600,000.00"
2020-03-02,2020030201018653,GBIME,28,42,10,300.00,"3,000.00"
2020-03-02,2020030201018652,GBIME,28,43,50,296.00,"14,800.00"
2020-03-02,2020030201018577,GBIME,28,43,981,296.00,"290,376.00"
2020-03-02,2020030201018576,GBIME,28,45,50,296.00,"14,800.00"
2020-03-02,2020030201018547,GBIME,25,45,200,296.00,"59,200.00"
2020-03-02,2020030201018546,GBIME,34,45,200,296.00,"59,200.00"
2020-03-02,2020030201018545,GBIME,34,45,"1,000",296.00,"296,000.00"
2020-03-02,2020030201018544,GBIME,39,45,50,296.00,"14,800.00"
2020-03-02,2020030201018920,GBLBS,13,41,800,540.00,"432,000.00"
2020-03-02,2020030201018736,GBLBS,13,58,125,550.00,"68,750.00"
2020-03-02,2020030201018683,GBLBS,13,49,10,550.00,"5,500.00"
2020-03-02,2020030201018677,GBLBS,13,55,15,550.00,"8,250.00"
2020-03-02,2020030201018609,GBLBS,13,56,500,550.00,"275,000.00"
2020-03-02,2020030201018596,GBLBS,13,35,150,550.00,"82,500.00"
2020-03-02,2020030201018960,GLBSL,21,5,409,743.00,"303,887.00"
2020-03-02,2020030201018914,GLBSL,21,55,10,743.00,"7,430.00"
2020-03-02,2020030201018896,HBL,34,25,200,655.00,"131,000.00"
2020-03-02,2020030201018543,HBL,34,56,50,655.00,"32,750.00"
2020-03-02,2020030201018529,HBL,34,43,522,655.00,"341,910.00"
2020-03-02,2020030201018528,HBL,46,43,228,655.00,"149,340.00"
2020-03-02,2020030201018509,HBL,46,41,400,655.00,"262,000.00"
2020-03-02,2020030201018904,HDL,58,56,895,"1,681.00","1,504,495.00"
2020-03-02,2020030201018903,HDL,57,56,10,"1,683.00","16,830.00"
2020-03-02,2020030201018902,HDL,45,56,50,"1,685.00","84,250.00"
2020-03-02,2020030201018901,HDL,52,56,20,"1,686.00","33,720.00"
2020-03-02,2020030201018840,HDL,14,22,50,"1,688.00","84,400.00"
2020-03-02,2020030201018727,HDL,4,53,"2,125","1,691.00","3,593,375.00"
2020-03-02,2020030201018720,HDL,4,41,200,"1,691.00","338,200.00"
2020-03-02,2020030201018719,HDL,4,35,895,"1,691.00","1,513,445.00"
2020-03-02,2020030201018718,HDL,4,1,80,"1,691.00","135,280.00"
2020-03-02,2020030201018717,HDL,4,42,300,"1,691.00","507,300.00"
2020-03-02,2020030201018716,HDL,4,38,300,"1,691.00","507,300.00"
2020-03-02,2020030201018726,HDL,4,37,100,"1,691.00","169,100.00"
2020-03-02,2020030201018725,HDL,4,42,100,"1,691.00","169,100.00"
2020-03-02,2020030201018724,HDL,4,42,100,"1,691.00","169,100.00"
2020-03-02,2020030201018723,HDL,4,42,200,"1,691.00","338,200.00"
2020-03-02,2020030201018722,HDL,4,48,500,"1,691.00","845,500.00"
2020-03-02,2020030201018721,HDL,4,37,100,"1,691.00","169,100.00"
2020-03-02,2020030201018788,HGI,49,49,150,419.00,"62,850.00"
2020-03-02,2020030201018613,HPPL,13,33,10,150.00,"1,500.00"
2020-03-02,2020030201018975,ICFC,48,49,90,199.00,"17,910.00"
2020-03-02,2020030201018602,IGI,6,42,307,463.00,"142,141.00"
2020-03-02,2020030201018927,JBBL,45,33,300,198.00,"59,400.00"
2020-03-02,2020030201018900,JBBL,45,58,80,198.00,"15,840.00"
2020-03-02,2020030201018899,JBBL,34,58,50,198.00,"9,900.00"
2020-03-02,2020030201018898,JBBL,52,58,170,198.00,"33,660.00"
2020-03-02,2020030201018897,JBBL,17,58,200,199.00,"39,800.00"
2020-03-02,2020030201018862,JBBL,17,18,300,199.00,"59,700.00"
2020-03-02,2020030201018798,JBBL,52,7,830,198.00,"164,340.00"
2020-03-02,2020030201018797,JBBL,42,7,20,198.00,"3,960.00"
2020-03-02,2020030201018796,JBBL,54,7,500,198.00,"99,000.00"
2020-03-02,2020030201018795,JBBL,51,7,150,198.00,"29,700.00"
2020-03-02,2020030201018875,JSLBB,45,58,92,"1,774.00","163,208.00"
2020-03-02,2020030201018874,JSLBB,44,58,38,"1,775.00","67,450.00"
2020-03-02,2020030201018962,KBL,36,29,40,217.00,"8,680.00"
2020-03-02,2020030201018961,KBL,48,32,"1,000",218.00,"218,000.00"
2020-03-02,2020030201018955,KBL,36,53,500,217.00,"108,500.00"
2020-03-02,2020030201018947,KBL,36,41,460,217.00,"99,820.00"
2020-03-02,2020030201018946,KBL,57,41,10,217.00,"2,170.00"
2020-03-02,2020030201018945,KBL,6,41,"1,530",217.00,"332,010.00"
2020-03-02,2020030201018650,KBL,35,48,"3,883",218.00,"846,494.00"
2020-03-02,2020030201018649,KBL,52,48,"1,000",218.00,"218,000.00"
2020-03-02,2020030201018648,KBL,58,48,"1,117",218.00,"243,506.00"
2020-03-02,2020030201018621,KBL,58,18,160,218.00,"34,880.00"
2020-03-02,2020030201018882,KBL,6,46,470,217.00,"101,990.00"
2020-03-02,2020030201018881,KBL,21,46,200,217.00,"43,400.00"
2020-03-02,2020030201018880,KBL,52,46,30,217.00,"6,510.00"
2020-03-02,2020030201018729,KBL,33,32,300,218.00,"65,400.00"
2020-03-02,2020030201018728,KBL,35,32,117,218.00,"25,506.00"
2020-03-02,2020030201018682,KBL,35,35,"1,000",218.00,"218,000.00"
2020-03-02,2020030201018885,KMCDB,51,29,80,985.00,"78,800.00"
2020-03-02,2020030201018884,KMCDB,13,29,30,986.00,"29,580.00"
2020-03-02,2020030201018883,KMCDB,28,29,106,989.00,"104,834.00"
2020-03-02,2020030201018966,LBL,38,25,100,243.00,"24,300.00"
2020-03-02,2020030201018965,LBL,34,25,100,243.00,"24,300.00"
2020-03-02,2020030201018964,LBL,34,25,500,244.00,"122,000.00"
2020-03-02,2020030201018963,LBL,19,25,101,244.00,"24,644.00"
2020-03-02,2020030201018895,LBL,19,39,99,244.00,"24,156.00"
2020-03-02,2020030201018894,LBL,38,39,100,245.00,"24,500.00"
2020-03-02,2020030201018893,LBL,34,39,100,245.00,"24,500.00"
2020-03-02,2020030201018892,LBL,42,39,75,247.00,"18,525.00"
2020-03-02,2020030201018891,LBL,34,39,162,247.00,"40,014.00"
2020-03-02,2020030201018710,LGIL,35,6,484,525.00,"254,100.00"
2020-03-02,2020030201018661,LICN,50,5,66,"1,520.00","100,320.00"
2020-03-02,2020030201018660,LICN,45,5,134,"1,523.00","204,082.00"
2020-03-02,2020030201018774,MBL,34,58,325,250.00,"81,250.00"
2020-03-02,2020030201018773,MBL,51,58,200,250.00,"50,000.00"
2020-03-02,2020030201018772,MBL,22,58,100,250.00,"25,000.00"
2020-03-02,2020030201018771,MBL,14,58,"1,000",251.00,"251,000.00"
2020-03-02,2020030201018770,MBL,48,58,"2,800",251.00,"702,800.00"
2020-03-02,2020030201018568,MBL,48,47,700,251.00,"175,700.00"
2020-03-02,2020030201018931,MDB,53,43,50,445.00,"22,250.00"
2020-03-02,2020030201018930,MDB,28,43,660,445.00,"293,700.00"
2020-03-02,2020030201018922,MDB,28,33,140,445.00,"62,300.00"
2020-03-02,2020030201018921,MDB,42,33,100,446.00,"44,600.00"
2020-03-02,2020030201019003,MERO,25,37,200,708.00,"141,600.00"
2020-03-02,2020030201018668,MERO,25,3,38,708.00,"26,904.00"
2020-03-02,2020030201018667,MERO,56,3,10,708.00,"7,080.00"
2020-03-02,2020030201018666,MERO,56,3,59,709.00,"41,831.00"
2020-03-02,2020030201018665,MERO,14,3,50,710.00,"35,500.00"
2020-03-02,2020030201018664,MERO,56,3,93,711.00,"66,123.00"
2020-03-02,2020030201018761,MFIL,29,43,500,262.00,"131,000.00"
2020-03-02,2020030201018760,MFIL,47,43,500,262.00,"131,000.00"
2020-03-02,2020030201018759,MFIL,14,43,69,263.00,"18,147.00"
2020-03-02,2020030201018730,MFIL,14,3,331,263.00,"87,053.00"
2020-03-02,2020030201018671,MFIL,14,53,100,263.00,"26,300.00"
2020-03-02,2020030201018959,MNBBL,17,28,100,360.00,"36,000.00"
2020-03-02,2020030201018958,MNBBL,52,28,80,360.00,"28,800.00"
2020-03-02,2020030201018957,MNBBL,21,28,200,360.00,"72,000.00"
2020-03-02,2020030201018956,MNBBL,51,28,98,360.00,"35,280.00"
2020-03-02,2020030201018916,MNBBL,51,54,102,360.00,"36,720.00"
2020-03-02,2020030201018915,MNBBL,19,54,98,361.00,"35,378.00"
2020-03-02,2020030201018775,MNBBL,57,33,89,362.00,"32,218.00"
2020-03-02,2020030201018707,MNBBL,57,33,11,362.00,"3,982.00"
2020-03-02,2020030201018706,MNBBL,53,33,33,362.00,"11,946.00"
2020-03-02,2020030201019001,NABIL,33,41,200,850.00,"170,000.00"
2020-03-02,2020030201018974,NABIL,39,6,28,865.00,"24,220.00"
2020-03-02,2020030201018821,NABIL,45,6,700,865.00,"605,500.00"
2020-03-02,2020030201018641,NABIL,42,42,150,867.00,"130,050.00"
2020-03-02,2020030201018913,NBL,51,33,500,292.00,"146,000.00"
2020-03-02,2020030201018912,NBL,37,33,100,292.00,"29,200.00"
2020-03-02,2020030201018911,NBL,50,33,300,292.00,"87,600.00"
2020-03-02,2020030201018910,NBL,20,33,250,292.00,"73,000.00"
2020-03-02,2020030201018909,NBL,44,33,500,292.00,"146,000.00"
2020-03-02,2020030201018908,NBL,41,33,500,292.00,"146,000.00"
2020-03-02,2020030201018532,NBL,49,8,50,295.00,"14,750.00"
2020-03-02,2020030201018531,NBL,58,8,"1,490",295.00,"439,550.00"
2020-03-02,2020030201018513,NBL,58,16,815,295.00,"240,425.00"
2020-03-02,2020030201018508,NBL,58,33,"1,000",295.00,"295,000.00"
2020-03-02,2020030201018642,NBL,51,1,500,294.00,"147,000.00"
2020-03-02,2020030201018587,NBL,45,8,100,295.00,"29,500.00"
2020-03-02,2020030201018560,NBL,28,56,"1,000",294.00,"294,000.00"
2020-03-02,2020030201018559,NBL,6,56,"2,000",294.00,"588,000.00"
2020-03-02,2020030201018558,NBL,36,56,"2,000",294.00,"588,000.00"
2020-03-02,2020030201018533,NBL,52,8,500,295.00,"147,500.00"
2020-03-02,2020030201018907,NBL,35,33,127,293.00,"37,211.00"
2020-03-02,2020030201018906,NBL,25,33,500,293.00,"146,500.00"
2020-03-02,2020030201018681,NBL,6,5,50,294.00,"14,700.00"
2020-03-02,2020030201018680,NBL,41,5,400,294.00,"117,600.00"
2020-03-02,2020030201018679,NBL,25,5,"1,000",294.00,"294,000.00"
2020-03-02,2020030201018643,NBL,37,1,500,294.00,"147,000.00"
2020-03-02,2020030201018799,NCCB,32,32,"1,500",209.00,"313,500.00"
2020-03-02,2020030201018693,NCCB,8,29,291,206.00,"59,946.00"
2020-03-02,2020030201018692,NCCB,47,29,500,206.00,"103,000.00"
2020-03-02,2020030201018691,NCCB,39,29,100,206.00,"20,600.00"
2020-03-02,2020030201018690,NCCB,59,29,676,206.00,"139,256.00"
2020-03-02,2020030201018551,NCCB,56,26,10,210.00,"2,100.00"
2020-03-02,2020030201018836,NHPC,25,56,430,62.00,"26,660.00"
2020-03-02,2020030201018835,NHPC,54,56,100,62.00,"6,200.00"
2020-03-02,2020030201018834,NHPC,38,56,"1,000",62.00,"62,000.00"
2020-03-02,2020030201018833,NHPC,58,56,"1,700",62.00,"105,400.00"
2020-03-02,2020030201018832,NHPC,34,56,"1,000",62.00,"62,000.00"
2020-03-02,2020030201018831,NHPC,6,56,500,62.00,"31,000.00"
2020-03-02,2020030201018830,NHPC,37,56,"1,270",62.00,"78,740.00"
2020-03-02,2020030201018762,NHPC,37,17,350,62.00,"21,700.00"
2020-03-02,2020030201018944,NIB,6,19,"1,000",435.00,"435,000.00"
2020-03-02,2020030201018943,NIB,22,19,100,435.00,"43,500.00"
2020-03-02,2020030201018942,NIB,34,19,100,436.00,"43,600.00"
2020-03-02,2020030201018941,NIB,37,19,200,437.00,"87,400.00"
2020-03-02,2020030201018940,NIB,42,19,20,437.00,"8,740.00"
2020-03-02,2020030201018939,NIB,34,19,150,437.00,"65,550.00"
2020-03-02,2020030201018595,NIB,44,59,28,440.00,"12,320.00"
2020-03-02,2020030201018594,NIB,29,59,72,440.00,"31,680.00"
2020-03-02,2020030201018564,NIB,29,13,428,440.00,"188,320.00"
2020-03-02,2020030201018563,NIB,38,13,200,440.00,"88,000.00"
2020-03-02,2020030201018562,NIB,59,13,372,440.00,"163,680.00"
2020-03-02,2020030201018786,NIB,34,45,402,438.00,"176,076.00"
2020-03-02,2020030201018785,NIB,46,45,200,438.00,"87,600.00"
2020-03-02,2020030201018784,NIB,7,45,100,439.00,"43,900.00"
2020-03-02,2020030201018783,NIB,59,45,200,439.00,"87,800.00"
2020-03-02,2020030201018782,NIB,44,45,98,440.00,"43,120.00"
2020-03-02,2020030201018715,NIB,44,16,74,440.00,"32,560.00"
2020-03-02,2020030201018935,NIB,34,35,50,437.00,"21,850.00"
2020-03-02,2020030201018934,NIB,26,35,50,437.00,"21,850.00"
2020-03-02,2020030201018933,NIB,35,35,100,437.00,"43,700.00"
2020-03-02,2020030201018851,NIB,58,19,300,438.00,"131,400.00"
2020-03-02,2020030201018850,NIB,39,19,50,438.00,"21,900.00"
2020-03-02,2020030201018849,NIB,34,19,98,438.00,"42,924.00"
2020-03-02,2020030201018552,NIBLPF,34,49,"1,500",8.50,"12,750.00"
2020-03-02,2020030201018973,NICA,14,50,300,603.00,"180,900.00"
2020-03-02,2020030201018972,NICA,14,37,200,603.00,"120,600.00"
2020-03-02,2020030201018925,NICA,48,49,300,600.00,"180,000.00"
2020-03-02,2020030201018847,NICA,48,42,193,600.00,"115,800.00"
2020-03-02,2020030201018846,NICA,36,42,500,600.00,"300,000.00"
2020-03-02,2020030201018845,NICA,7,42,200,600.00,"120,000.00"
2020-03-02,2020030201018662,NICA,25,53,514,604.00,"310,456.00"
2020-03-02,2020030201018612,NICA,25,58,400,604.00,"241,600.00"
2020-03-02,2020030201018611,NICA,25,45,86,604.00,"51,944.00"
2020-03-02,2020030201018610,NICA,58,45,114,605.00,"68,970.00"
2020-03-02,2020030201018697,NICA,48,38,66,604.00,"39,864.00"
2020-03-02,2020030201018689,NICA,25,49,70,603.00,"42,210.00"
2020-03-02,2020030201018688,NICA,39,49,150,603.00,"90,450.00"
2020-03-02,2020030201018687,NICA,45,38,20,604.00,"12,080.00"
2020-03-02,2020030201018686,NICA,25,38,14,604.00,"8,456.00"
2020-03-02,2020030201018663,NICA,25,53,486,604.00,"293,544.00"
2020-03-02,2020030201018827,NICA,14,48,90,610.00,"54,900.00"
2020-03-02,2020030201018826,NICA,14,50,677,609.00,"412,293.00"
2020-03-02,2020030201018825,NICA,14,48,122,605.00,"73,810.00"
2020-03-02,2020030201018700,NICA,48,50,673,609.00,"409,857.00"
2020-03-02,2020030201018699,NICA,48,13,"1,000",609.00,"609,000.00"
2020-03-02,2020030201018698,NICA,48,54,261,607.00,"158,427.00"
2020-03-02,2020030201018844,NICA,57,42,"1,500",600.00,"900,000.00"
2020-03-02,2020030201018843,NICA,20,42,50,600.00,"30,000.00"
2020-03-02,2020030201018842,NICA,44,42,20,600.00,"12,000.00"
2020-03-02,2020030201018841,NICA,25,42,430,603.00,"259,290.00"
2020-03-02,2020030201018829,NICA,25,55,500,603.00,"301,500.00"
2020-03-02,2020030201018828,NICA,14,46,111,610.00,"67,710.00"
2020-03-02,2020030201018823,NICL,34,6,500,482.00,"241,000.00"
2020-03-02,2020030201018822,NICL,5,6,750,482.00,"361,500.00"
2020-03-02,2020030201018758,NICL,5,45,250,482.00,"120,500.00"
2020-03-02,2020030201018757,NICL,53,45,100,482.00,"48,200.00"
2020-03-02,2020030201018756,NICL,52,45,100,483.00,"48,300.00"
2020-03-02,2020030201018755,NICL,34,45,200,484.00,"96,800.00"
2020-03-02,2020030201018754,NICL,57,45,500,485.00,"242,500.00"
2020-03-02,2020030201018753,NICL,44,45,50,485.00,"24,250.00"
2020-03-02,2020030201018804,NIL,45,28,30,585.00,"17,550.00"
2020-03-02,2020030201018579,NIL,49,28,50,585.00,"29,250.00"
2020-03-02,2020030201018578,NIL,53,28,170,585.00,"99,450.00"
2020-03-02,2020030201018702,NLBBL,40,59,500,824.00,"412,000.00"
2020-03-02,2020030201018669,NLBBL,41,29,20,830.00,"16,600.00"
2020-03-02,2020030201018981,NLIC,50,49,18,"1,279.00","23,022.00"
2020-03-02,2020030201018953,NLIC,45,33,20,"1,276.00","25,520.00"
2020-03-02,2020030201018926,NLIC,58,49,100,"1,275.00","127,500.00"
2020-03-02,2020030201018863,NLIC,21,49,100,"1,279.00","127,900.00"
2020-03-02,2020030201018861,NLIC,58,49,89,"1,274.00","113,386.00"
2020-03-02,2020030201018860,NLIC,49,49,100,"1,274.00","127,400.00"
2020-03-02,2020030201018538,NLIC,51,53,100,"1,280.00","128,000.00"
2020-03-02,2020030201018537,NLIC,14,53,200,"1,280.00","256,000.00"
2020-03-02,2020030201018536,NLIC,56,53,15,"1,282.00","19,230.00"
2020-03-02,2020030201018535,NLIC,34,53,100,"1,282.00","128,200.00"
2020-03-02,2020030201018534,NLIC,52,53,50,"1,282.00","64,100.00"
2020-03-02,2020030201018623,NLIC,53,6,100,"1,279.00","127,900.00"
2020-03-02,2020030201018608,NLIC,49,53,20,"1,280.00","25,600.00"
2020-03-02,2020030201018566,NLIC,45,53,200,"1,280.00","256,000.00"
2020-03-02,2020030201018541,NLIC,34,53,100,"1,280.00","128,000.00"
2020-03-02,2020030201018540,NLIC,59,53,60,"1,280.00","76,800.00"
2020-03-02,2020030201018539,NLIC,14,53,500,"1,280.00","640,000.00"
2020-03-02,2020030201018629,NLIC,34,6,50,"1,277.00","63,850.00"
2020-03-02,2020030201018628,NLIC,26,6,100,"1,278.00","127,800.00"
2020-03-02,2020030201018627,NLIC,6,6,20,"1,279.00","25,580.00"
2020-03-02,2020030201018626,NLIC,34,6,100,"1,279.00","127,900.00"
2020-03-02,2020030201018625,NLIC,45,6,300,"1,279.00","383,700.00"
2020-03-02,2020030201018624,NLIC,34,6,200,"1,279.00","255,800.00"
2020-03-02,2020030201018752,NLIC,45,6,80,"1,276.00","102,080.00"
2020-03-02,2020030201018705,NLIC,49,42,100,"1,275.00","127,500.00"
2020-03-02,2020030201018701,NLIC,49,22,44,"1,275.00","56,100.00"
2020-03-02,2020030201018685,NLIC,49,28,45,"1,275.00","57,375.00"
2020-03-02,2020030201018684,NLIC,33,28,55,"1,275.00","70,125.00"
2020-03-02,2020030201018630,NLIC,50,6,50,"1,276.00","63,800.00"
2020-03-02,2020030201018853,NLIC,20,49,50,"1,274.00","63,700.00"
2020-03-02,2020030201018852,NLIC,50,49,31,"1,275.00","39,525.00"
2020-03-02,2020030201018794,NLIC,53,49,10,"1,279.00","12,790.00"
2020-03-02,2020030201018793,NLIC,50,49,169,"1,275.00","215,475.00"
2020-03-02,2020030201018792,NLIC,49,49,11,"1,275.00","14,025.00"
2020-03-02,2020030201018791,NLIC,45,49,20,"1,276.00","25,520.00"
2020-03-02,2020030201018859,NLIC,6,49,100,"1,274.00","127,400.00"
2020-03-02,2020030201018858,NLIC,46,49,10,"1,274.00","12,740.00"
2020-03-02,2020030201018857,NLIC,35,49,"1,000","1,274.00","1,274,000.00"
2020-03-02,2020030201018856,NLIC,52,49,20,"1,274.00","25,480.00"
2020-03-02,2020030201018855,NLIC,50,49,500,"1,274.00","637,000.00"
2020-03-02,2020030201018854,NLIC,34,49,100,"1,274.00","127,400.00"
2020-03-02,2020030201018866,NLICL,21,41,100,748.00,"74,800.00"
2020-03-02,2020030201018865,NLICL,52,41,500,749.00,"374,500.00"
2020-03-02,2020030201018864,NLICL,11,41,200,750.00,"150,000.00"
2020-03-02,2020030201018711,NLICL,11,35,100,750.00,"75,000.00"
2020-03-02,2020030201018640,NLICL,57,35,20,750.00,"15,000.00"
2020-03-02,2020030201018639,NLICL,46,35,50,750.00,"37,500.00"
2020-03-02,2020030201018638,NLICL,52,35,10,760.00,"7,600.00"
2020-03-02,2020030201018637,NLICL,34,35,50,760.00,"38,000.00"
2020-03-02,2020030201018636,NLICL,26,35,33,761.00,"25,113.00"
2020-03-02,2020030201018978,NMB,25,38,16,463.00,"7,408.00"
2020-03-02,2020030201018977,NMB,58,38,484,463.00,"224,092.00"
2020-03-02,2020030201018871,NMB,45,42,400,464.00,"185,600.00"
2020-03-02,2020030201018815,NMB,45,8,600,464.00,"278,400.00"
2020-03-02,2020030201018631,NMB,58,50,100,463.00,"46,300.00"
2020-03-02,2020030201018607,NMB,58,35,100,463.00,"46,300.00"
2020-03-02,2020030201018588,NMB,58,49,546,463.00,"252,798.00"
2020-03-02,2020030201018549,NMB,58,53,"1,770",463.00,"819,510.00"
2020-03-02,2020030201018548,NMB,48,53,230,463.00,"106,490.00"
2020-03-02,2020030201018938,NTC,7,40,140,681.00,"95,340.00"
2020-03-02,2020030201018937,NTC,47,40,10,682.00,"6,820.00"
2020-03-02,2020030201018936,NTC,42,40,50,683.00,"34,150.00"
2020-03-02,2020030201019000,PCBL,42,6,300,314.00,"94,200.00"
2020-03-02,2020030201018714,PCBL,17,46,500,315.00,"157,500.00"
2020-03-02,2020030201018696,PCBL,42,48,155,314.00,"48,670.00"
2020-03-02,2020030201018590,PCBL,38,46,500,315.00,"157,500.00"
2020-03-02,2020030201018525,PCBL,38,13,500,315.00,"157,500.00"
2020-03-02,2020030201018838,PFL,59,29,109,167.00,"18,203.00"
2020-03-02,2020030201018837,PFL,28,29,91,167.00,"15,197.00"
2020-03-02,2020030201018839,PIC,11,16,14,625.00,"8,750.00"
2020-03-02,2020030201019006,PLIC,39,41,368,633.00,"232,944.00"
2020-03-02,2020030201019005,PLIC,39,41,632,634.00,"400,688.00"
2020-03-02,2020030201018769,PLIC,39,22,300,634.00,"190,200.00"
2020-03-02,2020030201018768,PLIC,39,40,100,634.00,"63,400.00"
2020-03-02,2020030201018635,PLIC,39,49,300,634.00,"190,200.00"
2020-03-02,2020030201018633,PLIC,39,5,168,634.00,"106,512.00"
2020-03-02,2020030201018632,PLIC,14,5,82,635.00,"52,070.00"
2020-03-02,2020030201018969,PRVU,4,56,252,264.00,"66,528.00"
2020-03-02,2020030201018805,PRVU,4,56,232,264.00,"61,248.00"
2020-03-02,2020030201018751,PRVU,4,41,200,264.00,"52,800.00"
2020-03-02,2020030201018750,PRVU,10,41,100,264.00,"26,400.00"
2020-03-02,2020030201018749,PRVU,36,41,200,264.00,"52,800.00"
2020-03-02,2020030201018605,PRVU,39,32,"1,000",265.00,"265,000.00"
2020-03-02,2020030201018604,PRVU,48,32,500,265.00,"132,500.00"
2020-03-02,2020030201018603,PRVU,58,32,"2,274",265.00,"602,610.00"
2020-03-02,2020030201018530,PRVU,58,33,"3,385",265.00,"897,025.00"
2020-03-02,2020030201018678,RBCL,38,41,10,"10,766.00","107,660.00"
2020-03-02,2020030201018512,RBCL,38,38,10,"10,953.00","109,530.00"
2020-03-02,2020030201018781,RBCLPO,43,40,20,"9,108.00","182,160.00"
2020-03-02,2020030201018780,RBCLPO,7,40,10,"9,108.00","91,080.00"
2020-03-02,2020030201018779,RBCLPO,59,40,10,"9,108.00","91,080.00"
2020-03-02,2020030201018778,RBCLPO,34,40,10,"9,108.00","91,080.00"
2020-03-02,2020030201018878,SBI,48,42,448,506.00,"226,688.00"
2020-03-02,2020030201018877,SBI,26,42,50,506.00,"25,300.00"
2020-03-02,2020030201018654,SBI,49,36,"1,000",509.00,"509,000.00"
2020-03-02,2020030201018601,SBI,46,42,200,510.00,"102,000.00"
2020-03-02,2020030201018600,SBI,1,42,50,510.00,"25,500.00"
2020-03-02,2020030201018599,SBI,6,42,100,510.00,"51,000.00"
2020-03-02,2020030201018598,SBI,53,42,100,510.00,"51,000.00"
2020-03-02,2020030201018597,SBI,46,42,52,510.00,"26,520.00"
2020-03-02,2020030201018550,SBI,46,56,713,510.00,"363,630.00"
2020-03-02,2020030201018518,SBI,46,25,235,510.00,"119,850.00"
2020-03-02,2020030201018517,SBI,57,25,15,513.00,"7,695.00"
2020-03-02,2020030201018516,SBI,21,25,50,513.00,"25,650.00"
2020-03-02,2020030201018848,SBL,1,33,19,336.00,"6,384.00"
2020-03-02,2020030201018647,SBL,59,54,100,337.00,"33,700.00"
2020-03-02,2020030201018646,SBL,11,54,500,337.00,"168,500.00"
2020-03-02,2020030201018890,SCB,38,22,10,735.00,"7,350.00"
2020-03-02,2020030201018889,SCB,55,22,100,735.00,"73,500.00"
2020-03-02,2020030201018888,SCB,35,22,50,735.00,"36,750.00"
2020-03-02,2020030201018887,SCB,26,22,30,735.00,"22,050.00"
2020-03-02,2020030201018886,SCB,8,22,94,735.00,"69,090.00"
2020-03-02,2020030201018869,SCB,8,13,200,735.00,"147,000.00"
2020-03-02,2020030201018634,SCB,35,1,40,736.00,"29,440.00"
2020-03-02,2020030201018586,SCB,35,35,60,736.00,"44,160.00"
2020-03-02,2020030201018585,SCB,42,35,90,736.00,"66,240.00"
2020-03-02,2020030201018584,SCB,55,35,50,736.00,"36,800.00"
2020-03-02,2020030201018814,SCB,21,1,100,736.00,"73,600.00"
2020-03-02,2020030201018676,SCB,8,47,206,735.00,"151,410.00"
2020-03-02,2020030201018675,SCB,38,47,50,735.00,"36,750.00"
2020-03-02,2020030201018674,SCB,50,47,200,735.00,"147,000.00"
2020-03-02,2020030201018673,SCB,51,47,70,735.00,"51,450.00"
2020-03-02,2020030201018672,SCB,16,47,100,735.00,"73,500.00"
2020-03-02,2020030201018992,SHINE,4,40,450,307.00,"138,150.00"
2020-03-02,2020030201018991,SHINE,57,40,50,307.00,"15,350.00"
2020-03-02,2020030201018561,SHINE,57,35,19,310.00,"5,890.00"
2020-03-02,2020030201018511,SHINE,57,58,181,310.00,"56,110.00"
2020-03-02,2020030201018510,SHINE,34,58,400,310.00,"124,000.00"
2020-03-02,2020030201018968,SHIVM,48,1,"2,000",627.00,"1,254,000.00"
2020-03-02,2020030201018967,SHIVM,37,1,200,627.00,"125,400.00"
2020-03-02,2020030201018712,SHIVM,37,33,300,627.00,"188,100.00"
2020-03-02,2020030201018747,SHL,29,38,771,188.00,"144,948.00"
2020-03-02,2020030201018746,SHL,41,38,300,188.00,"56,400.00"
2020-03-02,2020030201018745,SHL,58,54,240,188.00,"45,120.00"
2020-03-02,2020030201018879,SIC,38,35,20,730.00,"14,600.00"
2020-03-02,2020030201018743,SIC,38,25,10,730.00,"7,300.00"
2020-03-02,2020030201018742,SIC,21,25,100,735.00,"73,500.00"
2020-03-02,2020030201018741,SIC,21,25,20,735.00,"14,700.00"
2020-03-02,2020030201018740,SIC,46,25,50,740.00,"37,000.00"
2020-03-02,2020030201018739,SIC,40,25,100,740.00,"74,000.00"
2020-03-02,2020030201018738,SIC,45,25,20,742.00,"14,840.00"
2020-03-02,2020030201018737,SIC,38,25,400,742.00,"296,800.00"
2020-03-02,2020030201018951,SICL,21,14,100,"1,000.00","100,000.00"
2020-03-02,2020030201018777,SICL,41,14,500,"1,000.00","500,000.00"
2020-03-02,2020030201018776,SICL,50,14,175,"1,001.00","175,175.00"
2020-03-02,2020030201018709,SICL,50,41,25,"1,001.00","25,025.00"
2020-03-02,2020030201018708,SICL,57,41,25,"1,001.00","25,025.00"
2020-03-02,2020030201018919,SIL,33,35,500,580.00,"290,000.00"
2020-03-02,2020030201018971,SLBBL,14,45,133,918.00,"122,094.00"
2020-03-02,2020030201018970,SLBBL,34,45,57,920.00,"52,440.00"
2020-03-02,2020030201018824,SLBBL,34,46,43,920.00,"39,560.00"
2020-03-02,2020030201018645,SLBBL,34,53,200,920.00,"184,000.00"
2020-03-02,2020030201018644,SLICL,49,41,31,473.00,"14,663.00"
2020-03-02,2020030201018868,SMFBS,48,13,70,"1,135.00","79,450.00"
2020-03-02,2020030201018867,SMFBS,57,13,30,"1,137.00","34,110.00"
2020-03-02,2020030201018976,SPDL,11,33,10,103.00,"1,030.00"
2020-03-02,2020030201018876,SRBL,47,42,275,276.00,"75,900.00"
2020-03-02,2020030201018583,SWBBL,25,33,100,"1,274.00","127,400.00"
2020-03-02,2020030201018787,UPCL,46,58,274,81.00,"22,194.00"
2020-03-02,2020030201018557,UPPER,53,16,77,244.00,"18,788.00"
2020-03-02,2020030201018556,UPPER,54,16,500,244.00,"122,000.00"
2020-03-02,2020030201018555,UPPER,14,16,400,244.00,"97,600.00"
2020-03-02,2020030201018554,UPPER,41,16,"1,000",244.00,"244,000.00"
2020-03-02,2020030201018553,UPPER,33,16,828,244.00,"202,032.00"
2020-03-02,2020030201018954,VLBS,47,41,20,"1,122.00","22,440.00"
2020-03-02,2020030201018459,ADBL,40,28,83,428.00,"35,524.00"
2020-03-02,2020030201018418,ADBL,40,33,14,428.00,"5,992.00"
2020-03-02,2020030201018289,ADBL,40,25,200,428.00,"85,600.00"
2020-03-02,2020030201018060,ADBL,26,59,100,429.00,"42,900.00"
2020-03-02,2020030201018247,AKPL,36,55,20,129.00,"2,580.00"
2020-03-02,2020030201018242,AKPL,36,35,899,129.00,"115,971.00"
2020-03-02,2020030201018241,AKPL,45,35,101,129.00,"13,029.00"
2020-03-02,2020030201018072,AKPL,45,3,899,129.00,"115,971.00"
2020-03-02,2020030201018071,AKPL,47,3,101,129.00,"13,029.00"
2020-03-02,2020030201018400,ALBSL,16,29,73,780.00,"56,940.00"
2020-03-02,2020030201018274,ALBSL,16,53,40,780.00,"31,200.00"
2020-03-02,2020030201018188,ALBSL,16,5,82,780.00,"63,960.00"
2020-03-02,2020030201018187,ALBSL,14,5,100,784.00,"78,400.00"
2020-03-02,2020030201018186,ALBSL,14,5,30,785.00,"23,550.00"
2020-03-02,2020030201018312,ALICL,16,5,200,621.00,"124,200.00"
2020-03-02,2020030201018113,ALICL,16,17,229,621.00,"142,209.00"
2020-03-02,2020030201018112,ALICL,14,17,200,621.00,"124,200.00"
2020-03-02,2020030201018166,API,42,55,29,137.00,"3,973.00"
2020-03-02,2020030201018507,BOKL,54,33,59,261.00,"15,399.00"
2020-03-02,2020030201018353,BOKL,54,22,233,261.00,"60,813.00"
2020-03-02,2020030201018352,BOKL,29,22,20,261.00,"5,220.00"
2020-03-02,2020030201018351,BOKL,58,22,47,261.00,"12,267.00"
2020-03-02,2020030201018205,BOKL,58,56,100,261.00,"26,100.00"
2020-03-02,2020030201018482,BPCL,42,37,"1,638",380.00,"622,440.00"
2020-03-02,2020030201018481,BPCL,7,37,362,380.00,"137,560.00"
2020-03-02,2020030201018467,BPCL,7,50,138,380.00,"52,440.00"
2020-03-02,2020030201018466,BPCL,29,50,15,380.00,"5,700.00"
2020-03-02,2020030201018465,BPCL,29,50,15,380.00,"5,700.00"
2020-03-02,2020030201018464,BPCL,29,50,15,380.00,"5,700.00"
2020-03-02,2020030201018463,BPCL,33,50,500,380.00,"190,000.00"
2020-03-02,2020030201018462,BPCL,25,50,100,380.00,"38,000.00"
2020-03-02,2020030201018461,BPCL,10,50,100,380.00,"38,000.00"
2020-03-02,2020030201018460,BPCL,45,50,117,380.00,"44,460.00"
2020-03-02,2020030201018199,CBBL,59,1,110,"1,198.00","131,780.00"
2020-03-02,2020030201018198,CBBL,4,1,40,"1,199.00","47,960.00"
2020-03-02,2020030201018195,CBBL,4,50,20,"1,199.00","23,980.00"
2020-03-02,2020030201018144,CBBL,4,25,100,"1,199.00","119,900.00"
2020-03-02,2020030201018156,CBL,56,1,379,156.00,"59,124.00"
2020-03-02,2020030201018070,CBL,56,50,"1,000",156.00,"156,000.00"
2020-03-02,2020030201018498,CCBL,16,56,214,192.00,"41,088.00"
2020-03-02,2020030201018484,CCBL,16,16,"2,000",192.00,"384,000.00"
2020-03-02,2020030201018409,CCBL,25,53,500,192.00,"96,000.00"
2020-03-02,2020030201018408,CCBL,56,53,100,192.00,"19,200.00"
2020-03-02,2020030201018407,CCBL,13,53,500,192.00,"96,000.00"
2020-03-02,2020030201018406,CCBL,52,53,98,192.00,"18,816.00"
2020-03-02,2020030201018134,CCBL,38,38,150,193.00,"28,950.00"
2020-03-02,2020030201018133,CCBL,36,38,10,193.00,"1,930.00"
2020-03-02,2020030201018132,CCBL,59,38,433,193.00,"83,569.00"
2020-03-02,2020030201018405,CCBL,21,53,400,192.00,"76,800.00"
2020-03-02,2020030201018404,CCBL,55,53,900,192.00,"172,800.00"
2020-03-02,2020030201018277,CCBL,55,25,100,192.00,"19,200.00"
2020-03-02,2020030201018276,CCBL,29,25,400,192.00,"76,800.00"
2020-03-02,2020030201018196,CCBL,29,38,"1,600",192.00,"307,200.00"
2020-03-02,2020030201018377,CHCL,22,16,50,424.00,"21,200.00"
2020-03-02,2020030201018376,CHCL,44,16,50,424.00,"21,200.00"
2020-03-02,2020030201018375,CHCL,52,16,50,424.00,"21,200.00"
2020-03-02,2020030201018374,CHCL,56,16,100,424.00,"42,400.00"
2020-03-02,2020030201018373,CHCL,42,16,"3,000",424.00,"1,272,000.00"
2020-03-02,2020030201018372,CHCL,46,16,100,424.00,"42,400.00"
2020-03-02,2020030201018371,CHCL,49,16,500,424.00,"212,000.00"
2020-03-02,2020030201018370,CHCL,37,16,100,424.00,"42,400.00"
2020-03-02,2020030201018369,CHCL,53,16,50,424.00,"21,200.00"
2020-03-02,2020030201018429,CIT,58,56,91,"2,812.00","255,892.00"
2020-03-02,2020030201018251,CIT,58,38,300,"2,812.00","843,600.00"
2020-03-02,2020030201018053,CIT,58,13,55,"2,812.00","154,660.00"
2020-03-02,2020030201018257,EBL,33,50,100,802.00,"80,200.00"
2020-03-02,2020030201018223,EBL,38,50,100,802.00,"80,200.00"
2020-03-02,2020030201018222,EBL,56,50,100,805.00,"80,500.00"
2020-03-02,2020030201018168,EBL,29,28,50,808.00,"40,400.00"
2020-03-02,2020030201018167,EBL,17,28,51,808.00,"41,208.00"
2020-03-02,2020030201018129,EBL,17,7,49,808.00,"39,592.00"
2020-03-02,2020030201018128,EBL,7,7,51,808.00,"41,208.00"
2020-03-02,2020030201018127,EBL,39,11,85,809.00,"68,765.00"
2020-03-02,2020030201018086,EDBL,33,6,100,409.00,"40,900.00"
2020-03-02,2020030201018449,EIC,41,5,150,415.00,"62,250.00"
2020-03-02,2020030201018135,EIC,41,42,50,415.00,"20,750.00"
2020-03-02,2020030201018417,FMDBL,42,38,99,587.00,"58,113.00"
2020-03-02,2020030201018416,FMDBL,54,38,50,589.00,"29,450.00"
2020-03-02,2020030201018343,FMDBL,54,49,50,589.00,"29,450.00"
2020-03-02,2020030201018342,FMDBL,57,49,50,590.00,"29,500.00"
2020-03-02,2020030201018341,FMDBL,44,49,500,590.00,"295,000.00"
2020-03-02,2020030201018340,FMDBL,16,49,50,590.00,"29,500.00"
2020-03-02,2020030201018339,FMDBL,16,49,50,590.00,"29,500.00"
2020-03-02,2020030201018338,FMDBL,16,49,500,590.00,"295,000.00"
2020-03-02,2020030201018337,FMDBL,34,49,300,590.00,"177,000.00"
2020-03-02,2020030201018336,FMDBL,39,49,100,590.00,"59,000.00"
2020-03-02,2020030201018244,FMDBL,1,5,200,591.00,"118,200.00"
2020-03-02,2020030201018211,FMDBL,34,29,50,593.00,"29,650.00"
2020-03-02,2020030201018474,GBIME,59,43,"1,969",297.00,"584,793.00"
2020-03-02,2020030201018473,GBIME,59,33,100,297.00,"29,700.00"
2020-03-02,2020030201018472,GBIME,59,50,"1,141",297.00,"338,877.00"
2020-03-02,2020030201018471,GBIME,59,17,109,297.00,"32,373.00"
2020-03-02,2020030201018470,GBIME,59,42,"3,681",297.00,"1,093,257.00"
2020-03-02,2020030201018147,GBIME,51,42,500,297.00,"148,500.00"
2020-03-02,2020030201018146,GBIME,10,42,319,297.00,"94,743.00"
2020-03-02,2020030201018143,GBIME,10,13,500,297.00,"148,500.00"
2020-03-02,2020030201018496,GBLBS,28,13,500,555.00,"277,500.00"
2020-03-02,2020030201018220,GBLBS,6,45,185,560.00,"103,600.00"
2020-03-02,2020030201018219,GBLBS,25,45,40,564.00,"22,560.00"
2020-03-02,2020030201018218,GBLBS,14,45,10,565.00,"5,650.00"
2020-03-02,2020030201018217,GBLBS,41,45,50,565.00,"28,250.00"
2020-03-02,2020030201018216,GBLBS,13,45,550,566.00,"311,300.00"
2020-03-02,2020030201018184,GLICL,17,39,100,900.00,"90,000.00"
2020-03-02,2020030201018183,GLICL,7,39,10,900.00,"9,000.00"
2020-03-02,2020030201018182,GLICL,36,39,50,900.00,"45,000.00"
2020-03-02,2020030201018181,GLICL,57,39,100,900.00,"90,000.00"
2020-03-02,2020030201018180,GLICL,45,39,40,900.00,"36,000.00"
2020-03-02,2020030201018096,GLICL,21,49,100,902.00,"90,200.00"
2020-03-02,2020030201018089,GLICL,38,49,20,908.00,"18,160.00"
2020-03-02,2020030201018088,GLICL,39,49,100,908.00,"90,800.00"
2020-03-02,2020030201018087,GLICL,34,49,113,910.00,"102,830.00"
2020-03-02,2020030201018095,GLICL,35,49,50,902.00,"45,100.00"
2020-03-02,2020030201018094,GLICL,50,49,50,902.00,"45,100.00"
2020-03-02,2020030201018093,GLICL,41,49,50,902.00,"45,100.00"
2020-03-02,2020030201018092,GLICL,35,49,100,902.00,"90,200.00"
2020-03-02,2020030201018091,GLICL,35,49,100,903.00,"90,300.00"
2020-03-02,2020030201018090,GLICL,42,49,10,906.00,"9,060.00"
2020-03-02,2020030201018480,HBL,46,39,372,655.00,"243,660.00"
2020-03-02,2020030201018456,HBL,40,45,200,656.00,"131,200.00"
2020-03-02,2020030201018479,HDL,55,38,50,"1,691.00","84,550.00"
2020-03-02,2020030201018301,HDL,58,38,50,"1,691.00","84,550.00"
2020-03-02,2020030201018255,HDL,20,1,10,"1,693.00","16,930.00"
2020-03-02,2020030201018254,HDL,34,1,50,"1,696.00","84,800.00"
2020-03-02,2020030201018253,HDL,41,1,10,"1,699.00","16,990.00"
2020-03-02,2020030201018049,HDL,19,53,19,"1,700.00","32,300.00"
2020-03-02,2020030201018021,HDL,19,42,81,"1,700.00","137,700.00"
2020-03-02,2020030201018020,HDL,6,42,100,"1,700.00","170,000.00"
2020-03-02,2020030201018019,HDL,34,42,100,"1,700.00","170,000.00"
2020-03-02,2020030201018018,HDL,25,42,100,"1,700.00","170,000.00"
2020-03-02,2020030201018017,HDL,44,42,19,"1,700.00","32,300.00"
2020-03-02,2020030201018213,IGI,6,25,590,463.00,"273,170.00"
2020-03-02,2020030201018212,IGI,47,25,10,463.00,"4,630.00"
2020-03-02,2020030201018367,JFL,45,54,500,181.00,"90,500.00"
2020-03-02,2020030201018366,JFL,40,54,"1,000",181.00,"181,000.00"
2020-03-02,2020030201018197,JOSHI,51,35,10,63.00,630.00
2020-03-02,2020030201018073,JSLBB,44,49,12,"1,775.00","21,300.00"
2020-03-02,2020030201018250,JSLBB,44,50,100,"1,775.00","177,500.00"
2020-03-02,2020030201018487,KBL,58,1,723,218.00,"157,614.00"
2020-03-02,2020030201018486,KBL,38,1,100,219.00,"21,900.00"
2020-03-02,2020030201018485,KBL,39,1,177,219.00,"38,763.00"
2020-03-02,2020030201018350,KBL,39,51,100,219.00,"21,900.00"
2020-03-02,2020030201018468,KMCDB,33,10,50,994.00,"49,700.00"
2020-03-02,2020030201018316,KSBBL,29,56,660,172.00,"113,520.00"
2020-03-02,2020030201018315,KSBBL,59,56,"2,000",172.00,"344,000.00"
2020-03-02,2020030201018314,KSBBL,41,56,"1,000",172.00,"172,000.00"
2020-03-02,2020030201018423,LBBL,54,42,"1,000",200.00,"200,000.00"
2020-03-02,2020030201018206,LBBL,54,45,675,200.00,"135,000.00"
2020-03-02,2020030201018192,LBL,34,53,200,247.00,"49,400.00"
2020-03-02,2020030201018435,LICN,45,5,66,"1,523.00","100,518.00"
2020-03-02,2020030201018434,LICN,14,5,100,"1,523.00","152,300.00"
2020-03-02,2020030201018433,LICN,6,5,50,"1,524.00","76,200.00"
2020-03-02,2020030201018432,LICN,39,5,20,"1,524.00","30,480.00"
2020-03-02,2020030201018431,LICN,10,5,50,"1,524.00","76,200.00"
2020-03-02,2020030201018430,LICN,25,5,114,"1,524.00","173,736.00"
2020-03-02,2020030201018305,LICN,25,59,86,"1,524.00","131,064.00"
2020-03-02,2020030201018304,LICN,14,59,14,"1,539.00","21,546.00"
2020-03-02,2020030201018209,LICN,50,6,66,"1,540.00","101,640.00"
2020-03-02,2020030201018275,MBL,58,32,"2,464",252.00,"620,928.00"
2020-03-02,2020030201018077,MBL,48,13,500,251.00,"125,500.00"
2020-03-02,2020030201018252,MEGA,36,32,400,240.00,"96,000.00"
2020-03-02,2020030201018191,MEGA,21,32,200,241.00,"48,200.00"
2020-03-02,2020030201018190,MEGA,39,32,630,242.00,"152,460.00"
2020-03-02,2020030201018179,MERO,41,53,50,712.00,"35,600.00"
2020-03-02,2020030201018048,MLBL,28,14,638,223.00,"142,274.00"
2020-03-02,2020030201018403,MNBBL,37,45,150,363.00,"54,450.00"
2020-03-02,2020030201018402,MNBBL,26,45,100,363.00,"36,300.00"
2020-03-02,2020030201018401,MNBBL,14,45,170,363.00,"61,710.00"
2020-03-02,2020030201018387,MNBBL,14,48,30,363.00,"10,890.00"
2020-03-02,2020030201018386,MNBBL,37,48,100,363.00,"36,300.00"
2020-03-02,2020030201018385,MNBBL,41,48,150,363.00,"54,450.00"
2020-03-02,2020030201018299,MNBBL,41,47,100,363.00,"36,300.00"
2020-03-02,2020030201018368,MPFL,32,43,"1,000",128.00,"128,000.00"
2020-03-02,2020030201018111,NABIL,38,42,100,867.00,"86,700.00"
2020-03-02,2020030201018110,NABIL,39,42,100,869.00,"86,900.00"
2020-03-02,2020030201018109,NABIL,38,42,10,870.00,"8,700.00"
2020-03-02,2020030201018108,NABIL,19,42,50,870.00,"43,500.00"
2020-03-02,2020030201018107,NABIL,6,42,20,873.00,"17,460.00"
2020-03-02,2020030201018106,NABIL,45,42,40,873.00,"34,920.00"
2020-03-02,2020030201018059,NABIL,45,7,160,873.00,"139,680.00"
2020-03-02,2020030201018058,NABIL,56,7,100,873.00,"87,300.00"
2020-03-02,2020030201018057,NABIL,38,7,20,873.00,"17,460.00"
2020-03-02,2020030201018056,NABIL,7,7,20,873.00,"17,460.00"
2020-03-02,2020030201018055,NABIL,21,7,100,873.00,"87,300.00"
2020-03-02,2020030201018054,NABIL,52,7,100,874.00,"87,400.00"
2020-03-02,2020030201018225,NBF2,33,38,"2,500",9.40,"23,500.00"
2020-03-02,2020030201018497,NBL,58,47,100,295.00,"29,500.00"
2020-03-02,2020030201018388,NBL,58,49,"1,000",295.00,"295,000.00"
2020-03-02,2020030201018331,NBL,58,58,"2,095",295.00,"618,025.00"
2020-03-02,2020030201018330,NBL,42,58,500,295.00,"147,500.00"
2020-03-02,2020030201018329,NBL,45,58,30,295.00,"8,850.00"
2020-03-02,2020030201018328,NBL,36,58,615,295.00,"181,425.00"
2020-03-02,2020030201018327,NBL,44,58,500,295.00,"147,500.00"
2020-03-02,2020030201018326,NBL,59,58,200,295.00,"59,000.00"
2020-03-02,2020030201018325,NBL,47,58,"3,000",295.00,"885,000.00"
2020-03-02,2020030201018324,NBL,52,58,60,296.00,"17,760.00"
2020-03-02,2020030201018126,NBL,52,7,500,296.00,"148,000.00"
2020-03-02,2020030201018419,NCCB,59,45,200,206.00,"41,200.00"
2020-03-02,2020030201018424,NEF,34,25,"2,250",8.90,"20,025.00"
2020-03-02,2020030201018380,NIB,59,49,128,440.00,"56,320.00"
2020-03-02,2020030201018379,NIB,54,49,50,440.00,"22,000.00"
2020-03-02,2020030201018378,NIB,17,49,222,440.00,"97,680.00"
2020-03-02,2020030201018224,NIB,17,17,232,440.00,"102,080.00"
2020-03-02,2020030201018458,NICA,58,29,100,605.00,"60,500.00"
2020-03-02,2020030201018438,NICA,58,39,286,605.00,"173,030.00"
2020-03-02,2020030201018437,NICA,49,39,100,605.00,"60,500.00"
2020-03-02,2020030201018436,NICA,42,39,35,605.00,"21,175.00"
2020-03-02,2020030201018382,NICA,42,5,65,605.00,"39,325.00"
2020-03-02,2020030201018381,NICA,58,5,35,605.00,"21,175.00"
2020-03-02,2020030201018047,NICA,42,50,450,608.00,"273,600.00"
2020-03-02,2020030201018291,NICA,38,54,19,608.00,"11,552.00"
2020-03-02,2020030201018152,NICA,38,6,481,608.00,"292,448.00"
2020-03-02,2020030201018151,NICA,49,6,19,608.00,"11,552.00"
2020-03-02,2020030201018140,NICA,49,11,81,608.00,"49,248.00"
2020-03-02,2020030201018139,NICA,42,11,19,608.00,"11,552.00"
2020-03-02,2020030201018074,NICA,42,6,220,608.00,"133,760.00"
2020-03-02,2020030201018297,NICA,34,54,"1,000",607.00,"607,000.00"
2020-03-02,2020030201018296,NICA,35,54,100,607.00,"60,700.00"
2020-03-02,2020030201018295,NICA,6,54,500,607.00,"303,500.00"
2020-03-02,2020030201018294,NICA,45,54,20,608.00,"12,160.00"
2020-03-02,2020030201018293,NICA,58,54,500,608.00,"304,000.00"
2020-03-02,2020030201018292,NICA,51,54,100,608.00,"60,800.00"
2020-03-02,2020030201018363,NICA,58,55,265,605.00,"160,325.00"
2020-03-02,2020030201018362,NICA,54,55,10,605.00,"6,050.00"
2020-03-02,2020030201018361,NICA,59,55,200,605.00,"121,000.00"
2020-03-02,2020030201018360,NICA,29,55,500,605.00,"302,500.00"
2020-03-02,2020030201018359,NICA,52,55,25,605.00,"15,125.00"
2020-03-02,2020030201018298,NICA,29,54,500,607.00,"303,500.00"
2020-03-02,2020030201018448,NICL,44,41,430,485.00,"208,550.00"
2020-03-02,2020030201018428,NICL,44,59,20,485.00,"9,700.00"
2020-03-02,2020030201018427,NICL,22,59,100,485.00,"48,500.00"
2020-03-02,2020030201018334,NICL,51,32,100,487.00,"48,700.00"
2020-03-02,2020030201018333,NICL,34,32,100,487.00,"48,700.00"
2020-03-02,2020030201018332,NICL,35,32,500,488.00,"244,000.00"
2020-03-02,2020030201018009,NICL,57,50,100,490.00,"49,000.00"
2020-03-02,2020030201018008,NICL,58,50,"1,000",491.00,"491,000.00"
2020-03-02,2020030201018015,NICL,10,50,500,490.00,"245,000.00"
2020-03-02,2020030201018014,NICL,6,50,50,490.00,"24,500.00"
2020-03-02,2020030201018013,NICL,29,50,10,490.00,"4,900.00"
2020-03-02,2020030201018012,NICL,11,50,10,490.00,"4,900.00"
2020-03-02,2020030201018011,NICL,49,50,"1,000",490.00,"490,000.00"
2020-03-02,2020030201018010,NICL,48,50,"1,000",490.00,"490,000.00"
2020-03-02,2020030201018069,NICL,21,56,100,488.00,"48,800.00"
2020-03-02,2020030201018016,NICL,25,50,100,490.00,"49,000.00"
2020-03-02,2020030201018022,NIL,53,48,330,585.00,"193,050.00"
2020-03-02,2020030201018501,NLBBL,14,29,32,834.00,"26,688.00"
2020-03-02,2020030201018236,NLBBL,14,16,168,834.00,"140,112.00"
2020-03-02,2020030201018235,NLBBL,48,16,32,835.00,"26,720.00"
2020-03-02,2020030201018483,NLIC,14,53,307,"1,287.00","395,109.00"
2020-03-02,2020030201018478,NLIC,55,53,150,"1,287.00","193,050.00"
2020-03-02,2020030201018477,NLIC,48,58,10,"1,288.00","12,880.00"
2020-03-02,2020030201018476,NLIC,6,58,50,"1,288.00","64,400.00"
2020-03-02,2020030201018321,NLIC,48,6,200,"1,290.00","258,000.00"
2020-03-02,2020030201018320,NLIC,59,6,151,"1,290.00","194,790.00"
2020-03-02,2020030201018064,NLIC,59,29,65,"1,290.00","83,850.00"
2020-03-02,2020030201018063,NLIC,35,29,25,"1,290.00","32,250.00"
2020-03-02,2020030201018062,NLIC,38,29,10,"1,290.00","12,900.00"
2020-03-02,2020030201018061,NLIC,33,29,100,"1,290.00","129,000.00"
2020-03-02,2020030201018313,NLIC,59,17,22,"1,290.00","28,380.00"
2020-03-02,2020030201018237,NLIC,59,42,62,"1,290.00","79,980.00"
2020-03-02,2020030201018208,NLIC,55,49,106,"1,295.00","137,270.00"
2020-03-02,2020030201018207,NLIC,45,49,72,"1,295.00","93,240.00"
2020-03-02,2020030201018185,NLIC,45,13,22,"1,295.00","28,490.00"
2020-03-02,2020030201018125,NLIC,45,35,106,"1,295.00","137,270.00"
2020-03-02,2020030201018455,NMB,48,25,170,463.00,"78,710.00"
2020-03-02,2020030201018454,NMB,53,25,25,463.00,"11,575.00"
2020-03-02,2020030201018453,NMB,47,25,25,465.00,"11,625.00"
2020-03-02,2020030201018452,NMB,35,25,50,465.00,"23,250.00"
2020-03-02,2020030201018451,NMB,10,25,200,465.00,"93,000.00"
2020-03-02,2020030201018450,NMB,49,25,30,466.00,"13,980.00"
2020-03-02,2020030201018141,NMB,20,38,269,470.00,"126,430.00"
2020-03-02,2020030201018066,NMB,20,42,31,470.00,"14,570.00"
2020-03-02,2020030201018065,NMB,41,42,32,470.00,"15,040.00"
2020-03-02,2020030201018365,NMB,28,42,"1,327",467.00,"619,709.00"
2020-03-02,2020030201018346,NMB,28,6,500,467.00,"233,500.00"
2020-03-02,2020030201018256,NMB,28,45,200,467.00,"93,400.00"
2020-03-02,2020030201018215,NMB,28,39,473,467.00,"220,891.00"
2020-03-02,2020030201018214,NMB,22,39,80,468.00,"37,440.00"
2020-03-02,2020030201018142,NMB,6,38,10,470.00,"4,700.00"
2020-03-02,2020030201018410,NMFBS,55,17,15,"1,970.00","29,550.00"
2020-03-02,2020030201018500,NTC,28,25,20,690.00,"13,800.00"
2020-03-02,2020030201018499,NTC,28,25,10,690.00,"6,900.00"
2020-03-02,2020030201018283,NTC,28,34,20,697.00,"13,940.00"
2020-03-02,2020030201018076,NTC,28,1,50,689.00,"34,450.00"
2020-03-02,2020030201018075,NTC,28,51,50,684.00,"34,200.00"
2020-03-02,2020030201018349,NUBL,34,28,50,"1,088.00","54,400.00"
2020-03-02,2020030201018103,NUBL,34,17,25,"1,088.00","27,200.00"
2020-03-02,2020030201018102,NUBL,19,17,50,"1,088.00","54,400.00"
2020-03-02,2020030201018101,NUBL,45,17,50,"1,089.00","54,450.00"
2020-03-02,2020030201018100,NUBL,57,17,50,"1,090.00","54,500.00"
2020-03-02,2020030201018099,NUBL,14,17,70,"1,098.00","76,860.00"
2020-03-02,2020030201018098,NUBL,47,17,55,"1,100.00","60,500.00"
2020-03-02,2020030201018097,NUBL,47,17,60,"1,100.00","66,000.00"
2020-03-02,2020030201018117,OHL,10,54,200,477.00,"95,400.00"
2020-03-02,2020030201018116,OHL,51,54,105,477.00,"50,085.00"
2020-03-02,2020030201018115,OHL,17,54,100,477.00,"47,700.00"
2020-03-02,2020030201018114,OHL,37,54,"1,266",478.00,"605,148.00"
2020-03-02,2020030201018123,OHL,36,54,100,476.00,"47,600.00"
2020-03-02,2020030201018122,OHL,5,54,100,476.00,"47,600.00"
2020-03-02,2020030201018121,OHL,55,54,200,476.00,"95,200.00"
2020-03-02,2020030201018120,OHL,41,54,30,476.00,"14,280.00"
2020-03-02,2020030201018119,OHL,1,54,50,476.00,"23,800.00"
2020-03-02,2020030201018118,OHL,16,54,100,476.00,"47,600.00"
2020-03-02,2020030201018124,OHL,35,54,500,476.00,"238,000.00"
2020-03-02,2020030201018384,PFL,28,39,109,167.00,"18,203.00"
2020-03-02,2020030201018364,PIC,8,38,312,637.00,"198,744.00"
2020-03-02,2020030201018322,PIC,8,45,88,637.00,"56,056.00"
2020-03-02,2020030201018234,PIC,8,41,100,637.00,"63,700.00"
2020-03-02,2020030201018068,PIC,43,29,200,637.00,"127,400.00"
2020-03-02,2020030201018469,PLIC,14,38,503,635.00,"319,405.00"
2020-03-02,2020030201018445,PLIC,14,38,42,635.00,"26,670.00"
2020-03-02,2020030201018444,PLIC,52,38,200,635.00,"127,000.00"
2020-03-02,2020030201018443,PLIC,35,38,100,635.00,"63,500.00"
2020-03-02,2020030201018442,PLIC,59,38,50,635.00,"31,750.00"
2020-03-02,2020030201018441,PLIC,53,38,100,635.00,"63,500.00"
2020-03-02,2020030201018345,PLIC,53,25,100,635.00,"63,500.00"
2020-03-02,2020030201018344,PLIC,39,25,300,635.00,"190,500.00"
2020-03-02,2020030201018335,PLIC,39,39,45,635.00,"28,575.00"
2020-03-02,2020030201018210,PLIC,39,45,210,635.00,"133,350.00"
2020-03-02,2020030201018189,PLIC,58,59,50,636.00,"31,800.00"
2020-03-02,2020030201018290,PRIN,45,41,150,452.00,"67,800.00"
2020-03-02,2020030201018149,PRIN,51,41,200,452.00,"90,400.00"
2020-03-02,2020030201018148,PRIN,20,41,150,458.00,"68,700.00"
2020-03-02,2020030201018357,PRVU,58,16,"1,341",265.00,"355,365.00"
2020-03-02,2020030201018356,PRVU,38,16,100,265.00,"26,500.00"
2020-03-02,2020030201018355,PRVU,43,16,259,265.00,"68,635.00"
2020-03-02,2020030201018354,PRVU,59,16,300,265.00,"79,500.00"
2020-03-02,2020030201018319,PRVU,43,58,241,265.00,"63,865.00"
2020-03-02,2020030201018318,PRVU,52,58,259,265.00,"68,635.00"
2020-03-02,2020030201018173,PRVU,29,54,"2,000",266.00,"532,000.00"
2020-03-02,2020030201018172,PRVU,59,54,500,266.00,"133,000.00"
2020-03-02,2020030201018171,PRVU,49,54,"1,074",267.00,"286,758.00"
2020-03-02,2020030201018170,PRVU,21,54,500,268.00,"134,000.00"
2020-03-02,2020030201018169,PRVU,28,54,255,268.00,"68,340.00"
2020-03-02,2020030201018288,PRVU,52,3,160,265.00,"42,400.00"
2020-03-02,2020030201018178,PRVU,52,54,581,265.00,"153,965.00"
2020-03-02,2020030201018177,PRVU,41,54,30,265.00,"7,950.00"
2020-03-02,2020030201018176,PRVU,57,54,500,266.00,"133,000.00"
2020-03-02,2020030201018175,PRVU,11,54,100,266.00,"26,600.00"
2020-03-02,2020030201018174,PRVU,34,54,200,266.00,"53,200.00"
2020-03-02,2020030201018502,RBCL,38,22,10,"10,953.00","109,530.00"
2020-03-02,2020030201018390,RBCL,38,41,10,"10,766.00","107,660.00"
2020-03-02,2020030201018389,RBCL,21,41,10,"10,770.00","107,700.00"
2020-03-02,2020030201018300,RHPL,39,13,40,164.00,"6,560.00"
2020-03-02,2020030201018506,SANIMA,21,49,44,380.00,"16,720.00"
2020-03-02,2020030201018505,SANIMA,5,49,500,381.00,"190,500.00"
2020-03-02,2020030201018504,SANIMA,42,49,500,383.00,"191,500.00"
2020-03-02,2020030201018503,SANIMA,16,49,56,383.00,"21,448.00"
2020-03-02,2020030201018193,SANIMA,16,49,100,383.00,"38,300.00"
2020-03-02,2020030201018440,SBI,43,56,300,514.00,"154,200.00"
2020-03-02,2020030201018439,SBI,45,56,437,514.00,"224,618.00"
2020-03-02,2020030201018383,SBI,45,29,363,514.00,"186,582.00"
2020-03-02,2020030201018358,SBI,45,45,200,514.00,"102,800.00"
2020-03-02,2020030201018287,SBI,25,51,100,515.00,"51,500.00"
2020-03-02,2020030201018286,SBI,14,51,300,515.00,"154,500.00"
2020-03-02,2020030201018285,SBI,7,51,100,515.00,"51,500.00"
2020-03-02,2020030201018284,SBI,48,51,100,515.00,"51,500.00"
2020-03-02,2020030201018249,SBI,48,41,400,515.00,"206,000.00"
2020-03-02,2020030201018248,SBI,52,41,100,515.00,"51,500.00"
2020-03-02,2020030201018475,SBL,8,54,"1,000",337.00,"337,000.00"
2020-03-02,2020030201018413,SBL,38,54,100,340.00,"34,000.00"
2020-03-02,2020030201018165,SBL,34,54,100,341.00,"34,100.00"
2020-03-02,2020030201018164,SBL,44,54,200,341.00,"68,200.00"
2020-03-02,2020030201018163,SBL,21,54,100,341.00,"34,100.00"
2020-03-02,2020030201018162,SBL,49,54,"1,000",342.00,"342,000.00"
2020-03-02,2020030201018161,SBL,55,54,100,342.00,"34,200.00"
2020-03-02,2020030201018160,SBL,45,54,"1,000",342.00,"342,000.00"
2020-03-02,2020030201018159,SBL,49,54,50,342.00,"17,100.00"
2020-03-02,2020030201018415,SCB,45,6,200,737.00,"147,400.00"
2020-03-02,2020030201018414,SCB,57,6,100,738.00,"73,800.00"
2020-03-02,2020030201018310,SCB,45,35,100,740.00,"74,000.00"
2020-03-02,2020030201018309,SCB,32,35,50,740.00,"37,000.00"
2020-03-02,2020030201018308,SCB,38,35,10,740.00,"7,400.00"
2020-03-02,2020030201018307,SCB,37,35,30,740.00,"22,200.00"
2020-03-02,2020030201018306,SCB,45,35,414,740.00,"306,360.00"
2020-03-02,2020030201018282,SCB,45,42,86,740.00,"63,640.00"
2020-03-02,2020030201018281,SCB,45,42,375,740.00,"277,500.00"
2020-03-02,2020030201018280,SCB,41,42,10,740.00,"7,400.00"
2020-03-02,2020030201018279,SCB,48,42,29,741.00,"21,489.00"
2020-03-02,2020030201018278,SCB,8,42,100,743.00,"74,300.00"
2020-03-02,2020030201018495,SHINE,34,29,100,310.00,"31,000.00"
2020-03-02,2020030201018243,SHINE,4,58,515,311.00,"160,165.00"
2020-03-02,2020030201018447,SHIVM,38,53,"1,000",639.00,"639,000.00"
2020-03-02,2020030201018446,SHIVM,38,53,350,639.00,"223,650.00"
2020-03-02,2020030201018425,SHIVM,38,59,150,639.00,"95,850.00"
2020-03-02,2020030201018399,SHIVM,21,53,150,640.00,"96,000.00"
2020-03-02,2020030201018398,SHIVM,48,53,"2,000",640.00,"1,280,000.00"
2020-03-02,2020030201018397,SHIVM,6,53,200,640.00,"128,000.00"
2020-03-02,2020030201018201,SHIVM,57,53,10,652.00,"6,520.00"
2020-03-02,2020030201018200,SHIVM,26,53,15,652.00,"9,780.00"
2020-03-02,2020030201018105,SHIVM,26,49,85,652.00,"55,420.00"
2020-03-02,2020030201018104,SHIVM,21,49,215,652.00,"140,180.00"
2020-03-02,2020030201018067,SHIVM,21,45,250,652.00,"163,000.00"
2020-03-02,2020030201018229,SHIVM,39,48,200,650.00,"130,000.00"
2020-03-02,2020030201018228,SHIVM,45,48,"1,000",650.00,"650,000.00"
2020-03-02,2020030201018227,SHIVM,58,48,"1,555",650.00,"1,010,750.00"
2020-03-02,2020030201018204,SHIVM,58,53,445,650.00,"289,250.00"
2020-03-02,2020030201018203,SHIVM,5,53,100,651.00,"65,100.00"
2020-03-02,2020030201018202,SHIVM,22,53,200,651.00,"130,200.00"
2020-03-02,2020030201018246,SHIVM,7,3,300,650.00,"195,000.00"
2020-03-02,2020030201018245,SHIVM,57,3,200,650.00,"130,000.00"
2020-03-02,2020030201018233,SHIVM,7,48,33,650.00,"21,450.00"
2020-03-02,2020030201018232,SHIVM,40,48,12,650.00,"7,800.00"
2020-03-02,2020030201018231,SHIVM,21,48,100,650.00,"65,000.00"
2020-03-02,2020030201018230,SHIVM,37,48,100,650.00,"65,000.00"
2020-03-02,2020030201018263,SHIVM,50,56,"1,000",648.00,"648,000.00"
2020-03-02,2020030201018262,SHIVM,32,56,50,649.00,"32,450.00"
2020-03-02,2020030201018261,SHIVM,16,56,200,649.00,"129,800.00"
2020-03-02,2020030201018260,SHIVM,26,56,150,649.00,"97,350.00"
2020-03-02,2020030201018259,SHIVM,14,56,500,650.00,"325,000.00"
2020-03-02,2020030201018258,SHIVM,7,56,167,650.00,"108,550.00"
2020-03-02,2020030201018269,SHIVM,50,56,200,647.00,"129,400.00"
2020-03-02,2020030201018268,SHIVM,14,56,50,647.00,"32,350.00"
2020-03-02,2020030201018267,SHIVM,16,56,"1,000",647.00,"647,000.00"
2020-03-02,2020030201018266,SHIVM,19,56,200,647.00,"129,400.00"
2020-03-02,2020030201018265,SHIVM,25,56,"1,000",647.00,"647,000.00"
2020-03-02,2020030201018264,SHIVM,19,56,150,648.00,"97,200.00"
2020-03-02,2020030201018323,SHIVM,1,32,200,646.00,"129,200.00"
2020-03-02,2020030201018317,SHIVM,1,41,100,646.00,"64,600.00"
2020-03-02,2020030201018273,SHIVM,1,56,213,646.00,"137,598.00"
2020-03-02,2020030201018272,SHIVM,26,56,10,646.00,"6,460.00"
2020-03-02,2020030201018271,SHIVM,34,56,10,647.00,"6,470.00"
2020-03-02,2020030201018270,SHIVM,25,56,100,647.00,"64,700.00"
2020-03-02,2020030201018396,SHIVM,59,53,500,641.00,"320,500.00"
2020-03-02,2020030201018395,SHIVM,3,53,"1,000",644.00,"644,000.00"
2020-03-02,2020030201018394,SHIVM,16,53,100,644.00,"64,400.00"
2020-03-02,2020030201018393,SHIVM,16,53,500,644.00,"322,000.00"
2020-03-02,2020030201018392,SHIVM,25,53,20,645.00,"12,900.00"
2020-03-02,2020030201018391,SHIVM,1,53,287,646.00,"185,402.00"
2020-03-02,2020030201018155,SHPC,47,17,119,226.00,"26,894.00"
2020-03-02,2020030201018154,SHPC,43,17,500,227.00,"113,500.00"
2020-03-02,2020030201018153,SHPC,11,17,949,228.00,"216,372.00"
2020-03-02,2020030201018052,SHPC,14,38,300,229.00,"68,700.00"
2020-03-02,2020030201018194,SICL,53,42,100,"1,002.00","100,200.00"
2020-03-02,2020030201018145,SICL,45,51,100,"1,002.00","100,200.00"
2020-03-02,2020030201018303,SIL,26,1,963,578.00,"556,614.00"
2020-03-02,2020030201018302,SIL,44,1,37,580.00,"21,460.00"
2020-03-02,2020030201018150,SIL,44,59,15,580.00,"8,700.00"
2020-03-02,2020030201018221,SJCL,52,13,10,155.00,"1,550.00"
2020-03-02,2020030201018494,SKBBL,14,1,70,"1,225.00","85,750.00"
2020-03-02,2020030201018493,SKBBL,47,1,20,"1,226.00","24,520.00"
2020-03-02,2020030201018492,SKBBL,14,1,100,"1,226.00","122,600.00"
2020-03-02,2020030201018491,SKBBL,22,1,100,"1,230.00","123,000.00"
2020-03-02,2020030201018490,SKBBL,22,1,100,"1,230.00","123,000.00"
2020-03-02,2020030201018226,SKBBL,22,49,100,"1,230.00","123,000.00"
2020-03-02,2020030201018311,SLBBL,34,48,500,920.00,"460,000.00"
2020-03-02,2020030201018138,SLBBL,34,53,200,920.00,"184,000.00"
2020-03-02,2020030201018137,SLBBL,35,53,100,921.00,"92,100.00"
2020-03-02,2020030201018136,SLBBL,59,53,300,922.00,"276,600.00"
2020-03-02,2020030201018489,SLICL,49,45,19,473.00,"8,987.00"
2020-03-02,2020030201018488,SLICL,47,45,481,480.00,"230,880.00"
2020-03-02,2020030201018422,SLICL,47,45,19,480.00,"9,120.00"
2020-03-02,2020030201018421,SLICL,34,45,100,482.00,"48,200.00"
2020-03-02,2020030201018420,SLICL,1,45,91,482.00,"43,862.00"
2020-03-02,2020030201018085,SLICL,1,56,310,482.00,"149,420.00"
2020-03-02,2020030201018078,SLICL,17,56,150,490.00,"73,500.00"
2020-03-02,2020030201018051,SLICL,17,39,350,490.00,"171,500.00"
2020-03-02,2020030201018050,SLICL,28,39,150,490.00,"73,500.00"
2020-03-02,2020030201018084,SLICL,47,56,200,483.00,"96,600.00"
2020-03-02,2020030201018083,SLICL,56,56,20,483.00,"9,660.00"
2020-03-02,2020030201018082,SLICL,34,56,50,489.00,"24,450.00"
2020-03-02,2020030201018081,SLICL,28,56,"1,000",490.00,"490,000.00"
2020-03-02,2020030201018080,SLICL,21,56,200,490.00,"98,000.00"
2020-03-02,2020030201018079,SLICL,51,56,200,490.00,"98,000.00"
2020-03-02,2020030201018426,SMATA,34,41,20,803.00,"16,060.00"
2020-03-02,2020030201018158,SRBL,40,29,468,275.00,"128,700.00"
2020-03-02,2020030201018157,SRBL,50,29,400,276.00,"110,400.00"
2020-03-02,2020030201018130,SRBL,50,17,100,276.00,"27,600.00"
2020-03-02,2020030201018131,TMDBL,14,22,351,202.00,"70,902.00"
2020-03-02,2020030201018457,TRH,39,38,600,283.00,"169,800.00"
2020-03-02,2020030201018240,TRH,39,17,198,283.00,"56,034.00"
2020-03-02,2020030201018239,TRH,37,17,840,283.00,"237,720.00"
2020-03-02,2020030201018238,TRH,29,17,500,284.00,"142,000.00"
2020-03-02,2020030201018412,UPPER,33,17,"1,672",244.00,"407,968.00"
2020-03-02,2020030201018411,UPPER,46,17,240,244.00,"58,560.00"
2020-03-02,2020030201018348,UPPER,46,45,960,244.00,"234,240.00"
2020-03-02,2020030201018347,UPPER,39,45,40,244.00,"9,760.00"
2020-03-02,2020030201018046,WOMI,14,45,60,"1,181.00","70,860.00"
2020-03-02,2020030201018045,WOMI,36,45,100,"1,181.00","118,100.00"
2020-03-02,2020030201018044,WOMI,28,45,300,"1,186.00","355,800.00"
2020-03-02,2020030201018043,WOMI,37,45,100,"1,191.00","119,100.00"
2020-03-02,2020030201018042,WOMI,34,45,200,"1,196.00","239,200.00"
2020-03-02,2020030201018041,WOMI,39,45,50,"1,196.00","59,800.00"
2020-03-02,2020030201018028,WOMI,14,45,200,"1,205.00","241,000.00"
2020-03-02,2020030201018027,WOMI,33,45,30,"1,205.00","36,150.00"
2020-03-02,2020030201018026,WOMI,25,45,200,"1,206.00","241,200.00"
2020-03-02,2020030201018025,WOMI,33,45,50,"1,206.00","60,300.00"
2020-03-02,2020030201018024,WOMI,22,45,50,"1,207.00","60,350.00"
2020-03-02,2020030201018023,WOMI,7,45,200,"1,210.00","242,000.00"
2020-03-02,2020030201018034,WOMI,34,45,100,"1,202.00","120,200.00"
2020-03-02,2020030201018033,WOMI,57,45,20,"1,205.00","24,100.00"
2020-03-02,2020030201018032,WOMI,39,45,50,"1,205.00","60,250.00"
2020-03-02,2020030201018031,WOMI,57,45,20,"1,205.00","24,100.00"
2020-03-02,2020030201018030,WOMI,14,45,20,"1,205.00","24,100.00"
2020-03-02,2020030201018029,WOMI,38,45,200,"1,205.00","241,000.00"
2020-03-02,2020030201018040,WOMI,45,45,100,"1,200.00","120,000.00"
2020-03-02,2020030201018039,WOMI,34,45,10,"1,200.00","12,000.00"
2020-03-02,2020030201018038,WOMI,49,45,100,"1,200.00","120,000.00"
2020-03-02,2020030201018037,WOMI,36,45,100,"1,200.00","120,000.00"
2020-03-02,2020030201018036,WOMI,19,45,100,"1,201.00","120,100.00"
2020-03-02,2020030201018035,WOMI,41,45,100,"1,201.00","120,100.00"
2020-03-02,2020030201017859,ADBL,26,33,396,429.00,"169,884.00"
2020-03-02,2020030201017858,ADBL,29,33,"1,000",429.00,"429,000.00"
2020-03-02,2020030201017857,ADBL,53,33,66,429.00,"28,314.00"
2020-03-02,2020030201017856,ADBL,42,33,200,429.00,"85,800.00"
2020-03-02,2020030201017855,ADBL,39,33,18,430.00,"7,740.00"
2020-03-02,2020030201017854,ADBL,44,33,20,430.00,"8,600.00"
2020-03-02,2020030201017714,ADBL,57,14,100,431.00,"43,100.00"
2020-03-02,2020030201017663,ADBL,57,28,100,431.00,"43,100.00"
2020-03-02,2020030201017636,ADBL,57,59,100,431.00,"43,100.00"
2020-03-02,2020030201017643,ALBSL,14,6,30,785.00,"23,550.00"
2020-03-02,2020030201017576,ALICL,45,52,750,627.00,"470,250.00"
2020-03-02,2020030201017916,API,29,39,144,137.00,"19,728.00"
2020-03-02,2020030201017662,API,47,39,100,137.00,"13,700.00"
2020-03-02,2020030201017661,API,40,39,10,137.00,"1,370.00"
2020-03-02,2020030201017660,API,20,39,50,137.00,"6,850.00"
2020-03-02,2020030201017659,API,40,39,100,137.00,"13,700.00"
2020-03-02,2020030201017658,API,47,39,"1,000",137.00,"137,000.00"
2020-03-02,2020030201017651,API,41,39,200,138.00,"27,600.00"
2020-03-02,2020030201017650,API,52,39,126,138.00,"17,388.00"
2020-03-02,2020030201017649,API,40,39,10,139.00,"1,390.00"
2020-03-02,2020030201017657,API,51,39,"1,000",137.00,"137,000.00"
2020-03-02,2020030201017656,API,56,39,"1,000",137.00,"137,000.00"
2020-03-02,2020030201017655,API,47,39,"1,000",137.00,"137,000.00"
2020-03-02,2020030201017654,API,28,39,50,137.00,"6,850.00"
2020-03-02,2020030201017653,API,40,39,10,138.00,"1,380.00"
2020-03-02,2020030201017652,API,42,39,200,138.00,"27,600.00"
2020-03-02,2020030201017774,BOKL,58,36,853,261.00,"222,633.00"
2020-03-02,2020030201017773,BOKL,58,36,"1,000",261.00,"261,000.00"
2020-03-02,2020030201017772,BOKL,53,36,120,262.00,"31,440.00"
2020-03-02,2020030201017586,BOKL,53,52,380,262.00,"99,560.00"
2020-03-02,2020030201017585,BOKL,16,52,100,262.00,"26,200.00"
2020-03-02,2020030201017879,BPCL,45,11,83,380.00,"31,540.00"
2020-03-02,2020030201017878,BPCL,13,11,17,381.00,"6,477.00"
2020-03-02,2020030201017817,CBBL,4,39,40,"1,199.00","47,960.00"
2020-03-02,2020030201017816,CBBL,21,39,10,"1,199.00","11,990.00"
2020-03-02,2020030201017542,CBBL,59,16,100,"1,198.00","119,800.00"
2020-03-02,2020030201017921,CBL,56,3,23,156.00,"3,588.00"
2020-03-02,2020030201017920,CBL,32,3,477,156.00,"74,412.00"
2020-03-02,2020030201017743,CHCL,41,35,71,425.00,"30,175.00"
2020-03-02,2020030201017739,CHCL,41,35,200,425.00,"85,000.00"
2020-03-02,2020030201017842,CIT,6,39,50,"2,813.00","140,650.00"
2020-03-02,2020030201017841,CIT,7,39,60,"2,813.00","168,780.00"
2020-03-02,2020030201017763,CIT,7,34,40,"2,813.00","112,520.00"
2020-03-02,2020030201017762,CIT,21,34,10,"2,813.00","28,130.00"
2020-03-02,2020030201017761,CIT,26,34,10,"2,813.00","28,130.00"
2020-03-02,2020030201017760,CIT,34,34,20,"2,813.00","56,260.00"
2020-03-02,2020030201017759,CIT,21,34,50,"2,815.00","140,750.00"
2020-03-02,2020030201017758,CIT,33,34,70,"2,815.00","197,050.00"
2020-03-02,2020030201017729,CIT,33,10,60,"2,815.00","168,900.00"
2020-03-02,2020030201017728,CIT,14,10,40,"2,816.00","112,640.00"
2020-03-02,2020030201017565,CIT,14,45,10,"2,816.00","28,160.00"
2020-03-02,2020030201017960,CLBSL,19,41,63,"1,278.00","80,514.00"
2020-03-02,2020030201017959,CLBSL,38,41,490,"1,278.00","626,220.00"
2020-03-02,2020030201017958,CLBSL,14,41,10,"1,280.00","12,800.00"
2020-03-02,2020030201017957,CLBSL,46,41,10,"1,283.00","12,830.00"
2020-03-02,2020030201017956,CLBSL,28,41,100,"1,285.00","128,500.00"
2020-03-02,2020030201017955,CLBSL,17,41,10,"1,286.00","12,860.00"
2020-03-02,2020030201017954,CLBSL,17,41,10,"1,287.00","12,870.00"
2020-03-02,2020030201017797,CLBSL,17,41,10,"1,288.00","12,880.00"
2020-03-02,2020030201017775,CLBSL,45,6,20,"1,289.00","25,780.00"
2020-03-02,2020030201017560,CZBIL,21,33,363,214.00,"77,682.00"
2020-03-02,2020030201017559,CZBIL,49,33,33,214.00,"7,062.00"
2020-03-02,2020030201017558,CZBIL,36,33,"2,000",214.00,"428,000.00"
2020-03-02,2020030201017557,CZBIL,52,33,400,214.00,"85,600.00"
2020-03-02,2020030201017556,CZBIL,13,33,300,214.00,"64,200.00"
2020-03-02,2020030201017555,CZBIL,20,33,80,214.00,"17,120.00"
2020-03-02,2020030201017554,CZBIL,42,33,20,214.00,"4,280.00"
2020-03-02,2020030201017553,CZBIL,1,33,500,214.00,"107,000.00"
2020-03-02,2020030201017552,CZBIL,39,33,100,214.00,"21,400.00"
2020-03-02,2020030201017551,CZBIL,11,33,204,215.00,"43,860.00"
2020-03-02,2020030201017905,DDBL,32,55,10,956.00,"9,560.00"
2020-03-02,2020030201017904,DDBL,51,55,10,956.00,"9,560.00"
2020-03-02,2020030201017635,DDBL,51,4,90,956.00,"86,040.00"
2020-03-02,2020030201017634,DDBL,22,4,50,956.00,"47,800.00"
2020-03-02,2020030201017633,DDBL,41,4,10,956.00,"9,560.00"
2020-03-02,2020030201017632,DDBL,32,4,100,956.00,"95,600.00"
2020-03-02,2020030201017631,DDBL,45,4,600,956.00,"573,600.00"
2020-03-02,2020030201017588,DDBL,45,20,80,956.00,"76,480.00"
2020-03-02,2020030201017973,EBL,39,7,15,809.00,"12,135.00"
2020-03-02,2020030201017947,EBL,38,7,100,810.00,"81,000.00"
2020-03-02,2020030201017946,EBL,42,7,50,812.00,"40,600.00"
2020-03-02,2020030201017945,EBL,38,7,100,815.00,"81,500.00"
2020-03-02,2020030201017641,EBL,26,45,10,817.00,"8,170.00"
2020-03-02,2020030201017536,EBL,26,44,359,817.00,"293,303.00"
2020-03-02,2020030201017535,EBL,45,44,80,818.00,"65,440.00"
2020-03-02,2020030201017534,EBL,45,44,61,818.00,"49,898.00"
2020-03-02,2020030201017510,EBL,45,42,58,818.00,"47,444.00"
2020-03-02,2020030201017796,EBL,35,16,200,815.00,"163,000.00"
2020-03-02,2020030201017784,EBL,35,44,200,815.00,"163,000.00"
2020-03-02,2020030201017767,EBL,26,42,100,816.00,"81,600.00"
2020-03-02,2020030201017707,EBL,26,11,131,817.00,"107,027.00"
2020-03-02,2020030201017944,EBL,45,7,100,815.00,"81,500.00"
2020-03-02,2020030201017943,EBL,37,7,50,815.00,"40,750.00"
2020-03-02,2020030201017852,EBL,37,5,50,815.00,"40,750.00"
2020-03-02,2020030201017851,EBL,26,5,50,815.00,"40,750.00"
2020-03-02,2020030201017820,EBL,14,41,100,815.00,"81,500.00"
2020-03-02,2020030201017819,EBL,35,41,100,815.00,"81,500.00"
2020-03-02,2020030201017953,EIC,41,49,800,408.00,"326,400.00"
2020-03-02,2020030201017795,EIC,39,57,100,416.00,"41,600.00"
2020-03-02,2020030201017794,EIC,38,57,330,416.00,"137,280.00"
2020-03-02,2020030201017712,EIC,38,17,170,416.00,"70,720.00"
2020-03-02,2020030201017569,EIC,59,17,100,419.00,"41,900.00"
2020-03-02,2020030201017568,EIC,52,17,50,422.00,"21,100.00"
2020-03-02,2020030201017567,EIC,40,17,100,423.00,"42,300.00"
2020-03-02,2020030201017566,EIC,34,17,50,423.00,"21,150.00"
2020-03-02,2020030201017815,FMDBL,34,11,100,593.00,"59,300.00"
2020-03-02,2020030201017705,FMDBL,34,8,50,593.00,"29,650.00"
2020-03-02,2020030201017577,FMDBL,16,42,200,597.00,"119,400.00"
2020-03-02,2020030201017687,GBBL,36,32,100,250.00,"25,000.00"
2020-03-02,2020030201017595,GBBL,36,34,180,250.00,"45,000.00"
2020-03-02,2020030201017993,GBIME,10,41,181,297.00,"53,757.00"
2020-03-02,2020030201017992,GBIME,45,41,100,297.00,"29,700.00"
2020-03-02,2020030201017991,GBIME,14,41,"2,000",297.00,"594,000.00"
2020-03-02,2020030201017990,GBIME,55,41,"1,000",297.00,"297,000.00"
2020-03-02,2020030201017989,GBIME,59,41,"1,500",297.00,"445,500.00"
2020-03-02,2020030201017988,GBIME,59,41,200,297.00,"59,400.00"
2020-03-02,2020030201017882,GBIME,29,41,"1,290",300.00,"387,000.00"
2020-03-02,2020030201017881,GBIME,6,41,57,301.00,"17,157.00"
2020-03-02,2020030201017644,GBIME,6,33,943,301.00,"283,843.00"
2020-03-02,2020030201017606,GBIME,29,41,12,300.00,"3,600.00"
2020-03-02,2020030201017509,GBIME,29,48,200,300.00,"60,000.00"
2020-03-02,2020030201017888,GBIME,25,41,"1,000",300.00,"300,000.00"
2020-03-02,2020030201017887,GBIME,17,41,200,300.00,"60,000.00"
2020-03-02,2020030201017886,GBIME,11,41,100,300.00,"30,000.00"
2020-03-02,2020030201017885,GBIME,34,41,100,300.00,"30,000.00"
2020-03-02,2020030201017884,GBIME,41,41,"1,000",300.00,"300,000.00"
2020-03-02,2020030201017883,GBIME,35,41,50,300.00,"15,000.00"
2020-03-02,2020030201017975,GBIME,28,41,"2,809",300.00,"842,700.00"
2020-03-02,2020030201017952,GBIME,28,59,"1,000",300.00,"300,000.00"
2020-03-02,2020030201017892,GBIME,28,41,"3,191",300.00,"957,300.00"
2020-03-02,2020030201017891,GBIME,51,41,"1,000",300.00,"300,000.00"
2020-03-02,2020030201017890,GBIME,40,41,12,300.00,"3,600.00"
2020-03-02,2020030201017889,GBIME,14,41,"2,000",300.00,"600,000.00"
2020-03-02,2020030201017981,GBIME,25,41,100,299.00,"29,900.00"
2020-03-02,2020030201017980,GBIME,59,41,"3,000",299.00,"897,000.00"
2020-03-02,2020030201017979,GBIME,34,41,"1,000",299.00,"299,000.00"
2020-03-02,2020030201017978,GBIME,25,41,500,299.00,"149,500.00"
2020-03-02,2020030201017977,GBIME,52,41,50,299.00,"14,950.00"
2020-03-02,2020030201017976,GBIME,58,41,100,300.00,"30,000.00"
2020-03-02,2020030201017987,GBIME,45,41,10,297.00,"2,970.00"
2020-03-02,2020030201017986,GBIME,47,41,200,297.00,"59,400.00"
2020-03-02,2020030201017985,GBIME,49,41,"2,000",298.00,"596,000.00"
2020-03-02,2020030201017984,GBIME,14,41,"1,000",298.00,"298,000.00"
2020-03-02,2020030201017983,GBIME,35,41,100,298.00,"29,800.00"
2020-03-02,2020030201017982,GBIME,44,41,500,298.00,"149,000.00"
2020-03-02,2020030201017689,GBLBS,13,55,250,566.00,"141,500.00"
2020-03-02,2020030201017592,GBLBS,20,55,100,569.00,"56,900.00"
2020-03-02,2020030201017591,GBLBS,34,55,50,569.00,"28,450.00"
2020-03-02,2020030201017590,GBLBS,26,55,100,569.00,"56,900.00"
2020-03-02,2020030201017801,GILB,45,44,100,"1,475.00","147,500.00"
2020-03-02,2020030201017800,GILB,44,44,116,"1,475.00","171,100.00"
2020-03-02,2020030201017751,GILB,44,22,10,"1,499.00","14,990.00"
2020-03-02,2020030201017686,GILB,44,19,100,"1,475.00","147,500.00"
2020-03-02,2020030201017676,GILB,44,19,133,"1,475.00","196,175.00"
2020-03-02,2020030201017675,GILB,52,19,20,"1,480.00","29,600.00"
2020-03-02,2020030201017674,GILB,17,19,10,"1,481.00","14,810.00"
2020-03-02,2020030201017673,GILB,16,19,37,"1,485.00","54,945.00"
2020-03-02,2020030201017594,GILB,19,22,10,"1,499.00","14,990.00"
2020-03-02,2020030201017897,GLICL,34,59,887,910.00,"807,170.00"
2020-03-02,2020030201017896,GLICL,34,59,147,912.00,"134,064.00"
2020-03-02,2020030201017799,GLICL,34,5,853,912.00,"777,936.00"
2020-03-02,2020030201017624,GLICL,45,7,150,918.00,"137,700.00"
2020-03-02,2020030201017600,GLICL,45,41,50,918.00,"45,900.00"
2020-03-02,2020030201017599,GLICL,45,19,97,915.00,"88,755.00"
2020-03-02,2020030201017598,GLICL,45,48,50,913.00,"45,650.00"
2020-03-02,2020030201017589,GLICL,33,48,50,913.00,"45,650.00"
2020-03-02,2020030201017519,GLICL,34,19,50,915.00,"45,750.00"
2020-03-02,2020030201017518,GLICL,51,19,100,917.00,"91,700.00"
2020-03-02,2020030201017517,GLICL,48,19,100,917.00,"91,700.00"
2020-03-02,2020030201017516,GLICL,53,19,25,918.00,"22,950.00"
2020-03-02,2020030201017749,HBL,40,39,764,656.00,"501,184.00"
2020-03-02,2020030201017719,HBL,40,45,10,656.00,"6,560.00"
2020-03-02,2020030201017717,HBL,46,56,10,657.00,"6,570.00"
2020-03-02,2020030201017704,HBL,40,16,20,656.00,"13,120.00"
2020-03-02,2020030201017703,HBL,19,16,20,656.00,"13,120.00"
2020-03-02,2020030201017688,HBL,19,38,80,656.00,"52,480.00"
2020-03-02,2020030201017596,HBL,19,49,50,656.00,"32,800.00"
2020-03-02,2020030201017969,HDL,44,3,100,"1,700.00","170,000.00"
2020-03-02,2020030201017932,HDL,44,42,31,"1,700.00","52,700.00"
2020-03-02,2020030201017931,HDL,41,42,10,"1,701.00","17,010.00"
2020-03-02,2020030201017930,HDL,19,42,50,"1,701.00","85,050.00"
2020-03-02,2020030201017929,HDL,14,42,20,"1,701.00","34,020.00"
2020-03-02,2020030201017928,HDL,37,42,50,"1,701.00","85,050.00"
2020-03-02,2020030201017617,HDL,53,45,30,"1,715.00","51,450.00"
2020-03-02,2020030201017616,HDL,49,45,10,"1,715.00","17,150.00"
2020-03-02,2020030201017520,HDL,25,42,35,"1,716.00","60,060.00"
2020-03-02,2020030201017868,HDL,44,25,100,"1,714.00","171,400.00"
2020-03-02,2020030201017867,HDL,34,25,30,"1,715.00","51,450.00"
2020-03-02,2020030201017866,HDL,8,25,550,"1,715.00","943,250.00"
2020-03-02,2020030201017785,HDL,8,35,200,"1,715.00","343,000.00"
2020-03-02,2020030201017708,HDL,8,41,50,"1,715.00","85,750.00"
2020-03-02,2020030201017618,HDL,8,45,200,"1,715.00","343,000.00"
2020-03-02,2020030201017874,HDL,34,25,20,"1,710.00","34,200.00"
2020-03-02,2020030201017873,HDL,13,25,50,"1,710.00","85,500.00"
2020-03-02,2020030201017872,HDL,25,25,50,"1,710.00","85,500.00"
2020-03-02,2020030201017871,HDL,10,25,100,"1,711.00","171,100.00"
2020-03-02,2020030201017870,HDL,14,25,100,"1,711.00","171,100.00"
2020-03-02,2020030201017869,HDL,42,25,"1,000","1,711.00","1,711,000.00"
2020-03-02,2020030201017927,HDL,59,42,200,"1,701.00","340,200.00"
2020-03-02,2020030201017926,HDL,14,42,30,"1,701.00","51,030.00"
2020-03-02,2020030201017925,HDL,41,42,200,"1,705.00","341,000.00"
2020-03-02,2020030201017924,HDL,19,42,50,"1,706.00","85,300.00"
2020-03-02,2020030201017923,HDL,22,42,29,"1,707.00","49,503.00"
2020-03-02,2020030201017922,HDL,34,42,30,"1,710.00","51,300.00"
2020-03-02,2020030201017780,HGI,1,35,100,420.00,"42,000.00"
2020-03-02,2020030201017779,HGI,45,35,800,420.00,"336,000.00"
2020-03-02,2020030201017778,HGI,25,35,200,421.00,"84,200.00"
2020-03-02,2020030201017696,HGI,45,17,200,420.00,"84,000.00"
2020-03-02,2020030201017548,HGI,51,49,500,422.00,"211,000.00"
2020-03-02,2020030201018004,HIDCL,11,56,32,142.00,"4,544.00"
2020-03-02,2020030201017766,HIDCL,6,41,59,140.00,"8,260.00"
2020-03-02,2020030201017584,HIDCL,17,56,31,142.00,"4,402.00"
2020-03-02,2020030201017792,ICFC,48,49,94,199.00,"18,706.00"
2020-03-02,2020030201017791,ICFC,17,49,167,199.00,"33,233.00"
2020-03-02,2020030201017790,ICFC,29,49,500,200.00,"100,000.00"
2020-03-02,2020030201017789,ICFC,45,49,100,200.00,"20,000.00"
2020-03-02,2020030201017788,ICFC,42,49,200,202.00,"40,400.00"
2020-03-02,2020030201017787,ICFC,42,49,56,202.00,"11,312.00"
2020-03-02,2020030201017572,IGI,47,35,90,463.00,"41,670.00"
2020-03-02,2020030201017571,IGI,40,35,10,465.00,"4,650.00"
2020-03-02,2020030201017853,JBBL,39,7,500,199.00,"99,500.00"
2020-03-02,2020030201017511,JSLBB,44,45,150,"1,775.00","266,250.00"
2020-03-02,2020030201017722,KBL,39,6,223,219.00,"48,837.00"
2020-03-02,2020030201017721,KBL,51,6,50,219.00,"10,950.00"
2020-03-02,2020030201017720,KBL,36,6,27,219.00,"5,913.00"
2020-03-02,2020030201017512,KBL,36,56,106,219.00,"23,214.00"
2020-03-02,2020030201017578,KMCDB,28,6,54,989.00,"53,406.00"
2020-03-02,2020030201017781,KMCDB,28,39,10,989.00,"9,890.00"
2020-03-02,2020030201017706,KMCDB,28,58,10,989.00,"9,890.00"
2020-03-02,2020030201017690,KMCDB,28,39,10,989.00,"9,890.00"
2020-03-02,2020030201017645,KRBL,37,41,40,117.00,"4,680.00"
2020-03-02,2020030201017526,KSBBL,26,33,250,173.00,"43,250.00"
2020-03-02,2020030201017860,LBBL,38,26,17,201.00,"3,417.00"
2020-03-02,2020030201017528,LBBL,38,53,500,201.00,"100,500.00"
2020-03-02,2020030201017999,LBL,34,45,38,247.00,"9,386.00"
2020-03-02,2020030201017998,LBL,52,45,262,247.00,"64,714.00"
2020-03-02,2020030201017550,LGIL,35,35,200,525.00,"105,000.00"
2020-03-02,2020030201017530,LGIL,38,38,500,526.00,"263,000.00"
2020-03-02,2020030201017529,LGIL,7,38,294,526.00,"154,644.00"
2020-03-02,2020030201018003,LICN,50,1,434,"1,540.00","668,360.00"
2020-03-02,2020030201018002,LICN,58,1,100,"1,540.00","154,000.00"
2020-03-02,2020030201018001,LICN,5,1,50,"1,543.00","77,150.00"
2020-03-02,2020030201018000,LICN,22,1,50,"1,544.00","77,200.00"
2020-03-02,2020030201017580,LICN,14,19,70,"1,546.00","108,220.00"
2020-03-02,2020030201017579,LICN,19,19,100,"1,547.00","154,700.00"
2020-03-02,2020030201017814,MBL,29,32,100,252.00,"25,200.00"
2020-03-02,2020030201017813,MBL,45,32,"1,950",252.00,"491,400.00"
2020-03-02,2020030201017812,MBL,45,32,"1,950",252.00,"491,400.00"
2020-03-02,2020030201017811,MBL,21,32,300,252.00,"75,600.00"
2020-03-02,2020030201017810,MBL,28,32,"5,000",252.00,"1,260,000.00"
2020-03-02,2020030201017809,MBL,43,32,300,252.00,"75,600.00"
2020-03-02,2020030201017808,MBL,59,32,500,252.00,"126,000.00"
2020-03-02,2020030201017807,MBL,35,32,100,252.00,"25,200.00"
2020-03-02,2020030201017806,MBL,10,32,50,253.00,"12,650.00"
2020-03-02,2020030201017805,MBL,34,32,"1,000",253.00,"253,000.00"
2020-03-02,2020030201017804,MBL,46,32,"2,000",253.00,"506,000.00"
2020-03-02,2020030201017803,MBL,14,32,286,253.00,"72,358.00"
2020-03-02,2020030201017532,MDB,28,19,200,445.00,"89,000.00"
2020-03-02,2020030201017903,MEGA,39,5,100,242.00,"24,200.00"
2020-03-02,2020030201017839,MEGA,39,28,270,242.00,"65,340.00"
2020-03-02,2020030201017838,MEGA,54,28,"1,000",242.00,"242,000.00"
2020-03-02,2020030201017837,MEGA,33,28,130,242.00,"31,460.00"
2020-03-02,2020030201017836,MEGA,39,28,100,242.00,"24,200.00"
2020-03-02,2020030201017835,MEGA,11,28,50,242.00,"12,100.00"
2020-03-02,2020030201017822,MEGA,51,28,250,243.00,"60,750.00"
2020-03-02,2020030201017630,MEGA,38,1,305,244.00,"74,420.00"
2020-03-02,2020030201017587,MEGA,38,14,505,244.00,"123,220.00"
2020-03-02,2020030201017533,MEGA,38,35,500,244.00,"122,000.00"
2020-03-02,2020030201017828,MEGA,44,28,100,243.00,"24,300.00"
2020-03-02,2020030201017827,MEGA,57,28,200,243.00,"48,600.00"
2020-03-02,2020030201017826,MEGA,11,28,100,243.00,"24,300.00"
2020-03-02,2020030201017825,MEGA,42,28,100,243.00,"24,300.00"
2020-03-02,2020030201017824,MEGA,51,28,500,243.00,"121,500.00"
2020-03-02,2020030201017823,MEGA,29,28,"1,000",243.00,"243,000.00"
2020-03-02,2020030201017834,MEGA,58,28,500,242.00,"121,000.00"
2020-03-02,2020030201017833,MEGA,53,28,200,242.00,"48,400.00"
2020-03-02,2020030201017832,MEGA,48,28,500,242.00,"121,000.00"
2020-03-02,2020030201017831,MEGA,14,28,"1,000",243.00,"243,000.00"
2020-03-02,2020030201017830,MEGA,35,28,"5,000",243.00,"1,215,000.00"
2020-03-02,2020030201017829,MEGA,48,28,"4,000",243.00,"972,000.00"
2020-03-02,2020030201017964,MFIL,49,17,"1,000",264.00,"264,000.00"
2020-03-02,2020030201017963,MFIL,38,17,500,265.00,"132,500.00"
2020-03-02,2020030201017962,MFIL,47,17,500,265.00,"132,500.00"
2020-03-02,2020030201017961,MFIL,47,17,500,265.00,"132,500.00"
2020-03-02,2020030201017850,MNBBL,35,35,500,363.00,"181,500.00"
2020-03-02,2020030201017740,MNBBL,35,1,337,363.00,"122,331.00"
2020-03-02,2020030201017726,MNBBL,35,19,100,363.00,"36,300.00"
2020-03-02,2020030201017544,MNBBL,43,14,500,364.00,"182,000.00"
2020-03-02,2020030201017543,MNBBL,44,14,100,364.00,"36,400.00"
2020-03-02,2020030201017997,NABIL,17,22,121,875.00,"105,875.00"
2020-03-02,2020030201017996,NABIL,57,22,20,875.00,"17,500.00"
2020-03-02,2020030201017995,NABIL,10,22,50,875.00,"43,750.00"
2020-03-02,2020030201017994,NABIL,48,22,200,875.00,"175,000.00"
2020-03-02,2020030201017802,NABIL,20,22,190,880.00,"167,200.00"
2020-03-02,2020030201017798,NABIL,46,6,10,882.00,"8,820.00"
2020-03-02,2020030201017672,NABIL,32,25,50,882.00,"44,100.00"
2020-03-02,2020030201017627,NABIL,4,46,100,883.00,"88,300.00"
2020-03-02,2020030201017626,NABIL,39,46,50,883.00,"44,150.00"
2020-03-02,2020030201017625,NABIL,32,46,100,884.00,"88,400.00"
2020-03-02,2020030201017549,NABIL,42,17,120,884.00,"106,080.00"
2020-03-02,2020030201017768,NABIL,20,45,10,880.00,"8,800.00"
2020-03-02,2020030201017738,NABIL,20,28,100,880.00,"88,000.00"
2020-03-02,2020030201017734,NABIL,42,28,80,880.00,"70,400.00"
2020-03-02,2020030201017733,NABIL,14,28,100,880.00,"88,000.00"
2020-03-02,2020030201017732,NABIL,19,28,10,880.00,"8,800.00"
2020-03-02,2020030201017727,NABIL,51,40,100,880.00,"88,000.00"
2020-03-02,2020030201017942,NBB,14,39,100,231.00,"23,100.00"
2020-03-02,2020030201017941,NBB,34,39,500,233.00,"116,500.00"
2020-03-02,2020030201017940,NBB,38,39,200,233.00,"46,600.00"
2020-03-02,2020030201017939,NBB,47,39,500,234.00,"117,000.00"
2020-03-02,2020030201017938,NBB,44,39,400,234.00,"93,600.00"
2020-03-02,2020030201017937,NBB,38,39,500,234.00,"117,000.00"
2020-03-02,2020030201017936,NBB,11,39,300,235.00,"70,500.00"
2020-03-02,2020030201017563,NBB,11,49,700,235.00,"164,500.00"
2020-03-02,2020030201017562,NBB,38,49,100,235.00,"23,500.00"
2020-03-02,2020030201017561,NBB,42,49,200,235.00,"47,000.00"
2020-03-02,2020030201017974,NBL,52,47,"1,000",296.00,"296,000.00"
2020-03-02,2020030201017899,NBL,52,59,"3,000",296.00,"888,000.00"
2020-03-02,2020030201017849,NBL,52,54,440,296.00,"130,240.00"
2020-03-02,2020030201017848,NBL,6,54,60,296.00,"17,760.00"
2020-03-02,2020030201017840,NBL,6,40,100,296.00,"29,600.00"
2020-03-02,2020030201017748,NBL,6,44,"1,840",296.00,"544,640.00"
2020-03-02,2020030201017747,NBL,44,44,40,296.00,"11,840.00"
2020-03-02,2020030201017746,NBL,29,44,"1,000",297.00,"297,000.00"
2020-03-02,2020030201017745,NBL,45,44,20,297.00,"5,940.00"
2020-03-02,2020030201017744,NBL,26,44,100,297.00,"29,700.00"
2020-03-02,2020030201017877,NCCB,56,6,437,209.00,"91,333.00"
2020-03-02,2020030201017736,NCCB,28,6,500,209.00,"104,500.00"
2020-03-02,2020030201017735,NCCB,28,13,500,209.00,"104,500.00"
2020-03-02,2020030201017711,NCCB,59,34,300,206.00,"61,800.00"
2020-03-02,2020030201017702,NCCB,56,50,"1,000",207.00,"207,000.00"
2020-03-02,2020030201017547,NCCB,59,34,236,206.00,"48,616.00"
2020-03-02,2020030201017724,NHPC,37,33,"3,780",62.00,"234,360.00"
2020-03-02,2020030201017723,NHPC,45,33,220,63.00,"13,860.00"
2020-03-02,2020030201017821,NIB,17,45,10,440.00,"4,400.00"
2020-03-02,2020030201017683,NIB,17,41,36,440.00,"15,840.00"
2020-03-02,2020030201017682,NIB,39,41,300,440.00,"132,000.00"
2020-03-02,2020030201017681,NIB,19,41,100,440.00,"44,000.00"
2020-03-02,2020030201017680,NIB,51,41,180,440.00,"79,200.00"
2020-03-02,2020030201017679,NIB,49,41,236,440.00,"103,840.00"
2020-03-02,2020030201017678,NIB,25,41,100,441.00,"44,100.00"
2020-03-02,2020030201017677,NIB,58,41,48,441.00,"21,168.00"
2020-03-02,2020030201017508,NIB,58,34,50,441.00,"22,050.00"
2020-03-02,2020030201017664,NIBPO,37,1,300,380.00,"114,000.00"
2020-03-02,2020030201017968,NICA,42,6,811,608.00,"493,088.00"
2020-03-02,2020030201017967,NICA,52,6,100,608.00,"60,800.00"
2020-03-02,2020030201017966,NICA,41,6,30,608.00,"18,240.00"
2020-03-02,2020030201017965,NICA,42,6,59,608.00,"35,872.00"
2020-03-02,2020030201017935,NICA,42,35,600,608.00,"364,800.00"
2020-03-02,2020030201017876,NICA,42,25,110,608.00,"66,880.00"
2020-03-02,2020030201017531,NICA,42,28,500,608.00,"304,000.00"
2020-03-02,2020030201017665,NICA,42,57,93,608.00,"56,544.00"
2020-03-02,2020030201017628,NICA,42,34,"1,000",608.00,"608,000.00"
2020-03-02,2020030201017623,NICA,42,28,500,608.00,"304,000.00"
2020-03-02,2020030201017619,NICA,45,50,30,609.00,"18,270.00"
2020-03-02,2020030201017570,NICA,42,28,500,608.00,"304,000.00"
2020-03-02,2020030201017540,NICA,42,44,250,608.00,"152,000.00"
2020-03-02,2020030201017847,NICA,42,44,100,608.00,"60,800.00"
2020-03-02,2020030201017765,NICA,42,13,131,608.00,"79,648.00"
2020-03-02,2020030201017764,NICA,42,13,342,608.00,"207,936.00"
2020-03-02,2020030201017750,NICA,42,55,"1,011",608.00,"614,688.00"
2020-03-02,2020030201017692,NICA,42,44,490,608.00,"297,920.00"
2020-03-02,2020030201017666,NICA,42,57,157,608.00,"95,456.00"
2020-03-02,2020030201018007,NICL,32,50,123,491.00,"60,393.00"
2020-03-02,2020030201017845,NICL,3,39,100,492.00,"49,200.00"
2020-03-02,2020030201017844,NICL,42,39,100,492.00,"49,200.00"
2020-03-02,2020030201017818,NICL,42,10,100,492.00,"49,200.00"
2020-03-02,2020030201017605,NICL,32,6,77,491.00,"37,807.00"
2020-03-02,2020030201017604,NICL,34,6,394,491.00,"193,454.00"
2020-03-02,2020030201017603,NICL,48,6,229,491.00,"112,439.00"
2020-03-02,2020030201017770,NIL,13,17,100,585.00,"58,500.00"
2020-03-02,2020030201017769,NIL,45,17,100,593.00,"59,300.00"
2020-03-02,2020030201017914,NLIC,4,35,100,"1,295.00","129,500.00"
2020-03-02,2020030201017913,NLIC,49,35,100,"1,295.00","129,500.00"
2020-03-02,2020030201017912,NLIC,45,35,500,"1,295.00","647,500.00"
2020-03-02,2020030201017911,NLIC,14,35,10,"1,296.00","12,960.00"
2020-03-02,2020030201017910,NLIC,55,42,200,"1,297.00","259,400.00"
2020-03-02,2020030201017909,NLIC,55,42,100,"1,297.00","129,700.00"
2020-03-02,2020030201017537,NLIC,33,33,34,"1,299.00","44,166.00"
2020-03-02,2020030201017640,NLIC,14,21,27,"1,300.00","35,100.00"
2020-03-02,2020030201017639,NLIC,14,59,100,"1,300.00","130,000.00"
2020-03-02,2020030201017638,NLIC,14,34,22,"1,300.00","28,600.00"
2020-03-02,2020030201017637,NLIC,14,49,51,"1,300.00","66,300.00"
2020-03-02,2020030201017541,NLIC,29,49,150,"1,300.00","195,000.00"
2020-03-02,2020030201017538,NLIC,16,33,141,"1,299.00","183,159.00"
2020-03-02,2020030201017908,NLIC,34,42,60,"1,297.00","77,820.00"
2020-03-02,2020030201017907,NLIC,48,42,10,"1,298.00","12,980.00"
2020-03-02,2020030201017906,NLIC,34,42,30,"1,298.00","38,940.00"
2020-03-02,2020030201017843,NLIC,34,59,20,"1,298.00","25,960.00"
2020-03-02,2020030201017786,NLIC,35,57,566,"1,299.00","735,234.00"
2020-03-02,2020030201017646,NLIC,16,57,34,"1,299.00","44,166.00"
2020-03-02,2020030201017754,NLICL,26,35,67,761.00,"50,987.00"
2020-03-02,2020030201017753,NLICL,41,35,33,761.00,"25,113.00"
2020-03-02,2020030201017919,NMB,41,25,118,470.00,"55,460.00"
2020-03-02,2020030201017918,NMB,14,25,100,471.00,"47,100.00"
2020-03-02,2020030201017917,NMB,28,25,182,471.00,"85,722.00"
2020-03-02,2020030201017915,NMB,28,53,200,471.00,"94,200.00"
2020-03-02,2020030201017777,NMB,28,17,118,471.00,"55,578.00"
2020-03-02,2020030201017776,NMB,51,17,32,472.00,"15,104.00"
2020-03-02,2020030201017771,NMB,51,55,35,472.00,"16,520.00"
2020-03-02,2020030201017685,NMB,51,38,33,472.00,"15,576.00"
2020-03-02,2020030201017684,NMB,38,38,17,472.00,"8,024.00"
2020-03-02,2020030201017621,NMB,38,33,83,472.00,"39,176.00"
2020-03-02,2020030201017620,NMB,51,33,22,472.00,"10,384.00"
2020-03-02,2020030201017755,NMFBS,54,19,99,"1,971.00","195,129.00"
2020-03-02,2020030201017593,NTC,42,51,50,683.00,"34,150.00"
2020-03-02,2020030201017615,NUBL,33,33,42,"1,100.00","46,200.00"
2020-03-02,2020030201017614,NUBL,16,33,400,"1,100.00","440,000.00"
2020-03-02,2020030201017613,NUBL,41,33,100,"1,100.00","110,000.00"
2020-03-02,2020030201017612,NUBL,59,33,50,"1,100.00","55,000.00"
2020-03-02,2020030201017611,NUBL,35,33,158,"1,100.00","173,800.00"
2020-03-02,2020030201017901,OHL,37,17,734,478.00,"350,852.00"
2020-03-02,2020030201017900,OHL,59,17,417,478.00,"199,326.00"
2020-03-02,2020030201017846,OHL,59,34,44,478.00,"21,032.00"
2020-03-02,2020030201017934,PCBL,42,29,116,314.00,"36,424.00"
2020-03-02,2020030201017933,PCBL,34,29,400,315.00,"126,000.00"
2020-03-02,2020030201017861,PCBL,34,55,100,315.00,"31,500.00"
2020-03-02,2020030201017710,PCBL,47,51,34,315.00,"10,710.00"
2020-03-02,2020030201017691,PCBL,42,45,"2,250",314.00,"706,500.00"
2020-03-02,2020030201017609,PCBL,57,51,50,315.00,"15,750.00"
2020-03-02,2020030201017608,PCBL,10,51,100,315.00,"31,500.00"
2020-03-02,2020030201017607,PCBL,41,51,50,315.00,"15,750.00"
2020-03-02,2020030201017742,PFL,59,17,700,168.00,"117,600.00"
2020-03-02,2020030201017741,PFL,45,17,149,168.00,"25,032.00"
2020-03-02,2020030201017574,PFL,45,44,500,168.00,"84,000.00"
2020-03-02,2020030201017545,PIC,41,16,10,649.00,"6,490.00"
2020-03-02,2020030201017695,PLIC,39,14,112,635.00,"71,120.00"
2020-03-02,2020030201017573,PLIC,39,40,200,635.00,"127,000.00"
2020-03-02,2020030201017716,PROFL,33,59,110,113.00,"12,430.00"
2020-03-02,2020030201017875,PRVU,58,29,"3,555",269.00,"956,295.00"
2020-03-02,2020030201017793,PRVU,58,45,"1,000",269.00,"269,000.00"
2020-03-02,2020030201017757,PRVU,58,44,200,269.00,"53,800.00"
2020-03-02,2020030201017564,PRVU,17,18,68,268.00,"18,224.00"
2020-03-02,2020030201017515,PRVU,14,36,326,267.00,"87,042.00"
2020-03-02,2020030201017514,PRVU,17,36,50,267.00,"13,350.00"
2020-03-02,2020030201017513,PRVU,26,36,100,267.00,"26,700.00"
2020-03-02,2020030201017756,PRVU,58,44,245,269.00,"65,905.00"
2020-03-02,2020030201017715,PRVU,28,51,100,268.00,"26,800.00"
2020-03-02,2020030201017694,PRVU,28,21,"1,052",268.00,"281,936.00"
2020-03-02,2020030201017693,PRVU,28,18,593,268.00,"158,924.00"
2020-03-02,2020030201017583,PRVU,49,41,"1,926",267.00,"514,242.00"
2020-03-02,2020030201017582,PRVU,14,41,74,267.00,"19,758.00"
2020-03-02,2020030201017951,RBCL,50,13,20,"10,800.00","216,000.00"
2020-03-02,2020030201017950,RBCL,47,13,20,"10,800.00","216,000.00"
2020-03-02,2020030201017949,RBCL,43,56,17,"10,801.00","183,617.00"
2020-03-02,2020030201017948,RBCL,6,56,20,"10,802.00","216,040.00"
2020-03-02,2020030201017902,RHPL,39,50,50,164.00,"8,200.00"
2020-03-02,2020030201017647,RHPL,50,56,"1,661",165.00,"274,065.00"
2020-03-02,2020030201017523,RHPL,50,36,50,165.00,"8,250.00"
2020-03-02,2020030201017522,RHPL,50,36,"1,289",165.00,"212,685.00"
2020-03-02,2020030201017581,RLFL,45,25,777,141.00,"109,557.00"
2020-03-02,2020030201017701,RSDC,29,57,200,557.00,"111,400.00"
2020-03-02,2020030201017700,RSDC,19,57,200,557.00,"111,400.00"
2020-03-02,2020030201017699,RSDC,14,57,20,557.00,"11,140.00"
2020-03-02,2020030201017698,RSDC,49,57,20,557.00,"11,140.00"
2020-03-02,2020030201017697,RSDC,44,57,140,557.00,"77,980.00"
2020-03-02,2020030201017737,SABSL,41,41,10,900.00,"9,000.00"
2020-03-02,2020030201017725,SABSL,41,13,10,900.00,"9,000.00"
2020-03-02,2020030201017575,SANIMA,16,36,644,383.00,"246,652.00"
2020-03-02,2020030201017539,SANIMA,16,38,100,383.00,"38,300.00"
2020-03-02,2020030201017731,SBI,25,36,100,516.00,"51,600.00"
2020-03-02,2020030201017730,SBI,46,36,64,516.00,"33,024.00"
2020-03-02,2020030201017527,SBI,46,22,500,516.00,"258,000.00"
2020-03-02,2020030201017862,SBL,7,38,50,342.00,"17,100.00"
2020-03-02,2020030201017783,SBL,10,1,200,343.00,"68,600.00"
2020-03-02,2020030201017671,SCB,48,6,71,741.00,"52,611.00"
2020-03-02,2020030201017670,SCB,51,6,100,741.00,"74,100.00"
2020-03-02,2020030201017669,SCB,26,6,20,741.00,"14,820.00"
2020-03-02,2020030201017668,SCB,22,6,100,742.00,"74,200.00"
2020-03-02,2020030201017667,SCB,28,6,276,742.00,"204,792.00"
2020-03-02,2020030201017642,SCB,46,32,12,744.00,"8,928.00"
2020-03-02,2020030201018006,SHINE,4,29,50,311.00,"15,550.00"
2020-03-02,2020030201018005,SHINE,4,39,100,311.00,"31,100.00"
2020-03-02,2020030201017602,SHINE,4,56,"1,000",311.00,"311,000.00"
2020-03-02,2020030201017782,SHINE,4,56,"1,000",311.00,"311,000.00"
2020-03-02,2020030201017718,SHINE,4,56,"1,000",311.00,"311,000.00"
2020-03-02,2020030201017629,SHIVM,21,35,100,652.00,"65,200.00"
2020-03-02,2020030201017895,SHL,58,17,701,188.00,"131,788.00"
2020-03-02,2020030201017894,SHL,59,17,"2,000",188.00,"376,000.00"
2020-03-02,2020030201017893,SHL,34,17,106,188.00,"19,928.00"
2020-03-02,2020030201017601,SHL,34,34,194,188.00,"36,472.00"
2020-03-02,2020030201017525,SICL,57,19,50,"1,001.00","50,050.00"
2020-03-02,2020030201017524,SICL,7,19,50,"1,002.00","50,100.00"
2020-03-02,2020030201017752,SIL,44,35,525,580.00,"304,500.00"
2020-03-02,2020030201017713,SIL,44,41,423,580.00,"245,340.00"
2020-03-02,2020030201017597,SIL,43,41,200,580.00,"116,000.00"
2020-03-02,2020030201017898,SKBBL,16,13,200,"1,232.00","246,400.00"
2020-03-02,2020030201017622,SLBBL,55,38,100,922.00,"92,200.00"
2020-03-02,2020030201017865,SLICL,28,13,850,490.00,"416,500.00"
2020-03-02,2020030201017864,SLICL,32,13,100,490.00,"49,000.00"
2020-03-02,2020030201017863,SLICL,13,13,50,491.00,"24,550.00"
2020-03-02,2020030201017648,SLICL,13,57,62,491.00,"30,442.00"
2020-03-02,2020030201017610,SLICL,19,57,50,491.00,"24,550.00"
2020-03-02,2020030201017546,SLICL,42,57,200,491.00,"98,200.00"
2020-03-02,2020030201017521,SLICL,16,57,188,491.00,"92,308.00"
2020-03-02,2020030201017972,SRBL,40,42,36,275.00,"9,900.00"
2020-03-02,2020030201017971,SRBL,52,42,64,275.00,"17,600.00"
2020-03-02,2020030201017970,SRBL,51,42,200,276.00,"55,200.00"
2020-03-02,2020030201017880,UIC,49,35,"1,000",378.00,"378,000.00"
2020-03-02,2020030201017709,WOMI,42,14,200,"1,216.00","243,200.00"
2020-03-02,2020030201017404,ADBL,57,14,"1,000",431.00,"431,000.00"
2020-03-02,2020030201017356,ADBL,57,38,50,431.00,"21,550.00"
2020-03-02,2020030201017286,ADBL,57,48,200,431.00,"86,200.00"
2020-03-02,2020030201017232,ADBL,57,25,504,431.00,"217,224.00"
2020-03-02,2020030201017112,ADBL,57,39,669,431.00,"288,339.00"
2020-03-02,2020030201017171,ALBSL,17,17,6,786.00,"4,716.00"
2020-03-02,2020030201017022,ALBSL,3,46,50,785.00,"39,250.00"
2020-03-02,2020030201017414,ALICL,45,33,250,627.00,"156,750.00"
2020-03-02,2020030201017413,ALICL,44,33,100,627.00,"62,700.00"
2020-03-02,2020030201017412,ALICL,28,33,150,627.00,"94,050.00"
2020-03-02,2020030201017361,ALICL,28,48,100,627.00,"62,700.00"
2020-03-02,2020030201017323,ALICL,28,41,50,627.00,"31,350.00"
2020-03-02,2020030201017322,ALICL,44,41,100,628.00,"62,800.00"
2020-03-02,2020030201017229,ALICL,48,38,20,631.00,"12,620.00"
2020-03-02,2020030201017321,ALICL,44,41,100,629.00,"62,900.00"
2020-03-02,2020030201017240,ALICL,4,5,"1,000",630.00,"630,000.00"
2020-03-02,2020030201017239,ALICL,59,5,100,630.00,"63,000.00"
2020-03-02,2020030201017238,ALICL,54,5,200,630.00,"126,000.00"
2020-03-02,2020030201017237,ALICL,4,5,500,630.00,"315,000.00"
2020-03-02,2020030201017236,ALICL,48,5,30,631.00,"18,930.00"
2020-03-02,2020030201017395,BOKL,46,36,"1,000",262.00,"262,000.00"
2020-03-02,2020030201017029,BOKL,8,36,400,263.00,"105,200.00"
2020-03-02,2020030201017028,BOKL,11,36,90,263.00,"23,670.00"
2020-03-02,2020030201017023,BOKL,11,58,10,263.00,"2,630.00"
2020-03-02,2020030201017173,BPCL,13,36,11,381.00,"4,191.00"
2020-03-02,2020030201017149,BPCL,13,1,100,381.00,"38,100.00"
2020-03-02,2020030201017503,CBBL,59,49,27,"1,198.00","32,346.00"
2020-03-02,2020030201017294,CBBL,59,42,23,"1,198.00","27,554.00"
2020-03-02,2020030201017506,CCBL,59,41,48,193.00,"9,264.00"
2020-03-02,2020030201017244,CCBL,59,36,219,193.00,"42,267.00"
2020-03-02,2020030201017243,CCBL,54,36,100,193.00,"19,300.00"
2020-03-02,2020030201017242,CCBL,13,36,500,193.00,"96,500.00"
2020-03-02,2020030201017241,CCBL,54,36,181,193.00,"34,933.00"
2020-03-02,2020030201017235,CCBL,54,52,819,193.00,"158,067.00"
2020-03-02,2020030201017234,CCBL,46,52,100,193.00,"19,300.00"
2020-03-02,2020030201017233,CCBL,14,52,70,193.00,"13,510.00"
2020-03-02,2020030201017357,CIT,33,42,50,"2,815.00","140,750.00"
2020-03-02,2020030201017419,CZBIL,11,32,96,215.00,"20,640.00"
2020-03-02,2020030201017418,CZBIL,26,32,50,215.00,"10,750.00"
2020-03-02,2020030201017374,CZBIL,41,52,194,215.00,"41,710.00"
2020-03-02,2020030201017373,CZBIL,41,52,300,215.00,"64,500.00"
2020-03-02,2020030201017372,CZBIL,54,52,200,215.00,"43,000.00"
2020-03-02,2020030201017371,CZBIL,38,52,150,215.00,"32,250.00"
2020-03-02,2020030201017370,CZBIL,25,52,83,215.00,"17,845.00"
2020-03-02,2020030201017319,CZBIL,25,58,207,215.00,"44,505.00"
2020-03-02,2020030201017318,CZBIL,1,58,250,215.00,"53,750.00"
2020-03-02,2020030201017202,CZBIL,1,36,250,215.00,"53,750.00"
2020-03-02,2020030201017201,CZBIL,33,36,250,215.00,"53,750.00"
2020-03-02,2020030201017451,DDBL,45,14,100,956.00,"95,600.00"
2020-03-02,2020030201017447,DDBL,45,25,200,956.00,"191,200.00"
2020-03-02,2020030201017313,DDBL,45,6,300,956.00,"286,800.00"
2020-03-02,2020030201017423,EBL,45,1,200,818.00,"163,600.00"
2020-03-02,2020030201017392,EBL,45,46,"1,250",818.00,"1,022,500.00"
2020-03-02,2020030201017388,EBL,45,1,315,818.00,"257,670.00"
2020-03-02,2020030201017320,EBL,14,58,100,821.00,"82,100.00"
2020-03-02,2020030201017317,EBL,45,6,116,818.00,"94,888.00"
2020-03-02,2020030201017316,EBL,26,6,50,818.00,"40,900.00"
2020-03-02,2020030201017315,EBL,40,6,34,820.00,"27,880.00"
2020-03-02,2020030201017260,EBL,40,36,66,820.00,"54,120.00"
2020-03-02,2020030201017259,EBL,26,36,100,820.00,"82,000.00"
2020-03-02,2020030201017258,EBL,11,36,12,821.00,"9,852.00"
2020-03-02,2020030201017219,EBL,11,50,100,822.00,"82,200.00"
2020-03-02,2020030201017440,FMDBL,16,29,30,598.00,"17,940.00"
2020-03-02,2020030201017439,FMDBL,16,47,60,598.00,"35,880.00"
2020-03-02,2020030201017312,FMDBL,16,35,200,598.00,"119,600.00"
2020-03-02,2020030201017284,FMDBL,16,35,310,598.00,"185,380.00"
2020-03-02,2020030201017283,FMDBL,37,35,50,600.00,"30,000.00"
2020-03-02,2020030201017282,FMDBL,42,35,40,600.00,"24,000.00"
2020-03-02,2020030201017193,FMDBL,42,13,100,600.00,"60,000.00"
2020-03-02,2020030201017100,FMDBL,42,53,20,600.00,"12,000.00"
2020-03-02,2020030201017099,FMDBL,14,53,50,600.00,"30,000.00"
2020-03-02,2020030201017098,FMDBL,52,53,330,600.00,"198,000.00"
2020-03-02,2020030201017009,FMDBL,52,26,170,600.00,"102,000.00"
2020-03-02,2020030201017387,FOWAD,56,47,49,"1,697.00","83,153.00"
2020-03-02,2020030201017192,FOWAD,21,19,33,"1,700.00","56,100.00"
2020-03-02,2020030201017507,GBBL,36,49,236,250.00,"59,000.00"
2020-03-02,2020030201017482,GBIME,29,1,498,300.00,"149,400.00"
2020-03-02,2020030201017481,GBIME,4,1,302,300.00,"90,600.00"
2020-03-02,2020030201017480,GBIME,59,1,200,300.00,"60,000.00"
2020-03-02,2020030201017221,GBIME,4,36,198,300.00,"59,400.00"
2020-03-02,2020030201017220,GBIME,17,36,200,300.00,"60,000.00"
2020-03-02,2020030201017054,GBIME,21,33,660,301.00,"198,660.00"
2020-03-02,2020030201017035,GBIME,36,33,547,302.00,"165,194.00"
2020-03-02,2020030201017008,GBIME,36,29,400,302.00,"120,800.00"
2020-03-02,2020030201017041,GBIME,54,33,200,302.00,"60,400.00"
2020-03-02,2020030201017040,GBIME,28,33,"5,000",302.00,"1,510,000.00"
2020-03-02,2020030201017039,GBIME,6,33,500,302.00,"151,000.00"
2020-03-02,2020030201017038,GBIME,28,33,"2,000",302.00,"604,000.00"
2020-03-02,2020030201017037,GBIME,57,33,"1,000",302.00,"302,000.00"
2020-03-02,2020030201017036,GBIME,42,33,400,302.00,"120,800.00"
