Date,Transact. No.,Symbol,Buyer,Seller,Quantity,Rate,Amount
2020-12-02,2020120204002654,BBC,28,36,10,"3,429.00","34,290.00"
2020-12-02,2020120204002653,BBC,55,39,10,"3,429.00","34,290.00"
2020-12-02,2020120204002644,BBC,1,59,10,"3,429.00","34,290.00"
2020-12-02,2020120204002643,BBC,7,59,90,"3,429.00","308,610.00"
2020-12-02,2020120204002629,BBC,7,22,10,"3,429.00","34,290.00"
2020-12-02,2020120204002620,BBC,7,22,10,"3,429.00","34,290.00"
2020-12-02,2020120204002197,BBC,34,58,309,"3,182.00","983,238.00"
2020-12-02,2020120204002183,BBC,25,26,40,"3,200.00","128,000.00"
2020-12-02,2020120204002178,BBC,57,26,10,"3,200.00","32,000.00"
2020-12-02,2020120204002477,BBC,35,34,10,"3,344.00","33,440.00"
2020-12-02,2020120204002421,BBC,34,53,176,"3,300.00","580,800.00"
2020-12-02,2020120204002414,BBC,37,53,10,"3,300.00","33,000.00"
2020-12-02,2020120204002349,BBC,34,14,10,"3,300.00","33,000.00"
2020-12-02,2020120204002348,BBC,34,28,60,"3,240.00","194,400.00"
2020-12-02,2020120204002232,BBC,34,28,10,"3,240.00","32,400.00"
2020-12-02,2020120204002488,BBC,35,22,10,"3,366.00","33,660.00"
2020-12-02,2020120204002486,BBC,34,26,50,"3,365.00","168,250.00"
2020-12-02,2020120204002485,BBC,34,14,10,"3,362.00","33,620.00"
2020-12-02,2020120204002484,BBC,34,14,10,"3,361.00","33,610.00"
2020-12-02,2020120204002481,BBC,35,37,50,"3,349.00","167,450.00"
2020-12-02,2020120204002479,BBC,35,14,20,"3,345.00","66,900.00"
2020-12-02,2020120204002502,BBC,34,14,10,"3,429.00","34,290.00"
2020-12-02,2020120204002499,BBC,34,33,10,"3,429.00","34,290.00"
2020-12-02,2020120204002497,BBC,34,58,50,"3,371.00","168,550.00"
2020-12-02,2020120204002496,BBC,34,14,10,"3,370.00","33,700.00"
2020-12-02,2020120204002492,BBC,34,39,10,"3,366.00","33,660.00"
2020-12-02,2020120204002489,BBC,35,44,10,"3,366.00","33,660.00"
2020-12-02,2020120204002615,BBC,7,32,30,"3,429.00","102,870.00"
2020-12-02,2020120204002528,BBC,7,14,10,"3,429.00","34,290.00"
2020-12-02,2020120204002526,BBC,7,48,10,"3,429.00","34,290.00"
2020-12-02,2020120204002517,BBC,7,48,10,"3,429.00","34,290.00"
2020-12-02,2020120204002516,BBC,7,14,20,"3,429.00","68,580.00"
2020-12-02,2020120204002503,BBC,7,14,10,"3,429.00","34,290.00"
2020-12-02,2020120204002451,CMF1,29,19,"2,000",10.14,"20,280.00"
2020-12-02,2020120204002449,CMF1,7,34,"5,000",10.14,"50,700.00"
2020-12-02,2020120204002278,CMF1,29,38,200,10.34,"2,068.00"
2020-12-02,2020120204002277,CMF1,29,17,200,10.30,"2,060.00"
2020-12-02,2020120204002231,CMF1,34,17,300,10.30,"3,090.00"
2020-12-02,2020120204002207,CMF1,29,34,"12,600",10.23,"128,898.00"
2020-12-02,2020120204002168,CMF1,29,1,"2,000",10.20,"20,400.00"
2020-12-02,2020120204002167,CMF1,29,35,500,10.14,"5,070.00"
2020-12-02,2020120204002166,CMF1,29,40,"2,500",10.10,"25,250.00"
2020-12-02,2020120204002165,CMF1,42,33,"2,000",10.05,"20,100.00"
2020-12-02,2020120204002651,GIC,13,42,300,608.00,"182,400.00"
2020-12-02,2020120204002650,GIC,13,56,100,606.00,"60,600.00"
2020-12-02,2020120204002649,GIC,48,42,70,607.00,"42,490.00"
2020-12-02,2020120204002648,GIC,56,42,50,608.00,"30,400.00"
2020-12-02,2020120204002645,GIC,42,42,310,608.00,"188,480.00"
2020-12-02,2020120204002641,GIC,56,16,10,609.00,"6,090.00"
2020-12-02,2020120204002162,GIC,50,32,10,609.00,"6,090.00"
2020-12-02,2020120204002161,GIC,50,10,10,609.00,"6,090.00"
2020-12-02,2020120204002160,GIC,50,26,10,609.00,"6,090.00"
2020-12-02,2020120204002159,GIC,50,39,10,609.00,"6,090.00"
2020-12-02,2020120204002187,GIC,6,51,100,609.00,"60,900.00"
2020-12-02,2020120204002184,GIC,42,34,10,608.00,"6,080.00"
2020-12-02,2020120204002180,GIC,42,40,10,608.00,"6,080.00"
2020-12-02,2020120204002179,GIC,42,45,10,608.00,"6,080.00"
2020-12-02,2020120204002173,GIC,37,51,50,609.00,"30,450.00"
2020-12-02,2020120204002163,GIC,50,18,10,609.00,"6,090.00"
2020-12-02,2020120204002215,GIC,42,17,10,608.00,"6,080.00"
2020-12-02,2020120204002206,GIC,42,17,10,608.00,"6,080.00"
2020-12-02,2020120204002200,GIC,42,33,10,608.00,"6,080.00"
2020-12-02,2020120204002198,GIC,42,17,10,608.00,"6,080.00"
2020-12-02,2020120204002189,GIC,42,45,10,608.00,"6,080.00"
2020-12-02,2020120204002188,GIC,42,43,10,608.00,"6,080.00"
2020-12-02,2020120204002244,GIC,42,29,10,608.00,"6,080.00"
2020-12-02,2020120204002235,GIC,42,6,10,608.00,"6,080.00"
2020-12-02,2020120204002228,GIC,42,16,10,608.00,"6,080.00"
2020-12-02,2020120204002218,GIC,42,58,10,608.00,"6,080.00"
2020-12-02,2020120204002217,GIC,42,33,10,608.00,"6,080.00"
2020-12-02,2020120204002216,GIC,42,57,50,608.00,"30,400.00"
2020-12-02,2020120204002272,GIC,42,47,10,608.00,"6,080.00"
2020-12-02,2020120204002269,GIC,42,34,10,608.00,"6,080.00"
2020-12-02,2020120204002267,GIC,42,22,100,608.00,"60,800.00"
2020-12-02,2020120204002263,GIC,42,29,10,608.00,"6,080.00"
2020-12-02,2020120204002247,GIC,42,25,10,608.00,"6,080.00"
2020-12-02,2020120204002246,GIC,42,58,10,608.00,"6,080.00"
2020-12-02,2020120204002289,GIC,34,26,10,605.00,"6,050.00"
2020-12-02,2020120204002282,GIC,49,41,175,608.00,"106,400.00"
2020-12-02,2020120204002281,GIC,3,41,10,608.00,"6,080.00"
2020-12-02,2020120204002280,GIC,54,41,10,608.00,"6,080.00"
2020-12-02,2020120204002279,GIC,54,58,10,608.00,"6,080.00"
2020-12-02,2020120204002275,GIC,42,34,10,608.00,"6,080.00"
2020-12-02,2020120204002309,GIC,19,47,10,606.00,"6,060.00"
2020-12-02,2020120204002307,GIC,34,26,10,605.00,"6,050.00"
2020-12-02,2020120204002305,GIC,34,26,10,605.00,"6,050.00"
2020-12-02,2020120204002300,GIC,34,26,10,605.00,"6,050.00"
2020-12-02,2020120204002292,GIC,42,41,5,608.00,"3,040.00"
2020-12-02,2020120204002291,GIC,36,41,300,608.00,"182,400.00"
2020-12-02,2020120204002316,GIC,34,25,10,605.00,"6,050.00"
2020-12-02,2020120204002315,GIC,34,55,10,605.00,"6,050.00"
2020-12-02,2020120204002314,GIC,19,42,10,607.00,"6,070.00"
2020-12-02,2020120204002313,GIC,34,36,10,605.00,"6,050.00"
2020-12-02,2020120204002312,GIC,34,17,10,605.00,"6,050.00"
2020-12-02,2020120204002310,GIC,34,29,10,605.00,"6,050.00"
2020-12-02,2020120204002341,GIC,47,50,10,605.00,"6,050.00"
2020-12-02,2020120204002339,GIC,47,59,10,605.00,"6,050.00"
2020-12-02,2020120204002335,GIC,47,47,10,605.00,"6,050.00"
2020-12-02,2020120204002333,GIC,47,22,10,605.00,"6,050.00"
2020-12-02,2020120204002319,GIC,47,39,10,605.00,"6,050.00"
2020-12-02,2020120204002317,GIC,34,26,10,605.00,"6,050.00"
2020-12-02,2020120204002366,GIC,47,42,10,606.00,"6,060.00"
2020-12-02,2020120204002362,GIC,47,47,10,605.00,"6,050.00"
2020-12-02,2020120204002350,GIC,47,21,10,605.00,"6,050.00"
2020-12-02,2020120204002346,GIC,47,59,10,605.00,"6,050.00"
2020-12-02,2020120204002345,GIC,6,51,10,606.00,"6,060.00"
2020-12-02,2020120204002343,GIC,47,29,10,605.00,"6,050.00"
2020-12-02,2020120204002378,GIC,22,59,10,606.00,"6,060.00"
2020-12-02,2020120204002377,GIC,22,29,10,606.00,"6,060.00"
2020-12-02,2020120204002376,GIC,22,51,70,606.00,"42,420.00"
2020-12-02,2020120204002369,GIC,47,56,10,605.00,"6,050.00"
2020-12-02,2020120204002368,GIC,47,51,30,606.00,"18,180.00"
2020-12-02,2020120204002367,GIC,47,29,10,606.00,"6,060.00"
2020-12-02,2020120204002384,GIC,22,58,10,606.00,"6,060.00"
2020-12-02,2020120204002383,GIC,22,34,10,606.00,"6,060.00"
2020-12-02,2020120204002382,GIC,22,34,10,606.00,"6,060.00"
2020-12-02,2020120204002381,GIC,22,36,10,606.00,"6,060.00"
2020-12-02,2020120204002380,GIC,22,29,10,606.00,"6,060.00"
2020-12-02,2020120204002379,GIC,22,21,10,606.00,"6,060.00"
2020-12-02,2020120204002399,GIC,22,47,10,606.00,"6,060.00"
2020-12-02,2020120204002398,GIC,22,59,10,606.00,"6,060.00"
2020-12-02,2020120204002397,GIC,22,29,10,606.00,"6,060.00"
2020-12-02,2020120204002396,GIC,22,47,10,606.00,"6,060.00"
2020-12-02,2020120204002394,GIC,22,51,10,606.00,"6,060.00"
2020-12-02,2020120204002385,GIC,22,47,10,606.00,"6,060.00"
2020-12-02,2020120204002413,GIC,56,47,10,606.00,"6,060.00"
2020-12-02,2020120204002411,GIC,22,50,15,609.00,"9,135.00"
2020-12-02,2020120204002409,GIC,6,50,10,609.00,"6,090.00"
2020-12-02,2020120204002407,GIC,3,50,25,609.00,"15,225.00"
2020-12-02,2020120204002406,GIC,3,51,350,609.00,"213,150.00"
2020-12-02,2020120204002405,GIC,3,14,125,609.00,"76,125.00"
2020-12-02,2020120204002452,GIC,49,29,10,607.00,"6,070.00"
2020-12-02,2020120204002450,GIC,49,26,10,607.00,"6,070.00"
2020-12-02,2020120204002448,GIC,49,56,10,607.00,"6,070.00"
2020-12-02,2020120204002425,GIC,56,19,10,606.00,"6,060.00"
2020-12-02,2020120204002419,GIC,56,34,10,606.00,"6,060.00"
2020-12-02,2020120204002415,GIC,56,56,10,606.00,"6,060.00"
2020-12-02,2020120204002470,GIC,54,49,20,607.00,"12,140.00"
2020-12-02,2020120204002468,GIC,54,8,20,607.00,"12,140.00"
2020-12-02,2020120204002461,GIC,54,36,10,607.00,"6,070.00"
2020-12-02,2020120204002459,GIC,54,26,10,607.00,"6,070.00"
2020-12-02,2020120204002458,GIC,49,43,10,607.00,"6,070.00"
2020-12-02,2020120204002455,GIC,49,41,10,607.00,"6,070.00"
2020-12-02,2020120204002490,GIC,49,49,50,607.00,"30,350.00"
2020-12-02,2020120204002480,GIC,56,36,10,606.00,"6,060.00"
2020-12-02,2020120204002476,GIC,56,48,10,606.00,"6,060.00"
2020-12-02,2020120204002474,GIC,57,49,40,607.00,"24,280.00"
2020-12-02,2020120204002473,GIC,39,49,20,607.00,"12,140.00"
2020-12-02,2020120204002472,GIC,56,22,10,606.00,"6,060.00"
2020-12-02,2020120204002515,GIC,8,33,18,607.00,"10,926.00"
2020-12-02,2020120204002514,GIC,49,42,10,608.00,"6,080.00"
2020-12-02,2020120204002512,GIC,8,44,10,607.00,"6,070.00"
2020-12-02,2020120204002498,GIC,8,49,170,607.00,"103,190.00"
2020-12-02,2020120204002495,GIC,41,49,100,607.00,"60,700.00"
2020-12-02,2020120204002491,GIC,39,49,200,607.00,"121,400.00"
2020-12-02,2020120204002552,GIC,35,34,10,606.00,"6,060.00"
2020-12-02,2020120204002551,GIC,35,41,10,606.00,"6,060.00"
2020-12-02,2020120204002550,GIC,35,49,130,606.00,"78,780.00"
2020-12-02,2020120204002549,GIC,35,10,10,606.00,"6,060.00"
2020-12-02,2020120204002534,GIC,48,49,50,606.00,"30,300.00"
2020-12-02,2020120204002533,GIC,56,49,40,606.00,"24,240.00"
2020-12-02,2020120204002571,GIC,33,55,10,607.00,"6,070.00"
2020-12-02,2020120204002564,GIC,57,34,70,608.00,"42,560.00"
2020-12-02,2020120204002563,GIC,57,14,10,608.00,"6,080.00"
2020-12-02,2020120204002562,GIC,57,42,20,608.00,"12,160.00"
2020-12-02,2020120204002555,GIC,28,58,10,606.00,"6,060.00"
2020-12-02,2020120204002554,GIC,28,40,10,606.00,"6,060.00"
2020-12-02,2020120204002602,GIC,10,43,480,608.00,"291,840.00"
2020-12-02,2020120204002601,GIC,10,1,10,608.00,"6,080.00"
2020-12-02,2020120204002590,GIC,10,34,170,608.00,"103,360.00"
2020-12-02,2020120204002589,GIC,49,34,400,608.00,"243,200.00"
2020-12-02,2020120204002584,GIC,33,25,10,607.00,"6,070.00"
2020-12-02,2020120204002572,GIC,39,34,200,608.00,"121,600.00"
2020-12-02,2020120204002622,GIC,25,42,300,607.00,"182,100.00"
2020-12-02,2020120204002617,GIC,22,42,200,607.00,"121,400.00"
2020-12-02,2020120204002611,GIC,22,42,200,607.00,"121,400.00"
2020-12-02,2020120204002610,GIC,33,42,80,607.00,"48,560.00"
2020-12-02,2020120204002609,GIC,56,42,100,608.00,"60,800.00"
2020-12-02,2020120204002608,GIC,10,42,40,608.00,"24,320.00"
2020-12-02,2020120204002630,GIC,33,42,100,607.00,"60,700.00"
2020-12-02,2020120204002627,GIC,57,42,90,606.00,"54,540.00"
2020-12-02,2020120204002626,GIC,57,42,500,606.00,"303,000.00"
2020-12-02,2020120204002625,GIC,35,42,410,607.00,"248,870.00"
2020-12-02,2020120204002624,GIC,35,14,10,607.00,"6,070.00"
2020-12-02,2020120204002623,GIC,35,42,80,607.00,"48,560.00"
2020-12-02,2020120204002640,GIC,56,39,10,609.00,"6,090.00"
2020-12-02,2020120204002639,GIC,56,22,10,609.00,"6,090.00"
2020-12-02,2020120204002638,GIC,56,42,10,608.00,"6,080.00"
2020-12-02,2020120204002637,GIC,56,4,10,606.00,"6,060.00"
2020-12-02,2020120204002634,GIC,57,42,100,606.00,"60,600.00"
2020-12-02,2020120204002631,GIC,57,42,310,606.00,"187,860.00"
2020-12-02,2020120204002592,GIMES1,7,10,"3,000",11.48,"34,440.00"
2020-12-02,2020120204002575,GIMES1,7,6,"5,000",11.70,"58,500.00"
2020-12-02,2020120204002574,GIMES1,7,37,500,11.69,"5,845.00"
2020-12-02,2020120204002556,GIMES1,7,10,"2,000",11.48,"22,960.00"
2020-12-02,2020120204002330,GIMES1,7,34,"20,000",11.67,"233,400.00"
2020-12-02,2020120204002329,GIMES1,7,45,"2,845",11.64,"33,115.80"
2020-12-02,2020120204002290,GIMES1,35,49,"1,000",11.59,"11,590.00"
2020-12-02,2020120204002171,GIMES1,7,49,"1,500",11.55,"17,325.00"
2020-12-02,2020120204002170,GIMES1,7,43,"4,747",11.54,"54,780.38"
2020-12-02,2020120204002328,GIMES1,7,42,"5,000",11.64,"58,200.00"
2020-12-02,2020120204002327,GIMES1,7,25,"2,845",11.64,"33,115.80"
2020-12-02,2020120204002326,GIMES1,7,17,"1,000",11.63,"11,630.00"
2020-12-02,2020120204002325,GIMES1,7,55,"4,747",11.63,"55,207.61"
2020-12-02,2020120204002324,GIMES1,7,51,"5,000",11.60,"58,000.00"
2020-12-02,2020120204002323,GIMES1,7,53,"1,000",11.58,"11,580.00"
2020-12-02,2020120204002494,LEMF,17,50,"2,000",9.87,"19,740.00"
2020-12-02,2020120204002435,LUK,6,50,500,9.74,"4,870.00"
2020-12-02,2020120204002434,LUK,6,4,"1,200",9.72,"11,664.00"
2020-12-02,2020120204002433,LUK,6,48,100,9.71,971.00
2020-12-02,2020120204002347,LUK,22,34,500,9.65,"4,825.00"
2020-12-02,2020120204002318,LUK,34,58,"2,000",9.62,"19,240.00"
2020-12-02,2020120204002230,LUK,58,45,500,9.68,"4,840.00"
2020-12-02,2020120204002523,NBF2,13,58,100,10.05,"1,005.00"
2020-12-02,2020120204002439,NBF2,13,41,100,10.09,"1,009.00"
2020-12-02,2020120204002438,NBF2,13,6,"15,900",10.09,"160,431.00"
2020-12-02,2020120204002437,NBF2,13,49,"1,000",10.05,"10,050.00"
2020-12-02,2020120204002436,NBF2,13,21,500,10.00,"5,000.00"
2020-12-02,2020120204002401,NBF2,13,8,100,10.05,"1,005.00"
2020-12-02,2020120204002302,NBF2,13,34,200,10.05,"2,010.00"
2020-12-02,2020120204002273,NBF2,13,6,"6,000",10.09,"60,540.00"
2020-12-02,2020120204002176,NBF2,13,13,"1,000",10.09,"10,090.00"
2020-12-02,2020120204002467,NEF,29,52,"3,176",10.12,"32,141.12"
2020-12-02,2020120204002466,NEF,29,58,800,10.12,"8,096.00"
2020-12-02,2020120204002465,NEF,29,34,"1,024",10.10,"10,342.40"
2020-12-02,2020120204002393,NEF,42,29,"5,632",10.00,"56,320.00"
2020-12-02,2020120204002365,NEF,42,51,"2,414",10.00,"24,140.00"
2020-12-02,2020120204002283,NEF,42,4,"1,127",10.00,"11,270.00"
2020-12-02,2020120204002243,NEF,29,45,"1,427",10.13,"14,455.51"
2020-12-02,2020120204002242,NEF,29,28,"3,366",10.13,"34,097.58"
2020-12-02,2020120204002241,NEF,29,33,"1,207",10.13,"12,226.91"
2020-12-02,2020120204002522,NIBD2082,6,51,25,"1,070.00","26,750.00"
2020-12-02,2020120204002522,NIBD2082,6,51,25,"1,070.00","26,750.00"
2020-12-02,2020120204002598,NIBLPF,20,49,841,10.20,"8,578.20"
2020-12-02,2020120204002597,NIBLPF,20,45,"1,010",10.20,"10,302.00"
2020-12-02,2020120204002596,NIBLPF,20,17,"3,149",10.20,"32,119.80"
2020-12-02,2020120204002573,NIBLPF,20,34,"4,799",10.19,"48,901.81"
2020-12-02,2020120204002538,NIBLPF,34,49,"2,525",10.18,"25,704.50"
2020-12-02,2020120204002506,NIBLPF,42,58,"3,000",10.16,"30,480.00"
2020-12-02,2020120204002417,NIBLPF,42,22,505,10.16,"5,130.80"
2020-12-02,2020120204002271,NIBLPF,42,42,961,10.16,"9,763.76"
2020-12-02,2020120204002600,NIBPO,49,52,618,432.00,"266,976.00"
2020-12-02,2020120204002599,NIBPO,49,11,500,432.00,"216,000.00"
2020-12-02,2020120204002511,NIBPO,54,4,709,440.00,"311,960.00"
2020-12-02,2020120204002510,NIBPO,54,55,"1,000",439.00,"439,000.00"
2020-12-02,2020120204002509,NIBPO,54,55,"1,000",439.00,"439,000.00"
2020-12-02,2020120204002508,NIBPO,54,32,"1,000",439.00,"439,000.00"
2020-12-02,2020120204002194,NIBPO,28,58,"4,772",436.00,"2,080,592.00"
2020-12-02,2020120204002192,NIBPO,57,8,500,437.00,"218,500.00"
2020-12-02,2020120204002182,NIBPO,57,28,500,437.00,"218,500.00"
2020-12-02,2020120204002351,NIBPO,8,16,167,431.00,"71,977.00"
2020-12-02,2020120204002340,NIBPO,28,16,"3,854",435.00,"1,676,490.00"
2020-12-02,2020120204002262,NIBPO,28,32,146,435.00,"63,510.00"
2020-12-02,2020120204002261,NIBPO,45,32,34,435.00,"14,790.00"
2020-12-02,2020120204002260,NIBPO,28,32,820,435.00,"356,700.00"
2020-12-02,2020120204002195,NIBPO,42,58,"1,188",436.00,"517,968.00"
2020-12-02,2020120204002507,NIBPO,54,58,"1,040",438.00,"455,520.00"
2020-12-02,2020120204002358,NIBPO,54,49,100,438.00,"43,800.00"
2020-12-02,2020120204002357,NIBPO,54,47,107,438.00,"46,866.00"
2020-12-02,2020120204002356,NIBPO,54,58,846,438.00,"370,548.00"
2020-12-02,2020120204002355,NIBPO,54,8,11,437.00,"4,807.00"
2020-12-02,2020120204002354,NIBPO,54,49,403,435.00,"175,305.00"
2020-12-02,2020120204002259,NIBSF1,26,14,"39,556",11.13,"440,258.28"
2020-12-02,2020120204002521,NICBF,1,35,150,10.00,"1,500.00"
2020-12-02,2020120204002520,NICBF,34,35,500,10.00,"5,000.00"
2020-12-02,2020120204002519,NICBF,13,35,550,10.00,"5,500.00"
2020-12-02,2020120204002518,NICBF,42,35,600,10.03,"6,018.00"
2020-12-02,2020120204002513,NICBF,42,35,"1,400",10.03,"14,042.00"
2020-12-02,2020120204002352,NICBF,17,34,"10,000",10.23,"102,300.00"
2020-12-02,2020120204002299,NICBF,17,42,100,10.19,"1,019.00"
2020-12-02,2020120204002268,NICBF,17,41,200,10.15,"2,030.00"
2020-12-02,2020120204002245,NICBF,17,45,"1,800",10.15,"18,270.00"
2020-12-02,2020120204002186,NICBF,34,45,"5,000",10.15,"50,750.00"
2020-12-02,2020120204002181,NICBF,13,13,"1,000",10.00,"10,000.00"
2020-12-02,2020120204002441,NICGF,13,6,"1,000",10.40,"10,400.00"
2020-12-02,2020120204002440,NICGF,13,3,500,10.39,"5,195.00"
2020-12-02,2020120204002423,NICGF,17,52,"1,000",10.35,"10,350.00"
2020-12-02,2020120204002285,NICGF,17,19,"2,000",10.35,"20,700.00"
2020-12-02,2020120204002172,NICGF,17,33,"2,000",10.35,"20,700.00"
2020-12-02,2020120204002614,NMB50,42,4,"75,000",10.00,"750,000.00"
2020-12-02,2020120204002613,NMB50,42,4,"25,000",10.00,"250,000.00"
2020-12-02,2020120204002607,NMB50,42,4,"75,000",10.00,"750,000.00"
2020-12-02,2020120204002606,NMB50,35,4,"5,000",10.00,"50,000.00"
2020-12-02,2020120204002605,NMB50,34,4,"20,000",10.01,"200,200.00"
2020-12-02,2020120204002464,NMB50,16,4,"3,000",10.10,"30,300.00"
2020-12-02,2020120204002463,NMB50,16,4,"3,000",10.10,"30,300.00"
2020-12-02,2020120204002462,NMB50,6,4,800,10.10,"8,080.00"
2020-12-02,2020120204002287,NMB50,6,41,100,10.10,"1,010.00"
2020-12-02,2020120204002191,NMB50,6,13,"1,000",10.10,"10,100.00"
2020-12-02,2020120204002442,NMBHF1,17,34,577,10.08,"5,816.16"
2020-12-02,2020120204002395,NMBHF1,39,29,"4,732",10.07,"47,651.24"
2020-12-02,2020120204002647,RBCLPO,33,41,10,"15,606.00","156,060.00"
2020-12-02,2020120204002628,RBCLPO,42,32,10,"15,300.00","153,000.00"
2020-12-02,2020120204002621,RBCLPO,59,16,25,"15,050.00","376,250.00"
2020-12-02,2020120204002618,RBCLPO,59,41,10,"15,050.00","150,500.00"
2020-12-02,2020120204002604,RBCLPO,59,16,10,"15,050.00","150,500.00"
2020-12-02,2020120204002603,RBCLPO,49,16,10,"15,051.00","150,510.00"
2020-12-02,2020120204002446,RBCLPO,16,19,20,"15,080.00","301,600.00"
2020-12-02,2020120204002445,RBCLPO,56,32,50,"15,100.00","755,000.00"
2020-12-02,2020120204002444,RBCLPO,16,32,20,"15,100.00","302,000.00"
2020-12-02,2020120204002443,RBCLPO,55,32,10,"15,110.00","151,100.00"
2020-12-02,2020120204002337,RBCLPO,49,19,10,"15,386.00","153,860.00"
2020-12-02,2020120204002594,SAEF,6,42,500,11.01,"5,505.00"
2020-12-02,2020120204002360,SAEF,47,49,"1,000",11.00,"11,000.00"
2020-12-02,2020120204002359,SAEF,47,47,"1,000",11.00,"11,000.00"
2020-12-02,2020120204002274,SAEF,47,10,"1,500",11.00,"16,500.00"
2020-12-02,2020120204002257,SAEF,47,34,"8,200",11.00,"90,200.00"
2020-12-02,2020120204002256,SAEF,56,34,"6,000",11.01,"66,060.00"
2020-12-02,2020120204002249,SAEF,6,34,"5,000",11.13,"55,650.00"
2020-12-02,2020120204002248,SAEF,56,34,"9,900",11.13,"110,187.00"
2020-12-02,2020120204002190,SAEF,56,42,100,11.13,"1,113.00"
2020-12-02,2020120204002255,SAEF,13,34,"10,500",11.05,"116,025.00"
2020-12-02,2020120204002254,SAEF,42,34,"200,000",11.11,"2,222,000.00"
2020-12-02,2020120204002253,SAEF,11,34,"4,500",11.12,"50,040.00"
2020-12-02,2020120204002252,SAEF,6,34,"10,000",11.13,"111,300.00"
2020-12-02,2020120204002251,SAEF,6,34,"10,000",11.13,"111,300.00"
2020-12-02,2020120204002250,SAEF,6,34,"10,000",11.13,"111,300.00"
2020-12-02,2020120204002593,SEF,6,28,"2,000",10.40,"20,800.00"
2020-12-02,2020120204002588,SEF,6,42,100,10.40,"1,040.00"
2020-12-02,2020120204002493,SEF,6,26,800,10.40,"8,320.00"
2020-12-02,2020120204002453,SEF,6,59,"2,000",10.40,"20,800.00"
2020-12-02,2020120204002447,SEF,17,33,"1,000",10.40,"10,400.00"
2020-12-02,2020120204002412,SEF,17,28,"7,000",10.40,"72,800.00"
2020-12-02,2020120204002363,SEF,17,32,"8,000",10.40,"83,200.00"
2020-12-02,2020120204002353,SEF,17,6,"1,000",10.40,"10,400.00"
2020-12-02,2020120204002270,SEF,17,10,"3,000",10.40,"31,200.00"
2020-12-02,2020120204002475,SFMF,17,45,500,10.00,"5,000.00"
2020-12-02,2020120204002657,SGI,50,49,10,627.00,"6,270.00"
2020-12-02,2020120204002656,SGI,50,57,10,627.00,"6,270.00"
2020-12-02,2020120204002655,SGI,32,57,40,627.00,"25,080.00"
2020-12-02,2020120204002652,SGI,32,26,10,627.00,"6,270.00"
2020-12-02,2020120204002646,SGI,32,14,10,627.00,"6,270.00"
2020-12-02,2020120204002642,SGI,32,36,10,627.00,"6,270.00"
2020-12-02,2020120204002177,SGI,28,34,10,626.00,"6,260.00"
2020-12-02,2020120204002175,SGI,28,56,10,626.00,"6,260.00"
2020-12-02,2020120204002174,SGI,28,38,10,626.00,"6,260.00"
2020-12-02,2020120204002169,SGI,34,33,10,626.00,"6,260.00"
2020-12-02,2020120204002164,SGI,34,37,10,626.00,"6,260.00"
2020-12-02,2020120204002158,SGI,34,38,10,626.00,"6,260.00"
2020-12-02,2020120204002202,SGI,38,41,10,627.00,"6,270.00"
2020-12-02,2020120204002201,SGI,38,36,10,627.00,"6,270.00"
2020-12-02,2020120204002199,SGI,28,17,10,626.00,"6,260.00"
2020-12-02,2020120204002196,SGI,28,43,10,626.00,"6,260.00"
2020-12-02,2020120204002193,SGI,28,55,10,626.00,"6,260.00"
2020-12-02,2020120204002185,SGI,28,10,10,626.00,"6,260.00"
2020-12-02,2020120204002210,SGI,50,17,10,628.00,"6,280.00"
2020-12-02,2020120204002209,SGI,50,18,10,628.00,"6,280.00"
2020-12-02,2020120204002208,SGI,28,17,10,626.00,"6,260.00"
2020-12-02,2020120204002205,SGI,38,42,10,627.00,"6,270.00"
2020-12-02,2020120204002204,SGI,38,53,10,627.00,"6,270.00"
2020-12-02,2020120204002203,SGI,38,11,10,627.00,"6,270.00"
2020-12-02,2020120204002220,SGI,50,51,10,627.00,"6,270.00"
2020-12-02,2020120204002219,SGI,50,58,10,627.00,"6,270.00"
2020-12-02,2020120204002214,SGI,28,7,10,626.00,"6,260.00"
2020-12-02,2020120204002213,SGI,50,40,10,628.00,"6,280.00"
2020-12-02,2020120204002212,SGI,50,22,10,628.00,"6,280.00"
2020-12-02,2020120204002211,SGI,50,17,10,628.00,"6,280.00"
2020-12-02,2020120204002226,SGI,50,56,10,629.00,"6,290.00"
2020-12-02,2020120204002225,SGI,50,34,10,629.00,"6,290.00"
2020-12-02,2020120204002224,SGI,50,41,10,629.00,"6,290.00"
2020-12-02,2020120204002223,SGI,50,49,10,629.00,"6,290.00"
2020-12-02,2020120204002222,SGI,50,58,10,628.00,"6,280.00"
2020-12-02,2020120204002221,SGI,50,40,10,628.00,"6,280.00"
2020-12-02,2020120204002237,SGI,28,56,10,626.00,"6,260.00"
2020-12-02,2020120204002236,SGI,28,32,10,626.00,"6,260.00"
2020-12-02,2020120204002234,SGI,28,14,10,626.00,"6,260.00"
2020-12-02,2020120204002233,SGI,28,32,10,626.00,"6,260.00"
2020-12-02,2020120204002229,SGI,28,14,10,626.00,"6,260.00"
2020-12-02,2020120204002227,SGI,50,35,120,629.00,"75,480.00"
2020-12-02,2020120204002284,SGI,28,38,10,626.00,"6,260.00"
2020-12-02,2020120204002276,SGI,28,34,10,626.00,"6,260.00"
2020-12-02,2020120204002266,SGI,28,21,10,626.00,"6,260.00"
2020-12-02,2020120204002265,SGI,28,47,10,626.00,"6,260.00"
2020-12-02,2020120204002264,SGI,28,34,10,626.00,"6,260.00"
2020-12-02,2020120204002239,SGI,28,26,10,626.00,"6,260.00"
2020-12-02,2020120204002296,SGI,58,53,10,629.00,"6,290.00"
2020-12-02,2020120204002295,SGI,58,35,70,629.00,"44,030.00"
2020-12-02,2020120204002294,SGI,50,39,10,626.00,"6,260.00"
2020-12-02,2020120204002293,SGI,50,14,10,626.00,"6,260.00"
2020-12-02,2020120204002288,SGI,50,42,10,626.00,"6,260.00"
2020-12-02,2020120204002286,SGI,50,14,10,626.00,"6,260.00"
2020-12-02,2020120204002306,SGI,50,21,10,626.00,"6,260.00"
2020-12-02,2020120204002304,SGI,50,42,10,626.00,"6,260.00"
2020-12-02,2020120204002303,SGI,5,32,100,627.00,"62,700.00"
2020-12-02,2020120204002301,SGI,50,39,10,626.00,"6,260.00"
2020-12-02,2020120204002298,SGI,50,14,10,626.00,"6,260.00"
2020-12-02,2020120204002297,SGI,58,51,16,629.00,"10,064.00"
2020-12-02,2020120204002331,SGI,50,22,10,626.00,"6,260.00"
2020-12-02,2020120204002322,SGI,50,54,10,626.00,"6,260.00"
2020-12-02,2020120204002321,SGI,50,14,10,626.00,"6,260.00"
2020-12-02,2020120204002320,SGI,50,47,10,626.00,"6,260.00"
2020-12-02,2020120204002311,SGI,50,14,10,626.00,"6,260.00"
2020-12-02,2020120204002308,SGI,50,38,10,626.00,"6,260.00"
2020-12-02,2020120204002344,SGI,50,21,10,626.00,"6,260.00"
2020-12-02,2020120204002342,SGI,50,21,10,626.00,"6,260.00"
2020-12-02,2020120204002338,SGI,50,26,10,626.00,"6,260.00"
2020-12-02,2020120204002336,SGI,50,21,10,626.00,"6,260.00"
2020-12-02,2020120204002334,SGI,50,33,10,626.00,"6,260.00"
2020-12-02,2020120204002332,SGI,50,14,10,626.00,"6,260.00"
2020-12-02,2020120204002373,SGI,47,21,10,626.00,"6,260.00"
2020-12-02,2020120204002372,SGI,47,59,10,626.00,"6,260.00"
2020-12-02,2020120204002371,SGI,47,21,10,626.00,"6,260.00"
2020-12-02,2020120204002370,SGI,51,47,10,625.00,"6,250.00"
2020-12-02,2020120204002364,SGI,51,56,10,625.00,"6,250.00"
2020-12-02,2020120204002361,SGI,51,56,10,625.00,"6,250.00"
2020-12-02,2020120204002400,SGI,51,47,10,625.00,"6,250.00"
2020-12-02,2020120204002392,SGI,6,59,10,626.00,"6,260.00"
2020-12-02,2020120204002391,SGI,6,45,10,626.00,"6,260.00"
2020-12-02,2020120204002390,SGI,6,29,10,626.00,"6,260.00"
2020-12-02,2020120204002375,SGI,47,59,10,626.00,"6,260.00"
2020-12-02,2020120204002374,SGI,47,21,10,626.00,"6,260.00"
2020-12-02,2020120204002418,SGI,13,36,10,626.00,"6,260.00"
2020-12-02,2020120204002416,SGI,58,37,10,625.00,"6,250.00"
2020-12-02,2020120204002410,SGI,58,21,10,627.00,"6,270.00"
2020-12-02,2020120204002408,SGI,58,59,10,626.00,"6,260.00"
2020-12-02,2020120204002404,SGI,54,41,10,626.00,"6,260.00"
2020-12-02,2020120204002403,SGI,54,48,10,626.00,"6,260.00"
2020-12-02,2020120204002428,SGI,13,56,10,628.00,"6,280.00"
2020-12-02,2020120204002427,SGI,13,56,10,628.00,"6,280.00"
2020-12-02,2020120204002426,SGI,13,56,10,628.00,"6,280.00"
2020-12-02,2020120204002424,SGI,39,47,10,626.00,"6,260.00"
2020-12-02,2020120204002422,SGI,39,36,10,626.00,"6,260.00"
2020-12-02,2020120204002420,SGI,58,37,10,625.00,"6,250.00"
2020-12-02,2020120204002456,SGI,39,14,10,626.00,"6,260.00"
2020-12-02,2020120204002454,SGI,39,14,10,626.00,"6,260.00"
2020-12-02,2020120204002432,SGI,58,51,10,629.00,"6,290.00"
2020-12-02,2020120204002431,SGI,13,56,10,628.00,"6,280.00"
2020-12-02,2020120204002430,SGI,13,56,10,628.00,"6,280.00"
2020-12-02,2020120204002429,SGI,13,56,10,628.00,"6,280.00"
2020-12-02,2020120204002482,SGI,43,17,10,628.00,"6,280.00"
2020-12-02,2020120204002478,SGI,43,17,10,628.00,"6,280.00"
2020-12-02,2020120204002471,SGI,43,14,10,628.00,"6,280.00"
2020-12-02,2020120204002469,SGI,43,36,10,628.00,"6,280.00"
2020-12-02,2020120204002460,SGI,39,14,10,626.00,"6,260.00"
2020-12-02,2020120204002457,SGI,39,38,10,626.00,"6,260.00"
2020-12-02,2020120204002505,SGI,43,17,10,628.00,"6,280.00"
2020-12-02,2020120204002504,SGI,43,48,10,628.00,"6,280.00"
2020-12-02,2020120204002501,SGI,43,38,10,628.00,"6,280.00"
2020-12-02,2020120204002500,SGI,43,17,10,628.00,"6,280.00"
2020-12-02,2020120204002487,SGI,43,17,10,628.00,"6,280.00"
2020-12-02,2020120204002483,SGI,43,16,10,628.00,"6,280.00"
2020-12-02,2020120204002531,SGI,39,39,10,626.00,"6,260.00"
2020-12-02,2020120204002530,SGI,39,34,10,626.00,"6,260.00"
2020-12-02,2020120204002529,SGI,39,1,10,626.00,"6,260.00"
2020-12-02,2020120204002527,SGI,39,17,10,626.00,"6,260.00"
2020-12-02,2020120204002525,SGI,39,8,10,626.00,"6,260.00"
2020-12-02,2020120204002524,SGI,39,37,10,626.00,"6,260.00"
2020-12-02,2020120204002540,SGI,14,58,10,628.00,"6,280.00"
2020-12-02,2020120204002539,SGI,39,47,10,626.00,"6,260.00"
2020-12-02,2020120204002537,SGI,39,47,10,626.00,"6,260.00"
2020-12-02,2020120204002536,SGI,39,42,10,626.00,"6,260.00"
2020-12-02,2020120204002535,SGI,39,17,10,626.00,"6,260.00"
2020-12-02,2020120204002532,SGI,39,42,10,626.00,"6,260.00"
2020-12-02,2020120204002546,SGI,57,47,10,628.00,"6,280.00"
2020-12-02,2020120204002545,SGI,57,22,10,628.00,"6,280.00"
2020-12-02,2020120204002544,SGI,57,47,10,628.00,"6,280.00"
2020-12-02,2020120204002543,SGI,57,47,10,628.00,"6,280.00"
2020-12-02,2020120204002542,SGI,14,47,10,628.00,"6,280.00"
2020-12-02,2020120204002541,SGI,14,18,50,628.00,"31,400.00"
2020-12-02,2020120204002559,SGI,57,47,10,628.00,"6,280.00"
2020-12-02,2020120204002558,SGI,57,42,10,628.00,"6,280.00"
2020-12-02,2020120204002557,SGI,57,47,10,628.00,"6,280.00"
2020-12-02,2020120204002553,SGI,57,42,10,628.00,"6,280.00"
2020-12-02,2020120204002548,SGI,57,41,10,628.00,"6,280.00"
2020-12-02,2020120204002547,SGI,57,40,10,628.00,"6,280.00"
2020-12-02,2020120204002568,SGI,17,25,10,628.00,"6,280.00"
2020-12-02,2020120204002567,SGI,41,17,10,626.00,"6,260.00"
2020-12-02,2020120204002566,SGI,28,41,10,626.00,"6,260.00"
2020-12-02,2020120204002565,SGI,39,42,10,626.00,"6,260.00"
2020-12-02,2020120204002561,SGI,39,17,10,626.00,"6,260.00"
2020-12-02,2020120204002560,SGI,39,58,10,626.00,"6,260.00"
2020-12-02,2020120204002579,SGI,57,58,10,629.00,"6,290.00"
2020-12-02,2020120204002578,SGI,57,34,60,629.00,"37,740.00"
2020-12-02,2020120204002577,SGI,57,51,24,629.00,"15,096.00"
2020-12-02,2020120204002576,SGI,17,42,10,628.00,"6,280.00"
2020-12-02,2020120204002570,SGI,17,47,10,628.00,"6,280.00"
2020-12-02,2020120204002569,SGI,17,47,10,628.00,"6,280.00"
2020-12-02,2020120204002595,SGI,50,34,10,627.00,"6,270.00"
2020-12-02,2020120204002591,SGI,50,56,50,627.00,"31,350.00"
2020-12-02,2020120204002583,SGI,17,53,200,628.00,"125,600.00"
2020-12-02,2020120204002582,SGI,17,17,10,628.00,"6,280.00"
2020-12-02,2020120204002581,SGI,57,35,396,629.00,"249,084.00"
2020-12-02,2020120204002580,SGI,57,38,10,629.00,"6,290.00"
2020-12-02,2020120204002635,SGI,32,36,10,627.00,"6,270.00"
2020-12-02,2020120204002633,SGI,32,42,10,627.00,"6,270.00"
2020-12-02,2020120204002632,SGI,32,3,10,627.00,"6,270.00"
2020-12-02,2020120204002619,SGI,41,49,10,626.00,"6,260.00"
2020-12-02,2020120204002616,SGI,41,28,10,626.00,"6,260.00"
2020-12-02,2020120204002612,SGI,41,38,10,626.00,"6,260.00"
2020-12-02,2020120204002402,SRBLD83,43,45,50,"1,045.00","52,250.00"
2020-12-02,2020120204002258,SRBLD83,19,49,20,"1,040.00","20,800.00"
2020-12-02,2020120204002636,STC,5,48,10,"6,125.00","61,250.00"
2020-12-02,2020120204002587,STC,34,10,10,"6,100.00","61,000.00"
2020-12-02,2020120204002586,STC,47,10,20,"6,101.00","122,020.00"
2020-12-02,2020120204002585,STC,10,10,15,"6,120.00","91,800.00"
2020-12-02,2020120204002389,STC,25,10,10,"6,198.00","61,980.00"
2020-12-02,2020120204002388,STC,33,10,20,"6,198.00","123,960.00"
2020-12-02,2020120204002387,STC,45,10,10,"6,199.00","61,990.00"
2020-12-02,2020120204002386,STC,41,10,10,"6,200.00","62,000.00"
2020-12-02,2020120204002240,STC,33,59,480,"6,198.00","2,975,040.00"
2020-12-02,2020120204002238,STC,28,59,20,"6,250.00","125,000.00"
2020-12-02,2020120204001983,BBC,55,33,20,"3,230.00","64,600.00"
2020-12-02,2020120204001949,BBC,21,43,208,"3,225.00","670,800.00"
2020-12-02,2020120204001869,CMF1,43,11,"1,000",10.03,"10,030.00"
2020-12-02,2020120204001757,CMF1,43,39,100,10.03,"1,003.00"
2020-12-02,2020120204001755,CMF1,43,6,"10,000",10.03,"100,300.00"
2020-12-02,2020120204002157,GIC,50,42,10,609.00,"6,090.00"
2020-12-02,2020120204002155,GIC,50,41,10,609.00,"6,090.00"
2020-12-02,2020120204002154,GIC,50,32,10,608.00,"6,080.00"
2020-12-02,2020120204002153,GIC,50,28,10,608.00,"6,080.00"
2020-12-02,2020120204002152,GIC,50,52,10,608.00,"6,080.00"
2020-12-02,2020120204002151,GIC,50,49,20,608.00,"12,160.00"
2020-12-02,2020120204001679,GIC,57,14,100,609.00,"60,900.00"
2020-12-02,2020120204001678,GIC,38,16,10,608.00,"6,080.00"
2020-12-02,2020120204001666,GIC,38,5,10,608.00,"6,080.00"
2020-12-02,2020120204001664,GIC,38,25,10,608.00,"6,080.00"
2020-12-02,2020120204001663,GIC,38,49,30,607.00,"18,210.00"
2020-12-02,2020120204001659,GIC,58,58,10,606.00,"6,060.00"
2020-12-02,2020120204001707,GIC,8,49,15,609.00,"9,135.00"
2020-12-02,2020120204001706,GIC,38,41,10,608.00,"6,080.00"
2020-12-02,2020120204001694,GIC,38,48,10,608.00,"6,080.00"
2020-12-02,2020120204001693,GIC,44,49,80,609.00,"48,720.00"
2020-12-02,2020120204001692,GIC,44,56,10,609.00,"6,090.00"
2020-12-02,2020120204001691,GIC,44,36,10,609.00,"6,090.00"
2020-12-02,2020120204001723,GIC,38,43,10,608.00,"6,080.00"
2020-12-02,2020120204001721,GIC,38,45,11,608.00,"6,688.00"
2020-12-02,2020120204001718,GIC,59,58,10,609.00,"6,090.00"
2020-12-02,2020120204001717,GIC,59,34,10,609.00,"6,090.00"
2020-12-02,2020120204001716,GIC,59,49,100,609.00,"60,900.00"
2020-12-02,2020120204001712,GIC,38,26,10,608.00,"6,080.00"
2020-12-02,2020120204001761,GIC,42,49,10,609.00,"6,090.00"
2020-12-02,2020120204001758,GIC,42,54,10,609.00,"6,090.00"
2020-12-02,2020120204001756,GIC,42,57,10,609.00,"6,090.00"
2020-12-02,2020120204001752,GIC,42,26,10,609.00,"6,090.00"
2020-12-02,2020120204001741,GIC,22,41,20,609.00,"12,180.00"
2020-12-02,2020120204001732,GIC,38,48,10,608.00,"6,080.00"
2020-12-02,2020120204001773,GIC,56,6,50,610.00,"30,500.00"
2020-12-02,2020120204001772,GIC,56,58,10,610.00,"6,100.00"
2020-12-02,2020120204001771,GIC,56,41,100,610.00,"61,000.00"
2020-12-02,2020120204001769,GIC,22,13,10,610.00,"6,100.00"
2020-12-02,2020120204001768,GIC,22,55,10,610.00,"6,100.00"
2020-12-02,2020120204001767,GIC,42,47,10,609.00,"6,090.00"
2020-12-02,2020120204001779,GIC,56,41,10,610.00,"6,100.00"
2020-12-02,2020120204001778,GIC,56,47,10,610.00,"6,100.00"
2020-12-02,2020120204001777,GIC,56,47,10,610.00,"6,100.00"
2020-12-02,2020120204001776,GIC,56,22,10,610.00,"6,100.00"
2020-12-02,2020120204001775,GIC,56,45,10,610.00,"6,100.00"
2020-12-02,2020120204001774,GIC,56,45,10,610.00,"6,100.00"
2020-12-02,2020120204001788,GIC,35,44,240,610.00,"146,400.00"
2020-12-02,2020120204001787,GIC,42,29,10,609.00,"6,090.00"
2020-12-02,2020120204001783,GIC,42,50,10,609.00,"6,090.00"
2020-12-02,2020120204001782,GIC,56,44,260,610.00,"158,600.00"
2020-12-02,2020120204001781,GIC,56,34,10,610.00,"6,100.00"
2020-12-02,2020120204001780,GIC,56,6,10,610.00,"6,100.00"
2020-12-02,2020120204001794,GIC,35,49,55,610.00,"33,550.00"
2020-12-02,2020120204001793,GIC,35,38,10,610.00,"6,100.00"
2020-12-02,2020120204001792,GIC,35,29,10,610.00,"6,100.00"
2020-12-02,2020120204001791,GIC,35,34,10,610.00,"6,100.00"
2020-12-02,2020120204001790,GIC,35,34,90,610.00,"54,900.00"
2020-12-02,2020120204001789,GIC,35,42,10,610.00,"6,100.00"
2020-12-02,2020120204001800,GIC,35,6,330,610.00,"201,300.00"
2020-12-02,2020120204001799,GIC,35,42,10,610.00,"6,100.00"
2020-12-02,2020120204001798,GIC,35,4,10,610.00,"6,100.00"
2020-12-02,2020120204001797,GIC,35,22,10,610.00,"6,100.00"
2020-12-02,2020120204001796,GIC,35,45,205,610.00,"125,050.00"
2020-12-02,2020120204001795,GIC,35,57,10,610.00,"6,100.00"
2020-12-02,2020120204001813,GIC,1,6,110,610.00,"67,100.00"
2020-12-02,2020120204001812,GIC,1,6,170,610.00,"103,700.00"
2020-12-02,2020120204001811,GIC,22,16,10,609.00,"6,090.00"
2020-12-02,2020120204001809,GIC,22,59,110,609.00,"66,990.00"
2020-12-02,2020120204001808,GIC,36,59,90,609.00,"54,810.00"
2020-12-02,2020120204001804,GIC,36,38,10,609.00,"6,090.00"
2020-12-02,2020120204001826,GIC,22,16,10,609.00,"6,090.00"
2020-12-02,2020120204001824,GIC,22,14,10,609.00,"6,090.00"
2020-12-02,2020120204001823,GIC,22,47,10,609.00,"6,090.00"
2020-12-02,2020120204001822,GIC,22,16,10,609.00,"6,090.00"
2020-12-02,2020120204001815,GIC,1,11,10,610.00,"6,100.00"
2020-12-02,2020120204001814,GIC,1,3,10,610.00,"6,100.00"
2020-12-02,2020120204001843,GIC,38,16,10,608.00,"6,080.00"
2020-12-02,2020120204001841,GIC,38,16,10,608.00,"6,080.00"
2020-12-02,2020120204001836,GIC,22,49,5,609.00,"3,045.00"
2020-12-02,2020120204001835,GIC,22,17,10,609.00,"6,090.00"
2020-12-02,2020120204001832,GIC,22,49,10,609.00,"6,090.00"
2020-12-02,2020120204001827,GIC,22,26,10,609.00,"6,090.00"
2020-12-02,2020120204001852,GIC,45,51,10,609.00,"6,090.00"
2020-12-02,2020120204001851,GIC,45,37,100,609.00,"60,900.00"
2020-12-02,2020120204001850,GIC,19,58,51,608.00,"31,008.00"
2020-12-02,2020120204001849,GIC,32,58,40,608.00,"24,320.00"
2020-12-02,2020120204001848,GIC,54,58,150,608.00,"91,200.00"
2020-12-02,2020120204001847,GIC,38,58,59,608.00,"35,872.00"
2020-12-02,2020120204001865,GIC,25,43,60,609.00,"36,540.00"
2020-12-02,2020120204001864,GIC,16,47,10,608.00,"6,080.00"
2020-12-02,2020120204001861,GIC,19,26,10,608.00,"6,080.00"
2020-12-02,2020120204001860,GIC,19,17,10,608.00,"6,080.00"
2020-12-02,2020120204001859,GIC,19,16,10,608.00,"6,080.00"
2020-12-02,2020120204001855,GIC,19,16,10,608.00,"6,080.00"
2020-12-02,2020120204001885,GIC,16,1,300,608.00,"182,400.00"
2020-12-02,2020120204001881,GIC,16,8,10,608.00,"6,080.00"
2020-12-02,2020120204001880,GIC,16,44,10,608.00,"6,080.00"
2020-12-02,2020120204001874,GIC,11,56,10,609.00,"6,090.00"
2020-12-02,2020120204001873,GIC,13,11,60,610.00,"36,600.00"
2020-12-02,2020120204001866,GIC,25,36,10,609.00,"6,090.00"
2020-12-02,2020120204001897,GIC,16,6,10,608.00,"6,080.00"
2020-12-02,2020120204001895,GIC,16,49,10,608.00,"6,080.00"
2020-12-02,2020120204001890,GIC,16,16,10,608.00,"6,080.00"
2020-12-02,2020120204001889,GIC,16,16,10,608.00,"6,080.00"
2020-12-02,2020120204001887,GIC,16,47,10,608.00,"6,080.00"
2020-12-02,2020120204001886,GIC,16,38,10,608.00,"6,080.00"
2020-12-02,2020120204001909,GIC,25,50,10,607.00,"6,070.00"
2020-12-02,2020120204001906,GIC,4,49,10,608.00,"6,080.00"
2020-12-02,2020120204001903,GIC,4,58,10,608.00,"6,080.00"
2020-12-02,2020120204001902,GIC,28,55,10,609.00,"6,090.00"
2020-12-02,2020120204001901,GIC,28,49,10,609.00,"6,090.00"
2020-12-02,2020120204001900,GIC,16,38,10,608.00,"6,080.00"
2020-12-02,2020120204001922,GIC,22,39,10,609.00,"6,090.00"
2020-12-02,2020120204001918,GIC,22,49,10,609.00,"6,090.00"
2020-12-02,2020120204001917,GIC,22,38,10,609.00,"6,090.00"
2020-12-02,2020120204001916,GIC,22,17,10,609.00,"6,090.00"
2020-12-02,2020120204001915,GIC,22,51,10,609.00,"6,090.00"
2020-12-02,2020120204001912,GIC,25,47,10,607.00,"6,070.00"
2020-12-02,2020120204001953,GIC,22,49,10,609.00,"6,090.00"
2020-12-02,2020120204001950,GIC,34,11,10,610.00,"6,100.00"
2020-12-02,2020120204001932,GIC,22,47,10,609.00,"6,090.00"
2020-12-02,2020120204001931,GIC,22,26,10,609.00,"6,090.00"
2020-12-02,2020120204001930,GIC,22,6,10,609.00,"6,090.00"
2020-12-02,2020120204001924,GIC,22,38,10,609.00,"6,090.00"
2020-12-02,2020120204001978,GIC,34,49,460,608.00,"279,680.00"
2020-12-02,2020120204001972,GIC,25,58,10,609.00,"6,090.00"
2020-12-02,2020120204001969,GIC,34,50,10,608.00,"6,080.00"
2020-12-02,2020120204001964,GIC,34,47,10,608.00,"6,080.00"
2020-12-02,2020120204001963,GIC,34,38,10,608.00,"6,080.00"
2020-12-02,2020120204001962,GIC,34,38,10,608.00,"6,080.00"
2020-12-02,2020120204002009,GIC,58,47,10,606.00,"6,060.00"
2020-12-02,2020120204001998,GIC,58,18,10,606.00,"6,060.00"
2020-12-02,2020120204001994,GIC,58,56,10,606.00,"6,060.00"
2020-12-02,2020120204001984,GIC,58,47,10,606.00,"6,060.00"
2020-12-02,2020120204001982,GIC,58,41,10,606.00,"6,060.00"
2020-12-02,2020120204001979,GIC,28,49,20,608.00,"12,160.00"
2020-12-02,2020120204002047,GIC,44,50,10,605.00,"6,050.00"
2020-12-02,2020120204002043,GIC,4,49,20,606.00,"12,120.00"
2020-12-02,2020120204002025,GIC,4,36,10,606.00,"6,060.00"
2020-12-02,2020120204002022,GIC,58,47,10,606.00,"6,060.00"
2020-12-02,2020120204002018,GIC,58,38,10,606.00,"6,060.00"
2020-12-02,2020120204002011,GIC,58,38,10,606.00,"6,060.00"
2020-12-02,2020120204002065,GIC,44,49,10,605.00,"6,050.00"
2020-12-02,2020120204002063,GIC,3,42,10,606.00,"6,060.00"
2020-12-02,2020120204002062,GIC,44,25,10,605.00,"6,050.00"
2020-12-02,2020120204002055,GIC,44,47,10,605.00,"6,050.00"
2020-12-02,2020120204002052,GIC,44,36,10,605.00,"6,050.00"
2020-12-02,2020120204002050,GIC,44,43,10,605.00,"6,050.00"
2020-12-02,2020120204002076,GIC,32,47,10,606.00,"6,060.00"
2020-12-02,2020120204002075,GIC,32,45,10,606.00,"6,060.00"
2020-12-02,2020120204002072,GIC,32,49,10,606.00,"6,060.00"
2020-12-02,2020120204002071,GIC,32,55,10,606.00,"6,060.00"
2020-12-02,2020120204002068,GIC,32,37,10,606.00,"6,060.00"
2020-12-02,2020120204002067,GIC,32,3,10,606.00,"6,060.00"
2020-12-02,2020120204002090,GIC,56,26,10,605.00,"6,050.00"
2020-12-02,2020120204002087,GIC,56,34,10,605.00,"6,050.00"
2020-12-02,2020120204002086,GIC,56,51,10,605.00,"6,050.00"
2020-12-02,2020120204002081,GIC,56,11,60,605.00,"36,300.00"
2020-12-02,2020120204002080,GIC,44,11,40,605.00,"24,200.00"
2020-12-02,2020120204002077,GIC,32,49,140,606.00,"84,840.00"
2020-12-02,2020120204002107,GIC,19,47,10,605.00,"6,050.00"
2020-12-02,2020120204002102,GIC,25,57,10,605.00,"6,050.00"
2020-12-02,2020120204002100,GIC,25,4,10,605.00,"6,050.00"
2020-12-02,2020120204002097,GIC,25,58,10,605.00,"6,050.00"
2020-12-02,2020120204002095,GIC,25,38,10,605.00,"6,050.00"
2020-12-02,2020120204002094,GIC,56,49,10,605.00,"6,050.00"
2020-12-02,2020120204002127,GIC,19,17,10,605.00,"6,050.00"
2020-12-02,2020120204002119,GIC,19,10,10,605.00,"6,050.00"
2020-12-02,2020120204002117,GIC,19,44,10,605.00,"6,050.00"
2020-12-02,2020120204002115,GIC,19,41,10,605.00,"6,050.00"
2020-12-02,2020120204002113,GIC,19,38,10,605.00,"6,050.00"
2020-12-02,2020120204002109,GIC,19,29,10,605.00,"6,050.00"
2020-12-02,2020120204002144,GIC,50,42,10,606.00,"6,060.00"
2020-12-02,2020120204002142,GIC,19,18,10,605.00,"6,050.00"
2020-12-02,2020120204002136,GIC,19,14,10,605.00,"6,050.00"
2020-12-02,2020120204002134,GIC,55,48,10,606.00,"6,060.00"
2020-12-02,2020120204002133,GIC,55,49,10,606.00,"6,060.00"
2020-12-02,2020120204002132,GIC,19,57,10,605.00,"6,050.00"
2020-12-02,2020120204002150,GIC,50,3,10,607.00,"6,070.00"
2020-12-02,2020120204002149,GIC,50,49,20,607.00,"12,140.00"
2020-12-02,2020120204002148,GIC,50,3,10,607.00,"6,070.00"
2020-12-02,2020120204002147,GIC,50,3,10,606.00,"6,060.00"
2020-12-02,2020120204002146,GIC,50,40,10,606.00,"6,060.00"
2020-12-02,2020120204002145,GIC,50,18,10,606.00,"6,060.00"
2020-12-02,2020120204002032,GIMES1,6,1,"1,000",11.45,"11,450.00"
2020-12-02,2020120204001846,GIMES1,7,41,"5,000",11.44,"57,200.00"
2020-12-02,2020120204002104,JBBLPO,6,16,948,111.00,"105,228.00"
2020-12-02,2020120204001904,LEMF,6,36,"5,000",9.70,"48,500.00"
2020-12-02,2020120204001928,LEMF,42,29,"5,000",9.80,"49,000.00"
2020-12-02,2020120204001927,LEMF,42,29,"4,000",9.80,"39,200.00"
2020-12-02,2020120204001926,LEMF,42,29,"5,000",9.80,"49,000.00"
2020-12-02,2020120204001925,LEMF,42,29,"5,000",9.80,"49,000.00"
2020-12-02,2020120204002016,LUK,34,14,600,9.65,"5,790.00"
2020-12-02,2020120204001743,LUK,6,54,100,9.60,960.00
2020-12-02,2020120204001722,LUK,6,39,"1,000",9.60,"9,600.00"
2020-12-02,2020120204002122,NBF2,13,49,500,10.09,"5,045.00"
2020-12-02,2020120204002093,NBF2,13,49,100,10.05,"1,005.00"
2020-12-02,2020120204002089,NBF2,1,49,700,10.05,"7,035.00"
2020-12-02,2020120204002088,NBF2,1,28,300,10.00,"3,000.00"
2020-12-02,2020120204001992,NBF2,58,49,200,10.05,"2,010.00"
2020-12-02,2020120204001991,NBF2,58,35,100,10.00,"1,000.00"
2020-12-02,2020120204001746,NBF2,44,54,100,9.92,992.00
2020-12-02,2020120204001744,NBF2,44,35,600,9.92,"5,952.00"
2020-12-02,2020120204001965,NBF2,44,7,500,9.92,"4,960.00"
2020-12-02,2020120204001919,NBF2,44,45,500,9.92,"4,960.00"
2020-12-02,2020120204002141,NEF,42,6,966,10.00,"9,660.00"
2020-12-02,2020120204002028,NEF,42,5,"1,757",10.00,"17,570.00"
2020-12-02,2020120204002027,NEF,6,5,657,10.10,"6,635.70"
2020-12-02,2020120204002008,NEF,6,29,"2,414",10.10,"24,381.40"
2020-12-02,2020120204002007,NEF,6,29,"2,414",10.10,"24,381.40"
2020-12-02,2020120204002006,NEF,6,5,283,10.06,"2,846.98"
2020-12-02,2020120204001829,NEF,50,41,"6,000",9.90,"59,400.00"
2020-12-02,2020120204001828,NEF,50,41,"4,986",9.90,"49,361.40"
2020-12-02,2020120204001934,NEF,26,22,"1,207",10.00,"12,070.00"
2020-12-02,2020120204001933,NEF,26,22,"1,207",10.00,"12,070.00"
2020-12-02,2020120204001872,NEF,6,28,414,9.89,"4,094.46"
2020-12-02,2020120204001871,NEF,38,28,"2,000",9.90,"19,800.00"
2020-12-02,2020120204001831,NEF,6,41,"1,646",9.89,"16,278.94"
2020-12-02,2020120204001830,NEF,50,41,"6,000",9.90,"59,400.00"
2020-12-02,2020120204002005,NEF,6,14,"1,448",10.06,"14,566.88"
2020-12-02,2020120204002004,NEF,6,53,724,10.04,"7,268.96"
2020-12-02,2020120204001958,NEF,38,38,"2,414",10.02,"24,188.28"
2020-12-02,2020120204001957,NEF,38,49,"5,311",10.02,"53,216.22"
2020-12-02,2020120204001936,NEF,26,49,172,10.02,"1,723.44"
2020-12-02,2020120204001935,NEF,26,22,"2,414",10.00,"24,140.00"
2020-12-02,2020120204001907,NIBD2082,6,57,25,"1,070.00","26,750.00"
2020-12-02,2020120204001907,NIBD2082,6,57,25,"1,070.00","26,750.00"
2020-12-02,2020120204002130,NIBLPF,42,42,"2,525",10.16,"25,654.00"
2020-12-02,2020120204002031,NIBLPF,42,5,"2,525",10.16,"25,654.00"
2020-12-02,2020120204001987,NIBLPF,6,17,"3,715",10.20,"37,893.00"
2020-12-02,2020120204001986,NIBLPF,6,49,"3,700",10.19,"37,703.00"
2020-12-02,2020120204001985,NIBLPF,6,45,"2,585",10.18,"26,315.30"
2020-12-02,2020120204001948,NIBLPF,42,35,525,10.16,"5,334.00"
2020-12-02,2020120204001911,NIBLPF,6,44,"1,263",10.15,"12,819.45"
2020-12-02,2020120204001766,NIBLPF,6,49,253,10.15,"2,567.95"
2020-12-02,2020120204002099,NIBPO,57,17,"1,000",437.00,"437,000.00"
2020-12-02,2020120204002051,NIBPO,25,58,"2,154",438.00,"943,452.00"
2020-12-02,2020120204002012,NIBPO,25,4,"2,000",438.00,"876,000.00"
2020-12-02,2020120204002010,NIBPO,17,4,"1,000",440.00,"440,000.00"
2020-12-02,2020120204002002,NIBPO,25,14,80,438.00,"35,040.00"
2020-12-02,2020120204002000,NIBPO,28,43,"1,000",442.00,"442,000.00"
2020-12-02,2020120204001697,NIBPO,43,33,500,443.00,"221,500.00"
2020-12-02,2020120204001696,NIBPO,43,17,200,442.00,"88,400.00"
2020-12-02,2020120204001695,NIBPO,43,14,554,442.00,"244,868.00"
2020-12-02,2020120204001908,NIBPO,25,17,62,438.00,"27,156.00"
2020-12-02,2020120204001838,NIBPO,25,47,25,438.00,"10,950.00"
2020-12-02,2020120204001701,NIBPO,43,56,100,443.00,"44,300.00"
2020-12-02,2020120204001700,NIBPO,43,11,225,443.00,"99,675.00"
2020-12-02,2020120204001699,NIBPO,43,4,"1,156",443.00,"512,108.00"
2020-12-02,2020120204001698,NIBPO,43,14,50,443.00,"22,150.00"
2020-12-02,2020120204001989,NIBSF1,38,43,"5,000",11.10,"55,500.00"
2020-12-02,2020120204001961,NIBSF1,42,11,"5,000",11.07,"55,350.00"
2020-12-02,2020120204002143,NICBF,13,45,"5,000",10.15,"50,750.00"
2020-12-02,2020120204002139,NICBF,13,59,"2,000",10.14,"20,280.00"
2020-12-02,2020120204002138,NICBF,13,49,"1,000",10.14,"10,140.00"
2020-12-02,2020120204002137,NICBF,13,14,300,10.14,"3,042.00"
2020-12-02,2020120204001891,NICBF,13,58,100,10.00,"1,000.00"
2020-12-02,2020120204001844,NICBF,13,35,100,10.00,"1,000.00"
2020-12-02,2020120204001705,NICBF,13,45,100,10.00,"1,000.00"
2020-12-02,2020120204002078,NICGF,17,41,"5,000",10.50,"52,500.00"
2020-12-02,2020120204002015,NICGF,42,56,100,10.32,"1,032.00"
2020-12-02,2020120204002014,NICGF,42,41,500,10.32,"5,160.00"
2020-12-02,2020120204001759,NICGF,13,39,100,10.31,"1,031.00"
2020-12-02,2020120204001715,NICGF,48,59,150,10.30,"1,545.00"
2020-12-02,2020120204002131,NMB50,6,19,"1,000",10.10,"10,100.00"
2020-12-02,2020120204002054,NMB50,42,45,"1,000",10.20,"10,200.00"
2020-12-02,2020120204002041,NMBHF1,42,5,"4,161",10.06,"41,859.66"
2020-12-02,2020120204001745,NMBHF1,53,32,583,10.05,"5,859.15"
2020-12-02,2020120204001740,NMBHF1,53,32,499,10.05,"5,014.95"
2020-12-02,2020120204001733,NMBHF1,53,32,666,10.05,"6,693.30"
2020-12-02,2020120204001977,RBCLPO,49,17,10,"15,700.00","157,000.00"
2020-12-02,2020120204001976,RBCLPO,49,33,20,"15,700.00","314,000.00"
2020-12-02,2020120204001975,RBCLPO,49,32,15,"15,650.00","234,750.00"
2020-12-02,2020120204001974,RBCLPO,49,56,10,"15,649.00","156,490.00"
2020-12-02,2020120204001973,RBCLPO,49,50,10,"15,649.00","156,490.00"
2020-12-02,2020120204001970,SAEF,6,13,200,11.06,"2,212.00"
2020-12-02,2020120204001913,SAEF,6,13,100,11.06,"1,106.00"
2020-12-02,2020120204001837,SAEF,6,13,100,11.06,"1,106.00"
2020-12-02,2020120204001763,SAEF,13,39,500,11.05,"5,525.00"
2020-12-02,2020120204001713,SAEF,13,41,"1,600",11.15,"17,840.00"
2020-12-02,2020120204001820,SAND2085,50,42,40,"1,024.00","40,960.00"
2020-12-02,2020120204001819,SAND2085,35,42,10,"1,025.00","10,250.00"
2020-12-02,2020120204002079,SEF,28,29,"20,000",10.48,"209,600.00"
2020-12-02,2020120204002061,SEF,22,35,"1,000",10.47,"10,470.00"
2020-12-02,2020120204002060,SEF,22,22,100,10.47,"1,047.00"
2020-12-02,2020120204002059,SEF,22,19,"1,500",10.45,"15,675.00"
2020-12-02,2020120204001997,SEF,42,29,"9,000",10.40,"93,600.00"
2020-12-02,2020120204001996,SEF,42,49,"1,000",10.40,"10,400.00"
2020-12-02,2020120204001669,SEF,28,49,200,10.24,"2,048.00"
2020-12-02,2020120204001667,SEF,28,49,300,10.24,"3,072.00"
2020-12-02,2020120204001661,SEF,28,49,150,10.24,"1,536.00"
2020-12-02,2020120204001687,SEF,48,17,500,10.37,"5,185.00"
2020-12-02,2020120204001686,SEF,48,52,500,10.35,"5,175.00"
2020-12-02,2020120204001685,SEF,48,45,"2,600",10.33,"26,858.00"
2020-12-02,2020120204001684,SEF,48,49,"1,029",10.24,"10,536.96"
2020-12-02,2020120204001680,SEF,28,49,100,10.24,"1,024.00"
2020-12-02,2020120204001671,SEF,28,49,300,10.24,"3,072.00"
2020-12-02,2020120204001995,SEF,42,45,"3,629",10.40,"37,741.60"
2020-12-02,2020120204001765,SEF,28,39,500,10.35,"5,175.00"
2020-12-02,2020120204001727,SEF,28,17,"5,000",10.35,"51,750.00"
2020-12-02,2020120204001690,SEF,48,45,"1,371",10.40,"14,258.40"
2020-12-02,2020120204001689,SEF,48,41,"1,000",10.40,"10,400.00"
2020-12-02,2020120204001688,SEF,48,3,"3,000",10.40,"31,200.00"
2020-12-02,2020120204001956,SFMF,17,45,500,10.00,"5,000.00"
2020-12-02,2020120204001955,SFMF,17,28,400,10.00,"4,000.00"
2020-12-02,2020120204001954,SFMF,17,37,100,10.00,"1,000.00"
2020-12-02,2020120204002156,SGI,34,32,10,626.00,"6,260.00"
2020-12-02,2020120204002140,SGI,34,56,10,626.00,"6,260.00"
2020-12-02,2020120204002135,SGI,34,56,10,626.00,"6,260.00"
2020-12-02,2020120204002129,SGI,55,45,10,628.00,"6,280.00"
2020-12-02,2020120204002128,SGI,55,56,10,628.00,"6,280.00"
2020-12-02,2020120204002126,SGI,34,56,10,626.00,"6,260.00"
2020-12-02,2020120204001672,SGI,35,57,10,632.00,"6,320.00"
2020-12-02,2020120204001670,SGI,35,57,10,630.00,"6,300.00"
2020-12-02,2020120204001668,SGI,35,57,10,630.00,"6,300.00"
2020-12-02,2020120204001665,SGI,11,53,10,632.00,"6,320.00"
2020-12-02,2020120204001660,SGI,11,50,10,632.00,"6,320.00"
2020-12-02,2020120204001658,SGI,35,17,10,630.00,"6,300.00"
2020-12-02,2020120204001681,SGI,47,58,10,630.00,"6,300.00"
2020-12-02,2020120204001677,SGI,47,44,10,630.00,"6,300.00"
2020-12-02,2020120204001676,SGI,35,51,30,632.00,"18,960.00"
2020-12-02,2020120204001675,SGI,35,28,10,632.00,"6,320.00"
2020-12-02,2020120204001674,SGI,35,25,10,632.00,"6,320.00"
2020-12-02,2020120204001673,SGI,35,55,10,632.00,"6,320.00"
2020-12-02,2020120204001708,SGI,47,57,10,630.00,"6,300.00"
2020-12-02,2020120204001704,SGI,47,58,10,630.00,"6,300.00"
2020-12-02,2020120204001703,SGI,47,58,10,630.00,"6,300.00"
2020-12-02,2020120204001702,SGI,47,58,10,630.00,"6,300.00"
2020-12-02,2020120204001683,SGI,47,57,10,630.00,"6,300.00"
2020-12-02,2020120204001682,SGI,47,11,10,630.00,"6,300.00"
2020-12-02,2020120204001720,SGI,47,56,10,630.00,"6,300.00"
2020-12-02,2020120204001719,SGI,47,34,10,630.00,"6,300.00"
2020-12-02,2020120204001714,SGI,47,21,10,630.00,"6,300.00"
2020-12-02,2020120204001711,SGI,47,47,10,630.00,"6,300.00"
2020-12-02,2020120204001710,SGI,47,52,10,630.00,"6,300.00"
2020-12-02,2020120204001709,SGI,47,52,220,630.00,"138,600.00"
2020-12-02,2020120204001730,SGI,47,43,10,630.00,"6,300.00"
2020-12-02,2020120204001729,SGI,47,58,10,630.00,"6,300.00"
2020-12-02,2020120204001728,SGI,47,17,10,630.00,"6,300.00"
2020-12-02,2020120204001726,SGI,47,57,10,630.00,"6,300.00"
2020-12-02,2020120204001725,SGI,47,56,10,630.00,"6,300.00"
2020-12-02,2020120204001724,SGI,47,56,10,630.00,"6,300.00"
2020-12-02,2020120204001738,SGI,8,34,10,631.00,"6,310.00"
2020-12-02,2020120204001737,SGI,47,28,10,630.00,"6,300.00"
2020-12-02,2020120204001736,SGI,47,47,10,630.00,"6,300.00"
2020-12-02,2020120204001735,SGI,47,56,10,630.00,"6,300.00"
2020-12-02,2020120204001734,SGI,47,21,10,630.00,"6,300.00"
2020-12-02,2020120204001731,SGI,47,56,10,630.00,"6,300.00"
2020-12-02,2020120204001750,SGI,1,35,90,630.00,"56,700.00"
2020-12-02,2020120204001749,SGI,47,35,110,630.00,"69,300.00"
2020-12-02,2020120204001748,SGI,47,56,10,630.00,"6,300.00"
2020-12-02,2020120204001747,SGI,47,22,10,630.00,"6,300.00"
2020-12-02,2020120204001742,SGI,47,56,10,630.00,"6,300.00"
2020-12-02,2020120204001739,SGI,8,41,10,631.00,"6,310.00"
2020-12-02,2020120204001764,SGI,45,56,10,630.00,"6,300.00"
2020-12-02,2020120204001762,SGI,45,56,10,628.00,"6,280.00"
2020-12-02,2020120204001760,SGI,34,56,10,627.00,"6,270.00"
2020-12-02,2020120204001754,SGI,34,21,10,627.00,"6,270.00"
2020-12-02,2020120204001753,SGI,26,38,10,628.00,"6,280.00"
2020-12-02,2020120204001751,SGI,26,56,10,628.00,"6,280.00"
2020-12-02,2020120204001802,SGI,45,34,10,630.00,"6,300.00"
2020-12-02,2020120204001801,SGI,42,59,100,630.00,"63,000.00"
2020-12-02,2020120204001786,SGI,45,54,10,630.00,"6,300.00"
2020-12-02,2020120204001785,SGI,45,34,10,630.00,"6,300.00"
2020-12-02,2020120204001784,SGI,45,56,10,630.00,"6,300.00"
2020-12-02,2020120204001770,SGI,45,56,10,630.00,"6,300.00"
2020-12-02,2020120204001818,SGI,42,56,10,628.00,"6,280.00"
2020-12-02,2020120204001817,SGI,42,45,10,628.00,"6,280.00"
2020-12-02,2020120204001816,SGI,42,38,10,628.00,"6,280.00"
2020-12-02,2020120204001810,SGI,45,56,10,630.00,"6,300.00"
2020-12-02,2020120204001807,SGI,45,56,10,630.00,"6,300.00"
2020-12-02,2020120204001803,SGI,45,56,10,630.00,"6,300.00"
2020-12-02,2020120204001840,SGI,57,56,10,629.00,"6,290.00"
2020-12-02,2020120204001839,SGI,57,1,10,629.00,"6,290.00"
2020-12-02,2020120204001834,SGI,34,16,10,627.00,"6,270.00"
2020-12-02,2020120204001833,SGI,34,56,10,627.00,"6,270.00"
2020-12-02,2020120204001825,SGI,42,56,10,628.00,"6,280.00"
2020-12-02,2020120204001821,SGI,42,16,10,628.00,"6,280.00"
2020-12-02,2020120204001857,SGI,34,56,10,627.00,"6,270.00"
2020-12-02,2020120204001856,SGI,57,57,20,628.00,"12,560.00"
2020-12-02,2020120204001854,SGI,34,56,10,627.00,"6,270.00"
2020-12-02,2020120204001853,SGI,34,16,10,627.00,"6,270.00"
2020-12-02,2020120204001845,SGI,34,56,10,627.00,"6,270.00"
2020-12-02,2020120204001842,SGI,34,57,10,627.00,"6,270.00"
2020-12-02,2020120204001870,SGI,34,47,10,627.00,"6,270.00"
2020-12-02,2020120204001868,SGI,34,26,10,627.00,"6,270.00"
2020-12-02,2020120204001867,SGI,34,56,10,627.00,"6,270.00"
2020-12-02,2020120204001863,SGI,34,56,10,627.00,"6,270.00"
2020-12-02,2020120204001862,SGI,55,57,30,628.00,"18,840.00"
2020-12-02,2020120204001858,SGI,34,49,10,627.00,"6,270.00"
2020-12-02,2020120204001882,SGI,44,56,10,627.00,"6,270.00"
2020-12-02,2020120204001879,SGI,44,16,10,627.00,"6,270.00"
2020-12-02,2020120204001878,SGI,41,47,10,627.00,"6,270.00"
2020-12-02,2020120204001877,SGI,41,39,10,627.00,"6,270.00"
2020-12-02,2020120204001876,SGI,55,41,10,628.00,"6,280.00"
2020-12-02,2020120204001875,SGI,34,56,10,627.00,"6,270.00"
2020-12-02,2020120204001894,SGI,11,38,10,628.00,"6,280.00"
2020-12-02,2020120204001893,SGI,11,47,10,628.00,"6,280.00"
2020-12-02,2020120204001892,SGI,11,56,10,628.00,"6,280.00"
2020-12-02,2020120204001888,SGI,44,51,10,627.00,"6,270.00"
2020-12-02,2020120204001884,SGI,44,56,10,627.00,"6,270.00"
2020-12-02,2020120204001883,SGI,44,16,10,627.00,"6,270.00"
2020-12-02,2020120204001914,SGI,8,25,10,625.00,"6,250.00"
2020-12-02,2020120204001910,SGI,8,49,10,625.00,"6,250.00"
2020-12-02,2020120204001905,SGI,20,56,10,626.00,"6,260.00"
2020-12-02,2020120204001899,SGI,20,8,10,626.00,"6,260.00"
2020-12-02,2020120204001898,SGI,20,56,10,626.00,"6,260.00"
2020-12-02,2020120204001896,SGI,50,41,10,625.00,"6,250.00"
2020-12-02,2020120204001939,SGI,32,56,10,626.00,"6,260.00"
2020-12-02,2020120204001938,SGI,32,56,10,626.00,"6,260.00"
2020-12-02,2020120204001937,SGI,32,42,10,626.00,"6,260.00"
2020-12-02,2020120204001929,SGI,51,38,10,625.00,"6,250.00"
2020-12-02,2020120204001921,SGI,39,56,10,626.00,"6,260.00"
2020-12-02,2020120204001920,SGI,39,11,10,626.00,"6,260.00"
2020-12-02,2020120204001945,SGI,32,22,10,626.00,"6,260.00"
2020-12-02,2020120204001944,SGI,32,56,10,626.00,"6,260.00"
2020-12-02,2020120204001943,SGI,32,58,10,626.00,"6,260.00"
2020-12-02,2020120204001942,SGI,32,42,10,626.00,"6,260.00"
2020-12-02,2020120204001941,SGI,32,38,10,626.00,"6,260.00"
2020-12-02,2020120204001940,SGI,32,56,10,626.00,"6,260.00"
2020-12-02,2020120204001966,SGI,32,26,10,626.00,"6,260.00"
2020-12-02,2020120204001960,SGI,32,6,10,626.00,"6,260.00"
2020-12-02,2020120204001959,SGI,32,59,10,626.00,"6,260.00"
2020-12-02,2020120204001952,SGI,32,6,10,626.00,"6,260.00"
2020-12-02,2020120204001951,SGI,32,38,10,626.00,"6,260.00"
2020-12-02,2020120204001947,SGI,32,37,10,626.00,"6,260.00"
2020-12-02,2020120204001988,SGI,32,47,10,626.00,"6,260.00"
2020-12-02,2020120204001981,SGI,26,39,80,627.00,"50,160.00"
2020-12-02,2020120204001980,SGI,32,50,10,626.00,"6,260.00"
2020-12-02,2020120204001971,SGI,32,6,10,626.00,"6,260.00"
2020-12-02,2020120204001968,SGI,13,39,40,627.00,"25,080.00"
2020-12-02,2020120204001967,SGI,13,55,10,627.00,"6,270.00"
2020-12-02,2020120204002013,SGI,32,49,10,626.00,"6,260.00"
2020-12-02,2020120204002003,SGI,32,56,10,626.00,"6,260.00"
2020-12-02,2020120204002001,SGI,32,39,10,626.00,"6,260.00"
2020-12-02,2020120204001999,SGI,32,47,10,626.00,"6,260.00"
2020-12-02,2020120204001993,SGI,32,38,10,626.00,"6,260.00"
2020-12-02,2020120204001990,SGI,32,50,10,626.00,"6,260.00"
2020-12-02,2020120204002029,SGI,55,43,90,626.00,"56,340.00"
2020-12-02,2020120204002026,SGI,32,56,10,626.00,"6,260.00"
2020-12-02,2020120204002024,SGI,32,38,10,626.00,"6,260.00"
2020-12-02,2020120204002023,SGI,32,38,10,626.00,"6,260.00"
2020-12-02,2020120204002019,SGI,32,36,10,626.00,"6,260.00"
2020-12-02,2020120204002017,SGI,32,36,10,626.00,"6,260.00"
2020-12-02,2020120204002037,SGI,1,47,10,626.00,"6,260.00"
2020-12-02,2020120204002036,SGI,1,56,10,626.00,"6,260.00"
2020-12-02,2020120204002035,SGI,1,38,10,626.00,"6,260.00"
2020-12-02,2020120204002034,SGI,1,43,40,626.00,"25,040.00"
2020-12-02,2020120204002033,SGI,51,43,10,625.00,"6,250.00"
2020-12-02,2020120204002030,SGI,32,43,10,626.00,"6,260.00"
2020-12-02,2020120204002045,SGI,49,39,10,626.00,"6,260.00"
2020-12-02,2020120204002044,SGI,51,13,10,625.00,"6,250.00"
2020-12-02,2020120204002042,SGI,51,56,10,625.00,"6,250.00"
2020-12-02,2020120204002040,SGI,1,39,110,626.00,"68,860.00"
2020-12-02,2020120204002039,SGI,1,33,10,626.00,"6,260.00"
2020-12-02,2020120204002038,SGI,1,49,10,626.00,"6,260.00"
2020-12-02,2020120204002057,SGI,47,49,80,627.00,"50,160.00"
2020-12-02,2020120204002056,SGI,47,56,10,627.00,"6,270.00"
2020-12-02,2020120204002053,SGI,47,42,10,627.00,"6,270.00"
2020-12-02,2020120204002049,SGI,47,22,10,627.00,"6,270.00"
2020-12-02,2020120204002048,SGI,47,56,10,627.00,"6,270.00"
2020-12-02,2020120204002046,SGI,47,39,100,626.00,"62,600.00"
2020-12-02,2020120204002073,SGI,51,56,10,625.00,"6,250.00"
2020-12-02,2020120204002070,SGI,51,49,50,625.00,"31,250.00"
2020-12-02,2020120204002069,SGI,51,49,10,625.00,"6,250.00"
2020-12-02,2020120204002066,SGI,51,56,10,625.00,"6,250.00"
2020-12-02,2020120204002064,SGI,51,56,10,625.00,"6,250.00"
2020-12-02,2020120204002058,SGI,51,49,320,625.00,"200,000.00"
2020-12-02,2020120204002091,SGI,34,58,10,626.00,"6,260.00"
2020-12-02,2020120204002085,SGI,34,22,10,626.00,"6,260.00"
2020-12-02,2020120204002084,SGI,34,56,10,626.00,"6,260.00"
2020-12-02,2020120204002083,SGI,34,56,10,626.00,"6,260.00"
2020-12-02,2020120204002082,SGI,34,56,10,626.00,"6,260.00"
2020-12-02,2020120204002074,SGI,51,49,10,625.00,"6,250.00"
2020-12-02,2020120204002105,SGI,19,56,10,627.00,"6,270.00"
2020-12-02,2020120204002103,SGI,19,29,10,627.00,"6,270.00"
2020-12-02,2020120204002101,SGI,19,34,10,627.00,"6,270.00"
2020-12-02,2020120204002098,SGI,34,29,10,626.00,"6,260.00"
2020-12-02,2020120204002096,SGI,34,45,10,626.00,"6,260.00"
2020-12-02,2020120204002092,SGI,34,26,10,626.00,"6,260.00"
2020-12-02,2020120204002114,SGI,19,56,10,627.00,"6,270.00"
2020-12-02,2020120204002112,SGI,19,48,10,627.00,"6,270.00"
2020-12-02,2020120204002111,SGI,19,56,10,627.00,"6,270.00"
2020-12-02,2020120204002110,SGI,19,26,10,627.00,"6,270.00"
2020-12-02,2020120204002108,SGI,19,56,10,627.00,"6,270.00"
2020-12-02,2020120204002106,SGI,19,56,10,627.00,"6,270.00"
2020-12-02,2020120204002125,SGI,34,34,10,626.00,"6,260.00"
2020-12-02,2020120204002124,SGI,34,56,10,626.00,"6,260.00"
2020-12-02,2020120204002123,SGI,34,56,10,626.00,"6,260.00"
2020-12-02,2020120204002120,SGI,34,56,10,626.00,"6,260.00"
2020-12-02,2020120204002118,SGI,34,57,10,626.00,"6,260.00"
2020-12-02,2020120204002116,SGI,19,56,10,627.00,"6,270.00"
2020-12-02,2020120204002121,STC,17,7,35,"6,377.00","223,195.00"
2020-12-02,2020120204002021,STC,49,53,20,"6,377.00","127,540.00"
2020-12-02,2020120204002020,STC,49,58,60,"6,377.00","382,620.00"
2020-12-02,2020120204001946,STC,58,47,10,"6,350.00","63,500.00"
2020-12-02,2020120204001923,STC,28,58,50,"6,377.00","318,850.00"
2020-12-02,2020120204001806,STC,58,47,50,"6,468.00","323,400.00"
2020-12-02,2020120204001805,STC,28,47,50,"6,468.00","323,400.00"
2020-12-02,2020120204001662,STC,28,25,50,"6,600.00","330,000.00"
2020-12-02,2020120204001651,BBC,25,28,50,"3,240.00","162,000.00"
2020-12-02,2020120204001650,BBC,50,28,10,"3,240.00","32,400.00"
2020-12-02,2020120204001649,BBC,36,28,20,"3,240.00","64,800.00"
2020-12-02,2020120204001625,BBC,44,33,20,"3,300.00","66,000.00"
2020-12-02,2020120204001624,BBC,57,33,20,"3,300.00","66,000.00"
2020-12-02,2020120204001560,BBC,25,43,100,"3,300.00","330,000.00"
2020-12-02,2020120204001277,BBC,21,17,25,"3,178.00","79,450.00"
2020-12-02,2020120204001466,BBC,6,14,20,"3,298.00","65,960.00"
2020-12-02,2020120204001446,BBC,6,44,10,"3,298.00","32,980.00"
2020-12-02,2020120204001445,BBC,6,14,10,"3,298.00","32,980.00"
2020-12-02,2020120204001417,BBC,44,29,10,"3,234.00","32,340.00"
2020-12-02,2020120204001315,BBC,45,57,35,"3,234.00","113,190.00"
2020-12-02,2020120204001282,BBC,13,57,10,"3,234.00","32,340.00"
2020-12-02,2020120204001544,BBC,6,14,10,"3,298.00","32,980.00"
2020-12-02,2020120204001534,BBC,32,36,10,"3,300.00","33,000.00"
2020-12-02,2020120204001500,BBC,38,50,10,"3,306.00","33,060.00"
2020-12-02,2020120204001486,BBC,38,14,10,"3,305.00","33,050.00"
2020-12-02,2020120204001485,BBC,38,54,10,"3,299.00","32,990.00"
2020-12-02,2020120204001476,BBC,44,36,20,"3,300.00","66,000.00"
2020-12-02,2020120204001545,CCBLPO,34,37,"108,769",112.00,"12,182,128.00"
2020-12-02,2020120204001480,CCBLPO,34,37,"30,455",112.00,"3,410,960.00"
2020-12-02,2020120204001270,CMF1,49,28,500,10.00,"5,000.00"
2020-12-02,2020120204001215,CMF1,49,4,200,10.00,"2,000.00"
2020-12-02,2020120204001656,GIC,57,49,70,607.00,"42,490.00"
2020-12-02,2020120204001653,GIC,57,17,10,607.00,"6,070.00"
2020-12-02,2020120204001652,GIC,57,36,10,607.00,"6,070.00"
2020-12-02,2020120204001647,GIC,57,51,10,607.00,"6,070.00"
2020-12-02,2020120204001645,GIC,58,21,10,606.00,"6,060.00"
2020-12-02,2020120204001643,GIC,22,49,220,606.00,"133,320.00"
2020-12-02,2020120204001164,GIC,43,36,10,600.00,"6,000.00"
2020-12-02,2020120204001159,GIC,43,25,10,600.00,"6,000.00"
2020-12-02,2020120204001158,GIC,43,47,10,600.00,"6,000.00"
2020-12-02,2020120204001193,GIC,59,52,10,602.00,"6,020.00"
2020-12-02,2020120204001190,GIC,17,21,10,602.00,"6,020.00"
2020-12-02,2020120204001186,GIC,38,22,40,602.00,"24,080.00"
2020-12-02,2020120204001184,GIC,38,44,50,602.00,"30,100.00"
2020-12-02,2020120204001183,GIC,38,44,10,602.00,"6,020.00"
2020-12-02,2020120204001179,GIC,3,51,10,601.00,"6,010.00"
2020-12-02,2020120204001222,GIC,43,8,10,600.00,"6,000.00"
2020-12-02,2020120204001216,GIC,58,22,40,601.00,"24,040.00"
2020-12-02,2020120204001198,GIC,45,14,16,603.00,"9,648.00"
2020-12-02,2020120204001196,GIC,58,57,10,601.00,"6,010.00"
2020-12-02,2020120204001195,GIC,3,57,40,601.00,"24,040.00"
2020-12-02,2020120204001194,GIC,59,14,10,603.00,"6,030.00"
2020-12-02,2020120204001241,GIC,17,19,10,601.00,"6,010.00"
2020-12-02,2020120204001236,GIC,17,8,10,601.00,"6,010.00"
2020-12-02,2020120204001233,GIC,17,38,10,601.00,"6,010.00"
2020-12-02,2020120204001230,GIC,17,51,10,601.00,"6,010.00"
2020-12-02,2020120204001229,GIC,17,22,44,601.00,"26,444.00"
2020-12-02,2020120204001228,GIC,49,22,16,601.00,"9,616.00"
2020-12-02,2020120204001267,GIC,17,13,10,601.00,"6,010.00"
2020-12-02,2020120204001250,GIC,28,44,10,603.00,"6,030.00"
2020-12-02,2020120204001249,GIC,28,21,10,603.00,"6,030.00"
2020-12-02,2020120204001248,GIC,28,55,10,603.00,"6,030.00"
2020-12-02,2020120204001247,GIC,28,55,10,603.00,"6,030.00"
2020-12-02,2020120204001246,GIC,28,50,10,602.00,"6,020.00"
2020-12-02,2020120204001322,GIC,39,19,10,602.00,"6,020.00"
2020-12-02,2020120204001321,GIC,39,44,10,602.00,"6,020.00"
2020-12-02,2020120204001294,GIC,39,8,10,602.00,"6,020.00"
2020-12-02,2020120204001289,GIC,39,39,10,602.00,"6,020.00"
2020-12-02,2020120204001284,GIC,39,29,10,602.00,"6,020.00"
2020-12-02,2020120204001280,GIC,39,49,10,602.00,"6,020.00"
2020-12-02,2020120204001338,GIC,22,29,60,603.00,"36,180.00"
2020-12-02,2020120204001337,GIC,34,29,40,603.00,"24,120.00"
2020-12-02,2020120204001336,GIC,34,33,10,603.00,"6,030.00"
2020-12-02,2020120204001335,GIC,34,43,10,603.00,"6,030.00"
2020-12-02,2020120204001327,GIC,39,56,10,602.00,"6,020.00"
2020-12-02,2020120204001324,GIC,39,47,10,602.00,"6,020.00"
2020-12-02,2020120204001358,GIC,10,45,10,603.00,"6,030.00"
2020-12-02,2020120204001357,GIC,10,58,10,603.00,"6,030.00"
2020-12-02,2020120204001355,GIC,10,44,10,603.00,"6,030.00"
2020-12-02,2020120204001341,GIC,22,8,10,603.00,"6,030.00"
2020-12-02,2020120204001340,GIC,22,25,50,603.00,"30,150.00"
2020-12-02,2020120204001339,GIC,22,41,10,603.00,"6,030.00"
2020-12-02,2020120204001373,GIC,35,33,10,604.00,"6,040.00"
2020-12-02,2020120204001372,GIC,35,51,30,604.00,"18,120.00"
2020-12-02,2020120204001371,GIC,10,45,20,603.00,"12,060.00"
2020-12-02,2020120204001369,GIC,10,19,10,603.00,"6,030.00"
2020-12-02,2020120204001362,GIC,10,44,10,603.00,"6,030.00"
2020-12-02,2020120204001361,GIC,10,47,10,603.00,"6,030.00"
2020-12-02,2020120204001379,GIC,35,47,10,604.00,"6,040.00"
2020-12-02,2020120204001378,GIC,35,33,10,604.00,"6,040.00"
2020-12-02,2020120204001377,GIC,35,19,10,604.00,"6,040.00"
2020-12-02,2020120204001376,GIC,35,10,10,604.00,"6,040.00"
2020-12-02,2020120204001375,GIC,35,45,200,604.00,"120,800.00"
2020-12-02,2020120204001374,GIC,35,33,10,604.00,"6,040.00"
2020-12-02,2020120204001385,GIC,35,10,40,604.00,"24,160.00"
2020-12-02,2020120204001384,GIC,35,51,10,604.00,"6,040.00"
2020-12-02,2020120204001383,GIC,35,55,10,604.00,"6,040.00"
2020-12-02,2020120204001382,GIC,35,55,10,604.00,"6,040.00"
2020-12-02,2020120204001381,GIC,35,41,50,604.00,"30,200.00"
2020-12-02,2020120204001380,GIC,35,42,10,604.00,"6,040.00"
2020-12-02,2020120204001391,GIC,35,41,10,604.00,"6,040.00"
2020-12-02,2020120204001390,GIC,35,52,100,604.00,"60,400.00"
2020-12-02,2020120204001389,GIC,35,53,10,604.00,"6,040.00"
2020-12-02,2020120204001388,GIC,35,13,10,604.00,"6,040.00"
2020-12-02,2020120204001387,GIC,35,57,10,604.00,"6,040.00"
2020-12-02,2020120204001386,GIC,35,57,10,604.00,"6,040.00"
2020-12-02,2020120204001410,GIC,22,42,20,605.00,"12,100.00"
2020-12-02,2020120204001409,GIC,22,52,10,605.00,"6,050.00"
2020-12-02,2020120204001408,GIC,22,55,10,605.00,"6,050.00"
2020-12-02,2020120204001403,GIC,49,49,10,604.00,"6,040.00"
2020-12-02,2020120204001393,GIC,49,57,10,604.00,"6,040.00"
2020-12-02,2020120204001392,GIC,35,57,10,604.00,"6,040.00"
2020-12-02,2020120204001418,GIC,49,36,10,604.00,"6,040.00"
2020-12-02,2020120204001416,GIC,58,4,340,605.00,"205,700.00"
2020-12-02,2020120204001415,GIC,58,59,10,605.00,"6,050.00"
2020-12-02,2020120204001414,GIC,58,1,150,605.00,"90,750.00"
2020-12-02,2020120204001413,GIC,49,34,10,604.00,"6,040.00"
2020-12-02,2020120204001411,GIC,22,45,10,605.00,"6,050.00"
2020-12-02,2020120204001424,GIC,49,19,10,604.00,"6,040.00"
2020-12-02,2020120204001423,GIC,11,36,299,605.00,"180,895.00"
2020-12-02,2020120204001422,GIC,11,58,10,605.00,"6,050.00"
2020-12-02,2020120204001421,GIC,11,56,10,605.00,"6,050.00"
2020-12-02,2020120204001420,GIC,11,52,10,605.00,"6,050.00"
2020-12-02,2020120204001419,GIC,11,4,171,605.00,"103,455.00"
2020-12-02,2020120204001435,GIC,49,21,10,604.00,"6,040.00"
2020-12-02,2020120204001432,GIC,45,26,10,605.00,"6,050.00"
2020-12-02,2020120204001429,GIC,49,49,10,604.00,"6,040.00"
2020-12-02,2020120204001428,GIC,43,26,39,605.00,"23,595.00"
2020-12-02,2020120204001427,GIC,43,36,11,605.00,"6,655.00"
2020-12-02,2020120204001426,GIC,49,13,10,604.00,"6,040.00"
2020-12-02,2020120204001441,GIC,58,45,50,605.00,"30,250.00"
2020-12-02,2020120204001440,GIC,58,53,10,605.00,"6,050.00"
2020-12-02,2020120204001439,GIC,58,56,10,605.00,"6,050.00"
2020-12-02,2020120204001438,GIC,58,41,100,605.00,"60,500.00"
2020-12-02,2020120204001437,GIC,58,11,10,605.00,"6,050.00"
2020-12-02,2020120204001436,GIC,58,58,10,605.00,"6,050.00"
2020-12-02,2020120204001452,GIC,49,5,10,604.00,"6,040.00"
2020-12-02,2020120204001451,GIC,49,55,10,604.00,"6,040.00"
2020-12-02,2020120204001450,GIC,17,20,100,605.00,"60,500.00"
2020-12-02,2020120204001444,GIC,49,29,10,604.00,"6,040.00"
2020-12-02,2020120204001443,GIC,58,20,200,605.00,"121,000.00"
2020-12-02,2020120204001442,GIC,58,17,10,605.00,"6,050.00"
2020-12-02,2020120204001465,GIC,49,17,10,604.00,"6,040.00"
2020-12-02,2020120204001459,GIC,49,42,20,604.00,"12,080.00"
2020-12-02,2020120204001458,GIC,58,58,10,605.00,"6,050.00"
2020-12-02,2020120204001457,GIC,58,22,10,605.00,"6,050.00"
2020-12-02,2020120204001456,GIC,58,20,400,605.00,"242,000.00"
2020-12-02,2020120204001453,GIC,49,41,10,604.00,"6,040.00"
2020-12-02,2020120204001484,GIC,49,56,10,604.00,"6,040.00"
2020-12-02,2020120204001483,GIC,49,57,10,604.00,"6,040.00"
2020-12-02,2020120204001482,GIC,42,25,10,605.00,"6,050.00"
2020-12-02,2020120204001481,GIC,42,43,10,605.00,"6,050.00"
2020-12-02,2020120204001477,GIC,49,25,10,604.00,"6,040.00"
2020-12-02,2020120204001469,GIC,49,46,10,604.00,"6,040.00"
2020-12-02,2020120204001494,GIC,11,43,10,605.00,"6,050.00"
2020-12-02,2020120204001493,GIC,11,35,200,605.00,"121,000.00"
2020-12-02,2020120204001492,GIC,11,42,10,605.00,"6,050.00"
2020-12-02,2020120204001491,GIC,11,45,500,605.00,"302,500.00"
2020-12-02,2020120204001490,GIC,49,36,10,604.00,"6,040.00"
2020-12-02,2020120204001488,GIC,49,25,10,604.00,"6,040.00"
2020-12-02,2020120204001519,GIC,36,58,10,607.00,"6,070.00"
2020-12-02,2020120204001518,GIC,36,32,10,607.00,"6,070.00"
2020-12-02,2020120204001517,GIC,11,16,10,605.00,"6,050.00"
2020-12-02,2020120204001497,GIC,11,25,10,605.00,"6,050.00"
2020-12-02,2020120204001496,GIC,11,49,10,605.00,"6,050.00"
2020-12-02,2020120204001495,GIC,11,45,100,605.00,"60,500.00"
2020-12-02,2020120204001533,GIC,11,41,10,605.00,"6,050.00"
2020-12-02,2020120204001531,GIC,11,41,10,605.00,"6,050.00"
2020-12-02,2020120204001526,GIC,11,19,10,605.00,"6,050.00"
2020-12-02,2020120204001522,GIC,36,50,160,607.00,"97,120.00"
2020-12-02,2020120204001521,GIC,36,22,10,607.00,"6,070.00"
2020-12-02,2020120204001520,GIC,36,5,10,607.00,"6,070.00"
2020-12-02,2020120204001540,GIC,17,42,10,608.00,"6,080.00"
2020-12-02,2020120204001539,GIC,17,43,10,608.00,"6,080.00"
2020-12-02,2020120204001538,GIC,17,47,10,608.00,"6,080.00"
2020-12-02,2020120204001537,GIC,17,41,10,607.00,"6,070.00"
2020-12-02,2020120204001536,GIC,17,52,10,607.00,"6,070.00"
2020-12-02,2020120204001535,GIC,17,50,50,607.00,"30,350.00"
2020-12-02,2020120204001557,GIC,33,38,10,607.00,"6,070.00"
2020-12-02,2020120204001551,GIC,34,6,10,609.00,"6,090.00"
2020-12-02,2020120204001550,GIC,34,21,10,609.00,"6,090.00"
2020-12-02,2020120204001549,GIC,34,51,100,609.00,"60,900.00"
2020-12-02,2020120204001547,GIC,17,34,10,608.00,"6,080.00"
2020-12-02,2020120204001541,GIC,17,20,70,608.00,"42,560.00"
2020-12-02,2020120204001581,GIC,17,42,10,609.00,"6,090.00"
2020-12-02,2020120204001580,GIC,17,57,10,609.00,"6,090.00"
2020-12-02,2020120204001579,GIC,17,25,10,608.00,"6,080.00"
2020-12-02,2020120204001577,GIC,33,19,10,607.00,"6,070.00"
2020-12-02,2020120204001565,GIC,33,46,50,607.00,"30,350.00"
2020-12-02,2020120204001564,GIC,33,41,10,607.00,"6,070.00"
2020-12-02,2020120204001591,GIC,58,49,90,605.00,"54,450.00"
2020-12-02,2020120204001590,GIC,11,49,120,605.00,"72,600.00"
2020-12-02,2020120204001589,GIC,33,49,10,607.00,"6,070.00"
2020-12-02,2020120204001584,GIC,33,49,10,607.00,"6,070.00"
2020-12-02,2020120204001583,GIC,17,14,60,609.00,"36,540.00"
2020-12-02,2020120204001582,GIC,17,59,10,609.00,"6,090.00"
2020-12-02,2020120204001600,GIC,49,28,10,604.00,"6,040.00"
2020-12-02,2020120204001599,GIC,49,58,10,604.00,"6,040.00"
2020-12-02,2020120204001597,GIC,49,42,10,604.00,"6,040.00"
2020-12-02,2020120204001596,GIC,49,29,10,604.00,"6,040.00"
2020-12-02,2020120204001593,GIC,49,49,80,604.00,"48,320.00"
2020-12-02,2020120204001592,GIC,17,49,200,605.00,"121,000.00"
2020-12-02,2020120204001618,GIC,22,51,10,606.00,"6,060.00"
2020-12-02,2020120204001616,GIC,22,59,10,606.00,"6,060.00"
2020-12-02,2020120204001613,GIC,22,45,220,606.00,"133,320.00"
2020-12-02,2020120204001612,GIC,50,45,80,606.00,"48,480.00"
2020-12-02,2020120204001603,GIC,50,57,10,606.00,"6,060.00"
2020-12-02,2020120204001602,GIC,50,50,10,606.00,"6,060.00"
2020-12-02,2020120204001632,GIC,22,21,10,606.00,"6,060.00"
2020-12-02,2020120204001628,GIC,35,14,40,609.00,"24,360.00"
2020-12-02,2020120204001627,GIC,35,28,10,608.00,"6,080.00"
2020-12-02,2020120204001623,GIC,22,11,10,606.00,"6,060.00"
2020-12-02,2020120204001620,GIC,22,4,10,606.00,"6,060.00"
2020-12-02,2020120204001619,GIC,22,21,10,606.00,"6,060.00"
2020-12-02,2020120204001171,GIMES1,6,25,"7,155",11.64,"83,284.20"
2020-12-02,2020120204001170,GIMES1,6,55,"2,000",11.64,"23,280.00"
2020-12-02,2020120204001169,GIMES1,6,42,"3,733",11.62,"43,377.46"
2020-12-02,2020120204001168,GIMES1,6,42,"2,112",11.62,"24,541.44"
2020-12-02,2020120204001272,LUK,6,6,200,9.60,"1,920.00"
2020-12-02,2020120204001227,LUK,6,28,300,9.60,"2,880.00"
2020-12-02,2020120204001207,LUK,6,19,"2,000",9.60,"19,200.00"
2020-12-02,2020120204001232,NBF2,44,28,150,9.92,"1,488.00"
2020-12-02,2020120204001209,NBF2,44,42,100,9.92,992.00
2020-12-02,2020120204001595,NEF,50,1,"1,014",9.90,"10,038.60"
2020-12-02,2020120204001402,NEF,37,28,483,9.87,"4,767.21"
2020-12-02,2020120204001303,NEF,38,25,724,10.05,"7,276.20"
2020-12-02,2020120204001302,NEF,38,58,"1,000",10.05,"10,050.00"
2020-12-02,2020120204001301,NEF,38,1,241,10.02,"2,414.82"
2020-12-02,2020120204001300,NEF,38,45,"1,127",10.01,"11,281.27"
2020-12-02,2020120204001299,NEF,38,37,"2,414",10.01,"24,164.14"
2020-12-02,2020120204001298,NEF,38,29,483,10.01,"4,834.83"
2020-12-02,2020120204001253,NEF,22,4,"7,660",9.86,"75,527.60"
2020-12-02,2020120204001252,NEF,53,4,"2,345",9.90,"23,215.50"
2020-12-02,2020120204001251,NEF,13,4,"1,276",10.00,"12,760.00"
2020-12-02,2020120204001293,NIBLPF,25,1,"1,717",10.20,"17,513.40"
2020-12-02,2020120204001292,NIBLPF,25,41,"2,525",10.20,"25,755.00"
2020-12-02,2020120204001291,NIBLPF,25,33,758,10.20,"7,731.60"
2020-12-02,2020120204001239,NIBLPF,6,32,404,10.15,"4,100.60"
2020-12-02,2020120204001181,NIBLPF,6,29,"1,010",10.15,"10,251.50"
2020-12-02,2020120204001180,NIBLPF,6,22,"2,020",10.06,"20,321.20"
2020-12-02,2020120204001606,NIBPO,28,41,228,436.00,"99,408.00"
2020-12-02,2020120204001527,NIBPO,28,34,200,442.00,"88,400.00"
2020-12-02,2020120204001512,NIBPO,28,49,"9,681",442.00,"4,279,002.00"
2020-12-02,2020120204001511,NIBPO,28,32,"1,000",440.00,"440,000.00"
2020-12-02,2020120204001510,NIBPO,28,55,500,440.00,"220,000.00"
2020-12-02,2020120204001509,NIBPO,28,34,100,439.00,"43,900.00"
2020-12-02,2020120204001218,NIBPO,58,39,434,419.00,"181,846.00"
2020-12-02,2020120204001217,NIBPO,58,47,20,418.00,"8,360.00"
2020-12-02,2020120204001212,NIBPO,22,47,200,415.00,"83,000.00"
2020-12-02,2020120204001188,NIBPO,42,39,21,412.00,"8,652.00"
2020-12-02,2020120204001185,NIBPO,34,39,200,412.00,"82,400.00"
2020-12-02,2020120204001165,NIBPO,3,39,490,411.00,"201,390.00"
2020-12-02,2020120204001310,NIBPO,58,22,500,434.00,"217,000.00"
2020-12-02,2020120204001309,NIBPO,58,51,100,430.00,"43,000.00"
2020-12-02,2020120204001308,NIBPO,58,58,122,426.00,"51,972.00"
2020-12-02,2020120204001238,NIBPO,44,32,72,420.00,"30,240.00"
2020-12-02,2020120204001220,NIBPO,58,32,"1,918",420.00,"805,560.00"
2020-12-02,2020120204001219,NIBPO,58,39,128,419.00,"53,632.00"
2020-12-02,2020120204001328,NIBPO,14,22,219,437.00,"95,703.00"
2020-12-02,2020120204001325,NIBPO,14,34,26,435.00,"11,310.00"
2020-12-02,2020120204001314,NIBPO,58,34,24,435.00,"10,440.00"
2020-12-02,2020120204001313,NIBPO,58,58,"10,000",435.00,"4,350,000.00"
2020-12-02,2020120204001312,NIBPO,58,11,754,435.00,"327,990.00"
2020-12-02,2020120204001311,NIBPO,58,17,200,434.00,"86,800.00"
2020-12-02,2020120204001502,NIBPO,28,50,19,437.00,"8,303.00"
2020-12-02,2020120204001475,NIBPO,25,28,154,435.00,"66,990.00"
2020-12-02,2020120204001468,NIBPO,25,28,304,435.00,"132,240.00"
2020-12-02,2020120204001463,NIBPO,25,28,221,435.00,"96,135.00"
2020-12-02,2020120204001434,NIBPO,8,57,631,431.00,"271,961.00"
2020-12-02,2020120204001329,NIBPO,14,50,481,437.00,"210,197.00"
2020-12-02,2020120204001508,NIBPO,28,32,"1,000",439.00,"439,000.00"
2020-12-02,2020120204001507,NIBPO,28,39,150,439.00,"65,850.00"
2020-12-02,2020120204001506,NIBPO,28,32,"1,000",438.00,"438,000.00"
2020-12-02,2020120204001505,NIBPO,28,35,130,438.00,"56,940.00"
2020-12-02,2020120204001504,NIBPO,28,46,100,437.00,"43,700.00"
2020-12-02,2020120204001503,NIBPO,28,22,300,437.00,"131,100.00"
2020-12-02,2020120204001529,NIBSF1,26,53,"1,000",11.06,"11,060.00"
2020-12-02,2020120204001359,NIBSF1,26,25,"5,000",11.06,"55,300.00"
2020-12-02,2020120204001192,NICBF,13,42,100,10.00,"1,000.00"
2020-12-02,2020120204001601,NICGF,48,28,300,10.30,"3,090.00"
2020-12-02,2020120204001586,NICGF,17,59,150,10.50,"1,575.00"
2020-12-02,2020120204001368,NICGF,17,45,250,10.50,"2,625.00"
2020-12-02,2020120204001343,NICGF,17,4,"1,600",10.50,"16,800.00"
2020-12-02,2020120204001563,NMB50,45,4,500,10.36,"5,180.00"
2020-12-02,2020120204001530,NMB50,45,43,500,10.36,"5,180.00"
2020-12-02,2020120204001258,NMB50,53,59,"2,000",10.16,"20,320.00"
2020-12-02,2020120204001257,NMB50,53,45,"2,000",10.16,"20,320.00"
2020-12-02,2020120204001256,NMB50,53,42,200,10.16,"2,032.00"
2020-12-02,2020120204001255,NMB50,53,4,"10,500",10.16,"106,680.00"
2020-12-02,2020120204001182,NMB50,6,42,100,10.10,"1,010.00"
2020-12-02,2020120204001166,NMB50,53,4,"39,300",10.15,"398,895.00"
2020-12-02,2020120204001286,NMBHF1,10,44,"2,336",10.10,"23,593.60"
2020-12-02,2020120204001264,NMBHF1,51,44,728,10.10,"7,352.80"
2020-12-02,2020120204001260,NMBHF1,51,19,"7,887",10.10,"79,658.70"
2020-12-02,2020120204001231,NMBHF1,51,51,"1,385",10.10,"13,988.50"
2020-12-02,2020120204001226,NMBHF1,32,4,"4,824",10.02,"48,336.48"
2020-12-02,2020120204001225,NMBHF1,16,4,"3,000",10.07,"30,210.00"
2020-12-02,2020120204001224,NMBHF1,29,4,"4,000",10.08,"40,320.00"
2020-12-02,2020120204001223,NMBHF1,21,4,350,10.08,"3,528.00"
2020-12-02,2020120204001163,NMBHF1,13,51,"1,111",10.10,"11,221.10"
2020-12-02,2020120204001162,NMBHF1,5,51,"7,504",10.10,"75,790.40"
2020-12-02,2020120204001161,NMBHF1,5,33,"2,496",10.10,"25,209.60"
2020-12-02,2020120204001425,RBCLPO,35,35,500,"15,650.00","7,825,000.00"
2020-12-02,2020120204001412,RBCLPO,35,50,70,"15,650.00","1,095,500.00"
2020-12-02,2020120204001366,RBCLPO,35,35,"1,000","15,650.00","15,650,000.00"
2020-12-02,2020120204001365,RBCLPO,35,10,100,"15,650.00","1,565,000.00"
2020-12-02,2020120204001364,RBCLPO,35,50,20,"15,644.00","312,880.00"
2020-12-02,2020120204001363,RBCLPO,35,4,10,"15,640.00","156,400.00"
2020-12-02,2020120204001174,RBCLPO,33,59,100,"14,995.00","1,499,500.00"
2020-12-02,2020120204001173,RBCLPO,51,59,10,"14,996.00","149,960.00"
2020-12-02,2020120204001172,RBCLPO,56,59,10,"14,997.00","149,970.00"
2020-12-02,2020120204001160,RBCLPO,56,35,10,"14,998.00","149,980.00"
2020-12-02,2020120204001261,RBCLPO,33,1,10,"15,650.00","156,500.00"
2020-12-02,2020120204001259,RBCLPO,33,43,20,"15,599.00","311,980.00"
2020-12-02,2020120204001221,RBCLPO,35,43,10,"15,294.00","152,940.00"
2020-12-02,2020120204001208,RBCLPO,35,43,10,"15,443.00","154,430.00"
2020-12-02,2020120204001204,RBCLPO,35,43,10,"15,294.00","152,940.00"
2020-12-02,2020120204001203,RBCLPO,35,4,10,"15,000.00","150,000.00"
2020-12-02,2020120204001594,SAEF,6,16,"3,000",11.01,"33,030.00"
2020-12-02,2020120204001461,SAEF,58,16,"3,900",11.01,"42,939.00"
2020-12-02,2020120204001447,SAEF,6,16,"1,100",11.01,"12,111.00"
2020-12-02,2020120204001433,SAEF,6,7,"2,000",11.01,"22,020.00"
2020-12-02,2020120204001430,SAEF,6,59,"1,000",11.01,"11,010.00"
2020-12-02,2020120204001334,SAEF,6,52,900,11.01,"9,909.00"
2020-12-02,2020120204001234,SAEF,45,52,500,11.02,"5,510.00"
2020-12-02,2020120204001316,SAEF,47,26,"3,000",11.01,"33,030.00"
2020-12-02,2020120204001297,SAEF,47,52,900,11.00,"9,900.00"
2020-12-02,2020120204001287,SAEF,47,47,"5,000",11.00,"55,000.00"
2020-12-02,2020120204001281,SAEF,47,4,500,11.00,"5,500.00"
2020-12-02,2020120204001263,SAEF,47,52,400,11.00,"4,400.00"
2020-12-02,2020120204001262,SAEF,45,52,500,11.02,"5,510.00"
2020-12-02,2020120204001290,SBIBD86,49,49,30,"1,013.00","30,390.00"
2020-12-02,2020120204001657,SEF,28,45,400,10.33,"4,132.00"
2020-12-02,2020120204001633,SEF,35,35,"3,000",10.21,"30,630.00"
2020-12-02,2020120204001615,SEF,34,45,"2,000",10.21,"20,420.00"
2020-12-02,2020120204001588,SEF,6,18,200,10.20,"2,040.00"
2020-12-02,2020120204001587,SEF,34,7,"1,000",10.21,"10,210.00"
2020-12-02,2020120204001524,SEF,6,49,"2,500",10.20,"25,500.00"
2020-12-02,2020120204001276,SEF,34,55,"1,000",10.25,"10,250.00"
2020-12-02,2020120204001273,SEF,34,13,"5,000",10.25,"51,250.00"
2020-12-02,2020120204001211,SEF,34,28,500,10.25,"5,125.00"
2020-12-02,2020120204001394,SEF,36,45,500,10.26,"5,130.00"
2020-12-02,2020120204001323,SEF,34,44,500,10.20,"5,100.00"
2020-12-02,2020120204001319,SEF,34,28,"19,500",10.20,"198,900.00"
2020-12-02,2020120204001318,SEF,35,28,"1,000",10.20,"10,200.00"
2020-12-02,2020120204001317,SEF,17,28,500,10.23,"5,115.00"
2020-12-02,2020120204001278,SEF,34,44,"4,500",10.25,"46,125.00"
2020-12-02,2020120204001523,SEF,36,49,500,10.20,"5,100.00"
2020-12-02,2020120204001472,SEF,36,59,"4,500",10.20,"45,900.00"
2020-12-02,2020120204001471,SEF,36,59,500,10.30,"5,150.00"
2020-12-02,2020120204001467,SEF,36,49,"1,000",10.30,"10,300.00"
2020-12-02,2020120204001396,SEF,36,48,"1,000",10.30,"10,300.00"
2020-12-02,2020120204001395,SEF,36,35,"2,000",10.30,"20,600.00"
2020-12-02,2020120204001655,SGI,45,29,10,632.00,"6,320.00"
2020-12-02,2020120204001654,SGI,45,49,30,632.00,"18,960.00"
2020-12-02,2020120204001648,SGI,35,57,10,630.00,"6,300.00"
2020-12-02,2020120204001646,SGI,22,49,350,632.00,"221,200.00"
2020-12-02,2020120204001644,SGI,22,49,10,632.00,"6,320.00"
2020-12-02,2020120204001642,SGI,22,21,10,632.00,"6,320.00"
2020-12-02,2020120204001167,SGI,35,8,10,633.00,"6,330.00"
2020-12-02,2020120204001189,SGI,51,44,200,635.00,"127,000.00"
2020-12-02,2020120204001187,SGI,38,18,10,634.00,"6,340.00"
2020-12-02,2020120204001178,SGI,38,45,10,634.00,"6,340.00"
2020-12-02,2020120204001177,SGI,38,22,10,634.00,"6,340.00"
2020-12-02,2020120204001176,SGI,38,41,10,634.00,"6,340.00"
2020-12-02,2020120204001175,SGI,38,17,10,634.00,"6,340.00"
2020-12-02,2020120204001202,SGI,57,34,66,635.00,"41,910.00"
2020-12-02,2020120204001201,SGI,57,13,10,635.00,"6,350.00"
2020-12-02,2020120204001200,SGI,57,44,24,635.00,"15,240.00"
2020-12-02,2020120204001199,SGI,58,44,40,635.00,"25,400.00"
2020-12-02,2020120204001197,SGI,38,21,10,634.00,"6,340.00"
2020-12-02,2020120204001191,SGI,38,56,10,634.00,"6,340.00"
2020-12-02,2020120204001237,SGI,35,56,10,633.00,"6,330.00"
2020-12-02,2020120204001235,SGI,35,21,10,633.00,"6,330.00"
2020-12-02,2020120204001214,SGI,38,21,10,634.00,"6,340.00"
2020-12-02,2020120204001213,SGI,38,28,10,634.00,"6,340.00"
2020-12-02,2020120204001210,SGI,38,19,10,634.00,"6,340.00"
2020-12-02,2020120204001205,SGI,45,34,25,635.00,"15,875.00"
2020-12-02,2020120204001265,SGI,46,32,10,634.00,"6,340.00"
2020-12-02,2020120204001254,SGI,1,34,10,635.00,"6,350.00"
2020-12-02,2020120204001245,SGI,50,35,20,633.00,"12,660.00"
2020-12-02,2020120204001244,SGI,35,35,440,633.00,"278,520.00"
2020-12-02,2020120204001243,SGI,58,35,40,634.00,"25,360.00"
2020-12-02,2020120204001242,SGI,58,28,10,634.00,"6,340.00"
2020-12-02,2020120204001279,SGI,5,8,10,634.00,"6,340.00"
2020-12-02,2020120204001275,SGI,5,47,100,634.00,"63,400.00"
2020-12-02,2020120204001274,SGI,5,47,200,634.00,"126,800.00"
2020-12-02,2020120204001271,SGI,50,19,10,633.00,"6,330.00"
2020-12-02,2020120204001268,SGI,46,21,10,634.00,"6,340.00"
2020-12-02,2020120204001266,SGI,46,33,10,634.00,"6,340.00"
2020-12-02,2020120204001304,SGI,5,47,10,634.00,"6,340.00"
2020-12-02,2020120204001296,SGI,5,19,10,634.00,"6,340.00"
2020-12-02,2020120204001295,SGI,5,32,10,634.00,"6,340.00"
2020-12-02,2020120204001288,SGI,5,58,10,634.00,"6,340.00"
2020-12-02,2020120204001285,SGI,5,41,10,634.00,"6,340.00"
2020-12-02,2020120204001283,SGI,5,19,10,634.00,"6,340.00"
2020-12-02,2020120204001330,SGI,13,56,10,632.00,"6,320.00"
2020-12-02,2020120204001326,SGI,48,19,50,633.00,"31,650.00"
2020-12-02,2020120204001320,SGI,50,16,10,633.00,"6,330.00"
2020-12-02,2020120204001307,SGI,5,49,10,634.00,"6,340.00"
2020-12-02,2020120204001306,SGI,5,47,10,634.00,"6,340.00"
2020-12-02,2020120204001305,SGI,5,29,10,634.00,"6,340.00"
2020-12-02,2020120204001345,SGI,50,35,390,632.00,"246,480.00"
2020-12-02,2020120204001344,SGI,13,35,70,632.00,"44,240.00"
2020-12-02,2020120204001342,SGI,13,19,10,632.00,"6,320.00"
2020-12-02,2020120204001333,SGI,13,47,10,632.00,"6,320.00"
2020-12-02,2020120204001332,SGI,58,35,90,634.00,"57,060.00"
2020-12-02,2020120204001331,SGI,58,34,10,633.00,"6,330.00"
2020-12-02,2020120204001351,SGI,57,35,210,630.00,"132,300.00"
2020-12-02,2020120204001350,SGI,51,35,100,631.00,"63,100.00"
2020-12-02,2020120204001349,SGI,5,35,130,631.00,"82,030.00"
2020-12-02,2020120204001348,SGI,42,35,100,632.00,"63,200.00"
2020-12-02,2020120204001347,SGI,56,35,20,632.00,"12,640.00"
2020-12-02,2020120204001346,SGI,38,35,400,632.00,"252,800.00"
2020-12-02,2020120204001367,SGI,13,49,50,629.00,"31,450.00"
2020-12-02,2020120204001360,SGI,43,19,50,629.00,"31,450.00"
2020-12-02,2020120204001356,SGI,43,58,10,629.00,"6,290.00"
2020-12-02,2020120204001354,SGI,22,35,100,630.00,"63,000.00"
2020-12-02,2020120204001353,SGI,25,35,40,630.00,"25,200.00"
2020-12-02,2020120204001352,SGI,35,35,50,630.00,"31,500.00"
2020-12-02,2020120204001401,SGI,35,25,10,626.00,"6,260.00"
2020-12-02,2020120204001400,SGI,35,55,10,626.00,"6,260.00"
2020-12-02,2020120204001399,SGI,50,58,10,625.00,"6,250.00"
2020-12-02,2020120204001398,SGI,5,51,10,626.00,"6,260.00"
2020-12-02,2020120204001397,SGI,5,22,10,626.00,"6,260.00"
2020-12-02,2020120204001370,SGI,50,3,10,625.00,"6,250.00"
2020-12-02,2020120204001455,SGI,34,3,10,627.00,"6,270.00"
2020-12-02,2020120204001454,SGI,34,55,10,627.00,"6,270.00"
2020-12-02,2020120204001431,SGI,5,49,180,627.00,"112,860.00"
2020-12-02,2020120204001407,SGI,5,34,10,627.00,"6,270.00"
2020-12-02,2020120204001406,SGI,5,49,10,627.00,"6,270.00"
2020-12-02,2020120204001404,SGI,35,49,10,626.00,"6,260.00"
2020-12-02,2020120204001478,SGI,34,58,10,627.00,"6,270.00"
2020-12-02,2020120204001474,SGI,34,34,10,627.00,"6,270.00"
2020-12-02,2020120204001470,SGI,34,41,10,627.00,"6,270.00"
2020-12-02,2020120204001464,SGI,34,21,10,627.00,"6,270.00"
2020-12-02,2020120204001462,SGI,34,45,10,627.00,"6,270.00"
2020-12-02,2020120204001460,SGI,34,49,500,627.00,"313,500.00"
2020-12-02,2020120204001501,SGI,58,17,10,628.00,"6,280.00"
2020-12-02,2020120204001499,SGI,34,29,10,627.00,"6,270.00"
2020-12-02,2020120204001498,SGI,34,41,10,627.00,"6,270.00"
2020-12-02,2020120204001489,SGI,34,42,10,627.00,"6,270.00"
2020-12-02,2020120204001487,SGI,34,42,10,627.00,"6,270.00"
2020-12-02,2020120204001479,SGI,34,22,10,627.00,"6,270.00"
2020-12-02,2020120204001528,SGI,34,49,10,627.00,"6,270.00"
2020-12-02,2020120204001525,SGI,58,46,450,628.00,"282,600.00"
2020-12-02,2020120204001516,SGI,58,49,10,628.00,"6,280.00"
2020-12-02,2020120204001515,SGI,58,19,10,628.00,"6,280.00"
2020-12-02,2020120204001514,SGI,58,20,10,628.00,"6,280.00"
2020-12-02,2020120204001513,SGI,58,41,10,628.00,"6,280.00"
2020-12-02,2020120204001552,SGI,34,19,10,627.00,"6,270.00"
2020-12-02,2020120204001548,SGI,34,45,10,627.00,"6,270.00"
2020-12-02,2020120204001546,SGI,34,29,10,627.00,"6,270.00"
2020-12-02,2020120204001543,SGI,34,29,10,627.00,"6,270.00"
2020-12-02,2020120204001542,SGI,34,56,10,627.00,"6,270.00"
2020-12-02,2020120204001532,SGI,44,46,40,628.00,"25,120.00"
2020-12-02,2020120204001559,SGI,26,19,10,628.00,"6,280.00"
2020-12-02,2020120204001558,SGI,26,37,10,628.00,"6,280.00"
2020-12-02,2020120204001556,SGI,26,46,10,628.00,"6,280.00"
2020-12-02,2020120204001555,SGI,34,19,10,627.00,"6,270.00"
2020-12-02,2020120204001554,SGI,34,42,10,627.00,"6,270.00"
2020-12-02,2020120204001553,SGI,34,41,10,627.00,"6,270.00"
2020-12-02,2020120204001569,SGI,45,44,10,630.00,"6,300.00"
2020-12-02,2020120204001568,SGI,45,42,10,630.00,"6,300.00"
2020-12-02,2020120204001567,SGI,45,44,10,630.00,"6,300.00"
2020-12-02,2020120204001566,SGI,51,19,10,629.00,"6,290.00"
2020-12-02,2020120204001562,SGI,26,21,40,628.00,"25,120.00"
2020-12-02,2020120204001561,SGI,26,38,10,628.00,"6,280.00"
2020-12-02,2020120204001575,SGI,45,44,10,630.00,"6,300.00"
2020-12-02,2020120204001574,SGI,45,49,10,630.00,"6,300.00"
2020-12-02,2020120204001573,SGI,45,44,10,630.00,"6,300.00"
2020-12-02,2020120204001572,SGI,45,58,10,630.00,"6,300.00"
2020-12-02,2020120204001571,SGI,45,43,10,630.00,"6,300.00"
2020-12-02,2020120204001570,SGI,45,17,10,630.00,"6,300.00"
2020-12-02,2020120204001605,SGI,35,21,10,630.00,"6,300.00"
2020-12-02,2020120204001604,SGI,49,29,10,630.00,"6,300.00"
2020-12-02,2020120204001598,SGI,49,21,10,630.00,"6,300.00"
2020-12-02,2020120204001585,SGI,49,21,10,630.00,"6,300.00"
2020-12-02,2020120204001578,SGI,49,44,10,630.00,"6,300.00"
2020-12-02,2020120204001576,SGI,45,51,10,630.00,"6,300.00"
2020-12-02,2020120204001614,SGI,22,58,10,632.00,"6,320.00"
2020-12-02,2020120204001611,SGI,22,57,10,632.00,"6,320.00"
2020-12-02,2020120204001610,SGI,22,51,10,632.00,"6,320.00"
2020-12-02,2020120204001609,SGI,22,14,10,632.00,"6,320.00"
2020-12-02,2020120204001608,SGI,22,7,10,632.00,"6,320.00"
2020-12-02,2020120204001607,SGI,22,32,10,632.00,"6,320.00"
2020-12-02,2020120204001630,SGI,22,6,10,632.00,"6,320.00"
2020-12-02,2020120204001629,SGI,22,54,10,632.00,"6,320.00"
2020-12-02,2020120204001626,SGI,22,21,10,632.00,"6,320.00"
2020-12-02,2020120204001622,SGI,22,21,10,632.00,"6,320.00"
2020-12-02,2020120204001621,SGI,22,21,10,632.00,"6,320.00"
2020-12-02,2020120204001617,SGI,22,57,10,632.00,"6,320.00"
2020-12-02,2020120204001639,SGI,22,21,10,632.00,"6,320.00"
2020-12-02,2020120204001638,SGI,47,34,20,633.00,"12,660.00"
2020-12-02,2020120204001637,SGI,47,43,100,633.00,"63,300.00"
2020-12-02,2020120204001636,SGI,47,43,60,633.00,"37,980.00"
2020-12-02,2020120204001635,SGI,47,21,10,633.00,"6,330.00"
2020-12-02,2020120204001634,SGI,47,58,10,633.00,"6,330.00"
2020-12-02,2020120204001641,STC,33,22,10,"6,507.00","65,070.00"
2020-12-02,2020120204001640,STC,33,47,10,"6,500.00","65,000.00"
2020-12-02,2020120204001631,STC,33,7,30,"6,450.00","193,500.00"
2020-12-02,2020120204001473,STC,56,45,10,"6,324.00","63,240.00"
2020-12-02,2020120204001449,STC,33,10,50,"6,325.00","316,250.00"
2020-12-02,2020120204001448,STC,33,59,100,"6,262.00","626,200.00"
2020-12-02,2020120204001405,STC,42,51,10,"6,300.00","63,000.00"
2020-12-02,2020120204001269,STC,35,49,10,"6,201.00","62,010.00"
2020-12-02,2020120204001240,STC,26,52,10,"6,150.00","61,500.00"
2020-12-02,2020120204001206,STC,45,49,10,"6,130.00","61,300.00"
2020-12-02,2020120204001149,BBC,8,20,10,"3,116.00","31,160.00"
2020-12-02,2020120204001132,BBC,8,20,10,"3,116.00","31,160.00"
2020-12-02,2020120204001055,BBC,5,14,10,"3,055.00","30,550.00"
2020-12-02,2020120204001040,BBC,35,37,20,"3,054.00","61,080.00"
2020-12-02,2020120204001036,BBC,34,37,20,"3,054.00","61,080.00"
2020-12-02,2020120204001035,BBC,33,37,50,"3,060.00","153,000.00"
2020-12-02,2020120204000801,BBC,34,56,50,"3,117.00","155,850.00"
2020-12-02,2020120204000800,BBC,34,51,80,"3,115.00","249,200.00"
2020-12-02,2020120204000769,BBC,35,51,20,"3,115.00","62,300.00"
2020-12-02,2020120204000934,BBC,21,34,10,"3,090.00","30,900.00"
2020-12-02,2020120204000933,BBC,50,34,10,"3,091.00","30,910.00"
2020-12-02,2020120204000932,BBC,50,34,10,"3,100.00","31,000.00"
2020-12-02,2020120204000931,BBC,56,34,20,"3,110.00","62,200.00"
2020-12-02,2020120204000930,BBC,49,34,50,"3,111.00","155,550.00"
2020-12-02,2020120204000929,BBC,32,34,50,"3,112.00","155,600.00"
2020-12-02,2020120204000940,BBC,37,34,80,"3,053.00","244,240.00"
2020-12-02,2020120204000939,BBC,52,34,10,"3,055.00","30,550.00"
2020-12-02,2020120204000938,BBC,35,34,100,"3,055.00","305,500.00"
2020-12-02,2020120204000937,BBC,33,34,10,"3,079.00","30,790.00"
2020-12-02,2020120204000936,BBC,49,34,20,"3,080.00","61,600.00"
2020-12-02,2020120204000935,BBC,51,34,30,"3,080.00","92,400.00"
2020-12-02,2020120204001157,CMF1,49,52,"1,000",10.00,"10,000.00"
2020-12-02,2020120204001114,CMF1,49,35,700,10.00,"7,000.00"
2020-12-02,2020120204001113,CMF1,57,35,"2,000",10.00,"20,000.00"
2020-12-02,2020120204001111,CMF1,48,35,"2,300",10.10,"23,230.00"
2020-12-02,2020120204000890,CMF1,48,44,700,10.10,"7,070.00"
2020-12-02,2020120204000889,CMF1,21,44,300,10.12,"3,036.00"
2020-12-02,2020120204000873,CMF1,21,49,"2,000",10.12,"20,240.00"
2020-12-02,2020120204000872,CMF1,21,41,200,10.12,"2,024.00"
2020-12-02,2020120204000831,CMF1,48,35,"5,000",10.10,"50,500.00"
2020-12-02,2020120204001067,GBD80/81,58,45,100,"1,045.00","104,500.00"
2020-12-02,2020120204000847,GBD80/81,6,38,25,"1,041.00","26,025.00"
2020-12-02,2020120204001154,GIC,43,36,10,600.00,"6,000.00"
2020-12-02,2020120204001152,GIC,43,47,10,600.00,"6,000.00"
2020-12-02,2020120204001136,GIC,43,58,10,600.00,"6,000.00"
2020-12-02,2020120204001131,GIC,43,1,10,600.00,"6,000.00"
2020-12-02,2020120204001130,GIC,43,38,10,600.00,"6,000.00"
2020-12-02,2020120204001127,GIC,22,13,10,601.00,"6,010.00"
2020-12-02,2020120204000678,GIC,38,29,10,602.00,"6,020.00"
2020-12-02,2020120204000677,GIC,38,43,10,602.00,"6,020.00"
2020-12-02,2020120204000672,GIC,8,58,10,601.00,"6,010.00"
2020-12-02,2020120204000669,GIC,8,29,10,601.00,"6,010.00"
2020-12-02,2020120204000660,GIC,8,21,10,601.00,"6,010.00"
2020-12-02,2020120204000658,GIC,8,25,10,601.00,"6,010.00"
2020-12-02,2020120204000685,GIC,38,56,10,602.00,"6,020.00"
2020-12-02,2020120204000683,GIC,38,5,30,602.00,"18,060.00"
2020-12-02,2020120204000682,GIC,38,34,10,602.00,"6,020.00"
2020-12-02,2020120204000681,GIC,38,49,10,602.00,"6,020.00"
2020-12-02,2020120204000680,GIC,38,6,10,602.00,"6,020.00"
2020-12-02,2020120204000679,GIC,38,34,10,602.00,"6,020.00"
2020-12-02,2020120204000706,GIC,38,38,180,602.00,"108,360.00"
2020-12-02,2020120204000704,GIC,26,57,100,603.00,"60,300.00"
2020-12-02,2020120204000702,GIC,34,57,50,603.00,"30,150.00"
2020-12-02,2020120204000701,GIC,34,53,150,603.00,"90,450.00"
2020-12-02,2020120204000700,GIC,38,56,10,602.00,"6,020.00"
2020-12-02,2020120204000698,GIC,38,42,10,602.00,"6,020.00"
2020-12-02,2020120204000733,GIC,21,56,10,601.00,"6,010.00"
2020-12-02,2020120204000732,GIC,45,49,50,600.00,"30,000.00"
2020-12-02,2020120204000720,GIC,21,33,228,601.00,"137,028.00"
2020-12-02,2020120204000716,GIC,21,49,30,601.00,"18,030.00"
2020-12-02,2020120204000715,GIC,8,49,20,601.00,"12,020.00"
2020-12-02,2020120204000707,GIC,6,38,20,602.00,"12,040.00"
2020-12-02,2020120204000784,GIC,38,26,10,602.00,"6,020.00"
2020-12-02,2020120204000771,GIC,38,6,10,602.00,"6,020.00"
2020-12-02,2020120204000758,GIC,38,29,10,602.00,"6,020.00"
2020-12-02,2020120204000757,GIC,38,35,10,602.00,"6,020.00"
2020-12-02,2020120204000756,GIC,38,36,10,602.00,"6,020.00"
2020-12-02,2020120204000735,GIC,21,25,10,601.00,"6,010.00"
2020-12-02,2020120204000823,GIC,50,55,10,603.00,"6,030.00"
2020-12-02,2020120204000813,GIC,50,57,51,603.00,"30,753.00"
2020-12-02,2020120204000808,GIC,45,51,10,601.00,"6,010.00"
2020-12-02,2020120204000807,GIC,45,56,10,601.00,"6,010.00"
2020-12-02,2020120204000796,GIC,21,55,10,601.00,"6,010.00"
2020-12-02,2020120204000795,GIC,21,25,10,601.00,"6,010.00"
2020-12-02,2020120204000875,GIC,57,45,10,603.00,"6,030.00"
2020-12-02,2020120204000871,GIC,45,14,10,601.00,"6,010.00"
2020-12-02,2020120204000870,GIC,45,36,10,601.00,"6,010.00"
2020-12-02,2020120204000836,GIC,57,45,39,603.00,"23,517.00"
2020-12-02,2020120204000830,GIC,57,49,11,603.00,"6,633.00"
2020-12-02,2020120204000829,GIC,50,49,39,603.00,"23,517.00"
2020-12-02,2020120204000917,GIC,51,28,10,601.00,"6,010.00"
2020-12-02,2020120204000916,GIC,51,32,10,601.00,"6,010.00"
2020-12-02,2020120204000914,GIC,51,51,10,601.00,"6,010.00"
2020-12-02,2020120204000906,GIC,51,45,10,601.00,"6,010.00"
2020-12-02,2020120204000892,GIC,51,34,10,601.00,"6,010.00"
2020-12-02,2020120204000881,GIC,51,32,10,601.00,"6,010.00"
2020-12-02,2020120204000942,GIC,18,53,100,601.00,"60,100.00"
2020-12-02,2020120204000941,GIC,51,53,130,601.00,"78,130.00"
2020-12-02,2020120204000926,GIC,42,14,54,603.00,"32,562.00"
2020-12-02,2020120204000925,GIC,42,39,10,603.00,"6,030.00"
2020-12-02,2020120204000924,GIC,42,45,11,603.00,"6,633.00"
2020-12-02,2020120204000918,GIC,51,38,10,601.00,"6,010.00"
2020-12-02,2020120204000951,GIC,57,58,50,600.00,"30,000.00"
2020-12-02,2020120204000947,GIC,14,53,70,601.00,"42,070.00"
2020-12-02,2020120204000946,GIC,22,53,500,601.00,"300,500.00"
2020-12-02,2020120204000945,GIC,13,53,50,601.00,"30,050.00"
2020-12-02,2020120204000944,GIC,50,53,50,601.00,"30,050.00"
2020-12-02,2020120204000943,GIC,48,53,30,601.00,"18,030.00"
2020-12-02,2020120204000957,GIC,34,58,430,600.00,"258,000.00"
2020-12-02,2020120204000956,GIC,13,58,20,600.00,"12,000.00"
2020-12-02,2020120204000955,GIC,45,58,110,600.00,"66,000.00"
2020-12-02,2020120204000954,GIC,35,58,400,600.00,"240,000.00"
2020-12-02,2020120204000953,GIC,22,58,200,600.00,"120,000.00"
2020-12-02,2020120204000952,GIC,51,58,50,600.00,"30,000.00"
2020-12-02,2020120204000974,GIC,48,38,10,600.00,"6,000.00"
2020-12-02,2020120204000972,GIC,48,39,10,600.00,"6,000.00"
2020-12-02,2020120204000968,GIC,48,47,10,600.00,"6,000.00"
2020-12-02,2020120204000960,GIC,48,58,101,600.00,"60,600.00"
2020-12-02,2020120204000959,GIC,29,58,150,600.00,"90,000.00"
2020-12-02,2020120204000958,GIC,47,58,100,600.00,"60,000.00"
2020-12-02,2020120204001015,GIC,48,5,10,600.00,"6,000.00"
2020-12-02,2020120204001014,GIC,48,43,10,600.00,"6,000.00"
2020-12-02,2020120204001013,GIC,48,28,10,600.00,"6,000.00"
2020-12-02,2020120204000983,GIC,48,41,10,600.00,"6,000.00"
2020-12-02,2020120204000979,GIC,48,41,10,600.00,"6,000.00"
2020-12-02,2020120204000977,GIC,21,53,30,601.00,"18,030.00"
2020-12-02,2020120204001023,GIC,43,35,10,600.00,"6,000.00"
2020-12-02,2020120204001022,GIC,43,45,10,600.00,"6,000.00"
2020-12-02,2020120204001021,GIC,43,35,10,600.00,"6,000.00"
2020-12-02,2020120204001020,GIC,43,17,10,600.00,"6,000.00"
2020-12-02,2020120204001019,GIC,43,35,10,600.00,"6,000.00"
2020-12-02,2020120204001018,GIC,48,59,10,600.00,"6,000.00"
2020-12-02,2020120204001058,GIC,43,49,10,600.00,"6,000.00"
2020-12-02,2020120204001054,GIC,43,44,50,600.00,"30,000.00"
2020-12-02,2020120204001043,GIC,43,35,10,600.00,"6,000.00"
2020-12-02,2020120204001031,GIC,43,52,10,600.00,"6,000.00"
2020-12-02,2020120204001027,GIC,43,58,10,600.00,"6,000.00"
2020-12-02,2020120204001026,GIC,43,1,10,600.00,"6,000.00"
2020-12-02,2020120204001089,GIC,45,53,170,601.00,"102,170.00"
2020-12-02,2020120204001087,GIC,43,42,10,600.00,"6,000.00"
2020-12-02,2020120204001086,GIC,43,45,10,600.00,"6,000.00"
2020-12-02,2020120204001083,GIC,43,45,10,600.00,"6,000.00"
2020-12-02,2020120204001070,GIC,43,49,10,600.00,"6,000.00"
2020-12-02,2020120204001069,GIC,43,5,10,600.00,"6,000.00"
2020-12-02,2020120204001102,GIC,59,53,100,601.00,"60,100.00"
2020-12-02,2020120204001101,GIC,59,6,10,601.00,"6,010.00"
2020-12-02,2020120204001100,GIC,59,53,620,601.00,"372,620.00"
2020-12-02,2020120204001098,GIC,43,36,10,600.00,"6,000.00"
2020-12-02,2020120204001097,GIC,43,52,10,600.00,"6,000.00"
2020-12-02,2020120204001091,GIC,57,53,150,601.00,"90,150.00"
2020-12-02,2020120204001112,GIC,43,1,10,600.00,"6,000.00"
2020-12-02,2020120204001110,GIC,43,1,10,600.00,"6,000.00"
2020-12-02,2020120204001106,GIC,43,1,10,600.00,"6,000.00"
