Date,Transact. No.,Symbol,Buyer,Seller,Quantity,Rate,Amount
2020-01-26,2020012601012588,ADBL,16,56,639,372.00,"237,708.00"
2020-01-26,2020012601012587,ADBL,13,56,250,373.00,"93,250.00"
2020-01-26,2020012601012586,ADBL,17,56,300,373.00,"111,900.00"
2020-01-26,2020012601012585,ADBL,51,56,211,373.00,"78,703.00"
2020-01-26,2020012601012671,AKPL,45,53,"4,800",125.00,"600,000.00"
2020-01-26,2020012601012670,AKPL,45,6,948,125.00,"118,500.00"
2020-01-26,2020012601012669,AKPL,45,6,442,125.00,"55,250.00"
2020-01-26,2020012601012668,AKPL,45,7,500,125.00,"62,500.00"
2020-01-26,2020012601012667,AKPL,45,49,23,125.00,"2,875.00"
2020-01-26,2020012601012583,AKPL,41,14,100,124.00,"12,400.00"
2020-01-26,2020012601012692,ALBSL,16,58,10,628.00,"6,280.00"
2020-01-26,2020012601012691,ALBSL,16,36,10,620.00,"6,200.00"
2020-01-26,2020012601012648,ALBSL,14,52,40,616.00,"24,640.00"
2020-01-26,2020012601012647,ALBSL,7,52,160,617.00,"98,720.00"
2020-01-26,2020012601012530,ALBSL,7,39,10,617.00,"6,170.00"
2020-01-26,2020012601012664,ALICL,58,42,33,497.00,"16,401.00"
2020-01-26,2020012601012663,ALICL,58,58,120,497.00,"59,640.00"
2020-01-26,2020012601012459,API,25,51,20,117.00,"2,340.00"
2020-01-26,2020012601012458,API,25,5,140,116.00,"16,240.00"
2020-01-26,2020012601012404,API,34,5,60,116.00,"6,960.00"
2020-01-26,2020012601012400,API,38,5,300,116.00,"34,800.00"
2020-01-26,2020012601012399,API,34,25,500,115.00,"57,500.00"
2020-01-26,2020012601012398,API,43,25,100,115.00,"11,500.00"
2020-01-26,2020012601012397,API,17,25,485,115.00,"55,775.00"
2020-01-26,2020012601012502,BOKL,26,52,100,226.00,"22,600.00"
2020-01-26,2020012601012390,BPCL,50,33,50,318.00,"15,900.00"
2020-01-26,2020012601012450,CBBL,44,36,88,880.00,"77,440.00"
2020-01-26,2020012601012449,CBBL,44,13,112,880.00,"98,560.00"
2020-01-26,2020012601012266,CBBL,6,36,110,880.00,"96,800.00"
2020-01-26,2020012601012644,CBL,43,51,165,143.00,"23,595.00"
2020-01-26,2020012601012601,CBL,32,38,100,144.00,"14,400.00"
2020-01-26,2020012601012600,CBL,10,38,"1,500",144.00,"216,000.00"
2020-01-26,2020012601012599,CBL,21,38,500,144.00,"72,000.00"
2020-01-26,2020012601012598,CBL,11,38,100,144.00,"14,400.00"
2020-01-26,2020012601012597,CBL,57,38,200,144.00,"28,800.00"
2020-01-26,2020012601012495,CBL,53,7,"1,646",144.00,"237,024.00"
2020-01-26,2020012601012344,CBL,43,44,10,145.00,"1,450.00"
2020-01-26,2020012601012302,CBL,53,44,"1,000",144.00,"144,000.00"
2020-01-26,2020012601012501,CBL,29,7,964,144.00,"138,816.00"
2020-01-26,2020012601012500,CBL,53,7,100,144.00,"14,400.00"
2020-01-26,2020012601012499,CBL,50,7,100,144.00,"14,400.00"
2020-01-26,2020012601012498,CBL,25,7,190,144.00,"27,360.00"
2020-01-26,2020012601012497,CBL,50,7,"1,000",144.00,"144,000.00"
2020-01-26,2020012601012496,CBL,39,7,"1,000",144.00,"144,000.00"
2020-01-26,2020012601012596,CBL,49,38,"1,000",144.00,"144,000.00"
2020-01-26,2020012601012595,CBL,33,38,"3,000",144.00,"432,000.00"
2020-01-26,2020012601012594,CBL,25,38,500,144.00,"72,000.00"
2020-01-26,2020012601012593,CBL,44,38,200,144.00,"28,800.00"
2020-01-26,2020012601012592,CBL,29,38,"1,036",144.00,"149,184.00"
2020-01-26,2020012601012533,CBL,43,44,10,145.00,"1,450.00"
2020-01-26,2020012601012522,CCBL,25,26,200,178.00,"35,600.00"
2020-01-26,2020012601012444,CCBL,16,32,"2,000",178.00,"356,000.00"
2020-01-26,2020012601012372,CCBL,44,55,10,179.00,"1,790.00"
2020-01-26,2020012601012745,CIT,8,25,10,"2,189.00","21,890.00"
2020-01-26,2020012601012744,CIT,8,52,115,"2,158.00","248,170.00"
2020-01-26,2020012601012700,CIT,57,58,13,"2,155.00","28,015.00"
2020-01-26,2020012601012528,CIT,8,42,20,"2,150.00","43,000.00"
2020-01-26,2020012601012662,CLBSL,13,45,20,870.00,"17,400.00"
2020-01-26,2020012601012553,CLBSL,13,26,11,853.00,"9,383.00"
2020-01-26,2020012601012505,CLBSL,13,42,25,842.00,"21,050.00"
2020-01-26,2020012601012504,CLBSL,13,42,16,841.00,"13,456.00"
2020-01-26,2020012601012503,CLBSL,13,43,11,840.00,"9,240.00"
2020-01-26,2020012601012428,CLBSL,13,59,50,839.00,"41,950.00"
2020-01-26,2020012601012619,CZBIL,51,48,"1,547",190.00,"293,930.00"
2020-01-26,2020012601012324,CZBIL,51,38,158,190.00,"30,020.00"
2020-01-26,2020012601012323,CZBIL,37,38,323,190.00,"61,370.00"
2020-01-26,2020012601012649,DDBL,6,46,100,"1,032.00","103,200.00"
2020-01-26,2020012601012646,DDBL,26,25,170,"1,030.00","175,100.00"
2020-01-26,2020012601012639,DDBL,3,25,30,"1,030.00","30,900.00"
2020-01-26,2020012601012631,DDBL,25,16,30,"1,029.00","30,870.00"
2020-01-26,2020012601012624,DDBL,38,38,96,"1,029.00","98,784.00"
2020-01-26,2020012601012579,DDBL,14,13,50,"1,033.00","51,650.00"
2020-01-26,2020012601012310,DDBL,40,42,17,"1,031.00","17,527.00"
2020-01-26,2020012601012295,DDBL,40,19,13,"1,031.00","13,403.00"
2020-01-26,2020012601012286,DDBL,34,13,100,"1,030.00","103,000.00"
2020-01-26,2020012601012280,DDBL,16,46,204,"1,031.00","210,324.00"
2020-01-26,2020012601012365,DDBL,29,43,50,"1,032.00","51,600.00"
2020-01-26,2020012601012364,DDBL,29,21,10,"1,032.00","10,320.00"
2020-01-26,2020012601012314,DDBL,38,42,100,"1,030.00","103,000.00"
2020-01-26,2020012601012313,DDBL,20,42,154,"1,030.00","158,620.00"
2020-01-26,2020012601012312,DDBL,45,42,50,"1,030.00","51,500.00"
2020-01-26,2020012601012311,DDBL,34,42,96,"1,030.00","98,880.00"
2020-01-26,2020012601012508,DDBL,20,34,60,"1,032.00","61,920.00"
2020-01-26,2020012601012456,DDBL,22,25,32,"1,031.00","32,992.00"
2020-01-26,2020012601012455,DDBL,45,25,50,"1,031.00","51,550.00"
2020-01-26,2020012601012454,DDBL,44,25,118,"1,031.00","121,658.00"
2020-01-26,2020012601012389,DDBL,44,44,382,"1,031.00","393,842.00"
2020-01-26,2020012601012366,DDBL,29,34,140,"1,032.00","144,480.00"
2020-01-26,2020012601012570,DDBL,13,55,24,"1,031.00","24,744.00"
2020-01-26,2020012601012569,DDBL,22,55,72,"1,031.00","74,232.00"
2020-01-26,2020012601012557,DDBL,16,13,14,"1,033.00","14,462.00"
2020-01-26,2020012601012512,DDBL,22,32,46,"1,031.00","47,426.00"
2020-01-26,2020012601012511,DDBL,20,32,54,"1,032.00","55,728.00"
2020-01-26,2020012601012509,DDBL,20,32,40,"1,032.00","41,280.00"
2020-01-26,2020012601012576,DDBL,38,55,104,"1,029.00","107,016.00"
2020-01-26,2020012601012575,DDBL,52,55,100,"1,029.00","102,900.00"
2020-01-26,2020012601012574,DDBL,11,55,100,"1,029.00","102,900.00"
2020-01-26,2020012601012573,DDBL,50,55,100,"1,030.00","103,000.00"
2020-01-26,2020012601012572,DDBL,38,55,200,"1,030.00","206,000.00"
2020-01-26,2020012601012571,DDBL,48,55,100,"1,030.00","103,000.00"
2020-01-26,2020012601012749,EBL,14,38,75,598.00,"44,850.00"
2020-01-26,2020012601012748,EBL,35,38,17,598.00,"10,166.00"
2020-01-26,2020012601012747,EBL,35,1,83,597.00,"49,551.00"
2020-01-26,2020012601012393,EBL,14,6,"1,000",598.00,"598,000.00"
2020-01-26,2020012601012371,EBL,14,44,500,598.00,"299,000.00"
2020-01-26,2020012601012720,EIC,32,50,506,331.00,"167,486.00"
2020-01-26,2020012601012516,EIC,44,56,107,328.00,"35,096.00"
2020-01-26,2020012601012515,EIC,22,56,300,328.00,"98,400.00"
2020-01-26,2020012601012514,EIC,51,56,133,329.00,"43,757.00"
2020-01-26,2020012601012375,EIC,51,57,67,329.00,"22,043.00"
2020-01-26,2020012601012374,EIC,35,57,100,329.00,"32,900.00"
2020-01-26,2020012601012373,EIC,49,57,33,329.00,"10,857.00"
2020-01-26,2020012601012298,EIC,32,36,494,330.00,"163,020.00"
2020-01-26,2020012601012268,EIC,52,36,50,330.00,"16,500.00"
2020-01-26,2020012601012636,FMDBL,45,34,200,399.00,"79,800.00"
2020-01-26,2020012601012635,FMDBL,25,34,100,399.00,"39,900.00"
2020-01-26,2020012601012634,FMDBL,14,34,50,399.00,"19,950.00"
2020-01-26,2020012601012633,FMDBL,44,34,200,399.00,"79,800.00"
2020-01-26,2020012601012632,FMDBL,48,34,134,400.00,"53,600.00"
2020-01-26,2020012601012532,FMDBL,42,51,15,401.00,"6,015.00"
2020-01-26,2020012601012531,FMDBL,42,47,85,401.00,"34,085.00"
2020-01-26,2020012601012426,FMDBL,48,47,66,400.00,"26,400.00"
2020-01-26,2020012601012267,FMDBL,49,47,20,400.00,"8,000.00"
2020-01-26,2020012601012710,FOWAD,32,21,20,"1,194.00","23,880.00"
2020-01-26,2020012601012405,FOWAD,45,58,200,"1,200.00","240,000.00"
2020-01-26,2020012601012294,GBBL,49,19,400,226.00,"90,400.00"
2020-01-26,2020012601012269,GBBL,49,40,96,226.00,"21,696.00"
2020-01-26,2020012601012717,GBIME,38,45,720,289.00,"208,080.00"
2020-01-26,2020012601012716,GBIME,16,45,"1,000",289.00,"289,000.00"
2020-01-26,2020012601012715,GBIME,16,45,"1,000",289.00,"289,000.00"
2020-01-26,2020012601012714,GBIME,34,45,979,289.00,"282,931.00"
2020-01-26,2020012601012703,GBIME,34,38,200,290.00,"58,000.00"
2020-01-26,2020012601012687,GBIME,34,39,21,289.00,"6,069.00"
2020-01-26,2020012601012261,GBIME,41,36,96,290.00,"27,840.00"
2020-01-26,2020012601012253,GBIME,35,36,404,290.00,"117,160.00"
2020-01-26,2020012601012252,GBIME,35,35,96,290.00,"27,840.00"
2020-01-26,2020012601012342,GBIME,58,38,200,290.00,"58,000.00"
2020-01-26,2020012601012336,GBIME,53,38,145,290.00,"42,050.00"
2020-01-26,2020012601012303,GBIME,57,40,58,289.00,"16,762.00"
2020-01-26,2020012601012264,GBIME,59,38,100,290.00,"29,000.00"
2020-01-26,2020012601012263,GBIME,41,52,54,290.00,"15,660.00"
2020-01-26,2020012601012262,GBIME,41,46,45,290.00,"13,050.00"
2020-01-26,2020012601012420,GBIME,41,10,200,289.00,"57,800.00"
2020-01-26,2020012601012419,GBIME,26,10,50,289.00,"14,450.00"
2020-01-26,2020012601012418,GBIME,57,10,42,289.00,"12,138.00"
2020-01-26,2020012601012417,GBIME,43,10,150,289.00,"43,350.00"
2020-01-26,2020012601012367,GBIME,42,38,12,290.00,"3,480.00"
2020-01-26,2020012601012353,GBIME,34,38,500,290.00,"145,000.00"
2020-01-26,2020012601012427,GBIME,38,38,100,290.00,"29,000.00"
2020-01-26,2020012601012425,GBIME,56,10,82,289.00,"23,698.00"
2020-01-26,2020012601012424,GBIME,50,10,200,289.00,"57,800.00"
2020-01-26,2020012601012423,GBIME,39,10,100,289.00,"28,900.00"
2020-01-26,2020012601012422,GBIME,6,10,50,289.00,"14,450.00"
2020-01-26,2020012601012421,GBIME,8,10,50,289.00,"14,450.00"
2020-01-26,2020012601012483,GBIME,14,46,100,289.00,"28,900.00"
2020-01-26,2020012601012482,GBIME,46,46,200,289.00,"57,800.00"
2020-01-26,2020012601012481,GBIME,55,46,18,289.00,"5,202.00"
2020-01-26,2020012601012462,GBIME,55,43,82,289.00,"23,698.00"
2020-01-26,2020012601012461,GBIME,57,43,"1,000",289.00,"289,000.00"
2020-01-26,2020012601012460,GBIME,56,43,18,289.00,"5,202.00"
2020-01-26,2020012601012674,GBIME,29,39,500,289.00,"144,500.00"
2020-01-26,2020012601012673,GBIME,20,39,"1,199",289.00,"346,511.00"
2020-01-26,2020012601012506,GBIME,56,38,100,290.00,"29,000.00"
2020-01-26,2020012601012486,GBIME,20,46,282,289.00,"81,498.00"
2020-01-26,2020012601012485,GBIME,39,46,200,289.00,"57,800.00"
2020-01-26,2020012601012484,GBIME,40,46,200,289.00,"57,800.00"
2020-01-26,2020012601012680,GBIME,58,39,100,289.00,"28,900.00"
2020-01-26,2020012601012679,GBIME,45,39,"1,000",289.00,"289,000.00"
2020-01-26,2020012601012678,GBIME,38,39,100,289.00,"28,900.00"
2020-01-26,2020012601012677,GBIME,57,39,200,289.00,"57,800.00"
2020-01-26,2020012601012676,GBIME,42,39,400,289.00,"115,600.00"
2020-01-26,2020012601012675,GBIME,19,39,500,289.00,"144,500.00"
2020-01-26,2020012601012686,GBIME,5,39,100,289.00,"28,900.00"
2020-01-26,2020012601012685,GBIME,22,39,"1,000",289.00,"289,000.00"
2020-01-26,2020012601012684,GBIME,45,39,700,289.00,"202,300.00"
2020-01-26,2020012601012683,GBIME,25,39,50,289.00,"14,450.00"
2020-01-26,2020012601012682,GBIME,14,39,30,289.00,"8,670.00"
2020-01-26,2020012601012681,GBIME,17,39,100,289.00,"28,900.00"
2020-01-26,2020012601012743,GBLBS,45,26,110,417.00,"45,870.00"
2020-01-26,2020012601012722,GBLBS,4,26,200,417.00,"83,400.00"
2020-01-26,2020012601012721,GBLBS,46,26,190,418.00,"79,420.00"
2020-01-26,2020012601012580,GBLBS,46,51,110,418.00,"45,980.00"
2020-01-26,2020012601012567,GBLBS,7,42,100,419.00,"41,900.00"
2020-01-26,2020012601012470,GBLBS,46,45,200,418.00,"83,600.00"
2020-01-26,2020012601012442,GBLBS,4,41,135,417.00,"56,295.00"
2020-01-26,2020012601012430,GBLBS,34,41,200,418.00,"83,600.00"
2020-01-26,2020012601012257,GBLBS,34,26,300,418.00,"125,400.00"
2020-01-26,2020012601012256,GBLBS,49,26,200,419.00,"83,800.00"
2020-01-26,2020012601012438,GFCL,59,3,365,145.00,"52,925.00"
2020-01-26,2020012601012437,GFCL,43,3,500,145.00,"72,500.00"
2020-01-26,2020012601012436,GFCL,50,3,190,145.00,"27,550.00"
2020-01-26,2020012601012602,GILB,7,45,10,"1,288.00","12,880.00"
2020-01-26,2020012601012739,GLICL,33,5,25,644.00,"16,100.00"
2020-01-26,2020012601012734,GLICL,33,39,475,644.00,"305,900.00"
2020-01-26,2020012601012733,GLICL,3,39,25,650.00,"16,250.00"
2020-01-26,2020012601012711,GLICL,3,50,175,650.00,"113,750.00"
2020-01-26,2020012601012658,GLICL,28,50,100,650.00,"65,000.00"
2020-01-26,2020012601012657,GLICL,38,50,725,650.00,"471,250.00"
2020-01-26,2020012601012343,GLICL,44,10,100,643.00,"64,300.00"
2020-01-26,2020012601012645,GLICL,1,5,100,651.00,"65,100.00"
2020-01-26,2020012601012610,GLICL,38,1,25,650.00,"16,250.00"
2020-01-26,2020012601012609,GLICL,38,59,50,649.00,"32,450.00"
2020-01-26,2020012601012584,GLICL,33,26,500,644.00,"322,000.00"
2020-01-26,2020012601012477,GLICL,57,35,50,647.00,"32,350.00"
2020-01-26,2020012601012349,GLICL,44,40,27,643.00,"17,361.00"
2020-01-26,2020012601012620,HBL,22,41,200,565.00,"113,000.00"
2020-01-26,2020012601012527,HBL,22,5,100,565.00,"56,500.00"
2020-01-26,2020012601012479,HBL,22,5,300,565.00,"169,500.00"
2020-01-26,2020012601012478,HBL,22,5,65,565.00,"36,725.00"
2020-01-26,2020012601012385,HBL,25,1,100,567.00,"56,700.00"
2020-01-26,2020012601012384,HBL,25,6,326,567.00,"184,842.00"
2020-01-26,2020012601012377,HBL,46,1,463,565.00,"261,595.00"
2020-01-26,2020012601012356,HBL,46,16,198,565.00,"111,870.00"
2020-01-26,2020012601012350,HBL,46,35,200,565.00,"113,000.00"
2020-01-26,2020012601012333,HBL,28,17,50,566.00,"28,300.00"
2020-01-26,2020012601012309,HBL,46,16,200,565.00,"113,000.00"
2020-01-26,2020012601012383,HBL,25,32,600,567.00,"340,200.00"
2020-01-26,2020012601012382,HBL,25,47,212,566.00,"119,992.00"
2020-01-26,2020012601012381,HBL,25,14,200,566.00,"113,200.00"
2020-01-26,2020012601012380,HBL,25,17,150,566.00,"84,900.00"
2020-01-26,2020012601012379,HBL,22,1,235,565.00,"132,775.00"
2020-01-26,2020012601012378,HBL,22,1,300,565.00,"169,500.00"
2020-01-26,2020012601012555,HGI,36,1,25,350.00,"8,750.00"
2020-01-26,2020012601012523,HGI,36,38,"1,000",350.00,"350,000.00"
2020-01-26,2020012601012355,HGI,36,17,200,350.00,"70,000.00"
2020-01-26,2020012601012429,HIDCL,10,50,100,135.00,"13,500.00"
2020-01-26,2020012601012396,HIDCL,52,40,16,134.00,"2,144.00"
2020-01-26,2020012601012656,HURJA,17,3,100,109.00,"10,900.00"
2020-01-26,2020012601012655,HURJA,17,42,20,108.00,"2,160.00"
2020-01-26,2020012601012654,HURJA,17,39,20,108.00,"2,160.00"
2020-01-26,2020012601012653,HURJA,17,39,10,108.00,"1,080.00"
2020-01-26,2020012601012652,HURJA,17,39,20,108.00,"2,160.00"
2020-01-26,2020012601012651,HURJA,17,56,20,108.00,"2,160.00"
2020-01-26,2020012601012650,HURJA,17,42,20,107.00,"2,140.00"
2020-01-26,2020012601012335,IGI,51,42,200,374.00,"74,800.00"
2020-01-26,2020012601012251,IGI,41,42,20,374.00,"7,480.00"
2020-01-26,2020012601012713,ILBS,22,57,98,775.00,"75,950.00"
2020-01-26,2020012601012705,ILBS,22,42,10,775.00,"7,750.00"
2020-01-26,2020012601012554,ILBS,22,19,300,775.00,"232,500.00"
2020-01-26,2020012601012370,ILBS,22,45,16,775.00,"12,400.00"
2020-01-26,2020012601012369,ILBS,42,45,14,776.00,"10,864.00"
2020-01-26,2020012601012290,ILBS,42,19,150,776.00,"116,400.00"
2020-01-26,2020012601012254,JSLBB,44,6,10,"1,397.00","13,970.00"
2020-01-26,2020012601012709,KBL,34,44,383,189.00,"72,387.00"
2020-01-26,2020012601012708,KBL,22,44,50,189.00,"9,450.00"
2020-01-26,2020012601012707,KBL,34,44,500,189.00,"94,500.00"
2020-01-26,2020012601012706,KBL,13,44,67,189.00,"12,663.00"
2020-01-26,2020012601012696,KBL,13,13,313,189.00,"59,157.00"
2020-01-26,2020012601012695,KBL,4,13,100,189.00,"18,900.00"
2020-01-26,2020012601012694,KBL,34,13,244,189.00,"46,116.00"
2020-01-26,2020012601012561,KBL,34,51,342,189.00,"64,638.00"
2020-01-26,2020012601012542,KRBL,32,28,46,109.00,"5,014.00"
2020-01-26,2020012601012541,KRBL,32,32,101,108.00,"10,908.00"
2020-01-26,2020012601012475,KSBBL,47,25,100,151.00,"15,100.00"
2020-01-26,2020012601012563,LBL,46,49,"1,000",207.00,"207,000.00"
2020-01-26,2020012601012562,LBL,46,46,"1,085",207.00,"224,595.00"
2020-01-26,2020012601012457,LBL,49,49,18,206.00,"3,708.00"
2020-01-26,2020012601012612,LGIL,22,32,226,416.00,"94,016.00"
2020-01-26,2020012601012611,LGIL,22,3,50,416.00,"20,800.00"
2020-01-26,2020012601012608,LGIL,44,7,245,415.00,"101,675.00"
2020-01-26,2020012601012607,LGIL,43,7,55,415.00,"22,825.00"
2020-01-26,2020012601012582,LGIL,51,3,50,416.00,"20,800.00"
2020-01-26,2020012601012591,LICN,25,41,10,"1,228.00","12,280.00"
2020-01-26,2020012601012526,LICN,40,55,95,"1,213.00","115,235.00"
2020-01-26,2020012601012525,LICN,44,55,200,"1,215.00","243,000.00"
2020-01-26,2020012601012524,LICN,54,55,30,"1,215.00","36,450.00"
2020-01-26,2020012601012666,LLBS,19,25,90,970.00,"87,300.00"
2020-01-26,2020012601012665,LLBS,42,25,10,970.00,"9,700.00"
2020-01-26,2020012601012543,MBL,37,50,128,229.00,"29,312.00"
2020-01-26,2020012601012476,MBL,37,48,100,229.00,"22,900.00"
2020-01-26,2020012601012258,MBL,34,45,500,229.00,"114,500.00"
2020-01-26,2020012601012347,MDB,13,25,177,280.00,"49,560.00"
2020-01-26,2020012601012346,MDB,13,33,10,280.00,"2,800.00"
2020-01-26,2020012601012308,MEGA,43,19,10,196.00,"1,960.00"
2020-01-26,2020012601012469,MERO,43,58,100,616.00,"61,600.00"
2020-01-26,2020012601012468,MERO,26,58,50,616.00,"30,800.00"
2020-01-26,2020012601012467,MERO,41,58,200,616.00,"123,200.00"
2020-01-26,2020012601012466,MERO,45,58,38,616.00,"23,408.00"
2020-01-26,2020012601012465,MERO,44,58,90,617.00,"55,530.00"
2020-01-26,2020012601012672,MFIL,59,3,200,198.00,"39,600.00"
2020-01-26,2020012601012521,MFIL,43,22,200,199.00,"39,800.00"
2020-01-26,2020012601012394,MFIL,43,47,100,199.00,"19,900.00"
2020-01-26,2020012601012376,MLBL,4,38,250,200.00,"50,000.00"
2020-01-26,2020012601012690,MNBBL,3,37,41,308.00,"12,628.00"
2020-01-26,2020012601012540,MNBBL,43,37,459,308.00,"141,372.00"
2020-01-26,2020012601012539,MNBBL,43,58,41,308.00,"12,628.00"
2020-01-26,2020012601012513,MNBBL,3,58,100,308.00,"30,800.00"
2020-01-26,2020012601012452,MNBBL,5,40,143,307.00,"43,901.00"
2020-01-26,2020012601012322,MNBBL,10,58,50,308.00,"15,400.00"
2020-01-26,2020012601012617,NABIL,47,6,15,712.00,"10,680.00"
2020-01-26,2020012601012616,NABIL,47,29,25,712.00,"17,800.00"
2020-01-26,2020012601012577,NBB,56,41,450,195.00,"87,750.00"
2020-01-26,2020012601012293,NBB,34,34,945,196.00,"185,220.00"
2020-01-26,2020012601012746,NBL,21,57,200,273.00,"54,600.00"
2020-01-26,2020012601012742,NBL,33,44,10,274.00,"2,740.00"
2020-01-26,2020012601012638,NBL,59,44,100,274.00,"27,400.00"
2020-01-26,2020012601012510,NBL,10,44,"1,000",274.00,"274,000.00"
2020-01-26,2020012601012492,NBL,22,45,300,273.00,"81,900.00"
2020-01-26,2020012601012491,NBL,7,45,"1,000",273.00,"273,000.00"
2020-01-26,2020012601012490,NBL,43,45,200,273.00,"54,600.00"
2020-01-26,2020012601012489,NBL,54,45,50,273.00,"13,650.00"
2020-01-26,2020012601012488,NBL,16,45,200,273.00,"54,600.00"
2020-01-26,2020012601012487,NBL,33,45,800,273.00,"218,400.00"
2020-01-26,2020012601012360,NBL,25,45,500,274.00,"137,000.00"
2020-01-26,2020012601012352,NBL,33,5,300,273.00,"81,900.00"
2020-01-26,2020012601012660,NCCB,58,36,30,198.00,"5,940.00"
2020-01-26,2020012601012659,NCCB,58,38,770,197.00,"151,690.00"
2020-01-26,2020012601012618,NCCB,37,38,230,197.00,"45,310.00"
2020-01-26,2020012601012549,NCCB,21,40,16,196.00,"3,136.00"
2020-01-26,2020012601012472,NCCB,58,36,50,198.00,"9,900.00"
2020-01-26,2020012601012471,NCCB,58,45,50,197.00,"9,850.00"
2020-01-26,2020012601012388,NCCB,58,36,"1,000",197.00,"197,000.00"
2020-01-26,2020012601012387,NCCB,58,38,"1,000",197.00,"197,000.00"
2020-01-26,2020012601012386,NCCB,58,38,250,197.00,"49,250.00"
2020-01-26,2020012601012276,NCCB,10,38,500,197.00,"98,500.00"
2020-01-26,2020012601012275,NCCB,38,38,250,197.00,"49,250.00"
2020-01-26,2020012601012345,NIB,51,7,54,397.00,"21,438.00"
2020-01-26,2020012601012732,NIBSF1,50,26,900,9.76,"8,784.00"
2020-01-26,2020012601012578,NICA,42,58,50,467.00,"23,350.00"
2020-01-26,2020012601012451,NICA,19,58,"1,000",467.00,"467,000.00"
2020-01-26,2020012601012448,NICA,42,21,106,466.00,"49,396.00"
2020-01-26,2020012601012447,NICA,19,21,100,466.00,"46,600.00"
2020-01-26,2020012601012446,NICA,40,21,94,466.00,"43,804.00"
2020-01-26,2020012601012368,NICA,40,56,300,466.00,"139,800.00"
2020-01-26,2020012601012260,NICA,10,44,300,466.00,"139,800.00"
2020-01-26,2020012601012330,NICA,40,39,106,466.00,"49,396.00"
2020-01-26,2020012601012329,NICA,44,39,100,466.00,"46,600.00"
2020-01-26,2020012601012328,NICA,28,39,500,466.00,"233,000.00"
2020-01-26,2020012601012327,NICA,6,39,200,466.00,"93,200.00"
2020-01-26,2020012601012326,NICA,47,39,50,466.00,"23,300.00"
2020-01-26,2020012601012325,NICA,10,39,745,466.00,"347,170.00"
2020-01-26,2020012601012628,NICL,40,49,110,368.00,"40,480.00"
2020-01-26,2020012601012392,NICL,43,56,10,370.00,"3,700.00"
2020-01-26,2020012601012348,NIL,38,19,200,450.00,"90,000.00"
2020-01-26,2020012601012265,NIL,38,52,"1,000",450.00,"450,000.00"
2020-01-26,2020012601012640,NLBBL,45,1,100,655.00,"65,500.00"
2020-01-26,2020012601012740,NLIC,4,11,19,"1,093.00","20,767.00"
2020-01-26,2020012601012627,NLIC,4,5,200,"1,093.00","218,600.00"
2020-01-26,2020012601012626,NLIC,16,5,200,"1,095.00","219,000.00"
2020-01-26,2020012601012625,NLIC,44,5,100,"1,095.00","109,500.00"
2020-01-26,2020012601012568,NLIC,56,52,100,"1,095.00","109,500.00"
2020-01-26,2020012601012443,NLIC,5,34,50,"1,096.00","54,800.00"
2020-01-26,2020012601012363,NLIC,29,22,158,"1,095.00","173,010.00"
2020-01-26,2020012601012337,NLIC,45,22,12,"1,095.00","13,140.00"
2020-01-26,2020012601012334,NLIC,45,26,88,"1,095.00","96,360.00"
2020-01-26,2020012601012272,NLIC,4,55,78,"1,093.00","85,254.00"
2020-01-26,2020012601012271,NLIC,45,55,22,"1,094.00","24,068.00"
2020-01-26,2020012601012270,NLIC,45,55,100,"1,094.00","109,400.00"
2020-01-26,2020012601012698,NLICL,25,38,10,613.00,"6,130.00"
2020-01-26,2020012601012566,NLICL,45,55,102,606.00,"61,812.00"
2020-01-26,2020012601012520,NLICL,34,33,100,608.00,"60,800.00"
2020-01-26,2020012601012519,NLICL,25,33,200,608.00,"121,600.00"
2020-01-26,2020012601012441,NLICL,1,55,200,609.00,"121,800.00"
2020-01-26,2020012601012440,NLICL,34,55,200,609.00,"121,800.00"
2020-01-26,2020012601012439,NLICL,43,55,100,610.00,"61,000.00"
2020-01-26,2020012601012661,NMB,55,34,"1,000",350.00,"350,000.00"
2020-01-26,2020012601012606,NMB,55,22,718,350.00,"251,300.00"
2020-01-26,2020012601012605,NMB,35,22,10,350.00,"3,500.00"
2020-01-26,2020012601012604,NMB,57,22,242,350.00,"84,700.00"
2020-01-26,2020012601012493,NMB,57,51,220,350.00,"77,000.00"
2020-01-26,2020012601012464,NMB,57,34,538,350.00,"188,300.00"
2020-01-26,2020012601012463,NMB,13,34,462,350.00,"161,700.00"
2020-01-26,2020012601012307,NMB,25,52,37,351.00,"12,987.00"
2020-01-26,2020012601012306,NMB,25,52,34,351.00,"11,934.00"
2020-01-26,2020012601012305,NMB,25,52,34,351.00,"11,934.00"
2020-01-26,2020012601012304,NMB,25,42,215,351.00,"75,465.00"
2020-01-26,2020012601012719,NMBMF,50,42,41,819.00,"33,579.00"
2020-01-26,2020012601012718,NMBMF,34,42,150,820.00,"123,000.00"
2020-01-26,2020012601012623,NMBMF,34,42,200,835.00,"167,000.00"
2020-01-26,2020012601012590,NMBMF,34,37,150,820.00,"123,000.00"
2020-01-26,2020012601012589,NMBMF,34,37,50,820.00,"41,000.00"
2020-01-26,2020012601012453,NMBMF,14,42,13,828.00,"10,764.00"
2020-01-26,2020012601012395,NTC,45,52,30,621.00,"18,630.00"
2020-01-26,2020012601012622,OHL,46,6,10,508.00,"5,080.00"
2020-01-26,2020012601012621,OHL,46,22,60,505.00,"30,300.00"
2020-01-26,2020012601012274,OHL,51,42,70,501.00,"35,070.00"
2020-01-26,2020012601012273,OHL,35,42,30,502.00,"15,060.00"
2020-01-26,2020012601012731,PCBL,5,35,10,265.00,"2,650.00"
2020-01-26,2020012601012730,PCBL,5,52,73,263.00,"19,199.00"
2020-01-26,2020012601012288,PCBL,29,48,271,262.00,"71,002.00"
2020-01-26,2020012601012287,PCBL,22,48,465,262.00,"121,830.00"
2020-01-26,2020012601012413,PICL,5,21,105,623.00,"65,415.00"
2020-01-26,2020012601012412,PICL,37,21,50,624.00,"31,200.00"
2020-01-26,2020012601012411,PICL,21,21,20,624.00,"12,480.00"
2020-01-26,2020012601012410,PICL,35,21,25,625.00,"15,625.00"
2020-01-26,2020012601012643,PLIC,35,28,50,503.00,"25,150.00"
2020-01-26,2020012601012538,PLIC,50,42,317,503.00,"159,451.00"
2020-01-26,2020012601012494,PLIC,50,47,50,503.00,"25,150.00"
2020-01-26,2020012601012318,PLIC,50,8,133,503.00,"66,899.00"
2020-01-26,2020012601012317,PLIC,57,8,68,503.00,"34,204.00"
2020-01-26,2020012601012729,PPCL,45,6,500,122.00,"61,000.00"
2020-01-26,2020012601012728,PPCL,51,6,200,122.00,"24,400.00"
2020-01-26,2020012601012727,PPCL,26,6,320,122.00,"39,040.00"
2020-01-26,2020012601012726,PPCL,21,6,500,123.00,"61,500.00"
2020-01-26,2020012601012725,PPCL,33,6,100,123.00,"12,300.00"
2020-01-26,2020012601012724,PPCL,59,6,30,123.00,"3,690.00"
2020-01-26,2020012601012723,PPCL,17,6,210,124.00,"26,040.00"
2020-01-26,2020012601012564,PPCL,17,40,10,124.00,"1,240.00"
2020-01-26,2020012601012560,PRVU,6,19,100,243.00,"24,300.00"
2020-01-26,2020012601012407,PRVU,14,51,112,242.00,"27,104.00"
2020-01-26,2020012601012406,PRVU,6,51,28,243.00,"6,804.00"
2020-01-26,2020012601012332,PRVU,6,13,472,243.00,"114,696.00"
2020-01-26,2020012601012331,PRVU,6,13,200,243.00,"48,600.00"
2020-01-26,2020012601012603,RADHI,25,40,12,145.00,"1,740.00"
2020-01-26,2020012601012559,RADHI,29,57,12,146.00,"1,752.00"
2020-01-26,2020012601012434,RBCL,38,40,20,"8,820.00","176,400.00"
2020-01-26,2020012601012433,RBCL,33,40,10,"8,825.00","88,250.00"
2020-01-26,2020012601012432,RBCL,50,40,10,"8,830.00","88,300.00"
2020-01-26,2020012601012431,RBCL,39,40,10,"8,860.00","88,600.00"
2020-01-26,2020012601012297,RBCL,33,58,16,"8,875.00","142,000.00"
2020-01-26,2020012601012296,RBCL,59,58,10,"8,876.00","88,760.00"
2020-01-26,2020012601012642,RHPL,45,40,40,166.00,"6,640.00"
2020-01-26,2020012601012401,RHPL,38,38,50,168.00,"8,400.00"
2020-01-26,2020012601012284,RHPL,38,38,40,168.00,"6,720.00"
2020-01-26,2020012601012339,RLFL,4,52,200,133.00,"26,600.00"
2020-01-26,2020012601012301,RLFL,4,3,500,133.00,"66,500.00"
2020-01-26,2020012601012693,RRHP,47,40,10,98.00,980.00
2020-01-26,2020012601012279,RSDC,21,36,200,400.00,"80,000.00"
2020-01-26,2020012601012278,RSDC,19,36,100,400.00,"40,000.00"
2020-01-26,2020012601012277,RSDC,1,36,50,400.00,"20,000.00"
2020-01-26,2020012601012259,RSDC,1,55,100,401.00,"40,100.00"
2020-01-26,2020012601012738,SADBL,32,40,118,151.00,"17,818.00"
2020-01-26,2020012601012737,SADBL,17,40,66,151.00,"9,966.00"
2020-01-26,2020012601012403,SBI,28,45,50,401.00,"20,050.00"
2020-01-26,2020012601012402,SBI,28,22,51,401.00,"20,451.00"
2020-01-26,2020012601012358,SBI,58,48,452,400.00,"180,800.00"
2020-01-26,2020012601012357,SBI,47,48,73,400.00,"29,200.00"
2020-01-26,2020012601012338,SBI,47,53,132,400.00,"52,800.00"
2020-01-26,2020012601012292,SBI,47,55,20,400.00,"8,000.00"
2020-01-26,2020012601012408,SBL,7,35,10,308.00,"3,080.00"
2020-01-26,2020012601012689,SCB,29,41,161,595.00,"95,795.00"
2020-01-26,2020012601012688,SCB,1,41,539,595.00,"320,705.00"
2020-01-26,2020012601012517,SCB,1,29,100,595.00,"59,500.00"
2020-01-26,2020012601012445,SCB,1,25,26,595.00,"15,470.00"
2020-01-26,2020012601012283,SCB,1,39,135,595.00,"80,325.00"
2020-01-26,2020012601012282,SCB,1,39,265,595.00,"157,675.00"
2020-01-26,2020012601012281,SCB,35,39,100,596.00,"59,600.00"
2020-01-26,2020012601012704,SDESI,34,35,12,764.00,"9,168.00"
2020-01-26,2020012601012581,SDESI,45,22,15,763.00,"11,445.00"
2020-01-26,2020012601012565,SDESI,34,22,10,763.00,"7,630.00"
2020-01-26,2020012601012351,SDESI,52,21,77,760.00,"58,520.00"
2020-01-26,2020012601012291,SDESI,34,21,10,760.00,"7,600.00"
2020-01-26,2020012601012615,SHIVM,42,3,28,510.00,"14,280.00"
2020-01-26,2020012601012614,SHIVM,42,59,22,510.00,"11,220.00"
2020-01-26,2020012601012537,SHIVM,28,59,78,510.00,"39,780.00"
2020-01-26,2020012601012536,SHIVM,28,40,100,509.00,"50,900.00"
2020-01-26,2020012601012535,SHIVM,28,34,70,509.00,"35,630.00"
2020-01-26,2020012601012534,SHIVM,28,22,200,508.00,"101,600.00"
2020-01-26,2020012601012359,SHIVM,28,22,300,508.00,"152,400.00"
2020-01-26,2020012601012255,SHIVM,35,48,300,507.00,"152,100.00"
2020-01-26,2020012601012558,SICL,34,34,20,980.00,"19,600.00"
2020-01-26,2020012601012750,SIL,25,11,14,502.00,"7,028.00"
2020-01-26,2020012601012630,SIL,16,51,150,495.00,"74,250.00"
2020-01-26,2020012601012629,SIL,51,51,50,495.00,"24,750.00"
2020-01-26,2020012601012712,SJCL,35,50,10,159.00,"1,590.00"
2020-01-26,2020012601012548,SJCL,45,58,10,158.00,"1,580.00"
2020-01-26,2020012601012547,SJCL,45,41,500,158.00,"79,000.00"
2020-01-26,2020012601012546,SJCL,45,8,10,158.00,"1,580.00"
2020-01-26,2020012601012545,SJCL,45,41,10,158.00,"1,580.00"
2020-01-26,2020012601012544,SJCL,45,41,10,158.00,"1,580.00"
2020-01-26,2020012601012480,SJCL,45,57,20,156.00,"3,120.00"
2020-01-26,2020012601012289,SJCL,45,44,80,156.00,"12,480.00"
2020-01-26,2020012601012699,SLBBL,45,35,100,732.00,"73,200.00"
2020-01-26,2020012601012552,SLBBL,45,29,310,732.00,"226,920.00"
2020-01-26,2020012601012551,SLBBL,45,29,160,732.00,"117,120.00"
2020-01-26,2020012601012550,SLBBL,33,29,10,733.00,"7,330.00"
2020-01-26,2020012601012435,SLBBL,33,6,240,733.00,"175,920.00"
2020-01-26,2020012601012354,SLBBL,45,36,250,732.00,"183,000.00"
2020-01-26,2020012601012736,SLICL,14,16,191,407.00,"77,737.00"
2020-01-26,2020012601012735,SLICL,14,41,50,407.00,"20,350.00"
2020-01-26,2020012601012641,SLICL,56,19,200,406.00,"81,200.00"
2020-01-26,2020012601012518,SLICL,28,52,100,404.00,"40,400.00"
2020-01-26,2020012601012416,SLICL,55,35,100,405.00,"40,500.00"
2020-01-26,2020012601012415,SLICL,55,6,200,405.00,"81,000.00"
2020-01-26,2020012601012320,SLICL,10,57,500,403.00,"201,500.00"
2020-01-26,2020012601012319,SLICL,17,57,516,403.00,"207,948.00"
2020-01-26,2020012601012300,SLICL,28,16,100,404.00,"40,400.00"
2020-01-26,2020012601012299,SLICL,28,57,380,404.00,"153,520.00"
2020-01-26,2020012601012414,SLICL,55,6,200,405.00,"81,000.00"
2020-01-26,2020012601012409,SLICL,57,6,500,405.00,"202,500.00"
2020-01-26,2020012601012391,SLICL,44,16,229,403.00,"92,287.00"
2020-01-26,2020012601012341,SLICL,44,3,100,403.00,"40,300.00"
2020-01-26,2020012601012340,SLICL,44,57,248,403.00,"99,944.00"
2020-01-26,2020012601012321,SLICL,29,57,300,403.00,"120,900.00"
2020-01-26,2020012601012362,SMATA,44,25,20,730.00,"14,600.00"
2020-01-26,2020012601012361,SMATA,58,57,10,730.00,"7,300.00"
2020-01-26,2020012601012507,SPARS,26,58,100,775.00,"77,500.00"
2020-01-26,2020012601012702,SWBBL,22,13,10,"1,009.00","10,090.00"
2020-01-26,2020012601012315,TRH,50,34,50,300.00,"15,000.00"
2020-01-26,2020012601012613,UFL,17,39,50,181.00,"9,050.00"
2020-01-26,2020012601012701,UIC,21,35,10,360.00,"3,600.00"
2020-01-26,2020012601012556,UIC,29,13,280,353.00,"98,840.00"
2020-01-26,2020012601012474,UIC,29,50,400,353.00,"141,200.00"
2020-01-26,2020012601012473,UIC,46,50,100,354.00,"35,400.00"
2020-01-26,2020012601012316,UNHPL,32,54,50,59.00,"2,950.00"
2020-01-26,2020012601012529,UPCL,52,57,50,73.00,"3,650.00"
2020-01-26,2020012601012741,UPPER,33,39,40,240.00,"9,600.00"
2020-01-26,2020012601012637,UPPER,43,44,492,242.00,"119,064.00"
2020-01-26,2020012601012285,UPPER,25,33,50,245.00,"12,250.00"
2020-01-26,2020012601012697,WOMI,17,8,60,927.00,"55,620.00"
2020-01-26,2020012601012108,ADBL,51,28,20,373.00,"7,460.00"
2020-01-26,2020012601012103,ADBL,51,36,69,373.00,"25,737.00"
2020-01-26,2020012601011978,ADBL,16,29,288,372.00,"107,136.00"
2020-01-26,2020012601011977,ADBL,7,29,62,372.00,"23,064.00"
2020-01-26,2020012601011976,ADBL,58,29,50,372.00,"18,600.00"
2020-01-26,2020012601011930,ADBL,42,36,25,373.00,"9,325.00"
2020-01-26,2020012601011826,ADBL,57,41,200,374.00,"74,800.00"
2020-01-26,2020012601011921,ADBL,57,36,56,373.00,"20,888.00"
2020-01-26,2020012601011920,ADBL,49,36,20,373.00,"7,460.00"
2020-01-26,2020012601011919,ADBL,16,36,730,373.00,"272,290.00"
2020-01-26,2020012601011918,ADBL,45,36,100,374.00,"37,400.00"
2020-01-26,2020012601011896,ADBL,16,40,83,373.00,"30,959.00"
2020-01-26,2020012601011827,ADBL,16,41,84,373.00,"31,332.00"
2020-01-26,2020012601012016,AHPC,39,51,10,97.00,970.00
2020-01-26,2020012601011942,AKJCL,38,38,10,56.00,560.00
2020-01-26,2020012601011848,AKJCL,38,38,20,56.00,"1,120.00"
2020-01-26,2020012601011924,AKPL,49,40,13,122.00,"1,586.00"
2020-01-26,2020012601012090,ALBSL,7,57,10,617.00,"6,170.00"
2020-01-26,2020012601011947,ALBSL,7,40,10,617.00,"6,170.00"
2020-01-26,2020012601011854,ALBSL,29,34,240,625.00,"150,000.00"
2020-01-26,2020012601012233,ALICL,38,58,180,497.00,"89,460.00"
2020-01-26,2020012601012232,ALICL,38,6,300,497.00,"149,100.00"
2020-01-26,2020012601012231,ALICL,38,57,20,495.00,"9,900.00"
2020-01-26,2020012601012230,ALICL,38,39,500,495.00,"247,500.00"
2020-01-26,2020012601012102,ALICL,14,46,400,494.00,"197,600.00"
2020-01-26,2020012601012101,ALICL,14,8,100,493.00,"49,300.00"
2020-01-26,2020012601012089,ALICL,49,8,100,493.00,"49,300.00"
2020-01-26,2020012601011993,ALICL,49,10,100,493.00,"49,300.00"
2020-01-26,2020012601011975,ALICL,50,46,100,494.00,"49,400.00"
2020-01-26,2020012601011974,ALICL,50,4,400,494.00,"197,600.00"
2020-01-26,2020012601011881,ALICL,49,6,50,493.00,"24,650.00"
2020-01-26,2020012601011963,API,17,25,15,115.00,"1,725.00"
2020-01-26,2020012601011962,API,46,25,100,115.00,"11,500.00"
2020-01-26,2020012601011961,API,19,25,200,115.00,"23,000.00"
2020-01-26,2020012601011960,API,41,25,"2,000",115.00,"230,000.00"
2020-01-26,2020012601011959,API,29,25,50,115.00,"5,750.00"
2020-01-26,2020012601011958,API,21,25,500,115.00,"57,500.00"
2020-01-26,2020012601011957,API,29,25,700,115.00,"80,500.00"
2020-01-26,2020012601011956,API,55,25,"3,000",115.00,"345,000.00"
2020-01-26,2020012601011955,API,55,25,935,115.00,"107,525.00"
2020-01-26,2020012601011900,API,55,39,65,115.00,"7,475.00"
2020-01-26,2020012601011899,API,16,39,10,115.00,"1,150.00"
2020-01-26,2020012601011898,API,52,39,915,115.00,"105,225.00"
2020-01-26,2020012601012047,BFC,38,59,20,97.00,"1,940.00"
2020-01-26,2020012601012224,BOKL,37,45,22,225.00,"4,950.00"
2020-01-26,2020012601011925,BOKL,37,28,20,225.00,"4,500.00"
2020-01-26,2020012601011754,BPCL,45,53,842,315.00,"265,230.00"
2020-01-26,2020012601011753,BPCL,49,53,200,315.00,"63,000.00"
2020-01-26,2020012601011752,BPCL,16,53,"1,000",315.00,"315,000.00"
2020-01-26,2020012601011751,BPCL,34,53,200,315.00,"63,000.00"
2020-01-26,2020012601012078,CBBL,6,36,22,880.00,"19,360.00"
2020-01-26,2020012601012014,CBBL,6,3,58,880.00,"51,040.00"
2020-01-26,2020012601012013,CBBL,6,53,20,880.00,"17,600.00"
2020-01-26,2020012601011809,CBBL,34,53,25,880.00,"22,000.00"
2020-01-26,2020012601011768,CBBL,34,53,25,880.00,"22,000.00"
2020-01-26,2020012601012119,CBL,53,21,20,144.00,"2,880.00"
2020-01-26,2020012601011992,CBL,53,40,60,144.00,"8,640.00"
2020-01-26,2020012601011890,CCBL,16,25,16,178.00,"2,848.00"
2020-01-26,2020012601012242,CHCL,49,40,49,408.00,"19,992.00"
2020-01-26,2020012601012216,CHCL,25,48,20,412.00,"8,240.00"
2020-01-26,2020012601011843,CHCL,49,53,702,408.00,"286,416.00"
2020-01-26,2020012601011842,CHCL,46,53,479,410.00,"196,390.00"
2020-01-26,2020012601011841,CHCL,42,53,400,410.00,"164,000.00"
2020-01-26,2020012601011840,CHCL,42,53,100,410.00,"41,000.00"
2020-01-26,2020012601011839,CHCL,40,53,119,410.00,"48,790.00"
2020-01-26,2020012601012241,CIT,25,1,20,"2,150.00","43,000.00"
2020-01-26,2020012601012240,CIT,51,1,50,"2,150.00","107,500.00"
2020-01-26,2020012601012239,CIT,51,1,25,"2,150.00","53,750.00"
2020-01-26,2020012601012095,CIT,43,5,40,"2,157.00","86,280.00"
2020-01-26,2020012601012083,CIT,22,5,20,"2,157.00","43,140.00"
2020-01-26,2020012601012079,CIT,16,1,100,"2,150.00","215,000.00"
2020-01-26,2020012601011787,CIT,45,45,40,"2,152.00","86,080.00"
2020-01-26,2020012601011786,CIT,19,45,20,"2,153.00","43,060.00"
2020-01-26,2020012601011785,CIT,35,45,30,"2,155.00","64,650.00"
2020-01-26,2020012601012049,CIT,16,45,100,"2,150.00","215,000.00"
2020-01-26,2020012601012000,CIT,43,33,10,"2,156.00","21,560.00"
2020-01-26,2020012601011946,CIT,22,5,100,"2,152.00","215,200.00"
2020-01-26,2020012601011945,CIT,54,5,10,"2,152.00","21,520.00"
2020-01-26,2020012601011863,CIT,54,17,90,"2,152.00","193,680.00"
2020-01-26,2020012601011862,CIT,45,17,10,"2,152.00","21,520.00"
2020-01-26,2020012601011856,CLBSL,26,13,150,824.00,"123,600.00"
2020-01-26,2020012601011855,CLBSL,45,13,53,825.00,"43,725.00"
2020-01-26,2020012601011915,CZBIL,33,55,500,191.00,"95,500.00"
2020-01-26,2020012601012243,DDBL,34,29,104,"1,030.00","107,120.00"
2020-01-26,2020012601012223,DDBL,45,46,30,"1,031.00","30,930.00"
2020-01-26,2020012601012154,DDBL,29,46,50,"1,031.00","51,550.00"
2020-01-26,2020012601012134,DDBL,43,46,10,"1,031.00","10,310.00"
2020-01-26,2020012601012046,DDBL,26,7,50,"1,030.00","51,500.00"
2020-01-26,2020012601012022,DDBL,35,7,100,"1,030.00","103,000.00"
2020-01-26,2020012601011878,DDBL,36,50,275,"1,030.00","283,250.00"
2020-01-26,2020012601011877,DDBL,36,42,100,"1,030.00","103,000.00"
2020-01-26,2020012601011876,DDBL,36,17,13,"1,030.00","13,390.00"
2020-01-26,2020012601011864,DDBL,46,17,50,"1,030.00","51,500.00"
2020-01-26,2020012601011830,DDBL,45,17,50,"1,030.00","51,500.00"
2020-01-26,2020012601011769,DDBL,57,54,100,"1,029.00","102,900.00"
2020-01-26,2020012601012009,DDBL,26,29,280,"1,030.00","288,400.00"
2020-01-26,2020012601012008,DDBL,26,44,100,"1,030.00","103,000.00"
2020-01-26,2020012601011935,DDBL,26,59,200,"1,030.00","206,000.00"
2020-01-26,2020012601011934,DDBL,26,45,298,"1,030.00","306,940.00"
2020-01-26,2020012601011880,DDBL,36,45,185,"1,030.00","190,550.00"
2020-01-26,2020012601011879,DDBL,36,41,227,"1,030.00","233,810.00"
2020-01-26,2020012601011973,EBL,26,48,200,600.00,"120,000.00"
2020-01-26,2020012601012158,EIC,49,42,17,329.00,"5,593.00"
2020-01-26,2020012601012157,EIC,28,42,130,329.00,"42,770.00"
2020-01-26,2020012601012153,EIC,36,36,100,330.00,"33,000.00"
2020-01-26,2020012601012073,EIC,17,38,50,329.00,"16,450.00"
2020-01-26,2020012601012072,EIC,34,38,250,329.00,"82,250.00"
2020-01-26,2020012601012036,EIC,33,36,50,330.00,"16,500.00"
2020-01-26,2020012601012033,EIC,33,34,50,330.00,"16,500.00"
2020-01-26,2020012601012032,EIC,17,34,50,330.00,"16,500.00"
2020-01-26,2020012601012235,FMDBL,44,36,300,399.00,"119,700.00"
2020-01-26,2020012601012178,FMDBL,10,47,200,400.00,"80,000.00"
2020-01-26,2020012601012177,FMDBL,14,47,100,400.00,"40,000.00"
2020-01-26,2020012601012176,FMDBL,48,47,100,400.00,"40,000.00"
2020-01-26,2020012601012175,FMDBL,29,47,14,400.00,"5,600.00"
2020-01-26,2020012601011761,FMDBL,29,33,86,400.00,"34,400.00"
2020-01-26,2020012601011760,FMDBL,42,33,50,400.00,"20,000.00"
2020-01-26,2020012601011759,FMDBL,35,33,100,400.00,"40,000.00"
2020-01-26,2020012601011758,FMDBL,20,33,50,400.00,"20,000.00"
2020-01-26,2020012601011757,FMDBL,42,33,200,400.00,"80,000.00"
2020-01-26,2020012601011756,FMDBL,44,33,200,400.00,"80,000.00"
2020-01-26,2020012601011755,FMDBL,25,33,64,400.00,"25,600.00"
2020-01-26,2020012601011905,FOWAD,32,8,17,"1,194.00","20,298.00"
2020-01-26,2020012601012118,GBIME,37,35,16,290.00,"4,640.00"
2020-01-26,2020012601012117,GBIME,37,38,384,290.00,"111,360.00"
2020-01-26,2020012601012085,GBIME,14,3,98,289.00,"28,322.00"
2020-01-26,2020012601011983,GBIME,14,28,50,289.00,"14,450.00"
2020-01-26,2020012601011923,GBIME,43,38,100,290.00,"29,000.00"
2020-01-26,2020012601011917,GBIME,49,38,"1,000",290.00,"290,000.00"
2020-01-26,2020012601011901,GBIME,45,38,100,290.00,"29,000.00"
2020-01-26,2020012601011776,GBIME,34,38,300,290.00,"87,000.00"
2020-01-26,2020012601011912,GBIME,59,42,50,289.00,"14,450.00"
2020-01-26,2020012601011911,GBIME,43,42,25,289.00,"7,225.00"
2020-01-26,2020012601011910,GBIME,17,42,100,289.00,"28,900.00"
2020-01-26,2020012601011909,GBIME,39,42,200,289.00,"57,800.00"
2020-01-26,2020012601011908,GBIME,44,42,500,289.00,"144,500.00"
2020-01-26,2020012601011907,GBIME,29,42,301,289.00,"86,989.00"
2020-01-26,2020012601012184,GBLBS,49,26,300,419.00,"125,700.00"
2020-01-26,2020012601011941,GBLBS,52,1,145,417.00,"60,465.00"
2020-01-26,2020012601011897,GBLBS,38,36,190,419.00,"79,610.00"
2020-01-26,2020012601011777,GBLBS,26,36,10,419.00,"4,190.00"
2020-01-26,2020012601011775,GBLBS,14,36,50,419.00,"20,950.00"
2020-01-26,2020012601012213,GFCL,50,43,10,145.00,"1,450.00"
2020-01-26,2020012601012136,GGBSL,38,57,10,824.00,"8,240.00"
2020-01-26,2020012601012229,GLICL,39,57,90,646.00,"58,140.00"
2020-01-26,2020012601012228,GLICL,39,13,140,646.00,"90,440.00"
2020-01-26,2020012601012215,GLICL,34,53,500,644.00,"322,000.00"
2020-01-26,2020012601012152,GLICL,38,39,100,645.00,"64,500.00"
2020-01-26,2020012601012129,GLICL,39,26,100,645.00,"64,500.00"
2020-01-26,2020012601012128,GLICL,34,26,200,645.00,"129,000.00"
2020-01-26,2020012601011869,GLICL,34,53,86,645.00,"55,470.00"
2020-01-26,2020012601011868,GLICL,22,53,50,646.00,"32,300.00"
2020-01-26,2020012601011867,GLICL,39,53,311,646.00,"200,906.00"
2020-01-26,2020012601011805,GLICL,39,59,189,646.00,"122,094.00"
2020-01-26,2020012601012127,GLICL,39,26,200,645.00,"129,000.00"
2020-01-26,2020012601012094,GLICL,52,5,346,645.00,"223,170.00"
2020-01-26,2020012601012052,GLICL,52,52,148,645.00,"95,460.00"
2020-01-26,2020012601012051,GLICL,34,52,52,645.00,"33,540.00"
2020-01-26,2020012601012015,GLICL,34,44,203,645.00,"130,935.00"
2020-01-26,2020012601011989,GLICL,13,13,10,646.00,"6,460.00"
2020-01-26,2020012601012148,GMFBS,14,39,10,740.00,"7,400.00"
2020-01-26,2020012601012126,GRDBL,40,22,20,111.00,"2,220.00"
2020-01-26,2020012601012125,GRDBL,40,49,60,111.00,"6,660.00"
2020-01-26,2020012601012132,HBL,46,14,639,565.00,"361,035.00"
2020-01-26,2020012601012091,HBL,25,6,104,567.00,"58,968.00"
2020-01-26,2020012601012028,HBL,29,6,70,567.00,"39,690.00"
2020-01-26,2020012601012011,HBL,25,47,696,566.00,"393,936.00"
2020-01-26,2020012601012010,HBL,25,5,200,565.00,"113,000.00"
2020-01-26,2020012601011852,HBL,5,47,10,566.00,"5,660.00"
2020-01-26,2020012601011808,HBL,22,39,80,563.00,"45,040.00"
2020-01-26,2020012601011807,HBL,22,34,41,562.00,"23,042.00"
2020-01-26,2020012601011806,HBL,57,11,147,560.00,"82,320.00"
2020-01-26,2020012601011816,HBL,7,5,50,556.00,"27,800.00"
2020-01-26,2020012601011815,HBL,7,5,60,557.00,"33,420.00"
2020-01-26,2020012601011814,HBL,57,5,100,557.00,"55,700.00"
2020-01-26,2020012601011813,HBL,56,5,30,557.00,"16,710.00"
2020-01-26,2020012601011812,HBL,35,5,30,557.00,"16,710.00"
2020-01-26,2020012601011811,HBL,7,5,40,558.00,"22,320.00"
2020-01-26,2020012601011851,HBL,5,32,32,565.00,"18,080.00"
2020-01-26,2020012601011821,HBL,28,5,490,555.00,"271,950.00"
2020-01-26,2020012601011820,HBL,21,5,100,555.00,"55,500.00"
2020-01-26,2020012601011819,HBL,38,5,150,555.00,"83,250.00"
2020-01-26,2020012601011818,HBL,52,5,100,555.00,"55,500.00"
2020-01-26,2020012601011817,HBL,45,5,50,555.00,"27,750.00"
2020-01-26,2020012601012100,HDL,44,52,100,"1,231.00","123,100.00"
2020-01-26,2020012601012071,HDL,51,33,15,"1,224.00","18,360.00"
2020-01-26,2020012601012070,HDL,36,33,20,"1,225.00","24,500.00"
2020-01-26,2020012601012069,HDL,17,33,15,"1,225.00","18,375.00"
2020-01-26,2020012601012068,HDL,42,33,10,"1,230.00","12,300.00"
2020-01-26,2020012601012063,HGI,36,21,200,350.00,"70,000.00"
2020-01-26,2020012601012077,HIDCL,48,50,52,135.00,"7,020.00"
2020-01-26,2020012601012018,HIDCL,52,16,28,134.00,"3,752.00"
2020-01-26,2020012601012142,HURJA,19,45,20,106.00,"2,120.00"
2020-01-26,2020012601012250,IGI,19,42,100,374.00,"37,400.00"
2020-01-26,2020012601012249,IGI,54,42,100,374.00,"37,400.00"
2020-01-26,2020012601012248,IGI,54,42,100,374.00,"37,400.00"
2020-01-26,2020012601012247,IGI,54,42,100,374.00,"37,400.00"
2020-01-26,2020012601012246,IGI,14,42,200,374.00,"74,800.00"
2020-01-26,2020012601012141,ILBS,42,58,110,776.00,"85,360.00"
2020-01-26,2020012601012115,ILBS,42,51,100,776.00,"77,600.00"
2020-01-26,2020012601011875,ILBS,43,57,50,777.00,"38,850.00"
2020-01-26,2020012601011800,ILBS,42,19,10,776.00,"7,760.00"
2020-01-26,2020012601012093,JBBL,58,13,237,169.00,"40,053.00"
2020-01-26,2020012601012210,KBL,56,13,140,190.00,"26,600.00"
2020-01-26,2020012601011982,KBL,1,22,100,190.00,"19,000.00"
2020-01-26,2020012601012173,KPCL,26,57,10,89.00,890.00
2020-01-26,2020012601011799,KSBBL,40,34,100,150.00,"15,000.00"
2020-01-26,2020012601011798,KSBBL,21,34,"1,000",150.00,"150,000.00"
2020-01-26,2020012601011797,KSBBL,1,34,500,150.00,"75,000.00"
2020-01-26,2020012601011796,KSBBL,59,34,"1,000",150.00,"150,000.00"
2020-01-26,2020012601011795,KSBBL,44,34,400,151.00,"60,400.00"
2020-01-26,2020012601011794,KSBBL,1,34,500,151.00,"75,500.00"
2020-01-26,2020012601011793,KSBBL,59,34,"1,000",151.00,"151,000.00"
2020-01-26,2020012601012017,LBBL,37,28,100,185.00,"18,500.00"
2020-01-26,2020012601011954,LBL,49,49,82,206.00,"16,892.00"
2020-01-26,2020012601011953,LBL,49,17,18,206.00,"3,708.00"
2020-01-26,2020012601012024,LGIL,43,41,145,415.00,"60,175.00"
2020-01-26,2020012601012023,LGIL,59,41,100,415.00,"41,500.00"
2020-01-26,2020012601011969,LGIL,43,3,200,416.00,"83,200.00"
2020-01-26,2020012601011774,LICN,25,55,10,"1,234.00","12,340.00"
2020-01-26,2020012601012143,LLBS,34,25,10,973.00,"9,730.00"
2020-01-26,2020012601011914,LLBS,45,58,100,960.00,"96,000.00"
2020-01-26,2020012601011913,LLBS,45,45,50,959.00,"47,950.00"
2020-01-26,2020012601012092,MBL,57,50,500,230.00,"115,000.00"
2020-01-26,2020012601012088,MBL,34,47,200,229.00,"45,800.00"
2020-01-26,2020012601011998,MBL,26,47,800,229.00,"183,200.00"
2020-01-26,2020012601011997,MBL,26,47,"1,000",229.00,"229,000.00"
2020-01-26,2020012601011996,MBL,26,19,200,229.00,"45,800.00"
2020-01-26,2020012601011792,MBL,38,57,315,229.00,"72,135.00"
2020-01-26,2020012601012001,MEGA,32,49,100,195.00,"19,500.00"
2020-01-26,2020012601012162,MERO,44,33,110,617.00,"67,870.00"
2020-01-26,2020012601012161,MERO,44,33,90,617.00,"55,530.00"
2020-01-26,2020012601012107,MERO,44,39,10,617.00,"6,170.00"
2020-01-26,2020012601012106,MERO,35,39,30,617.00,"18,510.00"
2020-01-26,2020012601012105,MERO,14,39,160,617.00,"98,720.00"
2020-01-26,2020012601011850,MERO,46,7,57,618.00,"35,226.00"
2020-01-26,2020012601011853,MFIL,43,33,100,199.00,"19,900.00"
2020-01-26,2020012601012234,MHNL,52,57,30,90.00,"2,700.00"
2020-01-26,2020012601012212,MNBBL,52,58,200,308.00,"61,600.00"
2020-01-26,2020012601012082,MNBBL,44,58,500,308.00,"154,000.00"
2020-01-26,2020012601011874,MNBBL,21,58,200,308.00,"61,600.00"
2020-01-26,2020012601012220,NABIL,17,42,12,709.00,"8,508.00"
2020-01-26,2020012601012159,NABIL,56,49,120,710.00,"85,200.00"
2020-01-26,2020012601011778,NABIL,13,44,50,710.00,"35,500.00"
2020-01-26,2020012601012219,NBB,33,34,500,196.00,"98,000.00"
2020-01-26,2020012601012218,NBB,49,34,200,196.00,"39,200.00"
2020-01-26,2020012601012217,NBB,41,34,355,196.00,"69,580.00"
2020-01-26,2020012601012027,NBB,56,1,90,197.00,"17,730.00"
2020-01-26,2020012601011903,NBB,41,22,145,196.00,"28,420.00"
2020-01-26,2020012601011902,NBB,58,22,75,196.00,"14,700.00"
2020-01-26,2020012601011970,NBL,45,45,100,274.00,"27,400.00"
2020-01-26,2020012601011882,NBL,20,45,500,274.00,"137,000.00"
2020-01-26,2020012601012236,NCCB,38,40,50,197.00,"9,850.00"
2020-01-26,2020012601012144,NCCB,58,36,10,198.00,"1,980.00"
2020-01-26,2020012601011991,NCCB,21,36,898,196.00,"176,008.00"
2020-01-26,2020012601011990,NCCB,56,36,102,196.00,"19,992.00"
2020-01-26,2020012601011950,NCCB,56,58,"1,898",196.00,"372,008.00"
2020-01-26,2020012601011949,NCCB,57,58,73,196.00,"14,308.00"
2020-01-26,2020012601011931,NCCB,58,7,52,196.00,"10,192.00"
2020-01-26,2020012601011865,NCCB,58,1,463,196.00,"90,748.00"
2020-01-26,2020012601011803,NCCB,58,3,485,196.00,"95,060.00"
2020-01-26,2020012601011802,NCCB,56,3,50,196.00,"9,800.00"
2020-01-26,2020012601011801,NCCB,41,3,465,196.00,"91,140.00"
2020-01-26,2020012601011948,NCCB,58,58,29,197.00,"5,713.00"
2020-01-26,2020012601011940,NCCB,58,17,"2,000",197.00,"394,000.00"
2020-01-26,2020012601011939,NCCB,58,38,471,197.00,"92,787.00"
2020-01-26,2020012601011938,NCCB,58,38,"1,000",197.00,"197,000.00"
2020-01-26,2020012601011933,NCCB,57,7,427,196.00,"83,692.00"
2020-01-26,2020012601011932,NCCB,34,7,100,196.00,"19,600.00"
2020-01-26,2020012601011988,NGPL,42,56,68,114.00,"7,752.00"
2020-01-26,2020012601011987,NGPL,42,48,91,114.00,"10,374.00"
2020-01-26,2020012601011986,NGPL,42,13,11,114.00,"1,254.00"
2020-01-26,2020012601012197,NIB,43,39,134,397.00,"53,198.00"
2020-01-26,2020012601012053,NIB,51,28,20,397.00,"7,940.00"
2020-01-26,2020012601012198,NICA,33,58,100,467.00,"46,700.00"
2020-01-26,2020012601012031,NICA,10,19,155,466.00,"72,230.00"
2020-01-26,2020012601011999,NICA,57,58,763,467.00,"356,321.00"
2020-01-26,2020012601011995,NICA,57,39,237,467.00,"110,679.00"
2020-01-26,2020012601011994,NICA,14,39,500,467.00,"233,500.00"
2020-01-26,2020012601011783,NICA,19,44,141,467.00,"65,847.00"
2020-01-26,2020012601011981,NICL,40,57,16,368.00,"5,888.00"
2020-01-26,2020012601011980,NICL,47,57,200,368.00,"73,600.00"
2020-01-26,2020012601011979,NICL,48,57,84,368.00,"30,912.00"
2020-01-26,2020012601012174,NIL,38,44,"2,000",450.00,"900,000.00"
2020-01-26,2020012601011904,NIL,44,41,500,449.00,"224,500.00"
2020-01-26,2020012601011985,NLG,42,45,40,772.00,"30,880.00"
2020-01-26,2020012601012237,NLIC,17,26,50,"1,095.00","54,750.00"
2020-01-26,2020012601012140,NLIC,20,26,20,"1,095.00","21,900.00"
2020-01-26,2020012601012135,NLIC,16,26,342,"1,095.00","374,490.00"
2020-01-26,2020012601012054,NLIC,16,16,22,"1,094.00","24,068.00"
2020-01-26,2020012601012039,NLIC,16,34,14,"1,094.00","15,316.00"
2020-01-26,2020012601012025,NLIC,16,22,22,"1,094.00","24,068.00"
2020-01-26,2020012601011762,NLIC,4,8,90,"1,094.00","98,460.00"
2020-01-26,2020012601011782,NLIC,4,22,22,"1,093.00","24,046.00"
2020-01-26,2020012601011781,NLIC,4,10,38,"1,093.00","41,534.00"
2020-01-26,2020012601011771,NLIC,46,10,50,"1,093.00","54,650.00"
2020-01-26,2020012601011770,NLIC,59,10,12,"1,093.00","13,116.00"
2020-01-26,2020012601011764,NLIC,4,34,508,"1,095.00","556,260.00"
2020-01-26,2020012601011763,NLIC,4,44,902,"1,095.00","987,690.00"
2020-01-26,2020012601011916,NLIC,4,21,22,"1,093.00","24,046.00"
2020-01-26,2020012601011887,NLIC,54,21,28,"1,094.00","30,632.00"
2020-01-26,2020012601011849,NLIC,54,22,22,"1,094.00","24,068.00"
2020-01-26,2020012601011822,NLIC,4,22,22,"1,093.00","24,046.00"
2020-01-26,2020012601011810,NLIC,4,47,21,"1,093.00","22,953.00"
2020-01-26,2020012601011804,NLIC,4,58,11,"1,093.00","12,023.00"
2020-01-26,2020012601011968,NLICL,6,28,100,610.00,"61,000.00"
2020-01-26,2020012601011967,NLICL,11,28,39,610.00,"23,790.00"
2020-01-26,2020012601011966,NLICL,42,28,500,610.00,"305,000.00"
2020-01-26,2020012601011965,NLICL,46,28,"1,000",610.00,"610,000.00"
2020-01-26,2020012601011964,NLICL,36,28,"1,541",612.00,"943,092.00"
2020-01-26,2020012601012209,NMB,13,48,38,350.00,"13,300.00"
2020-01-26,2020012601012208,NMB,14,48,536,350.00,"187,600.00"
2020-01-26,2020012601012207,NMB,46,48,100,350.00,"35,000.00"
2020-01-26,2020012601012206,NMB,29,48,50,350.00,"17,500.00"
2020-01-26,2020012601012205,NMB,51,48,100,350.00,"35,000.00"
2020-01-26,2020012601012204,NMB,32,48,300,350.00,"105,000.00"
2020-01-26,2020012601012037,NMB,8,7,50,350.00,"17,500.00"
2020-01-26,2020012601012026,NMB,8,46,100,350.00,"35,000.00"
2020-01-26,2020012601012203,NMB,41,48,15,350.00,"5,250.00"
2020-01-26,2020012601012202,NMB,22,48,50,350.00,"17,500.00"
2020-01-26,2020012601012201,NMB,46,48,50,350.00,"17,500.00"
2020-01-26,2020012601012200,NMB,49,48,100,350.00,"35,000.00"
2020-01-26,2020012601012199,NMB,28,48,142,350.00,"49,700.00"
2020-01-26,2020012601012038,NMB,28,7,58,350.00,"20,300.00"
2020-01-26,2020012601012227,NMBMF,11,42,50,834.00,"41,700.00"
2020-01-26,2020012601012172,NMBMF,37,42,200,830.00,"166,000.00"
2020-01-26,2020012601012171,NMBMF,44,42,50,830.00,"41,500.00"
2020-01-26,2020012601012170,NMBMF,28,42,100,830.00,"83,000.00"
2020-01-26,2020012601012169,NMBMF,57,42,50,830.00,"41,500.00"
2020-01-26,2020012601012168,NMBMF,34,42,50,831.00,"41,550.00"
2020-01-26,2020012601012167,NMBMF,16,42,50,831.00,"41,550.00"
2020-01-26,2020012601012166,NMBMF,10,42,100,832.00,"83,200.00"
2020-01-26,2020012601012165,NMBMF,39,42,50,833.00,"41,650.00"
2020-01-26,2020012601012164,NMBMF,19,42,30,834.00,"25,020.00"
2020-01-26,2020012601012110,NMBMF,11,42,200,835.00,"167,000.00"
2020-01-26,2020012601012146,NNLB,19,29,10,654.00,"6,540.00"
2020-01-26,2020012601012007,NNLB,44,1,92,647.00,"59,524.00"
2020-01-26,2020012601012214,NTC,59,28,10,624.00,"6,240.00"
2020-01-26,2020012601012145,NTC,45,21,100,621.00,"62,100.00"
2020-01-26,2020012601012112,PCBL,22,35,35,262.00,"9,170.00"
2020-01-26,2020012601012111,PCBL,4,35,15,262.00,"3,930.00"
2020-01-26,2020012601012081,PCBL,4,1,185,262.00,"48,470.00"
2020-01-26,2020012601012080,PCBL,28,1,51,262.00,"13,362.00"
2020-01-26,2020012601011984,PCBL,22,52,227,263.00,"59,701.00"
2020-01-26,2020012601011895,PCBL,22,34,71,263.00,"18,673.00"
2020-01-26,2020012601011894,PCBL,39,34,100,263.00,"26,300.00"
2020-01-26,2020012601011893,PCBL,21,34,200,263.00,"52,600.00"
2020-01-26,2020012601011892,PCBL,22,34,29,263.00,"7,627.00"
2020-01-26,2020012601011891,PCBL,52,34,100,264.00,"26,400.00"
2020-01-26,2020012601012238,PFL,59,36,487,155.00,"75,485.00"
2020-01-26,2020012601012156,PIC,45,28,356,505.00,"179,780.00"
2020-01-26,2020012601012155,PIC,45,28,20,506.00,"10,120.00"
2020-01-26,2020012601012163,PICL,39,39,10,630.00,"6,300.00"
2020-01-26,2020012601011888,PICL,35,44,25,625.00,"15,625.00"
2020-01-26,2020012601012222,PLIC,57,44,132,503.00,"66,396.00"
2020-01-26,2020012601012221,PLIC,45,44,368,503.00,"185,104.00"
2020-01-26,2020012601012211,PLIC,50,42,175,504.00,"88,200.00"
2020-01-26,2020012601012190,PLIC,32,46,228,505.00,"115,140.00"
2020-01-26,2020012601012189,PLIC,32,39,72,505.00,"36,360.00"
2020-01-26,2020012601012188,PLIC,32,26,100,505.00,"50,500.00"
2020-01-26,2020012601012180,PLIC,50,1,175,504.00,"88,200.00"
2020-01-26,2020012601012035,PLIC,50,59,50,504.00,"25,200.00"
2020-01-26,2020012601012030,PLIC,50,51,100,504.00,"50,400.00"
2020-01-26,2020012601012029,PLIC,35,51,100,504.00,"50,400.00"
2020-01-26,2020012601011861,PRIN,34,52,24,384.00,"9,216.00"
2020-01-26,2020012601011860,PRIN,21,52,100,384.00,"38,400.00"
2020-01-26,2020012601011859,PRIN,34,52,200,385.00,"77,000.00"
2020-01-26,2020012601011858,PRIN,17,52,50,385.00,"19,250.00"
2020-01-26,2020012601011857,PRIN,38,52,26,385.00,"10,010.00"
2020-01-26,2020012601011790,PRIN,38,48,24,385.00,"9,240.00"
2020-01-26,2020012601011789,PRIN,22,48,260,385.00,"100,100.00"
2020-01-26,2020012601012116,PRVU,6,38,400,243.00,"97,200.00"
2020-01-26,2020012601012067,PRVU,6,40,400,243.00,"97,200.00"
2020-01-26,2020012601012066,PRVU,35,40,100,243.00,"24,300.00"
2020-01-26,2020012601012065,PRVU,58,40,100,243.00,"24,300.00"
2020-01-26,2020012601012064,PRVU,4,40,400,243.00,"97,200.00"
2020-01-26,2020012601012034,PRVU,22,34,200,244.00,"48,800.00"
2020-01-26,2020012601011972,PRVU,35,34,100,244.00,"24,400.00"
2020-01-26,2020012601011943,PRVU,22,34,250,244.00,"61,000.00"
2020-01-26,2020012601011788,PRVU,44,34,"2,000",244.00,"488,000.00"
2020-01-26,2020012601012061,RBCLPO,3,41,10,"8,502.00","85,020.00"
2020-01-26,2020012601012160,RHPL,45,45,40,166.00,"6,640.00"
2020-01-26,2020012601012131,RHPL,36,34,10,169.00,"1,690.00"
2020-01-26,2020012601012130,RHPL,36,59,60,169.00,"10,140.00"
2020-01-26,2020012601012113,RHPL,45,40,"1,700",168.00,"285,600.00"
2020-01-26,2020012601012087,RHPL,45,36,340,167.00,"56,780.00"
2020-01-26,2020012601012012,RHPL,45,39,40,166.00,"6,640.00"
2020-01-26,2020012601011784,RHPL,45,40,40,166.00,"6,640.00"
2020-01-26,2020012601012226,RLFL,4,22,100,133.00,"13,300.00"
2020-01-26,2020012601011766,RLFL,4,21,450,133.00,"59,850.00"
2020-01-26,2020012601012086,RMDC,22,42,27,610.00,"16,470.00"
2020-01-26,2020012601011825,RRHP,47,40,10,98.00,980.00
2020-01-26,2020012601012048,RSDC,45,53,253,401.00,"101,453.00"
2020-01-26,2020012601012074,SABSL,43,58,10,754.00,"7,540.00"
2020-01-26,2020012601011937,SABSL,7,39,10,765.00,"7,650.00"
2020-01-26,2020012601011936,SABSL,7,22,10,763.00,"7,630.00"
2020-01-26,2020012601011922,SABSL,43,33,10,754.00,"7,540.00"
2020-01-26,2020012601012114,SAPDBL,29,17,"2,000",135.00,"270,000.00"
2020-01-26,2020012601012062,SBI,34,22,100,401.00,"40,100.00"
2020-01-26,2020012601011906,SBI,47,32,149,400.00,"59,600.00"
2020-01-26,2020012601011883,SBI,47,32,83,400.00,"33,200.00"
2020-01-26,2020012601011767,SBI,47,55,10,400.00,"4,000.00"
2020-01-26,2020012601012060,SBL,21,13,39,307.00,"11,973.00"
2020-01-26,2020012601012059,SBL,45,13,30,307.00,"9,210.00"
2020-01-26,2020012601012058,SBL,44,13,82,307.00,"25,174.00"
2020-01-26,2020012601012057,SBL,38,13,500,307.00,"153,500.00"
2020-01-26,2020012601012056,SBL,44,44,18,307.00,"5,526.00"
2020-01-26,2020012601012055,SBL,38,44,300,307.00,"92,100.00"
2020-01-26,2020012601011886,SBL,38,58,200,307.00,"61,400.00"
2020-01-26,2020012601011885,SBL,43,58,950,307.00,"291,650.00"
2020-01-26,2020012601012084,SCB,1,28,10,595.00,"5,950.00"
2020-01-26,2020012601011831,SCB,14,25,104,597.00,"62,088.00"
2020-01-26,2020012601011780,SCB,14,44,396,597.00,"236,412.00"
2020-01-26,2020012601012196,SDESI,34,38,193,750.00,"144,750.00"
2020-01-26,2020012601012195,SDESI,34,38,150,753.00,"112,950.00"
2020-01-26,2020012601012194,SDESI,29,38,50,753.00,"37,650.00"
2020-01-26,2020012601012193,SDESI,40,38,100,753.00,"75,300.00"
2020-01-26,2020012601012192,SDESI,42,38,25,754.00,"18,850.00"
2020-01-26,2020012601012191,SDESI,45,38,50,754.00,"37,700.00"
2020-01-26,2020012601012006,SHINE,57,33,781,256.00,"199,936.00"
2020-01-26,2020012601012005,SHINE,57,55,100,254.00,"25,400.00"
2020-01-26,2020012601012004,SHINE,57,18,88,254.00,"22,352.00"
2020-01-26,2020012601012003,SHINE,57,37,257,254.00,"65,278.00"
2020-01-26,2020012601012002,SHINE,57,58,74,253.00,"18,722.00"
2020-01-26,2020012601012182,SHIVM,49,48,200,507.00,"101,400.00"
2020-01-26,2020012601012019,SHIVM,41,14,200,505.00,"101,000.00"
2020-01-26,2020012601011927,SHIVM,28,48,52,504.00,"26,208.00"
2020-01-26,2020012601011926,SHIVM,57,48,48,505.00,"24,240.00"
2020-01-26,2020012601012099,SHL,48,56,"2,050",197.00,"403,850.00"
2020-01-26,2020012601012098,SHL,51,56,"2,000",198.00,"396,000.00"
2020-01-26,2020012601011779,SHL,21,56,100,198.00,"19,800.00"
2020-01-26,2020012601012124,SIC,57,1,480,625.00,"300,000.00"
2020-01-26,2020012601012123,SIC,35,1,100,630.00,"63,000.00"
2020-01-26,2020012601012122,SIC,45,1,20,635.00,"12,700.00"
2020-01-26,2020012601012225,SICL,3,50,130,980.00,"127,400.00"
2020-01-26,2020012601012133,SICL,56,50,20,980.00,"19,600.00"
2020-01-26,2020012601011829,SICL,50,45,117,978.00,"114,426.00"
2020-01-26,2020012601011828,SICL,35,45,20,979.00,"19,580.00"
2020-01-26,2020012601012043,SICL,54,50,40,980.00,"39,200.00"
2020-01-26,2020012601012042,SICL,54,33,10,980.00,"9,800.00"
2020-01-26,2020012601011952,SICL,6,44,25,979.00,"24,475.00"
2020-01-26,2020012601011951,SICL,58,44,20,979.00,"19,580.00"
2020-01-26,2020012601012245,SIFC,14,3,688,151.00,"103,888.00"
2020-01-26,2020012601012244,SIFC,50,3,80,151.00,"12,080.00"
2020-01-26,2020012601012151,SIL,51,10,150,495.00,"74,250.00"
2020-01-26,2020012601012150,SIL,6,10,50,496.00,"24,800.00"
2020-01-26,2020012601012179,SJCL,45,45,20,156.00,"3,120.00"
2020-01-26,2020012601012149,SJCL,45,33,20,156.00,"3,120.00"
2020-01-26,2020012601011844,SJCL,45,40,20,156.00,"3,120.00"
2020-01-26,2020012601011773,SKBBL,46,34,250,900.00,"225,000.00"
2020-01-26,2020012601011772,SKBBL,28,34,50,900.00,"45,000.00"
2020-01-26,2020012601012104,SLICL,17,58,220,403.00,"88,660.00"
2020-01-26,2020012601012076,SLICL,17,13,191,403.00,"76,973.00"
2020-01-26,2020012601012075,SLICL,17,26,73,403.00,"29,419.00"
2020-01-26,2020012601011944,SLICL,40,26,200,403.00,"80,600.00"
2020-01-26,2020012601011889,SLICL,5,26,200,403.00,"80,600.00"
2020-01-26,2020012601011824,SLICL,36,26,27,403.00,"10,881.00"
2020-01-26,2020012601011823,SLICL,36,26,100,403.00,"40,300.00"
2020-01-26,2020012601012183,SMB,57,17,30,669.00,"20,070.00"
2020-01-26,2020012601012187,SMFBS,25,56,40,913.00,"36,520.00"
2020-01-26,2020012601012186,SMFBS,55,56,50,915.00,"45,750.00"
2020-01-26,2020012601012185,SMFBS,38,56,90,916.00,"82,440.00"
2020-01-26,2020012601012041,SPARS,26,35,50,780.00,"39,000.00"
2020-01-26,2020012601012040,SPARS,26,45,250,779.00,"194,750.00"
2020-01-26,2020012601012181,SRBL,48,13,400,232.00,"92,800.00"
2020-01-26,2020012601012050,SWBBL,50,21,62,999.00,"61,938.00"
2020-01-26,2020012601011838,SWBBL,50,34,40,999.00,"39,960.00"
2020-01-26,2020012601011837,SWBBL,50,34,200,"1,000.00","200,000.00"
2020-01-26,2020012601011836,SWBBL,36,34,190,"1,000.00","190,000.00"
2020-01-26,2020012601011835,SWBBL,21,34,100,"1,001.00","100,100.00"
2020-01-26,2020012601011834,SWBBL,59,34,50,"1,003.00","50,150.00"
2020-01-26,2020012601011833,SWBBL,14,34,120,"1,003.00","120,360.00"
2020-01-26,2020012601011971,TRH,3,14,500,301.00,"150,500.00"
2020-01-26,2020012601011791,TRH,37,4,100,304.00,"30,400.00"
2020-01-26,2020012601011765,TRH,37,4,100,304.00,"30,400.00"
2020-01-26,2020012601012021,UIC,29,58,102,353.00,"36,006.00"
2020-01-26,2020012601012020,UIC,34,58,38,354.00,"13,452.00"
2020-01-26,2020012601011929,UIC,34,58,452,354.00,"160,008.00"
2020-01-26,2020012601011928,UIC,58,58,48,355.00,"17,040.00"
2020-01-26,2020012601011884,UIC,58,56,12,355.00,"4,260.00"
2020-01-26,2020012601011847,UIC,58,56,40,355.00,"14,200.00"
2020-01-26,2020012601011846,UIC,26,56,300,355.00,"106,500.00"
2020-01-26,2020012601011845,UIC,6,56,300,355.00,"106,500.00"
2020-01-26,2020012601011832,UIC,6,45,100,355.00,"35,500.00"
2020-01-26,2020012601012109,UPPER,25,55,200,242.00,"48,400.00"
2020-01-26,2020012601012097,UPPER,25,6,400,241.00,"96,400.00"
2020-01-26,2020012601012096,UPPER,25,44,"1,035",241.00,"249,435.00"
2020-01-26,2020012601012045,UPPER,33,39,570,239.00,"136,230.00"
2020-01-26,2020012601012044,UPPER,14,39,10,239.00,"2,390.00"
2020-01-26,2020012601011866,UPPER,14,40,50,239.00,"11,950.00"
2020-01-26,2020012601012147,UPPER,25,45,60,243.00,"14,580.00"
2020-01-26,2020012601012139,UPPER,25,33,50,245.00,"12,250.00"
2020-01-26,2020012601012138,UPPER,25,58,50,244.00,"12,200.00"
2020-01-26,2020012601012137,UPPER,25,25,50,244.00,"12,200.00"
2020-01-26,2020012601012121,UPPER,25,33,500,243.00,"121,500.00"
2020-01-26,2020012601012120,UPPER,25,26,140,243.00,"34,020.00"
2020-01-26,2020012601011873,WOMI,48,59,10,925.00,"9,250.00"
2020-01-26,2020012601011872,WOMI,19,59,50,925.00,"46,250.00"
2020-01-26,2020012601011871,WOMI,7,59,20,927.00,"18,540.00"
2020-01-26,2020012601011870,WOMI,45,59,100,928.00,"92,800.00"
2020-01-26,2020012601011610,ADBL,16,36,103,373.00,"38,419.00"
2020-01-26,2020012601011609,ADBL,34,36,100,373.00,"37,300.00"
2020-01-26,2020012601011608,ADBL,25,36,90,373.00,"33,570.00"
2020-01-26,2020012601011607,ADBL,47,36,10,373.00,"3,730.00"
2020-01-26,2020012601011606,ADBL,39,36,100,374.00,"37,400.00"
2020-01-26,2020012601011605,ADBL,42,36,97,374.00,"36,278.00"
2020-01-26,2020012601011553,ADBL,42,5,103,374.00,"38,522.00"
2020-01-26,2020012601011552,ADBL,22,5,37,374.00,"13,838.00"
2020-01-26,2020012601011486,ADBL,22,5,216,374.00,"80,784.00"
2020-01-26,2020012601011436,ADBL,22,11,63,374.00,"23,562.00"
2020-01-26,2020012601011424,ADBL,51,46,10,375.00,"3,750.00"
2020-01-26,2020012601011401,ADBL,51,46,10,375.00,"3,750.00"
2020-01-26,2020012601011434,AHPC,39,51,10,97.00,970.00
2020-01-26,2020012601011520,AKJCL,17,58,10,55.00,550.00
2020-01-26,2020012601011598,AKPL,43,57,674,123.00,"82,902.00"
2020-01-26,2020012601011525,AKPL,43,40,13,123.00,"1,599.00"
2020-01-26,2020012601011339,AKPL,43,25,313,123.00,"38,499.00"
2020-01-26,2020012601011338,AKPL,41,25,187,123.00,"23,001.00"
2020-01-26,2020012601011596,ALBSL,29,52,150,622.00,"93,300.00"
2020-01-26,2020012601011512,ALBSL,42,33,100,615.00,"61,500.00"
2020-01-26,2020012601011613,ALICL,49,48,94,492.00,"46,248.00"
2020-01-26,2020012601011612,ALICL,45,48,206,492.00,"101,352.00"
2020-01-26,2020012601011565,ALICL,33,58,950,493.00,"468,350.00"
2020-01-26,2020012601011550,ALICL,45,44,50,492.00,"24,600.00"
2020-01-26,2020012601011527,ALICL,38,58,500,493.00,"246,500.00"
2020-01-26,2020012601011482,ALICL,45,13,450,492.00,"221,400.00"
2020-01-26,2020012601011476,ALICL,45,38,94,492.00,"46,248.00"
2020-01-26,2020012601011475,ALICL,8,38,406,492.00,"199,752.00"
2020-01-26,2020012601011411,ALICL,26,4,100,494.00,"49,400.00"
2020-01-26,2020012601011256,BBC,39,58,100,"1,790.00","179,000.00"
2020-01-26,2020012601011255,BBC,32,58,100,"1,790.00","179,000.00"
2020-01-26,2020012601011254,BBC,34,58,10,"1,790.00","17,900.00"
2020-01-26,2020012601011253,BBC,3,58,50,"1,790.00","89,500.00"
2020-01-26,2020012601011252,BBC,48,58,200,"1,791.00","358,200.00"
2020-01-26,2020012601011251,BBC,32,58,100,"1,800.00","180,000.00"
2020-01-26,2020012601011397,BFC,17,21,635,98.00,"62,230.00"
2020-01-26,2020012601011324,BOKL,37,52,236,225.00,"53,100.00"
2020-01-26,2020012601011323,BOKL,19,52,14,226.00,"3,164.00"
2020-01-26,2020012601011750,BPCL,36,53,200,315.00,"63,000.00"
2020-01-26,2020012601011749,BPCL,43,53,50,315.00,"15,750.00"
2020-01-26,2020012601011748,BPCL,14,53,300,316.00,"94,800.00"
2020-01-26,2020012601011747,BPCL,43,53,50,316.00,"15,800.00"
2020-01-26,2020012601011746,BPCL,38,53,58,316.00,"18,328.00"
2020-01-26,2020012601011694,CBBL,34,53,15,880.00,"13,200.00"
2020-01-26,2020012601011693,CBBL,34,22,10,880.00,"8,800.00"
2020-01-26,2020012601011467,CBBL,34,37,25,880.00,"22,000.00"
2020-01-26,2020012601011466,CBBL,34,37,20,880.00,"17,600.00"
2020-01-26,2020012601011465,CBBL,34,37,100,880.00,"88,000.00"
2020-01-26,2020012601011464,CBBL,16,37,27,880.00,"23,760.00"
2020-01-26,2020012601011412,CBBL,34,22,25,881.00,"22,025.00"
2020-01-26,2020012601011630,CCBL,16,51,50,178.00,"8,900.00"
2020-01-26,2020012601011611,CCBL,16,26,"1,000",178.00,"178,000.00"
2020-01-26,2020012601011514,CCBL,16,26,934,178.00,"166,252.00"
2020-01-26,2020012601011513,CCBL,16,26,66,178.00,"11,748.00"
2020-01-26,2020012601011509,CCBL,25,55,19,179.00,"3,401.00"
2020-01-26,2020012601011508,CCBL,25,49,81,179.00,"14,499.00"
2020-01-26,2020012601011331,CFCL,59,14,300,137.00,"41,100.00"
2020-01-26,2020012601011330,CFCL,59,14,200,137.00,"27,400.00"
2020-01-26,2020012601011329,CFCL,34,14,200,137.00,"27,400.00"
2020-01-26,2020012601011328,CFCL,58,14,100,138.00,"13,800.00"
2020-01-26,2020012601011659,CIT,38,25,20,"2,155.00","43,100.00"
2020-01-26,2020012601011658,CIT,16,25,68,"2,155.00","146,540.00"
2020-01-26,2020012601011628,CIT,45,25,14,"2,156.00","30,184.00"
2020-01-26,2020012601011266,CIT,16,58,10,"2,155.00","21,550.00"
2020-01-26,2020012601011370,CLBSL,45,20,47,825.00,"38,775.00"
2020-01-26,2020012601011337,CLBSL,25,39,43,825.00,"35,475.00"
2020-01-26,2020012601011259,CLBSL,25,6,50,825.00,"41,250.00"
2020-01-26,2020012601011642,CZBIL,37,45,10,190.00,"1,900.00"
2020-01-26,2020012601011636,CZBIL,41,55,500,191.00,"95,500.00"
2020-01-26,2020012601011738,DDBL,22,17,187,"1,030.00","192,610.00"
2020-01-26,2020012601011679,DDBL,22,10,200,"1,029.00","205,800.00"
2020-01-26,2020012601011678,DDBL,22,53,365,"1,029.00","375,585.00"
2020-01-26,2020012601011677,DDBL,22,59,148,"1,029.00","152,292.00"
2020-01-26,2020012601011676,DDBL,22,25,100,"1,029.00","102,900.00"
2020-01-26,2020012601011590,DDBL,25,59,50,"1,029.00","51,450.00"
2020-01-26,2020012601011347,DDBL,48,53,100,"1,029.00","102,900.00"
2020-01-26,2020012601011325,DDBL,39,53,200,"1,029.00","205,800.00"
2020-01-26,2020012601011269,DDBL,43,45,22,"1,030.00","22,660.00"
2020-01-26,2020012601011268,DDBL,43,45,28,"1,030.00","28,840.00"
2020-01-26,2020012601011264,DDBL,17,45,100,"1,030.00","103,000.00"
2020-01-26,2020012601011419,DDBL,41,17,110,"1,029.00","113,190.00"
2020-01-26,2020012601011418,DDBL,41,14,50,"1,029.00","51,450.00"
2020-01-26,2020012601011413,DDBL,6,13,100,"1,028.00","102,800.00"
2020-01-26,2020012601011396,DDBL,26,14,50,"1,029.00","51,450.00"
2020-01-26,2020012601011395,DDBL,26,59,150,"1,029.00","154,350.00"
2020-01-26,2020012601011358,DDBL,35,59,50,"1,029.00","51,450.00"
2020-01-26,2020012601011429,DDBL,48,34,50,"1,028.00","51,400.00"
2020-01-26,2020012601011428,DDBL,51,34,300,"1,028.00","308,400.00"
2020-01-26,2020012601011427,DDBL,35,34,74,"1,028.00","76,072.00"
2020-01-26,2020012601011426,DDBL,32,34,50,"1,029.00","51,450.00"
2020-01-26,2020012601011421,DDBL,35,17,26,"1,028.00","26,728.00"
2020-01-26,2020012601011420,DDBL,48,17,64,"1,028.00","65,792.00"
2020-01-26,2020012601011588,DDBL,32,45,50,"1,028.00","51,400.00"
2020-01-26,2020012601011587,DDBL,42,45,24,"1,028.00","24,672.00"
2020-01-26,2020012601011549,DDBL,45,59,79,"1,029.00","81,291.00"
2020-01-26,2020012601011548,DDBL,45,42,50,"1,029.00","51,450.00"
2020-01-26,2020012601011468,DDBL,35,42,50,"1,029.00","51,450.00"
2020-01-26,2020012601011435,DDBL,42,34,26,"1,028.00","26,728.00"
2020-01-26,2020012601011641,DHPL,48,7,500,51.00,"25,500.00"
2020-01-26,2020012601011640,DHPL,51,7,"1,500",51.00,"76,500.00"
2020-01-26,2020012601011725,EBL,41,38,50,598.00,"29,900.00"
2020-01-26,2020012601011724,EBL,57,38,100,598.00,"59,800.00"
2020-01-26,2020012601011723,EBL,48,38,"1,000",598.00,"598,000.00"
2020-01-26,2020012601011722,EBL,14,38,200,598.00,"119,600.00"
2020-01-26,2020012601011721,EBL,28,38,100,598.00,"59,800.00"
2020-01-26,2020012601011720,EBL,16,38,500,598.00,"299,000.00"
2020-01-26,2020012601011719,EBL,44,38,100,598.00,"59,800.00"
2020-01-26,2020012601011718,EBL,14,38,138,599.00,"82,662.00"
2020-01-26,2020012601011505,EBL,14,47,615,599.00,"368,385.00"
2020-01-26,2020012601011488,EBL,14,47,280,599.00,"167,720.00"
2020-01-26,2020012601011487,EBL,50,47,335,599.00,"200,665.00"
2020-01-26,2020012601011463,EIC,57,5,200,330.00,"66,000.00"
2020-01-26,2020012601011462,EIC,19,5,74,330.00,"24,420.00"
2020-01-26,2020012601011416,EIC,19,38,126,330.00,"41,580.00"
2020-01-26,2020012601011415,EIC,57,38,900,330.00,"297,000.00"
2020-01-26,2020012601011288,EIC,45,50,440,331.00,"145,640.00"
2020-01-26,2020012601011599,FOWAD,32,41,19,"1,194.00","22,686.00"
2020-01-26,2020012601011375,FOWAD,32,35,100,"1,194.00","119,400.00"
2020-01-26,2020012601011660,GBIME,52,38,100,290.00,"29,000.00"
2020-01-26,2020012601011601,GBIME,29,57,90,289.00,"26,010.00"
2020-01-26,2020012601011581,GBIME,29,58,109,289.00,"31,501.00"
2020-01-26,2020012601011580,GBIME,1,58,250,289.00,"72,250.00"
2020-01-26,2020012601011579,GBIME,16,58,100,289.00,"28,900.00"
2020-01-26,2020012601011578,GBIME,34,58,200,289.00,"57,800.00"
2020-01-26,2020012601011349,GBIME,57,43,36,290.00,"10,440.00"
2020-01-26,2020012601011310,GBIME,57,16,14,290.00,"4,060.00"
2020-01-26,2020012601011309,GBIME,57,43,50,290.00,"14,500.00"
2020-01-26,2020012601011270,GBIME,4,43,500,290.00,"145,000.00"
2020-01-26,2020012601011263,GBIME,36,43,170,290.00,"49,300.00"
2020-01-26,2020012601011502,GBIME,4,11,74,289.00,"21,386.00"
2020-01-26,2020012601011430,GBIME,8,25,156,290.00,"45,240.00"
2020-01-26,2020012601011423,GBIME,8,38,"2,000",290.00,"580,000.00"
2020-01-26,2020012601011422,GBIME,8,43,844,290.00,"244,760.00"
2020-01-26,2020012601011399,GBIME,17,43,100,290.00,"29,000.00"
2020-01-26,2020012601011350,GBIME,48,43,20,290.00,"5,800.00"
2020-01-26,2020012601011577,GBIME,44,58,300,289.00,"86,700.00"
2020-01-26,2020012601011576,GBIME,4,58,248,289.00,"71,672.00"
2020-01-26,2020012601011575,GBIME,34,38,16,290.00,"4,640.00"
2020-01-26,2020012601011574,GBIME,34,48,150,290.00,"43,500.00"
2020-01-26,2020012601011573,GBIME,34,25,34,290.00,"9,860.00"
2020-01-26,2020012601011517,GBIME,56,25,10,290.00,"2,900.00"
2020-01-26,2020012601011728,GBLBS,14,13,100,419.00,"41,900.00"
2020-01-26,2020012601011727,GBLBS,14,55,105,419.00,"43,995.00"
2020-01-26,2020012601011726,GBLBS,14,13,45,417.00,"18,765.00"
2020-01-26,2020012601011682,GBLBS,39,13,200,417.00,"83,400.00"
2020-01-26,2020012601011681,GBLBS,25,13,100,417.00,"41,700.00"
2020-01-26,2020012601011680,GBLBS,46,13,63,417.00,"26,271.00"
2020-01-26,2020012601011499,GBLBS,52,41,100,418.00,"41,800.00"
2020-01-26,2020012601011498,GBLBS,35,41,"1,000",418.00,"418,000.00"
2020-01-26,2020012601011497,GBLBS,40,41,65,418.00,"27,170.00"
2020-01-26,2020012601011653,GILB,40,55,54,"1,270.00","68,580.00"
2020-01-26,2020012601011652,GILB,47,55,100,"1,270.00","127,000.00"
2020-01-26,2020012601011651,GILB,22,55,10,"1,270.00","12,700.00"
2020-01-26,2020012601011650,GILB,33,55,50,"1,280.00","64,000.00"
2020-01-26,2020012601011649,GILB,46,55,63,"1,280.00","80,640.00"
2020-01-26,2020012601011648,GILB,38,55,10,"1,285.00","12,850.00"
2020-01-26,2020012601011367,GILB,38,7,10,"1,285.00","12,850.00"
2020-01-26,2020012601011593,GLBSL,52,39,10,601.00,"6,010.00"
2020-01-26,2020012601011584,GLICL,34,34,500,645.00,"322,500.00"
2020-01-26,2020012601011563,GLICL,34,53,159,645.00,"102,555.00"
2020-01-26,2020012601011562,GLICL,45,53,241,645.00,"155,445.00"
2020-01-26,2020012601011561,GLICL,5,53,100,646.00,"64,600.00"
2020-01-26,2020012601011485,GLICL,6,53,179,646.00,"115,634.00"
2020-01-26,2020012601011484,GLICL,39,53,221,646.00,"142,766.00"
2020-01-26,2020012601011403,GLICL,39,7,279,646.00,"180,234.00"
2020-01-26,2020012601011402,GLICL,38,7,121,646.00,"78,166.00"
2020-01-26,2020012601011706,HBL,35,11,20,559.00,"11,180.00"
2020-01-26,2020012601011703,HBL,11,11,100,559.00,"55,900.00"
2020-01-26,2020012601011702,HBL,40,11,20,559.00,"11,180.00"
2020-01-26,2020012601011701,HBL,32,11,100,559.00,"55,900.00"
2020-01-26,2020012601011700,HBL,29,11,20,560.00,"11,200.00"
2020-01-26,2020012601011699,HBL,13,11,83,560.00,"46,480.00"
2020-01-26,2020012601011480,HBL,45,26,300,561.00,"168,300.00"
2020-01-26,2020012601011409,HBL,43,34,50,562.00,"28,100.00"
2020-01-26,2020012601011541,HBL,21,44,40,560.00,"22,400.00"
2020-01-26,2020012601011540,HBL,45,44,60,560.00,"33,600.00"
2020-01-26,2020012601011539,HBL,25,44,203,560.00,"113,680.00"
2020-01-26,2020012601011538,HBL,38,44,45,561.00,"25,245.00"
2020-01-26,2020012601011537,HBL,34,44,10,561.00,"5,610.00"
2020-01-26,2020012601011536,HBL,45,44,220,561.00,"123,420.00"
2020-01-26,2020012601011627,HBL,13,34,105,560.00,"58,800.00"
2020-01-26,2020012601011602,HBL,40,17,100,561.00,"56,100.00"
2020-01-26,2020012601011545,HBL,13,44,312,560.00,"174,720.00"
2020-01-26,2020012601011544,HBL,13,44,35,560.00,"19,600.00"
2020-01-26,2020012601011543,HBL,13,44,50,560.00,"28,000.00"
2020-01-26,2020012601011542,HBL,44,44,200,560.00,"112,000.00"
2020-01-26,2020012601011572,HDL,45,51,100,"1,230.00","123,000.00"
2020-01-26,2020012601011522,HDL,17,56,10,"1,225.00","12,250.00"
2020-01-26,2020012601011521,HDL,34,56,40,"1,225.00","49,000.00"
2020-01-26,2020012601011460,HDL,34,40,200,"1,225.00","245,000.00"
2020-01-26,2020012601011336,HDL,34,53,100,"1,225.00","122,500.00"
2020-01-26,2020012601011308,HDL,34,57,160,"1,225.00","196,000.00"
2020-01-26,2020012601011307,HDL,51,57,30,"1,225.00","36,750.00"
2020-01-26,2020012601011306,HDL,56,57,100,"1,225.00","122,500.00"
2020-01-26,2020012601011305,HDL,22,57,10,"1,225.00","12,250.00"
2020-01-26,2020012601011304,HDL,7,57,100,"1,226.00","122,600.00"
2020-01-26,2020012601011673,HIDCL,14,50,84,135.00,"11,340.00"
2020-01-26,2020012601011535,HIDCL,14,40,16,135.00,"2,160.00"
2020-01-26,2020012601011715,HURJA,19,53,10,106.00,"1,060.00"
2020-01-26,2020012601011741,ILBS,42,17,10,776.00,"7,760.00"
2020-01-26,2020012601011695,ILBS,42,17,10,776.00,"7,760.00"
2020-01-26,2020012601011556,ILBS,42,41,10,776.00,"7,760.00"
2020-01-26,2020012601011555,ILBS,42,40,10,776.00,"7,760.00"
2020-01-26,2020012601011532,ILBS,42,51,76,776.00,"58,976.00"
2020-01-26,2020012601011456,ILBS,52,57,230,777.00,"178,710.00"
2020-01-26,2020012601011334,ILBS,22,10,76,775.00,"58,900.00"
2020-01-26,2020012601011333,ILBS,14,10,24,775.00,"18,600.00"
2020-01-26,2020012601011298,JSLBB,21,21,2,"1,370.00","2,740.00"
2020-01-26,2020012601011661,KBL,34,38,500,189.00,"94,500.00"
2020-01-26,2020012601011633,KBL,38,16,86,190.00,"16,340.00"
2020-01-26,2020012601011496,KBL,34,52,300,189.00,"56,700.00"
2020-01-26,2020012601011369,KBL,34,21,14,189.00,"2,646.00"
2020-01-26,2020012601011355,KBL,34,16,900,190.00,"171,000.00"
2020-01-26,2020012601011354,KBL,21,16,14,191.00,"2,674.00"
2020-01-26,2020012601011534,KPCL,26,58,10,89.00,890.00
2020-01-26,2020012601011551,KRBL,45,32,500,108.00,"54,000.00"
2020-01-26,2020012601011705,LBBL,46,39,185,186.00,"34,410.00"
2020-01-26,2020012601011704,LBBL,46,38,315,186.00,"58,590.00"
2020-01-26,2020012601011560,LBBL,26,38,540,186.00,"100,440.00"
2020-01-26,2020012601011559,LBBL,41,38,10,186.00,"1,860.00"
2020-01-26,2020012601011558,LBBL,59,38,305,186.00,"56,730.00"
2020-01-26,2020012601011516,LBBL,59,57,400,186.00,"74,400.00"
2020-01-26,2020012601011739,LGIL,51,41,303,416.00,"126,048.00"
2020-01-26,2020012601011495,LICN,50,47,390,"1,225.00","477,750.00"
2020-01-26,2020012601011494,LICN,50,25,120,"1,224.00","146,880.00"
2020-01-26,2020012601011322,LLBS,40,34,50,950.00,"47,500.00"
2020-01-26,2020012601011664,MBL,21,57,400,229.00,"91,600.00"
2020-01-26,2020012601011644,MBL,49,57,200,229.00,"45,800.00"
2020-01-26,2020012601011643,MBL,14,57,665,229.00,"152,285.00"
2020-01-26,2020012601011526,MBL,14,51,346,229.00,"79,234.00"
2020-01-26,2020012601011707,MDB,4,48,418,279.00,"116,622.00"
2020-01-26,2020012601011671,MERO,46,42,33,618.00,"20,394.00"
2020-01-26,2020012601011594,MERO,6,45,100,619.00,"61,900.00"
2020-01-26,2020012601011451,MERO,18,45,50,619.00,"30,950.00"
2020-01-26,2020012601011461,MHNL,52,57,40,90.00,"3,600.00"
2020-01-26,2020012601011380,MLBL,4,32,369,200.00,"73,800.00"
2020-01-26,2020012601011670,MNBBL,8,58,42,308.00,"12,936.00"
2020-01-26,2020012601011638,MNBBL,8,29,208,308.00,"64,064.00"
2020-01-26,2020012601011363,MNBBL,10,45,50,308.00,"15,400.00"
2020-01-26,2020012601011743,NABIL,28,44,50,710.00,"35,500.00"
2020-01-26,2020012601011591,NABIL,8,13,110,709.00,"77,990.00"
2020-01-26,2020012601011569,NABIL,38,13,37,709.00,"26,233.00"
2020-01-26,2020012601011568,NABIL,57,13,50,709.00,"35,450.00"
2020-01-26,2020012601011351,NADEP,43,19,10,615.00,"6,150.00"
2020-01-26,2020012601011348,NADEP,45,58,358,620.00,"221,960.00"
2020-01-26,2020012601011262,NADEP,18,38,19,618.00,"11,742.00"
2020-01-26,2020012601011733,NBL,59,45,200,274.00,"54,800.00"
2020-01-26,2020012601011297,NBL,6,44,"1,000",274.00,"274,000.00"
2020-01-26,2020012601011296,NBL,39,44,"1,000",274.00,"274,000.00"
2020-01-26,2020012601011295,NBL,53,44,"1,000",274.00,"274,000.00"
2020-01-26,2020012601011294,NBL,16,44,"1,000",274.00,"274,000.00"
2020-01-26,2020012601011293,NBL,36,44,500,274.00,"137,000.00"
2020-01-26,2020012601011292,NBL,37,44,200,274.00,"54,800.00"
2020-01-26,2020012601011291,NBL,42,44,50,274.00,"13,700.00"
2020-01-26,2020012601011290,NBL,6,44,50,274.00,"13,700.00"
2020-01-26,2020012601011730,NCCB,28,36,150,198.00,"29,700.00"
2020-01-26,2020012601011729,NCCB,28,48,100,198.00,"19,800.00"
2020-01-26,2020012601011708,NCCB,1,38,130,197.00,"25,610.00"
2020-01-26,2020012601011621,NCCB,58,38,870,197.00,"171,390.00"
2020-01-26,2020012601011620,NCCB,58,59,200,197.00,"39,400.00"
2020-01-26,2020012601011619,NCCB,58,14,930,197.00,"183,210.00"
2020-01-26,2020012601011491,NCCB,4,14,250,197.00,"49,250.00"
2020-01-26,2020012601011490,NCCB,4,38,750,197.00,"147,750.00"
2020-01-26,2020012601011371,NCCB,41,58,20,196.00,"3,920.00"
2020-01-26,2020012601011368,NCCB,8,38,250,197.00,"49,250.00"
2020-01-26,2020012601011257,NFS,47,22,"1,227",143.00,"175,461.00"
2020-01-26,2020012601011675,NHDL,22,46,290,125.00,"36,250.00"
2020-01-26,2020012601011603,NHDL,22,46,500,125.00,"62,500.00"
2020-01-26,2020012601011582,NHDL,22,40,10,125.00,"1,250.00"
2020-01-26,2020012601011345,NHPC,42,5,680,50.00,"34,000.00"
2020-01-26,2020012601011344,NHPC,28,5,"2,000",50.00,"100,000.00"
2020-01-26,2020012601011343,NHPC,41,5,600,51.00,"30,600.00"
2020-01-26,2020012601011342,NHPC,38,5,100,51.00,"5,100.00"
2020-01-26,2020012601011341,NHPC,26,5,500,51.00,"25,500.00"
2020-01-26,2020012601011340,NHPC,42,5,120,51.00,"6,120.00"
2020-01-26,2020012601011632,NIB,51,45,50,397.00,"19,850.00"
2020-01-26,2020012601011631,NIB,45,45,150,397.00,"59,550.00"
2020-01-26,2020012601011592,NIB,45,25,250,397.00,"99,250.00"
2020-01-26,2020012601011441,NIB,45,7,100,397.00,"39,700.00"
2020-01-26,2020012601011440,NIB,34,7,72,397.00,"28,584.00"
2020-01-26,2020012601011439,NIB,14,7,100,397.00,"39,700.00"
2020-01-26,2020012601011438,NIB,51,7,10,398.00,"3,980.00"
2020-01-26,2020012601011437,NIB,17,7,18,398.00,"7,164.00"
2020-01-26,2020012601011353,NIB,17,25,982,398.00,"390,836.00"
2020-01-26,2020012601011352,NIB,56,25,18,398.00,"7,164.00"
2020-01-26,2020012601011732,NIBPO,22,19,50,370.00,"18,500.00"
2020-01-26,2020012601011655,NIBPO,13,19,41,370.00,"15,170.00"
2020-01-26,2020012601011654,NIBPO,52,19,159,370.00,"58,830.00"
2020-01-26,2020012601011507,NIBPO,52,51,41,370.00,"15,170.00"
2020-01-26,2020012601011698,NICA,19,17,359,467.00,"167,653.00"
2020-01-26,2020012601011697,NICA,38,17,50,467.00,"23,350.00"
2020-01-26,2020012601011696,NICA,56,17,591,467.00,"275,997.00"
2020-01-26,2020012601011624,NICA,56,52,409,467.00,"191,003.00"
2020-01-26,2020012601011623,NICA,19,52,38,467.00,"17,746.00"
2020-01-26,2020012601011622,NICA,25,52,373,467.00,"174,191.00"
2020-01-26,2020012601011300,NICA,40,41,13,467.00,"6,071.00"
2020-01-26,2020012601011265,NICA,40,40,40,467.00,"18,680.00"
2020-01-26,2020012601011361,NICA,41,58,10,467.00,"4,670.00"
2020-01-26,2020012601011321,NICA,41,25,100,467.00,"46,700.00"
2020-01-26,2020012601011311,NICA,41,58,10,467.00,"4,670.00"
2020-01-26,2020012601011303,NICA,41,41,107,467.00,"49,969.00"
2020-01-26,2020012601011302,NICA,56,41,100,467.00,"46,700.00"
2020-01-26,2020012601011301,NICA,10,41,100,467.00,"46,700.00"
2020-01-26,2020012601011492,NICA,25,28,100,467.00,"46,700.00"
2020-01-26,2020012601011445,NICA,25,46,27,467.00,"12,609.00"
2020-01-26,2020012601011444,NICA,55,46,300,467.00,"140,100.00"
2020-01-26,2020012601011443,NICA,41,46,673,467.00,"314,291.00"
2020-01-26,2020012601011365,NICA,52,3,20,468.00,"9,360.00"
2020-01-26,2020012601011364,NICA,52,16,80,468.00,"37,440.00"
2020-01-26,2020012601011566,NICGF,19,41,500,9.26,"4,630.00"
2020-01-26,2020012601011528,NICGF,19,41,500,9.26,"4,630.00"
2020-01-26,2020012601011455,NICL,48,57,16,368.00,"5,888.00"
2020-01-26,2020012601011454,NICL,34,57,100,368.00,"36,800.00"
2020-01-26,2020012601011453,NICL,57,57,300,369.00,"110,700.00"
2020-01-26,2020012601011452,NICL,52,57,84,369.00,"30,996.00"
2020-01-26,2020012601011740,NIL,44,45,500,449.00,"224,500.00"
2020-01-26,2020012601011530,NLG,45,22,50,774.00,"38,700.00"
2020-01-26,2020012601011529,NLG,35,22,10,774.00,"7,740.00"
2020-01-26,2020012601011506,NLG,19,43,100,775.00,"77,500.00"
2020-01-26,2020012601011414,NLG,6,43,20,775.00,"15,500.00"
2020-01-26,2020012601011745,NLIC,59,22,22,"1,093.00","24,046.00"
2020-01-26,2020012601011744,NLIC,35,8,10,"1,094.00","10,940.00"
2020-01-26,2020012601011717,NLIC,59,16,66,"1,093.00","72,138.00"
2020-01-26,2020012601011716,NLIC,22,16,34,"1,093.00","37,162.00"
2020-01-26,2020012601011691,NLIC,22,22,22,"1,093.00","24,046.00"
2020-01-26,2020012601011684,NLIC,28,8,100,"1,094.00","109,400.00"
2020-01-26,2020012601011657,NLIC,22,22,22,"1,093.00","24,046.00"
2020-01-26,2020012601011554,NLIC,42,10,50,"1,094.00","54,700.00"
2020-01-26,2020012601011515,NLIC,20,58,42,"1,094.00","45,948.00"
2020-01-26,2020012601011501,NLIC,20,51,100,"1,094.00","109,400.00"
2020-01-26,2020012601011398,NLIC,20,55,250,"1,094.00","273,500.00"
2020-01-26,2020012601011366,NLIC,22,56,322,"1,093.00","351,946.00"
2020-01-26,2020012601011387,NLICL,36,25,459,612.00,"280,908.00"
2020-01-26,2020012601011386,NLICL,44,25,100,612.00,"61,200.00"
2020-01-26,2020012601011385,NLICL,22,25,300,613.00,"183,900.00"
2020-01-26,2020012601011384,NLICL,40,25,50,613.00,"30,650.00"
2020-01-26,2020012601011383,NLICL,40,25,50,613.00,"30,650.00"
2020-01-26,2020012601011382,NLICL,26,25,91,613.00,"55,783.00"
2020-01-26,2020012601011742,NMB,4,42,85,351.00,"29,835.00"
2020-01-26,2020012601011737,NMB,4,48,115,351.00,"40,365.00"
2020-01-26,2020012601011736,NMB,42,48,35,351.00,"12,285.00"
2020-01-26,2020012601011735,NMB,13,48,150,351.00,"52,650.00"
2020-01-26,2020012601011734,NMB,58,48,200,351.00,"70,200.00"
2020-01-26,2020012601011442,NMB,42,46,100,351.00,"35,100.00"
2020-01-26,2020012601011433,NMB,42,25,65,351.00,"22,815.00"
2020-01-26,2020012601011432,NMB,17,25,35,351.00,"12,285.00"
2020-01-26,2020012601011327,NMB,17,49,15,351.00,"5,265.00"
2020-01-26,2020012601011326,NMB,6,49,115,351.00,"40,365.00"
2020-01-26,2020012601011312,NMB,6,40,48,351.00,"16,848.00"
2020-01-26,2020012601011618,NMBMF,11,42,100,835.00,"83,500.00"
2020-01-26,2020012601011479,NMBMF,16,42,100,835.00,"83,500.00"
2020-01-26,2020012601011449,NNLB,36,55,58,650.00,"37,700.00"
2020-01-26,2020012601011356,NTC,45,32,10,621.00,"6,210.00"
2020-01-26,2020012601011258,NTC,59,28,10,624.00,"6,240.00"
2020-01-26,2020012601011431,PCBL,21,21,19,266.00,"5,054.00"
2020-01-26,2020012601011376,PFL,59,41,13,155.00,"2,015.00"
2020-01-26,2020012601011629,PIC,45,49,20,510.00,"10,200.00"
2020-01-26,2020012601011510,PIC,7,49,50,510.00,"25,500.00"
2020-01-26,2020012601011457,PIC,7,55,50,509.00,"25,450.00"
2020-01-26,2020012601011357,PIC,45,53,624,505.00,"315,120.00"
2020-01-26,2020012601011656,PICL,45,39,20,630.00,"12,600.00"
2020-01-26,2020012601011547,PICL,19,39,50,630.00,"31,500.00"
2020-01-26,2020012601011546,PICL,19,1,50,630.00,"31,500.00"
2020-01-26,2020012601011511,PLIC,45,17,112,503.00,"56,336.00"
2020-01-26,2020012601011478,PLIC,45,41,104,503.00,"52,312.00"
2020-01-26,2020012601011595,PMHPL,6,40,10,86.00,860.00
2020-01-26,2020012601011557,PMHPL,6,58,10,86.00,860.00
2020-01-26,2020012601011639,PPCL,17,40,10,124.00,"1,240.00"
2020-01-26,2020012601011335,PPCL,17,40,10,124.00,"1,240.00"
2020-01-26,2020012601011417,PRIN,22,42,200,385.00,"77,000.00"
2020-01-26,2020012601011683,PRVU,4,40,500,243.00,"121,500.00"
2020-01-26,2020012601011597,PRVU,4,58,"1,000",243.00,"243,000.00"
2020-01-26,2020012601011663,RADHI,29,40,11,146.00,"1,606.00"
2020-01-26,2020012601011320,RHPC,34,45,270,76.00,"20,520.00"
2020-01-26,2020012601011319,RHPC,59,45,70,76.00,"5,320.00"
2020-01-26,2020012601011318,RHPC,59,45,60,76.00,"4,560.00"
2020-01-26,2020012601011317,RHPC,59,45,300,76.00,"22,800.00"
2020-01-26,2020012601011316,RHPC,59,45,300,76.00,"22,800.00"
2020-01-26,2020012601011315,RHPC,26,45,400,76.00,"30,400.00"
2020-01-26,2020012601011314,RHPC,42,45,500,76.00,"38,000.00"
2020-01-26,2020012601011313,RHPC,43,45,100,76.00,"7,600.00"
2020-01-26,2020012601011687,RHPL,49,40,500,167.00,"83,500.00"
2020-01-26,2020012601011686,RHPL,16,40,200,167.00,"33,400.00"
2020-01-26,2020012601011685,RHPL,45,40,600,167.00,"100,200.00"
2020-01-26,2020012601011617,RHPL,45,56,400,167.00,"66,800.00"
2020-01-26,2020012601011616,RHPL,56,56,500,167.00,"83,500.00"
2020-01-26,2020012601011615,RHPL,37,56,100,167.00,"16,700.00"
2020-01-26,2020012601011600,RHPL,14,58,100,167.00,"16,700.00"
2020-01-26,2020012601011589,RHPL,14,58,50,167.00,"8,350.00"
2020-01-26,2020012601011477,RHPL,29,59,100,169.00,"16,900.00"
2020-01-26,2020012601011362,RHPL,14,40,40,167.00,"6,680.00"
2020-01-26,2020012601011267,RMDC,47,6,400,611.00,"244,400.00"
2020-01-26,2020012601011381,RRHP,47,40,10,98.00,980.00
2020-01-26,2020012601011672,RSDC,20,53,17,401.00,"6,817.00"
2020-01-26,2020012601011489,RSDC,20,56,13,401.00,"5,213.00"
2020-01-26,2020012601011474,RSDC,20,56,20,401.00,"8,020.00"
2020-01-26,2020012601011473,RSDC,50,56,200,401.00,"80,200.00"
2020-01-26,2020012601011472,RSDC,45,56,200,401.00,"80,200.00"
2020-01-26,2020012601011471,RSDC,36,56,110,401.00,"44,110.00"
2020-01-26,2020012601011470,RSDC,58,56,500,402.00,"201,000.00"
2020-01-26,2020012601011374,RSDC,57,57,18,405.00,"7,290.00"
2020-01-26,2020012601011373,RSDC,57,57,30,405.00,"12,150.00"
2020-01-26,2020012601011372,RSDC,57,6,100,404.00,"40,400.00"
2020-01-26,2020012601011669,SABSL,43,34,10,758.00,"7,580.00"
2020-01-26,2020012601011662,SABSL,52,58,10,753.00,"7,530.00"
2020-01-26,2020012601011647,SABSL,43,16,40,757.00,"30,280.00"
2020-01-26,2020012601011483,SABSL,52,58,10,753.00,"7,530.00"
2020-01-26,2020012601011360,SABSL,59,16,10,755.00,"7,550.00"
2020-01-26,2020012601011359,SABSL,59,16,10,755.00,"7,550.00"
2020-01-26,2020012601011410,SADBL,17,40,184,151.00,"27,784.00"
2020-01-26,2020012601011731,SANIMA,34,25,100,347.00,"34,700.00"
2020-01-26,2020012601011571,SANIMA,14,25,50,346.00,"17,300.00"
2020-01-26,2020012601011524,SANIMA,14,59,142,346.00,"49,132.00"
2020-01-26,2020012601011523,SANIMA,44,59,58,346.00,"20,068.00"
2020-01-26,2020012601011714,SAPDBL,1,17,500,135.00,"67,500.00"
2020-01-26,2020012601011713,SAPDBL,35,17,300,136.00,"40,800.00"
2020-01-26,2020012601011712,SAPDBL,19,17,80,136.00,"10,880.00"
2020-01-26,2020012601011711,SAPDBL,1,17,500,136.00,"68,000.00"
2020-01-26,2020012601011710,SAPDBL,59,17,300,136.00,"40,800.00"
2020-01-26,2020012601011709,SAPDBL,45,17,151,137.00,"20,687.00"
2020-01-26,2020012601011500,SBL,51,13,200,308.00,"61,600.00"
2020-01-26,2020012601011637,SCB,1,54,100,595.00,"59,500.00"
2020-01-26,2020012601011586,SCB,1,33,400,595.00,"238,000.00"
2020-01-26,2020012601011408,SCB,1,45,25,595.00,"14,875.00"
2020-01-26,2020012601011407,SCB,44,45,75,595.00,"44,625.00"
2020-01-26,2020012601011583,SDESI,34,35,10,764.00,"7,640.00"
2020-01-26,2020012601011332,SDESI,45,35,50,754.00,"37,700.00"
2020-01-26,2020012601011425,SHINE,4,40,100,253.00,"25,300.00"
2020-01-26,2020012601011346,SHINE,4,32,500,253.00,"126,500.00"
2020-01-26,2020012601011625,SHINE,4,58,26,253.00,"6,578.00"
2020-01-26,2020012601011674,SHIVM,35,26,150,507.00,"76,050.00"
2020-01-26,2020012601011570,SHIVM,35,56,138,506.00,"69,828.00"
2020-01-26,2020012601011531,SHIVM,35,35,300,506.00,"151,800.00"
2020-01-26,2020012601011394,SHIVM,40,56,50,503.00,"25,150.00"
2020-01-26,2020012601011393,SHIVM,34,56,50,503.00,"25,150.00"
2020-01-26,2020012601011392,SHIVM,44,56,50,503.00,"25,150.00"
2020-01-26,2020012601011273,SHIVM,41,58,50,505.00,"25,250.00"
2020-01-26,2020012601011272,SHIVM,57,58,100,505.00,"50,500.00"
2020-01-26,2020012601011271,SHIVM,43,58,28,505.00,"14,140.00"
2020-01-26,2020012601011261,SHIVM,43,33,472,505.00,"238,360.00"
2020-01-26,2020012601011260,SHIVM,47,33,28,506.00,"14,168.00"
2020-01-26,2020012601011279,SHIVM,55,58,100,505.00,"50,500.00"
2020-01-26,2020012601011278,SHIVM,1,58,200,505.00,"101,000.00"
2020-01-26,2020012601011277,SHIVM,1,58,200,505.00,"101,000.00"
2020-01-26,2020012601011276,SHIVM,4,58,100,505.00,"50,500.00"
2020-01-26,2020012601011275,SHIVM,25,58,100,505.00,"50,500.00"
2020-01-26,2020012601011274,SHIVM,50,58,300,505.00,"151,500.00"
2020-01-26,2020012601011285,SHIVM,34,58,300,503.00,"150,900.00"
2020-01-26,2020012601011284,SHIVM,52,58,"1,000",503.00,"503,000.00"
2020-01-26,2020012601011283,SHIVM,45,58,200,503.00,"100,600.00"
2020-01-26,2020012601011282,SHIVM,37,58,50,504.00,"25,200.00"
2020-01-26,2020012601011281,SHIVM,51,58,200,504.00,"100,800.00"
2020-01-26,2020012601011280,SHIVM,11,58,50,505.00,"25,250.00"
2020-01-26,2020012601011391,SHIVM,47,56,50,503.00,"25,150.00"
2020-01-26,2020012601011390,SHIVM,1,56,100,503.00,"50,300.00"
2020-01-26,2020012601011389,SHIVM,25,56,200,503.00,"100,600.00"
2020-01-26,2020012601011388,SHIVM,25,56,100,503.00,"50,300.00"
2020-01-26,2020012601011287,SHIVM,57,58,"1,352",503.00,"680,056.00"
2020-01-26,2020012601011286,SHIVM,35,58,30,503.00,"15,090.00"
2020-01-26,2020012601011690,SHL,21,52,100,198.00,"19,800.00"
2020-01-26,2020012601011689,SHL,38,52,100,198.00,"19,800.00"
2020-01-26,2020012601011688,SHL,10,52,200,198.00,"39,600.00"
2020-01-26,2020012601011614,SHPC,48,34,20,198.00,"3,960.00"
2020-01-26,2020012601011585,SIC,45,49,30,635.00,"19,050.00"
2020-01-26,2020012601011668,SICL,45,45,50,980.00,"49,000.00"
2020-01-26,2020012601011667,SICL,42,45,50,980.00,"49,000.00"
2020-01-26,2020012601011666,SICL,6,45,50,980.00,"49,000.00"
2020-01-26,2020012601011665,SICL,5,45,50,981.00,"49,050.00"
2020-01-26,2020012601011533,SICL,3,57,94,982.00,"92,308.00"
2020-01-26,2020012601011604,SIL,45,43,15,503.00,"7,545.00"
2020-01-26,2020012601011635,SJCL,45,55,20,156.00,"3,120.00"
2020-01-26,2020012601011634,SJCL,45,57,10,156.00,"1,560.00"
2020-01-26,2020012601011450,SJCL,45,40,20,156.00,"3,120.00"
2020-01-26,2020012601011692,SKBBL,35,34,"1,500",905.00,"1,357,500.00"
2020-01-26,2020012601011448,SKBBL,28,55,50,906.00,"45,300.00"
2020-01-26,2020012601011447,SKBBL,22,55,100,906.00,"90,600.00"
2020-01-26,2020012601011446,SKBBL,22,55,100,906.00,"90,600.00"
2020-01-26,2020012601011567,SLBBL,6,22,100,735.00,"73,500.00"
2020-01-26,2020012601011406,SLBBL,45,54,340,732.00,"248,880.00"
2020-01-26,2020012601011405,SLBBL,6,54,50,733.00,"36,650.00"
2020-01-26,2020012601011404,SLBBL,38,54,610,734.00,"447,740.00"
2020-01-26,2020012601011646,SLICL,43,26,400,403.00,"161,200.00"
2020-01-26,2020012601011645,SLICL,43,28,100,403.00,"40,300.00"
2020-01-26,2020012601011503,SLICL,45,28,200,403.00,"80,600.00"
2020-01-26,2020012601011378,SLICL,58,43,465,402.00,"186,930.00"
2020-01-26,2020012601011377,SLICL,45,43,35,402.00,"14,070.00"
2020-01-26,2020012601011299,SPARS,26,39,40,775.00,"31,000.00"
2020-01-26,2020012601011379,SPDL,45,26,59,100.00,"5,900.00"
2020-01-26,2020012601011519,SRBL,52,34,298,230.00,"68,540.00"
2020-01-26,2020012601011518,SRBL,10,34,100,231.00,"23,100.00"
2020-01-26,2020012601011469,SRBL,52,40,190,230.00,"43,700.00"
2020-01-26,2020012601011289,SWBBL,14,35,50,"1,003.00","50,150.00"
2020-01-26,2020012601011626,UIC,45,35,150,356.00,"53,400.00"
2020-01-26,2020012601011400,UIC,45,38,200,356.00,"71,200.00"
2020-01-26,2020012601011493,UMHL,45,40,14,104.00,"1,456.00"
2020-01-26,2020012601011564,UPPER,14,55,340,239.00,"81,260.00"
2020-01-26,2020012601011504,UPPER,14,40,50,239.00,"11,950.00"
2020-01-26,2020012601011481,WOMI,10,13,200,930.00,"186,000.00"
2020-01-26,2020012601011459,WOMI,16,28,25,930.00,"23,250.00"
2020-01-26,2020012601011458,WOMI,56,28,175,931.00,"162,925.00"
2020-01-26,2020012601011171,ADBL,53,46,22,375.00,"8,250.00"
2020-01-26,2020012601011170,ADBL,53,7,28,375.00,"10,500.00"
2020-01-26,2020012601011140,ADBL,22,11,83,374.00,"31,042.00"
2020-01-26,2020012601011059,ADBL,58,7,18,375.00,"6,750.00"
2020-01-26,2020012601010975,ADBL,22,58,18,374.00,"6,732.00"
2020-01-26,2020012601010939,ADBL,22,40,83,374.00,"31,042.00"
2020-01-26,2020012601011225,AHPC,39,34,10,98.00,980.00
2020-01-26,2020012601010976,AKPL,41,40,13,123.00,"1,599.00"
2020-01-26,2020012601011019,ALBSL,58,40,10,611.00,"6,110.00"
2020-01-26,2020012601011249,ALICL,45,25,200,493.00,"98,600.00"
2020-01-26,2020012601011130,ALICL,8,7,94,492.00,"46,248.00"
2020-01-26,2020012601010908,ALICL,58,7,100,491.00,"49,100.00"
2020-01-26,2020012601010907,ALICL,52,7,100,491.00,"49,100.00"
2020-01-26,2020012601010906,ALICL,35,7,500,491.00,"245,500.00"
2020-01-26,2020012601010905,ALICL,10,7,100,491.00,"49,100.00"
2020-01-26,2020012601010904,ALICL,57,7,200,491.00,"98,200.00"
2020-01-26,2020012601010873,ALICL,49,7,200,492.00,"98,400.00"
2020-01-26,2020012601010872,ALICL,39,7,139,492.00,"68,388.00"
2020-01-26,2020012601010871,ALICL,55,7,67,492.00,"32,964.00"
2020-01-26,2020012601010799,ALICL,55,58,257,492.00,"126,444.00"
2020-01-26,2020012601010973,API,51,51,10,117.00,"1,170.00"
2020-01-26,2020012601010911,BOKL,19,1,16,226.00,"3,616.00"
2020-01-26,2020012601010910,BOKL,41,1,140,226.00,"31,640.00"
2020-01-26,2020012601010909,BOKL,5,1,44,226.00,"9,944.00"
2020-01-26,2020012601010966,BPCL,38,56,442,316.00,"139,672.00"
2020-01-26,2020012601010965,BPCL,45,56,50,316.00,"15,800.00"
2020-01-26,2020012601010964,BPCL,22,56,100,316.00,"31,600.00"
2020-01-26,2020012601010963,BPCL,58,56,100,317.00,"31,700.00"
2020-01-26,2020012601010956,BPCL,5,56,100,318.00,"31,800.00"
2020-01-26,2020012601010955,BPCL,43,56,14,318.00,"4,452.00"
2020-01-26,2020012601010962,BPCL,36,56,150,317.00,"47,550.00"
2020-01-26,2020012601010961,BPCL,8,56,500,317.00,"158,500.00"
2020-01-26,2020012601010960,BPCL,52,56,36,317.00,"11,412.00"
2020-01-26,2020012601010959,BPCL,56,56,200,318.00,"63,600.00"
2020-01-26,2020012601010958,BPCL,21,56,40,318.00,"12,720.00"
2020-01-26,2020012601010957,BPCL,51,56,495,318.00,"157,410.00"
2020-01-26,2020012601011201,CBBL,16,6,150,880.00,"132,000.00"
2020-01-26,2020012601011185,CBBL,16,34,23,880.00,"20,240.00"
2020-01-26,2020012601011184,CBBL,34,34,30,880.00,"26,400.00"
2020-01-26,2020012601011183,CBBL,34,34,50,880.00,"44,000.00"
2020-01-26,2020012601011028,CBBL,34,38,18,880.00,"15,840.00"
2020-01-26,2020012601011182,CBBL,34,34,75,880.00,"66,000.00"
2020-01-26,2020012601011181,CBBL,34,34,250,880.00,"220,000.00"
2020-01-26,2020012601011180,CBBL,34,34,22,880.00,"19,360.00"
2020-01-26,2020012601011179,CBBL,34,34,50,881.00,"44,050.00"
2020-01-26,2020012601011067,CBL,53,40,60,144.00,"8,640.00"
2020-01-26,2020012601011032,CBL,53,6,80,144.00,"11,520.00"
2020-01-26,2020012601010945,CBL,53,58,37,144.00,"5,328.00"
2020-01-26,2020012601011086,CHCL,40,40,31,410.00,"12,710.00"
2020-01-26,2020012601011085,CHCL,16,40,18,411.00,"7,398.00"
2020-01-26,2020012601011159,CIT,16,37,122,"2,155.00","262,910.00"
2020-01-26,2020012601010989,CIT,35,5,10,"2,156.00","21,560.00"
2020-01-26,2020012601010988,CIT,22,5,100,"2,156.00","215,600.00"
2020-01-26,2020012601010914,CIT,16,33,10,"2,156.00","21,560.00"
2020-01-26,2020012601010913,CIT,56,33,32,"2,156.00","68,992.00"
2020-01-26,2020012601011224,CZBIL,21,55,450,191.00,"85,950.00"
2020-01-26,2020012601011162,CZBIL,21,38,50,191.00,"9,550.00"
2020-01-26,2020012601011061,CZBIL,56,38,200,191.00,"38,200.00"
2020-01-26,2020012601011005,CZBIL,37,58,22,190.00,"4,180.00"
2020-01-26,2020012601010792,CZBIL,22,38,300,191.00,"57,300.00"
2020-01-26,2020012601010763,CZBIL,26,38,"1,450",191.00,"276,950.00"
2020-01-26,2020012601010762,CZBIL,26,33,550,191.00,"105,050.00"
2020-01-26,2020012601011175,DDBL,22,50,3,"1,029.00","3,087.00"
2020-01-26,2020012601011174,DDBL,17,50,37,"1,029.00","38,073.00"
2020-01-26,2020012601011169,DDBL,21,45,10,"1,030.00","10,300.00"
2020-01-26,2020012601011139,DDBL,17,34,63,"1,029.00","64,827.00"
2020-01-26,2020012601011136,DDBL,7,45,12,"1,030.00","12,360.00"
2020-01-26,2020012601011075,DDBL,41,22,50,"1,029.00","51,450.00"
2020-01-26,2020012601010869,DDBL,56,58,17,"1,029.00","17,493.00"
2020-01-26,2020012601010812,DDBL,57,45,50,"1,030.00","51,500.00"
2020-01-26,2020012601010811,DDBL,57,1,50,"1,030.00","51,500.00"
2020-01-26,2020012601010798,DDBL,6,59,100,"1,029.00","102,900.00"
2020-01-26,2020012601010797,DDBL,42,59,50,"1,029.00","51,450.00"
2020-01-26,2020012601010796,DDBL,51,59,238,"1,029.00","244,902.00"
2020-01-26,2020012601010947,DDBL,6,57,24,"1,028.00","24,672.00"
2020-01-26,2020012601010921,DDBL,22,59,17,"1,029.00","17,493.00"
2020-01-26,2020012601010918,DDBL,6,41,176,"1,028.00","180,928.00"
2020-01-26,2020012601010917,DDBL,33,41,100,"1,028.00","102,800.00"
2020-01-26,2020012601010916,DDBL,37,41,50,"1,028.00","51,400.00"
2020-01-26,2020012601010870,DDBL,56,59,33,"1,029.00","33,957.00"
2020-01-26,2020012601010953,DDBL,48,57,36,"1,028.00","37,008.00"
2020-01-26,2020012601010952,DDBL,41,57,50,"1,028.00","51,400.00"
2020-01-26,2020012601010951,DDBL,49,57,150,"1,028.00","154,200.00"
2020-01-26,2020012601010950,DDBL,38,57,200,"1,028.00","205,600.00"
2020-01-26,2020012601010949,DDBL,19,57,50,"1,028.00","51,400.00"
2020-01-26,2020012601010948,DDBL,20,57,50,"1,028.00","51,400.00"
2020-01-26,2020012601010885,EBL,50,49,65,599.00,"38,935.00"
2020-01-26,2020012601010883,FMDBL,25,55,36,400.00,"14,400.00"
2020-01-26,2020012601010882,FMDBL,16,55,100,400.00,"40,000.00"
2020-01-26,2020012601010881,FMDBL,34,55,37,400.00,"14,800.00"
2020-01-26,2020012601010835,FMDBL,34,1,34,400.00,"13,600.00"
2020-01-26,2020012601010771,FOWAD,32,53,34,"1,194.00","40,596.00"
2020-01-26,2020012601010770,FOWAD,17,53,10,"1,195.00","11,950.00"
2020-01-26,2020012601010769,FOWAD,45,53,50,"1,195.00","59,750.00"
2020-01-26,2020012601010768,FOWAD,47,53,60,"1,196.00","71,760.00"
2020-01-26,2020012601010767,FOWAD,7,53,26,"1,196.00","31,096.00"
2020-01-26,2020012601010766,FOWAD,29,53,120,"1,197.00","143,640.00"
2020-01-26,2020012601011242,GBIME,38,43,100,290.00,"29,000.00"
2020-01-26,2020012601011241,GBIME,4,43,90,290.00,"26,100.00"
2020-01-26,2020012601011212,GBIME,4,21,500,289.00,"144,500.00"
2020-01-26,2020012601011211,GBIME,11,21,500,290.00,"145,000.00"
2020-01-26,2020012601011141,GBIME,4,40,145,289.00,"41,905.00"
2020-01-26,2020012601011134,GBIME,41,58,100,290.00,"29,000.00"
2020-01-26,2020012601010821,GBIME,41,26,630,291.00,"183,330.00"
2020-01-26,2020012601010817,GBIME,8,35,450,290.00,"130,500.00"
2020-01-26,2020012601010794,GBIME,8,41,"1,577",290.00,"457,330.00"
