Date,Transact. No.,Symbol,Buyer,Seller,Quantity,Rate,Amount
2021-01-11,2021011103014820,ALICL,19,43,100,972.00,"97,200.00"
2021-01-11,2021011103014675,ALICL,33,19,200,970.00,"194,000.00"
2021-01-11,2021011103014553,ALICL,54,19,100,972.00,"97,200.00"
2021-01-11,2021011103014658,BBC,56,6,10,"2,751.00","27,510.00"
2021-01-11,2021011103014682,BFC,3,34,17,138.00,"2,346.00"
2021-01-11,2021011103014731,CBBL,35,11,10,"1,229.00","12,290.00"
2021-01-11,2021011103014514,CBBL,49,16,500,"1,226.00","613,000.00"
2021-01-11,2021011103014750,CFCL,33,26,114,179.00,"20,406.00"
2021-01-11,2021011103014749,CFCL,33,52,100,178.00,"17,800.00"
2021-01-11,2021011103014748,CFCL,33,45,326,178.00,"58,028.00"
2021-01-11,2021011103014747,CFCL,33,49,560,177.00,"99,120.00"
2021-01-11,2021011103014920,CIT,41,19,20,"3,462.00","69,240.00"
2021-01-11,2021011103014908,CIT,29,19,20,"3,462.00","69,240.00"
2021-01-11,2021011103014536,CIT,49,19,10,"3,462.00","34,620.00"
2021-01-11,2021011103014528,CIT,21,19,10,"3,462.00","34,620.00"
2021-01-11,2021011103014485,CIT,11,25,10,"3,465.00","34,650.00"
2021-01-11,2021011103014846,CLBSL,6,38,10,900.00,"9,000.00"
2021-01-11,2021011103014845,CLBSL,6,38,50,900.00,"45,000.00"
2021-01-11,2021011103014844,CLBSL,46,38,10,900.00,"9,000.00"
2021-01-11,2021011103014843,CLBSL,10,38,80,900.00,"72,000.00"
2021-01-11,2021011103014712,CLBSL,10,28,100,900.00,"90,000.00"
2021-01-11,2021011103014573,CLBSL,10,49,320,900.00,"288,000.00"
2021-01-11,2021011103014824,CMF1,43,44,100,10.10,"1,010.00"
2021-01-11,2021011103014823,CMF1,43,45,100,10.00,"1,000.00"
2021-01-11,2021011103014687,CMF1,6,1,"2,000",9.96,"19,920.00"
2021-01-11,2021011103014686,CMF1,8,1,"1,000",9.96,"9,960.00"
2021-01-11,2021011103014907,CMF2,29,58,"1,000",10.05,"10,050.00"
2021-01-11,2021011103014906,CMF2,29,7,100,10.05,"1,005.00"
2021-01-11,2021011103014905,CMF2,29,7,100,10.05,"1,005.00"
2021-01-11,2021011103014904,CMF2,29,7,100,10.05,"1,005.00"
2021-01-11,2021011103014903,CMF2,29,14,"2,000",10.00,"20,000.00"
2021-01-11,2021011103014902,CMF2,29,21,250,9.95,"2,487.50"
2021-01-11,2021011103014901,CMF2,29,21,300,9.95,"2,985.00"
2021-01-11,2021011103014900,CMF2,29,49,250,9.95,"2,487.50"
2021-01-11,2021011103014848,DDBL,45,16,20,"1,468.00","29,360.00"
2021-01-11,2021011103014835,DDBL,43,16,30,"1,468.00","44,040.00"
2021-01-11,2021011103014822,DDBL,42,16,25,"1,468.00","36,700.00"
2021-01-11,2021011103014821,DDBL,42,16,65,"1,468.00","95,420.00"
2021-01-11,2021011103014793,DDBL,13,16,35,"1,468.00","51,380.00"
2021-01-11,2021011103014792,DDBL,13,34,15,"1,468.00","22,020.00"
2021-01-11,2021011103014783,DDBL,11,34,55,"1,468.00","80,740.00"
2021-01-11,2021011103014711,DDBL,13,34,30,"1,468.00","44,040.00"
2021-01-11,2021011103014710,DDBL,13,49,50,"1,468.00","73,400.00"
2021-01-11,2021011103014877,EDBL,45,29,449,363.00,"162,987.00"
2021-01-11,2021011103014876,EDBL,45,28,"1,351",363.00,"490,413.00"
2021-01-11,2021011103014830,EDBL,28,41,100,363.00,"36,300.00"
2021-01-11,2021011103014829,EDBL,28,29,100,363.00,"36,300.00"
2021-01-11,2021011103014525,EDBL,47,19,200,362.00,"72,400.00"
2021-01-11,2021011103014524,EDBL,58,19,100,362.00,"36,200.00"
2021-01-11,2021011103014523,EDBL,41,19,50,362.00,"18,100.00"
2021-01-11,2021011103014522,EDBL,42,19,33,362.00,"11,946.00"
2021-01-11,2021011103014674,FMDBL,25,26,10,614.00,"6,140.00"
2021-01-11,2021011103014660,FMDBL,26,26,10,614.00,"6,140.00"
2021-01-11,2021011103014607,FMDBL,26,21,35,613.00,"21,455.00"
2021-01-11,2021011103014915,FOWAD,42,22,50,"2,278.00","113,900.00"
2021-01-11,2021011103014914,FOWAD,22,22,50,"2,278.00","113,900.00"
2021-01-11,2021011103014857,FOWAD,37,36,100,"2,280.00","228,000.00"
2021-01-11,2021011103014855,FOWAD,55,22,20,"2,279.00","45,580.00"
2021-01-11,2021011103014775,FOWAD,22,34,50,"2,278.00","113,900.00"
2021-01-11,2021011103014774,FOWAD,45,34,30,"2,278.00","68,340.00"
2021-01-11,2021011103014773,FOWAD,49,34,20,"2,279.00","45,580.00"
2021-01-11,2021011103014531,FOWAD,20,25,16,"2,279.00","36,464.00"
2021-01-11,2021011103014530,FOWAD,59,25,25,"2,279.00","56,975.00"
2021-01-11,2021011103014959,GBBL,4,6,12,326.00,"3,912.00"
2021-01-11,2021011103014817,GBBL,4,6,50,326.00,"16,300.00"
2021-01-11,2021011103014785,GBBL,39,6,10,326.00,"3,260.00"
2021-01-11,2021011103014761,GBBL,35,4,292,323.00,"94,316.00"
2021-01-11,2021011103014760,GBBL,57,4,500,323.00,"161,500.00"
2021-01-11,2021011103014759,GBBL,57,4,150,323.00,"48,450.00"
2021-01-11,2021011103014752,GBBL,1,4,200,324.00,"64,800.00"
2021-01-11,2021011103014751,GBBL,28,4,"1,140",325.00,"370,500.00"
2021-01-11,2021011103014550,GBBL,28,33,860,325.00,"279,500.00"
2021-01-11,2021011103014549,GBBL,1,33,500,325.00,"162,500.00"
2021-01-11,2021011103014548,GBBL,44,33,500,325.00,"162,500.00"
2021-01-11,2021011103014547,GBBL,52,33,10,325.00,"3,250.00"
2021-01-11,2021011103014758,GBBL,45,4,29,323.00,"9,367.00"
2021-01-11,2021011103014757,GBBL,28,4,800,323.00,"258,400.00"
2021-01-11,2021011103014756,GBBL,35,4,"1,000",323.00,"323,000.00"
2021-01-11,2021011103014755,GBBL,21,4,230,324.00,"74,520.00"
2021-01-11,2021011103014754,GBBL,17,4,524,324.00,"169,776.00"
2021-01-11,2021011103014753,GBBL,14,4,135,324.00,"43,740.00"
2021-01-11,2021011103014962,GBLBS,34,22,50,600.00,"30,000.00"
2021-01-11,2021011103014899,GBLBS,38,36,68,599.00,"40,732.00"
2021-01-11,2021011103014858,GBLBS,1,22,50,600.00,"30,000.00"
2021-01-11,2021011103014739,GBLBS,38,36,10,599.00,"5,990.00"
2021-01-11,2021011103014738,GBLBS,26,36,50,599.00,"29,950.00"
2021-01-11,2021011103014737,GBLBS,53,36,40,599.00,"23,960.00"
2021-01-11,2021011103014708,GBLBS,35,22,55,600.00,"33,000.00"
2021-01-11,2021011103014538,GFCL,39,32,10,205.00,"2,050.00"
2021-01-11,2021011103014612,GILB,3,3,2,"1,413.00","2,826.00"
2021-01-11,2021011103014541,GILB,3,3,2,"1,413.00","2,826.00"
2021-01-11,2021011103014630,GLBSL,1,1,10,902.00,"9,020.00"
2021-01-11,2021011103014831,GMFBS,45,46,20,"1,160.00","23,200.00"
2021-01-11,2021011103014911,GUFL,11,56,40,232.00,"9,280.00"
2021-01-11,2021011103014837,GUFL,22,56,90,232.00,"20,880.00"
2021-01-11,2021011103014892,HIDCL,56,58,100,269.00,"26,900.00"
2021-01-11,2021011103014617,HIDCL,38,32,613,268.00,"164,284.00"
2021-01-11,2021011103014614,ICFC,17,49,100,268.00,"26,800.00"
2021-01-11,2021011103014886,ILBS,53,21,100,"1,153.00","115,300.00"
2021-01-11,2021011103014601,ILBS,53,59,15,"1,153.00","17,295.00"
2021-01-11,2021011103014600,ILBS,51,59,15,"1,153.00","17,295.00"
2021-01-11,2021011103014921,JBBL,29,4,50,239.00,"11,950.00"
2021-01-11,2021011103014869,JBBL,34,3,314,240.00,"75,360.00"
2021-01-11,2021011103014868,JBBL,34,29,150,239.00,"35,850.00"
2021-01-11,2021011103014867,JBBL,34,5,536,239.00,"128,104.00"
2021-01-11,2021011103014836,JBBL,55,21,300,238.00,"71,400.00"
2021-01-11,2021011103014815,JBBL,34,5,300,239.00,"71,700.00"
2021-01-11,2021011103014772,JBBL,46,5,775,239.00,"185,225.00"
2021-01-11,2021011103014622,JBBL,46,5,84,239.00,"20,076.00"
2021-01-11,2021011103014487,JBBL,46,5,45,239.00,"10,755.00"
2021-01-11,2021011103014814,JFL,49,42,12,253.00,"3,036.00"
2021-01-11,2021011103014566,JFL,8,42,39,253.00,"9,867.00"
2021-01-11,2021011103014565,JFL,45,42,100,253.00,"25,300.00"
2021-01-11,2021011103014564,JFL,47,42,49,253.00,"12,397.00"
2021-01-11,2021011103014723,JSLBB,59,1,70,"2,170.00","151,900.00"
2021-01-11,2021011103014926,KSBBL,20,22,290,239.00,"69,310.00"
2021-01-11,2021011103014925,KSBBL,20,29,160,239.00,"38,240.00"
2021-01-11,2021011103014599,KSBBL,42,29,100,239.00,"23,900.00"
2021-01-11,2021011103014546,KSBBL,52,29,90,239.00,"21,510.00"
2021-01-11,2021011103014507,KSBBL,52,1,20,239.00,"4,780.00"
2021-01-11,2021011103014950,LBBL,34,34,40,229.00,"9,160.00"
2021-01-11,2021011103014856,LBBL,47,34,174,229.00,"39,846.00"
2021-01-11,2021011103014605,LBBL,17,44,100,228.00,"22,800.00"
2021-01-11,2021011103014604,LBBL,17,25,279,228.00,"63,612.00"
2021-01-11,2021011103014695,LBBL,47,35,100,228.00,"22,800.00"
2021-01-11,2021011103014694,LBBL,47,1,500,228.00,"114,000.00"
2021-01-11,2021011103014693,LBBL,47,33,200,228.00,"45,600.00"
2021-01-11,2021011103014692,LBBL,47,34,"1,310",228.00,"298,680.00"
2021-01-11,2021011103014691,LBBL,47,57,100,228.00,"22,800.00"
2021-01-11,2021011103014606,LBBL,17,34,21,228.00,"4,788.00"
2021-01-11,2021011103014701,LBBL,47,51,100,229.00,"22,900.00"
2021-01-11,2021011103014700,LBBL,47,58,841,229.00,"192,589.00"
2021-01-11,2021011103014699,LBBL,47,57,"1,000",228.00,"228,000.00"
2021-01-11,2021011103014698,LBBL,47,32,900,228.00,"205,200.00"
2021-01-11,2021011103014697,LBBL,47,49,439,228.00,"100,092.00"
2021-01-11,2021011103014696,LBBL,47,8,44,228.00,"10,032.00"
2021-01-11,2021011103014707,LBBL,47,34,"2,142",229.00,"490,518.00"
2021-01-11,2021011103014706,LBBL,47,52,108,229.00,"24,732.00"
2021-01-11,2021011103014705,LBBL,47,47,100,229.00,"22,900.00"
2021-01-11,2021011103014704,LBBL,47,40,116,229.00,"26,564.00"
2021-01-11,2021011103014703,LBBL,47,14,"1,000",229.00,"229,000.00"
2021-01-11,2021011103014702,LBBL,47,22,"1,000",229.00,"229,000.00"
2021-01-11,2021011103014797,LBBL,47,34,"1,000",229.00,"229,000.00"
2021-01-11,2021011103014939,LICN,34,11,150,"2,040.00","306,000.00"
2021-01-11,2021011103014938,LICN,34,45,100,"2,040.00","204,000.00"
2021-01-11,2021011103014937,LICN,34,49,130,"2,040.00","265,200.00"
2021-01-11,2021011103014936,LICN,34,56,100,"2,035.00","203,500.00"
2021-01-11,2021011103014935,LICN,34,49,20,"2,035.00","40,700.00"
2021-01-11,2021011103014934,LICN,34,54,50,"2,035.00","101,750.00"
2021-01-11,2021011103014768,LICN,49,35,100,"2,030.00","203,000.00"
2021-01-11,2021011103014767,LICN,49,38,10,"2,030.00","20,300.00"
2021-01-11,2021011103014766,LICN,49,8,300,"2,030.00","609,000.00"
2021-01-11,2021011103014765,LICN,49,35,"1,000","2,028.00","2,028,000.00"
2021-01-11,2021011103014764,LICN,49,39,50,"2,028.00","101,400.00"
2021-01-11,2021011103014763,LICN,49,54,34,"2,020.00","68,680.00"
2021-01-11,2021011103014933,LICN,34,26,49,"2,035.00","99,715.00"
2021-01-11,2021011103014932,LICN,34,34,123,"2,033.00","250,059.00"
2021-01-11,2021011103014931,LICN,34,35,694,"2,032.00","1,410,208.00"
2021-01-11,2021011103014771,LICN,49,35,306,"2,032.00","621,792.00"
2021-01-11,2021011103014770,LICN,49,35,100,"2,032.00","203,200.00"
2021-01-11,2021011103014769,LICN,49,25,100,"2,031.00","203,100.00"
2021-01-11,2021011103014919,MDB,22,17,100,340.00,"34,000.00"
2021-01-11,2021011103014838,MERO,19,42,50,"1,000.00","50,000.00"
2021-01-11,2021011103014741,MERO,34,39,272,"1,001.00","272,272.00"
2021-01-11,2021011103014740,MERO,34,32,571,"1,000.00","571,000.00"
2021-01-11,2021011103014562,MERO,34,39,57,"1,001.00","57,057.00"
2021-01-11,2021011103014809,MLBBL,16,7,64,"1,268.00","81,152.00"
2021-01-11,2021011103014719,MLBBL,16,26,36,"1,268.00","45,648.00"
2021-01-11,2021011103014718,MLBBL,52,7,30,"1,280.00","38,400.00"
2021-01-11,2021011103014929,MLBL,34,55,20,272.00,"5,440.00"
2021-01-11,2021011103014928,MLBL,34,57,30,272.00,"8,160.00"
2021-01-11,2021011103014787,MLBL,45,57,20,272.00,"5,440.00"
2021-01-11,2021011103014786,MLBL,45,58,20,272.00,"5,440.00"
2021-01-11,2021011103014673,MLBL,17,42,200,270.00,"54,000.00"
2021-01-11,2021011103014672,MLBL,45,42,200,270.00,"54,000.00"
2021-01-11,2021011103014671,MLBL,48,42,100,271.00,"27,100.00"
2021-01-11,2021011103014554,MLBL,44,58,31,272.00,"8,432.00"
2021-01-11,2021011103014852,MMFDB,20,38,10,"1,367.00","13,670.00"
2021-01-11,2021011103014834,MMFDB,20,49,10,"1,367.00","13,670.00"
2021-01-11,2021011103014784,MMFDB,34,38,20,"1,367.00","27,340.00"
2021-01-11,2021011103014657,MMFDB,20,49,500,"1,341.00","670,500.00"
2021-01-11,2021011103014656,MMFDB,20,59,200,"1,329.00","265,800.00"
2021-01-11,2021011103014655,MMFDB,20,13,88,"1,328.00","116,864.00"
2021-01-11,2021011103014491,MMFDB,20,25,50,"1,298.00","64,900.00"
2021-01-11,2021011103014490,MMFDB,20,5,100,"1,297.00","129,700.00"
2021-01-11,2021011103014489,MMFDB,20,56,28,"1,297.00","36,316.00"
2021-01-11,2021011103014488,MMFDB,20,26,200,"1,296.00","259,200.00"
2021-01-11,2021011103014497,MMFDB,20,57,150,"1,300.00","195,000.00"
2021-01-11,2021011103014496,MMFDB,20,57,200,"1,300.00","260,000.00"
2021-01-11,2021011103014495,MMFDB,20,56,50,"1,300.00","65,000.00"
2021-01-11,2021011103014494,MMFDB,20,45,30,"1,300.00","39,000.00"
2021-01-11,2021011103014493,MMFDB,20,14,50,"1,300.00","65,000.00"
2021-01-11,2021011103014492,MMFDB,20,14,130,"1,299.00","168,870.00"
2021-01-11,2021011103014503,MMFDB,20,26,85,"1,300.00","110,500.00"
2021-01-11,2021011103014502,MMFDB,20,47,50,"1,300.00","65,000.00"
2021-01-11,2021011103014501,MMFDB,20,57,200,"1,300.00","260,000.00"
2021-01-11,2021011103014500,MMFDB,20,57,200,"1,300.00","260,000.00"
2021-01-11,2021011103014499,MMFDB,20,57,200,"1,300.00","260,000.00"
2021-01-11,2021011103014498,MMFDB,20,57,150,"1,300.00","195,000.00"
2021-01-11,2021011103014636,MMFDB,20,1,20,"1,305.00","26,100.00"
2021-01-11,2021011103014635,MMFDB,20,56,100,"1,304.00","130,400.00"
2021-01-11,2021011103014634,MMFDB,20,58,82,"1,302.00","106,764.00"
2021-01-11,2021011103014506,MMFDB,20,58,18,"1,302.00","23,436.00"
2021-01-11,2021011103014505,MMFDB,20,41,309,"1,300.00","401,700.00"
2021-01-11,2021011103014504,MMFDB,20,14,300,"1,300.00","390,000.00"
2021-01-11,2021011103014642,MMFDB,20,51,20,"1,307.00","26,140.00"
2021-01-11,2021011103014641,MMFDB,20,10,776,"1,306.00","1,013,456.00"
2021-01-11,2021011103014640,MMFDB,20,22,25,"1,305.00","32,625.00"
2021-01-11,2021011103014639,MMFDB,20,21,50,"1,305.00","65,250.00"
2021-01-11,2021011103014638,MMFDB,20,25,190,"1,305.00","247,950.00"
2021-01-11,2021011103014637,MMFDB,20,52,100,"1,305.00","130,500.00"
2021-01-11,2021011103014648,MMFDB,20,4,221,"1,315.00","290,615.00"
2021-01-11,2021011103014647,MMFDB,20,14,100,"1,315.00","131,500.00"
2021-01-11,2021011103014646,MMFDB,20,17,10,"1,314.00","13,140.00"
2021-01-11,2021011103014645,MMFDB,20,43,74,"1,314.00","97,236.00"
2021-01-11,2021011103014644,MMFDB,20,33,202,"1,314.00","265,428.00"
2021-01-11,2021011103014643,MMFDB,20,41,110,"1,314.00","144,540.00"
2021-01-11,2021011103014654,MMFDB,20,46,500,"1,328.00","664,000.00"
2021-01-11,2021011103014653,MMFDB,20,25,100,"1,322.00","132,200.00"
2021-01-11,2021011103014652,MMFDB,20,19,10,"1,320.00","13,200.00"
2021-01-11,2021011103014651,MMFDB,20,52,50,"1,320.00","66,000.00"
2021-01-11,2021011103014650,MMFDB,20,36,200,"1,319.00","263,800.00"
2021-01-11,2021011103014649,MMFDB,20,26,200,"1,315.00","263,000.00"
2021-01-11,2021011103014918,MNBBL,8,53,500,370.00,"185,000.00"
2021-01-11,2021011103014917,MNBBL,49,53,50,370.00,"18,500.00"
2021-01-11,2021011103014916,MNBBL,49,53,715,370.00,"264,550.00"
2021-01-11,2021011103014883,MNBBL,28,10,20,371.00,"7,420.00"
2021-01-11,2021011103014833,MNBBL,49,47,500,370.00,"185,000.00"
2021-01-11,2021011103014816,MNBBL,25,10,10,371.00,"3,710.00"
2021-01-11,2021011103014805,MNBBL,49,33,105,370.00,"38,850.00"
2021-01-11,2021011103014804,MNBBL,22,33,50,370.00,"18,500.00"
2021-01-11,2021011103014803,MNBBL,5,33,845,370.00,"312,650.00"
2021-01-11,2021011103014885,MPFL,57,34,100,158.00,"15,800.00"
2021-01-11,2021011103014930,MSLB,3,45,21,"1,679.00","35,259.00"
2021-01-11,2021011103014598,MSLB,1,45,10,"1,679.00","16,790.00"
2021-01-11,2021011103014922,MSMBS,32,39,11,939.00,"10,329.00"
2021-01-11,2021011103014571,MSMBS,49,26,11,922.00,"10,142.00"
2021-01-11,2021011103014896,NFS,45,36,100,248.00,"24,800.00"
2021-01-11,2021011103014895,NFS,45,22,50,248.00,"12,400.00"
2021-01-11,2021011103014894,NFS,45,33,100,248.00,"24,800.00"
2021-01-11,2021011103014893,NFS,45,21,52,248.00,"12,896.00"
2021-01-11,2021011103014781,NFS,41,21,100,248.00,"24,800.00"
2021-01-11,2021011103014717,NIBLPF,21,41,"3,485",10.75,"37,463.75"
2021-01-11,2021011103014716,NIBLPF,21,14,"10,000",10.75,"107,500.00"
2021-01-11,2021011103014715,NIBLPF,21,45,"1,515",10.75,"16,286.25"
2021-01-11,2021011103014535,NIBLPF,21,48,"1,525",10.69,"16,302.25"
2021-01-11,2021011103014714,NIBLPF,21,14,"1,010",10.75,"10,857.50"
2021-01-11,2021011103014713,NIBLPF,21,5,"1,515",10.73,"16,255.95"
2021-01-11,2021011103014633,NIBLPF,21,5,"8,485",10.73,"91,044.05"
2021-01-11,2021011103014632,NIBLPF,21,21,"1,515",10.70,"16,210.50"
2021-01-11,2021011103014561,NIBLPF,21,53,"2,020",10.70,"21,614.00"
2021-01-11,2021011103014560,NIBLPF,21,42,"2,525",10.70,"27,017.50"
2021-01-11,2021011103014847,NLBBL,6,1,30,"1,135.00","34,050.00"
2021-01-11,2021011103014927,NLIC,22,44,10,"2,380.00","23,800.00"
2021-01-11,2021011103014924,NLIC,48,36,50,"2,379.00","118,950.00"
2021-01-11,2021011103014923,NLIC,52,36,10,"2,379.00","23,790.00"
2021-01-11,2021011103014888,NLIC,52,45,10,"2,379.00","23,790.00"
2021-01-11,2021011103014884,NLIC,52,38,180,"2,379.00","428,220.00"
2021-01-11,2021011103014875,NLIC,42,38,200,"2,379.00","475,800.00"
2021-01-11,2021011103014537,NLIC,52,44,20,"2,379.00","47,580.00"
2021-01-11,2021011103014519,NLIC,50,45,52,"2,378.00","123,656.00"
2021-01-11,2021011103014518,NLIC,39,45,20,"2,378.00","47,560.00"
2021-01-11,2021011103014517,NLIC,53,45,150,"2,378.00","356,700.00"
2021-01-11,2021011103014516,NLIC,45,45,50,"2,378.00","118,900.00"
2021-01-11,2021011103014515,NLIC,42,45,28,"2,378.00","66,584.00"
2021-01-11,2021011103014603,NLIC,42,44,36,"2,379.00","85,644.00"
2021-01-11,2021011103014602,NLIC,42,29,12,"2,378.00","28,536.00"
2021-01-11,2021011103014568,NLIC,49,29,50,"2,378.00","118,900.00"
2021-01-11,2021011103014567,NLIC,36,29,38,"2,378.00","90,364.00"
2021-01-11,2021011103014552,NLIC,36,19,62,"2,378.00","147,436.00"
2021-01-11,2021011103014551,NLIC,50,19,48,"2,378.00","114,144.00"
2021-01-11,2021011103014778,NLIC,21,39,16,"2,378.00","38,048.00"
2021-01-11,2021011103014777,NLIC,33,39,100,"2,378.00","237,800.00"
2021-01-11,2021011103014776,NLIC,22,39,44,"2,379.00","104,676.00"
2021-01-11,2021011103014684,NLIC,1,25,41,"2,379.00","97,539.00"
2021-01-11,2021011103014683,NLIC,1,44,44,"2,379.00","104,676.00"
2021-01-11,2021011103014629,NLIC,39,52,10,"2,378.00","23,780.00"
2021-01-11,2021011103014968,NLICL,25,49,50,"1,150.00","57,500.00"
2021-01-11,2021011103014949,NLICL,36,49,50,"1,150.00","57,500.00"
2021-01-11,2021011103014945,NLICL,44,20,50,"1,146.00","57,300.00"
2021-01-11,2021011103014944,NLICL,53,20,50,"1,147.00","57,350.00"
2021-01-11,2021011103014912,NLICL,44,20,400,"1,146.00","458,400.00"
2021-01-11,2021011103014881,NLICL,44,20,275,"1,146.00","315,150.00"
2021-01-11,2021011103014558,NLICL,59,49,110,"1,150.00","126,500.00"
2021-01-11,2021011103014678,NLICL,50,49,"1,000","1,147.00","1,147,000.00"
2021-01-11,2021011103014677,NLICL,49,49,400,"1,147.00","458,800.00"
2021-01-11,2021011103014676,NLICL,41,49,50,"1,148.00","57,400.00"
2021-01-11,2021011103014621,NLICL,53,49,99,"1,150.00","113,850.00"
2021-01-11,2021011103014620,NLICL,36,49,50,"1,150.00","57,500.00"
2021-01-11,2021011103014618,NLICL,56,49,"1,000","1,150.00","1,150,000.00"
2021-01-11,2021011103014880,NLICL,45,20,25,"1,147.00","28,675.00"
2021-01-11,2021011103014795,NLICL,42,49,250,"1,150.00","287,500.00"
2021-01-11,2021011103014794,NLICL,42,49,350,"1,147.00","401,450.00"
2021-01-11,2021011103014762,NLICL,56,49,"1,000","1,147.00","1,147,000.00"
2021-01-11,2021011103014685,NLICL,41,49,200,"1,147.00","229,400.00"
2021-01-11,2021011103014679,NLICL,34,49,"1,000","1,147.00","1,147,000.00"
2021-01-11,2021011103014563,NMB50,49,16,"2,350",10.75,"25,262.50"
2021-01-11,2021011103014964,NMBHF1,17,21,"20,000",10.20,"204,000.00"
2021-01-11,2021011103014854,NMBHF1,19,21,"2,920",10.22,"29,842.40"
2021-01-11,2021011103014597,NMFBS,33,33,184,"2,359.00","434,056.00"
2021-01-11,2021011103014596,NMFBS,33,50,123,"2,358.00","290,034.00"
2021-01-11,2021011103014595,NMFBS,33,42,25,"2,358.00","58,950.00"
2021-01-11,2021011103014594,NMFBS,33,51,60,"2,355.00","141,300.00"
2021-01-11,2021011103014593,NMFBS,33,34,16,"2,355.00","37,680.00"
2021-01-11,2021011103014592,NMFBS,33,43,40,"2,350.00","94,000.00"
2021-01-11,2021011103014591,NMFBS,33,59,22,"2,350.00","51,700.00"
2021-01-11,2021011103014590,NMFBS,33,13,30,"2,349.00","70,470.00"
2021-01-11,2021011103014967,NRIC,48,14,10,"1,540.00","15,400.00"
2021-01-11,2021011103014963,NRIC,26,14,20,"1,540.00","30,800.00"
2021-01-11,2021011103014851,NRIC,5,14,50,"1,540.00","77,000.00"
2021-01-11,2021011103014850,NRIC,53,14,100,"1,540.00","154,000.00"
2021-01-11,2021011103014849,NRIC,48,14,50,"1,540.00","77,000.00"
2021-01-11,2021011103014842,NRIC,28,40,50,"1,541.00","77,050.00"
2021-01-11,2021011103014556,NRIC,22,45,5,"1,540.00","7,700.00"
2021-01-11,2021011103014555,NRIC,57,45,50,"1,540.00","77,000.00"
2021-01-11,2021011103014533,NRIC,52,10,155,"1,543.00","239,165.00"
2021-01-11,2021011103014532,NRIC,52,45,60,"1,542.00","92,520.00"
2021-01-11,2021011103014527,NRIC,45,45,40,"1,542.00","61,680.00"
2021-01-11,2021011103014743,NRIC,34,10,35,"1,543.00","54,005.00"
2021-01-11,2021011103014742,NRIC,34,13,15,"1,542.00","23,130.00"
2021-01-11,2021011103014722,NRIC,48,40,50,"1,540.00","77,000.00"
2021-01-11,2021011103014721,NRIC,49,40,100,"1,540.00","154,000.00"
2021-01-11,2021011103014720,NRIC,38,40,50,"1,540.00","77,000.00"
2021-01-11,2021011103014690,NRIC,57,34,50,"1,540.00","77,000.00"
2021-01-11,2021011103014841,NRIC,34,40,200,"1,541.00","308,200.00"
2021-01-11,2021011103014840,NRIC,25,40,10,"1,542.00","15,420.00"
2021-01-11,2021011103014839,NRIC,57,38,10,"1,543.00","15,430.00"
2021-01-11,2021011103014808,NRIC,16,38,40,"1,543.00","61,720.00"
2021-01-11,2021011103014807,NRIC,16,10,160,"1,543.00","246,880.00"
2021-01-11,2021011103014791,NRIC,34,49,50,"1,541.00","77,050.00"
2021-01-11,2021011103014796,NRN,42,41,100,360.00,"36,000.00"
2021-01-11,2021011103014681,NRN,41,48,10,359.00,"3,590.00"
2021-01-11,2021011103014615,NRN,38,41,10,360.00,"3,600.00"
2021-01-11,2021011103014609,NRN,41,20,10,359.00,"3,590.00"
2021-01-11,2021011103014958,NTC,34,43,10,"1,238.00","12,380.00"
2021-01-11,2021011103014957,NTC,21,41,50,"1,234.00","61,700.00"
2021-01-11,2021011103014956,NTC,41,41,50,"1,234.00","61,700.00"
2021-01-11,2021011103014955,NTC,21,41,20,"1,234.00","24,680.00"
2021-01-11,2021011103014954,NTC,43,41,10,"1,234.00","12,340.00"
2021-01-11,2021011103014953,NTC,3,41,10,"1,234.00","12,340.00"
2021-01-11,2021011103014521,NTC,49,45,20,"1,236.00","24,720.00"
2021-01-11,2021011103014520,NTC,49,26,80,"1,235.00","98,800.00"
2021-01-11,2021011103014510,NTC,41,26,30,"1,235.00","37,050.00"
2021-01-11,2021011103014509,NTC,34,26,40,"1,235.00","49,400.00"
2021-01-11,2021011103014508,NTC,38,26,50,"1,235.00","61,750.00"
2021-01-11,2021011103014623,NTC,6,52,25,"1,236.00","30,900.00"
2021-01-11,2021011103014611,NTC,17,52,10,"1,236.00","12,360.00"
2021-01-11,2021011103014610,NTC,33,52,40,"1,236.00","49,440.00"
2021-01-11,2021011103014545,NTC,33,45,240,"1,236.00","296,640.00"
2021-01-11,2021011103014544,NTC,57,38,100,"1,235.00","123,500.00"
2021-01-11,2021011103014529,NTC,45,45,20,"1,236.00","24,720.00"
2021-01-11,2021011103014798,NTC,35,25,50,"1,236.00","61,800.00"
2021-01-11,2021011103014790,NTC,19,43,35,"1,238.00","43,330.00"
2021-01-11,2021011103014689,NTC,19,57,20,"1,237.00","24,740.00"
2021-01-11,2021011103014688,NTC,19,52,45,"1,236.00","55,620.00"
2021-01-11,2021011103014670,NTC,16,52,240,"1,236.00","296,640.00"
2021-01-11,2021011103014659,NTC,57,52,20,"1,236.00","24,720.00"
2021-01-11,2021011103014865,NTC,38,41,20,"1,235.00","24,700.00"
2021-01-11,2021011103014864,NTC,38,41,10,"1,237.00","12,370.00"
2021-01-11,2021011103014802,NTC,47,25,20,"1,235.00","24,700.00"
2021-01-11,2021011103014801,NTC,57,25,100,"1,235.00","123,500.00"
2021-01-11,2021011103014800,NTC,39,25,30,"1,236.00","37,080.00"
2021-01-11,2021011103014799,NTC,1,25,100,"1,236.00","123,600.00"
2021-01-11,2021011103014952,NTC,50,41,50,"1,234.00","61,700.00"
2021-01-11,2021011103014951,NTC,47,41,30,"1,234.00","37,020.00"
2021-01-11,2021011103014891,NTC,48,41,50,"1,235.00","61,750.00"
2021-01-11,2021011103014887,NTC,52,41,50,"1,235.00","61,750.00"
2021-01-11,2021011103014882,NTC,57,41,100,"1,235.00","123,500.00"
2021-01-11,2021011103014866,NTC,38,41,100,"1,235.00","123,500.00"
2021-01-11,2021011103014943,NUBL,28,38,340,"1,299.00","441,660.00"
2021-01-11,2021011103014942,NUBL,50,38,10,"1,299.00","12,990.00"
2021-01-11,2021011103014874,NUBL,8,42,200,"1,300.00","260,000.00"
2021-01-11,2021011103014873,NUBL,54,42,65,"1,300.00","84,500.00"
2021-01-11,2021011103014872,NUBL,52,42,100,"1,301.00","130,100.00"
2021-01-11,2021011103014871,NUBL,22,42,100,"1,301.00","130,100.00"
2021-01-11,2021011103014789,NUBL,36,19,50,"1,305.00","65,250.00"
2021-01-11,2021011103014870,NUBL,33,42,16,"1,302.00","20,832.00"
2021-01-11,2021011103014863,NUBL,53,38,100,"1,305.00","130,500.00"
2021-01-11,2021011103014862,NUBL,28,38,10,"1,305.00","13,050.00"
2021-01-11,2021011103014861,NUBL,21,38,100,"1,305.00","130,500.00"
2021-01-11,2021011103014860,NUBL,36,38,50,"1,305.00","65,250.00"
2021-01-11,2021011103014819,NUBL,57,22,10,"1,307.00","13,070.00"
2021-01-11,2021011103014941,OHL,1,16,100,475.00,"47,500.00"
2021-01-11,2021011103014780,OHL,45,16,200,474.00,"94,800.00"
2021-01-11,2021011103014779,OHL,46,16,100,474.00,"47,400.00"
2021-01-11,2021011103014608,PFL,39,19,10,190.00,"1,900.00"
2021-01-11,2021011103014543,PFL,38,19,100,188.00,"18,800.00"
2021-01-11,2021011104000016,PLI,41,21,3,229.00,687.00
2021-01-11,2021011104000015,PLI,29,41,4,221.00,884.00
2021-01-11,2021011104000014,PLI,35,41,6,225.00,"1,350.00"
2021-01-11,2021011104000013,PLI,14,41,10,225.00,"2,250.00"
2021-01-11,2021011104000012,PLI,48,33,10,221.00,"2,210.00"
2021-01-11,2021011104000011,PLI,58,49,3,219.00,657.00
2021-01-11,2021011104000004,PLI,4,4,2,210.00,420.00
2021-01-11,2021011104000003,PLI,42,58,3,216.00,648.00
2021-01-11,2021011104000002,PLI,4,4,8,210.00,"1,680.00"
2021-01-11,2021011104000001,PLI,48,38,10,213.00,"2,130.00"
2021-01-11,2021011104000010,PLI,42,58,8,220.00,"1,760.00"
2021-01-11,2021011104000009,PLI,42,58,2,220.00,440.00
2021-01-11,2021011104000008,PLI,42,58,6,216.00,"1,296.00"
2021-01-11,2021011104000007,PLI,42,58,4,216.00,864.00
2021-01-11,2021011104000006,PLI,14,42,10,217.00,"2,170.00"
2021-01-11,2021011104000005,PLI,42,58,7,215.00,"1,505.00"
2021-01-11,2021011103014626,PLIC,4,13,20,780.00,"15,600.00"
2021-01-11,2021011103014625,PLIC,34,13,50,780.00,"39,000.00"
2021-01-11,2021011103014946,RLFL,57,37,485,180.00,"87,300.00"
2021-01-11,2021011103014669,RLFL,6,38,25,179.00,"4,475.00"
2021-01-11,2021011103014627,RLFL,6,26,30,179.00,"5,370.00"
2021-01-11,2021011103014619,RLFL,41,37,30,180.00,"5,400.00"
2021-01-11,2021011103014540,RLFL,57,37,500,180.00,"90,000.00"
2021-01-11,2021011103014898,RLI,41,40,120,625.00,"75,000.00"
2021-01-11,2021011103014897,RLI,41,57,10,625.00,"6,250.00"
2021-01-11,2021011103014853,RLI,29,25,10,624.00,"6,240.00"
2021-01-11,2021011103014825,RLI,29,34,10,624.00,"6,240.00"
2021-01-11,2021011103014782,RLI,29,48,10,624.00,"6,240.00"
2021-01-11,2021011103014746,RLI,29,50,80,624.00,"49,920.00"
2021-01-11,2021011103014539,RLI,41,41,80,623.00,"49,840.00"
2021-01-11,2021011103014526,RLI,41,41,10,623.00,"6,230.00"
2021-01-11,2021011103014486,RLI,41,34,10,623.00,"6,230.00"
2021-01-11,2021011103014709,RLI,41,26,10,623.00,"6,230.00"
2021-01-11,2021011103014613,RLI,41,14,10,623.00,"6,230.00"
2021-01-11,2021011103014570,RLI,28,50,20,624.00,"12,480.00"
2021-01-11,2021011103014569,RLI,28,34,10,624.00,"6,240.00"
2021-01-11,2021011103014557,RLI,41,21,10,623.00,"6,230.00"
2021-01-11,2021011103014542,RLI,41,55,10,623.00,"6,230.00"
2021-01-11,2021011103014909,SABSL,46,34,11,"1,109.00","12,199.00"
2021-01-11,2021011103014828,SABSL,46,57,11,"1,119.00","12,309.00"
2021-01-11,2021011103014827,SABSL,46,21,11,"1,115.00","12,265.00"
2021-01-11,2021011103014826,SABSL,46,10,11,"1,115.00","12,265.00"
2021-01-11,2021011103014680,SABSL,46,43,20,"1,109.00","22,180.00"
2021-01-11,2021011103014788,SADBL,13,49,250,196.00,"49,000.00"
2021-01-11,2021011103014631,SADBL,41,49,100,196.00,"19,600.00"
2021-01-11,2021011103014511,SADBL,42,22,20,195.00,"3,900.00"
2021-01-11,2021011103014859,SAPDBL,3,35,100,157.00,"15,700.00"
2021-01-11,2021011103014559,SAPDBL,3,35,200,157.00,"31,400.00"
2021-01-11,2021011103014940,SDLBSL,41,56,10,"1,182.00","11,820.00"
2021-01-11,2021011103014879,SDLBSL,41,56,10,"1,159.00","11,590.00"
2021-01-11,2021011103014812,SDLBSL,41,35,10,"1,137.00","11,370.00"
2021-01-11,2021011103014811,SDLBSL,41,49,27,"1,137.00","30,699.00"
2021-01-11,2021011103014810,SDLBSL,41,41,90,"1,137.00","102,330.00"
2021-01-11,2021011103014730,SDLBSL,41,41,210,"1,137.00","238,770.00"
2021-01-11,2021011103014577,SDLBSL,41,43,200,"1,105.00","221,000.00"
2021-01-11,2021011103014576,SDLBSL,41,41,15,"1,103.00","16,545.00"
2021-01-11,2021011103014575,SDLBSL,41,6,200,"1,103.00","220,600.00"
2021-01-11,2021011103014574,SDLBSL,41,32,10,"1,103.00","11,030.00"
2021-01-11,2021011103014534,SDLBSL,19,38,10,"1,096.00","10,960.00"
2021-01-11,2021011103014583,SDLBSL,41,36,10,"1,115.00","11,150.00"
2021-01-11,2021011103014582,SDLBSL,41,29,10,"1,115.00","11,150.00"
2021-01-11,2021011103014581,SDLBSL,41,17,15,"1,112.00","16,680.00"
2021-01-11,2021011103014580,SDLBSL,41,59,10,"1,110.00","11,100.00"
2021-01-11,2021011103014579,SDLBSL,41,49,10,"1,105.00","11,050.00"
2021-01-11,2021011103014578,SDLBSL,41,43,30,"1,105.00","33,150.00"
2021-01-11,2021011103014661,SDLBSL,41,59,200,"1,120.00","224,000.00"
2021-01-11,2021011103014588,SDLBSL,41,42,110,"1,117.00","122,870.00"
2021-01-11,2021011103014587,SDLBSL,41,4,10,"1,117.00","11,170.00"
2021-01-11,2021011103014586,SDLBSL,41,47,30,"1,116.00","33,480.00"
2021-01-11,2021011103014585,SDLBSL,41,42,10,"1,115.00","11,150.00"
2021-01-11,2021011103014584,SDLBSL,41,55,10,"1,115.00","11,150.00"
2021-01-11,2021011103014667,SDLBSL,41,53,350,"1,130.00","395,500.00"
2021-01-11,2021011103014666,SDLBSL,41,36,150,"1,129.00","169,350.00"
2021-01-11,2021011103014665,SDLBSL,41,38,20,"1,129.00","22,580.00"
2021-01-11,2021011103014664,SDLBSL,41,35,50,"1,127.00","56,350.00"
2021-01-11,2021011103014663,SDLBSL,41,47,75,"1,127.00","84,525.00"
2021-01-11,2021011103014662,SDLBSL,41,40,60,"1,127.00","67,620.00"
2021-01-11,2021011103014729,SDLBSL,41,55,10,"1,137.00","11,370.00"
2021-01-11,2021011103014728,SDLBSL,41,14,50,"1,137.00","56,850.00"
2021-01-11,2021011103014727,SDLBSL,41,58,60,"1,135.00","68,100.00"
2021-01-11,2021011103014726,SDLBSL,41,52,100,"1,132.00","113,200.00"
2021-01-11,2021011103014725,SDLBSL,41,41,70,"1,119.00","78,330.00"
2021-01-11,2021011103014668,SDLBSL,41,42,95,"1,130.00","107,350.00"
2021-01-11,2021011103014960,SHINE,28,57,15,250.00,"3,750.00"
2021-01-11,2021011103014948,SHINE,53,57,647,250.00,"161,750.00"
2021-01-11,2021011103014947,SHINE,53,42,353,250.00,"88,250.00"
2021-01-11,2021011103014818,SHINE,26,49,50,249.00,"12,450.00"
2021-01-11,2021011103014628,SHINE,28,42,10,250.00,"2,500.00"
2021-01-11,2021011103014966,SHL,6,55,250,195.00,"48,750.00"
2021-01-11,2021011103014965,SHL,57,55,250,195.00,"48,750.00"
2021-01-11,2021011103014890,SHL,6,29,111,195.00,"21,645.00"
2021-01-11,2021011103014889,SHL,59,29,689,195.00,"134,355.00"
2021-01-11,2021011103014616,SINDU,42,25,150,158.00,"23,700.00"
2021-01-11,2021011103014512,SKBBL,38,49,90,"1,461.00","131,490.00"
2021-01-11,2021011103014624,SLBSL,26,38,13,999.00,"12,987.00"
2021-01-11,2021011103014961,SLICL,56,51,10,720.00,"7,200.00"
2021-01-11,2021011103014910,SLICL,42,57,11,719.00,"7,909.00"
2021-01-11,2021011103014813,SLICL,56,51,10,720.00,"7,200.00"
2021-01-11,2021011103014735,SLICL,42,32,100,719.00,"71,900.00"
2021-01-11,2021011103014734,SLICL,42,32,100,719.00,"71,900.00"
2021-01-11,2021011103014733,SLICL,42,46,100,719.00,"71,900.00"
2021-01-11,2021011103014732,SLICL,42,37,251,719.00,"180,469.00"
2021-01-11,2021011103014589,SLICL,47,14,100,718.00,"71,800.00"
2021-01-11,2021011103014572,SMB,17,57,14,"1,170.00","16,380.00"
2021-01-11,2021011103014806,SMFDB,53,25,70,"1,030.00","72,100.00"
2021-01-11,2021011103014913,SNLB,36,46,10,"1,054.00","10,540.00"
2021-01-11,2021011103014513,STC,52,35,20,"6,950.00","139,000.00"
2021-01-11,2021011103014878,SWBBL,34,41,10,"1,674.00","16,740.00"
2021-01-11,2021011103014745,SWBBL,44,21,90,"1,665.00","149,850.00"
2021-01-11,2021011103014744,SWBBL,40,21,10,"1,665.00","16,650.00"
2021-01-11,2021011103014724,SWBBL,34,41,10,"1,674.00","16,740.00"
2021-01-11,2021011103014832,USLB,32,34,20,"1,409.00","28,180.00"
2021-01-11,2021011103014736,USLB,56,50,276,"1,400.00","386,400.00"
2021-01-11,2021011103014281,ALBSL,45,55,101,"1,220.00","123,220.00"
2021-01-11,2021011103014280,ALBSL,59,55,99,"1,220.00","120,780.00"
2021-01-11,2021011103014175,ALBSL,59,38,11,"1,220.00","13,420.00"
2021-01-11,2021011103014118,ALBSL,59,1,200,"1,220.00","244,000.00"
2021-01-11,2021011103014404,ALICL,49,57,289,975.00,"281,775.00"
2021-01-11,2021011103014347,ALICL,49,57,11,975.00,"10,725.00"
2021-01-11,2021011103014291,ALICL,56,52,"1,000",978.00,"978,000.00"
2021-01-11,2021011103014290,ALICL,56,10,"1,000",978.00,"978,000.00"
2021-01-11,2021011103014162,ALICL,49,57,200,975.00,"195,000.00"
2021-01-11,2021011103014063,ALICL,49,10,500,975.00,"487,500.00"
2021-01-11,2021011103014071,BFC,17,42,35,137.00,"4,795.00"
2021-01-11,2021011103014003,BFC,3,34,48,138.00,"6,624.00"
2021-01-11,2021011103014202,CBBL,49,44,550,"1,225.00","673,750.00"
2021-01-11,2021011103014126,CBBL,49,38,40,"1,225.00","49,000.00"
2021-01-11,2021011103014069,CBBL,36,10,36,"1,223.00","44,028.00"
2021-01-11,2021011103014377,CFCL,52,49,200,177.00,"35,400.00"
2021-01-11,2021011103014376,CFCL,33,49,240,177.00,"42,480.00"
2021-01-11,2021011103014316,CFCL,33,52,100,178.00,"17,800.00"
2021-01-11,2021011103014184,CFCL,33,43,260,177.00,"46,020.00"
2021-01-11,2021011103014103,CIT,22,10,30,"3,460.00","103,800.00"
2021-01-11,2021011103014298,CLBSL,11,50,129,901.00,"116,229.00"
2021-01-11,2021011103014237,CLBSL,17,50,30,901.00,"27,030.00"
2021-01-11,2021011103014122,CLBSL,33,50,27,901.00,"24,327.00"
2021-01-11,2021011103014002,CLBSL,10,49,500,900.00,"450,000.00"
2021-01-11,2021011103013990,CLBSL,42,50,50,901.00,"45,050.00"
2021-01-11,2021011103014178,CMF1,8,42,"9,000",9.96,"89,640.00"
2021-01-11,2021011103014177,CMF1,43,42,"1,000",9.97,"9,970.00"
2021-01-11,2021011103014461,DDBL,49,44,50,"1,465.00","73,250.00"
2021-01-11,2021011103014305,DDBL,45,36,50,"1,468.00","73,400.00"
2021-01-11,2021011103014304,DDBL,45,4,30,"1,468.00","44,040.00"
2021-01-11,2021011103014303,DDBL,45,16,20,"1,468.00","29,360.00"
2021-01-11,2021011103014302,DDBL,45,19,10,"1,468.00","14,680.00"
2021-01-11,2021011103014078,DDBL,50,19,40,"1,468.00","58,720.00"
2021-01-11,2021011103014077,DDBL,50,36,10,"1,467.00","14,670.00"
2021-01-11,2021011103014067,DDBL,10,36,30,"1,467.00","44,010.00"
2021-01-11,2021011103014046,EDBL,4,29,200,363.00,"72,600.00"
2021-01-11,2021011103014289,FMDBL,25,26,186,614.00,"114,204.00"
2021-01-11,2021011103014288,FMDBL,25,47,528,614.00,"324,192.00"
2021-01-11,2021011103014287,FMDBL,25,26,222,614.00,"136,308.00"
2021-01-11,2021011103014286,FMDBL,25,25,100,613.00,"61,300.00"
2021-01-11,2021011103014285,FMDBL,25,49,50,612.00,"30,600.00"
2021-01-11,2021011103014284,FMDBL,25,57,40,612.00,"24,480.00"
2021-01-11,2021011103013991,FMDBL,26,29,500,610.00,"305,000.00"
2021-01-11,2021011103014283,FMDBL,25,34,24,611.00,"14,664.00"
2021-01-11,2021011103014250,FMDBL,25,8,100,610.00,"61,000.00"
2021-01-11,2021011103014249,FMDBL,25,44,150,610.00,"91,500.00"
2021-01-11,2021011103014159,FMDBL,21,44,150,610.00,"91,500.00"
2021-01-11,2021011103014158,FMDBL,26,44,700,610.00,"427,000.00"
2021-01-11,2021011103014452,FOWAD,20,33,34,"2,279.00","77,486.00"
2021-01-11,2021011103014266,FOWAD,59,56,50,"2,279.00","113,950.00"
2021-01-11,2021011103014101,FOWAD,59,38,25,"2,279.00","56,975.00"
2021-01-11,2021011103014055,FOWAD,57,36,20,"2,280.00","45,600.00"
2021-01-11,2021011103014079,GBBL,52,29,270,325.00,"87,750.00"
2021-01-11,2021011103014026,GBBL,52,47,20,325.00,"6,500.00"
2021-01-11,2021011103014477,GBLBS,35,22,50,600.00,"30,000.00"
2021-01-11,2021011103014378,GBLBS,25,22,15,600.00,"9,000.00"
2021-01-11,2021011103014234,GBLBS,52,22,10,600.00,"6,000.00"
2021-01-11,2021011103014160,GBLBS,56,38,15,599.00,"8,985.00"
2021-01-11,2021011103014058,GBLBS,1,22,50,600.00,"30,000.00"
2021-01-11,2021011103014054,GBLBS,33,47,50,601.00,"30,050.00"
2021-01-11,2021011103013995,GBLBS,1,42,50,600.00,"30,000.00"
2021-01-11,2021011103013994,GBLBS,29,42,350,600.00,"210,000.00"
2021-01-11,2021011103014472,GFCL,16,34,118,203.00,"23,954.00"
2021-01-11,2021011103014471,GFCL,42,34,382,203.00,"77,546.00"
2021-01-11,2021011103014186,GFCL,42,41,608,203.00,"123,424.00"
2021-01-11,2021011103014157,GFCL,42,42,10,203.00,"2,030.00"
2021-01-11,2021011103014085,GFCL,42,13,"1,188",203.00,"241,164.00"
2021-01-11,2021011103014349,GLBSL,1,10,20,902.00,"18,040.00"
2021-01-11,2021011103014020,GLBSL,1,45,50,902.00,"45,100.00"
2021-01-11,2021011103014019,GLBSL,1,45,200,905.00,"181,000.00"
2021-01-11,2021011103014018,GLBSL,25,45,100,905.00,"90,500.00"
2021-01-11,2021011103014017,GLBSL,32,45,200,905.00,"181,000.00"
2021-01-11,2021011103014004,GLBSL,25,57,10,910.00,"9,100.00"
2021-01-11,2021011103014066,GLICL,19,22,85,629.00,"53,465.00"
2021-01-11,2021011103014380,GMFIL,36,28,300,191.00,"57,300.00"
2021-01-11,2021011103014379,GMFIL,5,28,100,191.00,"19,100.00"
2021-01-11,2021011103014442,GUFL,43,56,450,232.00,"104,400.00"
2021-01-11,2021011103014208,GUFL,39,56,10,232.00,"2,320.00"
2021-01-11,2021011103014149,GUFL,37,33,591,231.00,"136,521.00"
2021-01-11,2021011103014482,HIDCL,49,32,387,268.00,"103,716.00"
2021-01-11,2021011103014481,HIDCL,49,22,61,268.00,"16,348.00"
2021-01-11,2021011103014480,HIDCL,49,49,52,268.00,"13,936.00"
2021-01-11,2021011103014333,HIDCL,45,49,79,268.00,"21,172.00"
2021-01-11,2021011103014332,HIDCL,45,16,721,268.00,"193,228.00"
2021-01-11,2021011103014264,HIDCL,49,26,61,267.00,"16,287.00"
2021-01-11,2021011103014133,HIDCL,49,47,247,267.00,"65,949.00"
2021-01-11,2021011103014132,HIDCL,49,47,153,267.00,"40,851.00"
2021-01-11,2021011103014043,HIDCL,49,57,127,267.00,"33,909.00"
2021-01-11,2021011103014346,ICFC,4,49,30,268.00,"8,040.00"
2021-01-11,2021011103014076,ICFC,48,49,41,268.00,"10,988.00"
2021-01-11,2021011103014075,ICFC,48,49,459,268.00,"123,012.00"
2021-01-11,2021011103014336,ILBS,51,50,59,"1,153.00","68,027.00"
2021-01-11,2021011103014211,ILBS,51,38,11,"1,153.00","12,683.00"
2021-01-11,2021011103014053,ILBS,47,38,27,"1,160.00","31,320.00"
2021-01-11,2021011103014484,JBBL,14,5,260,239.00,"62,140.00"
2021-01-11,2021011103014403,JBBL,35,3,43,240.00,"10,320.00"
2021-01-11,2021011103014402,JBBL,35,50,157,239.00,"37,523.00"
2021-01-11,2021011103014396,JBBL,1,50,100,239.00,"23,900.00"
2021-01-11,2021011103014395,JBBL,54,50,100,239.00,"23,900.00"
2021-01-11,2021011103014394,JBBL,37,50,10,239.00,"2,390.00"
2021-01-11,2021011103014248,JBBL,48,6,201,239.00,"48,039.00"
2021-01-11,2021011103014144,JBBL,48,56,28,239.00,"6,692.00"
2021-01-11,2021011103014092,JBBL,48,14,52,239.00,"12,428.00"
2021-01-11,2021011103014091,JBBL,48,14,52,239.00,"12,428.00"
2021-01-11,2021011103014090,JBBL,48,14,52,239.00,"12,428.00"
2021-01-11,2021011103014089,JBBL,48,57,200,239.00,"47,800.00"
2021-01-11,2021011103014393,JBBL,57,50,100,239.00,"23,900.00"
2021-01-11,2021011103014392,JBBL,45,50,70,239.00,"16,730.00"
2021-01-11,2021011103014391,JBBL,48,50,293,239.00,"70,027.00"
2021-01-11,2021011103014330,JBBL,48,14,52,239.00,"12,428.00"
2021-01-11,2021011103014296,JBBL,48,14,52,239.00,"12,428.00"
2021-01-11,2021011103014295,JBBL,48,26,18,239.00,"4,302.00"
2021-01-11,2021011103014271,JFL,47,4,11,253.00,"2,783.00"
2021-01-11,2021011103014270,JFL,42,4,220,253.00,"55,660.00"
2021-01-11,2021011103014204,JFL,42,22,80,253.00,"20,240.00"
2021-01-11,2021011103014196,KLBSL,48,52,27,"1,177.00","31,779.00"
2021-01-11,2021011103014124,KLBSL,48,11,34,"1,177.00","40,018.00"
2021-01-11,2021011103014116,KLBSL,53,42,10,"1,155.00","11,550.00"
2021-01-11,2021011103014457,KMCDB,25,58,10,970.00,"9,700.00"
2021-01-11,2021011103014456,KMCDB,25,39,28,960.00,"26,880.00"
2021-01-11,2021011103014313,KMCDB,44,39,22,960.00,"21,120.00"
2021-01-11,2021011103014312,KMCDB,25,39,50,965.00,"48,250.00"
2021-01-11,2021011103014311,KMCDB,11,39,80,967.00,"77,360.00"
2021-01-11,2021011103014310,KMCDB,25,39,20,969.00,"19,380.00"
2021-01-11,2021011103014179,KMCDB,25,58,20,970.00,"19,400.00"
2021-01-11,2021011103014064,KMCDB,11,34,10,967.00,"9,670.00"
2021-01-11,2021011103013997,KMCDB,11,5,10,967.00,"9,670.00"
2021-01-11,2021011103013993,KMCDB,21,58,50,970.00,"48,500.00"
2021-01-11,2021011103014084,KRBL,34,7,200,140.00,"28,000.00"
2021-01-11,2021011103014261,KSBBL,42,39,50,239.00,"11,950.00"
2021-01-11,2021011103014094,KSBBL,42,38,200,239.00,"47,800.00"
2021-01-11,2021011103014093,KSBBL,42,45,470,239.00,"112,330.00"
2021-01-11,2021011103014397,LBBL,54,11,500,227.00,"113,500.00"
2021-01-11,2021011103014277,LBBL,54,34,110,227.00,"24,970.00"
2021-01-11,2021011103014265,LBBL,54,43,200,227.00,"45,400.00"
2021-01-11,2021011103014169,LBBL,54,49,50,227.00,"11,350.00"
2021-01-11,2021011103014100,LBBL,32,48,100,226.00,"22,600.00"
2021-01-11,2021011103014115,LBBL,54,44,"5,000",227.00,"1,135,000.00"
2021-01-11,2021011103014114,LBBL,54,55,900,226.00,"203,400.00"
2021-01-11,2021011103014110,LBBL,32,55,100,226.00,"22,600.00"
2021-01-11,2021011103014051,LUK,26,32,300,9.40,"2,820.00"
2021-01-11,2021011103014462,MDB,57,17,100,340.00,"34,000.00"
2021-01-11,2021011103014215,MERO,34,52,43,"1,001.00","43,043.00"
2021-01-11,2021011103013988,MERO,54,19,100,"1,000.00","100,000.00"
2021-01-11,2021011103013987,MERO,48,19,14,"1,000.00","14,000.00"
2021-01-11,2021011103013986,MERO,22,19,138,"1,001.00","138,138.00"
2021-01-11,2021011103014229,MFIL,29,10,300,334.00,"100,200.00"
2021-01-11,2021011103014201,MFIL,4,10,100,334.00,"33,400.00"
2021-01-11,2021011103014047,MFIL,29,26,114,333.00,"37,962.00"
2021-01-11,2021011103014222,MLBBL,52,26,70,"1,280.00","89,600.00"
2021-01-11,2021011103014221,MLBBL,41,26,50,"1,280.00","64,000.00"
2021-01-11,2021011103014220,MLBBL,58,26,10,"1,280.00","12,800.00"
2021-01-11,2021011103014219,MLBBL,33,26,10,"1,281.00","12,810.00"
2021-01-11,2021011103014218,MLBBL,45,26,50,"1,281.00","64,050.00"
2021-01-11,2021011103014401,MLBL,52,58,200,272.00,"54,400.00"
2021-01-11,2021011103014225,MLBL,38,58,500,272.00,"136,000.00"
2021-01-11,2021011103014200,MLBL,21,38,150,270.00,"40,500.00"
2021-01-11,2021011103014199,MLBL,26,38,842,270.00,"227,340.00"
2021-01-11,2021011103014171,MLBL,26,17,100,270.00,"27,000.00"
2021-01-11,2021011103014142,MLBL,26,52,58,270.00,"15,660.00"
2021-01-11,2021011103014113,MLBL,52,58,50,272.00,"13,600.00"
2021-01-11,2021011103014360,MMFDB,20,56,22,"1,297.00","28,534.00"
2021-01-11,2021011103014359,MMFDB,20,42,200,"1,296.00","259,200.00"
2021-01-11,2021011103014358,MMFDB,20,45,500,"1,295.00","647,500.00"
2021-01-11,2021011103014357,MMFDB,20,6,200,"1,295.00","259,000.00"
2021-01-11,2021011103014356,MMFDB,20,21,70,"1,295.00","90,650.00"
2021-01-11,2021011103014355,MMFDB,20,34,200,"1,294.00","258,800.00"
2021-01-11,2021011103014239,MMFDB,20,7,300,"1,285.00","385,500.00"
2021-01-11,2021011103014238,MMFDB,20,33,270,"1,284.00","346,680.00"
2021-01-11,2021011103014014,MMFDB,10,42,10,"1,289.00","12,890.00"
2021-01-11,2021011103013999,MMFDB,20,42,14,"1,289.00","18,046.00"
2021-01-11,2021011103014245,MMFDB,20,41,150,"1,290.00","193,500.00"
2021-01-11,2021011103014244,MMFDB,20,25,550,"1,290.00","709,500.00"
2021-01-11,2021011103014243,MMFDB,20,56,50,"1,290.00","64,500.00"
2021-01-11,2021011103014242,MMFDB,20,10,19,"1,290.00","24,510.00"
2021-01-11,2021011103014241,MMFDB,20,42,44,"1,289.00","56,716.00"
2021-01-11,2021011103014240,MMFDB,20,34,500,"1,288.00","644,000.00"
2021-01-11,2021011103014354,MMFDB,20,34,200,"1,294.00","258,800.00"
2021-01-11,2021011103014353,MMFDB,20,34,83,"1,294.00","107,402.00"
2021-01-11,2021011103014352,MMFDB,20,34,500,"1,293.00","646,500.00"
2021-01-11,2021011103014351,MMFDB,20,48,25,"1,284.00","32,100.00"
2021-01-11,2021011103014308,MMFDB,42,19,100,"1,270.00","127,000.00"
2021-01-11,2021011103014246,MMFDB,20,34,117,"1,294.00","151,398.00"
2021-01-11,2021011103014399,MNBBL,5,42,88,370.00,"32,560.00"
2021-01-11,2021011103014398,MNBBL,5,4,67,370.00,"24,790.00"
2021-01-11,2021011103014097,MNBBL,41,44,100,370.00,"37,000.00"
2021-01-11,2021011103014145,MNBBL,33,4,133,370.00,"49,210.00"
2021-01-11,2021011103014128,MNBBL,33,52,50,370.00,"18,500.00"
2021-01-11,2021011103014127,MNBBL,33,44,317,370.00,"117,290.00"
2021-01-11,2021011103014012,MPFL,57,34,10,158.00,"1,580.00"
2021-01-11,2021011103014123,MSLB,42,42,11,"1,650.00","18,150.00"
2021-01-11,2021011103014074,MSLB,14,42,20,"1,651.00","33,020.00"
2021-01-11,2021011103014155,NBF2,26,35,800,9.90,"7,920.00"
2021-01-11,2021011103014129,NBF2,59,35,"1,000",9.97,"9,970.00"
2021-01-11,2021011103014070,NEF,19,32,"10,632",10.36,"110,147.52"
2021-01-11,2021011103014024,NEF,10,21,174,10.38,"1,806.12"
2021-01-11,2021011103014023,NEF,10,42,"2,366",10.38,"24,559.08"
2021-01-11,2021011103014022,NEF,10,49,"2,253",10.38,"23,386.14"
2021-01-11,2021011103014021,NEF,10,53,207,10.38,"2,148.66"
2021-01-11,2021011103014209,NFS,33,21,150,248.00,"37,200.00"
2021-01-11,2021011103014176,NFS,46,21,150,248.00,"37,200.00"
2021-01-11,2021011103014039,NFS,45,21,48,248.00,"11,904.00"
2021-01-11,2021011103014038,NFS,45,32,30,248.00,"7,440.00"
2021-01-11,2021011103014037,NFS,45,8,422,248.00,"104,656.00"
2021-01-11,2021011103014251,NIBLPF,11,32,"2,525",10.68,"26,967.00"
2021-01-11,2021011103014405,NIBSF1,57,13,"1,000",11.62,"11,620.00"
2021-01-11,2021011103014125,NICGF,35,53,"5,000",10.90,"54,500.00"
2021-01-11,2021011103014174,NLBBL,58,39,43,"1,132.00","48,676.00"
2021-01-11,2021011103014173,NLBBL,6,39,357,"1,132.00","404,124.00"
2021-01-11,2021011103014172,NLBBL,17,39,50,"1,133.00","56,650.00"
2021-01-11,2021011103014096,NLBBL,6,38,50,"1,135.00","56,750.00"
2021-01-11,2021011103014083,NLBBL,6,33,100,"1,135.00","113,500.00"
2021-01-11,2021011103014082,NLBBL,6,6,100,"1,135.00","113,500.00"
2021-01-11,2021011103014081,NLBBL,6,56,500,"1,135.00","567,500.00"
2021-01-11,2021011103014080,NLBBL,6,33,110,"1,135.00","124,850.00"
2021-01-11,2021011103014036,NLBBL,17,41,50,"1,133.00","56,650.00"
2021-01-11,2021011103014463,NLIC,42,49,22,"2,378.00","52,316.00"
2021-01-11,2021011103014458,NLIC,35,38,20,"2,380.00","47,600.00"
2021-01-11,2021011103014431,NLIC,1,54,20,"2,380.00","47,600.00"
2021-01-11,2021011103014375,NLIC,22,46,1,"2,380.00","2,380.00"
2021-01-11,2021011103014374,NLIC,34,46,49,"2,380.00","116,620.00"
2021-01-11,2021011103014373,NLIC,34,38,10,"2,380.00","23,800.00"
2021-01-11,2021011103014135,NLIC,45,25,20,"2,379.00","47,580.00"
2021-01-11,2021011103014098,NLIC,45,33,50,"2,380.00","119,000.00"
2021-01-11,2021011103014065,NLIC,17,38,50,"2,379.00","118,950.00"
2021-01-11,2021011103013992,NLIC,38,33,100,"2,380.00","238,000.00"
2021-01-11,2021011103014255,NLIC,32,10,10,"2,378.00","23,780.00"
2021-01-11,2021011103014254,NLIC,25,10,20,"2,378.00","47,560.00"
2021-01-11,2021011103014253,NLIC,3,10,26,"2,379.00","61,854.00"
2021-01-11,2021011103014252,NLIC,4,10,15,"2,379.00","35,685.00"
2021-01-11,2021011103014153,NLIC,19,33,20,"2,380.00","47,600.00"
2021-01-11,2021011103014152,NLIC,19,25,30,"2,379.00","71,370.00"
2021-01-11,2021011103014372,NLIC,34,48,22,"2,380.00","52,360.00"
2021-01-11,2021011103014371,NLIC,34,5,39,"2,380.00","92,820.00"
2021-01-11,2021011103014370,NLIC,34,33,30,"2,380.00","71,400.00"
2021-01-11,2021011103014263,NLIC,45,6,20,"2,378.00","47,560.00"
2021-01-11,2021011103014262,NLIC,3,6,30,"2,378.00","71,340.00"
2021-01-11,2021011103014256,NLIC,45,10,29,"2,378.00","68,962.00"
2021-01-11,2021011103014455,NLICL,36,49,50,"1,150.00","57,500.00"
2021-01-11,2021011103014454,NLICL,36,3,50,"1,148.00","57,400.00"
2021-01-11,2021011103014435,NLICL,40,3,200,"1,148.00","229,600.00"
2021-01-11,2021011103014434,NLICL,1,3,200,"1,148.00","229,600.00"
2021-01-11,2021011103014433,NLICL,35,3,50,"1,149.00","57,450.00"
2021-01-11,2021011103014345,NLICL,32,49,"1,000","1,150.00","1,150,000.00"
2021-01-11,2021011103014216,NLICL,45,45,100,"1,156.00","115,600.00"
2021-01-11,2021011103013996,NLICL,28,5,70,"1,157.00","80,990.00"
2021-01-11,2021011103014338,NLICL,16,49,87,"1,153.00","100,311.00"
2021-01-11,2021011103014300,NLICL,16,35,413,"1,153.00","476,189.00"
2021-01-11,2021011103014299,NLICL,32,35,87,"1,156.00","100,572.00"
2021-01-11,2021011103014294,NLICL,32,29,13,"1,156.00","15,028.00"
2021-01-11,2021011103014282,NLICL,32,35,400,"1,156.00","462,400.00"
2021-01-11,2021011103014217,NLICL,45,35,600,"1,156.00","693,600.00"
2021-01-11,2021011103014344,NLICL,52,49,167,"1,150.00","192,050.00"
2021-01-11,2021011103014343,NLICL,55,49,400,"1,151.00","460,400.00"
2021-01-11,2021011103014342,NLICL,45,49,40,"1,151.00","46,040.00"
2021-01-11,2021011103014341,NLICL,52,49,100,"1,151.00","115,100.00"
2021-01-11,2021011103014340,NLICL,50,49,290,"1,151.00","333,790.00"
2021-01-11,2021011103014339,NLICL,32,49,"1,000","1,152.00","1,152,000.00"
2021-01-11,2021011103014447,NMBMF,10,26,10,"1,030.00","10,300.00"
2021-01-11,2021011103014446,NMBMF,26,26,71,"1,030.00","73,130.00"
2021-01-11,2021011103014445,NMBMF,25,26,30,"1,031.00","30,930.00"
2021-01-11,2021011103014102,NMBMF,26,3,29,"1,030.00","29,870.00"
2021-01-11,2021011103014025,NMBMF,26,34,100,"1,030.00","103,000.00"
2021-01-11,2021011103014006,NMBMF,34,34,200,"1,030.00","206,000.00"
2021-01-11,2021011103014151,NMFBS,49,59,28,"2,350.00","65,800.00"
2021-01-11,2021011103014035,NMFBS,59,44,10,"2,350.00","23,500.00"
2021-01-11,2021011103014034,NMFBS,59,41,100,"2,350.00","235,000.00"
2021-01-11,2021011103014033,NMFBS,59,58,20,"2,350.00","47,000.00"
2021-01-11,2021011103014032,NMFBS,59,37,100,"2,350.00","235,000.00"
2021-01-11,2021011103014031,NMFBS,59,22,400,"2,349.00","939,600.00"
2021-01-11,2021011103014030,NMFBS,59,47,20,"2,349.00","46,980.00"
2021-01-11,2021011103014029,NMFBS,59,22,134,"2,348.00","314,632.00"
2021-01-11,2021011103014483,NRIC,45,44,10,"1,541.00","15,410.00"
2021-01-11,2021011103014473,NRIC,35,10,10,"1,543.00","15,430.00"
2021-01-11,2021011103014470,NRIC,53,10,170,"1,543.00","262,310.00"
2021-01-11,2021011103014469,NRIC,53,34,40,"1,543.00","61,720.00"
2021-01-11,2021011103014468,NRIC,53,48,200,"1,543.00","308,600.00"
2021-01-11,2021011103014430,NRIC,22,42,195,"1,540.00","300,300.00"
2021-01-11,2021011103014049,NRIC,42,13,20,"1,541.00","30,820.00"
2021-01-11,2021011103014016,NRIC,39,57,10,"1,544.00","15,440.00"
2021-01-11,2021011103014015,NRIC,39,29,40,"1,541.00","61,640.00"
2021-01-11,2021011103014005,NRIC,25,29,10,"1,541.00","15,410.00"
2021-01-11,2021011103014166,NRIC,10,1,30,"1,542.00","46,260.00"
2021-01-11,2021011103014156,NRIC,42,5,10,"1,541.00","15,410.00"
2021-01-11,2021011103014138,NRIC,53,1,20,"1,542.00","30,840.00"
2021-01-11,2021011103014131,NRIC,52,34,20,"1,543.00","30,860.00"
2021-01-11,2021011103014130,NRIC,52,54,30,"1,542.00","46,260.00"
2021-01-11,2021011103014109,NRIC,42,32,10,"1,541.00","15,410.00"
2021-01-11,2021011103014272,NRIC,42,38,10,"1,543.00","15,430.00"
2021-01-11,2021011103014259,NRIC,42,55,10,"1,543.00","15,430.00"
2021-01-11,2021011103014258,NRIC,42,41,40,"1,543.00","61,720.00"
2021-01-11,2021011103014226,NRIC,38,40,5,"1,542.00","7,710.00"
2021-01-11,2021011103014168,NRIC,10,57,60,"1,544.00","92,640.00"
2021-01-11,2021011103014167,NRIC,10,34,10,"1,543.00","15,430.00"
2021-01-11,2021011103014411,NRIC,35,42,370,"1,543.00","570,910.00"
2021-01-11,2021011103014407,NRIC,53,14,50,"1,544.00","77,200.00"
2021-01-11,2021011103014384,NRIC,1,57,32,"1,544.00","49,408.00"
2021-01-11,2021011103014383,NRIC,52,57,50,"1,544.00","77,200.00"
2021-01-11,2021011103014361,NRIC,35,10,100,"1,543.00","154,300.00"
2021-01-11,2021011103014273,NRIC,35,38,30,"1,543.00","46,290.00"
2021-01-11,2021011103014417,NRIC,57,42,100,"1,541.00","154,100.00"
2021-01-11,2021011103014416,NRIC,22,42,40,"1,541.00","61,640.00"
2021-01-11,2021011103014415,NRIC,42,42,10,"1,541.00","15,410.00"
2021-01-11,2021011103014414,NRIC,55,42,100,"1,542.00","154,200.00"
2021-01-11,2021011103014413,NRIC,48,42,40,"1,542.00","61,680.00"
2021-01-11,2021011103014412,NRIC,43,42,50,"1,543.00","77,150.00"
2021-01-11,2021011103014423,NRIC,41,42,100,"1,540.00","154,000.00"
2021-01-11,2021011103014422,NRIC,38,42,160,"1,540.00","246,400.00"
2021-01-11,2021011103014421,NRIC,11,42,50,"1,540.00","77,000.00"
2021-01-11,2021011103014420,NRIC,58,42,90,"1,540.00","138,600.00"
2021-01-11,2021011103014419,NRIC,32,42,22,"1,540.00","33,880.00"
2021-01-11,2021011103014418,NRIC,21,42,100,"1,541.00","154,100.00"
2021-01-11,2021011103014429,NRIC,45,42,10,"1,540.00","15,400.00"
2021-01-11,2021011103014428,NRIC,38,42,40,"1,540.00","61,600.00"
2021-01-11,2021011103014427,NRIC,22,42,40,"1,540.00","61,600.00"
2021-01-11,2021011103014426,NRIC,17,42,50,"1,540.00","77,000.00"
2021-01-11,2021011103014425,NRIC,22,42,20,"1,540.00","30,800.00"
2021-01-11,2021011103014424,NRIC,43,42,90,"1,540.00","138,600.00"
2021-01-11,2021011103014475,NRN,41,38,10,359.00,"3,590.00"
2021-01-11,2021011103014441,NRN,41,48,10,359.00,"3,590.00"
2021-01-11,2021011103014368,NRN,41,20,10,359.00,"3,590.00"
2021-01-11,2021011103014329,NRN,55,41,200,360.00,"72,000.00"
2021-01-11,2021011103014328,NRN,55,44,10,360.00,"3,600.00"
2021-01-11,2021011103014327,NRN,55,41,10,360.00,"3,600.00"
2021-01-11,2021011103014180,NRN,52,3,10,359.00,"3,590.00"
2021-01-11,2021011103014119,NRN,52,3,10,359.00,"3,590.00"
2021-01-11,2021011103014099,NRN,52,45,10,359.00,"3,590.00"
2021-01-11,2021011103014048,NRN,52,21,10,359.00,"3,590.00"
2021-01-11,2021011103014044,NRN,52,48,10,359.00,"3,590.00"
2021-01-11,2021011103014274,NRN,41,49,10,359.00,"3,590.00"
2021-01-11,2021011103014247,NRN,41,49,10,359.00,"3,590.00"
2021-01-11,2021011103014224,NRN,41,20,270,359.00,"96,930.00"
2021-01-11,2021011103014223,NRN,11,20,30,359.00,"10,770.00"
2021-01-11,2021011103014213,NRN,11,49,10,359.00,"3,590.00"
2021-01-11,2021011103014182,NRN,11,48,10,359.00,"3,590.00"
2021-01-11,2021011103014320,NRN,55,41,10,360.00,"3,600.00"
2021-01-11,2021011103014319,NRN,55,17,10,360.00,"3,600.00"
2021-01-11,2021011103014318,NRN,55,41,10,360.00,"3,600.00"
2021-01-11,2021011103014317,NRN,55,6,189,360.00,"68,040.00"
2021-01-11,2021011103014297,NRN,41,38,10,359.00,"3,590.00"
2021-01-11,2021011103014293,NRN,41,42,10,359.00,"3,590.00"
2021-01-11,2021011103014326,NRN,55,42,10,360.00,"3,600.00"
2021-01-11,2021011103014325,NRN,55,53,10,360.00,"3,600.00"
2021-01-11,2021011103014324,NRN,55,49,10,360.00,"3,600.00"
2021-01-11,2021011103014323,NRN,55,58,10,360.00,"3,600.00"
2021-01-11,2021011103014322,NRN,55,35,10,360.00,"3,600.00"
2021-01-11,2021011103014321,NRN,55,4,10,360.00,"3,600.00"
2021-01-11,2021011103014363,NTC,52,42,30,"1,235.00","37,050.00"
2021-01-11,2021011103014362,NTC,52,45,20,"1,235.00","24,700.00"
2021-01-11,2021011103014334,NTC,32,45,20,"1,235.00","24,700.00"
2021-01-11,2021011103014315,NTC,47,44,370,"1,234.00","456,580.00"
2021-01-11,2021011103014314,NTC,49,44,50,"1,234.00","61,700.00"
2021-01-11,2021011103014276,NTC,44,45,100,"1,235.00","123,500.00"
2021-01-11,2021011103014230,NTC,45,45,20,"1,236.00","24,720.00"
2021-01-11,2021011103014150,NTC,49,40,25,"1,235.00","30,875.00"
2021-01-11,2021011103014141,NTC,41,40,25,"1,235.00","30,875.00"
2021-01-11,2021011103014059,NTC,49,1,50,"1,234.00","61,700.00"
2021-01-11,2021011103014028,NTC,49,54,100,"1,235.00","123,500.00"
2021-01-11,2021011103014027,NTC,49,45,500,"1,235.00","617,500.00"
2021-01-11,2021011103014269,NTC,43,45,20,"1,235.00","24,700.00"
2021-01-11,2021011103014268,NTC,53,45,10,"1,235.00","12,350.00"
2021-01-11,2021011103014267,NTC,3,45,30,"1,235.00","37,050.00"
2021-01-11,2021011103014233,NTC,38,19,25,"1,235.00","30,875.00"
2021-01-11,2021011103014232,NTC,53,19,200,"1,235.00","247,000.00"
2021-01-11,2021011103014231,NTC,49,19,25,"1,235.00","30,875.00"
2021-01-11,2021011103014198,NUBL,42,22,20,"1,307.00","26,140.00"
2021-01-11,2021011103014197,NUBL,42,29,30,"1,306.00","39,180.00"
2021-01-11,2021011103014134,NUBL,36,59,100,"1,305.00","130,500.00"
2021-01-11,2021011103014335,PFL,32,41,"1,000",189.00,"189,000.00"
2021-01-11,2021011103014161,PFL,14,41,"1,000",189.00,"189,000.00"
2021-01-11,2021011103014207,PLIC,57,45,12,781.00,"9,372.00"
2021-01-11,2021011103014206,PLIC,57,43,20,780.00,"15,600.00"
2021-01-11,2021011103014205,PLIC,57,50,68,780.00,"53,040.00"
2021-01-11,2021011103014187,PLIC,6,40,200,777.00,"155,400.00"
2021-01-11,2021011103014088,PLIC,49,13,200,780.00,"156,000.00"
2021-01-11,2021011103014087,PLIC,49,57,43,780.00,"33,540.00"
2021-01-11,2021011103014086,PLIC,49,8,50,780.00,"39,000.00"
2021-01-11,2021011103014451,RLFL,6,47,75,179.00,"13,425.00"
2021-01-11,2021011103014450,RLFL,52,47,425,179.00,"76,075.00"
2021-01-11,2021011103014381,RLFL,57,37,500,180.00,"90,000.00"
2021-01-11,2021011103014001,RLFL,52,42,10,179.00,"1,790.00"
2021-01-11,2021011103014479,RLI,41,48,10,623.00,"6,230.00"
2021-01-11,2021011103014478,RLI,41,3,10,623.00,"6,230.00"
2021-01-11,2021011103014465,RLI,41,34,10,623.00,"6,230.00"
2021-01-11,2021011103014464,RLI,41,22,10,623.00,"6,230.00"
2021-01-11,2021011103014460,RLI,41,38,10,623.00,"6,230.00"
2021-01-11,2021011103014459,RLI,41,52,10,623.00,"6,230.00"
2021-01-11,2021011103014007,RLI,41,22,120,622.00,"74,640.00"
2021-01-11,2021011103014000,RLI,41,22,100,622.00,"62,200.00"
2021-01-11,2021011103013989,RLI,17,26,10,621.00,"6,210.00"
2021-01-11,2021011103014045,RLI,41,35,10,622.00,"6,220.00"
2021-01-11,2021011103014013,RLI,41,3,10,622.00,"6,220.00"
2021-01-11,2021011103014011,RLI,41,45,10,622.00,"6,220.00"
2021-01-11,2021011103014010,RLI,41,38,10,622.00,"6,220.00"
2021-01-11,2021011103014009,RLI,41,55,10,622.00,"6,220.00"
2021-01-11,2021011103014008,RLI,41,42,10,622.00,"6,220.00"
2021-01-11,2021011103014112,RLI,41,3,10,622.00,"6,220.00"
2021-01-11,2021011103014105,RLI,41,46,10,622.00,"6,220.00"
2021-01-11,2021011103014072,RLI,16,26,100,623.00,"62,300.00"
2021-01-11,2021011103014068,RLI,41,21,10,622.00,"6,220.00"
2021-01-11,2021011103014062,RLI,41,48,10,622.00,"6,220.00"
2021-01-11,2021011103014052,RLI,41,38,10,622.00,"6,220.00"
2021-01-11,2021011103014170,RLI,41,56,10,622.00,"6,220.00"
2021-01-11,2021011103014143,RLI,49,20,50,623.00,"31,150.00"
2021-01-11,2021011103014140,RLI,41,46,10,622.00,"6,220.00"
2021-01-11,2021011103014139,RLI,41,42,10,622.00,"6,220.00"
2021-01-11,2021011103014121,RLI,35,20,20,623.00,"12,460.00"
2021-01-11,2021011103014120,RLI,35,26,80,623.00,"49,840.00"
2021-01-11,2021011103014301,RLI,41,46,10,623.00,"6,230.00"
2021-01-11,2021011103014278,RLI,41,20,30,623.00,"18,690.00"
2021-01-11,2021011103014260,RLI,41,49,10,622.00,"6,220.00"
2021-01-11,2021011103014214,RLI,41,48,10,622.00,"6,220.00"
2021-01-11,2021011103014210,RLI,41,3,10,622.00,"6,220.00"
2021-01-11,2021011103014181,RLI,41,32,10,622.00,"6,220.00"
2021-01-11,2021011103014444,RLI,41,42,10,623.00,"6,230.00"
2021-01-11,2021011103014386,RLI,41,45,10,623.00,"6,230.00"
2021-01-11,2021011103014385,RLI,41,42,10,623.00,"6,230.00"
2021-01-11,2021011103014350,RLI,41,42,10,623.00,"6,230.00"
2021-01-11,2021011103014348,RLI,41,38,10,623.00,"6,230.00"
2021-01-11,2021011103014337,RLI,41,42,10,623.00,"6,230.00"
2021-01-11,2021011103014467,RMDC,46,40,12,"1,165.00","13,980.00"
2021-01-11,2021011103014466,RMDC,46,41,57,"1,155.00","65,835.00"
2021-01-11,2021011103014400,RMDC,38,10,100,"1,150.00","115,000.00"
2021-01-11,2021011103014195,RMDC,4,56,100,"1,151.00","115,100.00"
2021-01-11,2021011103014194,RMDC,35,56,300,"1,151.00","345,300.00"
2021-01-11,2021011103014193,RMDC,43,56,20,"1,152.00","23,040.00"
2021-01-11,2021011103014192,RMDC,53,56,50,"1,152.00","57,600.00"
2021-01-11,2021011103014191,RMDC,7,56,100,"1,152.00","115,200.00"
2021-01-11,2021011103014190,RMDC,39,56,70,"1,155.00","80,850.00"
2021-01-11,2021011103014189,RMDC,28,56,10,"1,159.00","11,590.00"
2021-01-11,2021011103014188,RMDC,14,56,39,"1,159.00","45,201.00"
2021-01-11,2021011103014453,RSDC,44,51,52,631.00,"32,812.00"
2021-01-11,2021011103014440,RSDC,34,22,67,630.00,"42,210.00"
2021-01-11,2021011103014439,RSDC,34,19,35,630.00,"22,050.00"
2021-01-11,2021011103014438,RSDC,34,25,75,630.00,"47,250.00"
2021-01-11,2021011103014437,RSDC,34,42,10,630.00,"6,300.00"
2021-01-11,2021011103014436,RSDC,34,7,942,630.00,"593,460.00"
2021-01-11,2021011103014331,RSDC,21,7,10,630.00,"6,300.00"
2021-01-11,2021011103014104,RSDC,35,7,20,630.00,"12,600.00"
2021-01-11,2021011103014409,SADBL,42,57,13,195.00,"2,535.00"
2021-01-11,2021011103014408,SADBL,1,57,924,195.00,"180,180.00"
2021-01-11,2021011103013985,SADBL,1,29,892,195.00,"173,940.00"
2021-01-11,2021011103014443,SAEF,21,3,"1,000",11.70,"11,700.00"
2021-01-11,2021011103014474,SAPDBL,3,37,500,157.00,"78,500.00"
2021-01-11,2021011103014382,SAPDBL,3,43,326,157.00,"51,182.00"
2021-01-11,2021011103014369,SAPDBL,3,55,239,157.00,"37,523.00"
2021-01-11,2021011103014307,SAPDBL,3,41,778,157.00,"122,146.00"
2021-01-11,2021011103014306,SAPDBL,3,41,122,157.00,"19,154.00"
2021-01-11,2021011103014235,SAPDBL,4,32,30,158.00,"4,740.00"
2021-01-11,2021011103014137,SDLBSL,19,29,155,"1,096.00","169,880.00"
2021-01-11,2021011103014136,SDLBSL,11,29,80,"1,098.00","87,840.00"
2021-01-11,2021011103014117,SDLBSL,10,29,60,"1,099.00","65,940.00"
2021-01-11,2021011103014406,SEF,17,14,"9,000",10.65,"95,850.00"
2021-01-11,2021011103014476,SFCL,7,6,10,134.00,"1,340.00"
2021-01-11,2021011103014050,SFCL,42,6,900,134.00,"120,600.00"
2021-01-11,2021011103013998,SFCL,42,11,100,134.00,"13,400.00"
2021-01-11,2021011103014390,SHINE,25,13,200,249.00,"49,800.00"
2021-01-11,2021011103014389,SHINE,25,49,51,249.00,"12,699.00"
2021-01-11,2021011103014388,SHINE,25,5,200,249.00,"49,800.00"
2021-01-11,2021011103014387,SHINE,25,13,252,249.00,"62,748.00"
2021-01-11,2021011103014147,SHINE,53,29,782,248.00,"193,936.00"
2021-01-11,2021011103014146,SHINE,33,29,218,248.00,"54,064.00"
2021-01-11,2021011103014057,SHINE,41,13,29,249.00,"7,221.00"
2021-01-11,2021011103014056,SHINE,41,22,121,249.00,"30,129.00"
2021-01-11,2021011103014410,SINDU,16,36,"2,000",157.00,"314,000.00"
2021-01-11,2021011103014449,SKBBL,47,14,26,"1,464.00","38,064.00"
2021-01-11,2021011103014448,SKBBL,51,14,10,"1,464.00","14,640.00"
2021-01-11,2021011103014228,SKBBL,43,22,20,"1,472.00","29,440.00"
2021-01-11,2021011103014227,SKBBL,43,35,10,"1,472.00","14,720.00"
2021-01-11,2021011103014042,SKBBL,45,50,20,"1,470.00","29,400.00"
2021-01-11,2021011103014041,SKBBL,45,1,17,"1,470.00","24,990.00"
2021-01-11,2021011103014040,SKBBL,45,33,105,"1,470.00","154,350.00"
2021-01-11,2021011103014111,SLBS,21,16,18,"1,335.00","24,030.00"
2021-01-11,2021011103014185,SLBSL,45,38,13,"1,000.00","13,000.00"
2021-01-11,2021011103014366,SLICL,47,35,100,718.00,"71,800.00"
2021-01-11,2021011103014365,SLICL,56,35,300,718.00,"215,400.00"
2021-01-11,2021011103014364,SLICL,39,35,100,718.00,"71,800.00"
2021-01-11,2021011103014236,SLICL,56,37,249,719.00,"179,031.00"
2021-01-11,2021011103014183,SLICL,56,35,367,719.00,"263,873.00"
2021-01-11,2021011103014165,SLICL,56,32,378,719.00,"271,782.00"
2021-01-11,2021011103014164,SLICL,56,17,500,719.00,"359,500.00"
2021-01-11,2021011103014163,SLICL,56,50,506,719.00,"363,814.00"
2021-01-11,2021011103014108,SLICL,47,45,33,717.00,"23,661.00"
2021-01-11,2021011103014107,SLICL,41,45,17,717.00,"12,189.00"
2021-01-11,2021011103014073,SLICL,45,50,500,719.00,"359,500.00"
2021-01-11,2021011103014292,SMB,34,3,11,"1,162.00","12,782.00"
2021-01-11,2021011103014148,SMB,34,34,11,"1,162.00","12,782.00"
2021-01-11,2021011103014061,SMFBS,34,57,22,"1,495.00","32,890.00"
2021-01-11,2021011103014060,SMFBS,34,45,28,"1,495.00","41,860.00"
2021-01-11,2021011103014203,SMFDB,53,22,30,"1,030.00","30,900.00"
2021-01-11,2021011103014106,SMFDB,45,22,10,"1,030.00","10,300.00"
2021-01-11,2021011103014432,SNLB,56,56,30,"1,034.00","31,020.00"
2021-01-11,2021011103014367,SNLB,14,56,200,"1,034.00","206,800.00"
2021-01-11,2021011103014309,SNLB,14,56,50,"1,044.00","52,200.00"
2021-01-11,2021011103014095,SWBBL,40,1,10,"1,665.00","16,650.00"
2021-01-11,2021011103014279,TRH,35,58,40,306.00,"12,240.00"
2021-01-11,2021011103014212,TRH,10,38,500,305.00,"152,500.00"
2021-01-11,2021011103014257,UFL,1,54,500,293.00,"146,500.00"
2021-01-11,2021011103014154,USLB,32,38,22,"1,392.00","30,624.00"
2021-01-11,2021011103014275,VLBS,20,44,50,"1,098.00","54,900.00"
2021-01-11,2021011103013927,ALBSL,22,1,100,"1,221.00","122,100.00"
2021-01-11,2021011103013807,ALBSL,45,49,30,"1,229.00","36,870.00"
2021-01-11,2021011103013806,ALBSL,45,25,20,"1,229.00","24,580.00"
2021-01-11,2021011103013887,ALICL,33,16,300,970.00,"291,000.00"
2021-01-11,2021011103013768,ALICL,33,5,500,970.00,"485,000.00"
2021-01-11,2021011103013741,ALICL,19,19,100,971.00,"97,100.00"
2021-01-11,2021011103013740,ALICL,25,19,100,971.00,"97,100.00"
2021-01-11,2021011103013639,ALICL,52,33,75,981.00,"73,575.00"
2021-01-11,2021011103013638,ALICL,52,19,100,981.00,"98,100.00"
2021-01-11,2021011103013637,ALICL,52,38,25,980.00,"24,500.00"
2021-01-11,2021011103013633,ALICL,45,50,500,975.00,"487,500.00"
2021-01-11,2021011103013843,BBC,58,53,10,"2,755.00","27,550.00"
2021-01-11,2021011103013874,BFC,34,34,60,138.00,"8,280.00"
2021-01-11,2021011103013920,CBBL,36,29,240,"1,223.00","293,520.00"
2021-01-11,2021011103013919,CBBL,43,29,50,"1,223.00","61,150.00"
2021-01-11,2021011103013918,CBBL,47,29,20,"1,224.00","24,480.00"
2021-01-11,2021011103013671,CFCL,11,52,100,178.00,"17,800.00"
2021-01-11,2021011103013654,CFCL,33,55,100,178.00,"17,800.00"
2021-01-11,2021011103013940,CIT,22,45,50,"3,460.00","173,000.00"
2021-01-11,2021011103013939,CIT,22,45,10,"3,460.00","34,600.00"
2021-01-11,2021011103013933,CIT,22,45,50,"3,460.00","173,000.00"
2021-01-11,2021011103013869,CIT,52,45,190,"3,460.00","657,400.00"
2021-01-11,2021011103013868,CIT,52,36,10,"3,459.00","34,590.00"
2021-01-11,2021011103013645,CIT,6,49,10,"3,459.00","34,590.00"
2021-01-11,2021011103013597,CIT,47,51,20,"3,453.00","69,060.00"
2021-01-11,2021011103013750,CLBSL,21,50,88,901.00,"79,288.00"
2021-01-11,2021011103013605,CLBSL,21,42,12,901.00,"10,812.00"
2021-01-11,2021011103013938,DDBL,22,19,50,"1,468.00","73,400.00"
2021-01-11,2021011103013888,DDBL,10,13,20,"1,467.00","29,340.00"
2021-01-11,2021011103013832,DDBL,49,33,69,"1,465.00","101,085.00"
2021-01-11,2021011103013831,DDBL,21,33,100,"1,466.00","146,600.00"
2021-01-11,2021011103013830,DDBL,43,33,50,"1,467.00","73,350.00"
2021-01-11,2021011103013547,DDBL,49,35,200,"1,465.00","293,000.00"
2021-01-11,2021011103013508,DDBL,49,19,50,"1,465.00","73,250.00"
2021-01-11,2021011103013487,DDBL,49,39,100,"1,465.00","146,500.00"
2021-01-11,2021011103013486,DDBL,49,45,50,"1,465.00","73,250.00"
2021-01-11,2021011103013485,DDBL,49,57,200,"1,465.00","293,000.00"
2021-01-11,2021011103013765,EDBL,49,28,50,364.00,"18,200.00"
2021-01-11,2021011103013764,EDBL,42,28,40,364.00,"14,560.00"
2021-01-11,2021011103013676,FMDBL,26,14,100,610.00,"61,000.00"
2021-01-11,2021011103013813,FOWAD,35,36,10,"2,280.00","22,800.00"
2021-01-11,2021011103013798,FOWAD,35,36,10,"2,280.00","22,800.00"
2021-01-11,2021011103013797,FOWAD,17,36,25,"2,280.00","57,000.00"
2021-01-11,2021011103013796,FOWAD,11,36,30,"2,280.00","68,400.00"
2021-01-11,2021011103013795,FOWAD,43,36,50,"2,280.00","114,000.00"
2021-01-11,2021011103013794,FOWAD,43,36,50,"2,280.00","114,000.00"
2021-01-11,2021011103013505,FOWAD,37,52,32,"2,282.00","73,024.00"
2021-01-11,2021011103013504,FOWAD,22,52,50,"2,282.00","114,100.00"
2021-01-11,2021011103013503,FOWAD,51,52,31,"2,283.00","70,773.00"
2021-01-11,2021011103013502,FOWAD,42,52,25,"2,283.00","57,075.00"
2021-01-11,2021011103013501,FOWAD,37,52,30,"2,283.00","68,490.00"
2021-01-11,2021011103013500,FOWAD,49,52,10,"2,283.00","22,830.00"
2021-01-11,2021011103013656,FOWAD,47,5,10,"2,282.00","22,820.00"
2021-01-11,2021011103013614,FOWAD,51,5,30,"2,282.00","68,460.00"
2021-01-11,2021011103013613,FOWAD,40,5,10,"2,282.00","22,820.00"
2021-01-11,2021011103013612,FOWAD,50,5,78,"2,282.00","177,996.00"
2021-01-11,2021011103013563,FOWAD,50,33,122,"2,282.00","278,404.00"
2021-01-11,2021011103013562,FOWAD,37,33,68,"2,282.00","155,176.00"
2021-01-11,2021011103013735,FOWAD,17,42,10,"2,284.00","22,840.00"
2021-01-11,2021011103013670,FOWAD,44,22,65,"2,280.00","148,200.00"
2021-01-11,2021011103013669,FOWAD,46,22,19,"2,280.00","43,320.00"
2021-01-11,2021011103013668,FOWAD,44,22,100,"2,281.00","228,100.00"
2021-01-11,2021011103013667,FOWAD,25,22,16,"2,281.00","36,496.00"
2021-01-11,2021011103013666,FOWAD,25,33,19,"2,281.00","43,339.00"
2021-01-11,2021011103013793,FOWAD,1,36,28,"2,280.00","63,840.00"
2021-01-11,2021011103013792,FOWAD,43,36,50,"2,280.00","114,000.00"
2021-01-11,2021011103013791,FOWAD,56,36,10,"2,280.00","22,800.00"
2021-01-11,2021011103013790,FOWAD,59,36,10,"2,280.00","22,800.00"
2021-01-11,2021011103013789,FOWAD,44,36,135,"2,280.00","307,800.00"
2021-01-11,2021011103013769,FOWAD,17,42,10,"2,284.00","22,840.00"
2021-01-11,2021011103013856,GBBL,1,42,300,324.00,"97,200.00"
2021-01-11,2021011103013855,GBBL,55,42,200,324.00,"64,800.00"
2021-01-11,2021011103013498,GBBL,56,29,300,325.00,"97,500.00"
2021-01-11,2021011103013497,GBBL,40,29,200,325.00,"65,000.00"
2021-01-11,2021011103013780,GBLBS,29,38,15,600.00,"9,000.00"
2021-01-11,2021011103013787,GFCL,16,13,"1,000",203.00,"203,000.00"
2021-01-11,2021011103013979,GLBSL,25,3,40,910.00,"36,400.00"
2021-01-11,2021011103013978,GLBSL,42,3,60,910.00,"54,600.00"
2021-01-11,2021011103013977,GLBSL,7,3,200,910.00,"182,000.00"
2021-01-11,2021011103013872,GLBSL,42,17,40,910.00,"36,400.00"
2021-01-11,2021011103013871,GLBSL,1,17,160,910.00,"145,600.00"
2021-01-11,2021011103013910,GLICL,19,22,100,629.00,"62,900.00"
2021-01-11,2021011103013877,GLICL,39,56,72,625.00,"45,000.00"
2021-01-11,2021011103013875,GLICL,16,56,"1,000",624.00,"624,000.00"
2021-01-11,2021011103013854,GLICL,58,56,10,625.00,"6,250.00"
2021-01-11,2021011103013853,GLICL,20,56,88,625.00,"55,000.00"
2021-01-11,2021011103013852,GLICL,45,56,100,625.00,"62,500.00"
2021-01-11,2021011103013845,GLICL,50,56,500,628.00,"314,000.00"
2021-01-11,2021011103013844,GLICL,6,56,860,628.00,"540,080.00"
2021-01-11,2021011103013834,GLICL,6,35,100,628.00,"62,800.00"
2021-01-11,2021011103013767,GLICL,6,25,40,628.00,"25,120.00"
2021-01-11,2021011103013766,GLICL,47,25,65,628.00,"40,820.00"
2021-01-11,2021011103013526,GLICL,47,29,10,628.00,"6,280.00"
2021-01-11,2021011103013851,GLICL,21,56,500,625.00,"312,500.00"
2021-01-11,2021011103013850,GLICL,45,56,50,625.00,"31,250.00"
2021-01-11,2021011103013849,GLICL,32,56,500,625.00,"312,500.00"
2021-01-11,2021011103013848,GLICL,10,56,200,626.00,"125,200.00"
2021-01-11,2021011103013847,GLICL,52,56,50,626.00,"31,300.00"
2021-01-11,2021011103013846,GLICL,14,56,70,626.00,"43,820.00"
2021-01-11,2021011103013596,GMFBS,7,52,10,"1,157.00","11,570.00"
2021-01-11,2021011103013537,GMFBS,7,52,10,"1,157.00","11,570.00"
2021-01-11,2021011103013788,GUFL,39,33,10,231.00,"2,310.00"
2021-01-11,2021011103013593,GUFL,59,49,232,229.00,"53,128.00"
2021-01-11,2021011103013592,GUFL,50,49,20,229.00,"4,580.00"
2021-01-11,2021011103013591,GUFL,17,49,258,229.00,"59,082.00"
2021-01-11,2021011103013569,GUFL,17,57,300,229.00,"68,700.00"
2021-01-11,2021011103013950,HIDCL,49,45,70,267.00,"18,690.00"
2021-01-11,2021011103013949,HIDCL,49,45,30,267.00,"8,010.00"
2021-01-11,2021011103013878,HIDCL,17,16,250,268.00,"67,000.00"
2021-01-11,2021011103013785,HIDCL,45,16,29,268.00,"7,772.00"
2021-01-11,2021011103013784,HIDCL,45,13,63,268.00,"16,884.00"
2021-01-11,2021011103013777,HIDCL,49,13,18,267.00,"4,806.00"
2021-01-11,2021011103013770,HIDCL,49,45,150,267.00,"40,050.00"
2021-01-11,2021011103013745,HIDCL,49,48,302,267.00,"80,634.00"
2021-01-11,2021011103013744,HIDCL,43,48,500,267.00,"133,500.00"
2021-01-11,2021011103013743,HIDCL,49,48,106,267.00,"28,302.00"
2021-01-11,2021011103013595,HIDCL,49,36,30,267.00,"8,010.00"
2021-01-11,2021011103013539,HIDCL,49,26,127,267.00,"33,909.00"
2021-01-11,2021011103013954,ICFC,42,1,17,267.00,"4,539.00"
2021-01-11,2021011103013953,ICFC,45,1,50,267.00,"13,350.00"
2021-01-11,2021011103013952,ICFC,17,1,64,267.00,"17,088.00"
2021-01-11,2021011103013628,ICFC,45,49,20,268.00,"5,360.00"
2021-01-11,2021011103013627,ICFC,17,22,36,267.00,"9,612.00"
2021-01-11,2021011103013882,JBBL,34,42,100,239.00,"23,900.00"
2021-01-11,2021011103013881,JBBL,34,39,500,239.00,"119,500.00"
2021-01-11,2021011103013880,JBBL,34,42,169,239.00,"40,391.00"
2021-01-11,2021011103013822,JBBL,55,41,200,238.00,"47,600.00"
2021-01-11,2021011103013821,JBBL,54,41,65,238.00,"15,470.00"
2021-01-11,2021011103013760,JBBL,44,42,307,239.00,"73,373.00"
2021-01-11,2021011103013536,JBBL,54,52,35,238.00,"8,330.00"
2021-01-11,2021011103013535,JBBL,3,52,322,238.00,"76,636.00"
2021-01-11,2021011103013759,JBBL,44,34,193,239.00,"46,127.00"
2021-01-11,2021011103013746,JBBL,19,34,50,239.00,"11,950.00"
2021-01-11,2021011103013727,JBBL,34,34,500,239.00,"119,500.00"
2021-01-11,2021011103013661,JBBL,48,34,700,239.00,"167,300.00"
2021-01-11,2021011103013660,JBBL,11,34,257,239.00,"61,423.00"
2021-01-11,2021011103013615,JBBL,11,42,500,239.00,"119,500.00"
2021-01-11,2021011103013648,KLBSL,16,45,100,"1,154.00","115,400.00"
2021-01-11,2021011103013951,KMCDB,25,58,70,970.00,"67,900.00"
2021-01-11,2021011103013817,KMCDB,25,58,30,970.00,"29,100.00"
2021-01-11,2021011103013681,KMCDB,25,5,20,968.00,"19,360.00"
2021-01-11,2021011103013590,KMCDB,25,58,60,970.00,"58,200.00"
2021-01-11,2021011103013561,KMCDB,25,49,30,966.00,"28,980.00"
2021-01-11,2021011103013525,KMCDB,25,38,50,966.00,"48,300.00"
2021-01-11,2021011103013510,KMCDB,25,34,50,965.00,"48,250.00"
2021-01-11,2021011103013913,KRBL,32,7,35,140.00,"4,900.00"
2021-01-11,2021011103013912,KRBL,5,7,100,140.00,"14,000.00"
2021-01-11,2021011103013911,KRBL,54,7,113,140.00,"15,820.00"
2021-01-11,2021011103013757,KRBL,54,41,187,140.00,"26,180.00"
2021-01-11,2021011103013756,KRBL,13,41,300,140.00,"42,000.00"
2021-01-11,2021011103013755,KRBL,16,41,"5,000",140.00,"700,000.00"
2021-01-11,2021011103013754,KRBL,52,41,442,141.00,"62,322.00"
2021-01-11,2021011103013531,KRBL,52,16,50,141.00,"7,050.00"
2021-01-11,2021011103013923,KSBBL,13,45,30,239.00,"7,170.00"
2021-01-11,2021011103013922,KSBBL,13,49,70,239.00,"16,730.00"
2021-01-11,2021011103013971,LBBL,33,28,200,227.00,"45,400.00"
2021-01-11,2021011103013917,LBBL,13,56,250,226.00,"56,500.00"
2021-01-11,2021011103013858,LBBL,47,47,114,225.00,"25,650.00"
2021-01-11,2021011103013492,LBBL,33,21,500,227.00,"113,500.00"
2021-01-11,2021011103013758,LBBL,47,5,"2,000",227.00,"454,000.00"
2021-01-11,2021011103013672,MDB,54,17,100,340.00,"34,000.00"
2021-01-11,2021011103013970,MERO,22,47,12,"1,001.00","12,012.00"
2021-01-11,2021011103013941,MERO,49,49,100,"1,007.00","100,700.00"
2021-01-11,2021011103013752,MERO,48,13,346,"1,000.00","346,000.00"
2021-01-11,2021011103013600,MERO,49,13,100,"1,004.00","100,400.00"
2021-01-11,2021011103013604,MERO,44,13,70,"1,000.00","70,000.00"
2021-01-11,2021011103013603,MERO,54,13,100,"1,002.00","100,200.00"
2021-01-11,2021011103013602,MERO,22,13,200,"1,002.00","200,400.00"
2021-01-11,2021011103013601,MERO,49,13,84,"1,003.00","84,252.00"
2021-01-11,2021011103013572,MFIL,54,10,100,334.00,"33,400.00"
2021-01-11,2021011103013706,MLBL,25,44,260,269.00,"69,940.00"
2021-01-11,2021011103013705,MLBL,47,44,740,269.00,"199,060.00"
2021-01-11,2021011103013643,MLBL,47,39,234,269.00,"62,946.00"
2021-01-11,2021011103013496,MLBL,59,22,25,270.00,"6,750.00"
2021-01-11,2021011103013642,MLBL,52,39,500,270.00,"135,000.00"
2021-01-11,2021011103013641,MLBL,59,39,791,270.00,"213,570.00"
2021-01-11,2021011103013696,MMFDB,20,41,257,"1,289.00","331,273.00"
2021-01-11,2021011103013695,MMFDB,20,6,147,"1,289.00","189,483.00"
2021-01-11,2021011103013694,MMFDB,20,55,20,"1,288.00","25,760.00"
2021-01-11,2021011103013967,MNBBL,53,44,85,370.00,"31,450.00"
2021-01-11,2021011103013842,MNBBL,53,41,95,370.00,"35,150.00"
2021-01-11,2021011103013841,MNBBL,53,28,820,370.00,"303,400.00"
2021-01-11,2021011103013753,MNBBL,33,28,180,370.00,"66,600.00"
2021-01-11,2021011103013658,MNBBL,33,51,400,370.00,"148,000.00"
2021-01-11,2021011103013640,MNBBL,33,45,100,370.00,"37,000.00"
2021-01-11,2021011103013599,MNBBL,33,5,500,370.00,"185,000.00"
2021-01-11,2021011103013598,MNBBL,33,49,20,370.00,"7,400.00"
2021-01-11,2021011103013928,MPFL,20,59,500,160.00,"80,000.00"
2021-01-11,2021011103013930,MSLB,53,42,150,"1,660.00","249,000.00"
2021-01-11,2021011103013929,MSLB,11,42,19,"1,670.00","31,730.00"
2021-01-11,2021011103013857,NFS,32,8,578,248.00,"143,344.00"
2021-01-11,2021011103013559,NFS,32,52,"1,422",248.00,"352,656.00"
2021-01-11,2021011103013814,NICGF,35,26,100,10.90,"1,090.00"
2021-01-11,2021011103013862,NLBBL,34,33,200,"1,135.00","227,000.00"
2021-01-11,2021011103013935,NLIC,44,55,40,"2,379.00","95,160.00"
2021-01-11,2021011103013934,NLIC,44,13,60,"2,379.00","142,740.00"
2021-01-11,2021011103013924,NLIC,39,13,50,"2,379.00","118,950.00"
2021-01-11,2021011103013900,NLIC,21,36,245,"2,376.00","582,120.00"
2021-01-11,2021011103013899,NLIC,3,36,500,"2,376.00","1,188,000.00"
2021-01-11,2021011103013898,NLIC,7,36,125,"2,376.00","297,000.00"
2021-01-11,2021011103013609,NLIC,58,38,16,"2,380.00","38,080.00"
2021-01-11,2021011103013589,NLIC,39,14,20,"2,382.00","47,640.00"
2021-01-11,2021011103013534,NLIC,58,33,34,"2,380.00","80,920.00"
2021-01-11,2021011103013533,NLIC,51,33,166,"2,380.00","395,080.00"
2021-01-11,2021011103013523,NLIC,51,6,44,"2,380.00","104,720.00"
2021-01-11,2021011103013522,NLIC,42,6,56,"2,380.00","133,280.00"
2021-01-11,2021011103013687,NLIC,16,51,19,"2,380.00","45,220.00"
2021-01-11,2021011103013686,NLIC,59,51,31,"2,380.00","73,780.00"
2021-01-11,2021011103013685,NLIC,20,51,50,"2,380.00","119,000.00"
2021-01-11,2021011103013649,NLIC,53,14,80,"2,382.00","190,560.00"
2021-01-11,2021011103013634,NLIC,17,33,200,"2,380.00","476,000.00"
2021-01-11,2021011103013610,NLIC,22,38,49,"2,380.00","116,620.00"
2021-01-11,2021011103013897,NLIC,25,36,30,"2,378.00","71,340.00"
2021-01-11,2021011103013896,NLIC,50,36,50,"2,378.00","118,900.00"
2021-01-11,2021011103013870,NLIC,38,13,10,"2,379.00","23,790.00"
2021-01-11,2021011103013815,NLIC,17,50,50,"2,379.00","118,950.00"
2021-01-11,2021011103013749,NLIC,17,44,50,"2,379.00","118,950.00"
2021-01-11,2021011103013698,NLIC,41,36,50,"2,380.00","119,000.00"
2021-01-11,2021011103013865,NLICL,28,35,80,"1,158.00","92,640.00"
2021-01-11,2021011103013587,NLICL,50,35,50,"1,151.00","57,550.00"
2021-01-11,2021011103013585,NLICL,45,33,84,"1,160.00","97,440.00"
2021-01-11,2021011103013584,NLICL,45,20,200,"1,160.00","232,000.00"
2021-01-11,2021011103013583,NLICL,45,53,36,"1,160.00","41,760.00"
2021-01-11,2021011103013582,NLICL,45,19,500,"1,159.00","579,500.00"
2021-01-11,2021011103013575,NLICL,45,49,300,"1,155.00","346,500.00"
2021-01-11,2021011103013574,NLICL,45,41,100,"1,155.00","115,500.00"
2021-01-11,2021011103013573,NLICL,45,52,100,"1,153.00","115,300.00"
2021-01-11,2021011103013512,NLICL,49,52,592,"1,153.00","682,576.00"
2021-01-11,2021011103013511,NLICL,49,19,100,"1,152.00","115,200.00"
2021-01-11,2021011103013581,NLICL,45,34,100,"1,159.00","115,900.00"
2021-01-11,2021011103013580,NLICL,45,50,300,"1,158.00","347,400.00"
2021-01-11,2021011103013579,NLICL,45,57,500,"1,158.00","579,000.00"
2021-01-11,2021011103013578,NLICL,45,38,50,"1,155.00","57,750.00"
2021-01-11,2021011103013577,NLICL,45,49,500,"1,155.00","577,500.00"
2021-01-11,2021011103013576,NLICL,45,41,230,"1,155.00","265,650.00"
2021-01-11,2021011103013495,NMB50,49,13,"1,000",10.75,"10,750.00"
2021-01-11,2021011103013657,NMBMF,26,34,200,"1,030.00","206,000.00"
2021-01-11,2021011103013782,NMFBS,33,22,22,"2,347.00","51,634.00"
2021-01-11,2021011103013781,NMFBS,33,39,20,"2,345.00","46,900.00"
2021-01-11,2021011103013570,NMFBS,6,6,11,"2,321.00","25,531.00"
2021-01-11,2021011103013981,NRIC,25,29,450,"1,541.00","693,450.00"
2021-01-11,2021011103013980,NRIC,25,35,50,"1,541.00","77,050.00"
2021-01-11,2021011103013969,NRIC,32,35,50,"1,541.00","77,050.00"
2021-01-11,2021011103013965,NRIC,29,35,50,"1,541.00","77,050.00"
2021-01-11,2021011103013964,NRIC,16,35,30,"1,541.00","46,230.00"
2021-01-11,2021011103013963,NRIC,40,35,20,"1,541.00","30,820.00"
2021-01-11,2021011103013520,NRIC,16,36,40,"1,545.00","61,800.00"
2021-01-11,2021011103013650,NRIC,26,19,10,"1,546.00","15,460.00"
2021-01-11,2021011103013632,NRIC,45,19,23,"1,546.00","35,558.00"
2021-01-11,2021011103013608,NRIC,45,6,30,"1,546.00","46,380.00"
2021-01-11,2021011103013560,NRIC,45,42,10,"1,546.00","15,460.00"
2021-01-11,2021011103013540,NRIC,45,59,12,"1,546.00","18,552.00"
2021-01-11,2021011103013524,NRIC,28,59,10,"1,546.00","15,460.00"
2021-01-11,2021011103013697,NRIC,45,26,40,"1,544.00","61,760.00"
2021-01-11,2021011103013692,NRIC,40,54,10,"1,545.00","15,450.00"
2021-01-11,2021011103013691,NRIC,55,54,110,"1,545.00","169,950.00"
2021-01-11,2021011103013690,NRIC,50,54,100,"1,545.00","154,500.00"
2021-01-11,2021011103013689,NRIC,5,54,100,"1,545.00","154,500.00"
2021-01-11,2021011103013688,NRIC,16,54,29,"1,545.00","44,805.00"
2021-01-11,2021011103013811,NRIC,22,22,100,"1,544.00","154,400.00"
2021-01-11,2021011103013771,NRIC,35,54,100,"1,545.00","154,500.00"
2021-01-11,2021011103013763,NRIC,22,34,40,"1,544.00","61,760.00"
2021-01-11,2021011103013762,NRIC,45,34,10,"1,544.00","15,440.00"
2021-01-11,2021011103013736,NRIC,45,54,10,"1,545.00","15,450.00"
2021-01-11,2021011103013718,NRIC,48,42,6,"1,545.00","9,270.00"
2021-01-11,2021011103013956,NRIC,57,35,50,"1,544.00","77,200.00"
2021-01-11,2021011103013955,NRIC,57,35,20,"1,544.00","30,880.00"
2021-01-11,2021011103013926,NRIC,57,21,80,"1,544.00","123,520.00"
2021-01-11,2021011103013925,NRIC,22,21,60,"1,544.00","92,640.00"
2021-01-11,2021011103013879,NRIC,25,54,10,"1,545.00","15,450.00"
2021-01-11,2021011103013828,NRIC,56,54,50,"1,545.00","77,250.00"
2021-01-11,2021011103013962,NRIC,38,35,100,"1,542.00","154,200.00"
2021-01-11,2021011103013961,NRIC,28,35,200,"1,542.00","308,400.00"
2021-01-11,2021011103013960,NRIC,22,35,40,"1,542.00","61,680.00"
2021-01-11,2021011103013959,NRIC,34,35,10,"1,543.00","15,430.00"
2021-01-11,2021011103013958,NRIC,13,35,100,"1,543.00","154,300.00"
2021-01-11,2021011103013957,NRIC,32,35,80,"1,543.00","123,440.00"
2021-01-11,2021011103013983,NRN,47,6,250,360.00,"90,000.00"
2021-01-11,2021011103013966,NRN,52,26,10,359.00,"3,590.00"
2021-01-11,2021011103013915,NRN,52,38,10,359.00,"3,590.00"
2021-01-11,2021011103013914,NRN,52,3,10,359.00,"3,590.00"
2021-01-11,2021011103013866,NRN,52,38,10,359.00,"3,590.00"
2021-01-11,2021011103013864,NRN,52,34,10,359.00,"3,590.00"
2021-01-11,2021011103013586,NRN,52,48,10,359.00,"3,590.00"
2021-01-11,2021011103013494,NRN,52,14,10,359.00,"3,590.00"
2021-01-11,2021011103013809,NRN,52,3,10,359.00,"3,590.00"
2021-01-11,2021011103013805,NRN,52,38,10,359.00,"3,590.00"
2021-01-11,2021011103013761,NRN,52,38,10,359.00,"3,590.00"
2021-01-11,2021011103013704,NRN,52,48,10,359.00,"3,590.00"
2021-01-11,2021011103013675,NRN,52,3,10,359.00,"3,590.00"
2021-01-11,2021011103013644,NRN,52,3,10,359.00,"3,590.00"
2021-01-11,2021011103013982,NTC,16,56,160,"1,234.00","197,440.00"
2021-01-11,2021011103013976,NTC,32,56,10,"1,234.00","12,340.00"
2021-01-11,2021011103013973,NTC,10,56,30,"1,234.00","37,020.00"
2021-01-11,2021011103013946,NTC,43,56,50,"1,234.00","61,700.00"
2021-01-11,2021011103013945,NTC,38,56,100,"1,234.00","123,400.00"
2021-01-11,2021011103013944,NTC,17,56,100,"1,234.00","123,400.00"
2021-01-11,2021011103013521,NTC,51,42,10,"1,240.00","12,400.00"
2021-01-11,2021011103013490,NTC,51,29,90,"1,240.00","111,600.00"
2021-01-11,2021011103013678,NTC,34,22,15,"1,239.00","18,585.00"
2021-01-11,2021011103013674,NTC,34,34,35,"1,239.00","43,365.00"
2021-01-11,2021011103013673,NTC,39,34,15,"1,239.00","18,585.00"
2021-01-11,2021011103013625,NTC,1,19,110,"1,240.00","136,400.00"
2021-01-11,2021011103013624,NTC,1,45,10,"1,240.00","12,400.00"
2021-01-11,2021011103013532,NTC,51,45,100,"1,240.00","124,000.00"
2021-01-11,2021011103013712,NTC,53,1,20,"1,238.00","24,760.00"
2021-01-11,2021011103013711,NTC,17,1,100,"1,238.00","123,800.00"
2021-01-11,2021011103013710,NTC,38,1,100,"1,238.00","123,800.00"
2021-01-11,2021011103013703,NTC,34,43,35,"1,239.00","43,365.00"
2021-01-11,2021011103013702,NTC,34,22,65,"1,239.00","80,535.00"
2021-01-11,2021011103013683,NTC,49,22,20,"1,239.00","24,780.00"
2021-01-11,2021011103013723,NTC,40,49,140,"1,236.00","173,040.00"
2021-01-11,2021011103013722,NTC,42,49,10,"1,237.00","12,370.00"
2021-01-11,2021011103013721,NTC,42,49,100,"1,237.00","123,700.00"
2021-01-11,2021011103013720,NTC,57,49,50,"1,237.00","61,850.00"
2021-01-11,2021011103013719,NTC,43,49,50,"1,237.00","61,850.00"
2021-01-11,2021011103013713,NTC,53,45,80,"1,238.00","99,040.00"
2021-01-11,2021011103013751,NTC,42,47,80,"1,238.00","99,040.00"
2021-01-11,2021011103013739,NTC,42,45,120,"1,238.00","148,560.00"
2021-01-11,2021011103013729,NTC,55,45,100,"1,238.00","123,800.00"
2021-01-11,2021011103013726,NTC,50,49,50,"1,236.00","61,800.00"
2021-01-11,2021011103013725,NTC,58,49,50,"1,236.00","61,800.00"
2021-01-11,2021011103013724,NTC,35,49,50,"1,236.00","61,800.00"
2021-01-11,2021011103013803,NTC,53,49,50,"1,236.00","61,800.00"
2021-01-11,2021011103013802,NTC,19,49,110,"1,236.00","135,960.00"
2021-01-11,2021011103013801,NTC,48,49,200,"1,236.00","247,200.00"
2021-01-11,2021011103013800,NTC,14,49,20,"1,236.00","24,720.00"
2021-01-11,2021011103013799,NTC,50,49,30,"1,236.00","37,080.00"
2021-01-11,2021011103013778,NTC,49,47,10,"1,237.00","12,370.00"
2021-01-11,2021011103013863,NTC,34,45,10,"1,236.00","12,360.00"
2021-01-11,2021011103013820,NTC,51,45,48,"1,236.00","59,328.00"
2021-01-11,2021011103013819,NTC,36,45,22,"1,236.00","27,192.00"
2021-01-11,2021011103013818,NTC,38,45,10,"1,237.00","12,370.00"
2021-01-11,2021011103013810,NTC,38,47,10,"1,237.00","12,370.00"
2021-01-11,2021011103013804,NTC,36,49,78,"1,236.00","96,408.00"
2021-01-11,2021011103013892,NTC,57,45,100,"1,235.00","123,500.00"
2021-01-11,2021011103013891,NTC,51,45,300,"1,235.00","370,500.00"
2021-01-11,2021011103013890,NTC,57,45,100,"1,235.00","123,500.00"
2021-01-11,2021011103013889,NTC,57,45,100,"1,235.00","123,500.00"
2021-01-11,2021011103013873,NTC,34,49,100,"1,235.00","123,500.00"
2021-01-11,2021011103013867,NTC,55,33,100,"1,235.00","123,500.00"
2021-01-11,2021011103013903,NTC,46,1,50,"1,235.00","61,750.00"
2021-01-11,2021011103013902,NTC,57,1,100,"1,235.00","123,500.00"
2021-01-11,2021011103013901,NTC,41,1,50,"1,235.00","61,750.00"
2021-01-11,2021011103013895,NTC,41,45,30,"1,235.00","37,050.00"
2021-01-11,2021011103013894,NTC,44,45,100,"1,235.00","123,500.00"
2021-01-11,2021011103013893,NTC,57,45,110,"1,235.00","135,850.00"
2021-01-11,2021011103013942,NTC,34,45,100,"1,236.00","123,600.00"
2021-01-11,2021011103013916,NTC,32,43,100,"1,235.00","123,500.00"
2021-01-11,2021011103013907,NTC,21,43,20,"1,235.00","24,700.00"
2021-01-11,2021011103013906,NTC,51,43,50,"1,235.00","61,750.00"
2021-01-11,2021011103013905,NTC,49,43,80,"1,235.00","98,800.00"
2021-01-11,2021011103013904,NTC,49,1,20,"1,235.00","24,700.00"
2021-01-11,2021011103013701,NUBL,34,22,100,"1,308.00","130,800.00"
2021-01-11,2021011103013677,NUBL,47,22,15,"1,308.00","19,620.00"
2021-01-11,2021011103013626,NUBL,34,19,100,"1,308.00","130,800.00"
2021-01-11,2021011103013546,NUBL,33,26,84,"1,302.00","109,368.00"
2021-01-11,2021011103013545,NUBL,39,26,30,"1,305.00","39,150.00"
2021-01-11,2021011103013544,NUBL,39,26,30,"1,306.00","39,180.00"
2021-01-11,2021011103013543,NUBL,39,26,20,"1,306.00","26,120.00"
2021-01-11,2021011103013542,NUBL,47,26,10,"1,306.00","13,060.00"
2021-01-11,2021011103013541,NUBL,25,26,76,"1,307.00","99,332.00"
2021-01-11,2021011103013948,PFL,29,33,297,189.00,"56,133.00"
2021-01-11,2021011103013947,PFL,29,45,703,189.00,"132,867.00"
2021-01-11,2021011103013733,PFL,38,36,71,188.00,"13,348.00"
2021-01-11,2021011103013538,PLIC,57,49,25,780.00,"19,500.00"
2021-01-11,2021011103013972,PROFL,54,38,30,133.00,"3,990.00"
2021-01-11,2021011103013652,PROFL,19,38,330,133.00,"43,890.00"
2021-01-11,2021011103013651,PROFL,19,7,670,133.00,"89,110.00"
2021-01-11,2021011103013568,PROFL,19,7,"1,330",133.00,"176,890.00"
2021-01-11,2021011103013567,PROFL,19,54,400,133.00,"53,200.00"
2021-01-11,2021011103013566,PROFL,19,22,100,133.00,"13,300.00"
2021-01-11,2021011103013565,PROFL,19,34,120,133.00,"15,960.00"
2021-01-11,2021011103013564,PROFL,19,34,50,133.00,"6,650.00"
2021-01-11,2021011103013623,RLFL,52,37,150,180.00,"27,000.00"
2021-01-11,2021011103013622,RLFL,29,37,"3,000",180.00,"540,000.00"
2021-01-11,2021011103013621,RLFL,38,37,335,180.00,"60,300.00"
2021-01-11,2021011103013507,RLFL,38,41,365,180.00,"65,700.00"
2021-01-11,2021011103013506,RLFL,17,41,635,180.00,"114,300.00"
2021-01-11,2021011103013984,RLI,55,16,10,621.00,"6,210.00"
2021-01-11,2021011103013975,RLI,55,37,20,621.00,"12,420.00"
2021-01-11,2021011103013974,RLI,57,37,30,621.00,"18,630.00"
2021-01-11,2021011103013968,RLI,57,34,10,621.00,"6,210.00"
2021-01-11,2021011103013943,RLI,57,38,10,621.00,"6,210.00"
2021-01-11,2021011103013937,RLI,57,44,10,621.00,"6,210.00"
2021-01-11,2021011103013631,RLI,28,48,10,621.00,"6,210.00"
2021-01-11,2021011103013594,RLI,28,56,10,621.00,"6,210.00"
2021-01-11,2021011103013588,RLI,28,57,10,621.00,"6,210.00"
2021-01-11,2021011103013700,RLI,57,34,10,621.00,"6,210.00"
2021-01-11,2021011103013699,RLI,28,3,10,621.00,"6,210.00"
2021-01-11,2021011103013693,RLI,28,21,10,621.00,"6,210.00"
2021-01-11,2021011103013682,RLI,28,48,10,621.00,"6,210.00"
2021-01-11,2021011103013655,RLI,28,20,10,621.00,"6,210.00"
2021-01-11,2021011103013653,RLI,28,59,10,621.00,"6,210.00"
2021-01-11,2021011103013812,RLI,57,38,10,621.00,"6,210.00"
2021-01-11,2021011103013808,RLI,57,25,10,621.00,"6,210.00"
2021-01-11,2021011103013779,RLI,57,16,10,621.00,"6,210.00"
2021-01-11,2021011103013748,RLI,57,20,10,621.00,"6,210.00"
2021-01-11,2021011103013734,RLI,57,38,10,621.00,"6,210.00"
2021-01-11,2021011103013716,RLI,57,26,10,621.00,"6,210.00"
2021-01-11,2021011103013837,RLI,22,41,10,622.00,"6,220.00"
2021-01-11,2021011103013836,RLI,22,49,10,622.00,"6,220.00"
2021-01-11,2021011103013835,RLI,22,45,110,622.00,"68,420.00"
2021-01-11,2021011103013829,RLI,57,22,10,621.00,"6,210.00"
2021-01-11,2021011103013827,RLI,57,39,10,621.00,"6,210.00"
2021-01-11,2021011103013825,RLI,57,3,10,621.00,"6,210.00"
2021-01-11,2021011103013909,RLI,57,48,10,621.00,"6,210.00"
2021-01-11,2021011103013908,RLI,50,22,10,622.00,"6,220.00"
2021-01-11,2021011103013859,RLI,57,38,10,621.00,"6,210.00"
2021-01-11,2021011103013840,RLI,57,49,10,621.00,"6,210.00"
2021-01-11,2021011103013839,RLI,22,22,270,622.00,"167,940.00"
2021-01-11,2021011103013838,RLI,22,53,100,622.00,"62,200.00"
2021-01-11,2021011103013921,RSDC,42,59,200,629.00,"125,800.00"
2021-01-11,2021011103013738,RSDC,38,7,28,630.00,"17,640.00"
2021-01-11,2021011103013737,RSDC,38,49,22,628.00,"13,816.00"
2021-01-11,2021011103013679,RSDC,42,57,222,630.00,"139,860.00"
2021-01-11,2021011103013620,RSDC,36,51,20,631.00,"12,620.00"
2021-01-11,2021011103013550,RSDC,34,49,19,630.00,"11,970.00"
2021-01-11,2021011103013549,RSDC,34,5,100,630.00,"63,000.00"
2021-01-11,2021011103013548,RSDC,34,26,100,630.00,"63,000.00"
2021-01-11,2021011103013491,RSDC,34,55,100,629.00,"62,900.00"
2021-01-11,2021011103013556,RSDC,34,42,67,630.00,"42,210.00"
2021-01-11,2021011103013555,RSDC,34,45,161,630.00,"101,430.00"
2021-01-11,2021011103013554,RSDC,34,13,20,630.00,"12,600.00"
2021-01-11,2021011103013553,RSDC,34,6,101,630.00,"63,630.00"
2021-01-11,2021011103013552,RSDC,34,39,10,630.00,"6,300.00"
2021-01-11,2021011103013551,RSDC,34,17,50,630.00,"31,500.00"
2021-01-11,2021011103013619,RSDC,36,49,127,631.00,"80,137.00"
2021-01-11,2021011103013618,RSDC,36,10,100,631.00,"63,100.00"
2021-01-11,2021011103013617,RSDC,36,7,53,630.00,"33,390.00"
2021-01-11,2021011103013611,RSDC,34,7,222,630.00,"139,860.00"
2021-01-11,2021011103013558,RSDC,34,57,50,630.00,"31,500.00"
2021-01-11,2021011103013557,RSDC,34,25,100,630.00,"63,000.00"
2021-01-11,2021011103013659,SABSL,46,52,13,"1,110.00","14,430.00"
2021-01-11,2021011103013776,SADBL,41,49,300,196.00,"58,800.00"
2021-01-11,2021011103013775,SADBL,50,49,100,196.00,"19,600.00"
2021-01-11,2021011103013774,SADBL,21,49,100,196.00,"19,600.00"
2021-01-11,2021011103013773,SADBL,21,49,50,196.00,"9,800.00"
2021-01-11,2021011103013772,SADBL,50,49,67,196.00,"13,132.00"
2021-01-11,2021011103013876,SAPDBL,28,41,86,158.00,"13,588.00"
2021-01-11,2021011103013783,SAPDBL,22,41,412,158.00,"65,096.00"
2021-01-11,2021011103013709,SAPDBL,22,48,98,158.00,"15,484.00"
2021-01-11,2021011103013708,SAPDBL,22,7,54,158.00,"8,532.00"
2021-01-11,2021011103013707,SAPDBL,22,35,436,158.00,"68,888.00"
2021-01-11,2021011103013516,SAPDBL,3,34,89,157.00,"13,973.00"
2021-01-11,2021011103013515,SAPDBL,3,45,64,157.00,"10,048.00"
2021-01-11,2021011103013514,SAPDBL,3,25,100,157.00,"15,700.00"
2021-01-11,2021011103013513,SAPDBL,3,49,42,157.00,"6,594.00"
2021-01-11,2021011103013664,SAPDBL,22,35,"1,000",158.00,"158,000.00"
2021-01-11,2021011103013647,SAPDBL,17,35,500,158.00,"79,000.00"
2021-01-11,2021011103013616,SAPDBL,22,35,"1,000",158.00,"158,000.00"
2021-01-11,2021011103013519,SAPDBL,3,20,53,157.00,"8,321.00"
2021-01-11,2021011103013518,SAPDBL,3,43,500,157.00,"78,500.00"
2021-01-11,2021011103013517,SAPDBL,3,58,30,157.00,"4,710.00"
2021-01-11,2021011103013826,SDLBSL,11,49,20,"1,098.00","21,960.00"
2021-01-11,2021011103013786,SDLBSL,10,14,10,"1,097.00","10,970.00"
2021-01-11,2021011103013728,SDLBSL,10,20,10,"1,097.00","10,970.00"
2021-01-11,2021011103013629,SDLBSL,10,29,10,"1,097.00","10,970.00"
2021-01-11,2021011103013571,SEF,47,14,"3,000",10.65,"31,950.00"
2021-01-11,2021011103013824,SFCL,8,18,368,135.00,"49,680.00"
2021-01-11,2021011103013823,SFCL,8,41,88,135.00,"11,880.00"
2021-01-11,2021011103013499,SFCL,8,45,44,134.00,"5,896.00"
2021-01-11,2021011103013860,SHINE,28,13,19,249.00,"4,731.00"
2021-01-11,2021011103013715,SHL,46,47,100,196.00,"19,600.00"
2021-01-11,2021011103013714,SHL,33,47,100,196.00,"19,600.00"
2021-01-11,2021011103013732,SKBBL,45,36,50,"1,468.00","73,400.00"
2021-01-11,2021011103013731,SKBBL,45,47,20,"1,468.00","29,360.00"
2021-01-11,2021011103013730,SKBBL,45,25,30,"1,468.00","44,040.00"
2021-01-11,2021011103013630,SKBBL,17,40,14,"1,465.00","20,510.00"
2021-01-11,2021011103013886,SLBBL,45,17,100,"1,167.00","116,700.00"
2021-01-11,2021011103013885,SLBBL,45,49,50,"1,165.00","58,250.00"
2021-01-11,2021011103013884,SLBBL,45,58,20,"1,164.00","23,280.00"
2021-01-11,2021011103013883,SLBBL,45,6,100,"1,163.00","116,300.00"
2021-01-11,2021011103013663,SLBBL,45,6,38,"1,150.00","43,700.00"
2021-01-11,2021011103013662,SLBBL,32,6,62,"1,151.00","71,362.00"
2021-01-11,2021011103013530,SLBBL,32,29,38,"1,151.00","43,738.00"
2021-01-11,2021011103013529,SLBBL,16,29,100,"1,151.00","115,100.00"
2021-01-11,2021011103013528,SLBBL,53,29,30,"1,152.00","34,560.00"
2021-01-11,2021011103013527,SLBBL,52,29,14,"1,152.00","16,128.00"
2021-01-11,2021011103013936,SLBS,21,34,12,"1,327.00","15,924.00"
2021-01-11,2021011103013747,SLICL,41,44,134,717.00,"96,078.00"
2021-01-11,2021011103013742,SLICL,41,38,30,719.00,"21,570.00"
2021-01-11,2021011103013665,SLICL,41,35,200,719.00,"143,800.00"
2021-01-11,2021011103013833,SMB,34,14,11,"1,162.00","12,782.00"
2021-01-11,2021011103013861,SMFDB,45,22,10,"1,030.00","10,300.00"
2021-01-11,2021011103013717,SMFDB,45,41,10,"1,033.00","10,330.00"
2021-01-11,2021011103013607,SMFDB,41,41,300,"1,026.00","307,800.00"
2021-01-11,2021011103013606,SMFDB,41,45,102,"1,026.00","104,652.00"
2021-01-11,2021011103013636,STC,56,35,40,"6,950.00","278,000.00"
2021-01-11,2021011103013635,STC,56,7,20,"6,948.00","138,960.00"
2021-01-11,2021011103013509,STC,56,7,10,"6,948.00","69,480.00"
2021-01-11,2021011103013488,STC,41,25,20,"6,935.00","138,700.00"
2021-01-11,2021011103013684,SWBBL,47,53,10,"1,678.00","16,780.00"
2021-01-11,2021011103013489,TRH,56,57,50,304.00,"15,200.00"
2021-01-11,2021011103013932,USLB,34,1,18,"1,400.00","25,200.00"
2021-01-11,2021011103013931,USLB,34,35,20,"1,400.00","28,000.00"
2021-01-11,2021011103013816,VLBS,26,32,10,"1,099.00","10,990.00"
2021-01-11,2021011103013680,VLBS,26,32,10,"1,099.00","10,990.00"
2021-01-11,2021011103013646,VLBS,17,40,13,"1,094.00","14,222.00"
2021-01-11,2021011103013493,VLBS,17,40,10,"1,094.00","10,940.00"
2021-01-11,2021011103013306,ALBSL,59,43,100,"1,220.00","122,000.00"
2021-01-11,2021011103013293,ALBSL,49,38,11,"1,226.00","13,486.00"
2021-01-11,2021011103013218,ALBSL,49,8,83,"1,225.00","101,675.00"
2021-01-11,2021011103013154,ALBSL,21,8,17,"1,225.00","20,825.00"
2021-01-11,2021011103013102,ALBSL,21,38,11,"1,225.00","13,475.00"
2021-01-11,2021011103013070,ALBSL,21,14,33,"1,225.00","40,425.00"
2021-01-11,2021011103013069,ALBSL,59,14,28,"1,225.00","34,300.00"
2021-01-11,2021011103013007,ALBSL,59,8,50,"1,225.00","61,250.00"
2021-01-11,2021011103013294,ALICL,4,38,25,981.00,"24,525.00"
2021-01-11,2021011103013275,ALICL,4,58,75,981.00,"73,575.00"
2021-01-11,2021011103013216,ALICL,33,22,300,980.00,"294,000.00"
2021-01-11,2021011103013215,ALICL,33,49,60,980.00,"58,800.00"
2021-01-11,2021011103013214,ALICL,33,45,91,980.00,"89,180.00"
2021-01-11,2021011103013213,ALICL,33,13,30,980.00,"29,400.00"
2021-01-11,2021011103013182,ALICL,33,36,150,975.00,"146,250.00"
2021-01-11,2021011103013181,ALICL,33,57,50,975.00,"48,750.00"
2021-01-11,2021011103013180,ALICL,33,35,900,974.00,"876,600.00"
2021-01-11,2021011103013179,ALICL,33,52,15,974.00,"14,610.00"
2021-01-11,2021011103013188,ALICL,33,55,200,975.00,"195,000.00"
2021-01-11,2021011103013187,ALICL,33,43,20,975.00,"19,500.00"
2021-01-11,2021011103013186,ALICL,33,49,200,975.00,"195,000.00"
2021-01-11,2021011103013185,ALICL,33,10,600,975.00,"585,000.00"
2021-01-11,2021011103013184,ALICL,33,57,101,975.00,"98,475.00"
2021-01-11,2021011103013183,ALICL,33,21,67,975.00,"65,325.00"
2021-01-11,2021011103013194,ALICL,33,56,473,978.00,"462,594.00"
2021-01-11,2021011103013193,ALICL,33,38,500,977.00,"488,500.00"
2021-01-11,2021011103013192,ALICL,33,47,200,977.00,"195,400.00"
2021-01-11,2021011103013191,ALICL,33,28,333,976.00,"325,008.00"
2021-01-11,2021011103013190,ALICL,33,57,50,976.00,"48,800.00"
2021-01-11,2021011103013189,ALICL,33,21,100,976.00,"97,600.00"
2021-01-11,2021011103013200,ALICL,33,57,11,979.00,"10,769.00"
2021-01-11,2021011103013199,ALICL,33,6,121,979.00,"118,459.00"
2021-01-11,2021011103013198,ALICL,33,7,50,979.00,"48,950.00"
2021-01-11,2021011103013197,ALICL,33,48,50,979.00,"48,950.00"
2021-01-11,2021011103013196,ALICL,33,10,"2,000",978.00,"1,956,000.00"
2021-01-11,2021011103013195,ALICL,33,28,624,978.00,"610,272.00"
2021-01-11,2021011103013206,ALICL,33,50,300,980.00,"294,000.00"
2021-01-11,2021011103013205,ALICL,33,38,100,980.00,"98,000.00"
2021-01-11,2021011103013204,ALICL,33,34,217,980.00,"212,660.00"
2021-01-11,2021011103013203,ALICL,33,19,20,979.00,"19,580.00"
2021-01-11,2021011103013202,ALICL,33,48,100,979.00,"97,900.00"
2021-01-11,2021011103013201,ALICL,33,39,50,979.00,"48,950.00"
2021-01-11,2021011103013212,ALICL,33,35,180,980.00,"176,400.00"
2021-01-11,2021011103013211,ALICL,33,38,200,980.00,"196,000.00"
2021-01-11,2021011103013210,ALICL,33,3,30,980.00,"29,400.00"
2021-01-11,2021011103013209,ALICL,33,50,300,980.00,"294,000.00"
2021-01-11,2021011103013208,ALICL,33,46,50,980.00,"49,000.00"
2021-01-11,2021011103013207,ALICL,33,11,20,980.00,"19,600.00"
2021-01-11,2021011103013269,CBBL,44,45,100,"1,225.00","122,500.00"
2021-01-11,2021011103013268,CBBL,57,45,100,"1,225.00","122,500.00"
2021-01-11,2021011103013161,CBBL,43,34,200,"1,228.00","245,600.00"
2021-01-11,2021011103013385,CIT,39,56,25,"3,456.00","86,400.00"
2021-01-11,2021011103013334,CIT,39,52,60,"3,455.00","207,300.00"
2021-01-11,2021011103013333,CIT,39,45,30,"3,455.00","103,650.00"
2021-01-11,2021011103013273,CIT,33,40,20,"3,455.00","69,100.00"
2021-01-11,2021011103013217,CIT,21,40,10,"3,455.00","34,550.00"
2021-01-11,2021011103013110,CIT,38,40,35,"3,455.00","120,925.00"
2021-01-11,2021011103013009,CIT,45,40,10,"3,455.00","34,550.00"
2021-01-11,2021011103013380,CLBSL,21,11,50,901.00,"45,050.00"
2021-01-11,2021011103013151,CLBSL,3,49,100,898.00,"89,800.00"
2021-01-11,2021011103013044,CLBSL,40,49,111,898.00,"99,678.00"
2021-01-11,2021011103013043,CLBSL,49,49,500,898.00,"449,000.00"
2021-01-11,2021011103013484,DDBL,49,17,239,"1,465.00","350,135.00"
2021-01-11,2021011103013483,DDBL,49,7,248,"1,465.00","363,320.00"
2021-01-11,2021011103013482,DDBL,49,32,500,"1,465.00","732,500.00"
2021-01-11,2021011103013481,DDBL,49,48,130,"1,465.00","190,450.00"
2021-01-11,2021011103013480,DDBL,49,16,101,"1,464.00","147,864.00"
2021-01-11,2021011103013135,DDBL,11,39,90,"1,463.00","131,670.00"
