Date,Transact. No.,Symbol,Buyer,Seller,Quantity,Rate,Amount
2020-11-18,2020111804006114,ALICLP,39,44,"178,410",110.00,"19,625,100.00"
2020-11-18,2020111804006133,GIC,33,58,10,531.00,"5,310.00"
2020-11-18,2020111804006121,GIC,25,47,10,532.00,"5,320.00"
2020-11-18,2020111804006120,GIC,25,19,10,532.00,"5,320.00"
2020-11-18,2020111804006119,GIC,25,11,10,532.00,"5,320.00"
2020-11-18,2020111804006077,GIC,46,17,10,532.00,"5,320.00"
2020-11-18,2020111804006074,GIC,25,58,10,531.00,"5,310.00"
2020-11-18,2020111804005712,GIC,33,42,10,529.00,"5,290.00"
2020-11-18,2020111804005703,GIC,6,16,10,530.00,"5,300.00"
2020-11-18,2020111804005695,GIC,6,26,10,530.00,"5,300.00"
2020-11-18,2020111804005694,GIC,6,52,10,530.00,"5,300.00"
2020-11-18,2020111804005670,GIC,39,40,90,533.00,"47,970.00"
2020-11-18,2020111804005651,GIC,6,3,10,530.00,"5,300.00"
2020-11-18,2020111804005776,GIC,25,38,10,532.00,"5,320.00"
2020-11-18,2020111804005775,GIC,25,38,90,532.00,"47,880.00"
2020-11-18,2020111804005774,GIC,25,41,10,531.00,"5,310.00"
2020-11-18,2020111804005764,GIC,11,56,10,530.00,"5,300.00"
2020-11-18,2020111804005763,GIC,11,48,10,530.00,"5,300.00"
2020-11-18,2020111804005752,GIC,11,7,10,530.00,"5,300.00"
2020-11-18,2020111804005812,GIC,25,41,10,532.00,"5,320.00"
2020-11-18,2020111804005805,GIC,25,6,10,532.00,"5,320.00"
2020-11-18,2020111804005801,GIC,25,1,10,532.00,"5,320.00"
2020-11-18,2020111804005792,GIC,25,1,10,532.00,"5,320.00"
2020-11-18,2020111804005786,GIC,25,29,10,532.00,"5,320.00"
2020-11-18,2020111804005777,GIC,25,57,10,532.00,"5,320.00"
2020-11-18,2020111804005846,GIC,11,51,10,530.00,"5,300.00"
2020-11-18,2020111804005836,GIC,11,59,10,530.00,"5,300.00"
2020-11-18,2020111804005827,GIC,25,1,10,532.00,"5,320.00"
2020-11-18,2020111804005824,GIC,25,21,300,532.00,"159,600.00"
2020-11-18,2020111804005822,GIC,25,57,10,532.00,"5,320.00"
2020-11-18,2020111804005820,GIC,25,17,10,532.00,"5,320.00"
2020-11-18,2020111804005916,GIC,11,45,10,530.00,"5,300.00"
2020-11-18,2020111804005895,GIC,11,48,10,530.00,"5,300.00"
2020-11-18,2020111804005889,GIC,11,59,10,530.00,"5,300.00"
2020-11-18,2020111804005881,GIC,11,45,10,530.00,"5,300.00"
2020-11-18,2020111804005879,GIC,11,58,10,530.00,"5,300.00"
2020-11-18,2020111804005866,GIC,11,8,10,530.00,"5,300.00"
2020-11-18,2020111804005942,GIC,11,56,10,530.00,"5,300.00"
2020-11-18,2020111804005938,GIC,11,10,10,530.00,"5,300.00"
2020-11-18,2020111804005931,GIC,11,56,10,530.00,"5,300.00"
2020-11-18,2020111804005926,GIC,11,56,10,530.00,"5,300.00"
2020-11-18,2020111804005920,GIC,11,45,10,530.00,"5,300.00"
2020-11-18,2020111804005919,GIC,11,58,10,530.00,"5,300.00"
2020-11-18,2020111804006010,GIC,53,40,10,530.00,"5,300.00"
2020-11-18,2020111804006008,GIC,6,38,100,530.00,"53,000.00"
2020-11-18,2020111804006007,GIC,26,38,50,530.00,"26,500.00"
2020-11-18,2020111804006006,GIC,11,38,140,530.00,"74,200.00"
2020-11-18,2020111804005952,GIC,11,4,40,530.00,"21,200.00"
2020-11-18,2020111804005949,GIC,11,49,10,530.00,"5,300.00"
2020-11-18,2020111804006051,GIC,53,38,10,530.00,"5,300.00"
2020-11-18,2020111804006043,GIC,53,38,10,530.00,"5,300.00"
2020-11-18,2020111804006034,GIC,53,29,10,530.00,"5,300.00"
2020-11-18,2020111804006031,GIC,53,57,10,530.00,"5,300.00"
2020-11-18,2020111804006029,GIC,53,22,10,530.00,"5,300.00"
2020-11-18,2020111804006017,GIC,53,38,10,530.00,"5,300.00"
2020-11-18,2020111804006073,GIC,25,49,10,531.00,"5,310.00"
2020-11-18,2020111804006070,GIC,25,58,10,531.00,"5,310.00"
2020-11-18,2020111804006057,GIC,38,18,10,530.00,"5,300.00"
2020-11-18,2020111804006054,GIC,53,58,10,530.00,"5,300.00"
2020-11-18,2020111804006053,GIC,53,56,10,530.00,"5,300.00"
2020-11-18,2020111804006052,GIC,53,4,10,530.00,"5,300.00"
2020-11-18,2020111804005778,GIMES1,41,34,500,11.35,"5,675.00"
2020-11-18,2020111804005730,LEMF,57,38,150,10.10,"1,515.00"
2020-11-18,2020111804006063,LUK,6,58,200,9.76,"1,952.00"
2020-11-18,2020111804006013,LUK,6,45,100,9.76,976.00
2020-11-18,2020111804005825,LUK,6,42,"1,200",9.76,"11,712.00"
2020-11-18,2020111804005693,NBF2,17,6,100,9.96,996.00
2020-11-18,2020111804005924,NEF,14,34,"2,414",9.92,"23,946.88"
2020-11-18,2020111804005876,NEF,14,32,"5,483",9.92,"54,391.36"
2020-11-18,2020111804006106,NIBPO,19,54,500,365.00,"182,500.00"
2020-11-18,2020111804006045,NIBPO,10,34,100,363.00,"36,300.00"
2020-11-18,2020111804006044,NIBPO,10,34,100,363.00,"36,300.00"
2020-11-18,2020111804005902,NIBPO,8,54,800,364.00,"291,200.00"
2020-11-18,2020111804005668,NIBPO,19,54,200,365.00,"73,000.00"
2020-11-18,2020111804005928,NIBSF1,51,7,"2,000",10.89,"21,780.00"
2020-11-18,2020111804005918,NIBSF1,17,7,"3,500",10.90,"38,150.00"
2020-11-18,2020111804005673,NIBSF1,6,47,"1,500",10.98,"16,470.00"
2020-11-18,2020111804006016,NICAD8283,6,38,25,"1,150.00","28,750.00"
2020-11-18,2020111804005676,NICGF,33,22,100,10.59,"1,059.00"
2020-11-18,2020111804006072,NMBHF1,14,28,"2,000",10.45,"20,900.00"
2020-11-18,2020111804005906,NMBHF1,14,45,"4,113",10.45,"42,980.85"
2020-11-18,2020111804005905,NMBHF1,38,45,"2,985",10.45,"31,193.25"
2020-11-18,2020111804005644,NMBHF1,38,45,416,10.45,"4,347.20"
2020-11-18,2020111804006111,RBCLPO,58,14,10,"15,450.00","154,500.00"
2020-11-18,2020111804006100,RBCLPO,58,39,53,"15,500.00","821,500.00"
2020-11-18,2020111804006093,RBCLPO,58,28,30,"15,450.00","463,500.00"
2020-11-18,2020111804006089,RBCLPO,58,7,20,"15,450.00","309,000.00"
2020-11-18,2020111804006075,RBCLPO,58,49,10,"15,450.00","154,500.00"
2020-11-18,2020111804006060,RBCLPO,58,33,50,"15,450.00","772,500.00"
2020-11-18,2020111804005742,RBCLPO,58,39,10,"15,250.00","152,500.00"
2020-11-18,2020111804005741,RBCLPO,58,58,25,"15,200.00","380,000.00"
2020-11-18,2020111804005740,RBCLPO,58,7,20,"15,180.00","303,600.00"
2020-11-18,2020111804005739,RBCLPO,58,35,20,"15,150.00","303,000.00"
2020-11-18,2020111804005748,RBCLPO,58,33,205,"15,300.00","3,136,500.00"
2020-11-18,2020111804005747,RBCLPO,58,28,40,"15,300.00","612,000.00"
2020-11-18,2020111804005746,RBCLPO,58,8,10,"15,300.00","153,000.00"
2020-11-18,2020111804005745,RBCLPO,58,4,10,"15,300.00","153,000.00"
2020-11-18,2020111804005744,RBCLPO,58,33,10,"15,270.00","152,700.00"
2020-11-18,2020111804005743,RBCLPO,58,37,10,"15,250.00","152,500.00"
2020-11-18,2020111804006030,RBCLPO,14,59,10,"15,350.00","153,500.00"
2020-11-18,2020111804005819,RBCLPO,38,39,10,"15,400.00","154,000.00"
2020-11-18,2020111804005818,RBCLPO,38,20,30,"15,400.00","462,000.00"
2020-11-18,2020111804005817,RBCLPO,38,33,10,"15,391.00","153,910.00"
2020-11-18,2020111804005785,RBCLPO,38,32,30,"15,321.00","459,630.00"
2020-11-18,2020111804005749,RBCLPO,58,17,10,"15,300.00","153,000.00"
2020-11-18,2020111804006083,SAEF,6,44,500,11.40,"5,700.00"
2020-11-18,2020111804005686,SEF,22,49,"3,167",10.59,"33,538.53"
2020-11-18,2020111804005685,SEF,45,49,"1,833",10.60,"19,429.80"
2020-11-18,2020111804005706,SFMF,41,49,500,11.00,"5,500.00"
2020-11-18,2020111804006142,SGI,57,42,10,558.00,"5,580.00"
2020-11-18,2020111804006141,SGI,17,58,10,557.00,"5,570.00"
2020-11-18,2020111804006140,SGI,17,56,10,557.00,"5,570.00"
2020-11-18,2020111804006139,SGI,17,49,10,557.00,"5,570.00"
2020-11-18,2020111804006138,SGI,6,58,10,559.00,"5,590.00"
2020-11-18,2020111804006137,SGI,6,58,10,558.00,"5,580.00"
2020-11-18,2020111804005643,SGI,34,40,10,557.00,"5,570.00"
2020-11-18,2020111804005650,SGI,34,7,10,557.00,"5,570.00"
2020-11-18,2020111804005649,SGI,34,10,10,557.00,"5,570.00"
2020-11-18,2020111804005648,SGI,34,1,10,557.00,"5,570.00"
2020-11-18,2020111804005647,SGI,34,20,10,557.00,"5,570.00"
2020-11-18,2020111804005646,SGI,34,3,10,557.00,"5,570.00"
2020-11-18,2020111804005645,SGI,52,35,20,558.00,"11,160.00"
2020-11-18,2020111804005657,SGI,34,10,10,557.00,"5,570.00"
2020-11-18,2020111804005656,SGI,34,7,10,557.00,"5,570.00"
2020-11-18,2020111804005655,SGI,34,10,10,557.00,"5,570.00"
2020-11-18,2020111804005654,SGI,34,10,10,557.00,"5,570.00"
2020-11-18,2020111804005653,SGI,34,6,10,557.00,"5,570.00"
2020-11-18,2020111804005652,SGI,34,58,10,557.00,"5,570.00"
2020-11-18,2020111804005663,SGI,34,21,10,557.00,"5,570.00"
2020-11-18,2020111804005662,SGI,34,58,10,557.00,"5,570.00"
2020-11-18,2020111804005661,SGI,57,35,40,558.00,"22,320.00"
2020-11-18,2020111804005660,SGI,34,21,10,557.00,"5,570.00"
2020-11-18,2020111804005659,SGI,34,20,10,557.00,"5,570.00"
2020-11-18,2020111804005658,SGI,34,1,10,557.00,"5,570.00"
2020-11-18,2020111804005671,SGI,34,54,10,557.00,"5,570.00"
2020-11-18,2020111804005669,SGI,34,50,10,557.00,"5,570.00"
2020-11-18,2020111804005667,SGI,34,10,10,557.00,"5,570.00"
2020-11-18,2020111804005666,SGI,34,20,10,557.00,"5,570.00"
2020-11-18,2020111804005665,SGI,34,7,10,557.00,"5,570.00"
2020-11-18,2020111804005664,SGI,34,6,10,557.00,"5,570.00"
2020-11-18,2020111804005679,SGI,34,35,10,558.00,"5,580.00"
2020-11-18,2020111804005678,SGI,34,20,10,557.00,"5,570.00"
2020-11-18,2020111804005677,SGI,34,1,10,557.00,"5,570.00"
2020-11-18,2020111804005675,SGI,34,58,10,557.00,"5,570.00"
2020-11-18,2020111804005674,SGI,34,21,10,557.00,"5,570.00"
2020-11-18,2020111804005672,SGI,34,10,10,557.00,"5,570.00"
2020-11-18,2020111804005687,SGI,34,7,10,557.00,"5,570.00"
2020-11-18,2020111804005684,SGI,34,49,10,557.00,"5,570.00"
2020-11-18,2020111804005683,SGI,34,8,10,558.00,"5,580.00"
2020-11-18,2020111804005682,SGI,34,58,10,558.00,"5,580.00"
2020-11-18,2020111804005681,SGI,34,7,10,558.00,"5,580.00"
2020-11-18,2020111804005680,SGI,34,29,10,558.00,"5,580.00"
2020-11-18,2020111804005696,SGI,34,7,10,557.00,"5,570.00"
2020-11-18,2020111804005692,SGI,34,20,10,557.00,"5,570.00"
2020-11-18,2020111804005691,SGI,34,58,10,557.00,"5,570.00"
2020-11-18,2020111804005690,SGI,34,50,10,557.00,"5,570.00"
2020-11-18,2020111804005689,SGI,34,58,10,557.00,"5,570.00"
2020-11-18,2020111804005688,SGI,34,10,10,557.00,"5,570.00"
2020-11-18,2020111804005702,SGI,11,8,10,558.00,"5,580.00"
2020-11-18,2020111804005701,SGI,11,8,10,558.00,"5,580.00"
2020-11-18,2020111804005700,SGI,11,8,10,558.00,"5,580.00"
2020-11-18,2020111804005699,SGI,11,38,10,558.00,"5,580.00"
2020-11-18,2020111804005698,SGI,11,8,10,558.00,"5,580.00"
2020-11-18,2020111804005697,SGI,11,49,10,558.00,"5,580.00"
2020-11-18,2020111804005710,SGI,11,56,10,558.00,"5,580.00"
2020-11-18,2020111804005709,SGI,11,29,10,558.00,"5,580.00"
2020-11-18,2020111804005708,SGI,11,49,10,558.00,"5,580.00"
2020-11-18,2020111804005707,SGI,11,20,10,558.00,"5,580.00"
2020-11-18,2020111804005705,SGI,11,58,10,558.00,"5,580.00"
2020-11-18,2020111804005704,SGI,11,10,10,558.00,"5,580.00"
2020-11-18,2020111804005717,SGI,11,20,10,558.00,"5,580.00"
2020-11-18,2020111804005716,SGI,11,46,10,558.00,"5,580.00"
2020-11-18,2020111804005715,SGI,11,10,10,558.00,"5,580.00"
2020-11-18,2020111804005714,SGI,11,10,10,558.00,"5,580.00"
2020-11-18,2020111804005713,SGI,11,29,10,558.00,"5,580.00"
2020-11-18,2020111804005711,SGI,11,20,10,558.00,"5,580.00"
2020-11-18,2020111804005723,SGI,50,29,10,557.00,"5,570.00"
2020-11-18,2020111804005722,SGI,50,33,10,557.00,"5,570.00"
2020-11-18,2020111804005721,SGI,50,20,10,557.00,"5,570.00"
2020-11-18,2020111804005720,SGI,50,10,10,557.00,"5,570.00"
2020-11-18,2020111804005719,SGI,11,17,10,558.00,"5,580.00"
2020-11-18,2020111804005718,SGI,11,52,10,558.00,"5,580.00"
2020-11-18,2020111804005729,SGI,50,29,10,557.00,"5,570.00"
2020-11-18,2020111804005728,SGI,50,29,10,557.00,"5,570.00"
2020-11-18,2020111804005727,SGI,50,33,10,557.00,"5,570.00"
2020-11-18,2020111804005726,SGI,50,7,10,557.00,"5,570.00"
2020-11-18,2020111804005725,SGI,50,20,10,557.00,"5,570.00"
2020-11-18,2020111804005724,SGI,50,7,10,557.00,"5,570.00"
2020-11-18,2020111804005736,SGI,50,52,10,557.00,"5,570.00"
2020-11-18,2020111804005735,SGI,50,49,10,557.00,"5,570.00"
2020-11-18,2020111804005734,SGI,50,16,10,557.00,"5,570.00"
2020-11-18,2020111804005733,SGI,50,10,10,557.00,"5,570.00"
2020-11-18,2020111804005732,SGI,50,20,10,557.00,"5,570.00"
2020-11-18,2020111804005731,SGI,50,26,10,557.00,"5,570.00"
2020-11-18,2020111804005754,SGI,50,17,10,557.00,"5,570.00"
2020-11-18,2020111804005753,SGI,50,20,10,557.00,"5,570.00"
2020-11-18,2020111804005751,SGI,50,43,10,557.00,"5,570.00"
2020-11-18,2020111804005750,SGI,50,42,10,557.00,"5,570.00"
2020-11-18,2020111804005738,SGI,50,49,10,557.00,"5,570.00"
2020-11-18,2020111804005737,SGI,50,20,10,557.00,"5,570.00"
2020-11-18,2020111804005760,SGI,50,20,10,557.00,"5,570.00"
2020-11-18,2020111804005759,SGI,50,58,10,557.00,"5,570.00"
2020-11-18,2020111804005758,SGI,50,49,10,557.00,"5,570.00"
2020-11-18,2020111804005757,SGI,50,52,10,557.00,"5,570.00"
2020-11-18,2020111804005756,SGI,50,49,10,557.00,"5,570.00"
2020-11-18,2020111804005755,SGI,50,28,10,557.00,"5,570.00"
2020-11-18,2020111804005768,SGI,47,49,10,557.00,"5,570.00"
2020-11-18,2020111804005767,SGI,47,35,10,557.00,"5,570.00"
2020-11-18,2020111804005766,SGI,47,49,10,557.00,"5,570.00"
2020-11-18,2020111804005765,SGI,47,58,10,557.00,"5,570.00"
2020-11-18,2020111804005762,SGI,47,28,10,557.00,"5,570.00"
2020-11-18,2020111804005761,SGI,50,43,10,557.00,"5,570.00"
2020-11-18,2020111804005779,SGI,56,36,10,557.00,"5,570.00"
2020-11-18,2020111804005773,SGI,47,37,10,557.00,"5,570.00"
2020-11-18,2020111804005772,SGI,47,49,10,557.00,"5,570.00"
2020-11-18,2020111804005771,SGI,47,52,10,557.00,"5,570.00"
2020-11-18,2020111804005770,SGI,47,20,10,557.00,"5,570.00"
2020-11-18,2020111804005769,SGI,47,28,10,557.00,"5,570.00"
2020-11-18,2020111804005787,SGI,56,52,10,557.00,"5,570.00"
2020-11-18,2020111804005784,SGI,56,20,10,557.00,"5,570.00"
2020-11-18,2020111804005783,SGI,56,36,10,557.00,"5,570.00"
2020-11-18,2020111804005782,SGI,56,49,10,557.00,"5,570.00"
2020-11-18,2020111804005781,SGI,56,52,10,557.00,"5,570.00"
2020-11-18,2020111804005780,SGI,56,56,10,557.00,"5,570.00"
2020-11-18,2020111804005794,SGI,56,6,10,557.00,"5,570.00"
2020-11-18,2020111804005793,SGI,56,26,10,557.00,"5,570.00"
2020-11-18,2020111804005791,SGI,56,10,10,557.00,"5,570.00"
2020-11-18,2020111804005790,SGI,56,56,10,557.00,"5,570.00"
2020-11-18,2020111804005789,SGI,56,49,10,557.00,"5,570.00"
2020-11-18,2020111804005788,SGI,56,42,10,557.00,"5,570.00"
2020-11-18,2020111804005800,SGI,51,21,10,558.00,"5,580.00"
2020-11-18,2020111804005799,SGI,51,38,10,558.00,"5,580.00"
2020-11-18,2020111804005798,SGI,51,52,10,558.00,"5,580.00"
2020-11-18,2020111804005797,SGI,51,8,10,558.00,"5,580.00"
2020-11-18,2020111804005796,SGI,51,29,10,558.00,"5,580.00"
2020-11-18,2020111804005795,SGI,56,52,10,557.00,"5,570.00"
2020-11-18,2020111804005808,SGI,56,10,10,557.00,"5,570.00"
2020-11-18,2020111804005807,SGI,56,21,10,557.00,"5,570.00"
2020-11-18,2020111804005806,SGI,56,41,10,557.00,"5,570.00"
2020-11-18,2020111804005804,SGI,56,49,10,557.00,"5,570.00"
2020-11-18,2020111804005803,SGI,56,10,10,557.00,"5,570.00"
2020-11-18,2020111804005802,SGI,56,21,10,557.00,"5,570.00"
2020-11-18,2020111804005815,SGI,36,10,10,558.00,"5,580.00"
2020-11-18,2020111804005814,SGI,36,55,10,558.00,"5,580.00"
2020-11-18,2020111804005813,SGI,36,6,10,558.00,"5,580.00"
2020-11-18,2020111804005811,SGI,36,34,10,558.00,"5,580.00"
2020-11-18,2020111804005810,SGI,36,48,10,558.00,"5,580.00"
2020-11-18,2020111804005809,SGI,36,58,10,558.00,"5,580.00"
2020-11-18,2020111804005829,SGI,36,8,10,558.00,"5,580.00"
2020-11-18,2020111804005828,SGI,36,10,10,558.00,"5,580.00"
2020-11-18,2020111804005826,SGI,36,52,10,558.00,"5,580.00"
2020-11-18,2020111804005823,SGI,36,1,10,558.00,"5,580.00"
2020-11-18,2020111804005821,SGI,36,52,10,558.00,"5,580.00"
2020-11-18,2020111804005816,SGI,36,1,10,558.00,"5,580.00"
2020-11-18,2020111804005835,SGI,36,45,10,558.00,"5,580.00"
2020-11-18,2020111804005834,SGI,36,56,10,558.00,"5,580.00"
2020-11-18,2020111804005833,SGI,36,49,10,558.00,"5,580.00"
2020-11-18,2020111804005832,SGI,36,55,10,558.00,"5,580.00"
2020-11-18,2020111804005831,SGI,36,22,10,558.00,"5,580.00"
2020-11-18,2020111804005830,SGI,36,52,10,558.00,"5,580.00"
2020-11-18,2020111804005842,SGI,36,55,10,558.00,"5,580.00"
2020-11-18,2020111804005841,SGI,36,59,10,558.00,"5,580.00"
2020-11-18,2020111804005840,SGI,36,38,10,558.00,"5,580.00"
2020-11-18,2020111804005839,SGI,36,56,10,558.00,"5,580.00"
2020-11-18,2020111804005838,SGI,36,57,10,558.00,"5,580.00"
2020-11-18,2020111804005837,SGI,36,10,10,558.00,"5,580.00"
2020-11-18,2020111804005849,SGI,45,58,10,559.00,"5,590.00"
2020-11-18,2020111804005848,SGI,36,49,10,558.00,"5,580.00"
2020-11-18,2020111804005847,SGI,36,59,10,558.00,"5,580.00"
2020-11-18,2020111804005845,SGI,36,42,10,558.00,"5,580.00"
2020-11-18,2020111804005844,SGI,36,11,10,558.00,"5,580.00"
2020-11-18,2020111804005843,SGI,36,54,10,558.00,"5,580.00"
2020-11-18,2020111804005855,SGI,45,38,10,559.00,"5,590.00"
2020-11-18,2020111804005854,SGI,45,58,10,559.00,"5,590.00"
2020-11-18,2020111804005853,SGI,45,29,10,559.00,"5,590.00"
2020-11-18,2020111804005852,SGI,45,35,10,559.00,"5,590.00"
2020-11-18,2020111804005851,SGI,45,35,10,559.00,"5,590.00"
2020-11-18,2020111804005850,SGI,45,35,10,559.00,"5,590.00"
2020-11-18,2020111804005861,SGI,36,42,10,558.00,"5,580.00"
2020-11-18,2020111804005860,SGI,45,20,10,559.00,"5,590.00"
2020-11-18,2020111804005859,SGI,45,58,10,559.00,"5,590.00"
2020-11-18,2020111804005858,SGI,45,22,10,559.00,"5,590.00"
2020-11-18,2020111804005857,SGI,45,58,10,559.00,"5,590.00"
2020-11-18,2020111804005856,SGI,45,22,10,559.00,"5,590.00"
2020-11-18,2020111804005868,SGI,47,58,10,559.00,"5,590.00"
2020-11-18,2020111804005867,SGI,40,42,10,558.00,"5,580.00"
2020-11-18,2020111804005865,SGI,40,1,10,558.00,"5,580.00"
2020-11-18,2020111804005864,SGI,40,52,10,558.00,"5,580.00"
2020-11-18,2020111804005863,SGI,40,49,10,558.00,"5,580.00"
2020-11-18,2020111804005862,SGI,40,57,10,558.00,"5,580.00"
2020-11-18,2020111804005874,SGI,50,42,10,558.00,"5,580.00"
2020-11-18,2020111804005873,SGI,50,59,10,558.00,"5,580.00"
2020-11-18,2020111804005872,SGI,50,35,10,558.00,"5,580.00"
2020-11-18,2020111804005871,SGI,50,57,10,558.00,"5,580.00"
2020-11-18,2020111804005870,SGI,50,49,10,558.00,"5,580.00"
2020-11-18,2020111804005869,SGI,50,57,10,558.00,"5,580.00"
2020-11-18,2020111804005883,SGI,56,59,10,557.00,"5,570.00"
2020-11-18,2020111804005882,SGI,56,14,10,557.00,"5,570.00"
2020-11-18,2020111804005880,SGI,56,42,10,557.00,"5,570.00"
2020-11-18,2020111804005878,SGI,56,59,10,557.00,"5,570.00"
2020-11-18,2020111804005877,SGI,50,52,10,558.00,"5,580.00"
2020-11-18,2020111804005875,SGI,50,49,10,558.00,"5,580.00"
2020-11-18,2020111804005890,SGI,56,22,10,557.00,"5,570.00"
2020-11-18,2020111804005888,SGI,56,11,10,557.00,"5,570.00"
2020-11-18,2020111804005887,SGI,56,54,10,557.00,"5,570.00"
2020-11-18,2020111804005886,SGI,56,46,10,557.00,"5,570.00"
2020-11-18,2020111804005885,SGI,56,11,10,557.00,"5,570.00"
2020-11-18,2020111804005884,SGI,56,49,10,557.00,"5,570.00"
2020-11-18,2020111804005897,SGI,56,42,10,557.00,"5,570.00"
2020-11-18,2020111804005896,SGI,56,35,10,557.00,"5,570.00"
2020-11-18,2020111804005894,SGI,56,45,10,557.00,"5,570.00"
2020-11-18,2020111804005893,SGI,47,57,10,558.00,"5,580.00"
2020-11-18,2020111804005892,SGI,56,59,10,557.00,"5,570.00"
2020-11-18,2020111804005891,SGI,56,49,10,557.00,"5,570.00"
2020-11-18,2020111804005904,SGI,56,55,10,557.00,"5,570.00"
2020-11-18,2020111804005903,SGI,56,17,10,557.00,"5,570.00"
2020-11-18,2020111804005901,SGI,56,1,10,557.00,"5,570.00"
2020-11-18,2020111804005900,SGI,56,11,10,557.00,"5,570.00"
2020-11-18,2020111804005899,SGI,56,59,10,557.00,"5,570.00"
2020-11-18,2020111804005898,SGI,56,58,10,557.00,"5,570.00"
2020-11-18,2020111804005912,SGI,33,54,10,558.00,"5,580.00"
2020-11-18,2020111804005911,SGI,33,56,10,558.00,"5,580.00"
2020-11-18,2020111804005910,SGI,33,42,10,558.00,"5,580.00"
2020-11-18,2020111804005909,SGI,33,16,10,558.00,"5,580.00"
2020-11-18,2020111804005908,SGI,33,35,10,558.00,"5,580.00"
2020-11-18,2020111804005907,SGI,33,49,10,558.00,"5,580.00"
2020-11-18,2020111804005922,SGI,33,22,10,558.00,"5,580.00"
2020-11-18,2020111804005921,SGI,33,11,10,558.00,"5,580.00"
2020-11-18,2020111804005917,SGI,33,59,10,558.00,"5,580.00"
2020-11-18,2020111804005915,SGI,33,56,10,558.00,"5,580.00"
2020-11-18,2020111804005914,SGI,33,10,10,558.00,"5,580.00"
2020-11-18,2020111804005913,SGI,33,55,10,558.00,"5,580.00"
2020-11-18,2020111804005932,SGI,33,17,10,558.00,"5,580.00"
2020-11-18,2020111804005930,SGI,33,58,10,558.00,"5,580.00"
2020-11-18,2020111804005929,SGI,33,58,10,558.00,"5,580.00"
2020-11-18,2020111804005927,SGI,33,44,10,558.00,"5,580.00"
2020-11-18,2020111804005925,SGI,33,56,10,558.00,"5,580.00"
2020-11-18,2020111804005923,SGI,33,1,10,558.00,"5,580.00"
2020-11-18,2020111804005939,SGI,45,34,10,559.00,"5,590.00"
2020-11-18,2020111804005937,SGI,45,44,10,559.00,"5,590.00"
2020-11-18,2020111804005936,SGI,45,56,10,559.00,"5,590.00"
2020-11-18,2020111804005935,SGI,45,58,10,559.00,"5,590.00"
2020-11-18,2020111804005934,SGI,45,22,10,559.00,"5,590.00"
2020-11-18,2020111804005933,SGI,45,58,10,559.00,"5,590.00"
2020-11-18,2020111804005946,SGI,45,58,10,559.00,"5,590.00"
2020-11-18,2020111804005945,SGI,45,38,10,559.00,"5,590.00"
2020-11-18,2020111804005944,SGI,45,40,10,559.00,"5,590.00"
2020-11-18,2020111804005943,SGI,45,6,10,559.00,"5,590.00"
2020-11-18,2020111804005941,SGI,45,59,10,559.00,"5,590.00"
2020-11-18,2020111804005940,SGI,45,17,10,559.00,"5,590.00"
2020-11-18,2020111804005954,SGI,26,35,10,560.00,"5,600.00"
2020-11-18,2020111804005953,SGI,45,59,10,559.00,"5,590.00"
2020-11-18,2020111804005951,SGI,45,56,10,559.00,"5,590.00"
2020-11-18,2020111804005950,SGI,45,10,10,559.00,"5,590.00"
2020-11-18,2020111804005948,SGI,45,44,10,559.00,"5,590.00"
2020-11-18,2020111804005947,SGI,45,57,10,559.00,"5,590.00"
2020-11-18,2020111804005960,SGI,26,56,10,560.00,"5,600.00"
2020-11-18,2020111804005959,SGI,26,21,10,560.00,"5,600.00"
2020-11-18,2020111804005958,SGI,26,56,10,560.00,"5,600.00"
2020-11-18,2020111804005957,SGI,26,6,10,560.00,"5,600.00"
2020-11-18,2020111804005956,SGI,26,5,10,560.00,"5,600.00"
2020-11-18,2020111804005955,SGI,26,6,10,560.00,"5,600.00"
2020-11-18,2020111804005966,SGI,26,43,10,560.00,"5,600.00"
2020-11-18,2020111804005965,SGI,26,43,10,560.00,"5,600.00"
2020-11-18,2020111804005964,SGI,26,53,10,560.00,"5,600.00"
2020-11-18,2020111804005963,SGI,26,58,10,560.00,"5,600.00"
2020-11-18,2020111804005962,SGI,26,56,10,560.00,"5,600.00"
2020-11-18,2020111804005961,SGI,26,56,10,560.00,"5,600.00"
2020-11-18,2020111804005972,SGI,26,42,10,560.00,"5,600.00"
2020-11-18,2020111804005971,SGI,26,42,10,560.00,"5,600.00"
2020-11-18,2020111804005970,SGI,26,42,10,560.00,"5,600.00"
2020-11-18,2020111804005969,SGI,26,53,10,560.00,"5,600.00"
2020-11-18,2020111804005968,SGI,26,29,10,560.00,"5,600.00"
2020-11-18,2020111804005967,SGI,26,26,10,560.00,"5,600.00"
2020-11-18,2020111804005978,SGI,26,42,10,560.00,"5,600.00"
2020-11-18,2020111804005977,SGI,26,42,10,560.00,"5,600.00"
2020-11-18,2020111804005976,SGI,26,41,10,560.00,"5,600.00"
2020-11-18,2020111804005975,SGI,26,44,10,560.00,"5,600.00"
2020-11-18,2020111804005974,SGI,26,42,10,560.00,"5,600.00"
2020-11-18,2020111804005973,SGI,26,55,10,560.00,"5,600.00"
2020-11-18,2020111804005984,SGI,26,57,10,560.00,"5,600.00"
2020-11-18,2020111804005983,SGI,26,28,10,560.00,"5,600.00"
2020-11-18,2020111804005982,SGI,26,42,10,560.00,"5,600.00"
2020-11-18,2020111804005981,SGI,26,21,10,560.00,"5,600.00"
2020-11-18,2020111804005980,SGI,26,42,10,560.00,"5,600.00"
2020-11-18,2020111804005979,SGI,26,34,10,560.00,"5,600.00"
2020-11-18,2020111804005990,SGI,26,42,10,560.00,"5,600.00"
2020-11-18,2020111804005989,SGI,26,34,10,560.00,"5,600.00"
2020-11-18,2020111804005988,SGI,26,48,10,560.00,"5,600.00"
2020-11-18,2020111804005987,SGI,26,34,10,560.00,"5,600.00"
2020-11-18,2020111804005986,SGI,26,48,10,560.00,"5,600.00"
2020-11-18,2020111804005985,SGI,26,42,10,560.00,"5,600.00"
2020-11-18,2020111804005996,SGI,1,21,10,560.00,"5,600.00"
2020-11-18,2020111804005995,SGI,1,57,10,560.00,"5,600.00"
2020-11-18,2020111804005994,SGI,1,58,10,560.00,"5,600.00"
2020-11-18,2020111804005993,SGI,1,34,10,560.00,"5,600.00"
2020-11-18,2020111804005992,SGI,45,44,10,559.00,"5,590.00"
2020-11-18,2020111804005991,SGI,45,10,10,559.00,"5,590.00"
2020-11-18,2020111804006002,SGI,26,37,10,561.00,"5,610.00"
2020-11-18,2020111804006001,SGI,26,34,100,561.00,"56,100.00"
2020-11-18,2020111804006000,SGI,26,17,10,560.00,"5,600.00"
2020-11-18,2020111804005999,SGI,26,45,10,560.00,"5,600.00"
2020-11-18,2020111804005998,SGI,45,10,10,559.00,"5,590.00"
2020-11-18,2020111804005997,SGI,1,42,10,560.00,"5,600.00"
2020-11-18,2020111804006012,SGI,33,10,10,558.00,"5,580.00"
2020-11-18,2020111804006011,SGI,33,47,10,558.00,"5,580.00"
2020-11-18,2020111804006009,SGI,33,10,10,558.00,"5,580.00"
2020-11-18,2020111804006005,SGI,33,58,10,558.00,"5,580.00"
2020-11-18,2020111804006004,SGI,26,50,10,561.00,"5,610.00"
2020-11-18,2020111804006003,SGI,26,53,10,561.00,"5,610.00"
2020-11-18,2020111804006021,SGI,7,6,10,559.00,"5,590.00"
2020-11-18,2020111804006020,SGI,33,59,10,558.00,"5,580.00"
2020-11-18,2020111804006019,SGI,33,10,10,558.00,"5,580.00"
2020-11-18,2020111804006018,SGI,33,47,10,558.00,"5,580.00"
2020-11-18,2020111804006015,SGI,33,10,10,558.00,"5,580.00"
2020-11-18,2020111804006014,SGI,33,59,10,558.00,"5,580.00"
2020-11-18,2020111804006027,SGI,33,10,10,558.00,"5,580.00"
2020-11-18,2020111804006026,SGI,33,58,10,558.00,"5,580.00"
2020-11-18,2020111804006025,SGI,33,47,10,558.00,"5,580.00"
2020-11-18,2020111804006024,SGI,33,3,10,558.00,"5,580.00"
2020-11-18,2020111804006023,SGI,33,44,10,558.00,"5,580.00"
2020-11-18,2020111804006022,SGI,7,17,10,560.00,"5,600.00"
2020-11-18,2020111804006037,SGI,42,22,10,560.00,"5,600.00"
2020-11-18,2020111804006036,SGI,42,21,10,559.00,"5,590.00"
2020-11-18,2020111804006035,SGI,42,29,10,559.00,"5,590.00"
2020-11-18,2020111804006033,SGI,33,44,10,558.00,"5,580.00"
2020-11-18,2020111804006032,SGI,33,38,10,558.00,"5,580.00"
2020-11-18,2020111804006028,SGI,33,42,10,558.00,"5,580.00"
2020-11-18,2020111804006046,SGI,33,28,10,558.00,"5,580.00"
2020-11-18,2020111804006042,SGI,42,34,30,561.00,"16,830.00"
2020-11-18,2020111804006041,SGI,42,42,10,561.00,"5,610.00"
2020-11-18,2020111804006040,SGI,42,37,10,560.00,"5,600.00"
2020-11-18,2020111804006039,SGI,42,39,10,560.00,"5,600.00"
2020-11-18,2020111804006038,SGI,42,58,10,560.00,"5,600.00"
2020-11-18,2020111804006056,SGI,33,10,10,558.00,"5,580.00"
2020-11-18,2020111804006055,SGI,33,43,10,558.00,"5,580.00"
2020-11-18,2020111804006050,SGI,33,43,10,558.00,"5,580.00"
2020-11-18,2020111804006049,SGI,33,10,10,558.00,"5,580.00"
2020-11-18,2020111804006048,SGI,33,44,10,558.00,"5,580.00"
2020-11-18,2020111804006047,SGI,33,45,10,558.00,"5,580.00"
2020-11-18,2020111804006065,SGI,33,38,10,558.00,"5,580.00"
2020-11-18,2020111804006064,SGI,33,17,10,558.00,"5,580.00"
2020-11-18,2020111804006062,SGI,33,28,10,558.00,"5,580.00"
2020-11-18,2020111804006061,SGI,33,10,10,558.00,"5,580.00"
2020-11-18,2020111804006059,SGI,33,47,10,558.00,"5,580.00"
2020-11-18,2020111804006058,SGI,33,58,10,558.00,"5,580.00"
2020-11-18,2020111804006076,SGI,38,21,10,558.00,"5,580.00"
2020-11-18,2020111804006071,SGI,38,10,10,558.00,"5,580.00"
2020-11-18,2020111804006069,SGI,33,59,10,558.00,"5,580.00"
2020-11-18,2020111804006068,SGI,33,47,10,558.00,"5,580.00"
2020-11-18,2020111804006067,SGI,33,45,10,558.00,"5,580.00"
2020-11-18,2020111804006066,SGI,33,10,10,558.00,"5,580.00"
2020-11-18,2020111804006084,SGI,38,17,10,558.00,"5,580.00"
2020-11-18,2020111804006082,SGI,38,10,10,558.00,"5,580.00"
2020-11-18,2020111804006081,SGI,38,32,10,558.00,"5,580.00"
2020-11-18,2020111804006080,SGI,38,59,10,558.00,"5,580.00"
2020-11-18,2020111804006079,SGI,38,17,10,558.00,"5,580.00"
2020-11-18,2020111804006078,SGI,38,10,10,558.00,"5,580.00"
2020-11-18,2020111804006091,SGI,38,10,10,558.00,"5,580.00"
2020-11-18,2020111804006090,SGI,38,58,10,558.00,"5,580.00"
2020-11-18,2020111804006088,SGI,38,17,10,558.00,"5,580.00"
2020-11-18,2020111804006087,SGI,38,10,10,558.00,"5,580.00"
2020-11-18,2020111804006086,SGI,38,58,10,558.00,"5,580.00"
2020-11-18,2020111804006085,SGI,38,54,10,558.00,"5,580.00"
2020-11-18,2020111804006098,SGI,38,26,10,558.00,"5,580.00"
2020-11-18,2020111804006097,SGI,38,57,10,558.00,"5,580.00"
2020-11-18,2020111804006096,SGI,38,46,10,558.00,"5,580.00"
2020-11-18,2020111804006095,SGI,38,10,10,558.00,"5,580.00"
2020-11-18,2020111804006094,SGI,38,38,10,558.00,"5,580.00"
2020-11-18,2020111804006092,SGI,38,38,10,558.00,"5,580.00"
2020-11-18,2020111804006105,SGI,51,10,10,558.00,"5,580.00"
2020-11-18,2020111804006104,SGI,38,38,10,558.00,"5,580.00"
2020-11-18,2020111804006103,SGI,38,58,10,558.00,"5,580.00"
2020-11-18,2020111804006102,SGI,38,10,10,558.00,"5,580.00"
2020-11-18,2020111804006101,SGI,38,38,10,558.00,"5,580.00"
2020-11-18,2020111804006099,SGI,38,34,10,558.00,"5,580.00"
2020-11-18,2020111804006113,SGI,56,10,10,557.00,"5,570.00"
2020-11-18,2020111804006112,SGI,56,38,10,557.00,"5,570.00"
2020-11-18,2020111804006110,SGI,56,58,10,557.00,"5,570.00"
2020-11-18,2020111804006109,SGI,6,21,10,559.00,"5,590.00"
2020-11-18,2020111804006108,SGI,56,38,10,557.00,"5,570.00"
2020-11-18,2020111804006107,SGI,56,10,10,557.00,"5,570.00"
2020-11-18,2020111804006123,SGI,17,29,10,557.00,"5,570.00"
2020-11-18,2020111804006122,SGI,17,56,10,557.00,"5,570.00"
2020-11-18,2020111804006118,SGI,56,19,10,557.00,"5,570.00"
2020-11-18,2020111804006117,SGI,56,38,10,557.00,"5,570.00"
2020-11-18,2020111804006116,SGI,56,56,10,557.00,"5,570.00"
2020-11-18,2020111804006115,SGI,56,58,10,557.00,"5,570.00"
2020-11-18,2020111804006129,SGI,17,38,10,557.00,"5,570.00"
2020-11-18,2020111804006128,SGI,17,22,10,557.00,"5,570.00"
2020-11-18,2020111804006127,SGI,17,10,10,557.00,"5,570.00"
2020-11-18,2020111804006126,SGI,50,21,10,558.00,"5,580.00"
2020-11-18,2020111804006125,SGI,17,58,10,557.00,"5,570.00"
2020-11-18,2020111804006124,SGI,17,38,10,557.00,"5,570.00"
2020-11-18,2020111804006136,SGI,6,56,10,558.00,"5,580.00"
2020-11-18,2020111804006135,SGI,17,10,10,557.00,"5,570.00"
2020-11-18,2020111804006134,SGI,17,56,10,557.00,"5,570.00"
2020-11-18,2020111804006132,SGI,17,43,10,557.00,"5,570.00"
2020-11-18,2020111804006131,SGI,17,56,10,557.00,"5,570.00"
2020-11-18,2020111804006130,SGI,17,49,10,557.00,"5,570.00"
2020-11-18,2020111804005630,GIC,6,16,10,530.00,"5,300.00"
2020-11-18,2020111804005626,GIC,33,56,10,529.00,"5,290.00"
2020-11-18,2020111804005595,GIC,33,38,10,529.00,"5,290.00"
2020-11-18,2020111804005593,GIC,33,47,10,529.00,"5,290.00"
2020-11-18,2020111804005581,GIC,33,39,10,529.00,"5,290.00"
2020-11-18,2020111804005578,GIC,33,38,10,529.00,"5,290.00"
2020-11-18,2020111804005155,GIC,48,28,100,527.00,"52,700.00"
2020-11-18,2020111804005154,GIC,41,28,60,527.00,"31,620.00"
2020-11-18,2020111804005153,GIC,25,28,20,527.00,"10,540.00"
2020-11-18,2020111804005152,GIC,41,44,10,527.00,"5,270.00"
2020-11-18,2020111804005149,GIC,25,58,10,528.00,"5,280.00"
2020-11-18,2020111804005147,GIC,41,34,10,527.00,"5,270.00"
2020-11-18,2020111804005161,GIC,5,28,30,526.00,"15,780.00"
2020-11-18,2020111804005160,GIC,21,28,100,526.00,"52,600.00"
2020-11-18,2020111804005159,GIC,35,28,95,526.00,"49,970.00"
2020-11-18,2020111804005158,GIC,41,28,20,526.00,"10,520.00"
2020-11-18,2020111804005157,GIC,52,28,200,527.00,"105,400.00"
2020-11-18,2020111804005156,GIC,48,28,140,527.00,"73,780.00"
2020-11-18,2020111804005206,GIC,34,20,10,527.00,"5,270.00"
2020-11-18,2020111804005201,GIC,34,32,10,527.00,"5,270.00"
2020-11-18,2020111804005192,GIC,49,20,10,526.00,"5,260.00"
2020-11-18,2020111804005164,GIC,49,28,115,526.00,"60,490.00"
2020-11-18,2020111804005163,GIC,14,28,30,526.00,"15,780.00"
2020-11-18,2020111804005162,GIC,35,28,100,526.00,"52,600.00"
2020-11-18,2020111804005306,GIC,34,39,10,527.00,"5,270.00"
2020-11-18,2020111804005287,GIC,34,49,10,527.00,"5,270.00"
2020-11-18,2020111804005238,GIC,34,54,10,527.00,"5,270.00"
2020-11-18,2020111804005237,GIC,34,41,10,527.00,"5,270.00"
2020-11-18,2020111804005236,GIC,34,26,10,527.00,"5,270.00"
2020-11-18,2020111804005210,GIC,34,51,10,527.00,"5,270.00"
2020-11-18,2020111804005330,GIC,11,44,10,529.00,"5,290.00"
2020-11-18,2020111804005323,GIC,11,44,10,529.00,"5,290.00"
2020-11-18,2020111804005322,GIC,11,39,10,528.00,"5,280.00"
2020-11-18,2020111804005321,GIC,11,38,10,528.00,"5,280.00"
2020-11-18,2020111804005319,GIC,11,44,10,528.00,"5,280.00"
2020-11-18,2020111804005318,GIC,11,45,10,528.00,"5,280.00"
2020-11-18,2020111804005337,GIC,11,8,10,530.00,"5,300.00"
2020-11-18,2020111804005336,GIC,11,25,10,530.00,"5,300.00"
2020-11-18,2020111804005335,GIC,11,7,10,530.00,"5,300.00"
2020-11-18,2020111804005334,GIC,11,6,10,530.00,"5,300.00"
2020-11-18,2020111804005333,GIC,11,13,10,529.00,"5,290.00"
2020-11-18,2020111804005332,GIC,11,57,10,529.00,"5,290.00"
2020-11-18,2020111804005343,GIC,11,39,10,530.00,"5,300.00"
2020-11-18,2020111804005342,GIC,11,58,10,530.00,"5,300.00"
2020-11-18,2020111804005341,GIC,11,59,10,530.00,"5,300.00"
2020-11-18,2020111804005340,GIC,11,49,10,530.00,"5,300.00"
2020-11-18,2020111804005339,GIC,11,6,10,530.00,"5,300.00"
2020-11-18,2020111804005338,GIC,11,6,10,530.00,"5,300.00"
2020-11-18,2020111804005349,GIC,11,50,10,531.00,"5,310.00"
2020-11-18,2020111804005348,GIC,11,22,10,531.00,"5,310.00"
2020-11-18,2020111804005347,GIC,11,58,10,531.00,"5,310.00"
2020-11-18,2020111804005346,GIC,11,21,10,531.00,"5,310.00"
2020-11-18,2020111804005345,GIC,11,43,10,530.00,"5,300.00"
2020-11-18,2020111804005344,GIC,11,32,10,530.00,"5,300.00"
2020-11-18,2020111804005374,GIC,33,49,10,533.00,"5,330.00"
2020-11-18,2020111804005373,GIC,33,48,10,532.00,"5,320.00"
2020-11-18,2020111804005372,GIC,33,25,910,532.00,"484,120.00"
2020-11-18,2020111804005371,GIC,33,59,10,532.00,"5,320.00"
2020-11-18,2020111804005363,GIC,11,38,10,529.00,"5,290.00"
2020-11-18,2020111804005356,GIC,11,38,10,529.00,"5,290.00"
2020-11-18,2020111804005380,GIC,33,25,10,533.00,"5,330.00"
2020-11-18,2020111804005379,GIC,33,34,10,533.00,"5,330.00"
2020-11-18,2020111804005378,GIC,33,6,10,533.00,"5,330.00"
2020-11-18,2020111804005377,GIC,33,58,10,533.00,"5,330.00"
2020-11-18,2020111804005376,GIC,33,58,10,533.00,"5,330.00"
2020-11-18,2020111804005375,GIC,33,58,10,533.00,"5,330.00"
2020-11-18,2020111804005388,GIC,36,34,50,534.00,"26,700.00"
2020-11-18,2020111804005387,GIC,36,6,10,534.00,"5,340.00"
2020-11-18,2020111804005386,GIC,36,3,10,534.00,"5,340.00"
2020-11-18,2020111804005385,GIC,36,19,10,534.00,"5,340.00"
2020-11-18,2020111804005384,GIC,36,21,10,534.00,"5,340.00"
2020-11-18,2020111804005383,GIC,36,56,10,534.00,"5,340.00"
2020-11-18,2020111804005471,GIC,11,32,10,528.00,"5,280.00"
2020-11-18,2020111804005462,GIC,33,14,10,530.00,"5,300.00"
2020-11-18,2020111804005460,GIC,11,38,410,529.00,"216,890.00"
2020-11-18,2020111804005431,GIC,11,26,10,529.00,"5,290.00"
2020-11-18,2020111804005424,GIC,11,49,10,529.00,"5,290.00"
2020-11-18,2020111804005397,GIC,11,34,10,529.00,"5,290.00"
2020-11-18,2020111804005505,GIC,11,39,10,528.00,"5,280.00"
2020-11-18,2020111804005498,GIC,11,39,10,528.00,"5,280.00"
2020-11-18,2020111804005493,GIC,33,48,50,530.00,"26,500.00"
2020-11-18,2020111804005483,GIC,11,28,10,528.00,"5,280.00"
2020-11-18,2020111804005480,GIC,11,39,10,528.00,"5,280.00"
2020-11-18,2020111804005477,GIC,11,32,10,528.00,"5,280.00"
2020-11-18,2020111804005559,GIC,33,3,10,529.00,"5,290.00"
2020-11-18,2020111804005557,GIC,33,39,10,529.00,"5,290.00"
2020-11-18,2020111804005549,GIC,11,48,10,528.00,"5,280.00"
2020-11-18,2020111804005546,GIC,11,39,10,528.00,"5,280.00"
2020-11-18,2020111804005535,GIC,11,17,10,528.00,"5,280.00"
2020-11-18,2020111804005521,GIC,11,47,10,528.00,"5,280.00"
2020-11-18,2020111804005576,GIC,33,8,10,529.00,"5,290.00"
2020-11-18,2020111804005573,GIC,33,3,10,529.00,"5,290.00"
2020-11-18,2020111804005572,GIC,33,39,10,529.00,"5,290.00"
2020-11-18,2020111804005570,GIC,33,8,10,529.00,"5,290.00"
2020-11-18,2020111804005563,GIC,33,3,10,529.00,"5,290.00"
2020-11-18,2020111804005562,GIC,33,47,10,529.00,"5,290.00"
2020-11-18,2020111804005314,GIMES1,41,45,"5,000",11.36,"56,800.00"
2020-11-18,2020111804005313,GIMES1,41,45,"5,000",11.36,"56,800.00"
2020-11-18,2020111804005413,LEMF,57,6,"1,300",10.10,"13,130.00"
2020-11-18,2020111804005402,LEMF,57,6,500,10.10,"5,050.00"
2020-11-18,2020111804005396,LEMF,57,6,500,10.10,"5,050.00"
2020-11-18,2020111804005242,LUK,47,39,"1,050",9.77,"10,258.50"
2020-11-18,2020111804005615,NBF2,14,58,"1,000",10.00,"10,000.00"
2020-11-18,2020111804005614,NBF2,14,45,"4,500",10.00,"45,000.00"
2020-11-18,2020111804005442,NBF2,42,45,500,10.00,"5,000.00"
2020-11-18,2020111804005468,NEF,34,22,"1,207",9.91,"11,961.37"
2020-11-18,2020111804005355,NIBLPF,42,28,505,10.30,"5,201.50"
2020-11-18,2020111804005268,NIBLPF,42,50,505,10.25,"5,176.25"
2020-11-18,2020111804005267,NIBLPF,42,29,253,10.25,"2,593.25"
2020-11-18,2020111804005266,NIBLPF,42,40,"2,525",10.24,"25,856.00"
2020-11-18,2020111804005265,NIBLPF,42,17,500,10.11,"5,055.00"
2020-11-18,2020111804005264,NIBLPF,42,40,"1,525",10.11,"15,417.75"
2020-11-18,2020111804005263,NIBLPF,42,39,"1,263",10.10,"12,756.30"
2020-11-18,2020111804005262,NIBLPF,42,39,"2,050",10.10,"20,705.00"
2020-11-18,2020111804005200,NIBPO,28,45,500,364.00,"182,000.00"
2020-11-18,2020111804005199,NIBPO,8,45,"1,005",364.00,"365,820.00"
2020-11-18,2020111804005198,NIBPO,16,45,200,365.00,"73,000.00"
2020-11-18,2020111804005288,NICAD8283,6,39,50,"1,140.00","57,000.00"
2020-11-18,2020111804005552,NICGF,50,22,900,10.60,"9,540.00"
2020-11-18,2020111804005258,NMB50,6,35,"2,000",9.94,"19,880.00"
2020-11-18,2020111804005320,NMBHF1,38,6,"1,148",10.45,"11,996.60"
2020-11-18,2020111804005220,NMBHF1,6,22,"4,161",10.51,"43,732.11"
2020-11-18,2020111804005219,NMBHF1,6,59,832,10.51,"8,744.32"
2020-11-18,2020111804005218,NMBHF1,6,37,"1,577",10.51,"16,574.27"
2020-11-18,2020111804005217,NMBHF1,6,5,"2,496",10.51,"26,232.96"
2020-11-18,2020111804005216,NMBHF1,6,26,934,10.51,"9,816.34"
2020-11-18,2020111804005209,NMBHF1,6,26,"4,066",10.51,"42,733.66"
2020-11-18,2020111804005202,NMBHF1,6,37,"1,577",10.49,"16,542.73"
2020-11-18,2020111804005618,RBCLPO,43,28,10,"15,021.00","150,210.00"
2020-11-18,2020111804005582,RBCLPO,43,7,10,"15,090.00","150,900.00"
2020-11-18,2020111804005543,RBCLPO,18,37,10,"15,100.00","151,000.00"
2020-11-18,2020111804005542,RBCLPO,18,7,10,"15,100.00","151,000.00"
2020-11-18,2020111804005541,RBCLPO,18,1,10,"15,096.00","150,960.00"
2020-11-18,2020111804005513,RBCLPO,45,43,20,"15,090.00","301,800.00"
2020-11-18,2020111804005296,RBCLPO,35,17,50,"14,599.00","729,950.00"
2020-11-18,2020111804005228,RBCLPO,28,49,10,"14,500.00","145,000.00"
2020-11-18,2020111804005227,RBCLPO,28,38,10,"14,500.00","145,000.00"
2020-11-18,2020111804005226,RBCLPO,28,49,10,"14,500.00","145,000.00"
2020-11-18,2020111804005225,RBCLPO,28,18,50,"14,499.00","724,950.00"
2020-11-18,2020111804005222,RBCLPO,28,17,55,"14,498.00","797,390.00"
2020-11-18,2020111804005325,RBCLPO,8,33,50,"14,700.00","735,000.00"
2020-11-18,2020111804005317,RBCLPO,56,28,20,"14,699.00","293,980.00"
2020-11-18,2020111804005316,RBCLPO,56,17,15,"14,698.00","220,470.00"
2020-11-18,2020111804005299,RBCLPO,35,17,35,"14,698.00","514,430.00"
2020-11-18,2020111804005298,RBCLPO,35,18,50,"14,600.00","730,000.00"
2020-11-18,2020111804005297,RBCLPO,35,33,65,"14,600.00","949,000.00"
2020-11-18,2020111804005354,RBCLPO,58,45,80,"14,790.00","1,183,200.00"
2020-11-18,2020111804005353,RBCLPO,58,3,20,"14,785.00","295,700.00"
2020-11-18,2020111804005350,RBCLPO,58,17,50,"14,775.00","738,750.00"
2020-11-18,2020111804005329,RBCLPO,58,33,10,"14,750.00","147,500.00"
2020-11-18,2020111804005328,RBCLPO,58,17,10,"14,725.00","147,250.00"
2020-11-18,2020111804005326,RBCLPO,8,3,30,"14,700.00","441,000.00"
2020-11-18,2020111804005365,RBCLPO,58,33,40,"14,800.00","592,000.00"
2020-11-18,2020111804005364,RBCLPO,58,43,10,"14,800.00","148,000.00"
2020-11-18,2020111804005361,RBCLPO,58,16,10,"14,790.00","147,900.00"
2020-11-18,2020111804005360,RBCLPO,58,3,20,"14,790.00","295,800.00"
2020-11-18,2020111804005359,RBCLPO,58,45,66,"14,790.00","976,140.00"
2020-11-18,2020111804005357,RBCLPO,8,45,50,"14,790.00","739,500.00"
2020-11-18,2020111804005390,RBCLPO,58,35,950,"15,000.00","14,250,000.00"
2020-11-18,2020111804005389,RBCLPO,58,35,50,"15,000.00","750,000.00"
2020-11-18,2020111804005369,RBCLPO,58,35,950,"15,000.00","14,250,000.00"
2020-11-18,2020111804005368,RBCLPO,58,7,50,"14,981.00","749,050.00"
2020-11-18,2020111804005367,RBCLPO,58,28,20,"14,800.00","296,000.00"
2020-11-18,2020111804005366,RBCLPO,58,33,10,"14,800.00","148,000.00"
2020-11-18,2020111804005427,RBCLPO,58,35,65,"15,000.00","975,000.00"
2020-11-18,2020111804005412,RBCLPO,58,35,935,"15,000.00","14,025,000.00"
2020-11-18,2020111804005411,RBCLPO,58,18,15,"15,000.00","225,000.00"
2020-11-18,2020111804005410,RBCLPO,58,35,50,"15,000.00","750,000.00"
2020-11-18,2020111804005395,RBCLPO,58,35,950,"15,000.00","14,250,000.00"
2020-11-18,2020111804005394,RBCLPO,58,35,50,"15,000.00","750,000.00"
2020-11-18,2020111804005494,RBCLPO,58,39,10,"15,000.00","150,000.00"
2020-11-18,2020111804005484,RBCLPO,58,59,10,"15,000.00","150,000.00"
2020-11-18,2020111804005474,RBCLPO,58,26,20,"15,000.00","300,000.00"
2020-11-18,2020111804005473,RBCLPO,33,26,30,"15,000.00","450,000.00"
2020-11-18,2020111804005451,RBCLPO,28,43,10,"15,090.00","150,900.00"
2020-11-18,2020111804005450,RBCLPO,28,33,20,"15,000.00","300,000.00"
2020-11-18,2020111804005613,SAEF,6,22,"1,000",11.40,"11,400.00"
2020-11-18,2020111804005309,SAEF,6,45,"3,000",11.50,"34,500.00"
2020-11-18,2020111804005307,SAEF,6,45,"2,700",11.50,"31,050.00"
2020-11-18,2020111804005294,SAEF,1,45,"1,500",11.50,"17,250.00"
2020-11-18,2020111804005293,SAEF,6,45,"5,000",11.50,"57,500.00"
2020-11-18,2020111804005292,SAEF,45,45,"7,800",11.50,"89,700.00"
2020-11-18,2020111804005603,SEF,45,22,"1,000",10.60,"10,600.00"
2020-11-18,2020111804005511,SEF,45,34,200,10.60,"2,120.00"
2020-11-18,2020111804005351,SEF,14,35,"2,800",10.61,"29,708.00"
2020-11-18,2020111804005247,SEF,13,35,"10,000",10.61,"106,100.00"
2020-11-18,2020111804005241,SEF,42,35,"7,200",10.63,"76,536.00"
2020-11-18,2020111804005642,SGI,34,10,10,557.00,"5,570.00"
2020-11-18,2020111804005641,SGI,34,38,10,557.00,"5,570.00"
2020-11-18,2020111804005640,SGI,34,1,10,557.00,"5,570.00"
2020-11-18,2020111804005639,SGI,34,20,10,557.00,"5,570.00"
2020-11-18,2020111804005638,SGI,34,10,10,557.00,"5,570.00"
2020-11-18,2020111804005637,SGI,34,10,10,557.00,"5,570.00"
2020-11-18,2020111804005143,SGI,26,54,10,558.00,"5,580.00"
2020-11-18,2020111804005151,SGI,26,41,10,558.00,"5,580.00"
2020-11-18,2020111804005150,SGI,26,57,10,558.00,"5,580.00"
2020-11-18,2020111804005148,SGI,26,44,10,558.00,"5,580.00"
2020-11-18,2020111804005146,SGI,26,14,10,558.00,"5,580.00"
2020-11-18,2020111804005145,SGI,26,22,10,558.00,"5,580.00"
2020-11-18,2020111804005144,SGI,26,14,10,558.00,"5,580.00"
2020-11-18,2020111804005170,SGI,47,47,10,559.00,"5,590.00"
2020-11-18,2020111804005169,SGI,26,57,10,558.00,"5,580.00"
2020-11-18,2020111804005168,SGI,26,44,10,558.00,"5,580.00"
2020-11-18,2020111804005167,SGI,26,57,10,558.00,"5,580.00"
2020-11-18,2020111804005166,SGI,26,34,10,558.00,"5,580.00"
2020-11-18,2020111804005165,SGI,26,45,10,558.00,"5,580.00"
2020-11-18,2020111804005176,SGI,47,47,10,559.00,"5,590.00"
2020-11-18,2020111804005175,SGI,47,47,10,559.00,"5,590.00"
2020-11-18,2020111804005174,SGI,47,47,10,559.00,"5,590.00"
2020-11-18,2020111804005173,SGI,47,47,10,559.00,"5,590.00"
2020-11-18,2020111804005172,SGI,47,46,10,559.00,"5,590.00"
2020-11-18,2020111804005171,SGI,47,47,10,559.00,"5,590.00"
2020-11-18,2020111804005182,SGI,47,34,10,560.00,"5,600.00"
2020-11-18,2020111804005181,SGI,47,58,10,560.00,"5,600.00"
2020-11-18,2020111804005180,SGI,47,43,10,560.00,"5,600.00"
2020-11-18,2020111804005179,SGI,47,43,10,560.00,"5,600.00"
2020-11-18,2020111804005178,SGI,47,43,10,560.00,"5,600.00"
2020-11-18,2020111804005177,SGI,47,45,10,560.00,"5,600.00"
2020-11-18,2020111804005188,SGI,47,49,10,560.00,"5,600.00"
2020-11-18,2020111804005187,SGI,47,6,10,560.00,"5,600.00"
2020-11-18,2020111804005186,SGI,47,38,10,560.00,"5,600.00"
2020-11-18,2020111804005185,SGI,47,38,10,560.00,"5,600.00"
2020-11-18,2020111804005184,SGI,47,34,100,560.00,"56,000.00"
2020-11-18,2020111804005183,SGI,47,55,10,560.00,"5,600.00"
2020-11-18,2020111804005195,SGI,52,57,10,559.00,"5,590.00"
2020-11-18,2020111804005194,SGI,52,47,10,559.00,"5,590.00"
2020-11-18,2020111804005193,SGI,52,51,10,559.00,"5,590.00"
2020-11-18,2020111804005191,SGI,26,57,10,558.00,"5,580.00"
2020-11-18,2020111804005190,SGI,47,33,10,560.00,"5,600.00"
2020-11-18,2020111804005189,SGI,47,38,10,560.00,"5,600.00"
2020-11-18,2020111804005207,SGI,52,47,10,559.00,"5,590.00"
2020-11-18,2020111804005205,SGI,52,18,10,559.00,"5,590.00"
2020-11-18,2020111804005204,SGI,52,47,10,559.00,"5,590.00"
2020-11-18,2020111804005203,SGI,52,48,10,559.00,"5,590.00"
2020-11-18,2020111804005197,SGI,52,51,10,559.00,"5,590.00"
2020-11-18,2020111804005196,SGI,52,22,10,559.00,"5,590.00"
2020-11-18,2020111804005215,SGI,41,49,10,560.00,"5,600.00"
2020-11-18,2020111804005214,SGI,41,47,10,560.00,"5,600.00"
2020-11-18,2020111804005213,SGI,41,39,10,560.00,"5,600.00"
2020-11-18,2020111804005212,SGI,41,13,10,560.00,"5,600.00"
2020-11-18,2020111804005211,SGI,41,25,10,560.00,"5,600.00"
2020-11-18,2020111804005208,SGI,52,18,10,559.00,"5,590.00"
2020-11-18,2020111804005231,SGI,20,58,10,559.00,"5,590.00"
2020-11-18,2020111804005230,SGI,41,18,10,560.00,"5,600.00"
2020-11-18,2020111804005229,SGI,41,41,10,560.00,"5,600.00"
2020-11-18,2020111804005224,SGI,41,26,10,560.00,"5,600.00"
2020-11-18,2020111804005223,SGI,41,49,10,560.00,"5,600.00"
2020-11-18,2020111804005221,SGI,41,18,10,560.00,"5,600.00"
2020-11-18,2020111804005240,SGI,26,21,10,558.00,"5,580.00"
2020-11-18,2020111804005239,SGI,26,22,10,558.00,"5,580.00"
2020-11-18,2020111804005235,SGI,26,22,10,558.00,"5,580.00"
2020-11-18,2020111804005234,SGI,20,18,10,559.00,"5,590.00"
2020-11-18,2020111804005233,SGI,20,28,10,559.00,"5,590.00"
2020-11-18,2020111804005232,SGI,20,22,10,559.00,"5,590.00"
2020-11-18,2020111804005249,SGI,26,22,10,558.00,"5,580.00"
2020-11-18,2020111804005248,SGI,26,21,10,558.00,"5,580.00"
2020-11-18,2020111804005246,SGI,26,58,10,558.00,"5,580.00"
2020-11-18,2020111804005245,SGI,26,17,10,558.00,"5,580.00"
2020-11-18,2020111804005244,SGI,26,21,10,558.00,"5,580.00"
2020-11-18,2020111804005243,SGI,26,22,10,558.00,"5,580.00"
2020-11-18,2020111804005255,SGI,26,21,10,558.00,"5,580.00"
2020-11-18,2020111804005254,SGI,26,17,10,558.00,"5,580.00"
2020-11-18,2020111804005253,SGI,26,42,10,558.00,"5,580.00"
2020-11-18,2020111804005252,SGI,26,21,10,558.00,"5,580.00"
2020-11-18,2020111804005251,SGI,26,22,10,558.00,"5,580.00"
2020-11-18,2020111804005250,SGI,26,21,10,558.00,"5,580.00"
2020-11-18,2020111804005269,SGI,26,57,10,558.00,"5,580.00"
2020-11-18,2020111804005261,SGI,26,22,10,558.00,"5,580.00"
2020-11-18,2020111804005260,SGI,26,37,10,558.00,"5,580.00"
2020-11-18,2020111804005259,SGI,26,17,10,558.00,"5,580.00"
2020-11-18,2020111804005257,SGI,26,22,10,558.00,"5,580.00"
2020-11-18,2020111804005256,SGI,26,57,10,558.00,"5,580.00"
2020-11-18,2020111804005275,SGI,11,44,10,559.00,"5,590.00"
2020-11-18,2020111804005274,SGI,32,25,10,558.00,"5,580.00"
2020-11-18,2020111804005273,SGI,32,37,10,558.00,"5,580.00"
2020-11-18,2020111804005272,SGI,32,17,10,558.00,"5,580.00"
2020-11-18,2020111804005271,SGI,32,41,10,558.00,"5,580.00"
2020-11-18,2020111804005270,SGI,26,6,10,558.00,"5,580.00"
2020-11-18,2020111804005281,SGI,11,41,10,560.00,"5,600.00"
2020-11-18,2020111804005280,SGI,11,38,10,560.00,"5,600.00"
2020-11-18,2020111804005279,SGI,11,34,10,560.00,"5,600.00"
2020-11-18,2020111804005278,SGI,11,47,10,560.00,"5,600.00"
2020-11-18,2020111804005277,SGI,11,49,10,560.00,"5,600.00"
2020-11-18,2020111804005276,SGI,11,58,10,559.00,"5,590.00"
2020-11-18,2020111804005289,SGI,5,56,10,559.00,"5,590.00"
2020-11-18,2020111804005286,SGI,11,17,10,561.00,"5,610.00"
2020-11-18,2020111804005285,SGI,11,25,10,561.00,"5,610.00"
2020-11-18,2020111804005284,SGI,11,56,10,561.00,"5,610.00"
2020-11-18,2020111804005283,SGI,11,58,10,561.00,"5,610.00"
2020-11-18,2020111804005282,SGI,11,34,100,561.00,"56,100.00"
2020-11-18,2020111804005302,SGI,32,40,10,558.00,"5,580.00"
2020-11-18,2020111804005301,SGI,32,57,10,558.00,"5,580.00"
2020-11-18,2020111804005300,SGI,32,45,10,558.00,"5,580.00"
2020-11-18,2020111804005295,SGI,32,40,10,558.00,"5,580.00"
2020-11-18,2020111804005291,SGI,32,58,10,558.00,"5,580.00"
2020-11-18,2020111804005290,SGI,5,40,10,559.00,"5,590.00"
2020-11-18,2020111804005311,SGI,19,6,10,559.00,"5,590.00"
2020-11-18,2020111804005310,SGI,32,32,10,558.00,"5,580.00"
2020-11-18,2020111804005308,SGI,32,40,10,558.00,"5,580.00"
2020-11-18,2020111804005305,SGI,32,57,10,558.00,"5,580.00"
2020-11-18,2020111804005304,SGI,32,40,10,558.00,"5,580.00"
2020-11-18,2020111804005303,SGI,32,34,10,558.00,"5,580.00"
2020-11-18,2020111804005352,SGI,19,13,10,559.00,"5,590.00"
2020-11-18,2020111804005331,SGI,19,56,10,559.00,"5,590.00"
2020-11-18,2020111804005327,SGI,19,6,10,559.00,"5,590.00"
2020-11-18,2020111804005324,SGI,19,32,10,559.00,"5,590.00"
2020-11-18,2020111804005315,SGI,19,41,10,559.00,"5,590.00"
2020-11-18,2020111804005312,SGI,19,40,10,559.00,"5,590.00"
2020-11-18,2020111804005391,SGI,19,45,10,559.00,"5,590.00"
2020-11-18,2020111804005382,SGI,19,44,10,559.00,"5,590.00"
2020-11-18,2020111804005381,SGI,19,51,10,559.00,"5,590.00"
2020-11-18,2020111804005370,SGI,19,57,10,559.00,"5,590.00"
2020-11-18,2020111804005362,SGI,19,42,10,559.00,"5,590.00"
2020-11-18,2020111804005358,SGI,19,45,10,559.00,"5,590.00"
2020-11-18,2020111804005401,SGI,19,3,10,559.00,"5,590.00"
2020-11-18,2020111804005400,SGI,19,10,10,559.00,"5,590.00"
2020-11-18,2020111804005399,SGI,19,13,10,559.00,"5,590.00"
2020-11-18,2020111804005398,SGI,19,1,10,559.00,"5,590.00"
2020-11-18,2020111804005393,SGI,19,44,10,559.00,"5,590.00"
2020-11-18,2020111804005392,SGI,19,19,10,559.00,"5,590.00"
2020-11-18,2020111804005408,SGI,19,13,10,559.00,"5,590.00"
2020-11-18,2020111804005407,SGI,19,49,10,559.00,"5,590.00"
2020-11-18,2020111804005406,SGI,19,1,10,559.00,"5,590.00"
2020-11-18,2020111804005405,SGI,7,44,10,560.00,"5,600.00"
2020-11-18,2020111804005404,SGI,7,32,10,560.00,"5,600.00"
2020-11-18,2020111804005403,SGI,7,33,10,560.00,"5,600.00"
2020-11-18,2020111804005418,SGI,3,58,10,560.00,"5,600.00"
2020-11-18,2020111804005417,SGI,3,28,10,560.00,"5,600.00"
2020-11-18,2020111804005416,SGI,3,28,10,560.00,"5,600.00"
2020-11-18,2020111804005415,SGI,3,28,10,560.00,"5,600.00"
2020-11-18,2020111804005414,SGI,3,38,10,560.00,"5,600.00"
2020-11-18,2020111804005409,SGI,19,3,10,559.00,"5,590.00"
2020-11-18,2020111804005425,SGI,19,10,10,559.00,"5,590.00"
2020-11-18,2020111804005423,SGI,3,38,10,560.00,"5,600.00"
2020-11-18,2020111804005422,SGI,3,58,10,560.00,"5,600.00"
2020-11-18,2020111804005421,SGI,3,53,10,560.00,"5,600.00"
2020-11-18,2020111804005420,SGI,3,54,10,560.00,"5,600.00"
2020-11-18,2020111804005419,SGI,3,58,10,560.00,"5,600.00"
2020-11-18,2020111804005433,SGI,19,32,10,559.00,"5,590.00"
2020-11-18,2020111804005432,SGI,19,47,10,559.00,"5,590.00"
2020-11-18,2020111804005430,SGI,19,41,10,559.00,"5,590.00"
2020-11-18,2020111804005429,SGI,19,3,10,559.00,"5,590.00"
2020-11-18,2020111804005428,SGI,19,26,10,559.00,"5,590.00"
2020-11-18,2020111804005426,SGI,19,47,10,559.00,"5,590.00"
2020-11-18,2020111804005439,SGI,19,26,10,559.00,"5,590.00"
2020-11-18,2020111804005438,SGI,19,3,10,559.00,"5,590.00"
2020-11-18,2020111804005437,SGI,19,13,10,559.00,"5,590.00"
2020-11-18,2020111804005436,SGI,19,3,10,559.00,"5,590.00"
2020-11-18,2020111804005435,SGI,19,49,10,559.00,"5,590.00"
2020-11-18,2020111804005434,SGI,19,11,10,559.00,"5,590.00"
2020-11-18,2020111804005446,SGI,19,59,10,559.00,"5,590.00"
2020-11-18,2020111804005445,SGI,19,3,10,559.00,"5,590.00"
2020-11-18,2020111804005444,SGI,16,58,10,560.00,"5,600.00"
2020-11-18,2020111804005443,SGI,19,49,10,559.00,"5,590.00"
2020-11-18,2020111804005441,SGI,19,10,10,559.00,"5,590.00"
2020-11-18,2020111804005440,SGI,19,3,10,559.00,"5,590.00"
2020-11-18,2020111804005454,SGI,19,3,10,559.00,"5,590.00"
2020-11-18,2020111804005453,SGI,19,29,10,559.00,"5,590.00"
2020-11-18,2020111804005452,SGI,19,59,10,559.00,"5,590.00"
2020-11-18,2020111804005449,SGI,19,10,10,559.00,"5,590.00"
2020-11-18,2020111804005448,SGI,19,3,10,559.00,"5,590.00"
2020-11-18,2020111804005447,SGI,19,38,10,559.00,"5,590.00"
2020-11-18,2020111804005461,SGI,36,3,10,559.00,"5,590.00"
2020-11-18,2020111804005459,SGI,36,47,10,559.00,"5,590.00"
2020-11-18,2020111804005458,SGI,36,19,10,559.00,"5,590.00"
2020-11-18,2020111804005457,SGI,19,3,10,559.00,"5,590.00"
2020-11-18,2020111804005456,SGI,19,10,10,559.00,"5,590.00"
2020-11-18,2020111804005455,SGI,19,6,10,559.00,"5,590.00"
2020-11-18,2020111804005469,SGI,36,3,10,559.00,"5,590.00"
2020-11-18,2020111804005467,SGI,36,47,10,559.00,"5,590.00"
2020-11-18,2020111804005466,SGI,36,3,10,559.00,"5,590.00"
2020-11-18,2020111804005465,SGI,36,34,10,559.00,"5,590.00"
2020-11-18,2020111804005464,SGI,36,56,10,559.00,"5,590.00"
2020-11-18,2020111804005463,SGI,36,57,10,559.00,"5,590.00"
2020-11-18,2020111804005479,SGI,47,6,10,559.00,"5,590.00"
2020-11-18,2020111804005478,SGI,47,57,10,559.00,"5,590.00"
2020-11-18,2020111804005476,SGI,47,49,10,559.00,"5,590.00"
2020-11-18,2020111804005475,SGI,47,49,10,559.00,"5,590.00"
2020-11-18,2020111804005472,SGI,47,3,10,559.00,"5,590.00"
2020-11-18,2020111804005470,SGI,36,45,10,559.00,"5,590.00"
2020-11-18,2020111804005488,SGI,32,38,10,558.00,"5,580.00"
2020-11-18,2020111804005487,SGI,32,56,10,558.00,"5,580.00"
2020-11-18,2020111804005486,SGI,32,44,10,558.00,"5,580.00"
2020-11-18,2020111804005485,SGI,32,10,10,558.00,"5,580.00"
2020-11-18,2020111804005482,SGI,47,10,10,559.00,"5,590.00"
2020-11-18,2020111804005481,SGI,47,38,10,559.00,"5,590.00"
2020-11-18,2020111804005496,SGI,26,57,10,558.00,"5,580.00"
2020-11-18,2020111804005495,SGI,26,10,10,558.00,"5,580.00"
2020-11-18,2020111804005492,SGI,26,38,10,558.00,"5,580.00"
2020-11-18,2020111804005491,SGI,26,51,10,558.00,"5,580.00"
2020-11-18,2020111804005490,SGI,32,45,10,558.00,"5,580.00"
2020-11-18,2020111804005489,SGI,32,14,10,558.00,"5,580.00"
2020-11-18,2020111804005503,SGI,47,38,10,559.00,"5,590.00"
2020-11-18,2020111804005502,SGI,47,17,10,559.00,"5,590.00"
2020-11-18,2020111804005501,SGI,47,38,10,559.00,"5,590.00"
2020-11-18,2020111804005500,SGI,47,58,10,559.00,"5,590.00"
2020-11-18,2020111804005499,SGI,47,10,10,559.00,"5,590.00"
2020-11-18,2020111804005497,SGI,26,52,10,558.00,"5,580.00"
2020-11-18,2020111804005510,SGI,47,51,10,559.00,"5,590.00"
2020-11-18,2020111804005509,SGI,47,17,10,559.00,"5,590.00"
2020-11-18,2020111804005508,SGI,47,10,10,559.00,"5,590.00"
2020-11-18,2020111804005507,SGI,47,47,10,559.00,"5,590.00"
2020-11-18,2020111804005506,SGI,47,47,10,559.00,"5,590.00"
2020-11-18,2020111804005504,SGI,47,54,10,559.00,"5,590.00"
2020-11-18,2020111804005518,SGI,56,49,10,560.00,"5,600.00"
2020-11-18,2020111804005517,SGI,56,58,10,560.00,"5,600.00"
2020-11-18,2020111804005516,SGI,56,46,10,560.00,"5,600.00"
2020-11-18,2020111804005515,SGI,56,50,10,560.00,"5,600.00"
2020-11-18,2020111804005514,SGI,47,17,10,559.00,"5,590.00"
2020-11-18,2020111804005512,SGI,47,50,10,559.00,"5,590.00"
2020-11-18,2020111804005525,SGI,47,42,10,559.00,"5,590.00"
2020-11-18,2020111804005524,SGI,47,52,10,559.00,"5,590.00"
2020-11-18,2020111804005523,SGI,35,21,10,559.00,"5,590.00"
2020-11-18,2020111804005522,SGI,47,42,10,559.00,"5,590.00"
2020-11-18,2020111804005520,SGI,47,41,10,559.00,"5,590.00"
2020-11-18,2020111804005519,SGI,56,58,10,560.00,"5,600.00"
2020-11-18,2020111804005531,SGI,47,38,10,559.00,"5,590.00"
2020-11-18,2020111804005530,SGI,47,41,10,559.00,"5,590.00"
2020-11-18,2020111804005529,SGI,47,52,10,559.00,"5,590.00"
2020-11-18,2020111804005528,SGI,47,48,10,559.00,"5,590.00"
2020-11-18,2020111804005527,SGI,47,21,10,559.00,"5,590.00"
2020-11-18,2020111804005526,SGI,47,41,10,559.00,"5,590.00"
2020-11-18,2020111804005538,SGI,47,35,10,559.00,"5,590.00"
2020-11-18,2020111804005537,SGI,47,38,10,559.00,"5,590.00"
2020-11-18,2020111804005536,SGI,47,38,10,559.00,"5,590.00"
2020-11-18,2020111804005534,SGI,47,41,10,559.00,"5,590.00"
2020-11-18,2020111804005533,SGI,47,32,10,559.00,"5,590.00"
2020-11-18,2020111804005532,SGI,47,38,10,559.00,"5,590.00"
2020-11-18,2020111804005548,SGI,26,47,10,558.00,"5,580.00"
2020-11-18,2020111804005547,SGI,26,3,10,558.00,"5,580.00"
2020-11-18,2020111804005545,SGI,26,32,10,558.00,"5,580.00"
2020-11-18,2020111804005544,SGI,26,10,10,558.00,"5,580.00"
2020-11-18,2020111804005540,SGI,26,38,10,558.00,"5,580.00"
2020-11-18,2020111804005539,SGI,47,21,10,559.00,"5,590.00"
2020-11-18,2020111804005556,SGI,26,8,10,558.00,"5,580.00"
2020-11-18,2020111804005555,SGI,26,7,10,558.00,"5,580.00"
2020-11-18,2020111804005554,SGI,26,3,10,558.00,"5,580.00"
2020-11-18,2020111804005553,SGI,26,6,10,558.00,"5,580.00"
2020-11-18,2020111804005551,SGI,26,26,10,558.00,"5,580.00"
2020-11-18,2020111804005550,SGI,26,38,10,558.00,"5,580.00"
2020-11-18,2020111804005566,SGI,26,3,10,558.00,"5,580.00"
2020-11-18,2020111804005565,SGI,26,8,10,558.00,"5,580.00"
2020-11-18,2020111804005564,SGI,26,20,10,558.00,"5,580.00"
2020-11-18,2020111804005561,SGI,26,8,10,558.00,"5,580.00"
2020-11-18,2020111804005560,SGI,26,34,10,558.00,"5,580.00"
2020-11-18,2020111804005558,SGI,26,10,10,558.00,"5,580.00"
2020-11-18,2020111804005575,SGI,26,47,10,558.00,"5,580.00"
2020-11-18,2020111804005574,SGI,26,20,10,558.00,"5,580.00"
2020-11-18,2020111804005571,SGI,26,47,10,558.00,"5,580.00"
2020-11-18,2020111804005569,SGI,26,20,10,558.00,"5,580.00"
2020-11-18,2020111804005568,SGI,26,47,10,558.00,"5,580.00"
2020-11-18,2020111804005567,SGI,26,20,10,558.00,"5,580.00"
2020-11-18,2020111804005585,SGI,26,32,10,558.00,"5,580.00"
2020-11-18,2020111804005584,SGI,26,47,10,558.00,"5,580.00"
2020-11-18,2020111804005583,SGI,26,1,10,558.00,"5,580.00"
2020-11-18,2020111804005580,SGI,26,20,10,558.00,"5,580.00"
2020-11-18,2020111804005579,SGI,26,58,10,558.00,"5,580.00"
2020-11-18,2020111804005577,SGI,26,38,10,558.00,"5,580.00"
2020-11-18,2020111804005591,SGI,26,10,10,558.00,"5,580.00"
2020-11-18,2020111804005590,SGI,26,38,10,558.00,"5,580.00"
2020-11-18,2020111804005589,SGI,26,10,10,558.00,"5,580.00"
2020-11-18,2020111804005588,SGI,26,47,10,558.00,"5,580.00"
2020-11-18,2020111804005587,SGI,26,38,10,558.00,"5,580.00"
2020-11-18,2020111804005586,SGI,26,20,10,558.00,"5,580.00"
2020-11-18,2020111804005599,SGI,26,10,10,558.00,"5,580.00"
2020-11-18,2020111804005598,SGI,26,20,10,558.00,"5,580.00"
2020-11-18,2020111804005597,SGI,26,10,10,558.00,"5,580.00"
2020-11-18,2020111804005596,SGI,26,38,10,558.00,"5,580.00"
2020-11-18,2020111804005594,SGI,26,38,10,558.00,"5,580.00"
2020-11-18,2020111804005592,SGI,26,20,10,558.00,"5,580.00"
2020-11-18,2020111804005606,SGI,6,20,10,557.00,"5,570.00"
2020-11-18,2020111804005605,SGI,3,35,200,558.00,"111,600.00"
2020-11-18,2020111804005604,SGI,26,35,10,558.00,"5,580.00"
2020-11-18,2020111804005602,SGI,26,10,10,558.00,"5,580.00"
2020-11-18,2020111804005601,SGI,26,38,10,558.00,"5,580.00"
2020-11-18,2020111804005600,SGI,26,21,10,558.00,"5,580.00"
2020-11-18,2020111804005612,SGI,6,10,10,557.00,"5,570.00"
2020-11-18,2020111804005611,SGI,6,38,10,557.00,"5,570.00"
2020-11-18,2020111804005610,SGI,6,17,10,557.00,"5,570.00"
2020-11-18,2020111804005609,SGI,6,38,10,557.00,"5,570.00"
2020-11-18,2020111804005608,SGI,6,38,10,557.00,"5,570.00"
2020-11-18,2020111804005607,SGI,6,10,10,557.00,"5,570.00"
2020-11-18,2020111804005622,SGI,6,38,10,557.00,"5,570.00"
2020-11-18,2020111804005621,SGI,6,10,10,557.00,"5,570.00"
2020-11-18,2020111804005620,SGI,6,7,10,557.00,"5,570.00"
2020-11-18,2020111804005619,SGI,6,34,10,557.00,"5,570.00"
2020-11-18,2020111804005617,SGI,6,32,10,557.00,"5,570.00"
2020-11-18,2020111804005616,SGI,6,40,10,557.00,"5,570.00"
2020-11-18,2020111804005629,SGI,34,40,10,557.00,"5,570.00"
2020-11-18,2020111804005628,SGI,34,38,10,557.00,"5,570.00"
2020-11-18,2020111804005627,SGI,6,38,10,557.00,"5,570.00"
2020-11-18,2020111804005625,SGI,6,10,10,557.00,"5,570.00"
2020-11-18,2020111804005624,SGI,6,40,10,557.00,"5,570.00"
2020-11-18,2020111804005623,SGI,6,17,10,557.00,"5,570.00"
2020-11-18,2020111804005636,SGI,34,38,10,557.00,"5,570.00"
2020-11-18,2020111804005635,SGI,34,40,10,557.00,"5,570.00"
2020-11-18,2020111804005634,SGI,34,10,10,557.00,"5,570.00"
2020-11-18,2020111804005633,SGI,34,38,10,557.00,"5,570.00"
2020-11-18,2020111804005632,SGI,34,17,10,557.00,"5,570.00"
2020-11-18,2020111804005631,SGI,34,20,10,557.00,"5,570.00"
2020-11-18,2020111804005030,BBC,38,58,10,"3,027.00","30,270.00"
2020-11-18,2020111804004754,BBC,38,51,20,"3,027.00","60,540.00"
2020-11-18,2020111804004943,CMF1,43,59,500,10.22,"5,110.00"
2020-11-18,2020111804005140,GIC,41,54,10,527.00,"5,270.00"
2020-11-18,2020111804005136,GIC,41,34,10,527.00,"5,270.00"
2020-11-18,2020111804005132,GIC,6,34,10,527.00,"5,270.00"
2020-11-18,2020111804005125,GIC,6,34,10,527.00,"5,270.00"
2020-11-18,2020111804005120,GIC,6,26,10,527.00,"5,270.00"
2020-11-18,2020111804005119,GIC,6,34,10,527.00,"5,270.00"
2020-11-18,2020111804004690,GIC,41,28,10,526.00,"5,260.00"
2020-11-18,2020111804004684,GIC,41,34,10,526.00,"5,260.00"
2020-11-18,2020111804004659,GIC,8,51,10,532.00,"5,320.00"
2020-11-18,2020111804004727,GIC,35,5,10,527.00,"5,270.00"
2020-11-18,2020111804004722,GIC,35,5,10,527.00,"5,270.00"
2020-11-18,2020111804004721,GIC,35,7,10,527.00,"5,270.00"
2020-11-18,2020111804004719,GIC,32,34,10,527.00,"5,270.00"
2020-11-18,2020111804004714,GIC,32,45,10,527.00,"5,270.00"
2020-11-18,2020111804004700,GIC,41,10,10,526.00,"5,260.00"
2020-11-18,2020111804004821,GIC,35,7,10,527.00,"5,270.00"
2020-11-18,2020111804004812,GIC,35,55,10,527.00,"5,270.00"
2020-11-18,2020111804004811,GIC,35,47,10,527.00,"5,270.00"
2020-11-18,2020111804004749,GIC,35,25,20,527.00,"10,540.00"
2020-11-18,2020111804004740,GIC,35,7,10,527.00,"5,270.00"
2020-11-18,2020111804004738,GIC,35,58,10,527.00,"5,270.00"
2020-11-18,2020111804004884,GIC,35,55,10,527.00,"5,270.00"
2020-11-18,2020111804004877,GIC,35,14,10,527.00,"5,270.00"
2020-11-18,2020111804004847,GIC,35,7,10,527.00,"5,270.00"
2020-11-18,2020111804004841,GIC,35,7,10,527.00,"5,270.00"
2020-11-18,2020111804004835,GIC,35,7,10,527.00,"5,270.00"
2020-11-18,2020111804004827,GIC,35,7,10,527.00,"5,270.00"
2020-11-18,2020111804004938,GIC,35,41,10,527.00,"5,270.00"
2020-11-18,2020111804004927,GIC,35,17,10,527.00,"5,270.00"
2020-11-18,2020111804004912,GIC,21,49,10,529.00,"5,290.00"
2020-11-18,2020111804004910,GIC,35,38,10,527.00,"5,270.00"
2020-11-18,2020111804004908,GIC,35,43,10,527.00,"5,270.00"
2020-11-18,2020111804004900,GIC,35,59,10,527.00,"5,270.00"
2020-11-18,2020111804005000,GIC,35,19,10,527.00,"5,270.00"
2020-11-18,2020111804004985,GIC,35,26,10,527.00,"5,270.00"
2020-11-18,2020111804004980,GIC,35,57,10,527.00,"5,270.00"
2020-11-18,2020111804004979,GIC,35,49,10,527.00,"5,270.00"
2020-11-18,2020111804004963,GIC,35,26,10,527.00,"5,270.00"
2020-11-18,2020111804004959,GIC,35,41,10,527.00,"5,270.00"
2020-11-18,2020111804005032,GIC,35,38,10,527.00,"5,270.00"
2020-11-18,2020111804005021,GIC,35,3,10,527.00,"5,270.00"
2020-11-18,2020111804005020,GIC,35,58,10,527.00,"5,270.00"
2020-11-18,2020111804005017,GIC,35,33,10,527.00,"5,270.00"
2020-11-18,2020111804005016,GIC,35,46,10,527.00,"5,270.00"
2020-11-18,2020111804005004,GIC,35,19,10,527.00,"5,270.00"
2020-11-18,2020111804005086,GIC,35,34,10,527.00,"5,270.00"
2020-11-18,2020111804005081,GIC,35,20,10,527.00,"5,270.00"
2020-11-18,2020111804005078,GIC,35,1,10,527.00,"5,270.00"
2020-11-18,2020111804005077,GIC,35,33,10,527.00,"5,270.00"
2020-11-18,2020111804005046,GIC,35,26,10,527.00,"5,270.00"
2020-11-18,2020111804005040,GIC,35,38,10,527.00,"5,270.00"
2020-11-18,2020111804005105,GIC,35,20,10,527.00,"5,270.00"
2020-11-18,2020111804005104,GIC,35,34,10,527.00,"5,270.00"
2020-11-18,2020111804005100,GIC,35,34,10,527.00,"5,270.00"
2020-11-18,2020111804005094,GIC,35,34,10,527.00,"5,270.00"
2020-11-18,2020111804005093,GIC,35,34,10,527.00,"5,270.00"
2020-11-18,2020111804005091,GIC,35,34,10,527.00,"5,270.00"
2020-11-18,2020111804005118,GIC,6,43,10,527.00,"5,270.00"
2020-11-18,2020111804005116,GIC,35,20,10,527.00,"5,270.00"
2020-11-18,2020111804005113,GIC,35,34,10,527.00,"5,270.00"
2020-11-18,2020111804005112,GIC,35,33,10,527.00,"5,270.00"
2020-11-18,2020111804005108,GIC,35,34,10,527.00,"5,270.00"
2020-11-18,2020111804005107,GIC,35,34,10,527.00,"5,270.00"
2020-11-18,2020111804004751,GIMES1,41,13,500,11.35,"5,675.00"
2020-11-18,2020111804005131,LUK,1,39,600,9.77,"5,862.00"
2020-11-18,2020111804005075,LUK,1,56,300,9.77,"2,931.00"
2020-11-18,2020111804004885,LUK,1,41,100,9.77,977.00
2020-11-18,2020111804004652,LUK,53,39,200,9.75,"1,950.00"
2020-11-18,2020111804005088,NBF2,45,58,800,9.94,"7,952.00"
2020-11-18,2020111804005087,NBF2,45,58,200,9.94,"1,988.00"
2020-11-18,2020111804005073,NBF2,45,39,800,9.94,"7,952.00"
2020-11-18,2020111804005072,NBF2,45,39,"1,000",9.94,"9,940.00"
2020-11-18,2020111804005071,NBF2,45,39,"1,000",9.95,"9,950.00"
2020-11-18,2020111804004996,NBF2,17,17,500,10.00,"5,000.00"
2020-11-18,2020111804004995,NBF2,17,7,"2,000",10.00,"20,000.00"
2020-11-18,2020111804004994,NBF2,17,54,500,10.00,"5,000.00"
2020-11-18,2020111804004993,NBF2,17,45,"1,000",10.00,"10,000.00"
2020-11-18,2020111804004992,NBF2,17,49,500,10.00,"5,000.00"
2020-11-18,2020111804004984,NBF2,22,58,"1,500",9.93,"14,895.00"
2020-11-18,2020111804004741,NBF2,22,38,"3,000",9.93,"29,790.00"
2020-11-18,2020111804005114,NEF,34,6,966,9.91,"9,573.06"
2020-11-18,2020111804004686,NEF,14,34,483,9.90,"4,781.70"
2020-11-18,2020111804005083,NIBLPF,46,39,"1,475",10.10,"14,897.50"
2020-11-18,2020111804004950,NIBLPF,46,40,525,10.10,"5,302.50"
2020-11-18,2020111804004949,NIBLPF,59,40,"2,000",10.10,"20,200.00"
2020-11-18,2020111804004922,NIBLPF,45,40,"1,000",10.11,"10,110.00"
2020-11-18,2020111804005010,NIBSF1,6,39,"2,000",10.87,"21,740.00"
2020-11-18,2020111804004905,NIBSF1,6,22,200,10.87,"2,174.00"
2020-11-18,2020111804005109,NICBF,38,57,100,10.22,"1,022.00"
2020-11-18,2020111804004987,NICBF,38,39,"1,600",10.22,"16,352.00"
2020-11-18,2020111804004880,NICBF,59,57,"10,000",10.30,"103,000.00"
2020-11-18,2020111804004875,NICBF,59,58,500,10.29,"5,145.00"
2020-11-18,2020111804004814,NICBF,38,35,100,10.21,"1,021.00"
2020-11-18,2020111804005012,NICGF,49,59,"1,000",10.70,"10,700.00"
2020-11-18,2020111804004998,NICGF,10,59,"10,000",10.70,"107,000.00"
2020-11-18,2020111804004962,NICGF,59,59,"1,500",10.70,"16,050.00"
2020-11-18,2020111804004961,NICGF,59,39,500,10.60,"5,300.00"
2020-11-18,2020111804004748,NMB50,41,38,200,9.75,"1,950.00"
2020-11-18,2020111804004731,NMB50,45,38,"1,000",9.90,"9,900.00"
2020-11-18,2020111804004730,NMB50,45,38,800,9.90,"7,920.00"
2020-11-18,2020111804004939,NMBHF1,38,45,"5,000",10.45,"52,250.00"
2020-11-18,2020111804004920,NMBHF1,38,19,451,10.45,"4,712.95"
2020-11-18,2020111804004919,NMBHF1,6,19,"9,549",10.45,"99,787.05"
2020-11-18,2020111804004897,NMBHF1,6,17,451,10.42,"4,699.42"
2020-11-18,2020111804004883,NMBHF1,6,17,549,10.42,"5,720.58"
2020-11-18,2020111804004855,NMBHF1,56,14,"1,664",10.40,"17,305.60"
2020-11-18,2020111804004825,NMBHF1,6,49,"12,619",10.39,"131,111.41"
2020-11-18,2020111804004824,NMBHF1,6,41,832,10.39,"8,644.48"
2020-11-18,2020111804004823,NMBHF1,6,32,"1,000",10.36,"10,360.00"
2020-11-18,2020111804004853,NMBHF1,56,41,832,10.40,"8,652.80"
2020-11-18,2020111804004852,NMBHF1,56,42,"2,496",10.40,"25,958.40"
2020-11-18,2020111804004851,NMBHF1,56,57,"1,577",10.40,"16,400.80"
2020-11-18,2020111804004850,NMBHF1,56,41,"2,302",10.40,"23,940.80"
2020-11-18,2020111804004845,NMBHF1,59,41,"7,698",10.40,"80,059.20"
2020-11-18,2020111804004844,NMBHF1,59,34,"2,302",10.40,"23,940.80"
2020-11-18,2020111804005099,RBCLPO,33,17,20,"14,400.00","288,000.00"
2020-11-18,2020111804005098,RBCLPO,16,17,135,"14,400.00","1,944,000.00"
2020-11-18,2020111804005097,RBCLPO,49,17,20,"14,400.00","288,000.00"
2020-11-18,2020111804005096,RBCLPO,49,17,20,"14,400.00","288,000.00"
2020-11-18,2020111804004815,RBCLPO,6,49,10,"14,500.00","145,000.00"
2020-11-18,2020111804004990,SAEF,45,11,500,11.50,"5,750.00"
2020-11-18,2020111804004924,SAEF,45,45,"1,700",11.50,"19,550.00"
2020-11-18,2020111804004923,SAEF,35,45,"3,300",11.50,"37,950.00"
2020-11-18,2020111804004816,SAEF,35,50,500,11.50,"5,750.00"
2020-11-18,2020111804004689,SAEF,35,57,"5,000",11.50,"57,500.00"
2020-11-18,2020111804004666,SAEF,35,26,500,11.50,"5,750.00"
2020-11-18,2020111804004843,SAND2085,4,51,50,"1,054.00","52,700.00"
2020-11-18,2020111804004945,SEF,59,45,"5,000",10.63,"53,150.00"
2020-11-18,2020111804004898,SEF,47,58,"1,000",10.65,"10,650.00"
2020-11-18,2020111804004723,SEF,39,41,"1,000",10.65,"10,650.00"
2020-11-18,2020111804004687,SEF,42,26,500,10.64,"5,320.00"
2020-11-18,2020111804005026,SFMF,46,39,400,10.75,"4,300.00"
2020-11-18,2020111804004874,SFMF,46,17,500,10.75,"5,375.00"
2020-11-18,2020111804004840,SFMF,46,46,700,10.75,"7,525.00"
2020-11-18,2020111804004662,SFMF,46,39,150,10.75,"1,612.50"
2020-11-18,2020111804005142,SGI,26,26,10,558.00,"5,580.00"
2020-11-18,2020111804005141,SGI,26,14,10,558.00,"5,580.00"
2020-11-18,2020111804005139,SGI,26,11,10,558.00,"5,580.00"
2020-11-18,2020111804005138,SGI,26,33,10,558.00,"5,580.00"
2020-11-18,2020111804005137,SGI,26,38,10,558.00,"5,580.00"
2020-11-18,2020111804005135,SGI,26,17,10,558.00,"5,580.00"
2020-11-18,2020111804004643,SGI,26,16,10,559.00,"5,590.00"
2020-11-18,2020111804004649,SGI,26,38,10,559.00,"5,590.00"
2020-11-18,2020111804004648,SGI,26,38,10,559.00,"5,590.00"
2020-11-18,2020111804004647,SGI,26,57,10,559.00,"5,590.00"
2020-11-18,2020111804004646,SGI,26,38,10,559.00,"5,590.00"
2020-11-18,2020111804004645,SGI,26,21,10,559.00,"5,590.00"
2020-11-18,2020111804004644,SGI,26,38,10,559.00,"5,590.00"
2020-11-18,2020111804004656,SGI,26,19,10,559.00,"5,590.00"
2020-11-18,2020111804004655,SGI,26,38,10,559.00,"5,590.00"
2020-11-18,2020111804004654,SGI,26,38,10,559.00,"5,590.00"
2020-11-18,2020111804004653,SGI,26,50,10,559.00,"5,590.00"
2020-11-18,2020111804004651,SGI,26,38,10,559.00,"5,590.00"
2020-11-18,2020111804004650,SGI,44,7,10,560.00,"5,600.00"
2020-11-18,2020111804004664,SGI,26,38,10,559.00,"5,590.00"
2020-11-18,2020111804004663,SGI,26,38,10,559.00,"5,590.00"
2020-11-18,2020111804004661,SGI,26,56,10,559.00,"5,590.00"
2020-11-18,2020111804004660,SGI,26,38,10,559.00,"5,590.00"
2020-11-18,2020111804004658,SGI,26,38,10,559.00,"5,590.00"
2020-11-18,2020111804004657,SGI,26,42,10,559.00,"5,590.00"
2020-11-18,2020111804004671,SGI,34,48,10,560.00,"5,600.00"
2020-11-18,2020111804004670,SGI,34,7,10,560.00,"5,600.00"
2020-11-18,2020111804004669,SGI,34,58,10,560.00,"5,600.00"
2020-11-18,2020111804004668,SGI,34,13,10,560.00,"5,600.00"
2020-11-18,2020111804004667,SGI,26,41,10,559.00,"5,590.00"
2020-11-18,2020111804004665,SGI,26,47,10,559.00,"5,590.00"
2020-11-18,2020111804004677,SGI,34,49,10,560.00,"5,600.00"
2020-11-18,2020111804004676,SGI,34,58,10,560.00,"5,600.00"
2020-11-18,2020111804004675,SGI,34,50,10,560.00,"5,600.00"
2020-11-18,2020111804004674,SGI,34,21,10,560.00,"5,600.00"
2020-11-18,2020111804004673,SGI,34,7,10,560.00,"5,600.00"
2020-11-18,2020111804004672,SGI,34,58,10,560.00,"5,600.00"
2020-11-18,2020111804004683,SGI,34,8,10,560.00,"5,600.00"
2020-11-18,2020111804004682,SGI,34,56,10,560.00,"5,600.00"
2020-11-18,2020111804004681,SGI,34,58,10,560.00,"5,600.00"
2020-11-18,2020111804004680,SGI,34,34,100,560.00,"56,000.00"
2020-11-18,2020111804004679,SGI,34,21,10,560.00,"5,600.00"
2020-11-18,2020111804004678,SGI,34,1,10,560.00,"5,600.00"
2020-11-18,2020111804004694,SGI,26,38,10,559.00,"5,590.00"
2020-11-18,2020111804004693,SGI,26,38,10,559.00,"5,590.00"
2020-11-18,2020111804004692,SGI,26,38,10,559.00,"5,590.00"
2020-11-18,2020111804004691,SGI,26,38,10,559.00,"5,590.00"
2020-11-18,2020111804004688,SGI,26,38,10,559.00,"5,590.00"
2020-11-18,2020111804004685,SGI,34,38,10,560.00,"5,600.00"
2020-11-18,2020111804004701,SGI,56,55,10,560.00,"5,600.00"
2020-11-18,2020111804004699,SGI,26,29,10,559.00,"5,590.00"
2020-11-18,2020111804004698,SGI,26,38,10,559.00,"5,590.00"
2020-11-18,2020111804004697,SGI,26,29,10,559.00,"5,590.00"
2020-11-18,2020111804004696,SGI,26,38,10,559.00,"5,590.00"
2020-11-18,2020111804004695,SGI,26,38,10,559.00,"5,590.00"
2020-11-18,2020111804004707,SGI,56,38,10,560.00,"5,600.00"
2020-11-18,2020111804004706,SGI,56,5,10,560.00,"5,600.00"
2020-11-18,2020111804004705,SGI,56,29,10,560.00,"5,600.00"
2020-11-18,2020111804004704,SGI,56,21,10,560.00,"5,600.00"
2020-11-18,2020111804004703,SGI,56,10,10,560.00,"5,600.00"
2020-11-18,2020111804004702,SGI,56,36,10,560.00,"5,600.00"
2020-11-18,2020111804004713,SGI,25,16,10,561.00,"5,610.00"
2020-11-18,2020111804004712,SGI,25,19,10,561.00,"5,610.00"
2020-11-18,2020111804004711,SGI,25,34,100,561.00,"56,100.00"
2020-11-18,2020111804004710,SGI,56,38,10,560.00,"5,600.00"
2020-11-18,2020111804004709,SGI,56,32,10,560.00,"5,600.00"
2020-11-18,2020111804004708,SGI,56,38,10,560.00,"5,600.00"
2020-11-18,2020111804004724,SGI,11,6,10,560.00,"5,600.00"
2020-11-18,2020111804004720,SGI,26,38,10,559.00,"5,590.00"
2020-11-18,2020111804004718,SGI,26,5,10,559.00,"5,590.00"
2020-11-18,2020111804004717,SGI,26,38,10,559.00,"5,590.00"
2020-11-18,2020111804004716,SGI,26,38,10,559.00,"5,590.00"
2020-11-18,2020111804004715,SGI,26,38,10,559.00,"5,590.00"
2020-11-18,2020111804004734,SGI,11,1,10,560.00,"5,600.00"
2020-11-18,2020111804004733,SGI,11,5,10,560.00,"5,600.00"
2020-11-18,2020111804004729,SGI,11,10,10,560.00,"5,600.00"
2020-11-18,2020111804004728,SGI,11,47,10,560.00,"5,600.00"
2020-11-18,2020111804004726,SGI,11,17,10,560.00,"5,600.00"
2020-11-18,2020111804004725,SGI,11,50,10,560.00,"5,600.00"
2020-11-18,2020111804004743,SGI,11,58,10,560.00,"5,600.00"
2020-11-18,2020111804004742,SGI,11,51,10,560.00,"5,600.00"
2020-11-18,2020111804004739,SGI,11,56,10,560.00,"5,600.00"
2020-11-18,2020111804004737,SGI,11,56,10,560.00,"5,600.00"
2020-11-18,2020111804004736,SGI,11,38,10,560.00,"5,600.00"
2020-11-18,2020111804004735,SGI,11,45,10,560.00,"5,600.00"
2020-11-18,2020111804004752,SGI,11,35,10,560.00,"5,600.00"
2020-11-18,2020111804004750,SGI,11,45,10,560.00,"5,600.00"
2020-11-18,2020111804004747,SGI,11,6,10,560.00,"5,600.00"
2020-11-18,2020111804004746,SGI,11,55,10,560.00,"5,600.00"
2020-11-18,2020111804004745,SGI,11,41,10,560.00,"5,600.00"
2020-11-18,2020111804004744,SGI,11,38,10,560.00,"5,600.00"
2020-11-18,2020111804004759,SGI,17,57,10,562.00,"5,620.00"
2020-11-18,2020111804004758,SGI,17,49,10,562.00,"5,620.00"
2020-11-18,2020111804004757,SGI,17,49,10,562.00,"5,620.00"
2020-11-18,2020111804004756,SGI,17,32,10,561.00,"5,610.00"
2020-11-18,2020111804004755,SGI,11,58,10,560.00,"5,600.00"
2020-11-18,2020111804004753,SGI,11,41,10,560.00,"5,600.00"
2020-11-18,2020111804004765,SGI,17,49,10,562.00,"5,620.00"
2020-11-18,2020111804004764,SGI,17,58,10,562.00,"5,620.00"
2020-11-18,2020111804004763,SGI,17,49,10,562.00,"5,620.00"
2020-11-18,2020111804004762,SGI,17,57,10,562.00,"5,620.00"
2020-11-18,2020111804004761,SGI,17,49,10,562.00,"5,620.00"
2020-11-18,2020111804004760,SGI,17,49,10,562.00,"5,620.00"
2020-11-18,2020111804004771,SGI,17,50,10,562.00,"5,620.00"
2020-11-18,2020111804004770,SGI,17,58,10,562.00,"5,620.00"
2020-11-18,2020111804004769,SGI,17,33,10,562.00,"5,620.00"
2020-11-18,2020111804004768,SGI,17,50,10,562.00,"5,620.00"
2020-11-18,2020111804004767,SGI,17,58,10,562.00,"5,620.00"
2020-11-18,2020111804004766,SGI,17,6,10,562.00,"5,620.00"
2020-11-18,2020111804004777,SGI,17,59,10,562.00,"5,620.00"
2020-11-18,2020111804004776,SGI,17,59,10,562.00,"5,620.00"
2020-11-18,2020111804004775,SGI,17,59,10,562.00,"5,620.00"
2020-11-18,2020111804004774,SGI,17,59,10,562.00,"5,620.00"
2020-11-18,2020111804004773,SGI,17,58,10,562.00,"5,620.00"
2020-11-18,2020111804004772,SGI,17,58,10,562.00,"5,620.00"
2020-11-18,2020111804004783,SGI,17,55,10,562.00,"5,620.00"
2020-11-18,2020111804004782,SGI,17,58,10,562.00,"5,620.00"
2020-11-18,2020111804004781,SGI,17,21,10,562.00,"5,620.00"
2020-11-18,2020111804004780,SGI,17,58,10,562.00,"5,620.00"
2020-11-18,2020111804004779,SGI,17,59,10,562.00,"5,620.00"
2020-11-18,2020111804004778,SGI,17,58,10,562.00,"5,620.00"
2020-11-18,2020111804004789,SGI,17,57,10,562.00,"5,620.00"
2020-11-18,2020111804004788,SGI,17,13,10,562.00,"5,620.00"
2020-11-18,2020111804004787,SGI,17,4,10,562.00,"5,620.00"
2020-11-18,2020111804004786,SGI,17,45,10,562.00,"5,620.00"
2020-11-18,2020111804004785,SGI,17,32,10,562.00,"5,620.00"
2020-11-18,2020111804004784,SGI,17,37,10,562.00,"5,620.00"
2020-11-18,2020111804004795,SGI,17,42,10,562.00,"5,620.00"
2020-11-18,2020111804004794,SGI,17,17,10,562.00,"5,620.00"
2020-11-18,2020111804004793,SGI,17,57,10,562.00,"5,620.00"
2020-11-18,2020111804004792,SGI,17,5,10,562.00,"5,620.00"
2020-11-18,2020111804004791,SGI,17,52,10,562.00,"5,620.00"
2020-11-18,2020111804004790,SGI,17,48,10,562.00,"5,620.00"
2020-11-18,2020111804004801,SGI,17,45,10,562.00,"5,620.00"
2020-11-18,2020111804004800,SGI,17,42,10,562.00,"5,620.00"
2020-11-18,2020111804004799,SGI,17,28,10,562.00,"5,620.00"
2020-11-18,2020111804004798,SGI,17,36,10,562.00,"5,620.00"
2020-11-18,2020111804004797,SGI,17,21,10,562.00,"5,620.00"
2020-11-18,2020111804004796,SGI,17,6,10,562.00,"5,620.00"
2020-11-18,2020111804004807,SGI,17,58,10,562.00,"5,620.00"
2020-11-18,2020111804004806,SGI,17,44,10,562.00,"5,620.00"
2020-11-18,2020111804004805,SGI,17,44,10,562.00,"5,620.00"
2020-11-18,2020111804004804,SGI,17,44,10,562.00,"5,620.00"
2020-11-18,2020111804004803,SGI,17,41,10,562.00,"5,620.00"
2020-11-18,2020111804004802,SGI,17,58,10,562.00,"5,620.00"
2020-11-18,2020111804004818,SGI,11,54,10,560.00,"5,600.00"
2020-11-18,2020111804004817,SGI,11,38,10,560.00,"5,600.00"
2020-11-18,2020111804004813,SGI,11,38,10,560.00,"5,600.00"
2020-11-18,2020111804004810,SGI,11,41,10,560.00,"5,600.00"
2020-11-18,2020111804004809,SGI,11,4,10,560.00,"5,600.00"
2020-11-18,2020111804004808,SGI,11,54,10,560.00,"5,600.00"
2020-11-18,2020111804004829,SGI,11,19,10,560.00,"5,600.00"
2020-11-18,2020111804004828,SGI,11,44,10,560.00,"5,600.00"
2020-11-18,2020111804004826,SGI,11,38,10,560.00,"5,600.00"
2020-11-18,2020111804004822,SGI,11,45,10,560.00,"5,600.00"
2020-11-18,2020111804004820,SGI,11,38,10,560.00,"5,600.00"
2020-11-18,2020111804004819,SGI,11,38,10,560.00,"5,600.00"
2020-11-18,2020111804004836,SGI,11,38,10,560.00,"5,600.00"
2020-11-18,2020111804004834,SGI,11,17,10,560.00,"5,600.00"
2020-11-18,2020111804004833,SGI,11,25,10,560.00,"5,600.00"
2020-11-18,2020111804004832,SGI,11,13,10,560.00,"5,600.00"
2020-11-18,2020111804004831,SGI,11,3,10,560.00,"5,600.00"
2020-11-18,2020111804004830,SGI,11,38,10,560.00,"5,600.00"
2020-11-18,2020111804004848,SGI,14,57,10,560.00,"5,600.00"
2020-11-18,2020111804004846,SGI,14,59,10,560.00,"5,600.00"
2020-11-18,2020111804004842,SGI,14,29,10,560.00,"5,600.00"
2020-11-18,2020111804004839,SGI,45,38,10,560.00,"5,600.00"
2020-11-18,2020111804004838,SGI,45,53,10,560.00,"5,600.00"
2020-11-18,2020111804004837,SGI,11,22,10,560.00,"5,600.00"
2020-11-18,2020111804004859,SGI,26,59,10,559.00,"5,590.00"
2020-11-18,2020111804004858,SGI,26,7,10,559.00,"5,590.00"
2020-11-18,2020111804004857,SGI,14,34,10,560.00,"5,600.00"
2020-11-18,2020111804004856,SGI,14,59,10,560.00,"5,600.00"
2020-11-18,2020111804004854,SGI,14,38,10,560.00,"5,600.00"
2020-11-18,2020111804004849,SGI,14,59,10,560.00,"5,600.00"
2020-11-18,2020111804004865,SGI,26,38,10,559.00,"5,590.00"
2020-11-18,2020111804004864,SGI,26,21,10,559.00,"5,590.00"
2020-11-18,2020111804004863,SGI,26,7,10,559.00,"5,590.00"
2020-11-18,2020111804004862,SGI,26,40,10,559.00,"5,590.00"
2020-11-18,2020111804004861,SGI,26,38,10,559.00,"5,590.00"
2020-11-18,2020111804004860,SGI,26,29,10,559.00,"5,590.00"
2020-11-18,2020111804004871,SGI,26,7,10,559.00,"5,590.00"
2020-11-18,2020111804004870,SGI,26,18,10,559.00,"5,590.00"
2020-11-18,2020111804004869,SGI,26,29,10,559.00,"5,590.00"
2020-11-18,2020111804004868,SGI,26,38,10,559.00,"5,590.00"
2020-11-18,2020111804004867,SGI,26,29,10,559.00,"5,590.00"
2020-11-18,2020111804004866,SGI,26,36,10,559.00,"5,590.00"
2020-11-18,2020111804004881,SGI,25,7,10,559.00,"5,590.00"
2020-11-18,2020111804004879,SGI,26,38,10,559.00,"5,590.00"
2020-11-18,2020111804004878,SGI,26,38,10,559.00,"5,590.00"
2020-11-18,2020111804004876,SGI,26,21,10,559.00,"5,590.00"
2020-11-18,2020111804004873,SGI,26,36,10,559.00,"5,590.00"
2020-11-18,2020111804004872,SGI,26,38,10,559.00,"5,590.00"
2020-11-18,2020111804004890,SGI,57,7,10,559.00,"5,590.00"
2020-11-18,2020111804004889,SGI,57,21,10,559.00,"5,590.00"
2020-11-18,2020111804004888,SGI,25,38,10,559.00,"5,590.00"
2020-11-18,2020111804004887,SGI,25,14,10,559.00,"5,590.00"
2020-11-18,2020111804004886,SGI,25,21,10,559.00,"5,590.00"
2020-11-18,2020111804004882,SGI,25,38,10,559.00,"5,590.00"
2020-11-18,2020111804004896,SGI,34,7,10,559.00,"5,590.00"
2020-11-18,2020111804004895,SGI,52,38,10,559.00,"5,590.00"
2020-11-18,2020111804004894,SGI,52,59,10,559.00,"5,590.00"
2020-11-18,2020111804004893,SGI,57,47,10,559.00,"5,590.00"
2020-11-18,2020111804004892,SGI,57,21,10,559.00,"5,590.00"
2020-11-18,2020111804004891,SGI,57,38,10,559.00,"5,590.00"
2020-11-18,2020111804004906,SGI,34,55,10,559.00,"5,590.00"
2020-11-18,2020111804004904,SGI,34,53,10,559.00,"5,590.00"
2020-11-18,2020111804004903,SGI,34,22,10,559.00,"5,590.00"
2020-11-18,2020111804004902,SGI,34,19,10,559.00,"5,590.00"
2020-11-18,2020111804004901,SGI,34,26,10,559.00,"5,590.00"
2020-11-18,2020111804004899,SGI,34,38,10,559.00,"5,590.00"
2020-11-18,2020111804004915,SGI,34,14,10,559.00,"5,590.00"
2020-11-18,2020111804004914,SGI,34,19,10,559.00,"5,590.00"
2020-11-18,2020111804004913,SGI,34,21,10,559.00,"5,590.00"
2020-11-18,2020111804004911,SGI,34,14,10,559.00,"5,590.00"
2020-11-18,2020111804004909,SGI,34,21,10,559.00,"5,590.00"
2020-11-18,2020111804004907,SGI,34,19,10,559.00,"5,590.00"
2020-11-18,2020111804004926,SGI,34,21,10,559.00,"5,590.00"
2020-11-18,2020111804004925,SGI,34,13,10,559.00,"5,590.00"
2020-11-18,2020111804004921,SGI,34,3,10,559.00,"5,590.00"
2020-11-18,2020111804004918,SGI,34,21,10,559.00,"5,590.00"
2020-11-18,2020111804004917,SGI,34,38,10,559.00,"5,590.00"
2020-11-18,2020111804004916,SGI,34,21,10,559.00,"5,590.00"
2020-11-18,2020111804004941,SGI,34,21,10,559.00,"5,590.00"
2020-11-18,2020111804004940,SGI,34,26,10,559.00,"5,590.00"
2020-11-18,2020111804004937,SGI,34,21,10,559.00,"5,590.00"
2020-11-18,2020111804004930,SGI,34,6,10,559.00,"5,590.00"
2020-11-18,2020111804004929,SGI,34,19,10,559.00,"5,590.00"
2020-11-18,2020111804004928,SGI,34,14,10,559.00,"5,590.00"
2020-11-18,2020111804004951,SGI,47,38,10,560.00,"5,600.00"
2020-11-18,2020111804004948,SGI,34,21,10,559.00,"5,590.00"
2020-11-18,2020111804004947,SGI,34,42,10,559.00,"5,590.00"
2020-11-18,2020111804004946,SGI,34,49,10,559.00,"5,590.00"
2020-11-18,2020111804004944,SGI,34,17,10,559.00,"5,590.00"
2020-11-18,2020111804004942,SGI,34,43,10,559.00,"5,590.00"
2020-11-18,2020111804004957,SGI,47,34,10,560.00,"5,600.00"
2020-11-18,2020111804004956,SGI,47,59,10,560.00,"5,600.00"
2020-11-18,2020111804004955,SGI,47,6,10,560.00,"5,600.00"
2020-11-18,2020111804004954,SGI,47,6,10,560.00,"5,600.00"
2020-11-18,2020111804004953,SGI,47,34,10,560.00,"5,600.00"
2020-11-18,2020111804004952,SGI,47,6,10,560.00,"5,600.00"
2020-11-18,2020111804004967,SGI,47,26,10,560.00,"5,600.00"
2020-11-18,2020111804004966,SGI,47,32,10,560.00,"5,600.00"
2020-11-18,2020111804004965,SGI,47,22,10,560.00,"5,600.00"
2020-11-18,2020111804004964,SGI,47,32,10,560.00,"5,600.00"
2020-11-18,2020111804004960,SGI,34,45,10,559.00,"5,590.00"
2020-11-18,2020111804004958,SGI,34,14,10,559.00,"5,590.00"
2020-11-18,2020111804004973,SGI,47,45,10,560.00,"5,600.00"
2020-11-18,2020111804004972,SGI,47,45,10,560.00,"5,600.00"
2020-11-18,2020111804004971,SGI,47,45,10,560.00,"5,600.00"
2020-11-18,2020111804004970,SGI,47,45,10,560.00,"5,600.00"
2020-11-18,2020111804004969,SGI,47,28,10,560.00,"5,600.00"
2020-11-18,2020111804004968,SGI,47,56,10,560.00,"5,600.00"
2020-11-18,2020111804004981,SGI,34,14,10,559.00,"5,590.00"
2020-11-18,2020111804004978,SGI,34,45,10,559.00,"5,590.00"
2020-11-18,2020111804004977,SGI,34,58,10,559.00,"5,590.00"
2020-11-18,2020111804004976,SGI,34,26,10,559.00,"5,590.00"
2020-11-18,2020111804004975,SGI,34,6,10,559.00,"5,590.00"
2020-11-18,2020111804004974,SGI,34,21,10,559.00,"5,590.00"
2020-11-18,2020111804004991,SGI,34,26,10,559.00,"5,590.00"
2020-11-18,2020111804004989,SGI,34,14,10,559.00,"5,590.00"
2020-11-18,2020111804004988,SGI,34,58,10,559.00,"5,590.00"
2020-11-18,2020111804004986,SGI,34,57,10,559.00,"5,590.00"
2020-11-18,2020111804004983,SGI,34,45,10,559.00,"5,590.00"
2020-11-18,2020111804004982,SGI,34,26,10,559.00,"5,590.00"
2020-11-18,2020111804005005,SGI,34,53,10,559.00,"5,590.00"
2020-11-18,2020111804005003,SGI,34,6,10,559.00,"5,590.00"
2020-11-18,2020111804005002,SGI,34,58,10,559.00,"5,590.00"
2020-11-18,2020111804005001,SGI,34,45,10,559.00,"5,590.00"
2020-11-18,2020111804004999,SGI,34,14,10,559.00,"5,590.00"
2020-11-18,2020111804004997,SGI,34,14,10,559.00,"5,590.00"
2020-11-18,2020111804005013,SGI,49,17,10,559.00,"5,590.00"
2020-11-18,2020111804005011,SGI,49,6,10,559.00,"5,590.00"
2020-11-18,2020111804005009,SGI,49,47,10,559.00,"5,590.00"
2020-11-18,2020111804005008,SGI,49,32,10,559.00,"5,590.00"
2020-11-18,2020111804005007,SGI,49,21,10,559.00,"5,590.00"
2020-11-18,2020111804005006,SGI,49,56,10,559.00,"5,590.00"
2020-11-18,2020111804005023,SGI,49,17,10,559.00,"5,590.00"
2020-11-18,2020111804005022,SGI,49,14,10,559.00,"5,590.00"
2020-11-18,2020111804005019,SGI,49,6,10,559.00,"5,590.00"
2020-11-18,2020111804005018,SGI,49,58,10,559.00,"5,590.00"
2020-11-18,2020111804005015,SGI,49,17,10,559.00,"5,590.00"
2020-11-18,2020111804005014,SGI,49,6,10,559.00,"5,590.00"
2020-11-18,2020111804005031,SGI,49,57,10,559.00,"5,590.00"
2020-11-18,2020111804005029,SGI,49,46,10,559.00,"5,590.00"
2020-11-18,2020111804005028,SGI,49,17,10,559.00,"5,590.00"
2020-11-18,2020111804005027,SGI,49,36,10,559.00,"5,590.00"
2020-11-18,2020111804005025,SGI,49,17,10,559.00,"5,590.00"
2020-11-18,2020111804005024,SGI,49,17,10,559.00,"5,590.00"
2020-11-18,2020111804005038,SGI,49,42,10,559.00,"5,590.00"
2020-11-18,2020111804005037,SGI,49,57,10,559.00,"5,590.00"
2020-11-18,2020111804005036,SGI,49,49,10,559.00,"5,590.00"
2020-11-18,2020111804005035,SGI,49,46,10,559.00,"5,590.00"
2020-11-18,2020111804005034,SGI,49,57,10,559.00,"5,590.00"
2020-11-18,2020111804005033,SGI,49,32,10,559.00,"5,590.00"
2020-11-18,2020111804005045,SGI,49,33,10,559.00,"5,590.00"
2020-11-18,2020111804005044,SGI,49,5,10,559.00,"5,590.00"
2020-11-18,2020111804005043,SGI,49,46,10,559.00,"5,590.00"
2020-11-18,2020111804005042,SGI,49,26,10,559.00,"5,590.00"
2020-11-18,2020111804005041,SGI,49,26,10,559.00,"5,590.00"
2020-11-18,2020111804005039,SGI,49,46,10,559.00,"5,590.00"
2020-11-18,2020111804005052,SGI,41,41,10,560.00,"5,600.00"
2020-11-18,2020111804005051,SGI,41,45,10,560.00,"5,600.00"
2020-11-18,2020111804005050,SGI,41,17,10,560.00,"5,600.00"
2020-11-18,2020111804005049,SGI,49,58,10,559.00,"5,590.00"
2020-11-18,2020111804005048,SGI,49,46,10,559.00,"5,590.00"
2020-11-18,2020111804005047,SGI,49,55,10,559.00,"5,590.00"
2020-11-18,2020111804005058,SGI,41,43,10,560.00,"5,600.00"
2020-11-18,2020111804005057,SGI,41,58,10,560.00,"5,600.00"
2020-11-18,2020111804005056,SGI,41,43,10,560.00,"5,600.00"
2020-11-18,2020111804005055,SGI,41,43,10,560.00,"5,600.00"
2020-11-18,2020111804005054,SGI,41,43,10,560.00,"5,600.00"
2020-11-18,2020111804005053,SGI,41,45,10,560.00,"5,600.00"
2020-11-18,2020111804005064,SGI,41,43,10,560.00,"5,600.00"
2020-11-18,2020111804005063,SGI,41,58,10,560.00,"5,600.00"
2020-11-18,2020111804005062,SGI,41,57,10,560.00,"5,600.00"
2020-11-18,2020111804005061,SGI,41,43,10,560.00,"5,600.00"
2020-11-18,2020111804005060,SGI,41,38,10,560.00,"5,600.00"
2020-11-18,2020111804005059,SGI,41,49,10,560.00,"5,600.00"
2020-11-18,2020111804005070,SGI,49,4,10,559.00,"5,590.00"
2020-11-18,2020111804005069,SGI,49,19,10,559.00,"5,590.00"
2020-11-18,2020111804005068,SGI,49,46,10,559.00,"5,590.00"
2020-11-18,2020111804005067,SGI,49,38,10,559.00,"5,590.00"
2020-11-18,2020111804005066,SGI,41,54,10,560.00,"5,600.00"
2020-11-18,2020111804005065,SGI,41,43,10,560.00,"5,600.00"
2020-11-18,2020111804005084,SGI,49,38,10,559.00,"5,590.00"
2020-11-18,2020111804005082,SGI,49,17,10,559.00,"5,590.00"
2020-11-18,2020111804005080,SGI,49,3,10,559.00,"5,590.00"
2020-11-18,2020111804005079,SGI,49,34,10,559.00,"5,590.00"
2020-11-18,2020111804005076,SGI,49,38,10,559.00,"5,590.00"
2020-11-18,2020111804005074,SGI,49,6,10,559.00,"5,590.00"
2020-11-18,2020111804005101,SGI,49,3,10,559.00,"5,590.00"
2020-11-18,2020111804005095,SGI,49,47,10,559.00,"5,590.00"
2020-11-18,2020111804005092,SGI,49,38,10,559.00,"5,590.00"
2020-11-18,2020111804005090,SGI,49,16,10,559.00,"5,590.00"
2020-11-18,2020111804005089,SGI,49,47,10,559.00,"5,590.00"
2020-11-18,2020111804005085,SGI,49,19,10,559.00,"5,590.00"
2020-11-18,2020111804005115,SGI,57,26,10,558.00,"5,580.00"
2020-11-18,2020111804005111,SGI,57,38,10,558.00,"5,580.00"
2020-11-18,2020111804005110,SGI,57,17,10,558.00,"5,580.00"
2020-11-18,2020111804005106,SGI,57,38,10,558.00,"5,580.00"
2020-11-18,2020111804005103,SGI,16,35,300,559.00,"167,700.00"
2020-11-18,2020111804005102,SGI,49,35,10,559.00,"5,590.00"
2020-11-18,2020111804005126,SGI,26,45,10,558.00,"5,580.00"
2020-11-18,2020111804005124,SGI,26,21,10,558.00,"5,580.00"
2020-11-18,2020111804005123,SGI,26,58,10,558.00,"5,580.00"
2020-11-18,2020111804005122,SGI,26,26,10,558.00,"5,580.00"
2020-11-18,2020111804005121,SGI,26,41,10,558.00,"5,580.00"
2020-11-18,2020111804005117,SGI,26,21,10,558.00,"5,580.00"
2020-11-18,2020111804005134,SGI,26,26,10,558.00,"5,580.00"
2020-11-18,2020111804005133,SGI,26,14,10,558.00,"5,580.00"
2020-11-18,2020111804005130,SGI,11,47,10,559.00,"5,590.00"
2020-11-18,2020111804005129,SGI,11,3,10,559.00,"5,590.00"
2020-11-18,2020111804005128,SGI,11,35,72,559.00,"40,248.00"
2020-11-18,2020111804005127,SGI,26,26,10,558.00,"5,580.00"
2020-11-18,2020111804004936,STC,41,32,10,"6,587.00","65,870.00"
2020-11-18,2020111804004935,STC,22,32,10,"6,587.00","65,870.00"
2020-11-18,2020111804004934,STC,49,32,10,"6,587.00","65,870.00"
2020-11-18,2020111804004933,STC,44,32,10,"6,587.00","65,870.00"
2020-11-18,2020111804004932,STC,32,32,20,"6,587.00","131,740.00"
2020-11-18,2020111804004931,STC,3,32,50,"6,587.00","329,350.00"
2020-11-18,2020111804004732,STC,59,22,10,"6,587.00","65,870.00"
2020-11-18,2020111804004584,CMF1,43,46,500,10.22,"5,110.00"
2020-11-18,2020111804004534,CMF1,43,26,800,10.22,"8,176.00"
2020-11-18,2020111804004503,CMF1,43,41,700,10.23,"7,161.00"
2020-11-18,2020111804004490,CMF1,43,36,"3,500",10.22,"35,770.00"
2020-11-18,2020111804004456,CMF1,43,26,400,10.22,"4,088.00"
2020-11-18,2020111804004445,CMF1,37,41,"4,300",10.23,"43,989.00"
2020-11-18,2020111804004227,CMF1,37,49,200,10.23,"2,046.00"
2020-11-18,2020111804004637,GIC,8,40,10,532.00,"5,320.00"
2020-11-18,2020111804004634,GIC,8,37,10,532.00,"5,320.00"
2020-11-18,2020111804004627,GIC,8,44,10,532.00,"5,320.00"
2020-11-18,2020111804004615,GIC,8,49,10,532.00,"5,320.00"
2020-11-18,2020111804004607,GIC,8,48,10,532.00,"5,320.00"
2020-11-18,2020111804004606,GIC,8,39,10,532.00,"5,320.00"
2020-11-18,2020111804004173,GIC,59,47,10,526.00,"5,260.00"
2020-11-18,2020111804004158,GIC,59,32,10,526.00,"5,260.00"
2020-11-18,2020111804004154,GIC,34,7,10,528.00,"5,280.00"
2020-11-18,2020111804004149,GIC,59,32,10,526.00,"5,260.00"
2020-11-18,2020111804004147,GIC,59,32,10,526.00,"5,260.00"
2020-11-18,2020111804004146,GIC,25,53,30,527.00,"15,810.00"
2020-11-18,2020111804004183,GIC,25,16,10,529.00,"5,290.00"
2020-11-18,2020111804004182,GIC,25,41,10,529.00,"5,290.00"
2020-11-18,2020111804004181,GIC,25,56,10,529.00,"5,290.00"
2020-11-18,2020111804004180,GIC,25,42,10,529.00,"5,290.00"
2020-11-18,2020111804004179,GIC,25,7,10,529.00,"5,290.00"
2020-11-18,2020111804004178,GIC,25,42,10,528.00,"5,280.00"
2020-11-18,2020111804004189,GIC,25,10,10,530.00,"5,300.00"
2020-11-18,2020111804004188,GIC,25,42,10,530.00,"5,300.00"
2020-11-18,2020111804004187,GIC,25,59,10,530.00,"5,300.00"
2020-11-18,2020111804004186,GIC,25,50,10,530.00,"5,300.00"
2020-11-18,2020111804004185,GIC,25,50,10,530.00,"5,300.00"
2020-11-18,2020111804004184,GIC,25,22,10,529.00,"5,290.00"
2020-11-18,2020111804004195,GIC,25,56,10,530.00,"5,300.00"
2020-11-18,2020111804004194,GIC,25,21,10,530.00,"5,300.00"
2020-11-18,2020111804004193,GIC,25,57,10,530.00,"5,300.00"
2020-11-18,2020111804004192,GIC,25,49,10,530.00,"5,300.00"
2020-11-18,2020111804004191,GIC,25,59,10,530.00,"5,300.00"
2020-11-18,2020111804004190,GIC,25,36,10,530.00,"5,300.00"
2020-11-18,2020111804004203,GIC,25,41,10,530.00,"5,300.00"
2020-11-18,2020111804004202,GIC,25,38,10,530.00,"5,300.00"
2020-11-18,2020111804004201,GIC,25,39,10,530.00,"5,300.00"
2020-11-18,2020111804004198,GIC,25,41,10,530.00,"5,300.00"
2020-11-18,2020111804004197,GIC,25,36,10,530.00,"5,300.00"
2020-11-18,2020111804004196,GIC,25,57,10,530.00,"5,300.00"
2020-11-18,2020111804004239,GIC,25,56,60,531.00,"31,860.00"
2020-11-18,2020111804004238,GIC,25,3,10,531.00,"5,310.00"
2020-11-18,2020111804004235,GIC,25,32,10,530.00,"5,300.00"
2020-11-18,2020111804004225,GIC,25,22,10,530.00,"5,300.00"
2020-11-18,2020111804004217,GIC,25,13,10,530.00,"5,300.00"
2020-11-18,2020111804004216,GIC,25,46,10,530.00,"5,300.00"
2020-11-18,2020111804004247,GIC,25,55,10,530.00,"5,300.00"
2020-11-18,2020111804004244,GIC,25,38,10,531.00,"5,310.00"
2020-11-18,2020111804004243,GIC,25,42,10,531.00,"5,310.00"
2020-11-18,2020111804004242,GIC,25,21,10,531.00,"5,310.00"
2020-11-18,2020111804004241,GIC,25,38,10,531.00,"5,310.00"
2020-11-18,2020111804004240,GIC,25,58,10,531.00,"5,310.00"
2020-11-18,2020111804004287,GIC,57,56,10,527.00,"5,270.00"
2020-11-18,2020111804004286,GIC,57,51,10,527.00,"5,270.00"
2020-11-18,2020111804004274,GIC,57,48,10,527.00,"5,270.00"
2020-11-18,2020111804004271,GIC,57,32,10,527.00,"5,270.00"
2020-11-18,2020111804004269,GIC,57,47,10,527.00,"5,270.00"
2020-11-18,2020111804004249,GIC,25,53,10,530.00,"5,300.00"
2020-11-18,2020111804004339,GIC,59,34,10,526.00,"5,260.00"
2020-11-18,2020111804004335,GIC,59,38,10,526.00,"5,260.00"
2020-11-18,2020111804004332,GIC,59,47,10,526.00,"5,260.00"
2020-11-18,2020111804004314,GIC,59,32,10,526.00,"5,260.00"
2020-11-18,2020111804004312,GIC,59,47,10,526.00,"5,260.00"
2020-11-18,2020111804004291,GIC,59,47,10,526.00,"5,260.00"
2020-11-18,2020111804004367,GIC,59,46,10,526.00,"5,260.00"
2020-11-18,2020111804004365,GIC,59,13,10,526.00,"5,260.00"
2020-11-18,2020111804004363,GIC,59,38,10,526.00,"5,260.00"
2020-11-18,2020111804004358,GIC,59,38,10,526.00,"5,260.00"
2020-11-18,2020111804004355,GIC,59,47,10,526.00,"5,260.00"
2020-11-18,2020111804004349,GIC,59,4,10,526.00,"5,260.00"
2020-11-18,2020111804004443,GIC,41,53,90,526.00,"47,340.00"
2020-11-18,2020111804004442,GIC,3,53,100,526.00,"52,600.00"
2020-11-18,2020111804004441,GIC,11,53,155,526.00,"81,530.00"
2020-11-18,2020111804004440,GIC,59,53,100,526.00,"52,600.00"
2020-11-18,2020111804004383,GIC,59,34,10,526.00,"5,260.00"
2020-11-18,2020111804004381,GIC,59,38,10,526.00,"5,260.00"
2020-11-18,2020111804004522,GIC,42,57,10,526.00,"5,260.00"
2020-11-18,2020111804004518,GIC,42,35,10,526.00,"5,260.00"
2020-11-18,2020111804004504,GIC,42,38,10,526.00,"5,260.00"
2020-11-18,2020111804004500,GIC,42,42,10,526.00,"5,260.00"
2020-11-18,2020111804004479,GIC,50,28,10,526.00,"5,260.00"
2020-11-18,2020111804004444,GIC,50,53,85,526.00,"44,710.00"
2020-11-18,2020111804004549,GIC,5,47,10,526.00,"5,260.00"
2020-11-18,2020111804004547,GIC,5,48,10,526.00,"5,260.00"
2020-11-18,2020111804004545,GIC,5,49,10,526.00,"5,260.00"
2020-11-18,2020111804004536,GIC,5,16,10,526.00,"5,260.00"
2020-11-18,2020111804004535,GIC,5,17,10,526.00,"5,260.00"
2020-11-18,2020111804004532,GIC,42,38,10,526.00,"5,260.00"
2020-11-18,2020111804004571,GIC,41,38,10,526.00,"5,260.00"
2020-11-18,2020111804004566,GIC,41,38,10,526.00,"5,260.00"
2020-11-18,2020111804004554,GIC,5,38,10,526.00,"5,260.00"
2020-11-18,2020111804004552,GIC,5,45,10,526.00,"5,260.00"
2020-11-18,2020111804004551,GIC,5,17,10,526.00,"5,260.00"
2020-11-18,2020111804004550,GIC,5,48,10,526.00,"5,260.00"
2020-11-18,2020111804004589,GIC,8,35,10,530.00,"5,300.00"
2020-11-18,2020111804004588,GIC,8,58,10,530.00,"5,300.00"
2020-11-18,2020111804004587,GIC,8,32,10,530.00,"5,300.00"
2020-11-18,2020111804004586,GIC,8,42,10,527.00,"5,270.00"
2020-11-18,2020111804004585,GIC,8,42,10,527.00,"5,270.00"
2020-11-18,2020111804004578,GIC,41,54,10,526.00,"5,260.00"
2020-11-18,2020111804004595,GIC,8,17,10,531.00,"5,310.00"
2020-11-18,2020111804004594,GIC,8,21,10,531.00,"5,310.00"
2020-11-18,2020111804004593,GIC,8,56,10,530.00,"5,300.00"
2020-11-18,2020111804004592,GIC,8,50,10,530.00,"5,300.00"
2020-11-18,2020111804004591,GIC,8,21,10,530.00,"5,300.00"
2020-11-18,2020111804004590,GIC,8,53,10,530.00,"5,300.00"
2020-11-18,2020111804004601,GIC,8,29,510,532.00,"271,320.00"
2020-11-18,2020111804004600,GIC,8,22,10,532.00,"5,320.00"
2020-11-18,2020111804004599,GIC,8,42,10,532.00,"5,320.00"
2020-11-18,2020111804004598,GIC,8,42,10,532.00,"5,320.00"
2020-11-18,2020111804004597,GIC,8,14,10,532.00,"5,320.00"
2020-11-18,2020111804004596,GIC,8,58,10,531.00,"5,310.00"
2020-11-18,2020111804004453,GIMES1,41,41,"2,500",11.34,"28,350.00"
2020-11-18,2020111804004359,LEMF,34,6,"5,000",10.17,"50,850.00"
2020-11-18,2020111804004629,LUK,22,26,500,9.72,"4,860.00"
2020-11-18,2020111804004145,LUK,22,46,100,9.72,972.00
2020-11-18,2020111804004354,NBF2,28,38,"3,900",9.92,"38,688.00"
2020-11-18,2020111804004353,NBF2,3,38,100,9.95,995.00
2020-11-18,2020111804004572,NEF,14,1,966,9.90,"9,563.40"
2020-11-18,2020111804004514,NEF,14,36,"1,207",9.90,"11,949.30"
2020-11-18,2020111804004460,NEF,14,47,300,9.89,"2,967.00"
2020-11-18,2020111804004459,NEF,14,41,"1,198",9.86,"11,812.28"
2020-11-18,2020111804004259,NEF,45,41,"1,000",9.90,"9,900.00"
2020-11-18,2020111804004258,NEF,11,41,472,9.90,"4,672.80"
2020-11-18,2020111804004236,NEF,11,17,"2,414",9.90,"23,898.60"
2020-11-18,2020111804004199,NEF,11,45,"2,114",9.90,"20,928.60"
2020-11-18,2020111804004524,NIBPO,16,28,301,371.00,"111,671.00"
2020-11-18,2020111804004523,NIBPO,16,52,210,370.00,"77,700.00"
2020-11-18,2020111804004250,NIBPO,6,28,16,371.00,"5,936.00"
2020-11-18,2020111804004165,NIBPO,6,45,"2,000",364.00,"728,000.00"
2020-11-18,2020111804004529,NIBSF1,34,22,300,10.87,"3,261.00"
2020-11-18,2020111804004364,NIBSF1,32,7,"1,000",10.85,"10,850.00"
2020-11-18,2020111804004517,NICAD8283,6,41,100,"1,145.00","114,500.00"
2020-11-18,2020111804004635,NICGF,57,41,"5,000",10.65,"53,250.00"
2020-11-18,2020111804004510,NICGF,33,46,150,10.59,"1,588.50"
2020-11-18,2020111804004338,NICGF,33,55,"5,000",10.59,"52,950.00"
2020-11-18,2020111804004264,NICGF,33,38,"4,000",10.59,"42,360.00"
2020-11-18,2020111804004252,NICGF,33,49,200,10.59,"2,118.00"
2020-11-18,2020111804004162,NICGF,33,58,200,10.59,"2,118.00"
2020-11-18,2020111804004488,NMB50,45,34,200,9.90,"1,980.00"
2020-11-18,2020111804004486,NMBHF1,3,17,"1,248",10.32,"12,879.36"
2020-11-18,2020111804004478,NMBHF1,3,17,157,10.32,"1,620.24"
2020-11-18,2020111804004477,NMBHF1,3,17,"1,091",10.33,"11,270.03"
2020-11-18,2020111804004465,NMBHF1,3,17,"1,748",10.33,"18,056.84"
2020-11-18,2020111804004450,NMBHF1,3,45,"2,161",10.33,"22,323.13"
2020-11-18,2020111804004449,NMBHF1,45,45,"1,000",10.33,"10,330.00"
2020-11-18,2020111804004448,NMBHF1,45,45,"1,000",10.34,"10,340.00"
2020-11-18,2020111804004325,RBCLPO,43,6,10,"14,490.00","144,900.00"
2020-11-18,2020111804004577,SAEF,35,46,"3,300",11.50,"37,950.00"
2020-11-18,2020111804004570,SAEF,42,46,"7,700",11.51,"88,627.00"
2020-11-18,2020111804004520,SAEF,34,17,900,11.60,"10,440.00"
2020-11-18,2020111804004277,SAEF,34,49,100,11.60,"1,160.00"
2020-11-18,2020111804004232,SAEF,34,47,"4,000",11.60,"46,400.00"
2020-11-18,2020111804004619,SEF,14,41,"4,000",10.65,"42,600.00"
2020-11-18,2020111804004548,SEF,14,46,"6,000",10.65,"63,900.00"
2020-11-18,2020111804004268,SEF,59,49,100,10.63,"1,063.00"
2020-11-18,2020111804004642,SGI,26,38,10,559.00,"5,590.00"
2020-11-18,2020111804004641,SGI,26,38,10,559.00,"5,590.00"
2020-11-18,2020111804004640,SGI,26,59,10,559.00,"5,590.00"
2020-11-18,2020111804004639,SGI,26,38,10,559.00,"5,590.00"
2020-11-18,2020111804004638,SGI,26,16,10,559.00,"5,590.00"
2020-11-18,2020111804004636,SGI,26,38,10,559.00,"5,590.00"
2020-11-18,2020111804004150,SGI,6,40,10,557.00,"5,570.00"
2020-11-18,2020111804004148,SGI,6,21,10,557.00,"5,570.00"
2020-11-18,2020111804004144,SGI,6,21,10,557.00,"5,570.00"
2020-11-18,2020111804004143,SGI,6,32,10,557.00,"5,570.00"
