Date,Transact. No.,Symbol,Buyer,Seller,Quantity,Rate,Amount
2019-04-16,2019041601008801,AHPC,58,45,859,102.00,"87,618.00"
2019-04-16,2019041601008569,AKJCL,42,49,10,80.00,800.00
2019-04-16,2019041601008511,AKJCL,42,49,20,80.00,"1,600.00"
2019-04-16,2019041601008820,ALBSL,57,43,10,469.00,"4,690.00"
2019-04-16,2019041601008794,ALBSL,57,43,10,469.00,"4,690.00"
2019-04-16,2019041601008760,ALBSL,57,43,10,469.00,"4,690.00"
2019-04-16,2019041601008738,ALBSL,57,43,10,469.00,"4,690.00"
2019-04-16,2019041601008712,ALBSL,38,45,10,470.00,"4,700.00"
2019-04-16,2019041601008711,ALBSL,38,45,10,470.00,"4,700.00"
2019-04-16,2019041601008583,ALBSL,57,49,10,469.00,"4,690.00"
2019-04-16,2019041601008568,ALBSL,57,10,10,469.00,"4,690.00"
2019-04-16,2019041601008541,ALBSL,57,10,10,469.00,"4,690.00"
2019-04-16,2019041601008818,ALICL,50,33,500,412.00,"206,000.00"
2019-04-16,2019041601008769,API,25,45,26,135.00,"3,510.00"
2019-04-16,2019041601008768,API,25,22,84,134.00,"11,256.00"
2019-04-16,2019041601008767,API,25,43,10,134.00,"1,340.00"
2019-04-16,2019041601008766,API,25,29,700,133.00,"93,100.00"
2019-04-16,2019041601008654,BARUN,56,19,300,96.00,"28,800.00"
2019-04-16,2019041601008572,BARUN,39,42,80,95.00,"7,600.00"
2019-04-16,2019041601008874,BOKL,38,6,50,267.00,"13,350.00"
2019-04-16,2019041601008817,BOKL,21,6,100,267.00,"26,700.00"
2019-04-16,2019041601008816,BOKL,21,10,100,267.00,"26,700.00"
2019-04-16,2019041601008686,BOKL,43,42,200,266.00,"53,200.00"
2019-04-16,2019041601008685,BOKL,43,25,20,266.00,"5,320.00"
2019-04-16,2019041601008675,BOKL,52,25,980,266.00,"260,680.00"
2019-04-16,2019041601008617,BOKL,43,58,500,265.00,"132,500.00"
2019-04-16,2019041601008601,BOKL,43,58,483,265.00,"127,995.00"
2019-04-16,2019041601008600,BOKL,43,21,200,265.00,"53,000.00"
2019-04-16,2019041601008599,BOKL,43,58,817,265.00,"216,505.00"
2019-04-16,2019041601008559,BOKL,42,58,30,265.00,"7,950.00"
2019-04-16,2019041601008489,BOKL,52,58,100,265.00,"26,500.00"
2019-04-16,2019041601008674,BOKL,52,21,20,266.00,"5,320.00"
2019-04-16,2019041601008673,BOKL,52,39,500,266.00,"133,000.00"
2019-04-16,2019041601008653,BOKL,29,39,500,266.00,"133,000.00"
2019-04-16,2019041601008652,BOKL,29,35,500,266.00,"133,000.00"
2019-04-16,2019041601008650,BOKL,43,11,500,265.00,"132,500.00"
2019-04-16,2019041601008649,BOKL,43,58,17,265.00,"4,505.00"
2019-04-16,2019041601008709,BPCL,41,28,202,360.00,"72,720.00"
2019-04-16,2019041601008963,CBBL,50,19,42,960.00,"40,320.00"
2019-04-16,2019041601008962,CBBL,50,10,11,960.00,"10,560.00"
2019-04-16,2019041601008961,CBBL,50,59,100,960.00,"96,000.00"
2019-04-16,2019041601008960,CBBL,50,13,100,959.00,"95,900.00"
2019-04-16,2019041601008959,CBBL,50,5,175,958.00,"167,650.00"
2019-04-16,2019041601008958,CBBL,50,49,200,958.00,"191,600.00"
2019-04-16,2019041601008957,CBBL,50,34,50,957.00,"47,850.00"
2019-04-16,2019041601008956,CBBL,50,13,22,957.00,"21,054.00"
2019-04-16,2019041601008892,CBL,59,42,107,168.00,"17,976.00"
2019-04-16,2019041601008891,CBL,59,21,500,168.00,"84,000.00"
2019-04-16,2019041601008890,CBL,59,43,200,168.00,"33,600.00"
2019-04-16,2019041601008889,CBL,59,56,193,168.00,"32,424.00"
2019-04-16,2019041601008825,CBL,37,48,400,167.00,"66,800.00"
2019-04-16,2019041601008807,CBL,37,56,"1,807",168.00,"303,576.00"
2019-04-16,2019041601008542,CBL,37,58,157,167.00,"26,219.00"
2019-04-16,2019041601008495,CBL,41,58,843,167.00,"140,781.00"
2019-04-16,2019041601008486,CBL,41,48,735,167.00,"122,745.00"
2019-04-16,2019041601008806,CBL,37,49,200,168.00,"33,600.00"
2019-04-16,2019041601008805,CBL,37,5,493,168.00,"82,824.00"
2019-04-16,2019041601008751,CBL,35,5,600,168.00,"100,800.00"
2019-04-16,2019041601008672,CBL,58,5,57,168.00,"9,576.00"
2019-04-16,2019041601008671,CBL,58,34,143,168.00,"24,024.00"
2019-04-16,2019041601008592,CBL,26,34,157,168.00,"26,376.00"
2019-04-16,2019041601008708,CHCL,57,26,500,510.00,"255,000.00"
2019-04-16,2019041601008614,CHCL,22,20,72,508.00,"36,576.00"
2019-04-16,2019041601008613,CHCL,33,20,100,508.00,"50,800.00"
2019-04-16,2019041601008481,CHL,45,45,100,103.00,"10,300.00"
2019-04-16,2019041601008553,CHLBS,56,45,10,493.00,"4,930.00"
2019-04-16,2019041601008540,CHLBS,56,45,10,493.00,"4,930.00"
2019-04-16,2019041601008915,CIT,58,17,40,"2,550.00","102,000.00"
2019-04-16,2019041601008809,CIT,43,32,10,"2,546.00","25,460.00"
2019-04-16,2019041601008689,CIT,13,17,43,"2,550.00","109,650.00"
2019-04-16,2019041601008688,CIT,39,17,17,"2,559.00","43,503.00"
2019-04-16,2019041601008545,CIT,58,39,467,"2,551.00","1,191,317.00"
2019-04-16,2019041601008596,CLBSL,44,1,10,591.00,"5,910.00"
2019-04-16,2019041601008880,CZBIL,50,4,300,227.00,"68,100.00"
2019-04-16,2019041601008879,CZBIL,50,44,73,227.00,"16,571.00"
2019-04-16,2019041601008574,CZBIL,34,43,20,227.00,"4,540.00"
2019-04-16,2019041601008504,CZBIL,28,43,200,227.00,"45,400.00"
2019-04-16,2019041601008484,CZBIL,48,43,280,227.00,"63,560.00"
2019-04-16,2019041601008739,DBBL,13,38,500,129.00,"64,500.00"
2019-04-16,2019041601008731,DBBL,34,39,200,129.00,"25,800.00"
2019-04-16,2019041601008952,EBL,36,19,13,614.00,"7,982.00"
2019-04-16,2019041601008700,EBL,39,42,100,611.00,"61,100.00"
2019-04-16,2019041601008580,EBL,14,44,500,613.00,"306,500.00"
2019-04-16,2019041601008523,EBL,14,13,400,612.00,"244,800.00"
2019-04-16,2019041601008724,EIC,57,29,100,"1,001.00","100,100.00"
2019-04-16,2019041601008621,EIC,40,5,50,"1,009.00","50,450.00"
2019-04-16,2019041601008620,EIC,48,5,50,"1,009.00","50,450.00"
2019-04-16,2019041601008899,FMDBL,57,34,10,399.00,"3,990.00"
2019-04-16,2019041601008898,FMDBL,57,39,31,398.00,"12,338.00"
2019-04-16,2019041601008803,FMDBL,22,48,"1,000",395.00,"395,000.00"
2019-04-16,2019041601008802,FMDBL,38,48,93,395.00,"36,735.00"
2019-04-16,2019041601008734,FOWAD,14,51,12,"1,550.00","18,600.00"
2019-04-16,2019041601008512,FOWAD,14,45,13,"1,550.00","20,150.00"
2019-04-16,2019041601008971,GBBL,42,39,200,205.00,"41,000.00"
2019-04-16,2019041601008970,GBBL,42,13,100,205.00,"20,500.00"
2019-04-16,2019041601008969,GBBL,42,34,200,205.00,"41,000.00"
2019-04-16,2019041601008968,GBBL,42,34,500,205.00,"102,500.00"
2019-04-16,2019041601008967,GBBL,42,45,51,205.00,"10,455.00"
2019-04-16,2019041601008966,GBBL,42,43,207,205.00,"42,435.00"
2019-04-16,2019041601008965,GBBL,42,42,500,204.00,"102,000.00"
2019-04-16,2019041601008865,GBBL,28,39,149,202.00,"30,098.00"
2019-04-16,2019041601008864,GBBL,25,39,351,202.00,"70,902.00"
2019-04-16,2019041601008619,GBBL,39,39,100,204.00,"20,400.00"
2019-04-16,2019041601008778,GBIME,44,52,207,282.00,"58,374.00"
2019-04-16,2019041601008777,GBIME,44,47,451,282.00,"127,182.00"
2019-04-16,2019041601008522,GBIME,51,47,49,282.00,"13,818.00"
2019-04-16,2019041601008799,GBLBS,13,57,10,363.00,"3,630.00"
2019-04-16,2019041601008798,GBLBS,13,32,92,360.00,"33,120.00"
2019-04-16,2019041601008753,GBLBS,51,32,100,360.00,"36,000.00"
2019-04-16,2019041601008485,GILB,10,44,200,"1,068.00","213,600.00"
2019-04-16,2019041601008935,GLICL,58,44,100,534.00,"53,400.00"
2019-04-16,2019041601008934,GLICL,58,42,201,534.00,"107,334.00"
2019-04-16,2019041601008933,GLICL,58,50,100,534.00,"53,400.00"
2019-04-16,2019041601008932,GLICL,58,48,14,530.00,"7,420.00"
2019-04-16,2019041601008931,GLICL,58,22,154,530.00,"81,620.00"
2019-04-16,2019041601008930,GLICL,58,53,20,530.00,"10,600.00"
2019-04-16,2019041601008929,GLICL,58,58,700,529.00,"370,300.00"
2019-04-16,2019041601008928,GLICL,58,17,50,529.00,"26,450.00"
2019-04-16,2019041601008853,GLICL,5,51,120,528.00,"63,360.00"
2019-04-16,2019041601008757,GLICL,42,51,80,528.00,"42,240.00"
2019-04-16,2019041601008756,GLICL,42,13,50,528.00,"26,400.00"
2019-04-16,2019041601008755,GLICL,42,48,70,528.00,"36,960.00"
2019-04-16,2019041601008687,HBL,48,28,50,510.00,"25,500.00"
2019-04-16,2019041601008505,HGI,43,45,100,390.00,"39,000.00"
2019-04-16,2019041601008787,HIDCL,48,35,14,138.00,"1,932.00"
2019-04-16,2019041601008786,HIDCL,48,45,41,138.00,"5,658.00"
2019-04-16,2019041601008785,HIDCL,48,4,15,138.00,"2,070.00"
2019-04-16,2019041601008977,ICFC,14,45,10,159.00,"1,590.00"
2019-04-16,2019041601008557,ICFC,42,25,907,156.00,"141,492.00"
2019-04-16,2019041601008716,IGI,41,49,50,400.00,"20,000.00"
2019-04-16,2019041601008715,IGI,45,49,100,400.00,"40,000.00"
2019-04-16,2019041601008729,IGI,5,17,40,406.00,"16,240.00"
2019-04-16,2019041601008728,IGI,5,58,"1,000",405.00,"405,000.00"
2019-04-16,2019041601008727,IGI,5,49,100,404.00,"40,400.00"
2019-04-16,2019041601008726,IGI,5,19,80,404.00,"32,320.00"
2019-04-16,2019041601008725,IGI,5,42,130,402.00,"52,260.00"
2019-04-16,2019041601008717,IGI,45,49,50,399.00,"19,950.00"
2019-04-16,2019041601008791,IGI,5,22,356,406.00,"144,536.00"
2019-04-16,2019041601008776,IGI,5,51,60,406.00,"24,360.00"
2019-04-16,2019041601008758,IGI,5,58,"1,000",408.00,"408,000.00"
2019-04-16,2019041601008730,IGI,5,43,234,406.00,"95,004.00"
2019-04-16,2019041601008893,JBNL,25,34,470,188.00,"88,360.00"
2019-04-16,2019041601008828,JBNL,25,42,"1,530",188.00,"287,640.00"
2019-04-16,2019041601008827,JBNL,14,42,100,188.00,"18,800.00"
2019-04-16,2019041601008510,JBNL,57,28,"1,000",188.00,"188,000.00"
2019-04-16,2019041601008974,KADBL,59,32,20,159.00,"3,180.00"
2019-04-16,2019041601008884,KBL,48,56,"1,700",260.00,"442,000.00"
2019-04-16,2019041601008859,KBL,57,59,200,259.00,"51,800.00"
2019-04-16,2019041601008858,KBL,37,59,300,259.00,"77,700.00"
2019-04-16,2019041601008857,KBL,38,59,100,259.00,"25,900.00"
2019-04-16,2019041601008856,KBL,25,59,150,259.00,"38,850.00"
2019-04-16,2019041601008855,KBL,25,59,250,259.00,"64,750.00"
2019-04-16,2019041601008577,KBL,22,56,200,260.00,"52,000.00"
2019-04-16,2019041601008576,KBL,10,56,550,260.00,"143,000.00"
2019-04-16,2019041601008563,KBL,10,38,200,260.00,"52,000.00"
2019-04-16,2019041601008562,KBL,42,38,300,260.00,"78,000.00"
2019-04-16,2019041601008551,KBL,59,32,100,261.00,"26,100.00"
2019-04-16,2019041601008508,KBL,42,48,200,260.00,"52,000.00"
2019-04-16,2019041601008819,KBL,1,56,400,260.00,"104,000.00"
2019-04-16,2019041601008698,KBL,42,54,900,260.00,"234,000.00"
2019-04-16,2019041601008640,KBL,25,54,100,260.00,"26,000.00"
2019-04-16,2019041601008634,KBL,51,54,"1,900",260.00,"494,000.00"
2019-04-16,2019041601008608,KBL,48,54,100,260.00,"26,000.00"
2019-04-16,2019041601008578,KBL,13,56,100,260.00,"26,000.00"
2019-04-16,2019041601008852,KPCL,45,6,10,92.00,920.00
2019-04-16,2019041601008851,KPCL,45,8,10,92.00,920.00
2019-04-16,2019041601008850,KPCL,45,42,10,92.00,920.00
2019-04-16,2019041601008849,KPCL,45,26,10,92.00,920.00
2019-04-16,2019041601008848,KPCL,45,42,10,92.00,920.00
2019-04-16,2019041601008829,KPCL,45,41,50,92.00,"4,600.00"
2019-04-16,2019041601008835,KPCL,45,7,10,92.00,920.00
2019-04-16,2019041601008834,KPCL,45,7,10,92.00,920.00
2019-04-16,2019041601008833,KPCL,45,7,10,92.00,920.00
2019-04-16,2019041601008832,KPCL,45,7,10,92.00,920.00
2019-04-16,2019041601008831,KPCL,45,14,10,92.00,920.00
2019-04-16,2019041601008830,KPCL,45,33,10,92.00,920.00
2019-04-16,2019041601008841,KPCL,45,7,10,92.00,920.00
2019-04-16,2019041601008840,KPCL,45,50,10,92.00,920.00
2019-04-16,2019041601008839,KPCL,45,7,10,92.00,920.00
2019-04-16,2019041601008838,KPCL,45,7,10,92.00,920.00
2019-04-16,2019041601008837,KPCL,45,7,10,92.00,920.00
2019-04-16,2019041601008836,KPCL,45,7,10,92.00,920.00
2019-04-16,2019041601008847,KPCL,45,42,10,92.00,920.00
2019-04-16,2019041601008846,KPCL,45,35,10,92.00,920.00
2019-04-16,2019041601008845,KPCL,45,52,10,92.00,920.00
2019-04-16,2019041601008844,KPCL,45,58,10,92.00,920.00
2019-04-16,2019041601008843,KPCL,45,26,10,92.00,920.00
2019-04-16,2019041601008842,KPCL,45,50,10,92.00,920.00
2019-04-16,2019041601008575,KSBBL,37,29,670,146.00,"97,820.00"
2019-04-16,2019041601008683,LBBL,33,51,176,175.00,"30,800.00"
2019-04-16,2019041601008682,LBBL,33,46,"1,000",175.00,"175,000.00"
2019-04-16,2019041601008854,LBL,55,7,"2,000",217.00,"434,000.00"
2019-04-16,2019041601008664,LBL,45,34,"1,000",216.00,"216,000.00"
2019-04-16,2019041601008633,LBL,45,34,"2,000",216.00,"432,000.00"
2019-04-16,2019041601008598,LBL,45,34,700,216.00,"151,200.00"
2019-04-16,2019041601008597,LBL,42,34,300,216.00,"64,800.00"
2019-04-16,2019041601008949,LGIL,45,19,30,510.00,"15,300.00"
2019-04-16,2019041601008635,LGIL,34,29,500,510.00,"255,000.00"
2019-04-16,2019041601008737,LICN,16,39,200,"1,555.00","311,000.00"
2019-04-16,2019041601008736,LICN,16,58,200,"1,554.00","310,800.00"
2019-04-16,2019041601008863,LLBS,49,5,10,820.00,"8,200.00"
2019-04-16,2019041601008862,LLBS,49,41,100,814.00,"81,400.00"
2019-04-16,2019041601008861,LLBS,49,28,100,813.00,"81,300.00"
2019-04-16,2019041601008860,LLBS,49,5,250,812.00,"203,000.00"
2019-04-16,2019041601008951,MBL,50,51,500,251.00,"125,500.00"
2019-04-16,2019041601008950,MBL,25,51,"1,100",251.00,"276,100.00"
2019-04-16,2019041601008815,MBL,25,34,400,251.00,"100,400.00"
2019-04-16,2019041601008810,MBL,26,34,100,251.00,"25,100.00"
2019-04-16,2019041601008788,MBL,26,49,100,251.00,"25,100.00"
2019-04-16,2019041601008774,MBL,33,6,199,252.00,"50,148.00"
2019-04-16,2019041601008490,MBL,25,21,"1,300",251.00,"326,300.00"
2019-04-16,2019041601008721,MBL,58,49,151,251.00,"37,901.00"
2019-04-16,2019041601008637,MBL,58,49,11,251.00,"2,761.00"
2019-04-16,2019041601008494,MBL,25,53,99,251.00,"24,849.00"
2019-04-16,2019041601008493,MBL,25,58,50,251.00,"12,550.00"
2019-04-16,2019041601008492,MBL,25,6,500,251.00,"125,500.00"
2019-04-16,2019041601008491,MBL,25,50,"1,051",251.00,"263,801.00"
2019-04-16,2019041601008773,MBL,33,28,100,252.00,"25,200.00"
2019-04-16,2019041601008772,MBL,33,49,200,252.00,"50,400.00"
2019-04-16,2019041601008771,MBL,33,38,451,252.00,"113,652.00"
2019-04-16,2019041601008770,MBL,33,45,50,252.00,"12,600.00"
2019-04-16,2019041601008747,MBL,57,58,10,250.00,"2,500.00"
2019-04-16,2019041601008722,MBL,58,38,49,252.00,"12,348.00"
2019-04-16,2019041601008561,MDB,43,53,50,242.00,"12,100.00"
2019-04-16,2019041601008560,MDB,43,56,13,242.00,"3,146.00"
2019-04-16,2019041601008972,MEGA,58,4,253,178.00,"45,034.00"
2019-04-16,2019041601008941,MEGA,58,35,152,176.00,"26,752.00"
2019-04-16,2019041601008897,MEGA,58,48,"1,000",177.00,"177,000.00"
2019-04-16,2019041601008896,MEGA,58,34,200,177.00,"35,400.00"
2019-04-16,2019041601008895,MEGA,58,44,935,177.00,"165,495.00"
2019-04-16,2019041601008690,MEGA,53,44,99,177.00,"17,523.00"
2019-04-16,2019041601008547,MEGA,58,44,"3,000",177.00,"531,000.00"
2019-04-16,2019041601008546,MEGA,16,44,353,177.00,"62,481.00"
2019-04-16,2019041601008763,MNBBL,19,58,177,365.00,"64,605.00"
2019-04-16,2019041601008762,MNBBL,19,26,123,365.00,"44,895.00"
2019-04-16,2019041601008955,NABIL,45,44,100,766.00,"76,600.00"
2019-04-16,2019041601008752,NABIL,42,42,50,768.00,"38,400.00"
2019-04-16,2019041601008922,NADEP,56,44,10,633.00,"6,330.00"
2019-04-16,2019041601008869,NADEP,56,44,50,633.00,"31,650.00"
2019-04-16,2019041601008658,NADEP,56,17,10,630.00,"6,300.00"
2019-04-16,2019041601008657,NADEP,56,56,110,630.00,"69,300.00"
2019-04-16,2019041601008656,NADEP,56,17,10,630.00,"6,300.00"
2019-04-16,2019041601008655,NADEP,56,28,20,630.00,"12,600.00"
2019-04-16,2019041601008579,NADEP,56,39,20,626.00,"12,520.00"
2019-04-16,2019041601008524,NADEP,45,44,15,628.00,"9,420.00"
2019-04-16,2019041601008515,NADEP,14,20,20,626.00,"12,520.00"
2019-04-16,2019041601008978,NBB,34,41,100,216.00,"21,600.00"
2019-04-16,2019041601008924,NBB,25,14,932,214.00,"199,448.00"
2019-04-16,2019041601008923,NBB,41,14,68,214.00,"14,552.00"
2019-04-16,2019041601008735,NBB,36,36,"1,000",215.00,"215,000.00"
2019-04-16,2019041601008651,NBB,34,36,"1,000",215.00,"215,000.00"
2019-04-16,2019041601008618,NBB,29,36,500,215.00,"107,500.00"
2019-04-16,2019041601008480,NBB,11,41,800,216.00,"172,800.00"
2019-04-16,2019041601008479,NBB,11,16,"1,000",216.00,"216,000.00"
2019-04-16,2019041601008570,NBB,38,36,500,215.00,"107,500.00"
2019-04-16,2019041601008537,NBB,25,41,300,216.00,"64,800.00"
2019-04-16,2019041601008518,NBB,34,36,"1,300",215.00,"279,500.00"
2019-04-16,2019041601008509,NBB,5,36,700,215.00,"150,500.00"
2019-04-16,2019041601008501,NBB,5,7,300,215.00,"64,500.00"
2019-04-16,2019041601008500,NBB,21,7,200,215.00,"43,000.00"
2019-04-16,2019041601008706,NBL,44,25,200,299.00,"59,800.00"
2019-04-16,2019041601008514,NBL,40,25,"1,000",299.00,"299,000.00"
2019-04-16,2019041601008488,NBL,38,25,50,299.00,"14,950.00"
2019-04-16,2019041601008811,NCCB,18,43,10,229.00,"2,290.00"
2019-04-16,2019041601008804,NCCB,58,43,10,229.00,"2,290.00"
2019-04-16,2019041601008792,NCCB,58,32,"2,000",227.00,"454,000.00"
2019-04-16,2019041601008765,NCCB,58,43,10,229.00,"2,290.00"
2019-04-16,2019041601008745,NCCB,38,34,500,228.00,"114,000.00"
2019-04-16,2019041601008744,NCCB,38,45,250,228.00,"57,000.00"
2019-04-16,2019041601008503,NCCB,57,32,700,227.00,"158,900.00"
2019-04-16,2019041601008502,NCCB,57,32,300,227.00,"68,100.00"
2019-04-16,2019041601008499,NCCB,1,32,300,226.00,"67,800.00"
2019-04-16,2019041601008498,NCCB,37,32,"1,000",226.00,"226,000.00"
2019-04-16,2019041601008497,NCCB,33,32,500,226.00,"113,000.00"
2019-04-16,2019041601008496,NCCB,58,32,200,226.00,"45,200.00"
2019-04-16,2019041601008628,NCCB,56,58,200,227.00,"45,400.00"
2019-04-16,2019041601008625,NCCB,4,32,"1,501",226.00,"339,226.00"
2019-04-16,2019041601008624,NCCB,57,32,499,226.00,"112,774.00"
2019-04-16,2019041601008604,NCCB,57,42,501,226.00,"113,226.00"
2019-04-16,2019041601008528,NCCB,4,32,150,225.00,"33,750.00"
2019-04-16,2019041601008527,NCCB,59,32,150,226.00,"33,900.00"
2019-04-16,2019041601008642,NCCB,53,32,200,226.00,"45,200.00"
2019-04-16,2019041601008641,NCCB,4,32,"1,499",226.00,"338,774.00"
2019-04-16,2019041601008632,NCCB,56,48,288,228.00,"65,664.00"
2019-04-16,2019041601008631,NCCB,56,7,238,228.00,"54,264.00"
2019-04-16,2019041601008630,NCCB,56,58,"1,200",228.00,"273,600.00"
2019-04-16,2019041601008629,NCCB,56,47,74,227.00,"16,798.00"
2019-04-16,2019041601008743,NCCB,38,48,270,228.00,"61,560.00"
2019-04-16,2019041601008696,NCCB,58,32,"2,000",227.00,"454,000.00"
2019-04-16,2019041601008678,NCCB,57,32,"1,301",226.00,"294,026.00"
2019-04-16,2019041601008677,NCCB,38,32,699,226.00,"157,974.00"
2019-04-16,2019041601008670,NCCB,19,48,200,228.00,"45,600.00"
2019-04-16,2019041601008643,NCCB,38,32,301,226.00,"68,026.00"
2019-04-16,2019041601008948,NIB,51,49,89,559.00,"49,751.00"
2019-04-16,2019041601008947,NIB,51,8,761,559.00,"425,399.00"
2019-04-16,2019041601008905,NIB,51,8,239,559.00,"133,601.00"
2019-04-16,2019041601008904,NIB,51,35,37,559.00,"20,683.00"
2019-04-16,2019041601008903,NIB,51,35,37,559.00,"20,683.00"
2019-04-16,2019041601008902,NIB,51,11,14,559.00,"7,826.00"
2019-04-16,2019041601008901,NIB,51,38,486,559.00,"271,674.00"
2019-04-16,2019041601008900,NIB,51,58,37,559.00,"20,683.00"
2019-04-16,2019041601008883,NIB,20,39,37,558.00,"20,646.00"
2019-04-16,2019041601008627,NIB,57,42,150,557.00,"83,550.00"
2019-04-16,2019041601008626,NIB,51,42,850,557.00,"473,450.00"
2019-04-16,2019041601008973,NIBPO,59,34,110,518.00,"56,980.00"
2019-04-16,2019041601008539,NIBPO,47,28,100,519.00,"51,900.00"
2019-04-16,2019041601008953,NICA,45,43,"1,000",492.00,"492,000.00"
2019-04-16,2019041601008877,NICA,45,40,"1,531",492.00,"753,252.00"
2019-04-16,2019041601008876,NICA,54,40,468,493.00,"230,724.00"
2019-04-16,2019041601008875,NICA,40,40,61,494.00,"30,134.00"
2019-04-16,2019041601008784,NICA,1,48,200,495.00,"99,000.00"
2019-04-16,2019041601008647,NICA,10,48,200,495.00,"99,000.00"
2019-04-16,2019041601008519,NICA,38,36,300,496.00,"148,800.00"
2019-04-16,2019041601008638,NICA,40,17,11,494.00,"5,434.00"
2019-04-16,2019041601008605,NICA,40,45,400,494.00,"197,600.00"
2019-04-16,2019041601008555,NICA,11,48,100,495.00,"49,500.00"
2019-04-16,2019041601008544,NICA,53,48,500,495.00,"247,500.00"
2019-04-16,2019041601008543,NICA,54,48,200,495.00,"99,000.00"
2019-04-16,2019041601008520,NICA,38,22,100,496.00,"49,600.00"
2019-04-16,2019041601008870,NICL,16,16,114,382.00,"43,548.00"
2019-04-16,2019041601008939,NICL,16,17,64,384.00,"24,576.00"
2019-04-16,2019041601008873,NICL,16,17,186,384.00,"71,424.00"
2019-04-16,2019041601008872,NICL,16,52,500,383.00,"191,500.00"
2019-04-16,2019041601008871,NICL,16,41,200,383.00,"76,600.00"
2019-04-16,2019041601008612,NIL,38,38,100,524.00,"52,400.00"
2019-04-16,2019041601008603,NIL,41,38,500,522.00,"261,000.00"
2019-04-16,2019041601008602,NIL,16,38,300,522.00,"156,600.00"
2019-04-16,2019041601008976,NLG,6,52,100,824.00,"82,400.00"
2019-04-16,2019041601008790,NLIC,5,38,100,"1,105.00","110,500.00"
2019-04-16,2019041601008789,NLIC,5,13,60,"1,105.00","66,300.00"
2019-04-16,2019041601008746,NLIC,44,50,17,"1,100.00","18,700.00"
2019-04-16,2019041601008556,NLIC,44,58,40,"1,100.00","44,000.00"
2019-04-16,2019041601008921,NLICL,21,57,100,598.00,"59,800.00"
2019-04-16,2019041601008710,NLICL,39,22,300,595.00,"178,500.00"
2019-04-16,2019041601008552,NLICL,39,3,300,595.00,"178,500.00"
2019-04-16,2019041601008946,NMB,4,34,400,377.00,"150,800.00"
2019-04-16,2019041601008945,NMB,4,39,100,377.00,"37,700.00"
2019-04-16,2019041601008944,NMB,4,38,316,377.00,"119,132.00"
2019-04-16,2019041601008943,NMB,4,17,160,377.00,"60,320.00"
2019-04-16,2019041601008942,NMB,4,53,"1,776",377.00,"669,552.00"
2019-04-16,2019041601008926,NMB,42,6,180,375.00,"67,500.00"
2019-04-16,2019041601008526,NMB,59,41,250,376.00,"94,000.00"
2019-04-16,2019041601008525,NMB,53,41,250,376.00,"94,000.00"
2019-04-16,2019041601008517,NMB,53,42,"1,000",377.00,"377,000.00"
2019-04-16,2019041601008487,NMB,53,49,100,376.00,"37,600.00"
2019-04-16,2019041601008733,NMB,21,42,200,376.00,"75,200.00"
2019-04-16,2019041601008732,NMB,59,42,100,376.00,"37,600.00"
2019-04-16,2019041601008679,NMB,33,42,"1,000",377.00,"377,000.00"
2019-04-16,2019041601008648,NMB,29,42,500,377.00,"188,500.00"
2019-04-16,2019041601008587,NMB,59,39,50,376.00,"18,800.00"
2019-04-16,2019041601008548,NMB,59,48,100,376.00,"37,600.00"
2019-04-16,2019041601008812,NMB,29,42,50,376.00,"18,800.00"
2019-04-16,2019041601008782,NMB,49,8,100,375.00,"37,500.00"
2019-04-16,2019041601008781,NMB,7,8,100,375.00,"37,500.00"
2019-04-16,2019041601008780,NMB,7,8,500,375.00,"187,500.00"
2019-04-16,2019041601008779,NMB,42,8,125,375.00,"46,875.00"
2019-04-16,2019041601008764,NMB,42,57,63,375.00,"23,625.00"
2019-04-16,2019041601008888,NMB,33,53,224,377.00,"84,448.00"
2019-04-16,2019041601008887,NMB,33,57,500,377.00,"188,500.00"
2019-04-16,2019041601008886,NMB,33,38,276,377.00,"104,052.00"
2019-04-16,2019041601008885,NMB,29,38,500,377.00,"188,500.00"
2019-04-16,2019041601008814,NMB,29,38,224,377.00,"84,448.00"
2019-04-16,2019041601008813,NMB,29,42,226,377.00,"85,202.00"
2019-04-16,2019041601008636,NMBMF,18,50,10,"1,053.00","10,530.00"
2019-04-16,2019041601008663,NMFBS,33,47,15,"1,620.00","24,300.00"
2019-04-16,2019041601008662,NMFBS,33,42,15,"1,620.00","24,300.00"
2019-04-16,2019041601008661,NMFBS,33,19,10,"1,620.00","16,200.00"
2019-04-16,2019041601008660,NMFBS,33,21,26,"1,615.00","41,990.00"
2019-04-16,2019041601008659,NMFBS,33,45,10,"1,614.00","16,140.00"
2019-04-16,2019041601008567,NMFBS,33,13,15,"1,612.00","24,180.00"
2019-04-16,2019041601008882,PCBL,49,53,20,341.00,"6,820.00"
2019-04-16,2019041601008868,PCBL,50,53,67,341.00,"22,847.00"
2019-04-16,2019041601008867,PCBL,50,13,33,341.00,"11,253.00"
2019-04-16,2019041601008866,PCBL,50,48,100,341.00,"34,100.00"
2019-04-16,2019041601008748,PCBL,18,46,117,339.00,"39,663.00"
2019-04-16,2019041601008714,PCBL,43,6,300,338.00,"101,400.00"
2019-04-16,2019041601008695,PCBL,45,46,200,339.00,"67,800.00"
2019-04-16,2019041601008694,PCBL,49,46,183,339.00,"62,037.00"
2019-04-16,2019041601008622,PFL,58,14,19,137.00,"2,603.00"
2019-04-16,2019041601008975,PIC,20,53,57,"1,020.00","58,140.00"
2019-04-16,2019041601008920,PIC,20,22,18,"1,014.00","18,252.00"
2019-04-16,2019041601008919,PIC,20,22,100,"1,015.00","101,500.00"
2019-04-16,2019041601008918,PIC,56,22,50,"1,015.00","50,750.00"
2019-04-16,2019041601008917,PIC,37,22,22,"1,015.00","22,330.00"
2019-04-16,2019041601008916,PIC,55,22,89,"1,016.00","90,424.00"
2019-04-16,2019041601008684,PIC,55,48,11,"1,016.00","11,176.00"
2019-04-16,2019041601008554,PIC,18,22,11,"1,019.00","11,209.00"
2019-04-16,2019041601008573,PMHPL,56,55,10,111.00,"1,110.00"
2019-04-16,2019041601008558,PMHPL,56,20,10,111.00,"1,110.00"
2019-04-16,2019041601008705,PRIN,51,21,125,416.00,"52,000.00"
2019-04-16,2019041601008586,PRIN,20,38,400,418.00,"167,200.00"
2019-04-16,2019041601008964,PRVU,34,29,"3,500",264.00,"924,000.00"
2019-04-16,2019041601008925,PRVU,49,29,10,264.00,"2,640.00"
2019-04-16,2019041601008881,PRVU,50,45,100,263.00,"26,300.00"
2019-04-16,2019041601008808,PRVU,50,28,81,263.00,"21,303.00"
2019-04-16,2019041601008796,PRVU,53,28,919,263.00,"241,697.00"
2019-04-16,2019041601008795,PRVU,53,22,81,263.00,"21,303.00"
2019-04-16,2019041601008783,PRVU,50,22,500,263.00,"131,500.00"
2019-04-16,2019041601008759,PRVU,34,39,500,262.00,"131,000.00"
2019-04-16,2019041601008707,PRVU,25,39,500,262.00,"131,000.00"
2019-04-16,2019041601008699,PRVU,14,22,100,263.00,"26,300.00"
2019-04-16,2019041601008595,PRVU,14,33,100,261.00,"26,100.00"
2019-04-16,2019041601008594,PRVU,48,33,200,261.00,"52,200.00"
2019-04-16,2019041601008644,RBCL,58,34,10,"9,359.00","93,590.00"
2019-04-16,2019041601008581,RBCL,58,39,90,"9,171.00","825,390.00"
2019-04-16,2019041601008754,RHPC,54,54,18,92.00,"1,656.00"
2019-04-16,2019041601008797,RMDC,25,6,75,592.00,"44,400.00"
2019-04-16,2019041601008646,RMDC,25,6,150,592.00,"88,800.00"
2019-04-16,2019041601008616,RMDC,25,14,25,592.00,"14,800.00"
2019-04-16,2019041601008615,RMDC,39,14,10,592.00,"5,920.00"
2019-04-16,2019041601008538,RRHP,47,20,10,94.00,940.00
2019-04-16,2019041601008826,SADBL,26,5,200,146.00,"29,200.00"
2019-04-16,2019041601008907,SBI,49,33,134,425.00,"56,950.00"
2019-04-16,2019041601008906,SBI,49,45,53,425.00,"22,525.00"
2019-04-16,2019041601008878,SBI,22,33,50,425.00,"21,250.00"
2019-04-16,2019041601008723,SBI,35,33,16,425.00,"6,800.00"
2019-04-16,2019041601008914,SBL,4,52,"2,000",333.00,"666,000.00"
2019-04-16,2019041601008913,SBL,4,32,118,333.00,"39,294.00"
2019-04-16,2019041601008912,SBL,4,20,500,332.00,"166,000.00"
2019-04-16,2019041601008911,SBL,4,50,"1,000",332.00,"332,000.00"
2019-04-16,2019041601008910,SBL,4,53,500,332.00,"166,000.00"
2019-04-16,2019041601008909,SBL,4,13,25,332.00,"8,300.00"
2019-04-16,2019041601008589,SBL,22,58,50,330.00,"16,500.00"
2019-04-16,2019041601008588,SBL,22,45,321,330.00,"105,930.00"
2019-04-16,2019041601008585,SBL,33,45,179,330.00,"59,070.00"
2019-04-16,2019041601008584,SBL,33,34,71,330.00,"23,430.00"
2019-04-16,2019041601008693,SBL,39,10,408,331.00,"135,048.00"
2019-04-16,2019041601008681,SBL,39,32,92,330.00,"30,360.00"
2019-04-16,2019041601008680,SBL,22,32,158,330.00,"52,140.00"
2019-04-16,2019041601008639,SBL,22,42,92,330.00,"30,360.00"
2019-04-16,2019041601008591,SBL,22,7,200,330.00,"66,000.00"
2019-04-16,2019041601008590,SBL,22,42,73,330.00,"24,090.00"
2019-04-16,2019041601008908,SBL,4,14,220,332.00,"73,040.00"
2019-04-16,2019041601008793,SBL,41,59,200,330.00,"66,000.00"
2019-04-16,2019041601008704,SBL,19,59,105,331.00,"34,755.00"
2019-04-16,2019041601008703,SBL,19,46,400,331.00,"132,400.00"
2019-04-16,2019041601008702,SBL,19,39,50,331.00,"16,550.00"
2019-04-16,2019041601008701,SBL,19,10,92,331.00,"30,452.00"
2019-04-16,2019041601008742,SEF,26,11,"3,500",9.40,"32,900.00"
2019-04-16,2019041601008741,SEF,26,7,"2,000",9.38,"18,760.00"
2019-04-16,2019041601008740,SEF,26,56,120,9.38,"1,125.60"
2019-04-16,2019041601008720,SHIVM,19,50,100,311.00,"31,100.00"
2019-04-16,2019041601008719,SHIVM,19,42,50,311.00,"15,550.00"
2019-04-16,2019041601008718,SHIVM,19,56,200,311.00,"62,200.00"
2019-04-16,2019041601008566,SHL,56,57,600,210.00,"126,000.00"
2019-04-16,2019041601008565,SHL,56,58,500,210.00,"105,000.00"
2019-04-16,2019041601008564,SHL,56,13,150,210.00,"31,500.00"
2019-04-16,2019041601008821,SIC,55,43,10,"1,310.00","13,100.00"
2019-04-16,2019041601008482,SICL,56,4,198,881.00,"174,438.00"
2019-04-16,2019041601008940,SKBBL,22,36,100,990.00,"99,000.00"
2019-04-16,2019041601008750,SKBBL,22,25,9,976.00,"8,784.00"
2019-04-16,2019041601008749,SKBBL,17,25,53,976.00,"51,728.00"
2019-04-16,2019041601008669,SKBBL,17,53,447,976.00,"436,272.00"
2019-04-16,2019041601008668,SKBBL,26,53,100,980.00,"98,000.00"
2019-04-16,2019041601008667,SKBBL,33,53,500,980.00,"490,000.00"
2019-04-16,2019041601008666,SKBBL,33,53,23,981.00,"22,563.00"
2019-04-16,2019041601008665,SKBBL,45,53,25,982.00,"24,550.00"
2019-04-16,2019041601008483,SKBBL,33,51,15,981.00,"14,715.00"
2019-04-16,2019041601008954,SLBBL,57,34,20,513.00,"10,260.00"
2019-04-16,2019041601008676,SLBSL,18,50,10,676.00,"6,760.00"
2019-04-16,2019041601008521,SLBSL,55,49,10,663.00,"6,630.00"
2019-04-16,2019041601008516,SLBSL,55,51,10,663.00,"6,630.00"
2019-04-16,2019041601008507,SLBSL,55,38,10,663.00,"6,630.00"
2019-04-16,2019041601008506,SLBSL,55,38,10,662.00,"6,620.00"
2019-04-16,2019041601008534,SLICL,43,49,44,540.00,"23,760.00"
2019-04-16,2019041601008533,SLICL,43,34,100,540.00,"54,000.00"
2019-04-16,2019041601008532,SLICL,43,32,100,540.00,"54,000.00"
2019-04-16,2019041601008531,SLICL,43,7,200,539.00,"107,800.00"
2019-04-16,2019041601008530,SLICL,43,44,25,539.00,"13,475.00"
2019-04-16,2019041601008529,SLICL,43,1,81,538.00,"43,578.00"
2019-04-16,2019041601008571,SMFDB,58,51,10,637.00,"6,370.00"
2019-04-16,2019041601008894,SRBL,7,58,10,243.00,"2,430.00"
2019-04-16,2019041601008824,SRBL,6,13,"1,000",243.00,"243,000.00"
2019-04-16,2019041601008823,SRBL,6,57,206,243.00,"50,058.00"
2019-04-16,2019041601008822,SRBL,6,52,144,243.00,"34,992.00"
2019-04-16,2019041601008775,SRBL,32,48,500,242.00,"121,000.00"
2019-04-16,2019041601008611,SRBL,59,28,"1,000",242.00,"242,000.00"
2019-04-16,2019041601008610,SRBL,59,6,65,242.00,"15,730.00"
2019-04-16,2019041601008938,SWBBL,11,53,78,915.00,"71,370.00"
2019-04-16,2019041601008937,SWBBL,11,21,12,915.00,"10,980.00"
2019-04-16,2019041601008936,SWBBL,11,14,100,914.00,"91,400.00"
2019-04-16,2019041601008761,SWBBL,11,56,100,910.00,"91,000.00"
2019-04-16,2019041601008692,SWBBL,11,38,200,911.00,"182,200.00"
2019-04-16,2019041601008691,SWBBL,11,52,10,910.00,"9,100.00"
2019-04-16,2019041601008607,SWBBL,54,52,10,910.00,"9,100.00"
2019-04-16,2019041601008606,SWBBL,54,50,50,909.00,"45,450.00"
2019-04-16,2019041601008713,UIC,6,28,10,863.00,"8,630.00"
2019-04-16,2019041601008697,UIC,26,16,30,860.00,"25,800.00"
2019-04-16,2019041601008645,UMHL,32,51,736,112.00,"82,432.00"
2019-04-16,2019041601008593,UMHL,34,51,95,112.00,"10,640.00"
2019-04-16,2019041601008623,UPCL,34,6,100,90.00,"9,000.00"
2019-04-16,2019041601008536,UPPER,10,49,20,231.00,"4,620.00"
2019-04-16,2019041601008535,UPPER,19,49,30,231.00,"6,930.00"
2019-04-16,2019041601008513,UPPER,19,57,40,231.00,"9,240.00"
2019-04-16,2019041601008609,UPPER,3,49,40,230.00,"9,200.00"
2019-04-16,2019041601008582,UPPER,10,57,30,231.00,"6,930.00"
2019-04-16,2019041601008550,UPPER,10,57,50,231.00,"11,550.00"
2019-04-16,2019041601008549,UPPER,10,38,100,231.00,"23,100.00"
2019-04-16,2019041601008800,UPPER,3,41,40,230.00,"9,200.00"
2019-04-16,2019041601008927,VLBS,57,46,50,615.00,"30,750.00"
2019-04-16,2019041601008208,AHPC,32,45,"1,000",102.00,"102,000.00"
2019-04-16,2019041601008207,AHPC,48,45,141,102.00,"14,382.00"
2019-04-16,2019041601008073,AHPC,48,37,100,102.00,"10,200.00"
2019-04-16,2019041601008444,AKJCL,42,49,20,80.00,"1,600.00"
2019-04-16,2019041601008407,AKJCL,42,49,20,80.00,"1,600.00"
2019-04-16,2019041601008430,ALBSL,57,43,10,469.00,"4,690.00"
2019-04-16,2019041601008427,ALBSL,57,49,10,469.00,"4,690.00"
2019-04-16,2019041601008404,ALBSL,57,43,10,469.00,"4,690.00"
2019-04-16,2019041601008371,ALBSL,57,43,10,469.00,"4,690.00"
2019-04-16,2019041601008307,ALBSL,57,8,10,469.00,"4,690.00"
2019-04-16,2019041601008056,ALBSL,57,43,10,469.00,"4,690.00"
2019-04-16,2019041601008043,ALBSL,21,1,10,471.00,"4,710.00"
2019-04-16,2019041601008001,ALICL,46,17,50,412.00,"20,600.00"
2019-04-16,2019041601008477,AMFI,41,13,10,638.00,"6,380.00"
2019-04-16,2019041601008119,AMFI,17,20,10,637.00,"6,370.00"
2019-04-16,2019041601008459,API,48,20,17,133.00,"2,261.00"
2019-04-16,2019041601008458,API,48,20,28,133.00,"3,724.00"
2019-04-16,2019041601008266,BARUN,6,42,20,95.00,"1,900.00"
2019-04-16,2019041601008447,BOKL,42,8,258,263.00,"67,854.00"
2019-04-16,2019041601008446,BOKL,32,8,440,263.00,"115,720.00"
2019-04-16,2019041601008418,BOKL,47,8,"1,000",264.00,"264,000.00"
2019-04-16,2019041601008417,BOKL,35,8,"1,000",264.00,"264,000.00"
2019-04-16,2019041601008416,BOKL,42,8,"1,012",264.00,"267,168.00"
2019-04-16,2019041601008413,BOKL,55,25,8,265.00,"2,120.00"
2019-04-16,2019041601008035,BOKL,1,29,400,265.00,"106,000.00"
2019-04-16,2019041601008014,BOKL,56,35,719,264.00,"189,816.00"
2019-04-16,2019041601008013,BOKL,52,35,200,264.00,"52,800.00"
2019-04-16,2019041601008012,BOKL,46,35,81,264.00,"21,384.00"
2019-04-16,2019041601008330,BOKL,16,11,500,265.00,"132,500.00"
2019-04-16,2019041601008329,BOKL,16,29,277,265.00,"73,405.00"
2019-04-16,2019041601008168,BOKL,25,37,14,264.00,"3,696.00"
2019-04-16,2019041601008075,BOKL,46,29,100,265.00,"26,500.00"
2019-04-16,2019041601008059,BOKL,25,54,19,264.00,"5,016.00"
2019-04-16,2019041601008058,BOKL,56,54,281,264.00,"74,184.00"
2019-04-16,2019041601008389,BOKL,42,14,488,264.00,"128,832.00"
2019-04-16,2019041601008388,BOKL,25,14,867,264.00,"228,888.00"
2019-04-16,2019041601008364,BOKL,5,58,50,265.00,"13,250.00"
2019-04-16,2019041601008362,BOKL,25,49,100,264.00,"26,400.00"
2019-04-16,2019041601008332,BOKL,16,58,"1,003",265.00,"265,795.00"
2019-04-16,2019041601008331,BOKL,16,33,220,265.00,"58,300.00"
2019-04-16,2019041601008344,BPCL,6,28,100,360.00,"36,000.00"
2019-04-16,2019041601008343,BPCL,6,28,255,360.00,"91,800.00"
2019-04-16,2019041601008166,BPCL,6,20,22,360.00,"7,920.00"
2019-04-16,2019041601008165,BPCL,6,20,22,360.00,"7,920.00"
2019-04-16,2019041601008081,CBBL,50,42,173,950.00,"164,350.00"
2019-04-16,2019041601008080,CBBL,52,42,25,950.00,"23,750.00"
2019-04-16,2019041601008079,CBBL,1,42,50,951.00,"47,550.00"
2019-04-16,2019041601008078,CBBL,33,42,50,952.00,"47,600.00"
2019-04-16,2019041601008077,CBBL,1,42,100,952.00,"95,200.00"
2019-04-16,2019041601008076,CBBL,43,42,10,953.00,"9,530.00"
2019-04-16,2019041601008440,CBL,41,6,422,167.00,"70,474.00"
2019-04-16,2019041601008426,CBL,36,6,25,167.00,"4,175.00"
2019-04-16,2019041601008390,CBL,36,28,"1,000",167.00,"167,000.00"
2019-04-16,2019041601008268,CBL,36,28,"1,000",167.00,"167,000.00"
2019-04-16,2019041601008267,CBL,36,44,975,167.00,"162,825.00"
2019-04-16,2019041601008177,CBL,7,44,35,167.00,"5,845.00"
2019-04-16,2019041601008176,CBL,7,28,465,167.00,"77,655.00"
2019-04-16,2019041601008090,CBL,19,28,200,167.00,"33,400.00"
2019-04-16,2019041601008202,CCBL,10,16,500,169.00,"84,500.00"
2019-04-16,2019041601008038,CCBL,26,22,300,168.00,"50,400.00"
2019-04-16,2019041601008037,CCBL,26,34,200,168.00,"33,600.00"
2019-04-16,2019041601008036,CCBL,26,11,343,168.00,"57,624.00"
2019-04-16,2019041601008071,CEFL,40,4,10,103.00,"1,030.00"
2019-04-16,2019041601008408,CHLBS,56,29,10,493.00,"4,930.00"
2019-04-16,2019041601008241,CHLBS,56,45,10,493.00,"4,930.00"
2019-04-16,2019041601008195,CHLBS,56,39,10,493.00,"4,930.00"
2019-04-16,2019041601008375,CZBIL,48,16,10,227.00,"2,270.00"
2019-04-16,2019041601008374,CZBIL,48,45,10,227.00,"2,270.00"
2019-04-16,2019041601008373,CZBIL,48,45,100,227.00,"22,700.00"
2019-04-16,2019041601008372,CZBIL,48,43,100,227.00,"22,700.00"
2019-04-16,2019041601008363,CZBIL,35,4,500,226.00,"113,000.00"
2019-04-16,2019041601008006,CZBIL,34,28,10,225.00,"2,250.00"
2019-04-16,2019041601008335,DDBL,1,55,50,665.00,"33,250.00"
2019-04-16,2019041601008297,DDBL,28,39,45,668.00,"30,060.00"
2019-04-16,2019041601008296,DDBL,28,39,55,668.00,"36,740.00"
2019-04-16,2019041601008061,DDBL,1,6,50,665.00,"33,250.00"
2019-04-16,2019041601008376,EBL,21,13,100,612.00,"61,200.00"
2019-04-16,2019041601008315,EDBL,40,56,314,295.00,"92,630.00"
2019-04-16,2019041601008314,EDBL,40,25,686,294.00,"201,684.00"
2019-04-16,2019041601008054,EIC,29,29,100,"1,005.00","100,500.00"
2019-04-16,2019041601008053,EIC,28,29,183,"1,005.00","183,915.00"
2019-04-16,2019041601007982,FMDBL,36,48,200,396.00,"79,200.00"
2019-04-16,2019041601008475,FOWAD,14,52,13,"1,550.00","20,150.00"
2019-04-16,2019041601008474,FOWAD,14,45,15,"1,550.00","23,250.00"
2019-04-16,2019041601008473,FOWAD,14,45,15,"1,550.00","23,250.00"
2019-04-16,2019041601008472,FOWAD,14,55,90,"1,550.00","139,500.00"
2019-04-16,2019041601008471,FOWAD,14,34,15,"1,549.00","23,235.00"
2019-04-16,2019041601008470,FOWAD,14,21,10,"1,549.00","15,490.00"
2019-04-16,2019041601008469,FOWAD,14,48,10,"1,548.00","15,480.00"
2019-04-16,2019041601008468,FOWAD,14,10,13,"1,548.00","20,124.00"
2019-04-16,2019041601008467,FOWAD,14,10,13,"1,548.00","20,124.00"
2019-04-16,2019041601008466,FOWAD,14,48,30,"1,545.00","46,350.00"
2019-04-16,2019041601008365,FOWAD,34,48,10,"1,545.00","15,450.00"
2019-04-16,2019041601008153,FOWAD,22,42,14,"1,540.00","21,560.00"
2019-04-16,2019041601008257,GBBL,28,50,200,204.00,"40,800.00"
2019-04-16,2019041601008256,GBBL,28,1,100,204.00,"20,400.00"
2019-04-16,2019041601008255,GBBL,28,32,200,204.00,"40,800.00"
2019-04-16,2019041601008254,GBBL,28,5,25,203.00,"5,075.00"
2019-04-16,2019041601008253,GBBL,28,34,183,203.00,"37,149.00"
2019-04-16,2019041601008457,GBIME,51,55,"1,160",281.00,"325,960.00"
2019-04-16,2019041601008456,GBIME,51,6,191,281.00,"53,671.00"
2019-04-16,2019041601008448,GBIME,44,54,100,280.00,"28,000.00"
2019-04-16,2019041601008352,GBIME,44,32,200,280.00,"56,000.00"
2019-04-16,2019041601008206,GBIME,6,6,309,281.00,"86,829.00"
2019-04-16,2019041601008112,GBIME,44,22,"1,000",280.00,"280,000.00"
2019-04-16,2019041601008094,GBIME,6,58,100,278.00,"27,800.00"
2019-04-16,2019041601007993,GBIME,6,34,49,278.00,"13,622.00"
2019-04-16,2019041601007992,GBIME,6,53,500,278.00,"139,000.00"
2019-04-16,2019041601008105,GBIME,44,48,100,280.00,"28,000.00"
2019-04-16,2019041601008104,GBIME,44,58,50,279.00,"13,950.00"
2019-04-16,2019041601008103,GBIME,44,46,517,279.00,"144,243.00"
2019-04-16,2019041601008102,GBIME,44,26,200,279.00,"55,800.00"
2019-04-16,2019041601008101,GBIME,44,52,"4,604",279.00,"1,284,516.00"
2019-04-16,2019041601008099,GBIME,6,43,42,278.00,"11,676.00"
2019-04-16,2019041601008111,GBIME,44,17,278,280.00,"77,840.00"
2019-04-16,2019041601008110,GBIME,44,36,201,280.00,"56,280.00"
2019-04-16,2019041601008109,GBIME,44,42,15,280.00,"4,200.00"
2019-04-16,2019041601008108,GBIME,44,52,333,280.00,"93,240.00"
2019-04-16,2019041601008107,GBIME,44,19,100,280.00,"28,000.00"
2019-04-16,2019041601008106,GBIME,44,55,"2,000",280.00,"560,000.00"
2019-04-16,2019041601008140,GDBL,48,32,50,194.00,"9,700.00"
2019-04-16,2019041601008393,GLICL,50,43,500,527.00,"263,500.00"
2019-04-16,2019041601008313,HBL,7,37,10,512.00,"5,120.00"
2019-04-16,2019041601007986,HBL,16,17,681,510.00,"347,310.00"
2019-04-16,2019041601007985,HBL,16,38,500,509.00,"254,500.00"
2019-04-16,2019041601008082,HDL,16,44,100,"1,366.00","136,600.00"
2019-04-16,2019041601008414,HIDCL,4,20,61,137.00,"8,357.00"
2019-04-16,2019041601008120,HIDCL,7,34,50,137.00,"6,850.00"
2019-04-16,2019041601008041,ICFC,13,25,"1,000",154.00,"154,000.00"
2019-04-16,2019041601008040,ICFC,14,25,500,155.00,"77,500.00"
2019-04-16,2019041601008445,IGI,45,41,50,399.00,"19,950.00"
2019-04-16,2019041601008060,IGI,22,43,50,399.00,"19,950.00"
2019-04-16,2019041601008271,JBBL,43,43,300,140.00,"42,000.00"
2019-04-16,2019041601008285,JBNL,37,34,"2,000",188.00,"376,000.00"
2019-04-16,2019041601008122,JBNL,52,58,43,188.00,"8,084.00"
2019-04-16,2019041601008022,JBNL,50,34,"2,000",188.00,"376,000.00"
2019-04-16,2019041601008391,JFL,49,57,20,176.00,"3,520.00"
2019-04-16,2019041601008217,JSLBB,10,47,14,"2,180.00","30,520.00"
2019-04-16,2019041601008366,KBBL,1,43,20,214.00,"4,280.00"
2019-04-16,2019041601008359,KBBL,39,43,500,215.00,"107,500.00"
2019-04-16,2019041601008422,KBL,42,5,"1,500",260.00,"390,000.00"
2019-04-16,2019041601008338,KBL,42,42,300,260.00,"78,000.00"
2019-04-16,2019041601008337,KBL,42,14,200,260.00,"52,000.00"
2019-04-16,2019041601008336,KBL,42,54,"1,000",260.00,"260,000.00"
2019-04-16,2019041601008240,KBL,42,8,300,260.00,"78,000.00"
2019-04-16,2019041601008235,KBL,42,33,500,260.00,"130,000.00"
2019-04-16,2019041601008072,KBL,4,39,500,259.00,"129,500.00"
2019-04-16,2019041601008030,KBL,35,56,100,260.00,"26,000.00"
2019-04-16,2019041601008183,KBL,57,56,500,259.00,"129,500.00"
2019-04-16,2019041601008182,KBL,57,56,300,259.00,"77,700.00"
2019-04-16,2019041601008181,KBL,25,56,500,259.00,"129,500.00"
2019-04-16,2019041601008180,KBL,4,56,"1,500",259.00,"388,500.00"
2019-04-16,2019041601008156,KBL,21,56,100,260.00,"26,000.00"
2019-04-16,2019041601008098,KBL,36,56,300,260.00,"78,000.00"
2019-04-16,2019041601008234,KBL,42,45,136,260.00,"35,360.00"
2019-04-16,2019041601008233,KBL,42,26,361,260.00,"93,860.00"
2019-04-16,2019041601008232,KBL,42,50,250,260.00,"65,000.00"
2019-04-16,2019041601008219,KBL,34,50,64,260.00,"16,640.00"
2019-04-16,2019041601008218,KBL,34,56,236,260.00,"61,360.00"
2019-04-16,2019041601008184,KBL,38,56,150,259.00,"38,850.00"
2019-04-16,2019041601008016,KMCDB,48,32,10,835.00,"8,350.00"
2019-04-16,2019041601008114,KNBL,45,1,100,129.00,"12,900.00"
2019-04-16,2019041601008113,KNBL,45,45,700,129.00,"90,300.00"
2019-04-16,2019041601008047,KNBL,34,45,300,129.00,"38,700.00"
2019-04-16,2019041601008015,KNBL,34,43,700,129.00,"90,300.00"
2019-04-16,2019041601008355,KSBBL,32,29,200,146.00,"29,200.00"
2019-04-16,2019041601008476,LBBL,11,33,200,174.00,"34,800.00"
2019-04-16,2019041601008042,LBBL,25,32,420,175.00,"73,500.00"
2019-04-16,2019041601008455,LBL,36,7,600,217.00,"130,200.00"
2019-04-16,2019041601008020,LBL,36,49,400,217.00,"86,800.00"
2019-04-16,2019041601007997,LBL,45,34,400,218.00,"87,200.00"
2019-04-16,2019041601007996,LBL,45,39,100,218.00,"21,800.00"
2019-04-16,2019041601008354,LGIL,41,29,100,510.00,"51,000.00"
2019-04-16,2019041601008353,LGIL,35,29,200,511.00,"102,200.00"
2019-04-16,2019041601008415,MBL,32,21,200,251.00,"50,200.00"
2019-04-16,2019041601008370,MBL,57,43,678,250.00,"169,500.00"
2019-04-16,2019041601008345,MBL,21,43,100,250.00,"25,000.00"
2019-04-16,2019041601008223,MBL,50,43,200,250.00,"50,000.00"
2019-04-16,2019041601008169,MBL,40,54,200,249.00,"49,800.00"
2019-04-16,2019041601008141,MBL,45,43,500,250.00,"125,000.00"
2019-04-16,2019041601007991,MBL,40,1,500,249.00,"124,500.00"
2019-04-16,2019041601007981,MBL,25,43,22,250.00,"5,500.00"
2019-04-16,2019041601008412,MEGA,16,48,147,177.00,"26,019.00"
2019-04-16,2019041601008411,MEGA,56,48,753,177.00,"133,281.00"
2019-04-16,2019041601008230,MEGAPO,14,57,"6,052",108.00,"653,616.00"
2019-04-16,2019041601008194,MERO,47,42,50,591.00,"29,550.00"
2019-04-16,2019041601008429,MLBBL,10,56,14,500.00,"7,000.00"
2019-04-16,2019041601008385,MLBL,32,33,250,179.00,"44,750.00"
2019-04-16,2019041601008310,MLBL,50,32,500,178.00,"89,000.00"
2019-04-16,2019041601008309,MLBL,50,46,32,178.00,"5,696.00"
2019-04-16,2019041601008308,MLBL,50,51,64,178.00,"11,392.00"
2019-04-16,2019041601008386,MMFDB,26,5,53,931.00,"49,343.00"
2019-04-16,2019041601008260,MNBBL,28,26,75,365.00,"27,375.00"
2019-04-16,2019041601008259,MNBBL,28,42,125,365.00,"45,625.00"
2019-04-16,2019041601008134,NABIL,59,49,100,768.00,"76,800.00"
2019-04-16,2019041601007990,NABIL,48,45,165,770.00,"127,050.00"
2019-04-16,2019041601007989,NABIL,48,29,100,770.00,"77,000.00"
2019-04-16,2019041601007988,NABIL,48,17,100,769.00,"76,900.00"
2019-04-16,2019041601007987,NABIL,48,7,135,768.00,"103,680.00"
2019-04-16,2019041601008361,NABILP,59,28,240,733.00,"175,920.00"
2019-04-16,2019041601008360,NABILP,28,28,60,733.00,"43,980.00"
2019-04-16,2019041601008327,NABILP,11,43,500,734.00,"367,000.00"
2019-04-16,2019041601008188,NABILP,59,44,700,735.00,"514,500.00"
2019-04-16,2019041601008139,NABILP,17,44,300,735.00,"220,500.00"
2019-04-16,2019041601008465,NADEP,13,44,200,628.00,"125,600.00"
2019-04-16,2019041601008464,NADEP,41,44,50,628.00,"31,400.00"
2019-04-16,2019041601008463,NADEP,26,44,200,628.00,"125,600.00"
2019-04-16,2019041601008449,NADEP,7,20,20,628.00,"12,560.00"
2019-04-16,2019041601008431,NADEP,7,20,20,628.00,"12,560.00"
2019-04-16,2019041601008396,NADEP,7,20,10,628.00,"6,280.00"
2019-04-16,2019041601008173,NADEP,58,44,10,633.00,"6,330.00"
2019-04-16,2019041601008292,NADEP,33,20,20,630.00,"12,600.00"
2019-04-16,2019041601008226,NADEP,33,37,20,630.00,"12,600.00"
2019-04-16,2019041601008205,NADEP,56,28,200,632.00,"126,400.00"
2019-04-16,2019041601008204,NADEP,49,28,70,632.00,"44,240.00"
2019-04-16,2019041601008174,NADEP,56,44,200,633.00,"126,600.00"
2019-04-16,2019041601008358,NADEP,7,20,10,628.00,"6,280.00"
2019-04-16,2019041601008333,NADEP,7,20,20,628.00,"12,560.00"
2019-04-16,2019041601008301,NADEP,43,28,200,630.00,"126,000.00"
2019-04-16,2019041601008300,NADEP,34,28,150,630.00,"94,500.00"
2019-04-16,2019041601008299,NADEP,34,28,200,630.00,"126,000.00"
2019-04-16,2019041601008298,NADEP,7,28,100,630.00,"63,000.00"
2019-04-16,2019041601008478,NBB,11,28,200,216.00,"43,200.00"
2019-04-16,2019041601008248,NBB,41,58,450,215.00,"96,750.00"
2019-04-16,2019041601008065,NBB,41,58,50,215.00,"10,750.00"
2019-04-16,2019041601008017,NBB,25,42,350,215.00,"75,250.00"
2019-04-16,2019041601008070,NBBL,34,51,10,628.00,"6,280.00"
2019-04-16,2019041601008028,NBL,13,17,300,299.00,"89,700.00"
2019-04-16,2019041601008027,NBL,13,44,982,299.00,"293,618.00"
2019-04-16,2019041601008010,NBL,13,44,"1,018",299.00,"304,382.00"
2019-04-16,2019041601008009,NBL,13,58,482,299.00,"144,118.00"
2019-04-16,2019041601008394,NCCB,33,40,"1,000",226.00,"226,000.00"
2019-04-16,2019041601008063,NCCB,28,32,400,227.00,"90,800.00"
2019-04-16,2019041601008011,NCCB,10,32,500,227.00,"113,500.00"
2019-04-16,2019041601008154,NGPL,50,20,11,121.00,"1,331.00"
2019-04-16,2019041601008057,NGPL,50,20,11,121.00,"1,331.00"
2019-04-16,2019041601007983,NHDL,56,28,10,125.00,"1,250.00"
2019-04-16,2019041601008403,NHPC,28,52,710,72.00,"51,120.00"
2019-04-16,2019041601008402,NHPC,28,22,50,72.00,"3,600.00"
2019-04-16,2019041601008401,NHPC,28,45,900,72.00,"64,800.00"
2019-04-16,2019041601008018,NIB,52,39,63,558.00,"35,154.00"
2019-04-16,2019041601008258,NIBPO,11,50,300,520.00,"156,000.00"
2019-04-16,2019041601008136,NIBPO,11,46,300,520.00,"156,000.00"
2019-04-16,2019041601008135,NIBPO,11,46,100,520.00,"52,000.00"
2019-04-16,2019041601008443,NICA,54,36,100,496.00,"49,600.00"
2019-04-16,2019041601008442,NICA,54,11,200,496.00,"99,200.00"
2019-04-16,2019041601008441,NICA,54,28,200,496.00,"99,200.00"
2019-04-16,2019041601008434,NICA,54,17,100,495.00,"49,500.00"
2019-04-16,2019041601008432,NICA,6,28,300,496.00,"148,800.00"
2019-04-16,2019041601008410,NICA,54,37,200,495.00,"99,000.00"
2019-04-16,2019041601008100,NICA,35,52,80,494.00,"39,520.00"
2019-04-16,2019041601008074,NICA,38,26,238,494.00,"117,572.00"
2019-04-16,2019041601008064,NICA,54,59,40,493.00,"19,720.00"
2019-04-16,2019041601008062,NICA,54,1,13,493.00,"6,409.00"
2019-04-16,2019041601007995,NICA,45,33,300,492.00,"147,600.00"
2019-04-16,2019041601007994,NICA,49,33,200,492.00,"98,400.00"
2019-04-16,2019041601008287,NICA,38,58,42,495.00,"20,790.00"
2019-04-16,2019041601008193,NICA,53,58,58,495.00,"28,710.00"
2019-04-16,2019041601008192,NICA,53,43,230,495.00,"113,850.00"
2019-04-16,2019041601008145,NICA,38,52,20,494.00,"9,880.00"
2019-04-16,2019041601008133,NICA,54,28,479,493.00,"236,147.00"
2019-04-16,2019041601008115,NICA,42,52,100,494.00,"49,400.00"
2019-04-16,2019041601008346,NICA,54,55,500,495.00,"247,500.00"
2019-04-16,2019041601008323,NICA,40,26,28,494.00,"13,832.00"
2019-04-16,2019041601008322,NICA,38,26,92,494.00,"45,448.00"
2019-04-16,2019041601008302,NICA,38,52,88,494.00,"43,472.00"
2019-04-16,2019041601008289,NICA,38,55,58,495.00,"28,710.00"
2019-04-16,2019041601008288,NICA,38,58,100,495.00,"49,500.00"
2019-04-16,2019041601008380,NICA,42,8,500,495.00,"247,500.00"
2019-04-16,2019041601008379,NICA,42,43,100,495.00,"49,500.00"
2019-04-16,2019041601008378,NICA,42,1,28,495.00,"13,860.00"
2019-04-16,2019041601008377,NICA,42,58,42,495.00,"20,790.00"
2019-04-16,2019041601008368,NICA,54,58,58,495.00,"28,710.00"
2019-04-16,2019041601008367,NICA,54,55,442,495.00,"218,790.00"
2019-04-16,2019041601008406,NICA,6,37,900,495.00,"445,500.00"
2019-04-16,2019041601008405,NICA,6,50,100,495.00,"49,500.00"
2019-04-16,2019041601008384,NICA,42,21,500,495.00,"247,500.00"
2019-04-16,2019041601008383,NICA,42,22,608,495.00,"300,960.00"
2019-04-16,2019041601008382,NICA,42,21,500,495.00,"247,500.00"
2019-04-16,2019041601008381,NICA,42,54,200,495.00,"99,000.00"
2019-04-16,2019041601008321,NICL,36,16,315,382.00,"120,330.00"
2019-04-16,2019041601008320,NICL,36,53,550,381.00,"209,550.00"
2019-04-16,2019041601008319,NICL,36,50,100,381.00,"38,100.00"
2019-04-16,2019041601008318,NICL,36,34,35,380.00,"13,300.00"
2019-04-16,2019041601008189,NICL,44,13,100,376.00,"37,600.00"
2019-04-16,2019041601008130,NIL,16,44,"1,000",524.00,"524,000.00"
2019-04-16,2019041601008129,NIL,16,38,400,524.00,"209,600.00"
2019-04-16,2019041601008397,NLIC,35,13,140,"1,105.00","154,700.00"
2019-04-16,2019041601008347,NLIC,34,32,250,"1,105.00","276,250.00"
2019-04-16,2019041601008328,NLIC,34,32,250,"1,105.00","276,250.00"
2019-04-16,2019041601008420,NLICL,49,29,900,593.00,"533,700.00"
2019-04-16,2019041601008419,NLICL,22,29,100,594.00,"59,400.00"
2019-04-16,2019041601008436,NMB,53,13,100,376.00,"37,600.00"
2019-04-16,2019041601008435,NMB,53,58,50,376.00,"18,800.00"
2019-04-16,2019041601008342,NMB,33,42,886,377.00,"334,022.00"
2019-04-16,2019041601008341,NMB,33,1,60,376.00,"22,560.00"
2019-04-16,2019041601008340,NMB,33,36,54,376.00,"20,304.00"
2019-04-16,2019041601008312,NMB,38,36,100,376.00,"37,600.00"
2019-04-16,2019041601008222,NMB,45,58,50,376.00,"18,800.00"
2019-04-16,2019041601008167,NMB,45,58,221,376.00,"83,096.00"
2019-04-16,2019041601008132,NMB,45,43,496,376.00,"186,496.00"
2019-04-16,2019041601008128,NMB,45,25,500,376.00,"188,000.00"
2019-04-16,2019041601008121,NMB,6,42,500,377.00,"188,500.00"
2019-04-16,2019041601008117,NMB,45,47,253,376.00,"95,128.00"
2019-04-16,2019041601008295,NMB,53,36,75,376.00,"28,200.00"
2019-04-16,2019041601008272,NMB,42,11,12,375.00,"4,500.00"
2019-04-16,2019041601008231,NMB,6,58,480,375.00,"180,000.00"
2019-04-16,2019041601008229,NMB,6,36,371,376.00,"139,496.00"
2019-04-16,2019041601008228,NMB,6,58,129,376.00,"48,504.00"
2019-04-16,2019041601008225,NMB,21,58,100,376.00,"37,600.00"
2019-04-16,2019041601008146,NMBHF1,56,5,832,9.50,"7,904.00"
2019-04-16,2019041601008131,NMBHF1,28,6,"4,161",9.49,"39,487.89"
2019-04-16,2019041601008116,NMBHF1,28,6,"4,161",9.49,"39,487.89"
2019-04-16,2019041601008334,NMBMF,36,43,50,"1,035.00","51,750.00"
2019-04-16,2019041601008290,NMBMF,18,50,10,"1,053.00","10,530.00"
2019-04-16,2019041601008286,NMBMF,36,41,13,"1,035.00","13,455.00"
2019-04-16,2019041601008263,NMBMF,36,41,45,"1,035.00","46,575.00"
2019-04-16,2019041601008238,NMBMF,36,22,50,"1,035.00","51,750.00"
2019-04-16,2019041601008237,NMBMF,36,6,50,"1,035.00","51,750.00"
2019-04-16,2019041601008236,NMBMF,36,44,50,"1,034.00","51,700.00"
2019-04-16,2019041601008439,NMFBS,42,39,15,"1,595.00","23,925.00"
2019-04-16,2019041601008265,NTC,7,43,25,680.00,"17,000.00"
2019-04-16,2019041601008264,NTC,7,26,200,680.00,"136,000.00"
2019-04-16,2019041601008250,NTC,47,26,70,680.00,"47,600.00"
2019-04-16,2019041601008201,NTC,38,6,190,679.00,"129,010.00"
2019-04-16,2019041601008351,NUBL,47,42,500,830.00,"415,000.00"
2019-04-16,2019041601008008,NUBL,47,17,70,830.00,"58,100.00"
2019-04-16,2019041601008007,NUBL,47,41,100,830.00,"83,000.00"
2019-04-16,2019041601008246,PCBL,11,48,900,341.00,"306,900.00"
2019-04-16,2019041601008245,PCBL,11,28,100,341.00,"34,100.00"
2019-04-16,2019041601008158,PCBL,49,32,317,339.00,"107,463.00"
2019-04-16,2019041601008157,PCBL,6,32,100,339.00,"33,900.00"
2019-04-16,2019041601008089,PCBL,44,44,200,340.00,"68,000.00"
2019-04-16,2019041601008088,PCBL,44,58,100,340.00,"34,000.00"
2019-04-16,2019041601008087,PCBL,44,43,650,340.00,"221,000.00"
2019-04-16,2019041601008086,PCBL,44,52,500,340.00,"170,000.00"
2019-04-16,2019041601008085,PCBL,44,19,49,340.00,"16,660.00"
2019-04-16,2019041601008438,PFL,32,22,37,135.00,"4,995.00"
2019-04-16,2019041601008437,PFL,13,22,65,135.00,"8,775.00"
2019-04-16,2019041601008387,PFL,58,14,20,137.00,"2,740.00"
2019-04-16,2019041601008190,PFL,13,1,200,135.00,"27,000.00"
2019-04-16,2019041601008317,PIC,6,14,288,"1,016.00","292,608.00"
2019-04-16,2019041601008316,PIC,6,14,12,"1,017.00","12,204.00"
2019-04-16,2019041601008291,PIC,6,17,77,"1,017.00","78,309.00"
2019-04-16,2019041601008273,PIC,37,41,20,"1,018.00","20,360.00"
2019-04-16,2019041601008262,PIC,58,22,50,"1,019.00","50,950.00"
2019-04-16,2019041601008164,PIC,37,42,50,"1,018.00","50,900.00"
2019-04-16,2019041601007984,PIC,37,45,78,"1,018.00","79,404.00"
2019-04-16,2019041601008144,PICL,20,4,150,696.00,"104,400.00"
2019-04-16,2019041601008143,PICL,26,4,200,696.00,"139,200.00"
2019-04-16,2019041601008084,PICL,6,25,100,697.00,"69,700.00"
2019-04-16,2019041601008083,PICL,25,25,50,700.00,"35,000.00"
2019-04-16,2019041601008392,PLIC,6,38,40,465.00,"18,600.00"
2019-04-16,2019041601008350,PLIC,6,38,200,465.00,"93,000.00"
2019-04-16,2019041601008349,PLIC,6,35,100,465.00,"46,500.00"
2019-04-16,2019041601008348,PLIC,6,25,160,464.00,"74,240.00"
2019-04-16,2019041601008325,PLIC,6,4,462,463.00,"213,906.00"
2019-04-16,2019041601008324,PLIC,6,53,400,462.00,"184,800.00"
2019-04-16,2019041601008339,PMHPL,56,8,10,111.00,"1,110.00"
2019-04-16,2019041601008251,PMHPL,56,42,10,111.00,"1,110.00"
2019-04-16,2019041601008044,PMHPL,56,28,10,111.00,"1,110.00"
2019-04-16,2019041601008369,PRIN,21,32,"1,000",416.00,"416,000.00"
2019-04-16,2019041601008454,PRVU,42,22,250,263.00,"65,750.00"
2019-04-16,2019041601008453,PRVU,42,28,"1,000",263.00,"263,000.00"
2019-04-16,2019041601008452,PRVU,42,14,50,263.00,"13,150.00"
2019-04-16,2019041601008451,PRVU,42,48,500,262.00,"131,000.00"
2019-04-16,2019041601008450,PRVU,42,6,200,262.00,"52,400.00"
2019-04-16,2019041601008428,PRVU,46,51,200,262.00,"52,400.00"
2019-04-16,2019041601008004,PRVU,57,29,415,264.00,"109,560.00"
2019-04-16,2019041601008003,PRVU,57,18,85,263.00,"22,355.00"
2019-04-16,2019041601007980,PRVU,29,29,600,260.00,"156,000.00"
2019-04-16,2019041601007979,PRVU,48,29,"3,000",260.00,"780,000.00"
2019-04-16,2019041601008196,PRVU,46,29,750,260.00,"195,000.00"
2019-04-16,2019041601008185,PRVU,45,29,50,260.00,"13,000.00"
2019-04-16,2019041601008163,PRVU,38,29,"1,000",260.00,"260,000.00"
2019-04-16,2019041601008162,PRVU,29,29,400,260.00,"104,000.00"
2019-04-16,2019041601008161,PRVU,13,29,200,261.00,"52,200.00"
2019-04-16,2019041601008160,PRVU,59,29,"1,500",262.00,"393,000.00"
2019-04-16,2019041601008306,PRVU,58,29,"4,000",260.00,"1,040,000.00"
2019-04-16,2019041601008305,PRVU,46,29,250,260.00,"65,000.00"
2019-04-16,2019041601008304,PRVU,58,29,489,260.00,"127,140.00"
2019-04-16,2019041601008303,PRVU,14,29,"1,000",261.00,"261,000.00"
2019-04-16,2019041601008247,PRVU,58,11,11,260.00,"2,860.00"
2019-04-16,2019041601008198,PRVU,50,29,"1,000",260.00,"260,000.00"
2019-04-16,2019041601008357,RADHI,42,8,10,166.00,"1,660.00"
2019-04-16,2019041601008409,RBCL,38,34,10,"9,358.00","93,580.00"
2019-04-16,2019041601008152,RMDC,39,35,9,600.00,"5,400.00"
2019-04-16,2019041601008151,RMDC,39,35,158,599.00,"94,642.00"
2019-04-16,2019041601008150,RMDC,39,6,100,598.00,"59,800.00"
2019-04-16,2019041601008149,RMDC,39,58,16,597.00,"9,552.00"
2019-04-16,2019041601008148,RMDC,39,13,45,596.00,"26,820.00"
2019-04-16,2019041601008147,RMDC,39,51,172,595.00,"102,340.00"
2019-04-16,2019041601008029,RRHP,47,28,10,94.00,940.00
2019-04-16,2019041601008026,RRHP,47,20,10,94.00,940.00
2019-04-16,2019041601008093,SADBL,36,4,950,144.00,"136,800.00"
2019-04-16,2019041601008092,SADBL,36,4,50,144.00,"7,200.00"
2019-04-16,2019041601008242,SANIMA,50,37,200,334.00,"66,800.00"
2019-04-16,2019041601008425,SBL,4,13,337,329.00,"110,873.00"
2019-04-16,2019041601008424,SBL,4,35,195,329.00,"64,155.00"
2019-04-16,2019041601008423,SBL,4,39,280,329.00,"92,120.00"
2019-04-16,2019041601008326,SBL,47,39,100,329.00,"32,900.00"
2019-04-16,2019041601008203,SBL,50,49,"1,000",329.00,"329,000.00"
2019-04-16,2019041601008137,SBL,50,16,200,328.00,"65,600.00"
2019-04-16,2019041601008069,SBL,43,49,158,329.00,"51,982.00"
2019-04-16,2019041601008039,SBL,43,1,500,329.00,"164,500.00"
2019-04-16,2019041601008025,SBL,45,34,379,330.00,"125,070.00"
2019-04-16,2019041601008024,SBL,45,14,21,330.00,"6,930.00"
2019-04-16,2019041601008023,SBL,45,49,100,330.00,"33,000.00"
2019-04-16,2019041601008091,SCB,10,39,20,595.00,"11,900.00"
2019-04-16,2019041601008000,SCB,45,53,52,597.00,"31,044.00"
2019-04-16,2019041601007999,SCB,45,28,88,597.00,"52,536.00"
2019-04-16,2019041601007998,SCB,45,57,10,596.00,"5,960.00"
2019-04-16,2019041601008249,SCB,10,43,20,595.00,"11,900.00"
2019-04-16,2019041601008395,SHIVM,34,39,95,311.00,"29,545.00"
2019-04-16,2019041601008261,SHIVM,57,39,190,311.00,"59,090.00"
2019-04-16,2019041601008239,SHIVM,57,13,50,311.00,"15,550.00"
2019-04-16,2019041601008224,SHIVM,57,51,50,311.00,"15,550.00"
2019-04-16,2019041601008055,SHIVM,57,18,100,311.00,"31,100.00"
2019-04-16,2019041601008034,SHIVM,57,42,10,311.00,"3,110.00"
2019-04-16,2019041601008138,SHIVM,57,46,100,311.00,"31,100.00"
2019-04-16,2019041601008002,SHL,50,43,275,209.00,"57,475.00"
2019-04-16,2019041601008216,SHPC,17,53,58,230.00,"13,340.00"
2019-04-16,2019041601008215,SHPC,17,40,200,230.00,"46,000.00"
2019-04-16,2019041601008214,SHPC,17,41,20,230.00,"4,600.00"
2019-04-16,2019041601008213,SHPC,17,25,19,230.00,"4,370.00"
2019-04-16,2019041601008212,SHPC,17,43,100,230.00,"23,000.00"
2019-04-16,2019041601008211,SHPC,17,45,66,230.00,"15,180.00"
2019-04-16,2019041601008033,SHPC,28,44,231,228.00,"52,668.00"
2019-04-16,2019041601008032,SHPC,33,44,10,228.00,"2,280.00"
2019-04-16,2019041601008031,SHPC,26,44,159,228.00,"36,252.00"
2019-04-16,2019041601008210,SHPC,17,57,300,229.00,"68,700.00"
2019-04-16,2019041601008209,SHPC,17,45,237,228.00,"54,036.00"
2019-04-16,2019041601008118,SHPC,28,45,276,228.00,"62,928.00"
2019-04-16,2019041601008294,SICL,56,4,302,881.00,"266,062.00"
2019-04-16,2019041601008293,SICL,6,4,30,881.00,"26,430.00"
2019-04-16,2019041601008097,SIFC,6,53,50,144.00,"7,200.00"
2019-04-16,2019041601008096,SIFC,6,21,30,143.00,"4,290.00"
2019-04-16,2019041601008095,SIFC,6,43,54,142.00,"7,668.00"
2019-04-16,2019041601008252,SIL,36,29,500,613.00,"306,500.00"
2019-04-16,2019041601008068,SINDU,33,51,75,129.00,"9,675.00"
2019-04-16,2019041601008067,SINDU,26,51,84,130.00,"10,920.00"
2019-04-16,2019041601008244,SKBBL,58,42,250,991.00,"247,750.00"
2019-04-16,2019041601008187,SKBBL,33,28,62,981.00,"60,822.00"
2019-04-16,2019041601008186,SKBBL,50,28,50,986.00,"49,300.00"
2019-04-16,2019041601008155,SKBBL,47,32,70,990.00,"69,300.00"
2019-04-16,2019041601008049,SKBBL,47,34,125,990.00,"123,750.00"
2019-04-16,2019041601008048,SKBBL,47,45,405,990.00,"400,950.00"
2019-04-16,2019041601008046,SKBBL,17,42,300,987.00,"296,100.00"
2019-04-16,2019041601008045,SKBBL,17,42,303,987.00,"299,061.00"
2019-04-16,2019041601008019,SKBBL,21,45,30,990.00,"29,700.00"
2019-04-16,2019041601008421,SLBBL,34,46,100,505.00,"50,500.00"
2019-04-16,2019041601008400,SLBBL,55,46,120,506.00,"60,720.00"
2019-04-16,2019041601008399,SLBBL,17,46,180,507.00,"91,260.00"
2019-04-16,2019041601008398,SLBBL,51,46,110,509.00,"55,990.00"
2019-04-16,2019041601008175,SLBBL,51,42,50,509.00,"25,450.00"
2019-04-16,2019041601008270,SLICL,46,50,50,536.00,"26,800.00"
2019-04-16,2019041601008269,SLICL,34,50,100,537.00,"53,700.00"
2019-04-16,2019041601008227,SMATA,41,18,10,"1,249.00","12,490.00"
2019-04-16,2019041601008191,SMATA,19,10,19,"1,225.00","23,275.00"
2019-04-16,2019041601008066,SRBL,50,6,35,242.00,"8,470.00"
2019-04-16,2019041601008170,UIC,16,58,200,862.00,"172,400.00"
2019-04-16,2019041601008052,UMHL,43,36,805,110.00,"88,550.00"
2019-04-16,2019041601008051,UMHL,56,36,86,110.00,"9,460.00"
2019-04-16,2019041601008050,UMHL,22,36,188,111.00,"20,868.00"
2019-04-16,2019041601008356,UPCL,34,45,20,90.00,"1,800.00"
2019-04-16,2019041601008311,UPCL,25,13,50,89.00,"4,450.00"
2019-04-16,2019041601008284,UPCL,41,45,200,90.00,"18,000.00"
2019-04-16,2019041601008283,UPCL,45,45,100,90.00,"9,000.00"
2019-04-16,2019041601008282,UPCL,54,45,10,90.00,900.00
2019-04-16,2019041601008281,UPCL,54,45,10,90.00,900.00
2019-04-16,2019041601008274,UPCL,54,45,450,90.00,"40,500.00"
2019-04-16,2019041601008243,UPCL,54,33,50,90.00,"4,500.00"
2019-04-16,2019041601008199,UPCL,10,49,50,91.00,"4,550.00"
2019-04-16,2019041601008197,UPCL,10,1,100,91.00,"9,100.00"
2019-04-16,2019041601008159,UPCL,10,49,50,91.00,"4,550.00"
2019-04-16,2019041601008280,UPCL,41,45,200,90.00,"18,000.00"
2019-04-16,2019041601008279,UPCL,54,45,10,90.00,900.00
2019-04-16,2019041601008278,UPCL,54,45,50,90.00,"4,500.00"
2019-04-16,2019041601008277,UPCL,32,45,200,90.00,"18,000.00"
2019-04-16,2019041601008276,UPCL,49,45,200,90.00,"18,000.00"
2019-04-16,2019041601008275,UPCL,4,45,50,90.00,"4,500.00"
2019-04-16,2019041601008462,UPPER,19,49,40,231.00,"9,240.00"
2019-04-16,2019041601008433,UPPER,19,49,50,231.00,"11,550.00"
2019-04-16,2019041601008171,UPPER,3,40,50,230.00,"11,500.00"
2019-04-16,2019041601008142,UPPER,3,33,50,230.00,"11,500.00"
2019-04-16,2019041601008021,UPPER,3,26,50,230.00,"11,500.00"
2019-04-16,2019041601008005,UPPER,59,26,40,231.00,"9,240.00"
2019-04-16,2019041601008200,UPPER,19,20,40,231.00,"9,240.00"
2019-04-16,2019041601008179,UPPER,3,44,280,230.00,"64,400.00"
2019-04-16,2019041601008178,UPPER,3,44,720,230.00,"165,600.00"
2019-04-16,2019041601008172,UPPER,3,20,40,230.00,"9,200.00"
2019-04-16,2019041601008221,VLBS,6,42,15,610.00,"9,150.00"
2019-04-16,2019041601008220,VLBS,43,42,31,611.00,"18,941.00"
2019-04-16,2019041601008127,VLBS,57,58,100,612.00,"61,200.00"
2019-04-16,2019041601008126,VLBS,57,58,100,612.00,"61,200.00"
2019-04-16,2019041601008125,VLBS,45,58,100,614.00,"61,400.00"
2019-04-16,2019041601008124,VLBS,55,58,10,616.00,"6,160.00"
2019-04-16,2019041601008123,VLBS,25,58,100,616.00,"61,600.00"
2019-04-16,2019041601007708,ADBL,26,59,100,326.00,"32,600.00"
2019-04-16,2019041601007841,AHPC,48,29,125,102.00,"12,750.00"
2019-04-16,2019041601007898,AKJCL,42,48,20,80.00,"1,600.00"
2019-04-16,2019041601007875,AKJCL,42,28,10,80.00,800.00
2019-04-16,2019041601007962,ALBSL,21,56,10,471.00,"4,710.00"
2019-04-16,2019041601007932,ALBSL,48,42,10,473.00,"4,730.00"
2019-04-16,2019041601007800,ALBSL,57,42,10,470.00,"4,700.00"
2019-04-16,2019041601007723,ALBSL,57,45,10,470.00,"4,700.00"
2019-04-16,2019041601007823,BHBL,4,28,10,170.00,"1,700.00"
2019-04-16,2019041601007822,BHBL,4,51,30,168.00,"5,040.00"
2019-04-16,2019041601007492,BHBL,38,51,50,168.00,"8,400.00"
2019-04-16,2019041601007965,BOKL,46,29,151,265.00,"40,015.00"
2019-04-16,2019041601007964,BOKL,46,13,349,265.00,"92,485.00"
2019-04-16,2019041601007866,BOKL,21,29,100,265.00,"26,500.00"
2019-04-16,2019041601007709,BOKL,46,26,200,264.00,"52,800.00"
2019-04-16,2019041601007843,BPCL,35,58,140,360.00,"50,400.00"
2019-04-16,2019041601007796,BPCL,6,16,22,358.00,"7,876.00"
2019-04-16,2019041601007651,BPCL,20,58,55,360.00,"19,800.00"
2019-04-16,2019041601007650,BPCL,20,35,11,360.00,"3,960.00"
2019-04-16,2019041601007903,CBL,34,28,335,167.00,"55,945.00"
2019-04-16,2019041601007902,CBL,34,56,"1,000",167.00,"167,000.00"
2019-04-16,2019041601007901,CBL,34,49,30,167.00,"5,010.00"
2019-04-16,2019041601007900,CBL,34,35,72,167.00,"12,024.00"
2019-04-16,2019041601007899,CBL,34,7,563,167.00,"94,021.00"
2019-04-16,2019041601007743,CBL,33,6,519,166.00,"86,154.00"
2019-04-16,2019041601007563,CBL,34,6,368,166.00,"61,088.00"
2019-04-16,2019041601007562,CBL,43,6,132,166.00,"21,912.00"
2019-04-16,2019041601007531,CBL,34,7,500,167.00,"83,500.00"
2019-04-16,2019041601007725,CBL,47,7,33,167.00,"5,511.00"
2019-04-16,2019041601007682,CBL,5,7,500,167.00,"83,500.00"
2019-04-16,2019041601007601,CBL,33,10,"2,368",166.00,"393,088.00"
2019-04-16,2019041601007600,CBL,59,10,"2,000",166.00,"332,000.00"
2019-04-16,2019041601007599,CBL,34,10,632,166.00,"104,912.00"
2019-04-16,2019041601007581,CBL,6,7,30,167.00,"5,010.00"
2019-04-16,2019041601007857,CCBL,17,29,60,167.00,"10,020.00"
2019-04-16,2019041601007649,CCBL,39,11,47,168.00,"7,896.00"
2019-04-16,2019041601007648,CCBL,39,40,103,168.00,"17,304.00"
2019-04-16,2019041601007931,CFCL,58,41,20,114.00,"2,280.00"
2019-04-16,2019041601007641,CFCL,28,14,500,112.00,"56,000.00"
2019-04-16,2019041601007640,CFCL,28,14,201,111.00,"22,311.00"
2019-04-16,2019041601007639,CFCL,28,49,78,111.00,"8,658.00"
2019-04-16,2019041601007888,CHCL,45,20,54,510.00,"27,540.00"
2019-04-16,2019041601007887,CHCL,45,11,44,510.00,"22,440.00"
2019-04-16,2019041601007886,CHCL,45,47,32,510.00,"16,320.00"
2019-04-16,2019041601007817,CHCL,34,57,30,507.00,"15,210.00"
2019-04-16,2019041601007816,CHCL,34,50,334,507.00,"169,338.00"
2019-04-16,2019041601007815,CHCL,42,50,21,507.00,"10,647.00"
2019-04-16,2019041601007718,CHLBS,42,10,10,492.00,"4,920.00"
2019-04-16,2019041601007717,CHLBS,42,45,10,492.00,"4,920.00"
2019-04-16,2019041601007846,CZBIL,56,25,500,227.00,"113,500.00"
2019-04-16,2019041601007825,CZBIL,56,25,500,227.00,"113,500.00"
2019-04-16,2019041601007732,CZBIL,34,52,90,226.00,"20,340.00"
2019-04-16,2019041601007572,DDBL,55,59,300,668.00,"200,400.00"
2019-04-16,2019041601007571,DDBL,55,32,100,666.00,"66,600.00"
2019-04-16,2019041601007570,DDBL,55,50,45,666.00,"29,970.00"
2019-04-16,2019041601007569,DDBL,55,11,132,665.00,"87,780.00"
2019-04-16,2019041601007568,DDBL,55,32,100,665.00,"66,500.00"
2019-04-16,2019041601007591,EBL,45,17,500,614.00,"307,000.00"
2019-04-16,2019041601007590,EBL,45,14,45,614.00,"27,630.00"
2019-04-16,2019041601007589,EBL,45,34,100,614.00,"61,400.00"
2019-04-16,2019041601007551,EBL,45,44,150,613.00,"91,950.00"
2019-04-16,2019041601007810,EDBL,43,43,30,290.00,"8,700.00"
2019-04-16,2019041601007958,EIC,28,17,17,"1,005.00","17,085.00"
2019-04-16,2019041601007957,EIC,16,17,35,"1,005.00","35,175.00"
2019-04-16,2019041601007867,EIC,16,25,40,"1,005.00","40,200.00"
2019-04-16,2019041601007724,EIC,16,44,25,"1,005.00","25,125.00"
2019-04-16,2019041601007777,FMDBL,38,48,407,395.00,"160,765.00"
2019-04-16,2019041601007776,FMDBL,39,48,300,396.00,"118,800.00"
2019-04-16,2019041601007775,FMDBL,17,48,293,397.00,"116,321.00"
2019-04-16,2019041601007872,FOWAD,22,37,15,"1,540.00","23,100.00"
2019-04-16,2019041601007814,FOWAD,22,16,15,"1,540.00","23,100.00"
2019-04-16,2019041601007808,FOWAD,33,49,50,"1,545.00","77,250.00"
2019-04-16,2019041601007946,GBIME,37,47,100,277.00,"27,700.00"
2019-04-16,2019041601007889,GBIME,21,43,65,278.00,"18,070.00"
2019-04-16,2019041601007883,GBIME,1,43,150,278.00,"41,700.00"
2019-04-16,2019041601007882,GBIME,1,55,60,278.00,"16,680.00"
2019-04-16,2019041601007851,GBIME,1,55,500,278.00,"139,000.00"
2019-04-16,2019041601007699,GBIME,45,55,300,278.00,"83,400.00"
2019-04-16,2019041601007636,GBIME,38,55,63,278.00,"17,514.00"
2019-04-16,2019041601007507,GBIME,28,55,77,278.00,"21,406.00"
2019-04-16,2019041601007506,GBIME,28,6,323,278.00,"89,794.00"
2019-04-16,2019041601007922,GDBL,48,48,183,194.00,"35,502.00"
2019-04-16,2019041601007921,GDBL,48,53,50,194.00,"9,700.00"
2019-04-16,2019041601007920,GDBL,48,26,300,194.00,"58,200.00"
2019-04-16,2019041601007880,GDBL,55,26,200,194.00,"38,800.00"
2019-04-16,2019041601007634,GRDBL,43,13,50,106.00,"5,300.00"
2019-04-16,2019041601007628,HBL,33,17,148,510.00,"75,480.00"
2019-04-16,2019041601007627,HBL,33,33,202,510.00,"103,020.00"
2019-04-16,2019041601007626,HBL,33,3,100,508.00,"50,800.00"
2019-04-16,2019041601007625,HBL,33,11,50,508.00,"25,400.00"
2019-04-16,2019041601007877,HIDCL,25,29,55,136.00,"7,480.00"
2019-04-16,2019041601007809,HIDCL,25,1,50,136.00,"6,800.00"
2019-04-16,2019041601007731,HIDCL,25,45,30,136.00,"4,080.00"
2019-04-16,2019041601007536,IGI,13,34,100,395.00,"39,500.00"
2019-04-16,2019041601007535,IGI,22,34,200,396.00,"79,200.00"
2019-04-16,2019041601007534,IGI,11,34,100,396.00,"39,600.00"
2019-04-16,2019041601007533,IGI,38,34,100,396.00,"39,600.00"
2019-04-16,2019041601007532,IGI,44,34,100,397.00,"39,700.00"
2019-04-16,2019041601007557,IGI,28,34,350,394.00,"137,900.00"
2019-04-16,2019041601007556,IGI,29,34,50,394.00,"19,700.00"
2019-04-16,2019041601007555,IGI,1,34,150,394.00,"59,100.00"
2019-04-16,2019041601007554,IGI,39,34,50,395.00,"19,750.00"
2019-04-16,2019041601007553,IGI,35,34,300,395.00,"118,500.00"
2019-04-16,2019041601007552,IGI,13,34,100,395.00,"39,500.00"
2019-04-16,2019041601007585,IGI,28,34,900,394.00,"354,600.00"
2019-04-16,2019041601007584,IGI,44,34,100,395.00,"39,500.00"
2019-04-16,2019041601007722,JBBL,38,52,200,140.00,"28,000.00"
2019-04-16,2019041601007721,JBBL,38,45,100,140.00,"14,000.00"
2019-04-16,2019041601007720,JBBL,38,6,"1,632",140.00,"228,480.00"
2019-04-16,2019041601007707,JBBL,38,6,300,140.00,"42,000.00"
2019-04-16,2019041601007692,JBBL,38,6,300,140.00,"42,000.00"
2019-04-16,2019041601007663,JBBL,38,6,300,140.00,"42,000.00"
2019-04-16,2019041601007645,JBBL,38,6,200,140.00,"28,000.00"
2019-04-16,2019041601007644,JBBL,38,6,600,140.00,"84,000.00"
2019-04-16,2019041601007925,JBNL,43,19,890,188.00,"167,320.00"
2019-04-16,2019041601007924,JBNL,43,48,800,188.00,"150,400.00"
2019-04-16,2019041601007860,JBNL,25,48,200,188.00,"37,600.00"
2019-04-16,2019041601007859,JBNL,25,32,800,188.00,"150,400.00"
2019-04-16,2019041601007550,JBNL,32,32,200,188.00,"37,600.00"
2019-04-16,2019041601007961,KBL,26,56,549,260.00,"142,740.00"
2019-04-16,2019041601007951,KBL,26,1,88,260.00,"22,880.00"
2019-04-16,2019041601007942,KBL,26,36,54,260.00,"14,040.00"
2019-04-16,2019041601007940,KBL,26,35,100,260.00,"26,000.00"
2019-04-16,2019041601007935,KBL,26,1,88,260.00,"22,880.00"
2019-04-16,2019041601007934,KBL,26,36,41,260.00,"10,660.00"
2019-04-16,2019041601007505,KBL,26,33,100,260.00,"26,000.00"
2019-04-16,2019041601007504,KBL,26,10,100,260.00,"26,000.00"
2019-04-16,2019041601007513,KBL,19,54,200,259.00,"51,800.00"
2019-04-16,2019041601007512,KBL,38,54,100,259.00,"25,900.00"
2019-04-16,2019041601007511,KBL,54,54,50,259.00,"12,950.00"
2019-04-16,2019041601007510,KBL,41,54,"1,000",259.00,"259,000.00"
2019-04-16,2019041601007509,KBL,58,54,500,259.00,"129,500.00"
2019-04-16,2019041601007508,KBL,22,54,690,259.00,"178,710.00"
2019-04-16,2019041601007519,KBL,57,54,"1,000",259.00,"259,000.00"
2019-04-16,2019041601007518,KBL,5,54,500,259.00,"129,500.00"
2019-04-16,2019041601007517,KBL,56,54,100,259.00,"25,900.00"
2019-04-16,2019041601007516,KBL,52,54,207,259.00,"53,613.00"
2019-04-16,2019041601007515,KBL,29,54,200,259.00,"51,800.00"
2019-04-16,2019041601007514,KBL,7,54,100,259.00,"25,900.00"
2019-04-16,2019041601007760,KBL,33,42,44,260.00,"11,440.00"
2019-04-16,2019041601007759,KBL,33,33,150,260.00,"39,000.00"
2019-04-16,2019041601007729,KBL,25,33,50,260.00,"13,000.00"
2019-04-16,2019041601007564,KBL,48,54,"1,654",259.00,"428,386.00"
2019-04-16,2019041601007521,KBL,55,54,500,259.00,"129,500.00"
2019-04-16,2019041601007520,KBL,22,54,199,259.00,"51,541.00"
2019-04-16,2019041601007933,KBL,26,29,80,260.00,"20,800.00"
2019-04-16,2019041601007863,KBL,39,36,54,260.00,"14,040.00"
2019-04-16,2019041601007862,KBL,39,26,17,260.00,"4,420.00"
2019-04-16,2019041601007824,KBL,46,26,300,260.00,"78,000.00"
2019-04-16,2019041601007821,KBL,20,26,600,260.00,"156,000.00"
2019-04-16,2019041601007761,KBL,33,26,206,260.00,"53,560.00"
2019-04-16,2019041601007804,KKHC,42,38,16,77.00,"1,232.00"
2019-04-16,2019041601007803,KKHC,42,59,16,75.00,"1,200.00"
2019-04-16,2019041601007802,KKHC,42,26,16,75.00,"1,200.00"
2019-04-16,2019041601007801,KKHC,42,54,100,75.00,"7,500.00"
2019-04-16,2019041601007587,KMFL,49,34,20,850.00,"17,000.00"
2019-04-16,2019041601007871,KNBL,49,43,44,130.00,"5,720.00"
2019-04-16,2019041601007734,KNBL,34,36,"1,000",129.00,"129,000.00"
2019-04-16,2019041601007693,KRBL,57,57,100,104.00,"10,400.00"
2019-04-16,2019041601007848,KSBBL,55,29,130,146.00,"18,980.00"
2019-04-16,2019041601007847,KSBBL,55,34,70,146.00,"10,220.00"
2019-04-16,2019041601007762,LBBL,25,59,310,175.00,"54,250.00"
2019-04-16,2019041601007610,LBL,36,58,50,218.00,"10,900.00"
2019-04-16,2019041601007609,LBL,36,32,400,218.00,"87,200.00"
2019-04-16,2019041601007608,LBL,36,14,52,218.00,"11,336.00"
2019-04-16,2019041601007607,LBL,36,34,50,218.00,"10,900.00"
2019-04-16,2019041601007606,LBL,36,55,500,218.00,"109,000.00"
2019-04-16,2019041601007605,LBL,36,53,50,218.00,"10,900.00"
2019-04-16,2019041601007604,LBL,36,13,50,218.00,"10,900.00"
2019-04-16,2019041601007603,LBL,36,20,20,218.00,"4,360.00"
2019-04-16,2019041601007575,LGIL,28,29,"1,000",509.00,"509,000.00"
2019-04-16,2019041601007574,LGIL,53,29,50,509.00,"25,450.00"
2019-04-16,2019041601007573,LGIL,58,29,100,509.00,"50,900.00"
2019-04-16,2019041601007806,LICN,28,47,100,"1,545.00","154,500.00"
2019-04-16,2019041601007805,LICN,28,17,84,"1,540.00","129,360.00"
2019-04-16,2019041601007705,MBL,25,53,100,250.00,"25,000.00"
2019-04-16,2019041601007704,MBL,25,28,500,250.00,"125,000.00"
2019-04-16,2019041601007703,MBL,25,48,500,250.00,"125,000.00"
2019-04-16,2019041601007686,MBL,42,48,500,250.00,"125,000.00"
2019-04-16,2019041601007602,MDB,33,17,26,238.00,"6,188.00"
2019-04-16,2019041601007719,MEGA,19,44,613,178.00,"109,114.00"
2019-04-16,2019041601007874,MERO,26,5,52,594.00,"30,888.00"
2019-04-16,2019041601007873,MERO,26,56,48,592.00,"28,416.00"
2019-04-16,2019041601007537,MERO,6,56,52,592.00,"30,784.00"
2019-04-16,2019041601007905,NABIL,5,17,100,767.00,"76,700.00"
2019-04-16,2019041601007870,NABIL,45,58,30,766.00,"22,980.00"
2019-04-16,2019041601007675,NABILP,28,34,100,733.00,"73,300.00"
2019-04-16,2019041601007952,NBB,43,36,"1,000",215.00,"215,000.00"
2019-04-16,2019041601007936,NBB,43,54,"1,000",215.00,"215,000.00"
2019-04-16,2019041601007923,NBB,43,54,"1,000",215.00,"215,000.00"
2019-04-16,2019041601007897,NBB,43,54,"1,000",215.00,"215,000.00"
2019-04-16,2019041601007893,NBB,41,58,"1,932",214.00,"413,448.00"
2019-04-16,2019041601007892,NBB,21,58,68,214.00,"14,552.00"
2019-04-16,2019041601007779,NBB,21,58,232,214.00,"49,648.00"
2019-04-16,2019041601007778,NBB,25,58,268,214.00,"57,352.00"
2019-04-16,2019041601007666,NBB,25,19,232,214.00,"49,648.00"
2019-04-16,2019041601007665,NBB,34,19,377,214.00,"80,678.00"
2019-04-16,2019041601007966,NBL,42,38,40,298.00,"11,920.00"
2019-04-16,2019041601007840,NBL,42,10,500,298.00,"149,000.00"
2019-04-16,2019041601007839,NBL,34,10,500,298.00,"149,000.00"
2019-04-16,2019041601007668,NBL,36,55,"2,000",298.00,"596,000.00"
2019-04-16,2019041601007638,NBL,59,55,795,297.00,"236,115.00"
2019-04-16,2019041601007637,NBL,58,55,205,297.00,"60,885.00"
2019-04-16,2019041601007950,NCCB,32,32,500,227.00,"113,500.00"
2019-04-16,2019041601007941,NCCB,45,32,100,227.00,"22,700.00"
2019-04-16,2019041601007927,NCCB,32,54,"1,000",226.00,"226,000.00"
2019-04-16,2019041601007891,NCCB,32,32,200,227.00,"45,400.00"
2019-04-16,2019041601007748,NCCB,33,48,"1,000",226.00,"226,000.00"
2019-04-16,2019041601007747,NCCB,33,36,"1,080",226.00,"244,080.00"
2019-04-16,2019041601007538,NCCB,43,36,"1,000",226.00,"226,000.00"
2019-04-16,2019041601007497,NCCB,57,36,200,226.00,"45,200.00"
2019-04-16,2019041601007496,NCCB,53,36,200,226.00,"45,200.00"
2019-04-16,2019041601007495,NCCB,36,36,20,226.00,"4,520.00"
2019-04-16,2019041601007788,NCDB,28,25,447,135.00,"60,345.00"
2019-04-16,2019041601007787,NCDB,47,25,100,135.00,"13,500.00"
2019-04-16,2019041601007773,NCDB,25,25,"1,000",137.00,"137,000.00"
2019-04-16,2019041601007772,NCDB,52,25,200,137.00,"27,400.00"
2019-04-16,2019041601007771,NCDB,7,25,"1,000",138.00,"138,000.00"
2019-04-16,2019041601007770,NCDB,28,25,"1,000",138.00,"138,000.00"
2019-04-16,2019041601007769,NCDB,52,25,200,139.00,"27,800.00"
2019-04-16,2019041601007768,NCDB,49,25,53,140.00,"7,420.00"
2019-04-16,2019041601007944,NHPC,20,45,600,72.00,"43,200.00"
2019-04-16,2019041601007745,NIB,52,16,37,558.00,"20,646.00"
2019-04-16,2019041601007598,NIB,52,34,100,558.00,"55,800.00"
2019-04-16,2019041601007586,NIB,49,38,14,559.00,"7,826.00"
2019-04-16,2019041601007694,NIBPO,49,46,24,520.00,"12,480.00"
2019-04-16,2019041601007955,NICA,6,26,262,494.00,"129,428.00"
2019-04-16,2019041601007954,NICA,6,16,238,494.00,"117,572.00"
2019-04-16,2019041601007908,NICA,33,16,262,494.00,"129,428.00"
2019-04-16,2019041601007907,NICA,33,43,38,494.00,"18,772.00"
2019-04-16,2019041601007906,NICA,33,55,200,493.00,"98,600.00"
2019-04-16,2019041601007896,NICA,54,22,200,493.00,"98,600.00"
2019-04-16,2019041601007798,NICA,25,35,38,494.00,"18,772.00"
2019-04-16,2019041601007749,NICA,54,56,37,493.00,"18,241.00"
2019-04-16,2019041601007740,NICA,54,22,60,493.00,"29,580.00"
2019-04-16,2019041601007702,NICA,54,16,88,493.00,"43,384.00"
2019-04-16,2019041601007646,NICA,6,35,62,494.00,"30,628.00"
2019-04-16,2019041601007876,NICA,49,28,300,492.00,"147,600.00"
2019-04-16,2019041601007831,NICA,1,5,102,493.00,"50,286.00"
2019-04-16,2019041601007828,NICA,1,33,97,493.00,"47,821.00"
2019-04-16,2019041601007820,NICA,57,33,300,493.00,"147,900.00"
2019-04-16,2019041601007819,NICA,54,33,525,493.00,"258,825.00"
2019-04-16,2019041601007799,NICA,25,43,462,494.00,"228,228.00"
2019-04-16,2019041601007624,NIL,25,38,200,524.00,"104,800.00"
2019-04-16,2019041601007529,NIL,44,54,200,522.00,"104,400.00"
2019-04-16,2019041601007528,NIL,16,54,"1,000",522.00,"522,000.00"
2019-04-16,2019041601007527,NIL,39,54,100,522.00,"52,200.00"
2019-04-16,2019041601007526,NIL,42,54,100,523.00,"52,300.00"
2019-04-16,2019041601007525,NIL,13,54,500,523.00,"261,500.00"
2019-04-16,2019041601007524,NIL,17,54,200,523.00,"104,600.00"
2019-04-16,2019041601007523,NIL,28,54,200,523.00,"104,600.00"
2019-04-16,2019041601007522,NIL,46,54,100,523.00,"52,300.00"
2019-04-16,2019041601007794,NLIC,14,38,100,"1,105.00","110,500.00"
2019-04-16,2019041601007793,NLIC,14,7,50,"1,105.00","55,250.00"
2019-04-16,2019041601007792,NLIC,14,39,200,"1,105.00","221,000.00"
2019-04-16,2019041601007791,NLIC,14,25,17,"1,105.00","18,785.00"
2019-04-16,2019041601007790,NLIC,14,25,50,"1,105.00","55,250.00"
2019-04-16,2019041601007710,NLIC,44,32,116,"1,104.00","128,064.00"
2019-04-16,2019041601007544,NLIC,44,57,17,"1,103.00","18,751.00"
2019-04-16,2019041601007543,NLIC,44,25,297,"1,102.00","327,294.00"
2019-04-16,2019041601007542,NLIC,44,32,318,"1,102.00","350,436.00"
2019-04-16,2019041601007541,NLIC,44,59,350,"1,101.00","385,350.00"
2019-04-16,2019041601007540,NLIC,44,32,300,"1,100.00","330,000.00"
2019-04-16,2019041601007647,NLIC,44,13,17,"1,104.00","18,768.00"
2019-04-16,2019041601007549,NLIC,44,34,66,"1,104.00","72,864.00"
2019-04-16,2019041601007548,NLIC,44,8,200,"1,104.00","220,800.00"
2019-04-16,2019041601007547,NLIC,44,43,400,"1,103.00","441,200.00"
2019-04-16,2019041601007546,NLIC,44,39,350,"1,103.00","386,050.00"
2019-04-16,2019041601007545,NLIC,44,58,69,"1,103.00","76,107.00"
2019-04-16,2019041601007855,NLICL,49,29,"1,500",595.00,"892,500.00"
2019-04-16,2019041601007854,NLICL,32,29,100,595.00,"59,500.00"
2019-04-16,2019041601007853,NLICL,56,29,100,595.00,"59,500.00"
2019-04-16,2019041601007852,NLICL,44,29,50,595.00,"29,750.00"
2019-04-16,2019041601007493,NLICL,49,29,100,593.00,"59,300.00"
2019-04-16,2019041601007484,NLICL,29,29,500,593.00,"296,500.00"
2019-04-16,2019041601007483,NLICL,47,29,50,593.00,"29,650.00"
2019-04-16,2019041601007482,NLICL,49,29,500,593.00,"296,500.00"
2019-04-16,2019041601007481,NLICL,49,29,"1,500",595.00,"892,500.00"
2019-04-16,2019041601007480,NLICL,35,29,10,596.00,"5,960.00"
2019-04-16,2019041601007479,NLICL,35,29,100,597.00,"59,700.00"
2019-04-16,2019041601007949,NMB,54,42,888,377.00,"334,776.00"
2019-04-16,2019041601007948,NMB,54,39,12,377.00,"4,524.00"
2019-04-16,2019041601007947,NMB,54,32,100,377.00,"37,700.00"
2019-04-16,2019041601007926,NMB,45,35,12,376.00,"4,512.00"
2019-04-16,2019041601007919,NMB,45,53,"3,000",376.00,"1,128,000.00"
2019-04-16,2019041601007918,NMB,45,13,100,376.00,"37,600.00"
2019-04-16,2019041601007530,NMB,28,53,200,375.00,"75,000.00"
2019-04-16,2019041601007494,NMB,28,26,12,374.00,"4,488.00"
2019-04-16,2019041601007597,NMB,7,40,237,375.00,"88,875.00"
2019-04-16,2019041601007593,NMB,28,40,200,375.00,"75,000.00"
2019-04-16,2019041601007588,NMB,59,40,63,375.00,"23,625.00"
2019-04-16,2019041601007583,NMB,59,41,37,375.00,"13,875.00"
2019-04-16,2019041601007582,NMB,59,53,900,375.00,"337,500.00"
2019-04-16,2019041601007539,NMB,21,53,400,375.00,"150,000.00"
2019-04-16,2019041601007655,NMB,7,58,500,375.00,"187,500.00"
2019-04-16,2019041601007654,NMB,49,58,"1,000",375.00,"375,000.00"
2019-04-16,2019041601007653,NMB,45,58,500,375.00,"187,500.00"
2019-04-16,2019041601007652,NMB,29,58,60,375.00,"22,500.00"
2019-04-16,2019041601007614,NMB,50,4,900,376.00,"338,400.00"
2019-04-16,2019041601007613,NMB,50,52,100,376.00,"37,600.00"
2019-04-16,2019041601007695,NMB,40,8,160,375.00,"60,000.00"
2019-04-16,2019041601007679,NMB,40,53,40,375.00,"15,000.00"
2019-04-16,2019041601007667,NMB,39,53,"1,960",375.00,"735,000.00"
2019-04-16,2019041601007660,NMB,39,17,40,375.00,"15,000.00"
2019-04-16,2019041601007658,NMB,43,17,60,375.00,"22,500.00"
2019-04-16,2019041601007656,NMB,43,58,940,375.00,"352,500.00"
2019-04-16,2019041601007807,NMB,54,4,"1,000",376.00,"376,000.00"
2019-04-16,2019041601007763,NMB,4,22,40,375.00,"15,000.00"
2019-04-16,2019041601007737,NMB,4,39,300,375.00,"112,500.00"
2019-04-16,2019041601007716,NMB,4,58,96,375.00,"36,000.00"
2019-04-16,2019041601007706,NMB,54,58,904,375.00,"339,000.00"
2019-04-16,2019041601007696,NMB,54,8,96,375.00,"36,000.00"
2019-04-16,2019041601007879,NMB,45,34,201,375.00,"75,375.00"
2019-04-16,2019041601007878,NMB,45,22,799,375.00,"299,625.00"
2019-04-16,2019041601007869,NMB,37,22,137,375.00,"51,375.00"
2019-04-16,2019041601007868,NMB,4,22,64,375.00,"24,000.00"
2019-04-16,2019041601007826,NMB,25,4,500,376.00,"188,000.00"
2019-04-16,2019041601007812,NMB,25,4,"1,000",376.00,"376,000.00"
2019-04-16,2019041601007911,NMB,45,42,"3,000",376.00,"1,128,000.00"
2019-04-16,2019041601007910,NMB,45,49,100,376.00,"37,600.00"
2019-04-16,2019041601007909,NMB,45,4,600,376.00,"225,600.00"
2019-04-16,2019041601007894,NMB,54,4,"1,000",376.00,"376,000.00"
2019-04-16,2019041601007885,NMB,6,33,200,375.00,"75,000.00"
2019-04-16,2019041601007884,NMB,6,39,120,375.00,"45,000.00"
2019-04-16,2019041601007917,NMB,45,53,"2,000",376.00,"752,000.00"
2019-04-16,2019041601007916,NMB,45,29,500,376.00,"188,000.00"
2019-04-16,2019041601007915,NMB,45,49,"1,655",376.00,"622,280.00"
2019-04-16,2019041601007914,NMB,45,17,63,376.00,"23,688.00"
2019-04-16,2019041601007913,NMB,45,6,500,376.00,"188,000.00"
2019-04-16,2019041601007912,NMB,45,16,"1,000",376.00,"376,000.00"
2019-04-16,2019041601007711,NMBSF1,41,28,"5,000",10.66,"53,300.00"
2019-04-16,2019041601007698,NMBSF1,41,34,"4,710",10.60,"49,926.00"
2019-04-16,2019041601007697,NMBSF1,41,28,"4,500",10.60,"47,700.00"
2019-04-16,2019041601007567,NSEWA,25,41,10,505.00,"5,050.00"
2019-04-16,2019041601007713,OHL,59,57,30,450.00,"13,500.00"
2019-04-16,2019041601007746,PCBL,48,19,100,340.00,"34,000.00"
2019-04-16,2019041601007736,PCBL,48,1,400,340.00,"136,000.00"
2019-04-16,2019041601007735,PCBL,5,1,100,340.00,"34,000.00"
2019-04-16,2019041601007701,PCBL,5,26,300,340.00,"102,000.00"
2019-04-16,2019041601007664,PCBL,5,58,100,340.00,"34,000.00"
2019-04-16,2019041601007619,PCBL,44,49,500,341.00,"170,500.00"
2019-04-16,2019041601007499,PCBL,43,13,297,340.00,"100,980.00"
2019-04-16,2019041601007498,PCBL,43,34,182,340.00,"61,880.00"
2019-04-16,2019041601007488,PCBL,43,34,18,340.00,"6,120.00"
2019-04-16,2019041601007487,PCBL,43,20,50,340.00,"17,000.00"
2019-04-16,2019041601007486,PCBL,43,6,500,340.00,"170,000.00"
2019-04-16,2019041601007485,PCBL,43,55,432,340.00,"146,880.00"
2019-04-16,2019041601007618,PCBL,44,29,310,340.00,"105,400.00"
2019-04-16,2019041601007617,PCBL,44,46,300,340.00,"102,000.00"
2019-04-16,2019041601007503,PCBL,43,7,120,340.00,"40,800.00"
2019-04-16,2019041601007502,PCBL,43,42,18,340.00,"6,120.00"
2019-04-16,2019041601007501,PCBL,43,32,444,340.00,"150,960.00"
2019-04-16,2019041601007500,PCBL,43,14,50,340.00,"17,000.00"
2019-04-16,2019041601007960,PFL,13,34,35,135.00,"4,725.00"
2019-04-16,2019041601007959,PFL,32,34,30,135.00,"4,050.00"
2019-04-16,2019041601007811,PIC,51,22,10,"1,019.00","10,190.00"
2019-04-16,2019041601007774,PIC,6,26,11,"1,017.00","11,187.00"
2019-04-16,2019041601007712,PIC,6,28,100,"1,019.00","101,900.00"
2019-04-16,2019041601007797,PLIC,35,1,100,460.00,"46,000.00"
2019-04-16,2019041601007661,PLIC,37,4,38,463.00,"17,594.00"
2019-04-16,2019041601007789,PMHPL,56,41,10,111.00,"1,110.00"
2019-04-16,2019041601007929,PRIN,25,29,"1,000",416.00,"416,000.00"
2019-04-16,2019041601007928,PRIN,10,29,"1,000",417.00,"417,000.00"
2019-04-16,2019041601007845,PRIN,49,28,50,420.00,"21,000.00"
2019-04-16,2019041601007844,PRIN,49,1,100,420.00,"42,000.00"
2019-04-16,2019041601007767,PRIN,48,34,300,419.00,"125,700.00"
2019-04-16,2019041601007766,PRIN,48,42,180,419.00,"75,420.00"
2019-04-16,2019041601007765,PRIN,48,25,"1,110",419.00,"465,090.00"
2019-04-16,2019041601007726,PRIN,6,51,100,418.00,"41,800.00"
2019-04-16,2019041601007978,PRVU,55,29,500,260.00,"130,000.00"
2019-04-16,2019041601007977,PRVU,6,29,"1,000",260.00,"260,000.00"
2019-04-16,2019041601007976,PRVU,36,29,"2,000",260.00,"520,000.00"
2019-04-16,2019041601007975,PRVU,58,29,"2,000",260.00,"520,000.00"
2019-04-16,2019041601007974,PRVU,34,29,"2,000",261.00,"522,000.00"
2019-04-16,2019041601007973,PRVU,29,29,"1,000",261.00,"261,000.00"
2019-04-16,2019041601007615,PRVU,6,42,500,264.00,"132,000.00"
2019-04-16,2019041601007632,PRVU,43,57,140,264.00,"36,960.00"
2019-04-16,2019041601007631,PRVU,43,55,50,264.00,"13,200.00"
2019-04-16,2019041601007630,PRVU,43,10,100,264.00,"26,400.00"
2019-04-16,2019041601007629,PRVU,43,42,924,264.00,"243,936.00"
2019-04-16,2019041601007623,PRVU,42,26,20,263.00,"5,260.00"
2019-04-16,2019041601007616,PRVU,42,42,500,264.00,"132,000.00"
2019-04-16,2019041601007680,PRVU,29,26,286,264.00,"75,504.00"
2019-04-16,2019041601007678,PRVU,43,42,750,265.00,"198,750.00"
2019-04-16,2019041601007677,PRVU,43,39,50,265.00,"13,250.00"
2019-04-16,2019041601007676,PRVU,43,8,200,265.00,"53,000.00"
2019-04-16,2019041601007643,PRVU,29,32,714,264.00,"188,496.00"
2019-04-16,2019041601007633,PRVU,43,32,286,264.00,"75,504.00"
2019-04-16,2019041601007691,PRVU,48,44,700,265.00,"185,500.00"
2019-04-16,2019041601007690,PRVU,48,34,250,265.00,"66,250.00"
2019-04-16,2019041601007689,PRVU,48,50,100,265.00,"26,500.00"
2019-04-16,2019041601007688,PRVU,48,8,200,265.00,"53,000.00"
2019-04-16,2019041601007687,PRVU,48,42,250,265.00,"66,250.00"
2019-04-16,2019041601007681,PRVU,45,26,714,264.00,"188,496.00"
2019-04-16,2019041601007753,PRVU,48,29,"1,000",264.00,"264,000.00"
2019-04-16,2019041601007752,PRVU,25,29,500,264.00,"132,000.00"
2019-04-16,2019041601007751,PRVU,42,29,"2,000",264.00,"528,000.00"
2019-04-16,2019041601007750,PRVU,45,29,"1,286",264.00,"339,504.00"
2019-04-16,2019041601007730,PRVU,48,44,200,265.00,"53,000.00"
2019-04-16,2019041601007781,PRVU,43,44,100,265.00,"26,500.00"
2019-04-16,2019041601007758,PRVU,25,29,334,263.00,"87,842.00"
2019-04-16,2019041601007757,PRVU,13,29,500,263.00,"131,500.00"
2019-04-16,2019041601007756,PRVU,59,29,"1,500",263.00,"394,500.00"
2019-04-16,2019041601007755,PRVU,39,29,250,263.00,"65,750.00"
2019-04-16,2019041601007754,PRVU,42,29,630,263.00,"165,690.00"
2019-04-16,2019041601007858,PRVU,45,29,300,264.00,"79,200.00"
2019-04-16,2019041601007818,PRVU,25,28,500,263.00,"131,500.00"
2019-04-16,2019041601007785,PRVU,10,55,200,265.00,"53,000.00"
2019-04-16,2019041601007784,PRVU,43,55,620,265.00,"164,300.00"
2019-04-16,2019041601007783,PRVU,43,1,80,265.00,"21,200.00"
2019-04-16,2019041601007782,PRVU,43,41,200,265.00,"53,000.00"
2019-04-16,2019041601007895,PRVU,25,22,69,263.00,"18,147.00"
2019-04-16,2019041601007881,PRVU,25,47,97,263.00,"25,511.00"
2019-04-16,2019041601007972,PRVU,58,29,"1,000",261.00,"261,000.00"
2019-04-16,2019041601007971,PRVU,48,29,300,261.00,"78,300.00"
2019-04-16,2019041601007970,PRVU,45,29,250,262.00,"65,500.00"
2019-04-16,2019041601007969,PRVU,25,29,"1,000",262.00,"262,000.00"
2019-04-16,2019041601007968,PRVU,36,29,300,262.00,"78,600.00"
2019-04-16,2019041601007967,PRVU,45,29,50,262.00,"13,100.00"
2019-04-16,2019041601007850,RBCL,38,59,50,"9,186.00","459,300.00"
2019-04-16,2019041601007864,RRHP,19,20,10,95.00,950.00
2019-04-16,2019041601007635,RRHP,19,41,10,95.00,950.00
2019-04-16,2019041601007953,RSDC,51,41,20,380.00,"7,600.00"
2019-04-16,2019041601007566,SBBLJ,33,39,50,198.00,"9,900.00"
2019-04-16,2019041601007565,SBBLJ,33,45,10,198.00,"1,980.00"
2019-04-16,2019041601007956,SBL,43,53,42,329.00,"13,818.00"
2019-04-16,2019041601007945,SBL,43,32,200,329.00,"65,800.00"
2019-04-16,2019041601007684,SBL,43,58,100,329.00,"32,900.00"
2019-04-16,2019041601007561,SBL,6,39,300,330.00,"99,000.00"
2019-04-16,2019041601007560,SBL,6,19,200,330.00,"66,000.00"
2019-04-16,2019041601007491,SBL,4,49,"1,000",329.00,"329,000.00"
2019-04-16,2019041601007490,SBL,4,38,200,329.00,"65,800.00"
2019-04-16,2019041601007489,SBL,4,13,707,329.00,"232,603.00"
2019-04-16,2019041601007856,SCB,10,19,45,595.00,"26,775.00"
2019-04-16,2019041601007795,SCB,10,34,100,595.00,"59,500.00"
2019-04-16,2019041601007685,SDESI,6,41,13,550.00,"7,150.00"
2019-04-16,2019041601007662,SDESI,45,41,10,555.00,"5,550.00"
2019-04-16,2019041601007939,SHIVM,44,34,50,310.00,"15,500.00"
2019-04-16,2019041601007786,SHIVM,10,42,40,311.00,"12,440.00"
2019-04-16,2019041601007738,SHIVM,10,34,50,311.00,"15,550.00"
2019-04-16,2019041601007728,SHIVM,10,34,10,311.00,"3,110.00"
2019-04-16,2019041601007727,SHIVM,33,34,40,311.00,"12,440.00"
2019-04-16,2019041601007714,SHIVM,43,17,50,311.00,"15,550.00"
2019-04-16,2019041601007938,SHL,32,43,400,209.00,"83,600.00"
2019-04-16,2019041601007733,SHPC,26,1,75,228.00,"17,100.00"
2019-04-16,2019041601007937,SICL,11,4,148,884.00,"130,832.00"
2019-04-16,2019041601007963,SKBBL,36,45,15,990.00,"14,850.00"
2019-04-16,2019041601007861,SKBBL,55,45,50,990.00,"49,500.00"
2019-04-16,2019041601007764,SKBBL,17,57,31,987.00,"30,597.00"
2019-04-16,2019041601007739,SKBBL,17,26,50,987.00,"49,350.00"
2019-04-16,2019041601007595,SKBBL,17,45,16,987.00,"15,792.00"
2019-04-16,2019041601007594,SKBBL,45,45,125,987.00,"123,375.00"
2019-04-16,2019041601007612,SLBBL,51,57,30,509.00,"15,270.00"
2019-04-16,2019041601007611,SLBBL,49,57,200,510.00,"102,000.00"
2019-04-16,2019041601007700,SLBBL,51,57,10,509.00,"5,090.00"
2019-04-16,2019041601007943,SLBS,42,8,10,916.00,"9,160.00"
2019-04-16,2019041601007865,SLBS,42,58,11,900.00,"9,900.00"
2019-04-16,2019041601007642,SLICL,46,57,11,536.00,"5,896.00"
2019-04-16,2019041601007904,SRBL,50,39,65,242.00,"15,730.00"
2019-04-16,2019041601007849,SRBL,50,58,50,242.00,"12,100.00"
2019-04-16,2019041601007622,SRBL,59,7,248,243.00,"60,264.00"
2019-04-16,2019041601007621,SRBL,59,13,25,243.00,"6,075.00"
2019-04-16,2019041601007620,SRBL,59,39,200,243.00,"48,600.00"
2019-04-16,2019041601007592,SRBL,50,51,50,242.00,"12,100.00"
2019-04-16,2019041601007838,SWBBL,39,5,100,910.00,"91,000.00"
2019-04-16,2019041601007837,SWBBL,39,53,50,910.00,"45,500.00"
2019-04-16,2019041601007836,SWBBL,39,11,100,909.00,"90,900.00"
2019-04-16,2019041601007835,SWBBL,39,13,100,909.00,"90,900.00"
2019-04-16,2019041601007834,SWBBL,39,14,100,907.00,"90,700.00"
2019-04-16,2019041601007833,SWBBL,39,57,100,905.00,"90,500.00"
2019-04-16,2019041601007832,SWBBL,39,17,20,905.00,"18,100.00"
2019-04-16,2019041601007715,UIC,58,4,91,862.00,"78,442.00"
2019-04-16,2019041601007674,UIC,58,6,200,862.00,"172,400.00"
2019-04-16,2019041601007673,UIC,58,56,98,862.00,"84,476.00"
2019-04-16,2019041601007672,UIC,58,56,500,861.00,"430,500.00"
2019-04-16,2019041601007671,UIC,58,58,50,860.00,"43,000.00"
2019-04-16,2019041601007670,UIC,58,28,95,860.00,"81,700.00"
2019-04-16,2019041601007577,UIC,41,6,90,856.00,"77,040.00"
2019-04-16,2019041601007576,UIC,56,6,16,857.00,"13,712.00"
2019-04-16,2019041601007669,UIC,58,37,66,860.00,"56,760.00"
2019-04-16,2019041601007657,UIC,7,4,100,856.00,"85,600.00"
2019-04-16,2019041601007596,UIC,7,4,16,856.00,"13,696.00"
2019-04-16,2019041601007580,UIC,7,6,94,856.00,"80,464.00"
2019-04-16,2019041601007579,UIC,7,6,200,856.00,"171,200.00"
2019-04-16,2019041601007578,UIC,46,6,300,856.00,"256,800.00"
2019-04-16,2019041601007659,UMHL,22,59,312,111.00,"34,632.00"
2019-04-16,2019041601007930,UPPER,59,56,40,231.00,"9,240.00"
2019-04-16,2019041601007890,UPPER,59,56,40,231.00,"9,240.00"
2019-04-16,2019041601007842,UPPER,59,45,50,231.00,"11,550.00"
2019-04-16,2019041601007830,UPPER,59,16,123,231.00,"28,413.00"
2019-04-16,2019041601007829,UPPER,1,16,170,231.00,"39,270.00"
2019-04-16,2019041601007827,UPPER,48,50,10,232.00,"2,320.00"
2019-04-16,2019041601007559,UPPER,1,29,30,231.00,"6,930.00"
2019-04-16,2019041601007558,UPPER,37,29,120,231.00,"27,720.00"
2019-04-16,2019041601007813,UPPER,48,50,50,232.00,"11,600.00"
2019-04-16,2019041601007780,UPPER,1,38,40,231.00,"9,240.00"
2019-04-16,2019041601007742,UPPER,1,16,148,231.00,"34,188.00"
2019-04-16,2019041601007741,UPPER,1,45,72,231.00,"16,632.00"
2019-04-16,2019041601007683,UPPER,1,13,40,231.00,"9,240.00"
2019-04-16,2019041601007744,VLBS,52,57,13,617.00,"8,021.00"
2019-04-16,2019041601007233,ADBL,59,6,58,327.00,"18,966.00"
2019-04-16,2019041601007232,ADBL,59,19,42,326.00,"13,692.00"
2019-04-16,2019041601007170,ADBL,49,39,20,325.00,"6,500.00"
2019-04-16,2019041601007094,ADBL,43,19,20,326.00,"6,520.00"
2019-04-16,2019041601007142,AKJCL,42,42,10,80.00,800.00
2019-04-16,2019041601007077,AKJCL,25,26,10,81.00,810.00
2019-04-16,2019041601007076,AKJCL,25,26,20,81.00,"1,620.00"
2019-04-16,2019041601007075,AKJCL,25,26,10,81.00,810.00
2019-04-16,2019041601007028,AKJCL,42,42,10,80.00,800.00
2019-04-16,2019041601007124,AKPL,21,41,13,166.00,"2,158.00"
2019-04-16,2019041601007428,ALICL,10,21,10,413.00,"4,130.00"
2019-04-16,2019041601007169,ALICL,34,41,123,413.00,"50,799.00"
2019-04-16,2019041601007123,ALICL,50,54,251,412.00,"103,412.00"
2019-04-16,2019041601007122,ALICL,50,55,250,412.00,"103,000.00"
2019-04-16,2019041601007121,ALICL,50,17,37,410.00,"15,170.00"
2019-04-16,2019041601007120,ALICL,50,51,180,410.00,"73,800.00"
2019-04-16,2019041601007427,AMFI,17,58,10,637.00,"6,370.00"
2019-04-16,2019041601007069,AMFI,14,13,10,640.00,"6,400.00"
2019-04-16,2019041601007055,AMFI,14,13,10,640.00,"6,400.00"
2019-04-16,2019041601007038,AMFI,14,13,10,640.00,"6,400.00"
2019-04-16,2019041601007027,AMFI,14,13,10,640.00,"6,400.00"
2019-04-16,2019041601007022,AMFI,14,13,10,640.00,"6,400.00"
2019-04-16,2019041601007006,AMFI,1,13,10,640.00,"6,400.00"
2019-04-16,2019041601006990,AMFI,1,13,10,640.00,"6,400.00"
2019-04-16,2019041601006980,AMFI,1,13,10,640.00,"6,400.00"
2019-04-16,2019041601007202,BHBL,4,28,100,170.00,"17,000.00"
2019-04-16,2019041601007201,BHBL,4,33,"1,000",169.00,"169,000.00"
2019-04-16,2019041601007277,BOKL,46,49,100,264.00,"26,400.00"
2019-04-16,2019041601007147,BOKL,52,29,100,265.00,"26,500.00"
2019-04-16,2019041601007034,BOKL,46,39,119,264.00,"31,416.00"
2019-04-16,2019041601007033,BOKL,45,39,50,264.00,"13,200.00"
2019-04-16,2019041601007032,BOKL,44,39,31,264.00,"8,184.00"
2019-04-16,2019041601007454,CBL,43,6,868,166.00,"144,088.00"
2019-04-16,2019041601007453,CBL,26,6,132,166.00,"21,912.00"
2019-04-16,2019041601007412,CBL,26,6,368,166.00,"61,088.00"
2019-04-16,2019041601007411,CBL,42,6,10,166.00,"1,660.00"
2019-04-16,2019041601007410,CBL,1,6,100,166.00,"16,600.00"
2019-04-16,2019041601007409,CBL,11,6,22,166.00,"3,652.00"
2019-04-16,2019041601007072,CBL,1,28,200,166.00,"33,200.00"
2019-04-16,2019041601007071,CBL,49,28,"1,772",166.00,"294,152.00"
2019-04-16,2019041601007308,CBL,32,10,"2,000",166.00,"332,000.00"
2019-04-16,2019041601007307,CBL,11,10,"2,000",166.00,"332,000.00"
2019-04-16,2019041601007306,CBL,56,10,200,166.00,"33,200.00"
2019-04-16,2019041601007305,CBL,59,10,72,166.00,"11,952.00"
2019-04-16,2019041601007074,CBL,59,28,28,166.00,"4,648.00"
2019-04-16,2019041601007073,CBL,57,28,"1,000",166.00,"166,000.00"
2019-04-16,2019041601007314,CBL,11,10,478,166.00,"79,348.00"
2019-04-16,2019041601007313,CBL,57,10,"1,000",166.00,"166,000.00"
2019-04-16,2019041601007312,CBL,43,10,50,166.00,"8,300.00"
2019-04-16,2019041601007311,CBL,22,10,500,166.00,"83,000.00"
2019-04-16,2019041601007310,CBL,32,10,200,166.00,"33,200.00"
2019-04-16,2019041601007309,CBL,56,10,500,166.00,"83,000.00"
2019-04-16,2019041601007364,CCBL,55,40,500,168.00,"84,000.00"
2019-04-16,2019041601007351,CCBL,14,40,10,168.00,"1,680.00"
2019-04-16,2019041601007153,CCBL,17,40,40,168.00,"6,720.00"
2019-04-16,2019041601006994,CCBL,21,41,61,168.00,"10,248.00"
2019-04-16,2019041601007152,CCBL,17,11,95,168.00,"15,960.00"
2019-04-16,2019041601007151,CCBL,17,11,190,168.00,"31,920.00"
2019-04-16,2019041601007150,CCBL,17,14,500,168.00,"84,000.00"
2019-04-16,2019041601007149,CCBL,17,11,95,168.00,"15,960.00"
2019-04-16,2019041601007148,CCBL,17,47,80,168.00,"13,440.00"
2019-04-16,2019041601006995,CCBL,21,47,139,168.00,"23,352.00"
2019-04-16,2019041601007382,CHCL,34,29,267,509.00,"135,903.00"
2019-04-16,2019041601007460,CIT,33,34,17,"2,559.00","43,503.00"
2019-04-16,2019041601007333,CIT,13,42,22,"2,550.00","56,100.00"
2019-04-16,2019041601007292,CIT,13,14,35,"2,550.00","89,250.00"
2019-04-16,2019041601007156,CIT,35,56,38,"2,550.00","96,900.00"
2019-04-16,2019041601007155,CIT,35,33,50,"2,550.00","127,500.00"
2019-04-16,2019041601007154,CIT,35,17,12,"2,550.00","30,600.00"
2019-04-16,2019041601007144,CIT,49,41,27,"2,545.00","68,715.00"
2019-04-16,2019041601007143,CIT,11,41,50,"2,545.00","127,250.00"
2019-04-16,2019041601007140,CIT,17,17,180,"2,545.00","458,100.00"
2019-04-16,2019041601007068,CIT,17,17,180,"2,545.00","458,100.00"
2019-04-16,2019041601007030,CIT,17,17,180,"2,545.00","458,100.00"
2019-04-16,2019041601007023,CIT,49,17,38,"2,550.00","96,900.00"
2019-04-16,2019041601007467,CZBIL,34,4,100,226.00,"22,600.00"
2019-04-16,2019041601007257,DBBL,22,17,20,130.00,"2,600.00"
2019-04-16,2019041601007100,DBBL,22,4,144,129.00,"18,576.00"
2019-04-16,2019041601007053,DBBL,34,4,300,129.00,"38,700.00"
2019-04-16,2019041601007472,DDBL,28,49,50,658.00,"32,900.00"
2019-04-16,2019041601007350,DDBL,39,22,100,663.00,"66,300.00"
2019-04-16,2019041601007349,DDBL,39,25,10,661.00,"6,610.00"
2019-04-16,2019041601007192,DDBL,26,44,"1,000",660.00,"660,000.00"
2019-04-16,2019041601007191,DDBL,26,1,100,660.00,"66,000.00"
2019-04-16,2019041601007190,DDBL,26,32,120,660.00,"79,200.00"
2019-04-16,2019041601007056,DDBL,55,39,20,656.00,"13,120.00"
2019-04-16,2019041601007008,DDBL,1,25,100,655.00,"65,500.00"
2019-04-16,2019041601007007,DDBL,1,41,23,655.00,"15,065.00"
2019-04-16,2019041601007125,DDBL,39,48,346,659.00,"228,014.00"
2019-04-16,2019041601007105,DDBL,11,45,15,657.00,"9,855.00"
2019-04-16,2019041601007104,DDBL,11,13,60,657.00,"39,420.00"
2019-04-16,2019041601007059,DDBL,55,13,40,657.00,"26,280.00"
2019-04-16,2019041601007058,DDBL,55,58,190,656.00,"124,640.00"
2019-04-16,2019041601007057,DDBL,55,14,50,656.00,"32,800.00"
2019-04-16,2019041601007047,EBL,16,44,150,613.00,"91,950.00"
2019-04-16,2019041601007369,EIC,41,44,100,"1,005.00","100,500.00"
2019-04-16,2019041601007368,EIC,22,44,50,"1,005.00","50,250.00"
2019-04-16,2019041601007367,EIC,45,44,20,"1,005.00","20,100.00"
2019-04-16,2019041601007300,EIC,5,49,100,"1,010.00","101,000.00"
2019-04-16,2019041601007299,EIC,21,49,30,"1,010.00","30,300.00"
2019-04-16,2019041601007298,EIC,41,49,20,"1,011.00","20,220.00"
2019-04-16,2019041601007263,EIC,48,44,10,"1,015.00","10,150.00"
2019-04-16,2019041601007067,EIC,38,43,55,"1,020.00","56,100.00"
2019-04-16,2019041601007066,EIC,38,17,35,"1,020.00","35,700.00"
2019-04-16,2019041601007283,GBBL,25,28,149,202.00,"30,098.00"
2019-04-16,2019041601007415,GBIME,38,48,37,276.00,"10,212.00"
2019-04-16,2019041601007414,GBIME,1,48,100,276.00,"27,600.00"
2019-04-16,2019041601007401,GBIME,49,49,"1,000",277.00,"277,000.00"
2019-04-16,2019041601007390,GBIME,46,6,177,278.00,"49,206.00"
2019-04-16,2019041601007389,GBIME,46,13,23,277.00,"6,371.00"
2019-04-16,2019041601007220,GBLBS,39,32,50,360.00,"18,000.00"
2019-04-16,2019041601007227,GDBL,48,41,200,193.00,"38,600.00"
2019-04-16,2019041601007226,GDBL,48,10,18,193.00,"3,474.00"
2019-04-16,2019041601007225,GDBL,48,28,100,193.00,"19,300.00"
2019-04-16,2019041601007224,GDBL,48,41,300,193.00,"57,900.00"
2019-04-16,2019041601007223,GDBL,48,41,200,193.00,"38,600.00"
