Date,Transact. No.,Symbol,Buyer,Seller,Quantity,Rate,Amount
2020-11-23,2020112304003744,BBC,34,48,10,"3,266.00","32,660.00"
2020-11-23,2020112304003741,BBC,34,48,50,"3,266.00","163,300.00"
2020-11-23,2020112304003740,BBC,37,48,30,"3,266.00","97,980.00"
2020-11-23,2020112304003739,BBC,57,48,10,"3,266.00","32,660.00"
2020-11-23,2020112304003738,BBC,34,48,50,"3,267.00","163,350.00"
2020-11-23,2020112304003737,BBC,42,48,50,"3,268.00","163,400.00"
2020-11-23,2020112304003652,BBC,28,58,20,"3,300.00","66,000.00"
2020-11-23,2020112304003735,BBC,46,1,10,"3,332.00","33,320.00"
2020-11-23,2020112304003717,BBC,47,28,10,"3,330.00","33,300.00"
2020-11-23,2020112304003696,BBC,34,1,10,"3,332.00","33,320.00"
2020-11-23,2020112304003676,BBC,47,48,40,"3,330.00","133,200.00"
2020-11-23,2020112304003669,BBC,28,48,120,"3,300.00","396,000.00"
2020-11-23,2020112304003668,BBC,46,45,20,"3,330.00","66,600.00"
2020-11-23,2020112304003571,CMF1,22,21,"10,000",10.00,"100,000.00"
2020-11-23,2020112304003284,CMF1,48,59,"4,000",10.05,"40,200.00"
2020-11-23,2020112304003772,GIC,41,58,10,544.00,"5,440.00"
2020-11-23,2020112304003771,GIC,41,3,10,544.00,"5,440.00"
2020-11-23,2020112304003758,GIC,17,56,10,543.00,"5,430.00"
2020-11-23,2020112304003756,GIC,17,40,10,543.00,"5,430.00"
2020-11-23,2020112304003734,GIC,17,42,10,543.00,"5,430.00"
2020-11-23,2020112304003718,GIC,17,21,10,543.00,"5,430.00"
2020-11-23,2020112304003297,GIC,22,14,10,545.00,"5,450.00"
2020-11-23,2020112304003295,GIC,22,55,10,545.00,"5,450.00"
2020-11-23,2020112304003285,GIC,22,58,10,545.00,"5,450.00"
2020-11-23,2020112304003276,GIC,49,37,70,546.00,"38,220.00"
2020-11-23,2020112304003313,GIC,22,16,10,545.00,"5,450.00"
2020-11-23,2020112304003310,GIC,22,37,10,545.00,"5,450.00"
2020-11-23,2020112304003308,GIC,22,42,10,545.00,"5,450.00"
2020-11-23,2020112304003307,GIC,22,18,10,545.00,"5,450.00"
2020-11-23,2020112304003306,GIC,22,13,10,545.00,"5,450.00"
2020-11-23,2020112304003304,GIC,22,29,10,545.00,"5,450.00"
2020-11-23,2020112304003326,GIC,51,57,10,546.00,"5,460.00"
2020-11-23,2020112304003325,GIC,51,37,60,546.00,"32,760.00"
2020-11-23,2020112304003322,GIC,22,14,10,545.00,"5,450.00"
2020-11-23,2020112304003321,GIC,22,16,10,545.00,"5,450.00"
2020-11-23,2020112304003318,GIC,22,45,10,545.00,"5,450.00"
2020-11-23,2020112304003314,GIC,22,57,10,545.00,"5,450.00"
2020-11-23,2020112304003352,GIC,22,49,10,545.00,"5,450.00"
2020-11-23,2020112304003351,GIC,22,48,10,545.00,"5,450.00"
2020-11-23,2020112304003342,GIC,48,33,10,546.00,"5,460.00"
2020-11-23,2020112304003335,GIC,51,41,10,546.00,"5,460.00"
2020-11-23,2020112304003333,GIC,51,41,10,546.00,"5,460.00"
2020-11-23,2020112304003328,GIC,51,32,10,546.00,"5,460.00"
2020-11-23,2020112304003374,GIC,46,44,30,545.00,"16,350.00"
2020-11-23,2020112304003373,GIC,22,44,160,545.00,"87,200.00"
2020-11-23,2020112304003371,GIC,22,22,10,545.00,"5,450.00"
2020-11-23,2020112304003361,GIC,22,18,10,545.00,"5,450.00"
2020-11-23,2020112304003359,GIC,22,46,10,545.00,"5,450.00"
2020-11-23,2020112304003355,GIC,22,36,10,545.00,"5,450.00"
2020-11-23,2020112304003388,GIC,49,41,10,544.00,"5,440.00"
2020-11-23,2020112304003386,GIC,49,45,10,544.00,"5,440.00"
2020-11-23,2020112304003385,GIC,49,21,10,544.00,"5,440.00"
2020-11-23,2020112304003381,GIC,49,36,10,544.00,"5,440.00"
2020-11-23,2020112304003378,GIC,49,21,10,544.00,"5,440.00"
2020-11-23,2020112304003375,GIC,49,44,180,545.00,"98,100.00"
2020-11-23,2020112304003407,GIC,42,36,10,545.00,"5,450.00"
2020-11-23,2020112304003398,GIC,42,55,10,545.00,"5,450.00"
2020-11-23,2020112304003397,GIC,42,16,10,545.00,"5,450.00"
2020-11-23,2020112304003396,GIC,42,44,10,545.00,"5,450.00"
2020-11-23,2020112304003390,GIC,49,16,10,544.00,"5,440.00"
2020-11-23,2020112304003389,GIC,49,21,10,544.00,"5,440.00"
2020-11-23,2020112304003427,GIC,42,39,10,545.00,"5,450.00"
2020-11-23,2020112304003426,GIC,42,36,10,545.00,"5,450.00"
2020-11-23,2020112304003421,GIC,28,49,50,546.00,"27,300.00"
2020-11-23,2020112304003420,GIC,42,57,10,545.00,"5,450.00"
2020-11-23,2020112304003414,GIC,42,25,10,545.00,"5,450.00"
2020-11-23,2020112304003413,GIC,42,21,10,545.00,"5,450.00"
2020-11-23,2020112304003445,GIC,42,16,10,544.00,"5,440.00"
2020-11-23,2020112304003444,GIC,42,36,10,544.00,"5,440.00"
2020-11-23,2020112304003442,GIC,42,20,10,544.00,"5,440.00"
2020-11-23,2020112304003440,GIC,42,36,10,544.00,"5,440.00"
2020-11-23,2020112304003439,GIC,42,11,10,544.00,"5,440.00"
2020-11-23,2020112304003432,GIC,42,45,10,545.00,"5,450.00"
2020-11-23,2020112304003459,GIC,42,16,10,544.00,"5,440.00"
2020-11-23,2020112304003457,GIC,42,21,10,544.00,"5,440.00"
2020-11-23,2020112304003455,GIC,42,21,10,544.00,"5,440.00"
2020-11-23,2020112304003452,GIC,42,21,10,544.00,"5,440.00"
2020-11-23,2020112304003449,GIC,42,41,10,544.00,"5,440.00"
2020-11-23,2020112304003447,GIC,42,21,10,544.00,"5,440.00"
2020-11-23,2020112304003468,GIC,42,21,10,545.00,"5,450.00"
2020-11-23,2020112304003467,GIC,42,42,10,545.00,"5,450.00"
2020-11-23,2020112304003466,GIC,42,16,10,545.00,"5,450.00"
2020-11-23,2020112304003465,GIC,42,20,10,544.00,"5,440.00"
2020-11-23,2020112304003462,GIC,42,21,10,544.00,"5,440.00"
2020-11-23,2020112304003460,GIC,42,41,10,544.00,"5,440.00"
2020-11-23,2020112304003482,GIC,45,37,70,547.00,"38,290.00"
2020-11-23,2020112304003481,GIC,45,42,10,547.00,"5,470.00"
2020-11-23,2020112304003480,GIC,45,19,10,547.00,"5,470.00"
2020-11-23,2020112304003479,GIC,45,42,10,546.00,"5,460.00"
2020-11-23,2020112304003478,GIC,45,49,30,546.00,"16,380.00"
2020-11-23,2020112304003469,GIC,42,37,10,545.00,"5,450.00"
2020-11-23,2020112304003490,GIC,45,16,10,548.00,"5,480.00"
2020-11-23,2020112304003487,GIC,45,16,10,548.00,"5,480.00"
2020-11-23,2020112304003486,GIC,45,41,10,548.00,"5,480.00"
2020-11-23,2020112304003485,GIC,45,41,10,548.00,"5,480.00"
2020-11-23,2020112304003484,GIC,45,49,10,548.00,"5,480.00"
2020-11-23,2020112304003483,GIC,45,22,10,547.00,"5,470.00"
2020-11-23,2020112304003497,GIC,42,42,60,544.00,"32,640.00"
2020-11-23,2020112304003496,GIC,21,42,100,545.00,"54,500.00"
2020-11-23,2020112304003495,GIC,42,42,460,545.00,"250,700.00"
2020-11-23,2020112304003494,GIC,45,44,290,548.00,"158,920.00"
2020-11-23,2020112304003493,GIC,45,21,10,548.00,"5,480.00"
2020-11-23,2020112304003492,GIC,45,10,10,548.00,"5,480.00"
2020-11-23,2020112304003542,GIC,21,26,10,543.00,"5,430.00"
2020-11-23,2020112304003504,GIC,21,20,10,543.00,"5,430.00"
2020-11-23,2020112304003503,GIC,45,14,10,543.00,"5,430.00"
2020-11-23,2020112304003501,GIC,45,41,10,543.00,"5,430.00"
2020-11-23,2020112304003499,GIC,42,42,200,544.00,"108,800.00"
2020-11-23,2020112304003498,GIC,49,42,460,544.00,"250,240.00"
2020-11-23,2020112304003599,GIC,52,20,10,542.00,"5,420.00"
2020-11-23,2020112304003597,GIC,52,45,10,542.00,"5,420.00"
2020-11-23,2020112304003596,GIC,52,58,10,542.00,"5,420.00"
2020-11-23,2020112304003592,GIC,52,16,10,542.00,"5,420.00"
2020-11-23,2020112304003575,GIC,52,37,10,542.00,"5,420.00"
2020-11-23,2020112304003570,GIC,21,20,10,543.00,"5,430.00"
2020-11-23,2020112304003612,GIC,49,45,10,542.00,"5,420.00"
2020-11-23,2020112304003608,GIC,52,37,10,542.00,"5,420.00"
2020-11-23,2020112304003606,GIC,52,49,10,542.00,"5,420.00"
2020-11-23,2020112304003604,GIC,52,20,10,542.00,"5,420.00"
2020-11-23,2020112304003603,GIC,52,1,10,542.00,"5,420.00"
2020-11-23,2020112304003601,GIC,52,10,10,542.00,"5,420.00"
2020-11-23,2020112304003638,GIC,56,44,10,543.00,"5,430.00"
2020-11-23,2020112304003632,GIC,56,20,10,543.00,"5,430.00"
2020-11-23,2020112304003625,GIC,56,45,10,543.00,"5,430.00"
2020-11-23,2020112304003622,GIC,42,42,310,544.00,"168,640.00"
2020-11-23,2020112304003621,GIC,42,47,10,543.00,"5,430.00"
2020-11-23,2020112304003620,GIC,42,45,10,543.00,"5,430.00"
2020-11-23,2020112304003649,GIC,49,44,10,542.00,"5,420.00"
2020-11-23,2020112304003647,GIC,49,57,10,542.00,"5,420.00"
2020-11-23,2020112304003646,GIC,49,51,10,542.00,"5,420.00"
2020-11-23,2020112304003644,GIC,49,4,10,542.00,"5,420.00"
2020-11-23,2020112304003640,GIC,56,57,10,543.00,"5,430.00"
2020-11-23,2020112304003639,GIC,56,56,10,543.00,"5,430.00"
2020-11-23,2020112304003656,GIC,49,44,10,542.00,"5,420.00"
2020-11-23,2020112304003655,GIC,42,44,10,544.00,"5,440.00"
2020-11-23,2020112304003654,GIC,42,57,10,544.00,"5,440.00"
2020-11-23,2020112304003653,GIC,42,57,10,544.00,"5,440.00"
2020-11-23,2020112304003651,GIC,42,42,10,544.00,"5,440.00"
2020-11-23,2020112304003650,GIC,42,57,10,543.00,"5,430.00"
2020-11-23,2020112304003663,GIC,49,45,10,542.00,"5,420.00"
2020-11-23,2020112304003661,GIC,49,44,10,542.00,"5,420.00"
2020-11-23,2020112304003660,GIC,49,16,10,542.00,"5,420.00"
2020-11-23,2020112304003659,GIC,49,57,10,542.00,"5,420.00"
2020-11-23,2020112304003658,GIC,49,44,10,542.00,"5,420.00"
2020-11-23,2020112304003657,GIC,49,37,10,542.00,"5,420.00"
2020-11-23,2020112304003680,GIC,22,34,10,543.00,"5,430.00"
2020-11-23,2020112304003678,GIC,22,44,10,543.00,"5,430.00"
2020-11-23,2020112304003675,GIC,22,44,10,543.00,"5,430.00"
2020-11-23,2020112304003670,GIC,22,44,10,543.00,"5,430.00"
2020-11-23,2020112304003667,GIC,49,57,10,542.00,"5,420.00"
2020-11-23,2020112304003664,GIC,49,44,10,542.00,"5,420.00"
2020-11-23,2020112304003700,GIC,49,34,10,542.00,"5,420.00"
2020-11-23,2020112304003693,GIC,49,44,10,542.00,"5,420.00"
2020-11-23,2020112304003688,GIC,49,45,10,542.00,"5,420.00"
2020-11-23,2020112304003687,GIC,49,44,10,542.00,"5,420.00"
2020-11-23,2020112304003684,GIC,49,44,10,542.00,"5,420.00"
2020-11-23,2020112304003682,GIC,22,44,10,543.00,"5,430.00"
2020-11-23,2020112304003716,GIC,17,1,10,543.00,"5,430.00"
2020-11-23,2020112304003710,GIC,42,32,10,542.00,"5,420.00"
2020-11-23,2020112304003708,GIC,42,59,40,542.00,"21,680.00"
2020-11-23,2020112304003707,GIC,49,59,40,542.00,"21,680.00"
2020-11-23,2020112304003705,GIC,49,32,10,542.00,"5,420.00"
2020-11-23,2020112304003701,GIC,49,32,10,542.00,"5,420.00"
2020-11-23,2020112304003316,GIMES1,26,45,"1,000",10.86,"10,860.00"
2020-11-23,2020112304003645,LEMF,34,53,"2,890",9.87,"28,524.30"
2020-11-23,2020112304003635,LUK,41,36,"5,000",9.65,"48,250.00"
2020-11-23,2020112304003451,LUK,41,7,100,9.65,965.00
2020-11-23,2020112304003431,LUK,41,48,"2,300",9.65,"22,195.00"
2020-11-23,2020112304003728,NBF2,38,45,"1,000",9.78,"9,780.00"
2020-11-23,2020112304003642,NBF2,38,58,400,9.78,"3,912.00"
2020-11-23,2020112304003641,NBF2,58,58,600,9.80,"5,880.00"
2020-11-23,2020112304003458,NBF2,38,58,300,9.80,"2,940.00"
2020-11-23,2020112304003762,NEF,34,56,"5,632",9.87,"55,587.84"
2020-11-23,2020112304003671,NEF,26,39,448,9.88,"4,426.24"
2020-11-23,2020112304003436,NEF,26,32,"1,207",9.88,"11,925.16"
2020-11-23,2020112304003428,NEF,26,7,"1,448",9.88,"14,306.24"
2020-11-23,2020112304003677,NIBLPF,34,39,"2,525",9.98,"25,199.50"
2020-11-23,2020112304003518,NIBLPF,34,10,856,9.98,"8,542.88"
2020-11-23,2020112304003517,NIBLPF,51,10,659,10.00,"6,590.00"
2020-11-23,2020112304003489,NIBLPF,51,21,"9,341",10.00,"93,410.00"
2020-11-23,2020112304003488,NIBLPF,41,21,"1,164",10.01,"11,651.64"
2020-11-23,2020112304003731,NIBPO,6,16,172,366.00,"62,952.00"
2020-11-23,2020112304003730,NIBPO,11,16,82,366.00,"30,012.00"
2020-11-23,2020112304003602,NIBPO,11,26,152,366.00,"55,632.00"
2020-11-23,2020112304003434,NIBPO,11,39,36,366.00,"13,176.00"
2020-11-23,2020112304003423,NIBPO,6,11,100,371.00,"37,100.00"
2020-11-23,2020112304003422,NIBPO,6,56,800,370.00,"296,000.00"
2020-11-23,2020112304003733,NMBHF1,29,26,416,10.00,"4,160.00"
2020-11-23,2020112304003691,NMBHF1,29,39,993,10.00,"9,930.00"
2020-11-23,2020112304003690,NMBHF1,48,39,"3,168",10.10,"31,996.80"
2020-11-23,2020112304003510,NMBHF1,48,52,832,10.10,"8,403.20"
2020-11-23,2020112304003419,NMBHF1,29,35,"9,747",10.00,"97,470.00"
2020-11-23,2020112304003418,NMBHF1,32,35,253,10.10,"2,555.30"
2020-11-23,2020112304003727,RBCLPO,59,6,20,"14,515.00","290,300.00"
2020-11-23,2020112304003692,RBCLPO,32,58,50,"14,549.00","727,450.00"
2020-11-23,2020112304003584,RBCLPO,33,26,66,"14,710.00","970,860.00"
2020-11-23,2020112304003525,RBCLPO,33,26,13,"14,710.00","191,230.00"
2020-11-23,2020112304003515,RBCLPO,50,26,20,"14,710.00","294,200.00"
2020-11-23,2020112304003514,RBCLPO,59,26,50,"14,711.00","735,550.00"
2020-11-23,2020112304003513,RBCLPO,50,26,112,"14,750.00","1,652,000.00"
2020-11-23,2020112304003512,RBCLPO,39,26,10,"14,800.00","148,000.00"
2020-11-23,2020112304003394,RBCLPO,17,6,10,"14,850.00","148,500.00"
2020-11-23,2020112304003743,SAEF,17,42,500,11.15,"5,575.00"
2020-11-23,2020112304003742,SAEF,17,34,250,11.00,"2,750.00"
2020-11-23,2020112304003574,SAEF,33,42,500,10.95,"5,475.00"
2020-11-23,2020112304003425,SAEF,33,45,"2,000",10.95,"21,900.00"
2020-11-23,2020112304003400,SAEF,33,45,"5,000",10.96,"54,800.00"
2020-11-23,2020112304003714,SAND2085,4,38,25,"1,040.00","26,000.00"
2020-11-23,2020112304003725,SEF,13,53,400,10.17,"4,068.00"
2020-11-23,2020112304003631,SEF,13,32,500,10.17,"5,085.00"
2020-11-23,2020112304003581,SEF,13,32,500,10.17,"5,085.00"
2020-11-23,2020112304003573,SEF,13,49,"7,500",10.17,"76,275.00"
2020-11-23,2020112304003572,SEF,57,49,500,10.17,"5,085.00"
2020-11-23,2020112304003416,SEF,13,49,"6,000",10.17,"61,020.00"
2020-11-23,2020112304003415,SEF,25,49,"2,000",10.17,"20,340.00"
2020-11-23,2020112304003379,SEF,58,49,"2,000",10.18,"20,360.00"
2020-11-23,2020112304003343,SEF,34,50,"12,600",10.16,"128,016.00"
2020-11-23,2020112304003317,SEF,34,49,"2,000",10.16,"20,320.00"
2020-11-23,2020112304003623,SFMF,51,57,100,10.05,"1,005.00"
2020-11-23,2020112304003773,SGI,22,44,10,604.00,"6,040.00"
2020-11-23,2020112304003770,SGI,22,6,10,604.00,"6,040.00"
2020-11-23,2020112304003769,SGI,25,14,10,609.00,"6,090.00"
2020-11-23,2020112304003768,SGI,5,14,10,609.00,"6,090.00"
2020-11-23,2020112304003767,SGI,22,44,10,604.00,"6,040.00"
2020-11-23,2020112304003766,SGI,49,14,10,609.00,"6,090.00"
2020-11-23,2020112304003279,SGI,16,10,10,610.00,"6,100.00"
2020-11-23,2020112304003278,SGI,16,11,10,610.00,"6,100.00"
2020-11-23,2020112304003277,SGI,16,20,10,610.00,"6,100.00"
2020-11-23,2020112304003275,SGI,49,7,10,615.00,"6,150.00"
2020-11-23,2020112304003274,SGI,49,58,10,611.00,"6,110.00"
2020-11-23,2020112304003287,SGI,57,10,10,610.00,"6,100.00"
2020-11-23,2020112304003286,SGI,57,40,10,610.00,"6,100.00"
2020-11-23,2020112304003283,SGI,57,11,10,610.00,"6,100.00"
2020-11-23,2020112304003282,SGI,57,58,10,610.00,"6,100.00"
2020-11-23,2020112304003281,SGI,16,40,10,610.00,"6,100.00"
2020-11-23,2020112304003280,SGI,16,56,10,610.00,"6,100.00"
2020-11-23,2020112304003293,SGI,57,11,10,610.00,"6,100.00"
2020-11-23,2020112304003292,SGI,57,45,10,610.00,"6,100.00"
2020-11-23,2020112304003291,SGI,57,40,10,610.00,"6,100.00"
2020-11-23,2020112304003290,SGI,57,56,10,610.00,"6,100.00"
2020-11-23,2020112304003289,SGI,57,29,10,610.00,"6,100.00"
2020-11-23,2020112304003288,SGI,57,45,10,610.00,"6,100.00"
2020-11-23,2020112304003301,SGI,57,57,10,610.00,"6,100.00"
2020-11-23,2020112304003300,SGI,57,40,10,610.00,"6,100.00"
2020-11-23,2020112304003299,SGI,49,42,10,611.00,"6,110.00"
2020-11-23,2020112304003298,SGI,57,58,10,610.00,"6,100.00"
2020-11-23,2020112304003296,SGI,57,10,10,610.00,"6,100.00"
2020-11-23,2020112304003294,SGI,57,56,10,610.00,"6,100.00"
2020-11-23,2020112304003312,SGI,11,42,10,610.00,"6,100.00"
2020-11-23,2020112304003311,SGI,57,10,10,610.00,"6,100.00"
2020-11-23,2020112304003309,SGI,57,45,10,610.00,"6,100.00"
2020-11-23,2020112304003305,SGI,57,40,10,610.00,"6,100.00"
2020-11-23,2020112304003303,SGI,57,10,10,610.00,"6,100.00"
2020-11-23,2020112304003302,SGI,57,36,10,610.00,"6,100.00"
2020-11-23,2020112304003329,SGI,41,37,10,610.00,"6,100.00"
2020-11-23,2020112304003327,SGI,41,53,10,610.00,"6,100.00"
2020-11-23,2020112304003324,SGI,41,42,10,610.00,"6,100.00"
2020-11-23,2020112304003323,SGI,41,54,10,610.00,"6,100.00"
2020-11-23,2020112304003320,SGI,49,7,10,615.00,"6,150.00"
2020-11-23,2020112304003319,SGI,49,34,10,612.00,"6,120.00"
2020-11-23,2020112304003337,SGI,41,1,10,610.00,"6,100.00"
2020-11-23,2020112304003336,SGI,41,11,10,610.00,"6,100.00"
2020-11-23,2020112304003334,SGI,41,52,10,610.00,"6,100.00"
2020-11-23,2020112304003332,SGI,41,16,10,610.00,"6,100.00"
2020-11-23,2020112304003331,SGI,41,56,10,610.00,"6,100.00"
2020-11-23,2020112304003330,SGI,41,44,10,610.00,"6,100.00"
2020-11-23,2020112304003345,SGI,41,40,10,610.00,"6,100.00"
2020-11-23,2020112304003344,SGI,41,41,10,610.00,"6,100.00"
2020-11-23,2020112304003341,SGI,41,42,10,610.00,"6,100.00"
2020-11-23,2020112304003340,SGI,41,21,10,610.00,"6,100.00"
2020-11-23,2020112304003339,SGI,41,49,10,610.00,"6,100.00"
2020-11-23,2020112304003338,SGI,41,57,10,610.00,"6,100.00"
2020-11-23,2020112304003353,SGI,41,40,10,610.00,"6,100.00"
2020-11-23,2020112304003350,SGI,41,45,10,610.00,"6,100.00"
2020-11-23,2020112304003349,SGI,49,32,10,611.00,"6,110.00"
2020-11-23,2020112304003348,SGI,49,49,10,611.00,"6,110.00"
2020-11-23,2020112304003347,SGI,41,11,10,610.00,"6,100.00"
2020-11-23,2020112304003346,SGI,41,28,10,610.00,"6,100.00"
2020-11-23,2020112304003362,SGI,41,21,10,610.00,"6,100.00"
2020-11-23,2020112304003360,SGI,41,36,10,610.00,"6,100.00"
2020-11-23,2020112304003358,SGI,41,21,10,610.00,"6,100.00"
2020-11-23,2020112304003357,SGI,41,42,10,610.00,"6,100.00"
2020-11-23,2020112304003356,SGI,41,36,10,610.00,"6,100.00"
2020-11-23,2020112304003354,SGI,41,21,10,610.00,"6,100.00"
2020-11-23,2020112304003368,SGI,41,42,10,610.00,"6,100.00"
2020-11-23,2020112304003367,SGI,41,28,10,610.00,"6,100.00"
2020-11-23,2020112304003366,SGI,41,36,10,610.00,"6,100.00"
2020-11-23,2020112304003365,SGI,41,21,10,610.00,"6,100.00"
2020-11-23,2020112304003364,SGI,41,37,10,610.00,"6,100.00"
2020-11-23,2020112304003363,SGI,41,45,10,610.00,"6,100.00"
2020-11-23,2020112304003380,SGI,41,37,10,610.00,"6,100.00"
2020-11-23,2020112304003377,SGI,41,37,10,610.00,"6,100.00"
2020-11-23,2020112304003376,SGI,41,28,10,610.00,"6,100.00"
2020-11-23,2020112304003372,SGI,41,45,10,610.00,"6,100.00"
2020-11-23,2020112304003370,SGI,41,45,10,610.00,"6,100.00"
2020-11-23,2020112304003369,SGI,41,37,10,610.00,"6,100.00"
2020-11-23,2020112304003392,SGI,6,36,10,610.00,"6,100.00"
2020-11-23,2020112304003391,SGI,6,14,10,610.00,"6,100.00"
2020-11-23,2020112304003387,SGI,42,37,10,610.00,"6,100.00"
2020-11-23,2020112304003384,SGI,42,14,10,610.00,"6,100.00"
2020-11-23,2020112304003383,SGI,41,57,10,610.00,"6,100.00"
2020-11-23,2020112304003382,SGI,41,16,10,610.00,"6,100.00"
2020-11-23,2020112304003403,SGI,6,42,10,610.00,"6,100.00"
2020-11-23,2020112304003402,SGI,1,56,50,611.00,"30,550.00"
2020-11-23,2020112304003401,SGI,6,14,10,610.00,"6,100.00"
2020-11-23,2020112304003399,SGI,6,37,10,610.00,"6,100.00"
2020-11-23,2020112304003395,SGI,6,14,10,610.00,"6,100.00"
2020-11-23,2020112304003393,SGI,6,34,10,610.00,"6,100.00"
2020-11-23,2020112304003410,SGI,6,16,10,610.00,"6,100.00"
2020-11-23,2020112304003409,SGI,6,37,10,610.00,"6,100.00"
2020-11-23,2020112304003408,SGI,6,11,10,610.00,"6,100.00"
2020-11-23,2020112304003406,SGI,6,14,10,610.00,"6,100.00"
2020-11-23,2020112304003405,SGI,6,17,10,610.00,"6,100.00"
2020-11-23,2020112304003404,SGI,6,40,10,610.00,"6,100.00"
2020-11-23,2020112304003430,SGI,6,57,10,610.00,"6,100.00"
2020-11-23,2020112304003429,SGI,6,37,10,610.00,"6,100.00"
2020-11-23,2020112304003424,SGI,6,14,10,610.00,"6,100.00"
2020-11-23,2020112304003417,SGI,6,37,10,610.00,"6,100.00"
2020-11-23,2020112304003412,SGI,6,58,10,610.00,"6,100.00"
2020-11-23,2020112304003411,SGI,6,57,10,610.00,"6,100.00"
2020-11-23,2020112304003443,SGI,6,44,10,610.00,"6,100.00"
2020-11-23,2020112304003441,SGI,6,37,10,610.00,"6,100.00"
2020-11-23,2020112304003438,SGI,6,57,10,610.00,"6,100.00"
2020-11-23,2020112304003437,SGI,6,41,10,610.00,"6,100.00"
2020-11-23,2020112304003435,SGI,6,36,10,610.00,"6,100.00"
2020-11-23,2020112304003433,SGI,6,37,10,610.00,"6,100.00"
2020-11-23,2020112304003456,SGI,6,20,10,610.00,"6,100.00"
2020-11-23,2020112304003454,SGI,6,54,10,610.00,"6,100.00"
2020-11-23,2020112304003453,SGI,6,42,10,610.00,"6,100.00"
2020-11-23,2020112304003450,SGI,6,44,10,610.00,"6,100.00"
2020-11-23,2020112304003448,SGI,6,29,10,610.00,"6,100.00"
2020-11-23,2020112304003446,SGI,6,36,10,610.00,"6,100.00"
2020-11-23,2020112304003473,SGI,6,16,10,610.00,"6,100.00"
2020-11-23,2020112304003472,SGI,6,10,10,610.00,"6,100.00"
2020-11-23,2020112304003471,SGI,6,48,10,610.00,"6,100.00"
2020-11-23,2020112304003470,SGI,6,28,10,610.00,"6,100.00"
2020-11-23,2020112304003464,SGI,6,37,10,610.00,"6,100.00"
2020-11-23,2020112304003461,SGI,6,16,10,610.00,"6,100.00"
2020-11-23,2020112304003500,SGI,6,58,10,610.00,"6,100.00"
2020-11-23,2020112304003491,SGI,6,16,10,610.00,"6,100.00"
2020-11-23,2020112304003477,SGI,49,17,10,611.00,"6,110.00"
2020-11-23,2020112304003476,SGI,49,52,10,611.00,"6,110.00"
2020-11-23,2020112304003475,SGI,49,11,10,611.00,"6,110.00"
2020-11-23,2020112304003474,SGI,6,28,10,610.00,"6,100.00"
2020-11-23,2020112304003509,SGI,8,42,220,609.00,"133,980.00"
2020-11-23,2020112304003508,SGI,1,42,500,610.00,"305,000.00"
2020-11-23,2020112304003507,SGI,29,42,50,610.00,"30,500.00"
2020-11-23,2020112304003506,SGI,6,42,90,610.00,"54,900.00"
2020-11-23,2020112304003505,SGI,6,46,10,610.00,"6,100.00"
2020-11-23,2020112304003502,SGI,49,45,10,611.00,"6,110.00"
2020-11-23,2020112304003522,SGI,57,45,10,610.00,"6,100.00"
2020-11-23,2020112304003521,SGI,57,37,10,610.00,"6,100.00"
2020-11-23,2020112304003520,SGI,57,20,10,610.00,"6,100.00"
2020-11-23,2020112304003519,SGI,57,29,10,610.00,"6,100.00"
2020-11-23,2020112304003516,SGI,57,38,10,610.00,"6,100.00"
2020-11-23,2020112304003511,SGI,8,29,10,609.00,"6,090.00"
2020-11-23,2020112304003529,SGI,41,42,50,608.00,"30,400.00"
2020-11-23,2020112304003528,SGI,26,42,100,608.00,"60,800.00"
2020-11-23,2020112304003527,SGI,8,42,170,609.00,"103,530.00"
2020-11-23,2020112304003526,SGI,57,42,230,610.00,"140,300.00"
2020-11-23,2020112304003524,SGI,57,20,10,610.00,"6,100.00"
2020-11-23,2020112304003523,SGI,57,58,10,610.00,"6,100.00"
2020-11-23,2020112304003535,SGI,6,42,100,607.00,"60,700.00"
2020-11-23,2020112304003534,SGI,37,42,30,607.00,"18,210.00"
2020-11-23,2020112304003533,SGI,21,42,300,607.00,"182,100.00"
2020-11-23,2020112304003532,SGI,19,42,100,608.00,"60,800.00"
2020-11-23,2020112304003531,SGI,52,42,100,608.00,"60,800.00"
2020-11-23,2020112304003530,SGI,11,42,50,608.00,"30,400.00"
2020-11-23,2020112304003541,SGI,56,42,30,605.00,"18,150.00"
2020-11-23,2020112304003540,SGI,1,42,200,605.00,"121,000.00"
2020-11-23,2020112304003539,SGI,42,42,300,605.00,"181,500.00"
2020-11-23,2020112304003538,SGI,45,42,470,605.00,"284,350.00"
2020-11-23,2020112304003537,SGI,38,42,100,606.00,"60,600.00"
2020-11-23,2020112304003536,SGI,40,42,170,606.00,"103,020.00"
2020-11-23,2020112304003548,SGI,11,42,"1,000",604.00,"604,000.00"
2020-11-23,2020112304003547,SGI,25,42,300,605.00,"181,500.00"
2020-11-23,2020112304003546,SGI,56,42,25,605.00,"15,125.00"
2020-11-23,2020112304003545,SGI,50,42,25,611.00,"15,275.00"
2020-11-23,2020112304003544,SGI,50,13,10,611.00,"6,110.00"
2020-11-23,2020112304003543,SGI,50,45,10,610.00,"6,100.00"
2020-11-23,2020112304003554,SGI,11,42,40,603.00,"24,120.00"
2020-11-23,2020112304003553,SGI,42,42,10,603.00,"6,030.00"
2020-11-23,2020112304003552,SGI,19,42,110,603.00,"66,330.00"
2020-11-23,2020112304003551,SGI,7,42,200,603.00,"120,600.00"
2020-11-23,2020112304003550,SGI,25,42,60,604.00,"36,240.00"
2020-11-23,2020112304003549,SGI,52,42,100,604.00,"60,400.00"
2020-11-23,2020112304003560,SGI,21,42,300,602.00,"180,600.00"
2020-11-23,2020112304003559,SGI,6,42,50,602.00,"30,100.00"
2020-11-23,2020112304003558,SGI,54,42,100,602.00,"60,200.00"
2020-11-23,2020112304003557,SGI,49,42,500,602.00,"301,000.00"
2020-11-23,2020112304003556,SGI,34,42,200,602.00,"120,400.00"
2020-11-23,2020112304003555,SGI,38,42,200,603.00,"120,600.00"
2020-11-23,2020112304003566,SGI,50,42,90,601.00,"54,090.00"
2020-11-23,2020112304003565,SGI,58,42,100,601.00,"60,100.00"
2020-11-23,2020112304003564,SGI,51,42,50,601.00,"30,050.00"
2020-11-23,2020112304003563,SGI,26,42,500,601.00,"300,500.00"
2020-11-23,2020112304003562,SGI,43,42,100,601.00,"60,100.00"
2020-11-23,2020112304003561,SGI,58,42,250,602.00,"150,500.00"
2020-11-23,2020112304003578,SGI,8,17,100,601.00,"60,100.00"
2020-11-23,2020112304003577,SGI,25,17,100,601.00,"60,100.00"
2020-11-23,2020112304003576,SGI,25,51,10,601.00,"6,010.00"
2020-11-23,2020112304003569,SGI,25,42,90,601.00,"54,090.00"
2020-11-23,2020112304003568,SGI,33,42,500,601.00,"300,500.00"
2020-11-23,2020112304003567,SGI,40,42,100,601.00,"60,100.00"
2020-11-23,2020112304003586,SGI,21,20,10,601.00,"6,010.00"
2020-11-23,2020112304003585,SGI,21,10,10,601.00,"6,010.00"
2020-11-23,2020112304003583,SGI,49,41,10,605.00,"6,050.00"
2020-11-23,2020112304003582,SGI,49,58,10,605.00,"6,050.00"
2020-11-23,2020112304003580,SGI,21,45,10,601.00,"6,010.00"
2020-11-23,2020112304003579,SGI,21,58,10,601.00,"6,010.00"
2020-11-23,2020112304003593,SGI,6,58,10,602.00,"6,020.00"
2020-11-23,2020112304003591,SGI,21,28,10,601.00,"6,010.00"
2020-11-23,2020112304003590,SGI,58,42,470,612.00,"287,640.00"
2020-11-23,2020112304003589,SGI,58,22,10,612.00,"6,120.00"
2020-11-23,2020112304003588,SGI,58,45,10,610.00,"6,100.00"
2020-11-23,2020112304003587,SGI,58,58,10,605.00,"6,050.00"
2020-11-23,2020112304003607,SGI,21,17,10,601.00,"6,010.00"
2020-11-23,2020112304003605,SGI,21,45,10,601.00,"6,010.00"
2020-11-23,2020112304003600,SGI,49,17,10,602.00,"6,020.00"
2020-11-23,2020112304003598,SGI,6,17,70,602.00,"42,140.00"
2020-11-23,2020112304003595,SGI,6,10,10,602.00,"6,020.00"
2020-11-23,2020112304003594,SGI,6,1,10,602.00,"6,020.00"
2020-11-23,2020112304003615,SGI,25,37,10,601.00,"6,010.00"
2020-11-23,2020112304003614,SGI,25,17,10,601.00,"6,010.00"
2020-11-23,2020112304003613,SGI,25,45,10,601.00,"6,010.00"
2020-11-23,2020112304003611,SGI,21,1,10,601.00,"6,010.00"
2020-11-23,2020112304003610,SGI,21,49,10,601.00,"6,010.00"
2020-11-23,2020112304003609,SGI,21,10,10,601.00,"6,010.00"
2020-11-23,2020112304003627,SGI,49,17,10,603.00,"6,030.00"
2020-11-23,2020112304003624,SGI,49,17,10,603.00,"6,030.00"
2020-11-23,2020112304003619,SGI,49,34,10,603.00,"6,030.00"
2020-11-23,2020112304003618,SGI,49,58,10,602.00,"6,020.00"
2020-11-23,2020112304003617,SGI,49,16,10,602.00,"6,020.00"
2020-11-23,2020112304003616,SGI,49,17,20,602.00,"12,040.00"
2020-11-23,2020112304003636,SGI,5,59,10,610.00,"6,100.00"
2020-11-23,2020112304003634,SGI,25,17,10,601.00,"6,010.00"
2020-11-23,2020112304003633,SGI,25,22,10,601.00,"6,010.00"
2020-11-23,2020112304003630,SGI,49,16,10,603.00,"6,030.00"
2020-11-23,2020112304003629,SGI,5,42,10,612.00,"6,120.00"
2020-11-23,2020112304003628,SGI,49,17,10,603.00,"6,030.00"
2020-11-23,2020112304003666,SGI,42,3,10,603.00,"6,030.00"
2020-11-23,2020112304003665,SGI,42,3,10,603.00,"6,030.00"
2020-11-23,2020112304003662,SGI,42,57,10,603.00,"6,030.00"
2020-11-23,2020112304003648,SGI,22,59,10,610.00,"6,100.00"
2020-11-23,2020112304003643,SGI,21,49,10,602.00,"6,020.00"
2020-11-23,2020112304003637,SGI,49,59,10,610.00,"6,100.00"
2020-11-23,2020112304003683,SGI,17,58,10,605.00,"6,050.00"
2020-11-23,2020112304003681,SGI,49,58,10,604.00,"6,040.00"
2020-11-23,2020112304003679,SGI,49,56,10,604.00,"6,040.00"
2020-11-23,2020112304003674,SGI,49,16,10,604.00,"6,040.00"
2020-11-23,2020112304003673,SGI,42,56,10,603.00,"6,030.00"
2020-11-23,2020112304003672,SGI,42,16,10,603.00,"6,030.00"
2020-11-23,2020112304003698,SGI,49,45,10,608.00,"6,080.00"
2020-11-23,2020112304003697,SGI,42,32,10,605.00,"6,050.00"
2020-11-23,2020112304003695,SGI,42,32,10,605.00,"6,050.00"
2020-11-23,2020112304003689,SGI,49,56,10,604.00,"6,040.00"
2020-11-23,2020112304003686,SGI,49,58,10,604.00,"6,040.00"
2020-11-23,2020112304003685,SGI,17,56,10,605.00,"6,050.00"
2020-11-23,2020112304003709,SGI,42,44,10,603.00,"6,030.00"
2020-11-23,2020112304003706,SGI,42,37,10,603.00,"6,030.00"
2020-11-23,2020112304003704,SGI,42,44,10,603.00,"6,030.00"
2020-11-23,2020112304003703,SGI,42,6,10,603.00,"6,030.00"
2020-11-23,2020112304003702,SGI,42,44,10,603.00,"6,030.00"
2020-11-23,2020112304003699,SGI,42,56,10,605.00,"6,050.00"
2020-11-23,2020112304003721,SGI,41,17,50,605.00,"30,250.00"
2020-11-23,2020112304003719,SGI,49,58,10,604.00,"6,040.00"
2020-11-23,2020112304003715,SGI,42,34,10,605.00,"6,050.00"
2020-11-23,2020112304003713,SGI,42,44,10,605.00,"6,050.00"
2020-11-23,2020112304003712,SGI,42,1,10,605.00,"6,050.00"
2020-11-23,2020112304003711,SGI,42,56,10,604.00,"6,040.00"
2020-11-23,2020112304003736,SGI,41,18,10,605.00,"6,050.00"
2020-11-23,2020112304003729,SGI,41,32,10,605.00,"6,050.00"
2020-11-23,2020112304003726,SGI,49,17,10,609.00,"6,090.00"
2020-11-23,2020112304003724,SGI,41,28,10,605.00,"6,050.00"
2020-11-23,2020112304003723,SGI,41,11,10,605.00,"6,050.00"
2020-11-23,2020112304003722,SGI,41,58,10,605.00,"6,050.00"
2020-11-23,2020112304003750,SGI,28,50,40,604.00,"24,160.00"
2020-11-23,2020112304003749,SGI,19,50,20,604.00,"12,080.00"
2020-11-23,2020112304003748,SGI,19,32,10,604.00,"6,040.00"
2020-11-23,2020112304003747,SGI,19,44,10,604.00,"6,040.00"
2020-11-23,2020112304003746,SGI,25,58,10,605.00,"6,050.00"
2020-11-23,2020112304003745,SGI,19,44,10,604.00,"6,040.00"
2020-11-23,2020112304003757,SGI,41,44,10,605.00,"6,050.00"
2020-11-23,2020112304003755,SGI,49,17,10,609.00,"6,090.00"
2020-11-23,2020112304003754,SGI,42,50,140,603.00,"84,420.00"
2020-11-23,2020112304003753,SGI,42,50,100,603.00,"60,300.00"
2020-11-23,2020112304003752,SGI,38,50,100,603.00,"60,300.00"
2020-11-23,2020112304003751,SGI,42,50,100,603.00,"60,300.00"
2020-11-23,2020112304003765,SGI,35,14,280,609.00,"170,520.00"
2020-11-23,2020112304003764,SGI,35,17,20,609.00,"12,180.00"
2020-11-23,2020112304003763,SGI,42,44,10,603.00,"6,030.00"
2020-11-23,2020112304003761,SGI,42,44,10,603.00,"6,030.00"
2020-11-23,2020112304003760,SGI,5,17,10,609.00,"6,090.00"
2020-11-23,2020112304003759,SGI,42,45,10,603.00,"6,030.00"
2020-11-23,2020112304003732,STC,59,26,25,"6,900.00","172,500.00"
2020-11-23,2020112304003720,STC,59,11,20,"6,850.00","137,000.00"
2020-11-23,2020112304003694,STC,52,26,10,"6,900.00","69,000.00"
2020-11-23,2020112304003626,STC,34,32,50,"6,850.00","342,500.00"
2020-11-23,2020112304003463,STC,34,32,50,"6,850.00","342,500.00"
2020-11-23,2020112304003315,STC,1,32,50,"6,850.00","342,500.00"
2020-11-23,2020112304003261,BBC,34,58,10,"3,332.00","33,320.00"
2020-11-23,2020112304003260,BBC,28,58,10,"3,332.00","33,320.00"
2020-11-23,2020112304002905,BBC,34,28,10,"3,400.00","34,000.00"
2020-11-23,2020112304002902,BBC,34,5,20,"3,348.00","66,960.00"
2020-11-23,2020112304002901,BBC,34,5,10,"3,330.00","33,300.00"
2020-11-23,2020112304002893,BBC,34,48,261,"3,283.00","856,863.00"
2020-11-23,2020112304002892,BBC,45,48,100,"3,284.00","328,400.00"
2020-11-23,2020112304002891,BBC,34,48,50,"3,285.00","164,250.00"
2020-11-23,2020112304002890,BBC,50,48,50,"3,285.00","164,250.00"
2020-11-23,2020112304002866,BBC,34,48,170,"3,283.00","558,110.00"
2020-11-23,2020112304002865,BBC,25,48,10,"3,283.00","32,830.00"
2020-11-23,2020112304002864,BBC,34,48,10,"3,345.00","33,450.00"
2020-11-23,2020112304003233,CMF1,49,50,"4,700",10.04,"47,188.00"
2020-11-23,2020112304003061,CMF1,32,50,"2,000",10.04,"20,080.00"
2020-11-23,2020112304003029,CMF1,43,39,500,10.00,"5,000.00"
2020-11-23,2020112304003010,CMF1,43,56,"1,000",10.03,"10,030.00"
2020-11-23,2020112304002899,CMF1,58,6,"4,150",10.04,"41,666.00"
2020-11-23,2020112304002852,CMF1,43,36,800,10.00,"8,000.00"
2020-11-23,2020112304002786,CMF1,51,59,600,10.05,"6,030.00"
2020-11-23,2020112304003271,GIC,49,44,10,546.00,"5,460.00"
2020-11-23,2020112304003269,GIC,49,54,10,546.00,"5,460.00"
2020-11-23,2020112304003268,GIC,49,53,10,546.00,"5,460.00"
2020-11-23,2020112304003262,GIC,22,29,10,545.00,"5,450.00"
2020-11-23,2020112304003258,GIC,22,45,10,545.00,"5,450.00"
2020-11-23,2020112304003255,GIC,22,29,10,545.00,"5,450.00"
2020-11-23,2020112304002782,GIC,45,37,10,543.00,"5,430.00"
2020-11-23,2020112304002807,GIC,49,18,10,544.00,"5,440.00"
2020-11-23,2020112304002805,GIC,49,26,10,544.00,"5,440.00"
2020-11-23,2020112304002804,GIC,49,42,70,544.00,"38,080.00"
2020-11-23,2020112304002800,GIC,45,46,10,543.00,"5,430.00"
2020-11-23,2020112304002799,GIC,45,18,10,543.00,"5,430.00"
2020-11-23,2020112304002793,GIC,45,48,10,543.00,"5,430.00"
2020-11-23,2020112304002821,GIC,49,14,10,544.00,"5,440.00"
2020-11-23,2020112304002816,GIC,49,4,10,544.00,"5,440.00"
2020-11-23,2020112304002812,GIC,49,16,10,544.00,"5,440.00"
2020-11-23,2020112304002811,GIC,49,32,10,544.00,"5,440.00"
2020-11-23,2020112304002810,GIC,49,47,10,544.00,"5,440.00"
2020-11-23,2020112304002809,GIC,49,37,10,544.00,"5,440.00"
2020-11-23,2020112304002854,GIC,49,37,10,544.00,"5,440.00"
2020-11-23,2020112304002853,GIC,49,46,10,544.00,"5,440.00"
2020-11-23,2020112304002846,GIC,49,18,10,544.00,"5,440.00"
2020-11-23,2020112304002829,GIC,49,4,10,544.00,"5,440.00"
2020-11-23,2020112304002827,GIC,49,57,10,544.00,"5,440.00"
2020-11-23,2020112304002824,GIC,49,4,10,544.00,"5,440.00"
2020-11-23,2020112304002867,GIC,49,42,10,544.00,"5,440.00"
2020-11-23,2020112304002862,GIC,49,4,10,544.00,"5,440.00"
2020-11-23,2020112304002861,GIC,49,1,10,544.00,"5,440.00"
2020-11-23,2020112304002859,GIC,49,46,10,544.00,"5,440.00"
2020-11-23,2020112304002857,GIC,49,45,10,544.00,"5,440.00"
2020-11-23,2020112304002855,GIC,49,4,10,544.00,"5,440.00"
2020-11-23,2020112304002887,GIC,45,34,10,545.00,"5,450.00"
2020-11-23,2020112304002886,GIC,45,11,10,545.00,"5,450.00"
2020-11-23,2020112304002883,GIC,45,20,10,545.00,"5,450.00"
2020-11-23,2020112304002877,GIC,49,11,10,544.00,"5,440.00"
2020-11-23,2020112304002870,GIC,49,42,10,544.00,"5,440.00"
2020-11-23,2020112304002869,GIC,49,4,10,544.00,"5,440.00"
2020-11-23,2020112304002931,GIC,49,22,10,544.00,"5,440.00"
2020-11-23,2020112304002923,GIC,49,4,10,544.00,"5,440.00"
2020-11-23,2020112304002922,GIC,49,46,10,544.00,"5,440.00"
2020-11-23,2020112304002915,GIC,49,57,10,544.00,"5,440.00"
2020-11-23,2020112304002909,GIC,49,59,10,544.00,"5,440.00"
2020-11-23,2020112304002900,GIC,49,58,10,544.00,"5,440.00"
2020-11-23,2020112304002942,GIC,42,48,10,545.00,"5,450.00"
2020-11-23,2020112304002940,GIC,21,22,10,544.00,"5,440.00"
2020-11-23,2020112304002938,GIC,21,38,10,544.00,"5,440.00"
2020-11-23,2020112304002935,GIC,21,41,60,544.00,"32,640.00"
2020-11-23,2020112304002934,GIC,49,41,40,544.00,"21,760.00"
2020-11-23,2020112304002932,GIC,49,58,10,544.00,"5,440.00"
2020-11-23,2020112304002948,GIC,42,45,10,545.00,"5,450.00"
2020-11-23,2020112304002947,GIC,42,58,10,545.00,"5,450.00"
2020-11-23,2020112304002946,GIC,42,55,10,545.00,"5,450.00"
2020-11-23,2020112304002945,GIC,42,58,10,545.00,"5,450.00"
2020-11-23,2020112304002944,GIC,42,47,10,545.00,"5,450.00"
2020-11-23,2020112304002943,GIC,42,48,10,545.00,"5,450.00"
2020-11-23,2020112304002961,GIC,7,41,10,546.00,"5,460.00"
2020-11-23,2020112304002956,GIC,42,32,10,545.00,"5,450.00"
2020-11-23,2020112304002955,GIC,42,17,10,545.00,"5,450.00"
2020-11-23,2020112304002951,GIC,42,38,10,545.00,"5,450.00"
2020-11-23,2020112304002950,GIC,42,48,510,545.00,"277,950.00"
2020-11-23,2020112304002949,GIC,42,52,10,545.00,"5,450.00"
2020-11-23,2020112304002969,GIC,42,4,10,546.00,"5,460.00"
2020-11-23,2020112304002968,GIC,42,59,10,546.00,"5,460.00"
2020-11-23,2020112304002965,GIC,7,45,10,546.00,"5,460.00"
2020-11-23,2020112304002964,GIC,7,6,10,546.00,"5,460.00"
2020-11-23,2020112304002963,GIC,7,22,10,546.00,"5,460.00"
2020-11-23,2020112304002962,GIC,7,54,10,546.00,"5,460.00"
2020-11-23,2020112304002980,GIC,42,42,10,547.00,"5,470.00"
2020-11-23,2020112304002979,GIC,42,11,10,547.00,"5,470.00"
2020-11-23,2020112304002978,GIC,42,33,10,547.00,"5,470.00"
2020-11-23,2020112304002972,GIC,42,57,250,546.00,"136,500.00"
2020-11-23,2020112304002971,GIC,42,29,10,546.00,"5,460.00"
2020-11-23,2020112304002970,GIC,42,35,10,546.00,"5,460.00"
2020-11-23,2020112304002993,GIC,42,38,10,546.00,"5,460.00"
2020-11-23,2020112304002992,GIC,42,17,10,546.00,"5,460.00"
2020-11-23,2020112304002984,GIC,42,42,10,547.00,"5,470.00"
2020-11-23,2020112304002983,GIC,42,16,100,547.00,"54,700.00"
2020-11-23,2020112304002982,GIC,42,26,200,547.00,"109,400.00"
2020-11-23,2020112304002981,GIC,42,35,500,547.00,"273,500.00"
2020-11-23,2020112304003038,GIC,42,28,10,546.00,"5,460.00"
2020-11-23,2020112304003034,GIC,42,34,10,547.00,"5,470.00"
2020-11-23,2020112304003028,GIC,42,18,10,546.00,"5,460.00"
2020-11-23,2020112304003019,GIC,42,11,10,546.00,"5,460.00"
2020-11-23,2020112304003006,GIC,42,57,10,546.00,"5,460.00"
2020-11-23,2020112304003001,GIC,42,57,10,546.00,"5,460.00"
2020-11-23,2020112304003054,GIC,49,42,10,547.00,"5,470.00"
2020-11-23,2020112304003051,GIC,49,45,10,547.00,"5,470.00"
2020-11-23,2020112304003045,GIC,42,16,10,546.00,"5,460.00"
2020-11-23,2020112304003044,GIC,42,28,10,546.00,"5,460.00"
2020-11-23,2020112304003043,GIC,42,18,10,546.00,"5,460.00"
2020-11-23,2020112304003039,GIC,42,18,10,546.00,"5,460.00"
2020-11-23,2020112304003080,GIC,42,3,10,548.00,"5,480.00"
2020-11-23,2020112304003079,GIC,42,17,10,548.00,"5,480.00"
2020-11-23,2020112304003078,GIC,42,51,10,548.00,"5,480.00"
2020-11-23,2020112304003077,GIC,42,19,10,548.00,"5,480.00"
2020-11-23,2020112304003073,GIC,49,56,10,547.00,"5,470.00"
2020-11-23,2020112304003069,GIC,49,22,10,547.00,"5,470.00"
2020-11-23,2020112304003086,GIC,42,42,10,548.00,"5,480.00"
2020-11-23,2020112304003085,GIC,42,58,10,548.00,"5,480.00"
2020-11-23,2020112304003084,GIC,42,40,10,548.00,"5,480.00"
2020-11-23,2020112304003083,GIC,42,41,10,548.00,"5,480.00"
2020-11-23,2020112304003082,GIC,42,58,10,548.00,"5,480.00"
2020-11-23,2020112304003081,GIC,42,57,10,548.00,"5,480.00"
2020-11-23,2020112304003092,GIC,42,58,10,549.00,"5,490.00"
2020-11-23,2020112304003091,GIC,42,47,10,549.00,"5,490.00"
2020-11-23,2020112304003090,GIC,42,49,10,549.00,"5,490.00"
2020-11-23,2020112304003089,GIC,42,58,10,549.00,"5,490.00"
2020-11-23,2020112304003088,GIC,42,22,10,549.00,"5,490.00"
2020-11-23,2020112304003087,GIC,42,45,10,549.00,"5,490.00"
2020-11-23,2020112304003113,GIC,41,6,10,550.00,"5,500.00"
2020-11-23,2020112304003110,GIC,49,45,10,547.00,"5,470.00"
2020-11-23,2020112304003106,GIC,42,37,10,549.00,"5,490.00"
2020-11-23,2020112304003095,GIC,42,59,10,549.00,"5,490.00"
2020-11-23,2020112304003094,GIC,42,56,10,549.00,"5,490.00"
2020-11-23,2020112304003093,GIC,42,48,10,549.00,"5,490.00"
2020-11-23,2020112304003119,GIC,42,17,40,550.00,"22,000.00"
2020-11-23,2020112304003118,GIC,41,17,50,550.00,"27,500.00"
2020-11-23,2020112304003117,GIC,41,51,10,550.00,"5,500.00"
2020-11-23,2020112304003116,GIC,41,55,10,550.00,"5,500.00"
2020-11-23,2020112304003115,GIC,41,34,10,550.00,"5,500.00"
2020-11-23,2020112304003114,GIC,41,6,10,550.00,"5,500.00"
2020-11-23,2020112304003125,GIC,42,42,10,550.00,"5,500.00"
2020-11-23,2020112304003124,GIC,42,41,10,550.00,"5,500.00"
2020-11-23,2020112304003123,GIC,42,50,10,550.00,"5,500.00"
2020-11-23,2020112304003122,GIC,42,50,10,550.00,"5,500.00"
2020-11-23,2020112304003121,GIC,42,7,10,550.00,"5,500.00"
2020-11-23,2020112304003120,GIC,42,41,10,550.00,"5,500.00"
2020-11-23,2020112304003131,GIC,42,34,10,550.00,"5,500.00"
2020-11-23,2020112304003130,GIC,42,58,10,550.00,"5,500.00"
2020-11-23,2020112304003129,GIC,42,55,10,550.00,"5,500.00"
2020-11-23,2020112304003128,GIC,42,25,10,550.00,"5,500.00"
2020-11-23,2020112304003127,GIC,42,36,10,550.00,"5,500.00"
2020-11-23,2020112304003126,GIC,42,57,10,550.00,"5,500.00"
2020-11-23,2020112304003137,GIC,42,51,10,550.00,"5,500.00"
2020-11-23,2020112304003136,GIC,42,7,10,550.00,"5,500.00"
2020-11-23,2020112304003135,GIC,42,48,10,550.00,"5,500.00"
2020-11-23,2020112304003134,GIC,42,50,10,550.00,"5,500.00"
2020-11-23,2020112304003133,GIC,42,48,10,550.00,"5,500.00"
2020-11-23,2020112304003132,GIC,42,19,10,550.00,"5,500.00"
2020-11-23,2020112304003143,GIC,42,33,10,550.00,"5,500.00"
2020-11-23,2020112304003142,GIC,42,29,10,550.00,"5,500.00"
2020-11-23,2020112304003141,GIC,42,41,10,550.00,"5,500.00"
2020-11-23,2020112304003140,GIC,42,58,10,550.00,"5,500.00"
2020-11-23,2020112304003139,GIC,42,3,10,550.00,"5,500.00"
2020-11-23,2020112304003138,GIC,42,53,10,550.00,"5,500.00"
2020-11-23,2020112304003149,GIC,42,56,10,550.00,"5,500.00"
2020-11-23,2020112304003148,GIC,42,55,10,550.00,"5,500.00"
2020-11-23,2020112304003147,GIC,42,36,10,550.00,"5,500.00"
2020-11-23,2020112304003146,GIC,42,17,10,550.00,"5,500.00"
2020-11-23,2020112304003145,GIC,42,6,10,550.00,"5,500.00"
2020-11-23,2020112304003144,GIC,42,21,10,550.00,"5,500.00"
2020-11-23,2020112304003161,GIC,49,53,10,547.00,"5,470.00"
2020-11-23,2020112304003155,GIC,49,17,10,547.00,"5,470.00"
2020-11-23,2020112304003154,GIC,49,11,10,547.00,"5,470.00"
2020-11-23,2020112304003152,GIC,42,33,340,550.00,"187,000.00"
2020-11-23,2020112304003151,GIC,42,53,10,550.00,"5,500.00"
2020-11-23,2020112304003150,GIC,42,57,10,550.00,"5,500.00"
2020-11-23,2020112304003171,GIC,42,37,10,546.00,"5,460.00"
2020-11-23,2020112304003170,GIC,42,53,10,546.00,"5,460.00"
2020-11-23,2020112304003169,GIC,42,34,10,546.00,"5,460.00"
2020-11-23,2020112304003168,GIC,42,59,10,546.00,"5,460.00"
2020-11-23,2020112304003166,GIC,49,58,10,547.00,"5,470.00"
2020-11-23,2020112304003162,GIC,49,37,10,547.00,"5,470.00"
2020-11-23,2020112304003182,GIC,26,45,10,547.00,"5,470.00"
2020-11-23,2020112304003179,GIC,42,32,10,546.00,"5,460.00"
2020-11-23,2020112304003178,GIC,42,53,10,546.00,"5,460.00"
2020-11-23,2020112304003175,GIC,42,58,10,546.00,"5,460.00"
2020-11-23,2020112304003173,GIC,42,53,10,546.00,"5,460.00"
2020-11-23,2020112304003172,GIC,42,59,10,546.00,"5,460.00"
2020-11-23,2020112304003192,GIC,42,37,10,546.00,"5,460.00"
2020-11-23,2020112304003191,GIC,42,53,10,546.00,"5,460.00"
2020-11-23,2020112304003187,GIC,26,52,60,547.00,"32,820.00"
2020-11-23,2020112304003186,GIC,26,53,10,547.00,"5,470.00"
2020-11-23,2020112304003184,GIC,26,34,10,547.00,"5,470.00"
2020-11-23,2020112304003183,GIC,26,6,10,547.00,"5,470.00"
2020-11-23,2020112304003217,GIC,49,17,10,544.00,"5,440.00"
2020-11-23,2020112304003211,GIC,21,53,10,544.00,"5,440.00"
2020-11-23,2020112304003204,GIC,21,53,10,544.00,"5,440.00"
2020-11-23,2020112304003199,GIC,38,44,100,545.00,"54,500.00"
2020-11-23,2020112304003198,GIC,42,44,80,545.00,"43,600.00"
2020-11-23,2020112304003197,GIC,42,44,90,546.00,"49,140.00"
2020-11-23,2020112304003227,GIC,22,59,10,545.00,"5,450.00"
2020-11-23,2020112304003226,GIC,22,29,10,545.00,"5,450.00"
2020-11-23,2020112304003225,GIC,22,53,10,545.00,"5,450.00"
2020-11-23,2020112304003223,GIC,22,44,30,545.00,"16,350.00"
2020-11-23,2020112304003222,GIC,49,59,10,544.00,"5,440.00"
2020-11-23,2020112304003220,GIC,49,59,10,544.00,"5,440.00"
2020-11-23,2020112304003251,GIC,22,37,10,545.00,"5,450.00"
2020-11-23,2020112304003250,GIC,22,45,10,545.00,"5,450.00"
2020-11-23,2020112304003249,GIC,22,40,10,545.00,"5,450.00"
2020-11-23,2020112304003246,GIC,22,58,10,545.00,"5,450.00"
2020-11-23,2020112304003234,GIC,22,48,10,545.00,"5,450.00"
2020-11-23,2020112304003228,GIC,22,59,10,545.00,"5,450.00"
2020-11-23,2020112304003055,LUK,22,14,200,9.61,"1,922.00"
2020-11-23,2020112304003253,NBF2,38,58,100,9.83,983.00
2020-11-23,2020112304003244,NBF2,58,49,800,9.85,"7,880.00"
2020-11-23,2020112304003210,NBF2,42,49,200,9.85,"1,970.00"
2020-11-23,2020112304003104,NBF2,42,58,300,9.85,"2,955.00"
2020-11-23,2020112304003024,NBF2,42,50,100,9.85,985.00
2020-11-23,2020112304003023,NBF2,45,50,"1,000",9.85,"9,850.00"
2020-11-23,2020112304003022,NBF2,17,50,"3,900",9.86,"38,454.00"
2020-11-23,2020112304003014,NBF2,17,16,"1,000",9.86,"9,860.00"
2020-11-23,2020112304002952,NBF2,17,57,100,9.86,986.00
2020-11-23,2020112304003017,NEF,26,16,483,9.88,"4,772.04"
2020-11-23,2020112304002885,NEF,6,58,966,9.92,"9,582.72"
2020-11-23,2020112304003206,NIBLPF,41,26,253,10.01,"2,532.53"
2020-11-23,2020112304003046,NIBLPF,41,56,"1,815",10.01,"18,168.15"
2020-11-23,2020112304002779,NIBLPF,41,48,"1,263",10.01,"12,642.63"
2020-11-23,2020112304003098,NIBSF1,17,16,"3,000",10.80,"32,400.00"
2020-11-23,2020112304003257,NICBF,39,14,400,9.68,"3,872.00"
2020-11-23,2020112304003174,NICBF,39,14,400,9.68,"3,872.00"
2020-11-23,2020112304002929,NICGF,7,42,250,10.42,"2,605.00"
2020-11-23,2020112304002928,NICGF,7,4,500,10.42,"5,210.00"
2020-11-23,2020112304003245,NMB50,21,16,100,10.10,"1,010.00"
2020-11-23,2020112304003230,NMB50,21,14,500,10.10,"5,050.00"
2020-11-23,2020112304002933,NMB50,21,57,300,10.10,"3,030.00"
2020-11-23,2020112304002792,NMB50,51,16,500,10.14,"5,070.00"
2020-11-23,2020112304002777,NMB50,21,14,500,10.10,"5,050.00"
2020-11-23,2020112304003103,NMBHF1,32,16,832,10.10,"8,403.20"
2020-11-23,2020112304003072,NMBHF1,32,3,915,10.10,"9,241.50"
2020-11-23,2020112304003057,NMBHF1,29,56,"1,506",10.00,"15,060.00"
2020-11-23,2020112304003056,NMBHF1,21,56,150,10.00,"1,500.00"
2020-11-23,2020112304002977,RBCLPO,50,6,20,"14,990.00","299,800.00"
2020-11-23,2020112304002856,RBCLPO,59,38,50,"15,000.00","750,000.00"
2020-11-23,2020112304002837,RBCLPO,50,35,200,"15,000.00","3,000,000.00"
2020-11-23,2020112304002836,RBCLPO,50,36,70,"15,000.00","1,050,000.00"
2020-11-23,2020112304002835,RBCLPO,50,35,50,"15,000.00","750,000.00"
2020-11-23,2020112304002834,RBCLPO,50,33,10,"15,000.00","150,000.00"
2020-11-23,2020112304002818,RBCLPO,33,3,39,"14,890.00","580,710.00"
2020-11-23,2020112304002817,RBCLPO,33,38,50,"14,889.00","744,450.00"
2020-11-23,2020112304002833,RBCLPO,50,22,18,"15,000.00","270,000.00"
2020-11-23,2020112304002832,RBCLPO,50,49,10,"14,953.00","149,530.00"
2020-11-23,2020112304002831,RBCLPO,50,58,20,"14,950.00","299,000.00"
2020-11-23,2020112304002830,RBCLPO,50,6,10,"14,945.00","149,450.00"
2020-11-23,2020112304002820,RBCLPO,33,4,10,"14,900.00","149,000.00"
2020-11-23,2020112304002819,RBCLPO,33,6,10,"14,900.00","149,000.00"
2020-11-23,2020112304003200,SAEF,33,3,"1,000",11.00,"11,000.00"
2020-11-23,2020112304003164,SAEF,33,55,"3,500",10.97,"38,395.00"
2020-11-23,2020112304003097,SAEF,33,56,"1,000",10.97,"10,970.00"
2020-11-23,2020112304003060,SAEF,47,45,"5,000",11.00,"55,000.00"
2020-11-23,2020112304003004,SAEF,22,32,200,11.00,"2,200.00"
2020-11-23,2020112304003003,SAEF,22,47,500,11.00,"5,500.00"
2020-11-23,2020112304002989,SAEF,33,46,500,10.97,"5,485.00"
2020-11-23,2020112304002791,SAEF,34,7,"5,000",10.97,"54,850.00"
2020-11-23,2020112304002790,SAEF,22,7,"19,500",10.98,"214,110.00"
2020-11-23,2020112304002787,SAEF,34,7,"5,000",11.00,"55,000.00"
2020-11-23,2020112304002785,SAEF,17,7,"5,000",11.03,"55,150.00"
2020-11-23,2020112304002783,SAEF,41,7,"3,400",11.05,"37,570.00"
2020-11-23,2020112304003241,SEF,25,3,500,10.15,"5,075.00"
2020-11-23,2020112304003105,SEF,25,56,"1,000",10.14,"10,140.00"
2020-11-23,2020112304003074,SEF,25,16,"2,000",10.14,"20,280.00"
2020-11-23,2020112304002815,SEF,29,59,"13,600",10.16,"138,176.00"
2020-11-23,2020112304002794,SEF,6,59,"10,000",10.16,"101,600.00"
2020-11-23,2020112304002784,SEF,6,59,"10,000",10.16,"101,600.00"
2020-11-23,2020112304003266,SFMF,48,14,500,9.90,"4,950.00"
2020-11-23,2020112304003242,SFMF,34,14,500,9.90,"4,950.00"
2020-11-23,2020112304003111,SFMF,34,14,500,10.10,"5,050.00"
2020-11-23,2020112304003273,SGI,16,56,10,610.00,"6,100.00"
2020-11-23,2020112304003272,SGI,16,56,10,610.00,"6,100.00"
2020-11-23,2020112304003270,SGI,16,58,10,610.00,"6,100.00"
2020-11-23,2020112304003267,SGI,16,56,10,610.00,"6,100.00"
2020-11-23,2020112304003265,SGI,16,41,10,610.00,"6,100.00"
2020-11-23,2020112304003264,SGI,45,29,10,611.00,"6,110.00"
2020-11-23,2020112304002780,SGI,57,14,10,612.00,"6,120.00"
2020-11-23,2020112304002778,SGI,57,6,10,612.00,"6,120.00"
2020-11-23,2020112304002776,SGI,22,58,10,613.00,"6,130.00"
2020-11-23,2020112304002775,SGI,22,58,10,613.00,"6,130.00"
2020-11-23,2020112304002774,SGI,40,45,10,614.00,"6,140.00"
2020-11-23,2020112304002797,SGI,45,42,10,615.00,"6,150.00"
2020-11-23,2020112304002796,SGI,45,49,10,615.00,"6,150.00"
2020-11-23,2020112304002795,SGI,45,58,10,615.00,"6,150.00"
2020-11-23,2020112304002789,SGI,58,42,10,615.00,"6,150.00"
2020-11-23,2020112304002788,SGI,57,7,10,612.00,"6,120.00"
2020-11-23,2020112304002781,SGI,57,58,10,612.00,"6,120.00"
2020-11-23,2020112304002808,SGI,57,47,10,612.00,"6,120.00"
2020-11-23,2020112304002806,SGI,57,58,10,612.00,"6,120.00"
2020-11-23,2020112304002803,SGI,57,44,10,616.00,"6,160.00"
2020-11-23,2020112304002802,SGI,57,10,10,616.00,"6,160.00"
2020-11-23,2020112304002801,SGI,57,57,10,614.00,"6,140.00"
2020-11-23,2020112304002798,SGI,57,48,10,612.00,"6,120.00"
2020-11-23,2020112304002826,SGI,42,8,10,612.00,"6,120.00"
2020-11-23,2020112304002825,SGI,42,32,10,612.00,"6,120.00"
2020-11-23,2020112304002823,SGI,42,16,10,612.00,"6,120.00"
2020-11-23,2020112304002822,SGI,57,18,10,612.00,"6,120.00"
2020-11-23,2020112304002814,SGI,57,45,10,612.00,"6,120.00"
2020-11-23,2020112304002813,SGI,57,46,10,612.00,"6,120.00"
2020-11-23,2020112304002844,SGI,46,37,10,612.00,"6,120.00"
2020-11-23,2020112304002843,SGI,46,18,10,612.00,"6,120.00"
2020-11-23,2020112304002840,SGI,46,56,10,612.00,"6,120.00"
2020-11-23,2020112304002839,SGI,46,46,10,612.00,"6,120.00"
2020-11-23,2020112304002838,SGI,42,57,10,612.00,"6,120.00"
2020-11-23,2020112304002828,SGI,42,11,10,612.00,"6,120.00"
2020-11-23,2020112304002851,SGI,46,25,10,612.00,"6,120.00"
2020-11-23,2020112304002850,SGI,46,56,10,612.00,"6,120.00"
2020-11-23,2020112304002849,SGI,46,46,10,612.00,"6,120.00"
2020-11-23,2020112304002848,SGI,46,38,10,612.00,"6,120.00"
2020-11-23,2020112304002847,SGI,46,56,10,612.00,"6,120.00"
2020-11-23,2020112304002845,SGI,46,46,10,612.00,"6,120.00"
2020-11-23,2020112304002872,SGI,48,56,10,611.00,"6,110.00"
2020-11-23,2020112304002871,SGI,48,45,10,611.00,"6,110.00"
2020-11-23,2020112304002868,SGI,48,46,10,611.00,"6,110.00"
2020-11-23,2020112304002863,SGI,48,18,10,611.00,"6,110.00"
2020-11-23,2020112304002860,SGI,48,42,10,611.00,"6,110.00"
2020-11-23,2020112304002858,SGI,48,1,10,611.00,"6,110.00"
2020-11-23,2020112304002880,SGI,58,52,10,610.00,"6,100.00"
2020-11-23,2020112304002879,SGI,26,52,40,610.00,"24,400.00"
2020-11-23,2020112304002878,SGI,26,1,10,610.00,"6,100.00"
2020-11-23,2020112304002875,SGI,48,6,180,611.00,"109,980.00"
2020-11-23,2020112304002874,SGI,48,42,10,611.00,"6,110.00"
2020-11-23,2020112304002873,SGI,48,18,10,611.00,"6,110.00"
2020-11-23,2020112304002894,SGI,57,28,10,610.00,"6,100.00"
2020-11-23,2020112304002889,SGI,57,25,10,610.00,"6,100.00"
2020-11-23,2020112304002888,SGI,57,28,10,610.00,"6,100.00"
2020-11-23,2020112304002884,SGI,57,20,10,610.00,"6,100.00"
2020-11-23,2020112304002882,SGI,58,11,10,610.00,"6,100.00"
2020-11-23,2020112304002881,SGI,58,7,10,610.00,"6,100.00"
2020-11-23,2020112304002906,SGI,42,55,10,610.00,"6,100.00"
2020-11-23,2020112304002904,SGI,19,16,10,609.00,"6,090.00"
2020-11-23,2020112304002903,SGI,19,57,10,609.00,"6,090.00"
2020-11-23,2020112304002898,SGI,19,46,10,609.00,"6,090.00"
2020-11-23,2020112304002896,SGI,19,46,10,609.00,"6,090.00"
2020-11-23,2020112304002895,SGI,57,56,10,610.00,"6,100.00"
2020-11-23,2020112304002914,SGI,45,46,10,610.00,"6,100.00"
2020-11-23,2020112304002913,SGI,45,32,10,610.00,"6,100.00"
2020-11-23,2020112304002912,SGI,45,32,10,610.00,"6,100.00"
2020-11-23,2020112304002910,SGI,19,57,10,609.00,"6,090.00"
2020-11-23,2020112304002908,SGI,42,16,10,610.00,"6,100.00"
2020-11-23,2020112304002907,SGI,42,39,10,610.00,"6,100.00"
2020-11-23,2020112304002921,SGI,8,16,10,609.00,"6,090.00"
2020-11-23,2020112304002920,SGI,58,57,10,610.00,"6,100.00"
2020-11-23,2020112304002919,SGI,8,6,420,609.00,"255,780.00"
2020-11-23,2020112304002918,SGI,19,6,400,609.00,"243,600.00"
2020-11-23,2020112304002917,SGI,19,47,10,609.00,"6,090.00"
2020-11-23,2020112304002916,SGI,45,32,10,610.00,"6,100.00"
2020-11-23,2020112304002939,SGI,8,21,10,609.00,"6,090.00"
2020-11-23,2020112304002937,SGI,8,21,10,609.00,"6,090.00"
2020-11-23,2020112304002936,SGI,8,16,10,609.00,"6,090.00"
2020-11-23,2020112304002930,SGI,8,38,10,609.00,"6,090.00"
2020-11-23,2020112304002927,SGI,8,1,10,609.00,"6,090.00"
2020-11-23,2020112304002924,SGI,8,38,10,609.00,"6,090.00"
2020-11-23,2020112304002959,SGI,8,1,10,609.00,"6,090.00"
2020-11-23,2020112304002958,SGI,8,51,10,609.00,"6,090.00"
2020-11-23,2020112304002957,SGI,8,39,10,609.00,"6,090.00"
2020-11-23,2020112304002954,SGI,8,45,10,609.00,"6,090.00"
2020-11-23,2020112304002953,SGI,8,21,10,609.00,"6,090.00"
2020-11-23,2020112304002941,SGI,8,21,10,609.00,"6,090.00"
2020-11-23,2020112304002975,SGI,8,34,10,609.00,"6,090.00"
2020-11-23,2020112304002974,SGI,8,51,10,609.00,"6,090.00"
2020-11-23,2020112304002973,SGI,8,34,10,609.00,"6,090.00"
2020-11-23,2020112304002967,SGI,8,34,10,609.00,"6,090.00"
2020-11-23,2020112304002966,SGI,8,39,10,609.00,"6,090.00"
2020-11-23,2020112304002960,SGI,8,58,10,609.00,"6,090.00"
2020-11-23,2020112304002991,SGI,8,38,10,609.00,"6,090.00"
2020-11-23,2020112304002990,SGI,8,11,10,609.00,"6,090.00"
2020-11-23,2020112304002988,SGI,8,55,10,609.00,"6,090.00"
2020-11-23,2020112304002987,SGI,8,17,10,609.00,"6,090.00"
2020-11-23,2020112304002986,SGI,8,58,10,609.00,"6,090.00"
2020-11-23,2020112304002976,SGI,8,3,10,609.00,"6,090.00"
2020-11-23,2020112304003000,SGI,46,32,10,610.00,"6,100.00"
2020-11-23,2020112304002999,SGI,46,32,10,610.00,"6,100.00"
2020-11-23,2020112304002998,SGI,46,26,10,610.00,"6,100.00"
2020-11-23,2020112304002997,SGI,46,32,10,610.00,"6,100.00"
2020-11-23,2020112304002996,SGI,46,46,10,610.00,"6,100.00"
2020-11-23,2020112304002995,SGI,8,18,10,609.00,"6,090.00"
2020-11-23,2020112304003011,SGI,6,42,10,610.00,"6,100.00"
2020-11-23,2020112304003009,SGI,8,38,10,609.00,"6,090.00"
2020-11-23,2020112304003008,SGI,8,37,10,609.00,"6,090.00"
2020-11-23,2020112304003007,SGI,8,58,10,609.00,"6,090.00"
2020-11-23,2020112304003005,SGI,8,37,10,609.00,"6,090.00"
2020-11-23,2020112304003002,SGI,8,38,10,609.00,"6,090.00"
2020-11-23,2020112304003020,SGI,6,1,10,610.00,"6,100.00"
2020-11-23,2020112304003018,SGI,6,38,10,610.00,"6,100.00"
2020-11-23,2020112304003016,SGI,6,58,10,610.00,"6,100.00"
2020-11-23,2020112304003015,SGI,6,56,10,610.00,"6,100.00"
2020-11-23,2020112304003013,SGI,6,57,10,610.00,"6,100.00"
2020-11-23,2020112304003012,SGI,6,57,10,610.00,"6,100.00"
2020-11-23,2020112304003031,SGI,40,56,10,610.00,"6,100.00"
2020-11-23,2020112304003030,SGI,40,51,10,610.00,"6,100.00"
2020-11-23,2020112304003027,SGI,40,38,10,610.00,"6,100.00"
2020-11-23,2020112304003026,SGI,40,58,10,610.00,"6,100.00"
2020-11-23,2020112304003025,SGI,40,38,10,610.00,"6,100.00"
2020-11-23,2020112304003021,SGI,40,56,10,610.00,"6,100.00"
2020-11-23,2020112304003040,SGI,8,58,10,609.00,"6,090.00"
2020-11-23,2020112304003037,SGI,8,58,10,609.00,"6,090.00"
2020-11-23,2020112304003036,SGI,40,18,10,610.00,"6,100.00"
2020-11-23,2020112304003035,SGI,40,56,10,610.00,"6,100.00"
2020-11-23,2020112304003033,SGI,40,38,10,610.00,"6,100.00"
2020-11-23,2020112304003032,SGI,40,58,10,610.00,"6,100.00"
2020-11-23,2020112304003050,SGI,14,28,10,610.00,"6,100.00"
2020-11-23,2020112304003049,SGI,8,38,10,609.00,"6,090.00"
2020-11-23,2020112304003048,SGI,8,59,10,609.00,"6,090.00"
2020-11-23,2020112304003047,SGI,8,28,10,609.00,"6,090.00"
2020-11-23,2020112304003042,SGI,8,6,10,609.00,"6,090.00"
2020-11-23,2020112304003041,SGI,8,16,10,609.00,"6,090.00"
2020-11-23,2020112304003063,SGI,14,42,10,610.00,"6,100.00"
2020-11-23,2020112304003062,SGI,14,28,10,610.00,"6,100.00"
2020-11-23,2020112304003059,SGI,14,28,10,610.00,"6,100.00"
2020-11-23,2020112304003058,SGI,14,56,10,610.00,"6,100.00"
2020-11-23,2020112304003053,SGI,14,21,10,610.00,"6,100.00"
2020-11-23,2020112304003052,SGI,14,28,10,610.00,"6,100.00"
2020-11-23,2020112304003070,SGI,14,42,10,610.00,"6,100.00"
2020-11-23,2020112304003068,SGI,49,41,10,612.00,"6,120.00"
2020-11-23,2020112304003067,SGI,49,45,10,612.00,"6,120.00"
2020-11-23,2020112304003066,SGI,14,45,10,610.00,"6,100.00"
2020-11-23,2020112304003065,SGI,14,42,10,610.00,"6,100.00"
2020-11-23,2020112304003064,SGI,14,28,10,610.00,"6,100.00"
2020-11-23,2020112304003100,SGI,14,11,10,610.00,"6,100.00"
2020-11-23,2020112304003099,SGI,14,42,10,610.00,"6,100.00"
2020-11-23,2020112304003096,SGI,14,11,10,610.00,"6,100.00"
2020-11-23,2020112304003076,SGI,14,42,10,610.00,"6,100.00"
2020-11-23,2020112304003075,SGI,14,56,10,610.00,"6,100.00"
2020-11-23,2020112304003071,SGI,14,11,10,610.00,"6,100.00"
2020-11-23,2020112304003112,SGI,14,42,10,610.00,"6,100.00"
2020-11-23,2020112304003109,SGI,14,42,10,610.00,"6,100.00"
2020-11-23,2020112304003108,SGI,14,22,10,610.00,"6,100.00"
2020-11-23,2020112304003107,SGI,14,11,10,610.00,"6,100.00"
2020-11-23,2020112304003102,SGI,14,42,10,610.00,"6,100.00"
2020-11-23,2020112304003101,SGI,14,58,10,610.00,"6,100.00"
2020-11-23,2020112304003160,SGI,49,17,10,613.00,"6,130.00"
2020-11-23,2020112304003159,SGI,49,56,80,613.00,"49,040.00"
2020-11-23,2020112304003158,SGI,49,43,10,612.00,"6,120.00"
2020-11-23,2020112304003157,SGI,49,48,100,612.00,"61,200.00"
2020-11-23,2020112304003156,SGI,49,41,10,611.00,"6,110.00"
2020-11-23,2020112304003153,SGI,14,42,10,610.00,"6,100.00"
2020-11-23,2020112304003180,SGI,26,21,10,611.00,"6,110.00"
2020-11-23,2020112304003177,SGI,26,32,10,611.00,"6,110.00"
2020-11-23,2020112304003176,SGI,26,58,10,611.00,"6,110.00"
2020-11-23,2020112304003167,SGI,14,26,10,610.00,"6,100.00"
2020-11-23,2020112304003165,SGI,14,34,10,610.00,"6,100.00"
2020-11-23,2020112304003163,SGI,14,53,10,610.00,"6,100.00"
2020-11-23,2020112304003193,SGI,26,45,10,611.00,"6,110.00"
2020-11-23,2020112304003190,SGI,26,45,10,611.00,"6,110.00"
2020-11-23,2020112304003189,SGI,26,48,10,612.00,"6,120.00"
2020-11-23,2020112304003188,SGI,26,37,10,611.00,"6,110.00"
2020-11-23,2020112304003185,SGI,26,35,10,611.00,"6,110.00"
2020-11-23,2020112304003181,SGI,26,18,10,611.00,"6,110.00"
2020-11-23,2020112304003203,SGI,40,32,10,611.00,"6,110.00"
2020-11-23,2020112304003202,SGI,26,37,10,611.00,"6,110.00"
2020-11-23,2020112304003201,SGI,26,28,10,611.00,"6,110.00"
2020-11-23,2020112304003196,SGI,3,58,10,612.00,"6,120.00"
2020-11-23,2020112304003195,SGI,3,49,10,612.00,"6,120.00"
2020-11-23,2020112304003194,SGI,3,26,10,612.00,"6,120.00"
2020-11-23,2020112304003213,SGI,49,32,10,611.00,"6,110.00"
2020-11-23,2020112304003212,SGI,49,28,10,611.00,"6,110.00"
2020-11-23,2020112304003209,SGI,40,58,10,611.00,"6,110.00"
2020-11-23,2020112304003208,SGI,40,58,10,611.00,"6,110.00"
2020-11-23,2020112304003207,SGI,40,32,10,611.00,"6,110.00"
2020-11-23,2020112304003205,SGI,40,28,10,611.00,"6,110.00"
2020-11-23,2020112304003221,SGI,51,58,10,611.00,"6,110.00"
2020-11-23,2020112304003219,SGI,51,32,10,611.00,"6,110.00"
2020-11-23,2020112304003218,SGI,51,28,10,611.00,"6,110.00"
2020-11-23,2020112304003216,SGI,49,28,10,611.00,"6,110.00"
2020-11-23,2020112304003215,SGI,49,32,10,611.00,"6,110.00"
2020-11-23,2020112304003214,SGI,49,58,10,611.00,"6,110.00"
2020-11-23,2020112304003236,SGI,14,11,10,612.00,"6,120.00"
2020-11-23,2020112304003235,SGI,14,28,10,612.00,"6,120.00"
2020-11-23,2020112304003232,SGI,6,58,10,611.00,"6,110.00"
2020-11-23,2020112304003231,SGI,6,18,10,611.00,"6,110.00"
2020-11-23,2020112304003229,SGI,6,58,10,611.00,"6,110.00"
2020-11-23,2020112304003224,SGI,6,32,10,611.00,"6,110.00"
2020-11-23,2020112304003247,SGI,6,56,10,611.00,"6,110.00"
2020-11-23,2020112304003243,SGI,6,4,10,611.00,"6,110.00"
2020-11-23,2020112304003240,SGI,14,39,100,614.00,"61,400.00"
2020-11-23,2020112304003239,SGI,14,25,10,614.00,"6,140.00"
2020-11-23,2020112304003238,SGI,14,36,10,613.00,"6,130.00"
2020-11-23,2020112304003237,SGI,14,17,90,613.00,"55,170.00"
2020-11-23,2020112304003263,SGI,45,45,10,611.00,"6,110.00"
2020-11-23,2020112304003259,SGI,6,49,10,611.00,"6,110.00"
2020-11-23,2020112304003256,SGI,6,51,10,611.00,"6,110.00"
2020-11-23,2020112304003254,SGI,49,55,10,612.00,"6,120.00"
2020-11-23,2020112304003252,SGI,6,1,10,611.00,"6,110.00"
2020-11-23,2020112304003248,SGI,6,51,10,611.00,"6,110.00"
2020-11-23,2020112304002876,SRBLD83,8,14,25,"1,027.00","25,675.00"
2020-11-23,2020112304002994,STC,22,26,10,"6,831.00","68,310.00"
2020-11-23,2020112304002985,STC,59,45,10,"6,834.00","68,340.00"
2020-11-23,2020112304002926,STC,25,38,10,"6,965.00","69,650.00"
2020-11-23,2020112304002925,STC,5,38,10,"6,965.00","69,650.00"
2020-11-23,2020112304002911,STC,5,45,10,"6,965.00","69,650.00"
2020-11-23,2020112304002897,STC,34,6,10,"6,970.00","69,700.00"
2020-11-23,2020112304002842,STC,34,28,10,"7,107.00","71,070.00"
2020-11-23,2020112304002841,STC,34,51,30,"7,107.00","213,210.00"
2020-11-23,2020112304002677,BBC,1,48,90,"3,350.00","301,500.00"
2020-11-23,2020112304002658,BBC,34,48,259,"3,417.00","885,003.00"
2020-11-23,2020112304002651,BBC,34,37,10,"3,417.00","34,170.00"
2020-11-23,2020112304002625,BBC,34,38,20,"3,417.00","68,340.00"
2020-11-23,2020112304002605,BBC,34,58,11,"3,417.00","37,587.00"
2020-11-23,2020112304002547,BBC,1,45,10,"3,350.00","33,500.00"
2020-11-23,2020112304002390,BBC,34,6,10,"3,413.00","34,130.00"
2020-11-23,2020112304002713,CMF1,28,59,"25,000",10.05,"251,250.00"
2020-11-23,2020112304002561,CMF1,58,59,"5,000",10.05,"50,250.00"
2020-11-23,2020112304002415,CMF1,17,59,"3,500",10.05,"35,175.00"
2020-11-23,2020112304002377,CMF1,11,42,150,9.86,"1,479.00"
2020-11-23,2020112304002769,GIC,45,13,10,543.00,"5,430.00"
2020-11-23,2020112304002766,GIC,45,58,10,543.00,"5,430.00"
2020-11-23,2020112304002756,GIC,49,42,280,544.00,"152,320.00"
2020-11-23,2020112304002752,GIC,45,17,10,543.00,"5,430.00"
2020-11-23,2020112304002747,GIC,45,42,10,543.00,"5,430.00"
2020-11-23,2020112304002746,GIC,45,44,10,543.00,"5,430.00"
2020-11-23,2020112304002316,GIC,25,7,10,543.00,"5,430.00"
2020-11-23,2020112304002309,GIC,25,21,10,543.00,"5,430.00"
2020-11-23,2020112304002308,GIC,25,29,10,543.00,"5,430.00"
2020-11-23,2020112304002307,GIC,25,36,10,543.00,"5,430.00"
2020-11-23,2020112304002279,GIC,25,29,10,543.00,"5,430.00"
2020-11-23,2020112304002275,GIC,25,29,10,543.00,"5,430.00"
2020-11-23,2020112304002338,GIC,25,21,10,543.00,"5,430.00"
2020-11-23,2020112304002336,GIC,25,7,10,543.00,"5,430.00"
2020-11-23,2020112304002326,GIC,25,7,10,543.00,"5,430.00"
2020-11-23,2020112304002324,GIC,25,21,10,543.00,"5,430.00"
2020-11-23,2020112304002320,GIC,25,7,10,543.00,"5,430.00"
2020-11-23,2020112304002318,GIC,37,37,10,544.00,"5,440.00"
2020-11-23,2020112304002352,GIC,25,28,10,543.00,"5,430.00"
2020-11-23,2020112304002349,GIC,25,17,10,543.00,"5,430.00"
2020-11-23,2020112304002343,GIC,25,6,10,543.00,"5,430.00"
2020-11-23,2020112304002342,GIC,25,36,10,543.00,"5,430.00"
2020-11-23,2020112304002341,GIC,25,28,10,543.00,"5,430.00"
2020-11-23,2020112304002340,GIC,25,21,10,543.00,"5,430.00"
2020-11-23,2020112304002379,GIC,25,17,10,543.00,"5,430.00"
2020-11-23,2020112304002376,GIC,25,7,10,543.00,"5,430.00"
2020-11-23,2020112304002374,GIC,25,36,10,543.00,"5,430.00"
2020-11-23,2020112304002373,GIC,25,7,10,543.00,"5,430.00"
2020-11-23,2020112304002371,GIC,25,44,10,543.00,"5,430.00"
2020-11-23,2020112304002370,GIC,25,35,10,543.00,"5,430.00"
2020-11-23,2020112304002398,GIC,25,7,10,543.00,"5,430.00"
2020-11-23,2020112304002392,GIC,25,57,10,543.00,"5,430.00"
2020-11-23,2020112304002391,GIC,25,7,10,543.00,"5,430.00"
2020-11-23,2020112304002386,GIC,25,17,10,543.00,"5,430.00"
2020-11-23,2020112304002384,GIC,25,44,10,543.00,"5,430.00"
2020-11-23,2020112304002383,GIC,25,44,10,543.00,"5,430.00"
2020-11-23,2020112304002434,GIC,25,55,10,543.00,"5,430.00"
2020-11-23,2020112304002433,GIC,25,38,10,543.00,"5,430.00"
2020-11-23,2020112304002424,GIC,25,16,10,543.00,"5,430.00"
2020-11-23,2020112304002417,GIC,25,1,10,543.00,"5,430.00"
2020-11-23,2020112304002414,GIC,25,57,10,543.00,"5,430.00"
2020-11-23,2020112304002400,GIC,25,57,10,543.00,"5,430.00"
2020-11-23,2020112304002450,GIC,25,51,10,543.00,"5,430.00"
2020-11-23,2020112304002448,GIC,25,28,10,543.00,"5,430.00"
2020-11-23,2020112304002442,GIC,25,56,10,543.00,"5,430.00"
2020-11-23,2020112304002441,GIC,25,55,10,543.00,"5,430.00"
2020-11-23,2020112304002440,GIC,25,16,10,543.00,"5,430.00"
2020-11-23,2020112304002439,GIC,25,57,10,543.00,"5,430.00"
2020-11-23,2020112304002465,GIC,54,56,10,544.00,"5,440.00"
2020-11-23,2020112304002459,GIC,25,33,10,543.00,"5,430.00"
2020-11-23,2020112304002457,GIC,25,38,10,543.00,"5,430.00"
2020-11-23,2020112304002455,GIC,25,14,10,543.00,"5,430.00"
2020-11-23,2020112304002453,GIC,25,55,10,543.00,"5,430.00"
2020-11-23,2020112304002451,GIC,25,37,10,543.00,"5,430.00"
2020-11-23,2020112304002485,GIC,50,37,10,543.00,"5,430.00"
2020-11-23,2020112304002479,GIC,50,57,10,543.00,"5,430.00"
2020-11-23,2020112304002477,GIC,50,44,10,543.00,"5,430.00"
2020-11-23,2020112304002474,GIC,25,37,10,543.00,"5,430.00"
2020-11-23,2020112304002473,GIC,25,16,10,543.00,"5,430.00"
2020-11-23,2020112304002467,GIC,25,16,10,543.00,"5,430.00"
2020-11-23,2020112304002498,GIC,54,42,510,545.00,"277,950.00"
2020-11-23,2020112304002497,GIC,54,34,10,545.00,"5,450.00"
2020-11-23,2020112304002496,GIC,54,14,10,545.00,"5,450.00"
2020-11-23,2020112304002495,GIC,35,38,10,543.00,"5,430.00"
2020-11-23,2020112304002491,GIC,50,34,10,543.00,"5,430.00"
2020-11-23,2020112304002488,GIC,50,52,10,543.00,"5,430.00"
2020-11-23,2020112304002504,GIC,54,34,10,545.00,"5,450.00"
2020-11-23,2020112304002503,GIC,54,32,10,545.00,"5,450.00"
2020-11-23,2020112304002502,GIC,54,32,10,545.00,"5,450.00"
2020-11-23,2020112304002501,GIC,54,46,10,545.00,"5,450.00"
2020-11-23,2020112304002500,GIC,54,58,10,545.00,"5,450.00"
2020-11-23,2020112304002499,GIC,54,17,10,545.00,"5,450.00"
2020-11-23,2020112304002510,GIC,54,8,10,545.00,"5,450.00"
2020-11-23,2020112304002509,GIC,54,50,10,545.00,"5,450.00"
2020-11-23,2020112304002508,GIC,54,51,10,545.00,"5,450.00"
2020-11-23,2020112304002507,GIC,54,17,10,545.00,"5,450.00"
2020-11-23,2020112304002506,GIC,54,42,10,545.00,"5,450.00"
2020-11-23,2020112304002505,GIC,54,35,10,545.00,"5,450.00"
2020-11-23,2020112304002516,GIC,54,42,10,545.00,"5,450.00"
2020-11-23,2020112304002515,GIC,54,46,10,545.00,"5,450.00"
2020-11-23,2020112304002514,GIC,54,5,10,545.00,"5,450.00"
2020-11-23,2020112304002513,GIC,54,21,10,545.00,"5,450.00"
2020-11-23,2020112304002512,GIC,54,7,10,545.00,"5,450.00"
2020-11-23,2020112304002511,GIC,54,33,10,545.00,"5,450.00"
2020-11-23,2020112304002535,GIC,51,58,10,543.00,"5,430.00"
2020-11-23,2020112304002534,GIC,35,38,10,543.00,"5,430.00"
2020-11-23,2020112304002531,GIC,35,18,10,543.00,"5,430.00"
2020-11-23,2020112304002530,GIC,35,38,10,543.00,"5,430.00"
2020-11-23,2020112304002520,GIC,35,58,10,543.00,"5,430.00"
2020-11-23,2020112304002517,GIC,54,21,10,545.00,"5,450.00"
2020-11-23,2020112304002550,GIC,54,45,10,543.00,"5,430.00"
2020-11-23,2020112304002549,GIC,54,45,10,543.00,"5,430.00"
2020-11-23,2020112304002548,GIC,54,45,10,543.00,"5,430.00"
2020-11-23,2020112304002543,GIC,49,35,10,542.00,"5,420.00"
2020-11-23,2020112304002541,GIC,49,35,10,542.00,"5,420.00"
2020-11-23,2020112304002539,GIC,49,35,10,542.00,"5,420.00"
2020-11-23,2020112304002567,GIC,54,37,10,543.00,"5,430.00"
2020-11-23,2020112304002559,GIC,54,59,10,543.00,"5,430.00"
2020-11-23,2020112304002558,GIC,5,55,10,545.00,"5,450.00"
2020-11-23,2020112304002557,GIC,5,43,10,545.00,"5,450.00"
2020-11-23,2020112304002556,GIC,5,11,10,545.00,"5,450.00"
2020-11-23,2020112304002553,GIC,54,36,10,543.00,"5,430.00"
2020-11-23,2020112304002589,GIC,54,49,10,543.00,"5,430.00"
2020-11-23,2020112304002588,GIC,5,25,10,545.00,"5,450.00"
2020-11-23,2020112304002584,GIC,54,35,10,543.00,"5,430.00"
2020-11-23,2020112304002575,GIC,54,34,10,543.00,"5,430.00"
2020-11-23,2020112304002570,GIC,54,17,10,543.00,"5,430.00"
2020-11-23,2020112304002569,GIC,54,58,10,543.00,"5,430.00"
2020-11-23,2020112304002632,GIC,49,57,10,544.00,"5,440.00"
2020-11-23,2020112304002631,GIC,49,44,10,544.00,"5,440.00"
2020-11-23,2020112304002630,GIC,49,45,10,544.00,"5,440.00"
2020-11-23,2020112304002629,GIC,54,42,10,543.00,"5,430.00"
2020-11-23,2020112304002624,GIC,54,42,10,543.00,"5,430.00"
2020-11-23,2020112304002591,GIC,54,17,10,543.00,"5,430.00"
2020-11-23,2020112304002638,GIC,54,42,10,543.00,"5,430.00"
2020-11-23,2020112304002637,GIC,49,54,10,544.00,"5,440.00"
2020-11-23,2020112304002636,GIC,49,38,10,544.00,"5,440.00"
2020-11-23,2020112304002635,GIC,49,42,20,544.00,"10,880.00"
2020-11-23,2020112304002634,GIC,49,26,10,544.00,"5,440.00"
2020-11-23,2020112304002633,GIC,49,44,10,544.00,"5,440.00"
2020-11-23,2020112304002668,GIC,45,41,10,544.00,"5,440.00"
2020-11-23,2020112304002667,GIC,45,34,10,544.00,"5,440.00"
2020-11-23,2020112304002666,GIC,45,48,10,544.00,"5,440.00"
2020-11-23,2020112304002665,GIC,45,38,10,544.00,"5,440.00"
2020-11-23,2020112304002664,GIC,45,58,10,544.00,"5,440.00"
2020-11-23,2020112304002648,GIC,54,45,10,543.00,"5,430.00"
2020-11-23,2020112304002688,GIC,54,38,10,543.00,"5,430.00"
2020-11-23,2020112304002687,GIC,54,18,10,543.00,"5,430.00"
2020-11-23,2020112304002676,GIC,54,38,10,543.00,"5,430.00"
2020-11-23,2020112304002671,GIC,45,42,150,544.00,"81,600.00"
2020-11-23,2020112304002670,GIC,45,28,10,544.00,"5,440.00"
2020-11-23,2020112304002669,GIC,45,18,10,544.00,"5,440.00"
2020-11-23,2020112304002702,GIC,56,29,10,543.00,"5,430.00"
2020-11-23,2020112304002700,GIC,11,42,200,544.00,"108,800.00"
2020-11-23,2020112304002698,GIC,49,42,100,544.00,"54,400.00"
2020-11-23,2020112304002696,GIC,56,5,10,543.00,"5,430.00"
2020-11-23,2020112304002691,GIC,56,57,10,543.00,"5,430.00"
2020-11-23,2020112304002689,GIC,54,34,10,543.00,"5,430.00"
2020-11-23,2020112304002725,GIC,56,44,10,543.00,"5,430.00"
2020-11-23,2020112304002723,GIC,56,45,10,543.00,"5,430.00"
2020-11-23,2020112304002720,GIC,41,42,200,544.00,"108,800.00"
2020-11-23,2020112304002719,GIC,56,17,10,543.00,"5,430.00"
2020-11-23,2020112304002716,GIC,56,52,10,543.00,"5,430.00"
2020-11-23,2020112304002714,GIC,56,59,10,543.00,"5,430.00"
2020-11-23,2020112304002736,GIC,45,45,10,543.00,"5,430.00"
2020-11-23,2020112304002734,GIC,45,34,10,543.00,"5,430.00"
2020-11-23,2020112304002732,GIC,45,18,10,543.00,"5,430.00"
2020-11-23,2020112304002731,GIC,45,43,10,543.00,"5,430.00"
2020-11-23,2020112304002728,GIC,56,53,10,543.00,"5,430.00"
2020-11-23,2020112304002727,GIC,56,42,10,543.00,"5,430.00"
2020-11-23,2020112304002722,GIMES1,26,28,"4,300",10.86,"46,698.00"
2020-11-23,2020112304002593,GIMES1,36,4,"5,000",10.90,"54,500.00"
2020-11-23,2020112304002592,GIMES1,26,4,"10,000",10.92,"109,200.00"
2020-11-23,2020112304002528,GIMES1,17,49,"16,267",10.99,"178,774.33"
2020-11-23,2020112304002476,GIMES1,17,42,"3,733",10.99,"41,025.67"
2020-11-23,2020112304002613,LEMF,34,47,"26,510",9.87,"261,653.70"
2020-11-23,2020112304002745,LUK,22,16,"1,000",9.61,"9,610.00"
2020-11-23,2020112304002445,LUK,22,17,100,9.61,961.00
2020-11-23,2020112304002598,NBF2,58,45,100,9.85,985.00
2020-11-23,2020112304002662,NIBLPF,41,28,505,10.01,"5,055.05"
2020-11-23,2020112304002574,NIBLPF,51,57,758,10.05,"7,617.90"
2020-11-23,2020112304002573,NIBLPF,51,45,353,10.05,"3,547.65"
2020-11-23,2020112304002566,NIBLPF,51,45,"2,172",10.05,"21,828.60"
2020-11-23,2020112304002565,NIBLPF,51,16,"1,515",10.05,"15,225.75"
2020-11-23,2020112304002564,NIBLPF,51,44,"2,525",10.03,"25,325.75"
2020-11-23,2020112304002563,NIBLPF,51,48,"2,525",10.03,"25,325.75"
2020-11-23,2020112304002562,NIBLPF,51,44,"1,263",10.02,"12,655.26"
2020-11-23,2020112304002544,NIBLPF,6,48,"2,525",10.01,"25,275.25"
2020-11-23,2020112304002489,NIBLPF,51,42,505,10.00,"5,050.00"
2020-11-23,2020112304002697,NIBPO,56,4,"1,000",364.00,"364,000.00"
2020-11-23,2020112304002587,NIBPO,34,4,174,363.00,"63,162.00"
2020-11-23,2020112304002586,NIBPO,39,4,100,364.00,"36,400.00"
2020-11-23,2020112304002585,NIBPO,49,4,500,364.00,"182,000.00"
2020-11-23,2020112304002583,NIBPO,47,4,50,365.00,"18,250.00"
2020-11-23,2020112304002582,NIBPO,46,4,300,365.00,"109,500.00"
2020-11-23,2020112304002581,NIBPO,4,4,507,365.00,"185,055.00"
2020-11-23,2020112304002580,NIBPO,17,4,"1,500",366.00,"549,000.00"
2020-11-23,2020112304002579,NIBPO,21,4,170,367.00,"62,390.00"
2020-11-23,2020112304002395,NIBSF1,7,43,850,10.86,"9,231.00"
2020-11-23,2020112304002394,NIBSF1,7,16,"2,000",10.85,"21,700.00"
2020-11-23,2020112304002393,NIBSF1,7,56,"2,000",10.85,"21,700.00"
2020-11-23,2020112304002306,NIBSF1,17,56,"3,000",10.85,"32,550.00"
2020-11-23,2020112304002770,NICBF,11,14,400,9.67,"3,868.00"
2020-11-23,2020112304002604,NICBF,33,59,"23,100",9.66,"223,146.00"
2020-11-23,2020112304002601,NICBF,33,59,"10,000",9.66,"96,600.00"
2020-11-23,2020112304002546,NICBF,34,49,100,9.65,965.00
2020-11-23,2020112304002538,NICBF,35,59,"3,000",9.66,"28,980.00"
2020-11-23,2020112304002449,NICBF,13,59,"5,000",9.66,"48,300.00"
2020-11-23,2020112304002401,NICBF,55,59,"5,000",9.66,"48,300.00"
2020-11-23,2020112304002382,NICBF,35,59,"6,000",9.66,"57,960.00"
2020-11-23,2020112304002372,NICBF,34,59,500,9.66,"4,830.00"
2020-11-23,2020112304002354,NICBF,33,59,"10,000",9.66,"96,600.00"
2020-11-23,2020112304002333,NICBF,33,59,"10,000",9.66,"96,600.00"
2020-11-23,2020112304002706,NICGF,28,57,200,10.22,"2,044.00"
2020-11-23,2020112304002537,NICGF,43,48,500,10.24,"5,120.00"
2020-11-23,2020112304002350,NICGF,26,42,150,10.11,"1,516.50"
2020-11-23,2020112304002659,NMB50,21,45,100,10.10,"1,010.00"
2020-11-23,2020112304002571,NMB50,21,57,"1,000",10.10,"10,100.00"
2020-11-23,2020112304002717,NMBHF1,21,59,"16,520",10.00,"165,200.00"
2020-11-23,2020112304002715,NMBHF1,14,59,150,10.00,"1,500.00"
2020-11-23,2020112304002657,NMBHF1,21,59,"2,500",10.00,"25,000.00"
2020-11-23,2020112304002647,NMBHF1,21,59,"5,000",10.00,"50,000.00"
2020-11-23,2020112304002427,NMBHF1,33,59,"5,000",10.00,"50,000.00"
2020-11-23,2020112304002420,NMBHF1,33,59,"5,000",10.00,"50,000.00"
2020-11-23,2020112304002403,NMBHF1,19,59,"20,000",10.00,"200,000.00"
2020-11-23,2020112304002322,NMBHF1,25,59,"5,000",10.00,"50,000.00"
2020-11-23,2020112304002436,RBCLPO,33,7,10,"14,845.00","148,450.00"
2020-11-23,2020112304002435,RBCLPO,33,34,14,"14,845.00","207,830.00"
2020-11-23,2020112304002430,RBCLPO,18,33,10,"14,800.00","148,000.00"
2020-11-23,2020112304002282,RBCLPO,33,44,10,"14,700.00","147,000.00"
2020-11-23,2020112304002281,RBCLPO,33,58,11,"14,700.00","161,700.00"
2020-11-23,2020112304002577,SAEF,41,1,"1,600",11.05,"17,680.00"
2020-11-23,2020112304002576,SAEF,33,1,400,11.05,"4,420.00"
2020-11-23,2020112304002529,SAEF,33,58,500,11.05,"5,525.00"
2020-11-23,2020112304002409,SAEF,33,51,"7,500",11.05,"82,875.00"
2020-11-23,2020112304002408,SAEF,34,51,"5,000",11.06,"55,300.00"
2020-11-23,2020112304002773,SEF,19,59,"5,000",10.16,"50,800.00"
2020-11-23,2020112304002772,SEF,47,59,"20,000",10.16,"203,200.00"
2020-11-23,2020112304002771,SEF,41,59,"2,000",10.16,"20,320.00"
2020-11-23,2020112304002758,SEF,40,59,"50,000",10.16,"508,000.00"
2020-11-23,2020112304002754,SEF,6,59,"10,000",10.16,"101,600.00"
2020-11-23,2020112304002733,SEF,29,59,"50,000",10.16,"508,000.00"
2020-11-23,2020112304002471,SEF,14,59,"20,000",10.16,"203,200.00"
2020-11-23,2020112304002463,SEF,19,59,"40,000",10.16,"406,400.00"
2020-11-23,2020112304002456,SEF,19,58,"1,000",10.15,"10,150.00"
2020-11-23,2020112304002655,SEF,19,28,"1,000",10.13,"10,130.00"
2020-11-23,2020112304002612,SEF,19,49,"10,000",10.14,"101,400.00"
2020-11-23,2020112304002545,SEF,19,59,"5,000",10.16,"50,800.00"
2020-11-23,2020112304002523,SEF,6,59,"10,000",10.16,"101,600.00"
2020-11-23,2020112304002483,SEF,57,59,"1,500",10.16,"15,240.00"
2020-11-23,2020112304002475,SEF,57,59,"1,000",10.16,"10,160.00"
2020-11-23,2020112304002724,SEF,16,59,"5,000",10.16,"50,800.00"
2020-11-23,2020112304002712,SEF,19,59,"3,000",10.16,"30,480.00"
2020-11-23,2020112304002704,SEF,19,59,"10,000",10.16,"101,600.00"
2020-11-23,2020112304002701,SEF,19,59,"25,000",10.16,"254,000.00"
2020-11-23,2020112304002682,SEF,41,59,"2,000",10.16,"20,320.00"
2020-11-23,2020112304002675,SEF,29,59,"50,000",10.16,"508,000.00"
2020-11-23,2020112304002492,SFMF,41,57,300,10.30,"3,090.00"
2020-11-23,2020112304002768,SGI,22,58,10,613.00,"6,130.00"
2020-11-23,2020112304002767,SGI,39,32,10,614.00,"6,140.00"
2020-11-23,2020112304002765,SGI,39,58,10,614.00,"6,140.00"
2020-11-23,2020112304002764,SGI,45,44,10,615.00,"6,150.00"
2020-11-23,2020112304002763,SGI,39,57,10,614.00,"6,140.00"
2020-11-23,2020112304002762,SGI,39,51,10,614.00,"6,140.00"
2020-11-23,2020112304002276,SGI,49,57,10,611.00,"6,110.00"
2020-11-23,2020112304002274,SGI,49,44,10,611.00,"6,110.00"
2020-11-23,2020112304002286,SGI,17,58,10,612.00,"6,120.00"
2020-11-23,2020112304002285,SGI,17,35,300,612.00,"183,600.00"
2020-11-23,2020112304002284,SGI,17,47,10,610.00,"6,100.00"
2020-11-23,2020112304002283,SGI,56,36,10,608.00,"6,080.00"
2020-11-23,2020112304002280,SGI,28,21,10,607.00,"6,070.00"
2020-11-23,2020112304002278,SGI,49,52,10,611.00,"6,110.00"
2020-11-23,2020112304002292,SGI,17,35,10,612.00,"6,120.00"
2020-11-23,2020112304002291,SGI,17,45,10,612.00,"6,120.00"
2020-11-23,2020112304002290,SGI,17,28,10,612.00,"6,120.00"
2020-11-23,2020112304002289,SGI,17,58,10,612.00,"6,120.00"
2020-11-23,2020112304002288,SGI,17,58,10,612.00,"6,120.00"
2020-11-23,2020112304002287,SGI,17,16,10,612.00,"6,120.00"
2020-11-23,2020112304002298,SGI,17,25,10,613.00,"6,130.00"
2020-11-23,2020112304002297,SGI,17,16,10,613.00,"6,130.00"
2020-11-23,2020112304002296,SGI,17,58,10,612.00,"6,120.00"
2020-11-23,2020112304002295,SGI,17,54,10,612.00,"6,120.00"
2020-11-23,2020112304002294,SGI,17,17,10,612.00,"6,120.00"
2020-11-23,2020112304002293,SGI,17,42,10,612.00,"6,120.00"
2020-11-23,2020112304002304,SGI,17,19,10,614.00,"6,140.00"
2020-11-23,2020112304002303,SGI,17,58,10,614.00,"6,140.00"
2020-11-23,2020112304002302,SGI,17,17,10,614.00,"6,140.00"
2020-11-23,2020112304002301,SGI,17,58,10,613.00,"6,130.00"
2020-11-23,2020112304002300,SGI,17,21,10,613.00,"6,130.00"
2020-11-23,2020112304002299,SGI,17,44,10,613.00,"6,130.00"
2020-11-23,2020112304002314,SGI,49,42,10,614.00,"6,140.00"
2020-11-23,2020112304002313,SGI,49,34,10,614.00,"6,140.00"
2020-11-23,2020112304002312,SGI,49,47,10,614.00,"6,140.00"
2020-11-23,2020112304002311,SGI,49,40,10,614.00,"6,140.00"
2020-11-23,2020112304002310,SGI,49,38,10,613.00,"6,130.00"
2020-11-23,2020112304002305,SGI,56,44,10,608.00,"6,080.00"
2020-11-23,2020112304002325,SGI,56,32,10,608.00,"6,080.00"
2020-11-23,2020112304002323,SGI,56,54,10,608.00,"6,080.00"
2020-11-23,2020112304002321,SGI,56,36,10,608.00,"6,080.00"
2020-11-23,2020112304002319,SGI,56,32,10,608.00,"6,080.00"
2020-11-23,2020112304002317,SGI,56,32,10,608.00,"6,080.00"
2020-11-23,2020112304002315,SGI,49,42,10,614.00,"6,140.00"
2020-11-23,2020112304002332,SGI,49,34,10,614.00,"6,140.00"
2020-11-23,2020112304002331,SGI,49,36,10,613.00,"6,130.00"
2020-11-23,2020112304002330,SGI,49,38,10,613.00,"6,130.00"
2020-11-23,2020112304002329,SGI,49,54,10,612.00,"6,120.00"
2020-11-23,2020112304002328,SGI,49,48,10,610.00,"6,100.00"
2020-11-23,2020112304002327,SGI,56,54,10,608.00,"6,080.00"
2020-11-23,2020112304002345,SGI,49,58,10,615.00,"6,150.00"
2020-11-23,2020112304002344,SGI,49,21,10,610.00,"6,100.00"
2020-11-23,2020112304002339,SGI,56,32,10,608.00,"6,080.00"
2020-11-23,2020112304002337,SGI,56,54,10,608.00,"6,080.00"
2020-11-23,2020112304002335,SGI,56,32,10,608.00,"6,080.00"
2020-11-23,2020112304002334,SGI,56,38,10,608.00,"6,080.00"
2020-11-23,2020112304002356,SGI,40,32,10,615.00,"6,150.00"
2020-11-23,2020112304002355,SGI,40,32,10,615.00,"6,150.00"
2020-11-23,2020112304002353,SGI,19,39,10,609.00,"6,090.00"
2020-11-23,2020112304002351,SGI,19,36,10,609.00,"6,090.00"
2020-11-23,2020112304002348,SGI,19,42,10,609.00,"6,090.00"
2020-11-23,2020112304002347,SGI,19,6,10,609.00,"6,090.00"
2020-11-23,2020112304002362,SGI,40,38,10,615.00,"6,150.00"
2020-11-23,2020112304002361,SGI,40,41,10,615.00,"6,150.00"
2020-11-23,2020112304002360,SGI,40,48,10,615.00,"6,150.00"
2020-11-23,2020112304002359,SGI,40,6,10,615.00,"6,150.00"
2020-11-23,2020112304002358,SGI,40,21,10,615.00,"6,150.00"
2020-11-23,2020112304002357,SGI,40,38,10,615.00,"6,150.00"
2020-11-23,2020112304002368,SGI,40,21,10,615.00,"6,150.00"
2020-11-23,2020112304002367,SGI,40,58,10,615.00,"6,150.00"
2020-11-23,2020112304002366,SGI,40,54,70,615.00,"43,050.00"
2020-11-23,2020112304002365,SGI,40,21,30,615.00,"18,450.00"
2020-11-23,2020112304002364,SGI,40,36,10,615.00,"6,150.00"
2020-11-23,2020112304002363,SGI,40,34,150,615.00,"92,250.00"
2020-11-23,2020112304002385,SGI,40,44,10,610.00,"6,100.00"
2020-11-23,2020112304002381,SGI,40,6,10,610.00,"6,100.00"
2020-11-23,2020112304002380,SGI,40,41,10,610.00,"6,100.00"
2020-11-23,2020112304002378,SGI,40,52,10,610.00,"6,100.00"
2020-11-23,2020112304002375,SGI,49,42,10,615.00,"6,150.00"
2020-11-23,2020112304002369,SGI,40,32,10,615.00,"6,150.00"
2020-11-23,2020112304002402,SGI,56,57,10,610.00,"6,100.00"
2020-11-23,2020112304002399,SGI,56,14,10,610.00,"6,100.00"
2020-11-23,2020112304002396,SGI,56,33,10,610.00,"6,100.00"
2020-11-23,2020112304002389,SGI,40,52,70,616.00,"43,120.00"
2020-11-23,2020112304002388,SGI,40,1,10,616.00,"6,160.00"
2020-11-23,2020112304002387,SGI,40,42,10,615.00,"6,150.00"
2020-11-23,2020112304002416,SGI,56,38,10,610.00,"6,100.00"
2020-11-23,2020112304002412,SGI,56,38,10,610.00,"6,100.00"
2020-11-23,2020112304002411,SGI,49,46,10,614.00,"6,140.00"
2020-11-23,2020112304002410,SGI,49,58,10,611.00,"6,110.00"
2020-11-23,2020112304002405,SGI,56,38,10,610.00,"6,100.00"
2020-11-23,2020112304002404,SGI,56,57,10,610.00,"6,100.00"
2020-11-23,2020112304002425,SGI,56,38,10,610.00,"6,100.00"
2020-11-23,2020112304002423,SGI,56,57,10,610.00,"6,100.00"
2020-11-23,2020112304002422,SGI,49,35,10,616.00,"6,160.00"
2020-11-23,2020112304002421,SGI,49,49,10,615.00,"6,150.00"
2020-11-23,2020112304002419,SGI,56,55,10,610.00,"6,100.00"
2020-11-23,2020112304002418,SGI,56,57,10,610.00,"6,100.00"
2020-11-23,2020112304002438,SGI,56,38,10,610.00,"6,100.00"
2020-11-23,2020112304002432,SGI,56,6,10,610.00,"6,100.00"
2020-11-23,2020112304002431,SGI,56,58,10,610.00,"6,100.00"
2020-11-23,2020112304002429,SGI,5,42,10,616.00,"6,160.00"
2020-11-23,2020112304002428,SGI,5,55,10,616.00,"6,160.00"
2020-11-23,2020112304002426,SGI,56,17,10,610.00,"6,100.00"
2020-11-23,2020112304002458,SGI,48,57,10,611.00,"6,110.00"
2020-11-23,2020112304002454,SGI,48,14,10,611.00,"6,110.00"
2020-11-23,2020112304002452,SGI,49,59,10,615.00,"6,150.00"
2020-11-23,2020112304002447,SGI,48,44,10,611.00,"6,110.00"
2020-11-23,2020112304002446,SGI,48,57,10,611.00,"6,110.00"
2020-11-23,2020112304002444,SGI,48,58,10,611.00,"6,110.00"
2020-11-23,2020112304002468,SGI,40,57,10,616.00,"6,160.00"
2020-11-23,2020112304002466,SGI,48,52,10,611.00,"6,110.00"
2020-11-23,2020112304002464,SGI,48,38,10,611.00,"6,110.00"
2020-11-23,2020112304002462,SGI,48,58,10,611.00,"6,110.00"
2020-11-23,2020112304002461,SGI,40,53,10,612.00,"6,120.00"
2020-11-23,2020112304002460,SGI,48,55,10,611.00,"6,110.00"
2020-11-23,2020112304002481,SGI,48,56,10,611.00,"6,110.00"
2020-11-23,2020112304002480,SGI,48,57,10,611.00,"6,110.00"
2020-11-23,2020112304002478,SGI,40,21,10,615.00,"6,150.00"
2020-11-23,2020112304002472,SGI,48,28,10,611.00,"6,110.00"
2020-11-23,2020112304002470,SGI,40,58,10,616.00,"6,160.00"
2020-11-23,2020112304002469,SGI,40,42,10,616.00,"6,160.00"
2020-11-23,2020112304002493,SGI,40,56,10,615.00,"6,150.00"
2020-11-23,2020112304002490,SGI,48,37,10,611.00,"6,110.00"
2020-11-23,2020112304002487,SGI,48,56,10,611.00,"6,110.00"
2020-11-23,2020112304002486,SGI,48,57,10,611.00,"6,110.00"
2020-11-23,2020112304002484,SGI,48,57,10,611.00,"6,110.00"
2020-11-23,2020112304002482,SGI,48,44,10,611.00,"6,110.00"
2020-11-23,2020112304002525,SGI,48,35,10,611.00,"6,110.00"
2020-11-23,2020112304002524,SGI,48,36,10,611.00,"6,110.00"
2020-11-23,2020112304002522,SGI,48,38,10,611.00,"6,110.00"
2020-11-23,2020112304002521,SGI,48,37,10,611.00,"6,110.00"
2020-11-23,2020112304002519,SGI,48,38,10,611.00,"6,110.00"
2020-11-23,2020112304002518,SGI,48,14,10,611.00,"6,110.00"
2020-11-23,2020112304002540,SGI,56,45,10,612.00,"6,120.00"
2020-11-23,2020112304002536,SGI,56,33,10,612.00,"6,120.00"
2020-11-23,2020112304002533,SGI,40,46,10,616.00,"6,160.00"
2020-11-23,2020112304002532,SGI,56,18,10,612.00,"6,120.00"
2020-11-23,2020112304002527,SGI,56,58,10,612.00,"6,120.00"
2020-11-23,2020112304002526,SGI,48,38,10,611.00,"6,110.00"
2020-11-23,2020112304002560,SGI,38,36,10,613.00,"6,130.00"
2020-11-23,2020112304002555,SGI,38,47,10,613.00,"6,130.00"
2020-11-23,2020112304002554,SGI,38,17,10,613.00,"6,130.00"
2020-11-23,2020112304002552,SGI,38,58,10,613.00,"6,130.00"
2020-11-23,2020112304002551,SGI,40,48,10,616.00,"6,160.00"
2020-11-23,2020112304002542,SGI,56,28,10,612.00,"6,120.00"
2020-11-23,2020112304002595,SGI,56,54,10,614.00,"6,140.00"
2020-11-23,2020112304002594,SGI,56,4,10,614.00,"6,140.00"
2020-11-23,2020112304002590,SGI,56,6,10,614.00,"6,140.00"
2020-11-23,2020112304002578,SGI,56,4,10,614.00,"6,140.00"
2020-11-23,2020112304002572,SGI,38,49,10,613.00,"6,130.00"
2020-11-23,2020112304002568,SGI,38,18,10,613.00,"6,130.00"
2020-11-23,2020112304002603,SGI,56,47,10,614.00,"6,140.00"
2020-11-23,2020112304002602,SGI,56,36,10,614.00,"6,140.00"
2020-11-23,2020112304002600,SGI,56,21,10,614.00,"6,140.00"
2020-11-23,2020112304002599,SGI,56,18,10,614.00,"6,140.00"
2020-11-23,2020112304002597,SGI,56,57,10,614.00,"6,140.00"
2020-11-23,2020112304002596,SGI,56,49,10,614.00,"6,140.00"
2020-11-23,2020112304002611,SGI,56,32,10,614.00,"6,140.00"
2020-11-23,2020112304002610,SGI,56,58,10,614.00,"6,140.00"
2020-11-23,2020112304002609,SGI,56,36,10,614.00,"6,140.00"
2020-11-23,2020112304002608,SGI,56,57,10,614.00,"6,140.00"
2020-11-23,2020112304002607,SGI,56,47,10,614.00,"6,140.00"
2020-11-23,2020112304002606,SGI,56,36,10,614.00,"6,140.00"
2020-11-23,2020112304002619,SGI,11,48,10,614.00,"6,140.00"
2020-11-23,2020112304002618,SGI,11,58,10,614.00,"6,140.00"
2020-11-23,2020112304002617,SGI,11,45,10,614.00,"6,140.00"
2020-11-23,2020112304002616,SGI,11,38,10,614.00,"6,140.00"
2020-11-23,2020112304002615,SGI,56,25,10,614.00,"6,140.00"
2020-11-23,2020112304002614,SGI,56,44,10,614.00,"6,140.00"
2020-11-23,2020112304002627,SGI,26,41,10,615.00,"6,150.00"
2020-11-23,2020112304002626,SGI,26,42,10,615.00,"6,150.00"
2020-11-23,2020112304002623,SGI,26,6,10,615.00,"6,150.00"
2020-11-23,2020112304002622,SGI,26,35,10,615.00,"6,150.00"
2020-11-23,2020112304002621,SGI,11,41,10,614.00,"6,140.00"
2020-11-23,2020112304002620,SGI,11,48,10,614.00,"6,140.00"
2020-11-23,2020112304002643,SGI,19,4,10,617.00,"6,170.00"
2020-11-23,2020112304002642,SGI,19,59,10,617.00,"6,170.00"
2020-11-23,2020112304002641,SGI,19,38,10,617.00,"6,170.00"
2020-11-23,2020112304002640,SGI,19,52,10,617.00,"6,170.00"
2020-11-23,2020112304002639,SGI,19,49,10,617.00,"6,170.00"
2020-11-23,2020112304002628,SGI,26,3,10,615.00,"6,150.00"
2020-11-23,2020112304002652,SGI,19,56,10,618.00,"6,180.00"
2020-11-23,2020112304002650,SGI,26,38,10,615.00,"6,150.00"
2020-11-23,2020112304002649,SGI,26,48,10,615.00,"6,150.00"
2020-11-23,2020112304002646,SGI,26,44,10,615.00,"6,150.00"
2020-11-23,2020112304002645,SGI,26,42,10,615.00,"6,150.00"
2020-11-23,2020112304002644,SGI,19,48,10,617.00,"6,170.00"
2020-11-23,2020112304002663,SGI,40,37,10,615.00,"6,150.00"
2020-11-23,2020112304002661,SGI,26,39,100,615.00,"61,500.00"
2020-11-23,2020112304002660,SGI,26,38,10,615.00,"6,150.00"
2020-11-23,2020112304002656,SGI,19,41,10,618.00,"6,180.00"
2020-11-23,2020112304002654,SGI,19,14,10,618.00,"6,180.00"
2020-11-23,2020112304002653,SGI,19,4,10,618.00,"6,180.00"
2020-11-23,2020112304002680,SGI,34,28,10,615.00,"6,150.00"
2020-11-23,2020112304002679,SGI,34,37,10,615.00,"6,150.00"
2020-11-23,2020112304002678,SGI,34,57,10,615.00,"6,150.00"
2020-11-23,2020112304002674,SGI,34,38,10,615.00,"6,150.00"
2020-11-23,2020112304002673,SGI,34,6,10,615.00,"6,150.00"
2020-11-23,2020112304002672,SGI,40,34,10,615.00,"6,150.00"
2020-11-23,2020112304002690,SGI,11,21,10,614.00,"6,140.00"
2020-11-23,2020112304002686,SGI,34,55,10,615.00,"6,150.00"
2020-11-23,2020112304002685,SGI,34,28,10,615.00,"6,150.00"
2020-11-23,2020112304002684,SGI,34,28,10,615.00,"6,150.00"
2020-11-23,2020112304002683,SGI,34,38,10,615.00,"6,150.00"
2020-11-23,2020112304002681,SGI,34,58,10,615.00,"6,150.00"
2020-11-23,2020112304002703,SGI,11,18,10,614.00,"6,140.00"
2020-11-23,2020112304002699,SGI,11,56,10,614.00,"6,140.00"
2020-11-23,2020112304002695,SGI,11,1,10,614.00,"6,140.00"
2020-11-23,2020112304002694,SGI,11,57,10,614.00,"6,140.00"
2020-11-23,2020112304002693,SGI,11,5,10,614.00,"6,140.00"
2020-11-23,2020112304002692,SGI,11,34,10,614.00,"6,140.00"
2020-11-23,2020112304002711,SGI,11,18,10,614.00,"6,140.00"
2020-11-23,2020112304002710,SGI,11,38,10,614.00,"6,140.00"
2020-11-23,2020112304002709,SGI,11,38,10,614.00,"6,140.00"
2020-11-23,2020112304002708,SGI,19,28,10,615.00,"6,150.00"
2020-11-23,2020112304002707,SGI,19,45,10,615.00,"6,150.00"
2020-11-23,2020112304002705,SGI,11,29,10,614.00,"6,140.00"
2020-11-23,2020112304002735,SGI,38,25,10,613.00,"6,130.00"
2020-11-23,2020112304002730,SGI,38,6,10,613.00,"6,130.00"
2020-11-23,2020112304002729,SGI,38,41,10,613.00,"6,130.00"
2020-11-23,2020112304002726,SGI,11,41,10,614.00,"6,140.00"
2020-11-23,2020112304002721,SGI,11,58,10,614.00,"6,140.00"
2020-11-23,2020112304002718,SGI,11,38,10,614.00,"6,140.00"
2020-11-23,2020112304002742,SGI,40,36,10,614.00,"6,140.00"
2020-11-23,2020112304002741,SGI,40,1,10,614.00,"6,140.00"
2020-11-23,2020112304002740,SGI,22,55,10,613.00,"6,130.00"
2020-11-23,2020112304002739,SGI,22,34,10,613.00,"6,130.00"
2020-11-23,2020112304002738,SGI,22,34,10,613.00,"6,130.00"
2020-11-23,2020112304002737,SGI,38,25,10,613.00,"6,130.00"
2020-11-23,2020112304002751,SGI,39,37,10,614.00,"6,140.00"
2020-11-23,2020112304002750,SGI,22,46,10,613.00,"6,130.00"
2020-11-23,2020112304002749,SGI,22,54,10,613.00,"6,130.00"
2020-11-23,2020112304002748,SGI,22,58,10,613.00,"6,130.00"
2020-11-23,2020112304002744,SGI,22,56,10,613.00,"6,130.00"
2020-11-23,2020112304002743,SGI,40,52,10,614.00,"6,140.00"
2020-11-23,2020112304002761,SGI,39,4,10,614.00,"6,140.00"
2020-11-23,2020112304002760,SGI,45,7,10,615.00,"6,150.00"
2020-11-23,2020112304002759,SGI,39,18,10,614.00,"6,140.00"
2020-11-23,2020112304002757,SGI,39,44,10,614.00,"6,140.00"
2020-11-23,2020112304002755,SGI,39,58,10,614.00,"6,140.00"
2020-11-23,2020112304002753,SGI,39,42,10,614.00,"6,140.00"
2020-11-23,2020112304002494,STC,57,38,10,"7,252.00","72,520.00"
2020-11-23,2020112304002443,STC,7,59,10,"7,400.00","74,000.00"
2020-11-23,2020112304002437,STC,7,28,10,"7,399.00","73,990.00"
2020-11-23,2020112304002413,STC,59,47,10,"7,298.00","72,980.00"
2020-11-23,2020112304002407,STC,41,32,10,"7,298.00","72,980.00"
2020-11-23,2020112304002406,STC,41,28,10,"7,297.00","72,970.00"
2020-11-23,2020112304002397,STC,59,1,10,"7,155.00","71,550.00"
2020-11-23,2020112304002346,STC,7,38,10,"7,015.00","70,150.00"
2020-11-23,2020112304002277,STC,59,34,70,"6,937.00","485,590.00"
2020-11-23,2020112304001810,BBC,57,48,10,"3,482.00","34,820.00"
2020-11-23,2020112304002034,CMF1,43,59,"40,000",10.05,"402,000.00"
2020-11-23,2020112304002030,CMF1,43,59,250,10.25,"2,562.50"
2020-11-23,2020112304002029,CMF1,21,59,300,10.30,"3,090.00"
2020-11-23,2020112304001933,CMF1,21,7,200,10.30,"2,060.00"
2020-11-23,2020112304001923,CMF1,21,45,500,10.30,"5,150.00"
2020-11-23,2020112304002270,GIC,25,29,10,543.00,"5,430.00"
2020-11-23,2020112304002269,GIC,29,44,10,543.00,"5,430.00"
2020-11-23,2020112304002268,GIC,29,7,10,543.00,"5,430.00"
2020-11-23,2020112304002267,GIC,29,44,10,543.00,"5,430.00"
2020-11-23,2020112304002264,GIC,29,29,10,543.00,"5,430.00"
2020-11-23,2020112304002263,GIC,29,7,10,543.00,"5,430.00"
2020-11-23,2020112304001782,GIC,39,7,10,540.00,"5,400.00"
2020-11-23,2020112304001780,GIC,39,47,10,540.00,"5,400.00"
2020-11-23,2020112304001776,GIC,39,1,10,540.00,"5,400.00"
2020-11-23,2020112304001795,GIC,39,59,10,540.00,"5,400.00"
2020-11-23,2020112304001790,GIC,39,33,10,540.00,"5,400.00"
2020-11-23,2020112304001788,GIC,39,1,10,540.00,"5,400.00"
2020-11-23,2020112304001787,GIC,39,42,10,540.00,"5,400.00"
2020-11-23,2020112304001785,GIC,39,20,10,540.00,"5,400.00"
2020-11-23,2020112304001783,GIC,39,21,10,540.00,"5,400.00"
2020-11-23,2020112304001821,GIC,49,44,10,541.00,"5,410.00"
2020-11-23,2020112304001820,GIC,49,14,10,541.00,"5,410.00"
2020-11-23,2020112304001814,GIC,3,3,10,540.00,"5,400.00"
2020-11-23,2020112304001804,GIC,21,3,10,540.00,"5,400.00"
2020-11-23,2020112304001798,GIC,34,59,10,539.00,"5,390.00"
2020-11-23,2020112304001797,GIC,39,1,10,540.00,"5,400.00"
2020-11-23,2020112304001828,GIC,49,45,30,543.00,"16,290.00"
2020-11-23,2020112304001826,GIC,49,36,10,543.00,"5,430.00"
2020-11-23,2020112304001825,GIC,49,57,10,542.00,"5,420.00"
2020-11-23,2020112304001824,GIC,49,17,10,542.00,"5,420.00"
2020-11-23,2020112304001823,GIC,49,3,10,541.00,"5,410.00"
2020-11-23,2020112304001822,GIC,49,36,10,541.00,"5,410.00"
2020-11-23,2020112304001838,GIC,49,1,10,543.00,"5,430.00"
2020-11-23,2020112304001835,GIC,49,52,10,543.00,"5,430.00"
2020-11-23,2020112304001834,GIC,49,28,10,544.00,"5,440.00"
2020-11-23,2020112304001833,GIC,49,8,10,544.00,"5,440.00"
2020-11-23,2020112304001832,GIC,49,3,10,544.00,"5,440.00"
2020-11-23,2020112304001831,GIC,49,58,10,544.00,"5,440.00"
2020-11-23,2020112304001870,GIC,49,16,10,543.00,"5,430.00"
2020-11-23,2020112304001866,GIC,49,42,10,543.00,"5,430.00"
2020-11-23,2020112304001862,GIC,49,58,10,543.00,"5,430.00"
2020-11-23,2020112304001860,GIC,49,58,10,543.00,"5,430.00"
2020-11-23,2020112304001858,GIC,49,34,40,543.00,"21,720.00"
2020-11-23,2020112304001857,GIC,49,34,60,543.00,"32,580.00"
2020-11-23,2020112304001898,GIC,49,3,10,543.00,"5,430.00"
2020-11-23,2020112304001896,GIC,49,57,10,543.00,"5,430.00"
2020-11-23,2020112304001895,GIC,49,37,10,543.00,"5,430.00"
2020-11-23,2020112304001882,GIC,49,7,10,543.00,"5,430.00"
2020-11-23,2020112304001875,GIC,49,43,10,543.00,"5,430.00"
2020-11-23,2020112304001872,GIC,49,21,10,543.00,"5,430.00"
2020-11-23,2020112304001913,GIC,49,37,10,543.00,"5,430.00"
2020-11-23,2020112304001912,GIC,49,34,10,543.00,"5,430.00"
2020-11-23,2020112304001909,GIC,49,34,10,543.00,"5,430.00"
2020-11-23,2020112304001903,GIC,49,56,10,543.00,"5,430.00"
2020-11-23,2020112304001902,GIC,49,37,10,543.00,"5,430.00"
2020-11-23,2020112304001899,GIC,49,11,10,543.00,"5,430.00"
2020-11-23,2020112304001932,GIC,49,57,10,543.00,"5,430.00"
2020-11-23,2020112304001927,GIC,49,3,10,543.00,"5,430.00"
2020-11-23,2020112304001926,GIC,49,7,10,543.00,"5,430.00"
2020-11-23,2020112304001921,GIC,49,49,10,543.00,"5,430.00"
2020-11-23,2020112304001915,GIC,49,50,10,543.00,"5,430.00"
2020-11-23,2020112304001914,GIC,49,7,10,543.00,"5,430.00"
2020-11-23,2020112304001949,GIC,49,7,10,543.00,"5,430.00"
2020-11-23,2020112304001947,GIC,49,6,10,543.00,"5,430.00"
2020-11-23,2020112304001943,GIC,49,7,10,543.00,"5,430.00"
2020-11-23,2020112304001939,GIC,49,42,10,543.00,"5,430.00"
2020-11-23,2020112304001938,GIC,49,7,10,543.00,"5,430.00"
2020-11-23,2020112304001935,GIC,49,7,10,543.00,"5,430.00"
2020-11-23,2020112304001966,GIC,36,47,10,542.00,"5,420.00"
2020-11-23,2020112304001962,GIC,49,42,150,543.00,"81,450.00"
2020-11-23,2020112304001961,GIC,47,42,200,544.00,"108,800.00"
2020-11-23,2020112304001960,GIC,49,37,10,543.00,"5,430.00"
2020-11-23,2020112304001954,GIC,49,7,10,543.00,"5,430.00"
2020-11-23,2020112304001953,GIC,49,49,10,543.00,"5,430.00"
2020-11-23,2020112304001980,GIC,39,47,10,540.00,"5,400.00"
2020-11-23,2020112304001978,GIC,39,7,10,540.00,"5,400.00"
2020-11-23,2020112304001976,GIC,36,47,10,542.00,"5,420.00"
2020-11-23,2020112304001975,GIC,36,41,10,542.00,"5,420.00"
2020-11-23,2020112304001973,GIC,36,7,10,542.00,"5,420.00"
2020-11-23,2020112304001972,GIC,36,3,10,542.00,"5,420.00"
2020-11-23,2020112304002002,GIC,49,11,10,541.00,"5,410.00"
2020-11-23,2020112304001999,GIC,49,34,10,541.00,"5,410.00"
2020-11-23,2020112304001998,GIC,49,42,10,541.00,"5,410.00"
2020-11-23,2020112304001992,GIC,39,45,10,540.00,"5,400.00"
2020-11-23,2020112304001983,GIC,39,18,10,540.00,"5,400.00"
2020-11-23,2020112304001982,GIC,39,7,10,540.00,"5,400.00"
2020-11-23,2020112304002022,GIC,50,36,10,542.00,"5,420.00"
2020-11-23,2020112304002021,GIC,50,42,10,542.00,"5,420.00"
2020-11-23,2020112304002020,GIC,50,42,10,542.00,"5,420.00"
2020-11-23,2020112304002016,GIC,50,1,10,542.00,"5,420.00"
2020-11-23,2020112304002011,GIC,49,57,10,541.00,"5,410.00"
2020-11-23,2020112304002010,GIC,49,44,10,541.00,"5,410.00"
2020-11-23,2020112304002036,GIC,50,58,10,542.00,"5,420.00"
2020-11-23,2020112304002032,GIC,50,57,10,542.00,"5,420.00"
2020-11-23,2020112304002027,GIC,50,7,10,542.00,"5,420.00"
2020-11-23,2020112304002026,GIC,48,42,10,543.00,"5,430.00"
2020-11-23,2020112304002025,GIC,50,57,10,542.00,"5,420.00"
2020-11-23,2020112304002024,GIC,50,18,10,542.00,"5,420.00"
2020-11-23,2020112304002060,GIC,44,42,50,543.00,"27,150.00"
2020-11-23,2020112304002052,GIC,50,57,10,542.00,"5,420.00"
2020-11-23,2020112304002045,GIC,50,7,10,542.00,"5,420.00"
2020-11-23,2020112304002042,GIC,50,7,10,542.00,"5,420.00"
2020-11-23,2020112304002038,GIC,50,42,10,542.00,"5,420.00"
2020-11-23,2020112304002037,GIC,50,7,10,542.00,"5,420.00"
2020-11-23,2020112304002092,GIC,50,42,350,543.00,"190,050.00"
2020-11-23,2020112304002091,GIC,49,7,10,541.00,"5,410.00"
2020-11-23,2020112304002090,GIC,49,3,10,541.00,"5,410.00"
2020-11-23,2020112304002089,GIC,49,42,10,541.00,"5,410.00"
2020-11-23,2020112304002083,GIC,49,38,10,541.00,"5,410.00"
2020-11-23,2020112304002069,GIC,50,21,10,542.00,"5,420.00"
2020-11-23,2020112304002115,GIC,49,7,10,541.00,"5,410.00"
2020-11-23,2020112304002113,GIC,49,41,10,541.00,"5,410.00"
2020-11-23,2020112304002103,GIC,49,37,10,541.00,"5,410.00"
2020-11-23,2020112304002102,GIC,49,7,10,541.00,"5,410.00"
2020-11-23,2020112304002098,GIC,49,58,10,541.00,"5,410.00"
2020-11-23,2020112304002094,GIC,49,7,10,541.00,"5,410.00"
2020-11-23,2020112304002121,GIC,25,42,10,543.00,"5,430.00"
2020-11-23,2020112304002120,GIC,25,42,10,543.00,"5,430.00"
2020-11-23,2020112304002119,GIC,25,7,10,543.00,"5,430.00"
2020-11-23,2020112304002118,GIC,25,42,240,543.00,"130,320.00"
2020-11-23,2020112304002117,GIC,49,58,10,541.00,"5,410.00"
2020-11-23,2020112304002116,GIC,49,7,10,541.00,"5,410.00"
2020-11-23,2020112304002132,GIC,49,40,10,544.00,"5,440.00"
2020-11-23,2020112304002131,GIC,49,55,10,541.00,"5,410.00"
2020-11-23,2020112304002130,GIC,49,7,10,541.00,"5,410.00"
2020-11-23,2020112304002128,GIC,49,33,10,541.00,"5,410.00"
2020-11-23,2020112304002126,GIC,49,58,10,541.00,"5,410.00"
2020-11-23,2020112304002125,GIC,49,7,10,541.00,"5,410.00"
2020-11-23,2020112304002148,GIC,25,26,10,543.00,"5,430.00"
2020-11-23,2020112304002146,GIC,25,7,10,543.00,"5,430.00"
2020-11-23,2020112304002142,GIC,25,7,10,543.00,"5,430.00"
2020-11-23,2020112304002138,GIC,25,7,10,543.00,"5,430.00"
2020-11-23,2020112304002136,GIC,25,14,10,543.00,"5,430.00"
2020-11-23,2020112304002133,GIC,49,21,10,544.00,"5,440.00"
2020-11-23,2020112304002198,GIC,25,7,10,543.00,"5,430.00"
2020-11-23,2020112304002196,GIC,25,26,10,543.00,"5,430.00"
2020-11-23,2020112304002192,GIC,25,57,10,543.00,"5,430.00"
2020-11-23,2020112304002188,GIC,25,49,10,543.00,"5,430.00"
2020-11-23,2020112304002160,GIC,25,22,10,543.00,"5,430.00"
2020-11-23,2020112304002154,GIC,25,57,10,543.00,"5,430.00"
2020-11-23,2020112304002212,GIC,25,7,10,543.00,"5,430.00"
2020-11-23,2020112304002208,GIC,25,7,10,543.00,"5,430.00"
2020-11-23,2020112304002207,GIC,25,33,10,543.00,"5,430.00"
2020-11-23,2020112304002203,GIC,25,7,10,543.00,"5,430.00"
2020-11-23,2020112304002202,GIC,25,7,10,543.00,"5,430.00"
2020-11-23,2020112304002200,GIC,25,57,10,543.00,"5,430.00"
2020-11-23,2020112304002239,GIC,25,7,10,543.00,"5,430.00"
2020-11-23,2020112304002237,GIC,25,46,10,543.00,"5,430.00"
2020-11-23,2020112304002235,GIC,25,7,10,543.00,"5,430.00"
2020-11-23,2020112304002223,GIC,25,7,10,543.00,"5,430.00"
2020-11-23,2020112304002218,GIC,25,7,10,543.00,"5,430.00"
2020-11-23,2020112304002214,GIC,25,18,10,543.00,"5,430.00"
2020-11-23,2020112304002262,GIC,29,17,10,543.00,"5,430.00"
2020-11-23,2020112304002260,GIC,29,44,10,543.00,"5,430.00"
2020-11-23,2020112304002255,GIC,29,44,10,543.00,"5,430.00"
2020-11-23,2020112304002247,GIC,49,44,10,542.00,"5,420.00"
2020-11-23,2020112304002243,GIC,49,7,10,542.00,"5,420.00"
2020-11-23,2020112304002241,GIC,49,16,10,542.00,"5,420.00"
2020-11-23,2020112304002254,GIMES1,17,49,"80,000",10.99,"879,200.00"
2020-11-23,2020112304002252,GIMES1,26,49,"10,000",10.99,"109,900.00"
2020-11-23,2020112304002129,GIMES1,26,49,"10,000",10.99,"109,900.00"
2020-11-23,2020112304001886,GIMES1,56,49,"10,000",10.95,"109,500.00"
2020-11-23,2020112304001885,GIMES1,6,49,"10,000",10.95,"109,500.00"
2020-11-23,2020112304001904,LEMF,34,45,600,9.87,"5,922.00"
2020-11-23,2020112304001873,LEMF,51,45,"14,500",9.88,"143,260.00"
2020-11-23,2020112304002135,LUK,22,50,100,9.61,961.00
2020-11-23,2020112304001884,LUK,22,42,500,9.61,"4,805.00"
2020-11-23,2020112304002070,NBF2,58,58,100,9.85,985.00
2020-11-23,2020112304002001,NBF2,58,46,500,9.86,"4,930.00"
