Date,Transact. No.,Symbol,Buyer,Seller,Quantity,Rate,Amount
2020-12-31,2020123104002217,BBC,43,41,50,"2,670.00","133,500.00"
2020-12-31,2020123104002169,BBC,52,44,10,"2,678.00","26,780.00"
2020-12-31,2020123104002151,BBC,57,20,10,"2,680.00","26,800.00"
2020-12-31,2020123104002045,BBC,49,20,10,"2,700.00","27,000.00"
2020-12-31,2020123104001970,BBC,42,50,150,"2,728.00","409,200.00"
2020-12-31,2020123104001928,BBC,58,50,10,"2,728.00","27,280.00"
2020-12-31,2020123104002251,CMF1,43,43,100,9.99,999.00
2020-12-31,2020123104001770,CMF1,21,17,500,9.80,"4,900.00"
2020-12-31,2020123104001954,GBD80/81,17,54,25,"1,060.00","26,500.00"
2020-12-31,2020123104002257,GIC,34,38,10,532.00,"5,320.00"
2020-12-31,2020123104002256,GIC,34,38,10,532.00,"5,320.00"
2020-12-31,2020123104002252,GIC,8,38,10,533.00,"5,330.00"
2020-12-31,2020123104002250,GIC,8,38,10,533.00,"5,330.00"
2020-12-31,2020123104002244,GIC,8,58,10,533.00,"5,330.00"
2020-12-31,2020123104002243,GIC,8,38,10,533.00,"5,330.00"
2020-12-31,2020123104001760,GIC,53,38,10,535.00,"5,350.00"
2020-12-31,2020123104001759,GIC,53,38,10,535.00,"5,350.00"
2020-12-31,2020123104001758,GIC,53,38,10,535.00,"5,350.00"
2020-12-31,2020123104001780,GIC,53,57,10,535.00,"5,350.00"
2020-12-31,2020123104001778,GIC,53,57,10,535.00,"5,350.00"
2020-12-31,2020123104001777,GIC,53,42,10,535.00,"5,350.00"
2020-12-31,2020123104001771,GIC,53,57,10,535.00,"5,350.00"
2020-12-31,2020123104001768,GIC,53,59,10,535.00,"5,350.00"
2020-12-31,2020123104001763,GIC,53,16,10,535.00,"5,350.00"
2020-12-31,2020123104001791,GIC,53,57,10,535.00,"5,350.00"
2020-12-31,2020123104001789,GIC,53,39,10,535.00,"5,350.00"
2020-12-31,2020123104001787,GIC,53,57,10,535.00,"5,350.00"
2020-12-31,2020123104001785,GIC,53,57,10,535.00,"5,350.00"
2020-12-31,2020123104001783,GIC,53,58,10,535.00,"5,350.00"
2020-12-31,2020123104001782,GIC,53,41,10,535.00,"5,350.00"
2020-12-31,2020123104001800,GIC,38,57,10,535.00,"5,350.00"
2020-12-31,2020123104001798,GIC,38,57,10,535.00,"5,350.00"
2020-12-31,2020123104001796,GIC,38,34,20,535.00,"10,700.00"
2020-12-31,2020123104001795,GIC,26,34,50,535.00,"26,750.00"
2020-12-31,2020123104001794,GIC,53,34,20,535.00,"10,700.00"
2020-12-31,2020123104001793,GIC,36,34,50,535.00,"26,750.00"
2020-12-31,2020123104001816,GIC,4,50,10,535.00,"5,350.00"
2020-12-31,2020123104001815,GIC,4,57,10,535.00,"5,350.00"
2020-12-31,2020123104001810,GIC,55,22,10,534.00,"5,340.00"
2020-12-31,2020123104001806,GIC,55,49,10,534.00,"5,340.00"
2020-12-31,2020123104001805,GIC,55,39,10,534.00,"5,340.00"
2020-12-31,2020123104001802,GIC,38,57,10,535.00,"5,350.00"
2020-12-31,2020123104001827,GIC,44,45,10,535.00,"5,350.00"
2020-12-31,2020123104001823,GIC,55,45,10,534.00,"5,340.00"
2020-12-31,2020123104001822,GIC,55,5,10,534.00,"5,340.00"
2020-12-31,2020123104001819,GIC,4,4,10,536.00,"5,360.00"
2020-12-31,2020123104001818,GIC,4,57,10,535.00,"5,350.00"
2020-12-31,2020123104001817,GIC,4,57,10,535.00,"5,350.00"
2020-12-31,2020123104001848,GIC,44,43,10,535.00,"5,350.00"
2020-12-31,2020123104001844,GIC,44,57,10,535.00,"5,350.00"
2020-12-31,2020123104001843,GIC,44,5,10,535.00,"5,350.00"
2020-12-31,2020123104001840,GIC,44,57,10,535.00,"5,350.00"
2020-12-31,2020123104001837,GIC,44,39,10,535.00,"5,350.00"
2020-12-31,2020123104001828,GIC,44,58,10,535.00,"5,350.00"
2020-12-31,2020123104001858,GIC,55,45,10,534.00,"5,340.00"
2020-12-31,2020123104001855,GIC,55,43,10,534.00,"5,340.00"
2020-12-31,2020123104001854,GIC,55,21,10,534.00,"5,340.00"
2020-12-31,2020123104001853,GIC,44,6,10,535.00,"5,350.00"
2020-12-31,2020123104001852,GIC,44,57,10,535.00,"5,350.00"
2020-12-31,2020123104001849,GIC,44,48,10,535.00,"5,350.00"
2020-12-31,2020123104001888,GIC,38,57,10,535.00,"5,350.00"
2020-12-31,2020123104001887,GIC,38,57,10,535.00,"5,350.00"
2020-12-31,2020123104001886,GIC,38,45,10,535.00,"5,350.00"
2020-12-31,2020123104001885,GIC,55,1,10,534.00,"5,340.00"
2020-12-31,2020123104001861,GIC,55,49,10,534.00,"5,340.00"
2020-12-31,2020123104001860,GIC,55,1,10,534.00,"5,340.00"
2020-12-31,2020123104001895,GIC,55,38,10,534.00,"5,340.00"
2020-12-31,2020123104001894,GIC,55,38,10,534.00,"5,340.00"
2020-12-31,2020123104001892,GIC,55,38,10,534.00,"5,340.00"
2020-12-31,2020123104001891,GIC,55,38,10,534.00,"5,340.00"
2020-12-31,2020123104001890,GIC,38,56,10,535.00,"5,350.00"
2020-12-31,2020123104001889,GIC,38,57,10,535.00,"5,350.00"
2020-12-31,2020123104001909,GIC,16,58,90,534.00,"48,060.00"
2020-12-31,2020123104001908,GIC,55,58,30,534.00,"16,020.00"
2020-12-31,2020123104001907,GIC,55,58,220,534.00,"117,480.00"
2020-12-31,2020123104001906,GIC,55,1,10,534.00,"5,340.00"
2020-12-31,2020123104001904,GIC,55,3,10,534.00,"5,340.00"
2020-12-31,2020123104001899,GIC,55,58,10,534.00,"5,340.00"
2020-12-31,2020123104001919,GIC,43,36,10,533.00,"5,330.00"
2020-12-31,2020123104001916,GIC,43,57,10,533.00,"5,330.00"
2020-12-31,2020123104001913,GIC,35,58,500,534.00,"267,000.00"
2020-12-31,2020123104001912,GIC,29,58,50,534.00,"26,700.00"
2020-12-31,2020123104001911,GIC,35,58,250,534.00,"133,500.00"
2020-12-31,2020123104001910,GIC,16,58,20,534.00,"10,680.00"
2020-12-31,2020123104001949,GIC,48,58,100,534.00,"53,400.00"
2020-12-31,2020123104001943,GIC,26,28,10,533.00,"5,330.00"
2020-12-31,2020123104001925,GIC,26,35,10,533.00,"5,330.00"
2020-12-31,2020123104001923,GIC,38,58,50,534.00,"26,700.00"
2020-12-31,2020123104001922,GIC,26,5,10,533.00,"5,330.00"
2020-12-31,2020123104001921,GIC,26,16,10,533.00,"5,330.00"
2020-12-31,2020123104001976,GIC,25,28,10,533.00,"5,330.00"
2020-12-31,2020123104001965,GIC,25,49,10,533.00,"5,330.00"
2020-12-31,2020123104001961,GIC,25,44,10,533.00,"5,330.00"
2020-12-31,2020123104001958,GIC,25,42,10,533.00,"5,330.00"
2020-12-31,2020123104001952,GIC,10,38,10,533.00,"5,330.00"
2020-12-31,2020123104001950,GIC,10,17,10,533.00,"5,330.00"
2020-12-31,2020123104001994,GIC,20,21,10,533.00,"5,330.00"
2020-12-31,2020123104001992,GIC,20,29,10,533.00,"5,330.00"
2020-12-31,2020123104001988,GIC,20,35,10,533.00,"5,330.00"
2020-12-31,2020123104001984,GIC,20,38,10,533.00,"5,330.00"
2020-12-31,2020123104001983,GIC,46,29,10,533.00,"5,330.00"
2020-12-31,2020123104001979,GIC,25,22,10,533.00,"5,330.00"
2020-12-31,2020123104002007,GIC,34,3,10,533.00,"5,330.00"
2020-12-31,2020123104002004,GIC,34,38,10,533.00,"5,330.00"
2020-12-31,2020123104002002,GIC,34,43,10,533.00,"5,330.00"
2020-12-31,2020123104002001,GIC,34,35,10,533.00,"5,330.00"
2020-12-31,2020123104001996,GIC,34,6,10,533.00,"5,330.00"
2020-12-31,2020123104001995,GIC,34,11,10,533.00,"5,330.00"
2020-12-31,2020123104002019,GIC,34,16,10,533.00,"5,330.00"
2020-12-31,2020123104002017,GIC,45,58,10,534.00,"5,340.00"
2020-12-31,2020123104002016,GIC,34,41,10,533.00,"5,330.00"
2020-12-31,2020123104002012,GIC,34,43,10,533.00,"5,330.00"
2020-12-31,2020123104002011,GIC,34,21,10,533.00,"5,330.00"
2020-12-31,2020123104002009,GIC,34,43,10,533.00,"5,330.00"
2020-12-31,2020123104002044,GIC,34,17,10,533.00,"5,330.00"
2020-12-31,2020123104002035,GIC,34,45,100,533.00,"53,300.00"
2020-12-31,2020123104002030,GIC,34,38,10,533.00,"5,330.00"
2020-12-31,2020123104002027,GIC,34,42,10,533.00,"5,330.00"
2020-12-31,2020123104002026,GIC,34,38,10,533.00,"5,330.00"
2020-12-31,2020123104002025,GIC,34,38,10,533.00,"5,330.00"
2020-12-31,2020123104002055,GIC,38,38,10,533.00,"5,330.00"
2020-12-31,2020123104002052,GIC,34,59,10,533.00,"5,330.00"
2020-12-31,2020123104002049,GIC,34,38,10,533.00,"5,330.00"
2020-12-31,2020123104002048,GIC,34,45,10,533.00,"5,330.00"
2020-12-31,2020123104002047,GIC,34,14,10,533.00,"5,330.00"
2020-12-31,2020123104002046,GIC,52,58,500,534.00,"267,000.00"
2020-12-31,2020123104002061,GIC,21,45,10,534.00,"5,340.00"
2020-12-31,2020123104002060,GIC,21,6,10,534.00,"5,340.00"
2020-12-31,2020123104002059,GIC,21,41,10,534.00,"5,340.00"
2020-12-31,2020123104002058,GIC,21,58,10,534.00,"5,340.00"
2020-12-31,2020123104002057,GIC,38,59,10,533.00,"5,330.00"
2020-12-31,2020123104002056,GIC,38,21,10,533.00,"5,330.00"
2020-12-31,2020123104002085,GIC,21,51,10,535.00,"5,350.00"
2020-12-31,2020123104002078,GIC,13,51,90,535.00,"48,150.00"
2020-12-31,2020123104002077,GIC,13,40,10,535.00,"5,350.00"
2020-12-31,2020123104002073,GIC,38,19,10,533.00,"5,330.00"
2020-12-31,2020123104002064,GIC,38,57,10,533.00,"5,330.00"
2020-12-31,2020123104002062,GIC,21,42,20,534.00,"10,680.00"
2020-12-31,2020123104002106,GIC,21,56,10,534.00,"5,340.00"
2020-12-31,2020123104002105,GIC,21,38,10,534.00,"5,340.00"
2020-12-31,2020123104002101,GIC,21,38,10,534.00,"5,340.00"
2020-12-31,2020123104002099,GIC,21,10,10,534.00,"5,340.00"
2020-12-31,2020123104002087,GIC,21,42,10,535.00,"5,350.00"
2020-12-31,2020123104002086,GIC,21,41,10,535.00,"5,350.00"
2020-12-31,2020123104002113,GIC,38,48,10,533.00,"5,330.00"
2020-12-31,2020123104002112,GIC,38,17,10,533.00,"5,330.00"
2020-12-31,2020123104002110,GIC,38,38,10,533.00,"5,330.00"
2020-12-31,2020123104002109,GIC,21,22,10,534.00,"5,340.00"
2020-12-31,2020123104002108,GIC,21,38,10,534.00,"5,340.00"
2020-12-31,2020123104002107,GIC,21,10,10,534.00,"5,340.00"
2020-12-31,2020123104002122,GIC,13,35,10,533.00,"5,330.00"
2020-12-31,2020123104002120,GIC,13,38,10,533.00,"5,330.00"
2020-12-31,2020123104002119,GIC,13,38,10,533.00,"5,330.00"
2020-12-31,2020123104002118,GIC,13,56,10,533.00,"5,330.00"
2020-12-31,2020123104002116,GIC,38,38,10,533.00,"5,330.00"
2020-12-31,2020123104002114,GIC,38,38,10,533.00,"5,330.00"
2020-12-31,2020123104002137,GIC,43,38,10,533.00,"5,330.00"
2020-12-31,2020123104002136,GIC,43,38,10,533.00,"5,330.00"
2020-12-31,2020123104002134,GIC,43,38,10,533.00,"5,330.00"
2020-12-31,2020123104002132,GIC,43,38,10,533.00,"5,330.00"
2020-12-31,2020123104002124,GIC,43,39,10,533.00,"5,330.00"
2020-12-31,2020123104002123,GIC,13,38,10,533.00,"5,330.00"
2020-12-31,2020123104002159,GIC,38,48,10,533.00,"5,330.00"
2020-12-31,2020123104002153,GIC,43,16,10,533.00,"5,330.00"
2020-12-31,2020123104002145,GIC,43,38,10,533.00,"5,330.00"
2020-12-31,2020123104002142,GIC,43,18,10,533.00,"5,330.00"
2020-12-31,2020123104002139,GIC,43,38,10,533.00,"5,330.00"
2020-12-31,2020123104002138,GIC,43,16,10,533.00,"5,330.00"
2020-12-31,2020123104002194,GIC,39,17,10,532.00,"5,320.00"
2020-12-31,2020123104002186,GIC,39,38,10,532.00,"5,320.00"
2020-12-31,2020123104002180,GIC,39,17,10,532.00,"5,320.00"
2020-12-31,2020123104002168,GIC,49,13,50,533.00,"26,650.00"
2020-12-31,2020123104002164,GIC,35,13,100,533.00,"53,300.00"
2020-12-31,2020123104002163,GIC,38,13,40,533.00,"21,320.00"
2020-12-31,2020123104002213,GIC,39,38,10,532.00,"5,320.00"
2020-12-31,2020123104002209,GIC,39,38,10,532.00,"5,320.00"
2020-12-31,2020123104002208,GIC,39,38,10,532.00,"5,320.00"
2020-12-31,2020123104002206,GIC,39,43,10,532.00,"5,320.00"
2020-12-31,2020123104002202,GIC,39,38,10,532.00,"5,320.00"
2020-12-31,2020123104002198,GIC,39,48,10,532.00,"5,320.00"
2020-12-31,2020123104002234,GIC,34,48,10,532.00,"5,320.00"
2020-12-31,2020123104002233,GIC,34,26,10,532.00,"5,320.00"
2020-12-31,2020123104002232,GIC,34,58,10,532.00,"5,320.00"
2020-12-31,2020123104002221,GIC,34,48,10,532.00,"5,320.00"
2020-12-31,2020123104002220,GIC,34,38,10,532.00,"5,320.00"
2020-12-31,2020123104002219,GIC,39,41,10,532.00,"5,320.00"
2020-12-31,2020123104002242,GIC,8,57,10,533.00,"5,330.00"
2020-12-31,2020123104002241,GIC,8,48,10,533.00,"5,330.00"
2020-12-31,2020123104002240,GIC,8,3,10,533.00,"5,330.00"
2020-12-31,2020123104002239,GIC,8,42,10,533.00,"5,330.00"
2020-12-31,2020123104002238,GIC,8,3,10,533.00,"5,330.00"
2020-12-31,2020123104002237,GIC,8,13,10,533.00,"5,330.00"
2020-12-31,2020123104002074,GIMES1,34,29,"1,000",11.31,"11,310.00"
2020-12-31,2020123104002040,GIMES1,49,7,"25,000",11.40,"285,000.00"
2020-12-31,2020123104001897,GIMES1,57,26,"10,000",11.44,"114,400.00"
2020-12-31,2020123104001896,GIMES1,17,26,"9,500",11.45,"108,775.00"
2020-12-31,2020123104001957,KBLD86,17,6,"1,140","1,065.00","1,214,100.00"
2020-12-31,2020123104002031,LUK,17,45,510,9.16,"4,671.60"
2020-12-31,2020123104002231,NBF2,41,45,500,9.75,"4,875.00"
2020-12-31,2020123104002230,NBF2,34,45,500,9.75,"4,875.00"
2020-12-31,2020123104002172,NBF2,34,45,500,9.75,"4,875.00"
2020-12-31,2020123104002043,NBF2,41,17,500,9.85,"4,925.00"
2020-12-31,2020123104002218,NEF,17,49,966,10.08,"9,737.28"
2020-12-31,2020123104002203,NEF,17,49,483,10.08,"4,868.64"
2020-12-31,2020123104002199,NEF,17,45,"2,414",10.08,"24,333.12"
2020-12-31,2020123104002042,NEF,17,45,241,10.08,"2,429.28"
2020-12-31,2020123104001977,NEF,17,38,"1,207",10.08,"12,166.56"
2020-12-31,2020123104001902,NEF,45,18,966,10.15,"9,804.90"
2020-12-31,2020123104001862,NEF,45,26,483,10.15,"4,902.45"
2020-12-31,2020123104001841,NEF,45,38,"1,207",10.15,"12,251.05"
2020-12-31,2020123104001813,NEF,45,25,"1,931",10.15,"19,599.65"
2020-12-31,2020123104002160,NIBLPF,6,41,500,10.25,"5,125.00"
2020-12-31,2020123104001938,NIBLPF,6,49,"90,213",10.32,"930,998.16"
2020-12-31,2020123104001937,NIBLPF,6,52,500,10.30,"5,150.00"
2020-12-31,2020123104001936,NIBLPF,6,1,"2,020",10.30,"20,806.00"
2020-12-31,2020123104001935,NIBLPF,6,45,100,10.30,"1,030.00"
2020-12-31,2020123104002207,NIBPO,26,3,150,447.00,"67,050.00"
2020-12-31,2020123104002204,NIBPO,19,58,"1,200",450.00,"540,000.00"
2020-12-31,2020123104002196,NIBPO,58,58,781,450.00,"351,450.00"
2020-12-31,2020123104002051,NIBPO,11,53,100,451.00,"45,100.00"
2020-12-31,2020123104002050,NIBPO,11,26,48,451.00,"21,648.00"
2020-12-31,2020123104001990,NIBPO,21,26,152,451.00,"68,552.00"
2020-12-31,2020123104001989,NIBPO,21,37,48,451.00,"21,648.00"
2020-12-31,2020123104001927,NIBPO,58,17,219,450.00,"98,550.00"
2020-12-31,2020123104001926,NIBPO,58,17,381,450.00,"171,450.00"
2020-12-31,2020123104001914,NIBPO,11,37,500,451.00,"225,500.00"
2020-12-31,2020123104001792,NIBPO,11,11,100,451.00,"45,100.00"
2020-12-31,2020123104001788,NIBPO,11,11,100,451.00,"45,100.00"
2020-12-31,2020123104002167,NIBSF1,17,7,"45,000",11.40,"513,000.00"
2020-12-31,2020123104002018,NIBSF1,28,11,"2,729",11.42,"31,165.18"
2020-12-31,2020123104001846,NIBSF1,28,1,"4,500",11.42,"51,390.00"
2020-12-31,2020123104001773,NIBSF1,17,20,"5,000",11.40,"57,000.00"
2020-12-31,2020123104001765,NIBSF1,28,1,"5,500",11.42,"62,810.00"
2020-12-31,2020123104002131,NICBF,39,55,100,9.90,990.00
2020-12-31,2020123104002166,NICGF,17,17,"19,800",10.55,"208,890.00"
2020-12-31,2020123104002158,NICGF,17,47,"30,000",10.55,"316,500.00"
2020-12-31,2020123104002143,NICGF,7,37,"1,000",10.69,"10,690.00"
2020-12-31,2020123104001876,NICGF,58,29,"1,000",10.70,"10,700.00"
2020-12-31,2020123104001875,NICGF,58,50,500,10.70,"5,350.00"
2020-12-31,2020123104001850,NICGF,45,17,"2,350",10.60,"24,910.00"
2020-12-31,2020123104001786,NICGF,45,59,"5,000",10.60,"53,000.00"
2020-12-31,2020123104002248,NMB50,56,34,"10,000",10.30,"103,000.00"
2020-12-31,2020123104002247,NMBHF1,17,45,"3,657",10.18,"37,228.26"
2020-12-31,2020123104002246,NMBHF1,34,45,504,10.20,"5,140.80"
2020-12-31,2020123104002071,NMBHF1,34,17,"2,080",10.20,"21,216.00"
2020-12-31,2020123104001864,NMBHF1,34,45,416,10.20,"4,243.20"
2020-12-31,2020123104002184,RBCLPO,19,3,20,"13,949.00","278,980.00"
2020-12-31,2020123104002067,RBCLPO,32,28,50,"13,848.00","692,400.00"
2020-12-31,2020123104002189,SAEF,17,55,"1,000",11.40,"11,400.00"
2020-12-31,2020123104002188,SAEF,51,34,"1,000",11.50,"11,500.00"
2020-12-31,2020123104002162,SAEF,47,8,"10,000",11.45,"114,500.00"
2020-12-31,2020123104002130,SAEF,17,13,"40,000",11.40,"456,000.00"
2020-12-31,2020123104002126,SAEF,6,40,"4,500",11.41,"51,345.00"
2020-12-31,2020123104002226,SAND2085,42,6,25,"1,060.00","26,500.00"
2020-12-31,2020123104002216,SAND2085,26,6,225,"1,060.00","238,500.00"
2020-12-31,2020123104002215,SAND2085,26,1,25,"1,060.00","26,500.00"
2020-12-31,2020123104002214,SAND2085,26,57,50,"1,055.00","52,750.00"
2020-12-31,2020123104002229,SEF,17,22,"50,000",10.37,"518,500.00"
2020-12-31,2020123104002083,SEF,39,22,"1,500",10.40,"15,600.00"
2020-12-31,2020123104002082,SEF,17,22,"33,850",10.40,"352,040.00"
2020-12-31,2020123104002081,SEF,34,22,"1,000",10.41,"10,410.00"
2020-12-31,2020123104001767,SEF,34,42,"3,500",10.45,"36,575.00"
2020-12-31,2020123104001766,SEF,34,48,"1,500",10.45,"15,675.00"
2020-12-31,2020123104002255,SGI,21,49,100,555.00,"55,500.00"
2020-12-31,2020123104002254,SGI,35,49,50,555.00,"27,750.00"
2020-12-31,2020123104002253,SGI,58,49,50,555.00,"27,750.00"
2020-12-31,2020123104002249,SGI,43,42,10,555.00,"5,550.00"
2020-12-31,2020123104002245,SGI,26,58,10,556.00,"5,560.00"
2020-12-31,2020123104002236,SGI,43,58,10,555.00,"5,550.00"
2020-12-31,2020123104001762,SGI,16,17,10,556.00,"5,560.00"
2020-12-31,2020123104001761,SGI,16,38,10,556.00,"5,560.00"
2020-12-31,2020123104001776,SGI,16,57,10,556.00,"5,560.00"
2020-12-31,2020123104001775,SGI,16,39,10,556.00,"5,560.00"
2020-12-31,2020123104001774,SGI,16,42,10,556.00,"5,560.00"
2020-12-31,2020123104001772,SGI,16,58,10,556.00,"5,560.00"
2020-12-31,2020123104001769,SGI,16,33,10,556.00,"5,560.00"
2020-12-31,2020123104001764,SGI,16,42,10,556.00,"5,560.00"
2020-12-31,2020123104001803,SGI,16,49,10,556.00,"5,560.00"
2020-12-31,2020123104001801,SGI,16,49,10,556.00,"5,560.00"
2020-12-31,2020123104001799,SGI,16,49,10,556.00,"5,560.00"
2020-12-31,2020123104001797,SGI,16,36,10,556.00,"5,560.00"
2020-12-31,2020123104001781,SGI,16,42,10,556.00,"5,560.00"
2020-12-31,2020123104001779,SGI,16,34,10,556.00,"5,560.00"
2020-12-31,2020123104001814,SGI,16,38,10,556.00,"5,560.00"
2020-12-31,2020123104001812,SGI,1,57,10,557.00,"5,570.00"
2020-12-31,2020123104001811,SGI,1,44,10,557.00,"5,570.00"
2020-12-31,2020123104001809,SGI,16,21,10,556.00,"5,560.00"
2020-12-31,2020123104001807,SGI,16,41,30,556.00,"16,680.00"
2020-12-31,2020123104001804,SGI,16,21,10,556.00,"5,560.00"
2020-12-31,2020123104001829,SGI,22,38,10,557.00,"5,570.00"
2020-12-31,2020123104001826,SGI,22,38,10,557.00,"5,570.00"
2020-12-31,2020123104001825,SGI,22,38,10,557.00,"5,570.00"
2020-12-31,2020123104001824,SGI,22,38,10,557.00,"5,570.00"
2020-12-31,2020123104001821,SGI,22,3,10,557.00,"5,570.00"
2020-12-31,2020123104001820,SGI,16,21,10,556.00,"5,560.00"
2020-12-31,2020123104001835,SGI,4,5,10,558.00,"5,580.00"
2020-12-31,2020123104001834,SGI,4,53,10,558.00,"5,580.00"
2020-12-31,2020123104001833,SGI,4,47,10,558.00,"5,580.00"
2020-12-31,2020123104001832,SGI,4,56,10,558.00,"5,580.00"
2020-12-31,2020123104001831,SGI,22,38,10,557.00,"5,570.00"
2020-12-31,2020123104001830,SGI,22,38,10,557.00,"5,570.00"
2020-12-31,2020123104001851,SGI,16,43,10,556.00,"5,560.00"
2020-12-31,2020123104001845,SGI,16,45,10,556.00,"5,560.00"
2020-12-31,2020123104001842,SGI,22,38,10,557.00,"5,570.00"
2020-12-31,2020123104001839,SGI,22,38,10,557.00,"5,570.00"
2020-12-31,2020123104001838,SGI,22,38,10,557.00,"5,570.00"
2020-12-31,2020123104001836,SGI,4,38,10,558.00,"5,580.00"
2020-12-31,2020123104001871,SGI,16,57,10,556.00,"5,560.00"
2020-12-31,2020123104001870,SGI,16,26,10,556.00,"5,560.00"
2020-12-31,2020123104001863,SGI,16,29,10,556.00,"5,560.00"
2020-12-31,2020123104001859,SGI,16,43,10,556.00,"5,560.00"
2020-12-31,2020123104001857,SGI,16,5,10,556.00,"5,560.00"
2020-12-31,2020123104001856,SGI,16,38,10,556.00,"5,560.00"
2020-12-31,2020123104001880,SGI,16,57,10,556.00,"5,560.00"
2020-12-31,2020123104001879,SGI,16,1,10,556.00,"5,560.00"
2020-12-31,2020123104001877,SGI,16,57,10,556.00,"5,560.00"
2020-12-31,2020123104001874,SGI,16,56,10,556.00,"5,560.00"
2020-12-31,2020123104001873,SGI,16,57,10,556.00,"5,560.00"
2020-12-31,2020123104001872,SGI,16,49,10,556.00,"5,560.00"
2020-12-31,2020123104001900,SGI,38,45,50,557.00,"27,850.00"
2020-12-31,2020123104001898,SGI,16,57,10,556.00,"5,560.00"
2020-12-31,2020123104001893,SGI,16,57,10,556.00,"5,560.00"
2020-12-31,2020123104001884,SGI,16,57,10,556.00,"5,560.00"
2020-12-31,2020123104001883,SGI,16,4,10,556.00,"5,560.00"
2020-12-31,2020123104001882,SGI,16,5,10,556.00,"5,560.00"
2020-12-31,2020123104001918,SGI,16,38,10,556.00,"5,560.00"
2020-12-31,2020123104001917,SGI,16,57,10,556.00,"5,560.00"
2020-12-31,2020123104001915,SGI,16,55,10,556.00,"5,560.00"
2020-12-31,2020123104001905,SGI,16,28,10,556.00,"5,560.00"
2020-12-31,2020123104001903,SGI,16,57,10,556.00,"5,560.00"
2020-12-31,2020123104001901,SGI,16,50,10,556.00,"5,560.00"
2020-12-31,2020123104001932,SGI,16,57,10,556.00,"5,560.00"
2020-12-31,2020123104001931,SGI,16,4,10,556.00,"5,560.00"
2020-12-31,2020123104001930,SGI,16,57,10,556.00,"5,560.00"
2020-12-31,2020123104001929,SGI,16,52,10,556.00,"5,560.00"
2020-12-31,2020123104001924,SGI,16,32,10,556.00,"5,560.00"
2020-12-31,2020123104001920,SGI,16,57,10,556.00,"5,560.00"
2020-12-31,2020123104001942,SGI,16,34,10,556.00,"5,560.00"
2020-12-31,2020123104001941,SGI,16,38,10,556.00,"5,560.00"
2020-12-31,2020123104001940,SGI,16,57,10,556.00,"5,560.00"
2020-12-31,2020123104001939,SGI,16,41,10,556.00,"5,560.00"
2020-12-31,2020123104001934,SGI,38,45,30,557.00,"16,710.00"
2020-12-31,2020123104001933,SGI,16,3,10,556.00,"5,560.00"
2020-12-31,2020123104001951,SGI,16,57,10,556.00,"5,560.00"
2020-12-31,2020123104001948,SGI,16,38,10,556.00,"5,560.00"
2020-12-31,2020123104001947,SGI,16,38,10,556.00,"5,560.00"
2020-12-31,2020123104001946,SGI,16,57,10,556.00,"5,560.00"
2020-12-31,2020123104001945,SGI,38,37,10,559.00,"5,590.00"
2020-12-31,2020123104001944,SGI,38,6,10,559.00,"5,590.00"
2020-12-31,2020123104001962,SGI,16,52,10,556.00,"5,560.00"
2020-12-31,2020123104001960,SGI,16,57,10,556.00,"5,560.00"
2020-12-31,2020123104001959,SGI,16,34,10,556.00,"5,560.00"
2020-12-31,2020123104001956,SGI,16,57,10,556.00,"5,560.00"
2020-12-31,2020123104001955,SGI,16,35,10,556.00,"5,560.00"
2020-12-31,2020123104001953,SGI,16,16,10,556.00,"5,560.00"
2020-12-31,2020123104001971,SGI,16,35,10,556.00,"5,560.00"
2020-12-31,2020123104001969,SGI,16,52,10,556.00,"5,560.00"
2020-12-31,2020123104001968,SGI,16,16,10,556.00,"5,560.00"
2020-12-31,2020123104001967,SGI,16,57,10,556.00,"5,560.00"
2020-12-31,2020123104001966,SGI,16,26,10,556.00,"5,560.00"
2020-12-31,2020123104001964,SGI,16,5,10,556.00,"5,560.00"
2020-12-31,2020123104001982,SGI,16,16,10,556.00,"5,560.00"
2020-12-31,2020123104001981,SGI,16,42,10,556.00,"5,560.00"
2020-12-31,2020123104001980,SGI,16,57,10,556.00,"5,560.00"
2020-12-31,2020123104001978,SGI,16,16,10,556.00,"5,560.00"
2020-12-31,2020123104001975,SGI,16,57,10,556.00,"5,560.00"
2020-12-31,2020123104001974,SGI,16,29,10,556.00,"5,560.00"
2020-12-31,2020123104001997,SGI,16,41,10,556.00,"5,560.00"
2020-12-31,2020123104001993,SGI,16,44,10,556.00,"5,560.00"
2020-12-31,2020123104001991,SGI,16,39,10,556.00,"5,560.00"
2020-12-31,2020123104001987,SGI,16,57,10,556.00,"5,560.00"
2020-12-31,2020123104001986,SGI,16,29,10,556.00,"5,560.00"
2020-12-31,2020123104001985,SGI,16,38,10,556.00,"5,560.00"
2020-12-31,2020123104002006,SGI,16,49,10,556.00,"5,560.00"
2020-12-31,2020123104002005,SGI,16,34,10,556.00,"5,560.00"
2020-12-31,2020123104002003,SGI,16,6,10,556.00,"5,560.00"
2020-12-31,2020123104002000,SGI,16,36,10,556.00,"5,560.00"
2020-12-31,2020123104001999,SGI,16,44,10,556.00,"5,560.00"
2020-12-31,2020123104001998,SGI,16,35,10,556.00,"5,560.00"
2020-12-31,2020123104002020,SGI,16,50,10,556.00,"5,560.00"
2020-12-31,2020123104002015,SGI,16,21,10,556.00,"5,560.00"
2020-12-31,2020123104002014,SGI,16,42,10,556.00,"5,560.00"
2020-12-31,2020123104002013,SGI,16,57,10,556.00,"5,560.00"
2020-12-31,2020123104002010,SGI,16,21,10,556.00,"5,560.00"
2020-12-31,2020123104002008,SGI,16,20,10,556.00,"5,560.00"
2020-12-31,2020123104002029,SGI,35,38,10,556.00,"5,560.00"
2020-12-31,2020123104002028,SGI,35,25,10,556.00,"5,560.00"
2020-12-31,2020123104002024,SGI,19,16,10,556.00,"5,560.00"
2020-12-31,2020123104002023,SGI,19,16,10,556.00,"5,560.00"
2020-12-31,2020123104002022,SGI,16,41,10,556.00,"5,560.00"
2020-12-31,2020123104002021,SGI,16,38,10,556.00,"5,560.00"
2020-12-31,2020123104002038,SGI,25,36,10,556.00,"5,560.00"
2020-12-31,2020123104002037,SGI,46,38,10,556.00,"5,560.00"
2020-12-31,2020123104002036,SGI,46,42,10,556.00,"5,560.00"
2020-12-31,2020123104002034,SGI,46,22,10,556.00,"5,560.00"
2020-12-31,2020123104002033,SGI,46,38,10,556.00,"5,560.00"
2020-12-31,2020123104002032,SGI,46,58,10,556.00,"5,560.00"
2020-12-31,2020123104002065,SGI,44,42,10,557.00,"5,570.00"
2020-12-31,2020123104002063,SGI,44,26,60,557.00,"33,420.00"
2020-12-31,2020123104002054,SGI,44,42,10,557.00,"5,570.00"
2020-12-31,2020123104002053,SGI,44,57,10,557.00,"5,570.00"
2020-12-31,2020123104002041,SGI,44,45,20,557.00,"11,140.00"
2020-12-31,2020123104002039,SGI,25,36,10,556.00,"5,560.00"
2020-12-31,2020123104002075,SGI,44,38,10,557.00,"5,570.00"
2020-12-31,2020123104002072,SGI,44,38,10,557.00,"5,570.00"
2020-12-31,2020123104002070,SGI,44,38,10,557.00,"5,570.00"
2020-12-31,2020123104002069,SGI,44,38,10,557.00,"5,570.00"
2020-12-31,2020123104002068,SGI,44,38,10,557.00,"5,570.00"
2020-12-31,2020123104002066,SGI,44,45,10,557.00,"5,570.00"
2020-12-31,2020123104002089,SGI,25,39,10,556.00,"5,560.00"
2020-12-31,2020123104002088,SGI,25,38,10,556.00,"5,560.00"
2020-12-31,2020123104002084,SGI,25,38,10,556.00,"5,560.00"
2020-12-31,2020123104002080,SGI,44,10,10,557.00,"5,570.00"
2020-12-31,2020123104002079,SGI,44,38,10,557.00,"5,570.00"
2020-12-31,2020123104002076,SGI,44,38,10,557.00,"5,570.00"
2020-12-31,2020123104002097,SGI,16,1,40,556.00,"22,240.00"
2020-12-31,2020123104002096,SGI,54,1,20,556.00,"11,120.00"
2020-12-31,2020123104002095,SGI,25,1,240,556.00,"133,440.00"
2020-12-31,2020123104002092,SGI,25,42,10,556.00,"5,560.00"
2020-12-31,2020123104002091,SGI,25,10,10,556.00,"5,560.00"
2020-12-31,2020123104002090,SGI,25,38,10,556.00,"5,560.00"
2020-12-31,2020123104002111,SGI,21,10,10,555.00,"5,550.00"
2020-12-31,2020123104002104,SGI,16,8,5,556.00,"2,780.00"
2020-12-31,2020123104002103,SGI,16,17,10,556.00,"5,560.00"
2020-12-31,2020123104002102,SGI,16,56,10,556.00,"5,560.00"
2020-12-31,2020123104002100,SGI,16,17,10,556.00,"5,560.00"
2020-12-31,2020123104002098,SGI,16,56,10,556.00,"5,560.00"
2020-12-31,2020123104002133,SGI,21,42,10,555.00,"5,550.00"
2020-12-31,2020123104002129,SGI,21,38,10,555.00,"5,550.00"
2020-12-31,2020123104002128,SGI,41,10,10,556.00,"5,560.00"
2020-12-31,2020123104002121,SGI,21,10,10,555.00,"5,550.00"
2020-12-31,2020123104002117,SGI,21,10,10,555.00,"5,550.00"
2020-12-31,2020123104002115,SGI,21,38,10,555.00,"5,550.00"
2020-12-31,2020123104002147,SGI,22,49,25,555.00,"13,875.00"
2020-12-31,2020123104002146,SGI,21,49,30,555.00,"16,650.00"
2020-12-31,2020123104002144,SGI,21,18,10,555.00,"5,550.00"
2020-12-31,2020123104002141,SGI,38,49,100,555.00,"55,500.00"
2020-12-31,2020123104002140,SGI,21,49,400,555.00,"222,000.00"
2020-12-31,2020123104002135,SGI,21,38,10,555.00,"5,550.00"
2020-12-31,2020123104002155,SGI,33,49,100,555.00,"55,500.00"
2020-12-31,2020123104002154,SGI,40,49,295,555.00,"163,725.00"
2020-12-31,2020123104002152,SGI,40,42,10,555.00,"5,550.00"
2020-12-31,2020123104002150,SGI,40,49,195,555.00,"108,225.00"
2020-12-31,2020123104002149,SGI,41,49,50,555.00,"27,750.00"
2020-12-31,2020123104002148,SGI,48,49,200,555.00,"111,000.00"
2020-12-31,2020123104002171,SGI,45,38,10,555.00,"5,550.00"
2020-12-31,2020123104002170,SGI,45,18,10,555.00,"5,550.00"
2020-12-31,2020123104002165,SGI,45,51,10,555.00,"5,550.00"
2020-12-31,2020123104002161,SGI,45,38,10,555.00,"5,550.00"
2020-12-31,2020123104002157,SGI,45,42,10,555.00,"5,550.00"
2020-12-31,2020123104002156,SGI,45,49,105,555.00,"58,275.00"
2020-12-31,2020123104002178,SGI,19,49,30,555.00,"16,650.00"
2020-12-31,2020123104002177,SGI,49,49,20,555.00,"11,100.00"
2020-12-31,2020123104002176,SGI,42,49,30,555.00,"16,650.00"
2020-12-31,2020123104002175,SGI,5,49,50,555.00,"27,750.00"
2020-12-31,2020123104002174,SGI,45,49,325,555.00,"180,375.00"
2020-12-31,2020123104002173,SGI,45,38,10,555.00,"5,550.00"
2020-12-31,2020123104002187,SGI,41,38,10,555.00,"5,550.00"
2020-12-31,2020123104002185,SGI,41,38,10,555.00,"5,550.00"
2020-12-31,2020123104002183,SGI,41,35,10,555.00,"5,550.00"
2020-12-31,2020123104002182,SGI,41,38,10,555.00,"5,550.00"
2020-12-31,2020123104002181,SGI,41,38,10,555.00,"5,550.00"
2020-12-31,2020123104002179,SGI,56,49,45,555.00,"24,975.00"
2020-12-31,2020123104002200,SGI,43,3,10,556.00,"5,560.00"
2020-12-31,2020123104002197,SGI,41,19,10,555.00,"5,550.00"
2020-12-31,2020123104002195,SGI,41,42,10,555.00,"5,550.00"
2020-12-31,2020123104002193,SGI,3,3,10,556.00,"5,560.00"
2020-12-31,2020123104002192,SGI,3,3,10,556.00,"5,560.00"
2020-12-31,2020123104002191,SGI,3,3,10,556.00,"5,560.00"
2020-12-31,2020123104002222,SGI,41,38,10,555.00,"5,550.00"
2020-12-31,2020123104002212,SGI,41,18,10,555.00,"5,550.00"
2020-12-31,2020123104002211,SGI,41,26,10,555.00,"5,550.00"
2020-12-31,2020123104002210,SGI,41,42,10,555.00,"5,550.00"
2020-12-31,2020123104002205,SGI,41,17,10,555.00,"5,550.00"
2020-12-31,2020123104002201,SGI,35,58,10,556.00,"5,560.00"
2020-12-31,2020123104002235,SGI,43,38,10,555.00,"5,550.00"
2020-12-31,2020123104002228,SGI,43,38,10,555.00,"5,550.00"
2020-12-31,2020123104002227,SGI,43,45,10,555.00,"5,550.00"
2020-12-31,2020123104002225,SGI,41,42,10,555.00,"5,550.00"
2020-12-31,2020123104002224,SGI,41,57,10,555.00,"5,550.00"
2020-12-31,2020123104002223,SGI,41,45,10,555.00,"5,550.00"
2020-12-31,2020123104002190,SRBLD83,45,6,50,"1,070.00","53,500.00"
2020-12-31,2020123104002127,STC,59,7,10,"6,281.00","62,810.00"
2020-12-31,2020123104002125,STC,10,38,10,"6,280.00","62,800.00"
2020-12-31,2020123104002094,STC,57,49,10,"6,281.00","62,810.00"
2020-12-31,2020123104002093,STC,57,55,50,"6,281.00","314,050.00"
2020-12-31,2020123104001973,STC,26,46,30,"6,281.00","188,430.00"
2020-12-31,2020123104001972,STC,26,4,160,"6,281.00","1,004,960.00"
2020-12-31,2020123104001866,STC,26,4,100,"6,220.00","622,000.00"
2020-12-31,2020123104001865,STC,49,4,10,"6,221.00","62,210.00"
2020-12-31,2020123104001847,STC,33,4,10,"6,281.00","62,810.00"
2020-12-31,2020123104001808,STC,25,32,20,"6,281.00","125,620.00"
2020-12-31,2020123104001790,STC,26,14,16,"6,281.00","100,496.00"
2020-12-31,2020123104001784,STC,45,44,10,"6,281.00","62,810.00"
2020-12-31,2020123104001963,STC,26,4,100,"6,280.00","628,000.00"
2020-12-31,2020123104001881,STC,56,16,10,"6,250.00","62,500.00"
2020-12-31,2020123104001878,STC,49,16,10,"6,250.00","62,500.00"
2020-12-31,2020123104001869,STC,26,4,40,"6,210.00","248,400.00"
2020-12-31,2020123104001868,STC,5,4,50,"6,211.00","310,550.00"
2020-12-31,2020123104001867,STC,26,4,100,"6,215.00","621,500.00"
2020-12-31,2020123104001694,BBC,56,42,10,"2,690.00","26,900.00"
2020-12-31,2020123104001587,BBC,57,25,20,"2,700.00","54,000.00"
2020-12-31,2020123104001586,BBC,25,25,10,"2,700.00","27,000.00"
2020-12-31,2020123104001585,BBC,41,25,10,"2,700.00","27,000.00"
2020-12-31,2020123104001584,BBC,38,25,20,"2,700.00","54,000.00"
2020-12-31,2020123104001583,BBC,43,25,20,"2,700.00","54,000.00"
2020-12-31,2020123104001405,BBC,45,25,20,"2,710.00","54,200.00"
2020-12-31,2020123104001404,BBC,25,25,25,"2,711.00","67,775.00"
2020-12-31,2020123104001403,BBC,39,25,50,"2,712.00","135,600.00"
2020-12-31,2020123104001332,BBC,3,58,10,"2,711.00","27,110.00"
2020-12-31,2020123104001582,BBC,34,25,10,"2,700.00","27,000.00"
2020-12-31,2020123104001581,BBC,35,25,10,"2,701.00","27,010.00"
2020-12-31,2020123104001580,BBC,43,25,20,"2,701.00","54,020.00"
2020-12-31,2020123104001579,BBC,43,25,20,"2,705.00","54,100.00"
2020-12-31,2020123104001578,BBC,39,25,30,"2,706.00","81,180.00"
2020-12-31,2020123104001411,BBC,39,25,10,"2,710.00","27,100.00"
2020-12-31,2020123104001335,CMF1,6,21,100,9.90,990.00
2020-12-31,2020123104001334,CMF1,6,26,100,9.90,990.00
2020-12-31,2020123104001333,CMF1,6,51,"23,900",9.90,"236,610.00"
2020-12-31,2020123104001285,CMF1,17,39,800,9.75,"7,800.00"
2020-12-31,2020123104001714,GBD80/81,11,14,25,"1,065.00","26,625.00"
2020-12-31,2020123104001757,GIC,53,38,10,535.00,"5,350.00"
2020-12-31,2020123104001755,GIC,53,38,10,535.00,"5,350.00"
2020-12-31,2020123104001750,GIC,53,49,10,535.00,"5,350.00"
2020-12-31,2020123104001748,GIC,5,38,10,535.00,"5,350.00"
2020-12-31,2020123104001745,GIC,5,38,10,535.00,"5,350.00"
2020-12-31,2020123104001741,GIC,5,26,10,535.00,"5,350.00"
2020-12-31,2020123104001284,GIC,19,42,10,538.00,"5,380.00"
2020-12-31,2020123104001277,GIC,19,38,10,538.00,"5,380.00"
2020-12-31,2020123104001275,GIC,19,46,10,538.00,"5,380.00"
2020-12-31,2020123104001262,GIC,19,42,10,538.00,"5,380.00"
2020-12-31,2020123104001306,GIC,7,34,10,537.00,"5,370.00"
2020-12-31,2020123104001301,GIC,7,47,10,537.00,"5,370.00"
2020-12-31,2020123104001299,GIC,7,46,10,537.00,"5,370.00"
2020-12-31,2020123104001298,GIC,7,38,10,537.00,"5,370.00"
2020-12-31,2020123104001296,GIC,7,38,10,537.00,"5,370.00"
2020-12-31,2020123104001291,GIC,7,4,10,537.00,"5,370.00"
2020-12-31,2020123104001325,GIC,7,21,10,537.00,"5,370.00"
2020-12-31,2020123104001324,GIC,7,22,10,537.00,"5,370.00"
2020-12-31,2020123104001323,GIC,7,42,10,537.00,"5,370.00"
2020-12-31,2020123104001321,GIC,7,58,10,537.00,"5,370.00"
2020-12-31,2020123104001317,GIC,7,51,10,537.00,"5,370.00"
2020-12-31,2020123104001316,GIC,7,46,10,537.00,"5,370.00"
2020-12-31,2020123104001346,GIC,7,21,10,537.00,"5,370.00"
2020-12-31,2020123104001342,GIC,7,42,10,537.00,"5,370.00"
2020-12-31,2020123104001340,GIC,7,48,10,537.00,"5,370.00"
2020-12-31,2020123104001339,GIC,7,57,10,537.00,"5,370.00"
2020-12-31,2020123104001330,GIC,7,3,10,537.00,"5,370.00"
2020-12-31,2020123104001328,GIC,7,21,10,537.00,"5,370.00"
2020-12-31,2020123104001363,GIC,42,36,10,535.00,"5,350.00"
2020-12-31,2020123104001362,GIC,7,36,10,537.00,"5,370.00"
2020-12-31,2020123104001361,GIC,7,36,10,537.00,"5,370.00"
2020-12-31,2020123104001360,GIC,7,46,10,537.00,"5,370.00"
2020-12-31,2020123104001359,GIC,7,42,10,537.00,"5,370.00"
2020-12-31,2020123104001358,GIC,7,21,10,537.00,"5,370.00"
2020-12-31,2020123104001376,GIC,42,42,10,535.00,"5,350.00"
2020-12-31,2020123104001375,GIC,42,10,10,535.00,"5,350.00"
2020-12-31,2020123104001373,GIC,42,57,10,535.00,"5,350.00"
2020-12-31,2020123104001371,GIC,42,17,10,535.00,"5,350.00"
2020-12-31,2020123104001369,GIC,42,36,10,535.00,"5,350.00"
2020-12-31,2020123104001364,GIC,42,21,10,535.00,"5,350.00"
2020-12-31,2020123104001389,GIC,42,1,10,535.00,"5,350.00"
2020-12-31,2020123104001385,GIC,42,44,10,535.00,"5,350.00"
2020-12-31,2020123104001382,GIC,42,21,10,535.00,"5,350.00"
2020-12-31,2020123104001381,GIC,42,57,10,535.00,"5,350.00"
2020-12-31,2020123104001379,GIC,42,33,55,535.00,"29,425.00"
2020-12-31,2020123104001377,GIC,42,46,10,535.00,"5,350.00"
2020-12-31,2020123104001424,GIC,42,21,10,535.00,"5,350.00"
2020-12-31,2020123104001413,GIC,42,51,10,535.00,"5,350.00"
2020-12-31,2020123104001399,GIC,42,16,10,535.00,"5,350.00"
2020-12-31,2020123104001395,GIC,42,21,10,535.00,"5,350.00"
2020-12-31,2020123104001394,GIC,42,46,10,535.00,"5,350.00"
2020-12-31,2020123104001390,GIC,42,33,10,535.00,"5,350.00"
2020-12-31,2020123104001465,GIC,42,42,10,535.00,"5,350.00"
2020-12-31,2020123104001464,GIC,42,43,50,535.00,"26,750.00"
2020-12-31,2020123104001463,GIC,42,56,10,535.00,"5,350.00"
2020-12-31,2020123104001462,GIC,42,21,10,535.00,"5,350.00"
2020-12-31,2020123104001460,GIC,42,45,10,535.00,"5,350.00"
2020-12-31,2020123104001459,GIC,42,21,10,535.00,"5,350.00"
2020-12-31,2020123104001480,GIC,29,41,10,536.00,"5,360.00"
2020-12-31,2020123104001479,GIC,29,3,10,536.00,"5,360.00"
2020-12-31,2020123104001478,GIC,29,11,10,536.00,"5,360.00"
2020-12-31,2020123104001477,GIC,42,21,10,535.00,"5,350.00"
2020-12-31,2020123104001475,GIC,42,49,10,535.00,"5,350.00"
2020-12-31,2020123104001467,GIC,42,8,10,535.00,"5,350.00"
2020-12-31,2020123104001488,GIC,41,11,50,535.00,"26,750.00"
2020-12-31,2020123104001487,GIC,36,11,200,535.00,"107,000.00"
2020-12-31,2020123104001486,GIC,42,11,95,535.00,"50,825.00"
2020-12-31,2020123104001483,GIC,42,49,10,535.00,"5,350.00"
2020-12-31,2020123104001482,GIC,29,58,160,537.00,"85,920.00"
2020-12-31,2020123104001481,GIC,29,49,10,536.00,"5,360.00"
2020-12-31,2020123104001503,GIC,38,49,10,535.00,"5,350.00"
2020-12-31,2020123104001502,GIC,38,49,10,535.00,"5,350.00"
2020-12-31,2020123104001496,GIC,38,29,10,535.00,"5,350.00"
2020-12-31,2020123104001493,GIC,38,17,10,535.00,"5,350.00"
2020-12-31,2020123104001492,GIC,38,38,10,535.00,"5,350.00"
2020-12-31,2020123104001489,GIC,17,11,10,535.00,"5,350.00"
2020-12-31,2020123104001516,GIC,38,10,10,535.00,"5,350.00"
2020-12-31,2020123104001515,GIC,38,26,10,535.00,"5,350.00"
2020-12-31,2020123104001514,GIC,38,17,10,535.00,"5,350.00"
2020-12-31,2020123104001513,GIC,21,21,10,536.00,"5,360.00"
2020-12-31,2020123104001507,GIC,38,57,10,535.00,"5,350.00"
2020-12-31,2020123104001506,GIC,38,36,10,535.00,"5,350.00"
2020-12-31,2020123104001540,GIC,38,58,10,535.00,"5,350.00"
2020-12-31,2020123104001537,GIC,35,34,10,535.00,"5,350.00"
2020-12-31,2020123104001534,GIC,35,58,10,535.00,"5,350.00"
2020-12-31,2020123104001529,GIC,35,52,10,535.00,"5,350.00"
2020-12-31,2020123104001524,GIC,35,21,10,535.00,"5,350.00"
2020-12-31,2020123104001520,GIC,35,58,10,535.00,"5,350.00"
2020-12-31,2020123104001568,GIC,38,38,10,535.00,"5,350.00"
2020-12-31,2020123104001564,GIC,38,16,10,535.00,"5,350.00"
2020-12-31,2020123104001553,GIC,38,17,10,535.00,"5,350.00"
2020-12-31,2020123104001550,GIC,38,58,10,535.00,"5,350.00"
2020-12-31,2020123104001543,GIC,38,35,10,535.00,"5,350.00"
2020-12-31,2020123104001542,GIC,38,22,10,535.00,"5,350.00"
2020-12-31,2020123104001591,GIC,38,49,10,535.00,"5,350.00"
2020-12-31,2020123104001590,GIC,38,49,10,535.00,"5,350.00"
2020-12-31,2020123104001577,GIC,38,7,10,535.00,"5,350.00"
2020-12-31,2020123104001575,GIC,38,44,10,535.00,"5,350.00"
2020-12-31,2020123104001571,GIC,38,38,10,535.00,"5,350.00"
2020-12-31,2020123104001570,GIC,38,32,10,535.00,"5,350.00"
2020-12-31,2020123104001622,GIC,38,56,10,535.00,"5,350.00"
2020-12-31,2020123104001616,GIC,38,21,10,535.00,"5,350.00"
2020-12-31,2020123104001613,GIC,38,38,10,535.00,"5,350.00"
2020-12-31,2020123104001612,GIC,38,51,10,535.00,"5,350.00"
2020-12-31,2020123104001602,GIC,38,38,10,535.00,"5,350.00"
2020-12-31,2020123104001601,GIC,38,16,10,535.00,"5,350.00"
2020-12-31,2020123104001636,GIC,38,18,10,535.00,"5,350.00"
2020-12-31,2020123104001634,GIC,38,34,10,535.00,"5,350.00"
2020-12-31,2020123104001633,GIC,38,38,10,535.00,"5,350.00"
2020-12-31,2020123104001632,GIC,38,3,10,535.00,"5,350.00"
2020-12-31,2020123104001630,GIC,38,40,10,535.00,"5,350.00"
2020-12-31,2020123104001629,GIC,38,26,10,535.00,"5,350.00"
2020-12-31,2020123104001661,GIC,38,22,10,535.00,"5,350.00"
2020-12-31,2020123104001652,GIC,38,38,10,535.00,"5,350.00"
2020-12-31,2020123104001650,GIC,38,42,10,535.00,"5,350.00"
2020-12-31,2020123104001649,GIC,38,38,10,535.00,"5,350.00"
2020-12-31,2020123104001647,GIC,38,49,10,535.00,"5,350.00"
2020-12-31,2020123104001638,GIC,38,39,10,535.00,"5,350.00"
2020-12-31,2020123104001685,GIC,38,56,10,535.00,"5,350.00"
2020-12-31,2020123104001680,GIC,38,3,10,535.00,"5,350.00"
2020-12-31,2020123104001670,GIC,38,17,10,535.00,"5,350.00"
2020-12-31,2020123104001669,GIC,38,34,10,535.00,"5,350.00"
2020-12-31,2020123104001666,GIC,38,50,10,535.00,"5,350.00"
2020-12-31,2020123104001665,GIC,38,21,10,535.00,"5,350.00"
2020-12-31,2020123104001696,GIC,38,40,10,535.00,"5,350.00"
2020-12-31,2020123104001693,GIC,17,58,30,536.00,"16,080.00"
2020-12-31,2020123104001692,GIC,17,3,10,536.00,"5,360.00"
2020-12-31,2020123104001691,GIC,17,52,10,536.00,"5,360.00"
2020-12-31,2020123104001688,GIC,38,40,10,535.00,"5,350.00"
2020-12-31,2020123104001686,GIC,38,50,10,535.00,"5,350.00"
2020-12-31,2020123104001706,GIC,45,58,20,536.00,"10,720.00"
2020-12-31,2020123104001705,GIC,38,3,10,535.00,"5,350.00"
2020-12-31,2020123104001703,GIC,38,49,10,535.00,"5,350.00"
2020-12-31,2020123104001700,GIC,38,34,10,535.00,"5,350.00"
2020-12-31,2020123104001699,GIC,38,59,10,535.00,"5,350.00"
2020-12-31,2020123104001697,GIC,38,45,10,535.00,"5,350.00"
2020-12-31,2020123104001732,GIC,5,38,10,535.00,"5,350.00"
2020-12-31,2020123104001730,GIC,38,38,10,535.00,"5,350.00"
2020-12-31,2020123104001728,GIC,38,38,10,535.00,"5,350.00"
2020-12-31,2020123104001727,GIC,38,50,10,535.00,"5,350.00"
2020-12-31,2020123104001717,GIC,38,26,10,535.00,"5,350.00"
2020-12-31,2020123104001715,GIC,38,26,10,535.00,"5,350.00"
2020-12-31,2020123104001740,GIC,5,38,10,535.00,"5,350.00"
2020-12-31,2020123104001739,GIC,5,42,10,535.00,"5,350.00"
2020-12-31,2020123104001738,GIC,5,38,10,535.00,"5,350.00"
2020-12-31,2020123104001736,GIC,5,38,10,535.00,"5,350.00"
2020-12-31,2020123104001735,GIC,5,33,10,535.00,"5,350.00"
2020-12-31,2020123104001734,GIC,5,29,10,535.00,"5,350.00"
2020-12-31,2020123104001754,GIMES1,17,42,500,11.45,"5,725.00"
2020-12-31,2020123104001653,GIMES1,7,29,"3,940",11.55,"45,507.00"
2020-12-31,2020123104001646,GIMES1,7,22,"1,060",11.55,"12,243.00"
2020-12-31,2020123104001318,GIMES1,45,7,"9,000",11.50,"103,500.00"
2020-12-31,2020123104001315,GIMES1,45,7,"5,000",11.50,"57,500.00"
2020-12-31,2020123104001305,GIMES1,45,32,"4,000",11.50,"46,000.00"
2020-12-31,2020123104001304,GIMES1,45,1,"1,000",11.50,"11,500.00"
2020-12-31,2020123104001303,GIMES1,45,42,"1,000",11.49,"11,490.00"
2020-12-31,2020123104001461,LBLPO,49,13,"3,525",137.00,"482,925.00"
2020-12-31,2020123104001682,LUK,47,49,300,9.33,"2,799.00"
2020-12-31,2020123104001681,LUK,47,1,100,9.31,931.00
2020-12-31,2020123104001631,LUK,34,58,100,9.15,915.00
2020-12-31,2020123104001567,LUK,34,38,"1,800",9.14,"16,452.00"
2020-12-31,2020123104001566,LUK,58,38,200,9.15,"1,830.00"
2020-12-31,2020123104001386,LUK,45,47,100,9.13,913.00
2020-12-31,2020123104001744,NBF2,42,41,100,9.92,992.00
2020-12-31,2020123104001619,NBF2,38,40,400,9.95,"3,980.00"
2020-12-31,2020123104001618,NBF2,38,53,100,9.95,995.00
2020-12-31,2020123104001611,NBF2,42,46,100,9.92,992.00
2020-12-31,2020123104001610,NBF2,38,34,100,9.89,989.00
2020-12-31,2020123104001563,NBF2,41,54,300,9.74,"2,922.00"
2020-12-31,2020123104001562,NBF2,41,41,100,9.74,974.00
2020-12-31,2020123104001561,NBF2,41,41,100,9.74,974.00
2020-12-31,2020123104001500,NEF,45,52,483,10.15,"4,902.45"
2020-12-31,2020123104001491,NEF,45,40,"5,000",10.15,"50,750.00"
2020-12-31,2020123104001417,NEF,45,44,966,10.15,"9,804.90"
2020-12-31,2020123104001415,NEF,45,16,"2,414",10.15,"24,502.10"
2020-12-31,2020123104001400,NEF,45,7,483,10.15,"4,902.45"
2020-12-31,2020123104001393,NEF,45,7,723,10.15,"7,338.45"
2020-12-31,2020123104001347,NEF,45,49,"2,370",10.15,"24,055.50"
2020-12-31,2020123104001341,NEF,45,28,966,10.15,"9,804.90"
2020-12-31,2020123104001322,NEF,45,3,"1,931",10.15,"19,599.65"
2020-12-31,2020123104001266,NEF,17,45,"13,517",10.08,"136,251.36"
2020-12-31,2020123104001263,NEF,17,45,"11,264",10.08,"113,541.12"
2020-12-31,2020123104001695,NIBLPF,26,50,505,10.22,"5,161.10"
2020-12-31,2020123104001684,NIBLPF,26,58,"2,525",10.22,"25,805.50"
2020-12-31,2020123104001604,NIBLPF,14,45,"2,425",10.30,"24,977.50"
2020-12-31,2020123104001603,NIBLPF,14,52,"2,525",10.30,"26,007.50"
2020-12-31,2020123104001495,NIBLPF,14,41,"2,525",10.25,"25,881.25"
2020-12-31,2020123104001494,NIBLPF,14,41,"2,525",10.25,"25,881.25"
2020-12-31,2020123104001354,NIBLPF,17,52,253,10.20,"2,580.60"
2020-12-31,2020123104001353,NIBLPF,17,41,758,10.20,"7,731.60"
2020-12-31,2020123104001343,NIBLPF,6,28,"1,010",10.16,"10,261.60"
2020-12-31,2020123104001422,NIBLPF,6,58,"1,369",10.21,"13,977.49"
2020-12-31,2020123104001421,NIBLPF,6,58,"1,156",10.21,"11,802.76"
2020-12-31,2020123104001418,NIBLPF,6,49,561,10.21,"5,727.81"
2020-12-31,2020123104001414,NIBLPF,6,44,"2,020",10.21,"20,624.20"
2020-12-31,2020123104001410,NIBLPF,6,26,253,10.21,"2,583.13"
2020-12-31,2020123104001355,NIBLPF,17,11,"2,525",10.20,"25,755.00"
2020-12-31,2020123104001733,NIBPO,58,58,619,450.00,"278,550.00"
2020-12-31,2020123104001657,NIBPO,25,58,500,450.00,"225,000.00"
2020-12-31,2020123104001656,NIBPO,25,35,"1,000",450.00,"450,000.00"
2020-12-31,2020123104001624,NIBPO,57,49,"13,865",448.00,"6,211,520.00"
2020-12-31,2020123104001599,NIBPO,55,58,"1,000",445.00,"445,000.00"
2020-12-31,2020123104001598,NIBPO,34,58,500,445.00,"222,500.00"
2020-12-31,2020123104001336,NIBPO,11,58,50,451.00,"22,550.00"
2020-12-31,2020123104001597,NIBPO,16,58,"1,000",446.00,"446,000.00"
2020-12-31,2020123104001408,NIBPO,25,58,190,447.00,"84,930.00"
2020-12-31,2020123104001407,NIBPO,25,58,128,449.00,"57,472.00"
2020-12-31,2020123104001391,NIBPO,25,47,76,449.00,"34,124.00"
2020-12-31,2020123104001338,NIBPO,47,58,100,450.00,"45,000.00"
2020-12-31,2020123104001337,NIBPO,11,58,913,450.00,"410,850.00"
2020-12-31,2020123104001756,NIBSF1,28,21,"1,700",11.43,"19,431.00"
2020-12-31,2020123104001751,NIBSF1,28,21,"1,000",11.43,"11,430.00"
2020-12-31,2020123104001726,NIBSF1,28,21,"3,150",11.44,"36,036.00"
2020-12-31,2020123104001721,NIBSF1,28,57,"1,000",11.44,"11,440.00"
2020-12-31,2020123104001668,NIBSF1,28,51,"5,850",11.44,"66,924.00"
2020-12-31,2020123104001664,NIBSF1,28,34,"2,300",11.43,"26,289.00"
2020-12-31,2020123104001663,NIBSF1,28,17,"5,000",11.43,"57,150.00"
2020-12-31,2020123104001662,NIBSF1,28,1,"4,500",11.42,"51,390.00"
2020-12-31,2020123104001659,NIBSF1,28,57,"2,771",11.38,"31,533.98"
2020-12-31,2020123104001658,NIBSF1,42,57,"2,229",11.38,"25,366.02"
2020-12-31,2020123104001623,NIBSF1,14,1,500,11.42,"5,710.00"
2020-12-31,2020123104001621,NIBSF1,14,35,"4,500",11.42,"51,390.00"
2020-12-31,2020123104001290,NICBF,58,54,"5,000",10.06,"50,300.00"
2020-12-31,2020123104001289,NICBF,58,29,100,10.06,"1,006.00"
2020-12-31,2020123104001288,NICBF,58,29,200,10.00,"2,000.00"
2020-12-31,2020123104001287,NICBF,58,6,500,9.89,"4,945.00"
2020-12-31,2020123104001286,NICBF,58,49,100,9.89,989.00
2020-12-31,2020123104001635,NICGF,7,37,"5,000",10.74,"53,700.00"
2020-12-31,2020123104001606,NICGF,14,37,"3,360",10.74,"36,086.40"
2020-12-31,2020123104001595,NICGF,14,51,"1,900",10.73,"20,387.00"
2020-12-31,2020123104001594,NICGF,14,50,"2,640",10.73,"28,327.20"
2020-12-31,2020123104001532,NICGF,14,52,500,10.60,"5,300.00"
2020-12-31,2020123104001531,NICGF,14,50,"1,600",10.60,"16,960.00"
2020-12-31,2020123104001402,NICGF,45,43,"1,000",10.56,"10,560.00"
2020-12-31,2020123104001747,NMB50,35,34,"9,800",10.30,"100,940.00"
2020-12-31,2020123104001746,NMB50,35,1,100,10.30,"1,030.00"
2020-12-31,2020123104001648,NMB50,56,22,"10,000",10.35,"103,500.00"
2020-12-31,2020123104001574,NMB50,14,22,"3,800",10.35,"39,330.00"
2020-12-31,2020123104001573,NMB50,14,50,"5,000",10.35,"51,750.00"
2020-12-31,2020123104001558,NMB50,14,54,"1,000",10.30,"10,300.00"
2020-12-31,2020123104001557,NMB50,14,54,200,10.30,"2,060.00"
2020-12-31,2020123104001627,NMBHF1,17,59,"2,496",10.18,"25,409.28"
2020-12-31,2020123104001511,NMBHF1,14,34,"1,262",10.30,"12,998.60"
2020-12-31,2020123104001510,NMBHF1,14,42,"4,161",10.30,"42,858.30"
2020-12-31,2020123104001509,NMBHF1,14,58,416,10.30,"4,284.80"
2020-12-31,2020123104001508,NMBHF1,14,51,"4,161",10.25,"42,650.25"
2020-12-31,2020123104001423,NMBHF1,17,22,"6,060",10.18,"61,690.80"
2020-12-31,2020123104001348,NMBHF1,17,28,"1,664",10.18,"16,939.52"
2020-12-31,2020123104001264,NMBHF1,17,36,"4,078",10.15,"41,391.70"
2020-12-31,2020123104001258,NMBHF1,17,22,832,10.15,"8,444.80"
2020-12-31,2020123104001380,RBCLPO,6,22,50,"14,130.00","706,500.00"
2020-12-31,2020123104001309,RBCLPO,19,22,10,"14,000.00","140,000.00"
2020-12-31,2020123104001308,RBCLPO,19,33,20,"13,990.00","279,800.00"
2020-12-31,2020123104001307,RBCLPO,19,50,20,"13,900.00","278,000.00"
2020-12-31,2020123104001679,SAEF,6,34,500,11.41,"5,705.00"
2020-12-31,2020123104001639,SAEF,7,34,"4,500",11.50,"51,750.00"
2020-12-31,2020123104001637,SAEF,7,53,500,11.48,"5,740.00"
2020-12-31,2020123104001519,SAEF,17,28,"2,500",11.40,"28,500.00"
2020-12-31,2020123104001742,SEF,17,42,500,10.40,"5,200.00"
2020-12-31,2020123104001625,SEF,17,19,"2,000",10.40,"20,800.00"
2020-12-31,2020123104001329,SEF,45,51,"40,000",10.45,"418,000.00"
2020-12-31,2020123104001319,SEF,6,49,200,10.48,"2,096.00"
2020-12-31,2020123104001273,SEF,6,38,"8,000",10.48,"83,840.00"
2020-12-31,2020123104001272,SEF,6,22,"50,000",10.47,"523,500.00"
2020-12-31,2020123104001271,SEF,6,44,500,10.46,"5,230.00"
2020-12-31,2020123104001270,SEF,6,34,"40,000",10.45,"418,000.00"
2020-12-31,2020123104001269,SEF,6,49,300,10.45,"3,135.00"
2020-12-31,2020123104001268,SEF,6,49,500,10.45,"5,225.00"
2020-12-31,2020123104001267,SEF,6,7,500,10.45,"5,225.00"
2020-12-31,2020123104001282,SFMF,7,22,"4,600",10.30,"47,380.00"
2020-12-31,2020123104001281,SFMF,7,48,200,10.30,"2,060.00"
2020-12-31,2020123104001280,SFMF,7,45,200,10.20,"2,040.00"
2020-12-31,2020123104001753,SGI,16,49,10,556.00,"5,560.00"
2020-12-31,2020123104001752,SGI,58,49,10,556.00,"5,560.00"
2020-12-31,2020123104001749,SGI,58,29,10,556.00,"5,560.00"
2020-12-31,2020123104001743,SGI,58,42,10,556.00,"5,560.00"
2020-12-31,2020123104001737,SGI,58,40,10,556.00,"5,560.00"
2020-12-31,2020123104001731,SGI,58,40,10,556.00,"5,560.00"
2020-12-31,2020123104001261,SGI,21,58,10,556.00,"5,560.00"
2020-12-31,2020123104001260,SGI,21,49,90,556.00,"50,040.00"
2020-12-31,2020123104001259,SGI,21,49,410,556.00,"227,960.00"
2020-12-31,2020123104001283,SGI,21,45,10,556.00,"5,560.00"
2020-12-31,2020123104001279,SGI,21,38,10,556.00,"5,560.00"
2020-12-31,2020123104001278,SGI,21,58,10,556.00,"5,560.00"
2020-12-31,2020123104001276,SGI,21,21,10,556.00,"5,560.00"
2020-12-31,2020123104001274,SGI,21,36,10,556.00,"5,560.00"
2020-12-31,2020123104001265,SGI,21,14,10,556.00,"5,560.00"
2020-12-31,2020123104001300,SGI,35,21,10,555.00,"5,550.00"
2020-12-31,2020123104001297,SGI,35,38,10,555.00,"5,550.00"
2020-12-31,2020123104001295,SGI,35,38,10,555.00,"5,550.00"
2020-12-31,2020123104001294,SGI,25,49,50,556.00,"27,800.00"
2020-12-31,2020123104001293,SGI,21,49,330,556.00,"183,480.00"
2020-12-31,2020123104001292,SGI,21,58,10,556.00,"5,560.00"
2020-12-31,2020123104001314,SGI,38,21,10,555.00,"5,550.00"
2020-12-31,2020123104001313,SGI,38,49,220,555.00,"122,100.00"
2020-12-31,2020123104001312,SGI,35,49,150,555.00,"83,250.00"
2020-12-31,2020123104001311,SGI,17,49,100,555.00,"55,500.00"
2020-12-31,2020123104001310,SGI,35,49,30,555.00,"16,650.00"
2020-12-31,2020123104001302,SGI,35,38,10,555.00,"5,550.00"
2020-12-31,2020123104001345,SGI,38,38,10,555.00,"5,550.00"
2020-12-31,2020123104001344,SGI,38,56,10,555.00,"5,550.00"
2020-12-31,2020123104001331,SGI,38,21,10,555.00,"5,550.00"
2020-12-31,2020123104001327,SGI,21,8,10,556.00,"5,560.00"
2020-12-31,2020123104001326,SGI,21,49,10,556.00,"5,560.00"
2020-12-31,2020123104001320,SGI,38,48,10,555.00,"5,550.00"
2020-12-31,2020123104001357,SGI,38,57,10,555.00,"5,550.00"
2020-12-31,2020123104001356,SGI,38,48,10,555.00,"5,550.00"
2020-12-31,2020123104001352,SGI,38,47,10,555.00,"5,550.00"
2020-12-31,2020123104001351,SGI,38,58,10,555.00,"5,550.00"
2020-12-31,2020123104001350,SGI,38,46,10,555.00,"5,550.00"
2020-12-31,2020123104001349,SGI,38,21,10,555.00,"5,550.00"
2020-12-31,2020123104001372,SGI,38,21,10,555.00,"5,550.00"
2020-12-31,2020123104001370,SGI,38,21,10,555.00,"5,550.00"
2020-12-31,2020123104001368,SGI,48,49,60,558.00,"33,480.00"
2020-12-31,2020123104001367,SGI,48,17,10,557.00,"5,570.00"
2020-12-31,2020123104001366,SGI,48,35,10,557.00,"5,570.00"
2020-12-31,2020123104001365,SGI,48,38,10,557.00,"5,570.00"
2020-12-31,2020123104001396,SGI,45,38,10,557.00,"5,570.00"
2020-12-31,2020123104001392,SGI,38,44,10,555.00,"5,550.00"
2020-12-31,2020123104001387,SGI,38,42,10,555.00,"5,550.00"
2020-12-31,2020123104001383,SGI,38,21,10,555.00,"5,550.00"
2020-12-31,2020123104001378,SGI,38,21,10,555.00,"5,550.00"
2020-12-31,2020123104001374,SGI,38,46,10,555.00,"5,550.00"
2020-12-31,2020123104001412,SGI,45,49,30,558.00,"16,740.00"
2020-12-31,2020123104001409,SGI,38,34,10,555.00,"5,550.00"
2020-12-31,2020123104001406,SGI,38,38,10,555.00,"5,550.00"
2020-12-31,2020123104001401,SGI,38,21,10,555.00,"5,550.00"
2020-12-31,2020123104001398,SGI,38,21,10,555.00,"5,550.00"
2020-12-31,2020123104001397,SGI,38,29,10,555.00,"5,550.00"
2020-12-31,2020123104001469,SGI,43,21,10,555.00,"5,550.00"
2020-12-31,2020123104001468,SGI,38,29,10,555.00,"5,550.00"
2020-12-31,2020123104001466,SGI,38,46,10,555.00,"5,550.00"
2020-12-31,2020123104001439,SGI,38,21,10,555.00,"5,550.00"
2020-12-31,2020123104001420,SGI,38,57,10,555.00,"5,550.00"
2020-12-31,2020123104001416,SGI,38,38,10,555.00,"5,550.00"
2020-12-31,2020123104001497,SGI,43,38,10,555.00,"5,550.00"
2020-12-31,2020123104001490,SGI,43,16,10,555.00,"5,550.00"
2020-12-31,2020123104001485,SGI,49,29,10,556.00,"5,560.00"
2020-12-31,2020123104001484,SGI,49,21,10,556.00,"5,560.00"
2020-12-31,2020123104001476,SGI,49,7,10,556.00,"5,560.00"
2020-12-31,2020123104001474,SGI,43,44,10,555.00,"5,550.00"
2020-12-31,2020123104001512,SGI,1,49,10,556.00,"5,560.00"
2020-12-31,2020123104001505,SGI,1,40,10,556.00,"5,560.00"
2020-12-31,2020123104001504,SGI,1,56,10,556.00,"5,560.00"
2020-12-31,2020123104001501,SGI,43,29,10,555.00,"5,550.00"
2020-12-31,2020123104001499,SGI,43,17,10,555.00,"5,550.00"
2020-12-31,2020123104001498,SGI,43,16,10,555.00,"5,550.00"
2020-12-31,2020123104001535,SGI,1,34,10,556.00,"5,560.00"
2020-12-31,2020123104001533,SGI,1,47,10,556.00,"5,560.00"
2020-12-31,2020123104001530,SGI,1,21,10,556.00,"5,560.00"
2020-12-31,2020123104001525,SGI,1,58,10,556.00,"5,560.00"
2020-12-31,2020123104001518,SGI,1,38,10,556.00,"5,560.00"
2020-12-31,2020123104001517,SGI,1,17,10,556.00,"5,560.00"
2020-12-31,2020123104001545,SGI,55,44,10,556.00,"5,560.00"
2020-12-31,2020123104001544,SGI,55,49,10,556.00,"5,560.00"
2020-12-31,2020123104001541,SGI,55,21,10,556.00,"5,560.00"
2020-12-31,2020123104001539,SGI,55,16,10,556.00,"5,560.00"
2020-12-31,2020123104001538,SGI,55,49,10,556.00,"5,560.00"
2020-12-31,2020123104001536,SGI,1,21,10,556.00,"5,560.00"
2020-12-31,2020123104001552,SGI,55,58,10,556.00,"5,560.00"
2020-12-31,2020123104001551,SGI,55,26,10,556.00,"5,560.00"
2020-12-31,2020123104001549,SGI,55,19,10,556.00,"5,560.00"
2020-12-31,2020123104001548,SGI,42,6,100,557.00,"55,700.00"
2020-12-31,2020123104001547,SGI,55,41,10,556.00,"5,560.00"
2020-12-31,2020123104001546,SGI,55,34,10,556.00,"5,560.00"
2020-12-31,2020123104001565,SGI,21,38,10,555.00,"5,550.00"
2020-12-31,2020123104001560,SGI,21,21,10,555.00,"5,550.00"
2020-12-31,2020123104001559,SGI,21,38,10,555.00,"5,550.00"
2020-12-31,2020123104001556,SGI,43,58,10,555.00,"5,550.00"
2020-12-31,2020123104001555,SGI,43,35,10,555.00,"5,550.00"
2020-12-31,2020123104001554,SGI,43,6,10,555.00,"5,550.00"
2020-12-31,2020123104001592,SGI,5,41,10,556.00,"5,560.00"
2020-12-31,2020123104001589,SGI,21,6,10,557.00,"5,570.00"
2020-12-31,2020123104001588,SGI,5,21,10,556.00,"5,560.00"
2020-12-31,2020123104001576,SGI,5,58,10,556.00,"5,560.00"
2020-12-31,2020123104001572,SGI,5,56,10,556.00,"5,560.00"
2020-12-31,2020123104001569,SGI,5,52,10,556.00,"5,560.00"
2020-12-31,2020123104001608,SGI,36,54,10,557.00,"5,570.00"
2020-12-31,2020123104001607,SGI,36,48,10,557.00,"5,570.00"
2020-12-31,2020123104001605,SGI,5,38,10,556.00,"5,560.00"
2020-12-31,2020123104001600,SGI,5,58,10,556.00,"5,560.00"
2020-12-31,2020123104001596,SGI,5,49,10,556.00,"5,560.00"
2020-12-31,2020123104001593,SGI,5,49,10,556.00,"5,560.00"
2020-12-31,2020123104001626,SGI,36,38,10,557.00,"5,570.00"
2020-12-31,2020123104001620,SGI,36,56,10,557.00,"5,570.00"
2020-12-31,2020123104001617,SGI,36,38,10,557.00,"5,570.00"
2020-12-31,2020123104001615,SGI,36,51,10,557.00,"5,570.00"
2020-12-31,2020123104001614,SGI,36,58,10,557.00,"5,570.00"
2020-12-31,2020123104001609,SGI,36,40,10,557.00,"5,570.00"
2020-12-31,2020123104001644,SGI,53,34,10,558.00,"5,580.00"
2020-12-31,2020123104001643,SGI,53,48,10,558.00,"5,580.00"
2020-12-31,2020123104001642,SGI,53,3,10,558.00,"5,580.00"
2020-12-31,2020123104001641,SGI,53,59,10,558.00,"5,580.00"
2020-12-31,2020123104001640,SGI,36,40,10,557.00,"5,570.00"
2020-12-31,2020123104001628,SGI,36,19,10,557.00,"5,570.00"
2020-12-31,2020123104001667,SGI,19,42,10,557.00,"5,570.00"
2020-12-31,2020123104001660,SGI,19,1,10,557.00,"5,570.00"
2020-12-31,2020123104001655,SGI,19,1,10,557.00,"5,570.00"
2020-12-31,2020123104001654,SGI,19,26,10,557.00,"5,570.00"
2020-12-31,2020123104001651,SGI,19,38,10,557.00,"5,570.00"
2020-12-31,2020123104001645,SGI,53,1,10,558.00,"5,580.00"
2020-12-31,2020123104001704,SGI,5,59,10,556.00,"5,560.00"
2020-12-31,2020123104001702,SGI,19,26,10,557.00,"5,570.00"
2020-12-31,2020123104001701,SGI,19,45,10,557.00,"5,570.00"
2020-12-31,2020123104001698,SGI,19,40,10,557.00,"5,570.00"
2020-12-31,2020123104001687,SGI,19,49,10,557.00,"5,570.00"
2020-12-31,2020123104001683,SGI,19,56,10,557.00,"5,570.00"
2020-12-31,2020123104001716,SGI,35,22,10,556.00,"5,560.00"
2020-12-31,2020123104001713,SGI,35,39,10,556.00,"5,560.00"
2020-12-31,2020123104001712,SGI,35,26,10,556.00,"5,560.00"
2020-12-31,2020123104001711,SGI,35,26,10,556.00,"5,560.00"
2020-12-31,2020123104001710,SGI,35,26,10,556.00,"5,560.00"
2020-12-31,2020123104001707,SGI,35,34,10,556.00,"5,560.00"
2020-12-31,2020123104001729,SGI,35,42,10,556.00,"5,560.00"
2020-12-31,2020123104001725,SGI,35,40,10,556.00,"5,560.00"
2020-12-31,2020123104001722,SGI,35,45,10,556.00,"5,560.00"
2020-12-31,2020123104001720,SGI,35,40,10,556.00,"5,560.00"
2020-12-31,2020123104001719,SGI,35,26,10,556.00,"5,560.00"
2020-12-31,2020123104001718,SGI,35,40,10,556.00,"5,560.00"
2020-12-31,2020123104001724,STC,26,38,50,"6,281.00","314,050.00"
2020-12-31,2020123104001723,STC,26,38,10,"6,281.00","62,810.00"
2020-12-31,2020123104001709,STC,3,38,40,"6,281.00","251,240.00"
2020-12-31,2020123104001708,STC,3,54,10,"6,281.00","62,810.00"
2020-12-31,2020123104001690,STC,3,16,150,"6,281.00","942,150.00"
2020-12-31,2020123104001689,STC,26,16,10,"6,281.00","62,810.00"
2020-12-31,2020123104001427,STC,26,36,30,"6,195.00","185,850.00"
2020-12-31,2020123104001426,STC,26,29,20,"6,193.00","123,860.00"
2020-12-31,2020123104001425,STC,26,48,20,"6,192.00","123,840.00"
2020-12-31,2020123104001419,STC,57,45,10,"6,192.00","61,920.00"
2020-12-31,2020123104001388,STC,48,33,60,"6,194.00","371,640.00"
2020-12-31,2020123104001384,STC,45,33,40,"6,194.00","247,760.00"
2020-12-31,2020123104001433,STC,26,10,10,"6,222.00","62,220.00"
2020-12-31,2020123104001432,STC,26,11,30,"6,222.00","186,660.00"
2020-12-31,2020123104001431,STC,26,40,10,"6,220.00","62,200.00"
2020-12-31,2020123104001430,STC,26,18,100,"6,215.00","621,500.00"
2020-12-31,2020123104001429,STC,26,46,15,"6,214.00","93,210.00"
2020-12-31,2020123104001428,STC,26,41,10,"6,210.00","62,100.00"
2020-12-31,2020123104001440,STC,26,33,100,"6,240.00","624,000.00"
2020-12-31,2020123104001438,STC,26,16,50,"6,242.00","312,100.00"
2020-12-31,2020123104001437,STC,26,41,50,"6,241.00","312,050.00"
2020-12-31,2020123104001436,STC,26,36,20,"6,240.00","124,800.00"
2020-12-31,2020123104001435,STC,26,11,20,"6,236.00","124,720.00"
2020-12-31,2020123104001434,STC,26,58,10,"6,230.00","62,300.00"
2020-12-31,2020123104001446,STC,26,22,20,"6,281.00","125,620.00"
2020-12-31,2020123104001445,STC,26,16,10,"6,280.00","62,800.00"
2020-12-31,2020123104001444,STC,26,42,10,"6,280.00","62,800.00"
2020-12-31,2020123104001443,STC,26,16,10,"6,280.00","62,800.00"
2020-12-31,2020123104001442,STC,26,26,10,"6,280.00","62,800.00"
2020-12-31,2020123104001441,STC,26,16,30,"6,242.00","187,260.00"
2020-12-31,2020123104001452,STC,26,56,20,"6,281.00","125,620.00"
2020-12-31,2020123104001451,STC,26,47,30,"6,281.00","188,430.00"
2020-12-31,2020123104001450,STC,26,44,10,"6,281.00","62,810.00"
2020-12-31,2020123104001449,STC,26,3,50,"6,281.00","314,050.00"
2020-12-31,2020123104001448,STC,26,51,10,"6,281.00","62,810.00"
2020-12-31,2020123104001447,STC,26,54,10,"6,281.00","62,810.00"
2020-12-31,2020123104001458,STC,26,7,12,"6,281.00","75,372.00"
2020-12-31,2020123104001457,STC,26,49,20,"6,281.00","125,620.00"
2020-12-31,2020123104001456,STC,26,1,10,"6,281.00","62,810.00"
2020-12-31,2020123104001455,STC,26,8,50,"6,281.00","314,050.00"
2020-12-31,2020123104001454,STC,26,8,70,"6,281.00","439,670.00"
2020-12-31,2020123104001453,STC,26,14,10,"6,281.00","62,810.00"
2020-12-31,2020123104001522,STC,26,25,10,"6,281.00","62,810.00"
2020-12-31,2020123104001521,STC,26,37,10,"6,280.00","62,800.00"
2020-12-31,2020123104001473,STC,26,33,100,"6,281.00","628,100.00"
2020-12-31,2020123104001472,STC,26,49,10,"6,281.00","62,810.00"
2020-12-31,2020123104001471,STC,26,57,30,"6,281.00","188,430.00"
2020-12-31,2020123104001470,STC,26,45,10,"6,280.00","62,800.00"
2020-12-31,2020123104001672,STC,26,59,40,"6,281.00","251,240.00"
2020-12-31,2020123104001671,STC,49,59,30,"6,281.00","188,430.00"
2020-12-31,2020123104001528,STC,49,25,10,"6,281.00","62,810.00"
2020-12-31,2020123104001527,STC,49,8,10,"6,281.00","62,810.00"
2020-12-31,2020123104001526,STC,49,33,20,"6,281.00","125,620.00"
2020-12-31,2020123104001523,STC,26,33,80,"6,281.00","502,480.00"
2020-12-31,2020123104001678,STC,45,57,10,"6,281.00","62,810.00"
2020-12-31,2020123104001677,STC,26,59,5,"6,281.00","31,405.00"
2020-12-31,2020123104001676,STC,49,59,70,"6,281.00","439,670.00"
2020-12-31,2020123104001675,STC,49,59,10,"6,281.00","62,810.00"
2020-12-31,2020123104001674,STC,1,59,10,"6,281.00","62,810.00"
2020-12-31,2020123104001673,STC,26,59,100,"6,281.00","628,100.00"
2020-12-31,2020123104001109,BBC,39,51,10,"2,720.00","27,200.00"
2020-12-31,2020123104001054,BBC,45,25,30,"2,710.00","81,300.00"
2020-12-31,2020123104001053,BBC,58,25,20,"2,710.00","54,200.00"
2020-12-31,2020123104001052,BBC,22,25,50,"2,710.00","135,500.00"
2020-12-31,2020123104000784,BBC,45,57,10,"2,720.00","27,200.00"
2020-12-31,2020123104001243,CMF1,49,37,"1,000",9.85,"9,850.00"
2020-12-31,2020123104001199,CMF1,17,22,100,9.75,975.00
2020-12-31,2020123104001156,CMF1,34,56,500,9.80,"4,900.00"
2020-12-31,2020123104001256,GIC,19,19,10,538.00,"5,380.00"
2020-12-31,2020123104001249,GIC,19,44,10,538.00,"5,380.00"
2020-12-31,2020123104001248,GIC,19,22,10,538.00,"5,380.00"
2020-12-31,2020123104001245,GIC,19,58,10,538.00,"5,380.00"
2020-12-31,2020123104001239,GIC,19,58,10,538.00,"5,380.00"
2020-12-31,2020123104001238,GIC,19,58,10,538.00,"5,380.00"
2020-12-31,2020123104000760,GIC,57,58,10,536.00,"5,360.00"
2020-12-31,2020123104000759,GIC,57,21,10,536.00,"5,360.00"
2020-12-31,2020123104000758,GIC,57,16,10,536.00,"5,360.00"
2020-12-31,2020123104000782,GIC,42,32,10,535.00,"5,350.00"
2020-12-31,2020123104000779,GIC,57,54,10,536.00,"5,360.00"
2020-12-31,2020123104000778,GIC,57,49,10,536.00,"5,360.00"
2020-12-31,2020123104000777,GIC,57,39,10,536.00,"5,360.00"
2020-12-31,2020123104000762,GIC,57,36,10,536.00,"5,360.00"
2020-12-31,2020123104000761,GIC,57,17,10,536.00,"5,360.00"
2020-12-31,2020123104000828,GIC,42,38,10,535.00,"5,350.00"
2020-12-31,2020123104000814,GIC,42,36,10,535.00,"5,350.00"
2020-12-31,2020123104000810,GIC,42,51,10,535.00,"5,350.00"
2020-12-31,2020123104000809,GIC,42,29,10,535.00,"5,350.00"
2020-12-31,2020123104000797,GIC,42,38,10,535.00,"5,350.00"
2020-12-31,2020123104000795,GIC,42,13,10,535.00,"5,350.00"
2020-12-31,2020123104000847,GIC,35,58,10,537.00,"5,370.00"
2020-12-31,2020123104000846,GIC,35,29,10,537.00,"5,370.00"
2020-12-31,2020123104000845,GIC,35,22,10,537.00,"5,370.00"
2020-12-31,2020123104000842,GIC,42,39,10,535.00,"5,350.00"
2020-12-31,2020123104000837,GIC,42,38,10,535.00,"5,350.00"
2020-12-31,2020123104000832,GIC,42,50,10,535.00,"5,350.00"
2020-12-31,2020123104000853,GIC,42,39,10,535.00,"5,350.00"
2020-12-31,2020123104000852,GIC,35,35,80,538.00,"43,040.00"
2020-12-31,2020123104000851,GIC,35,37,10,538.00,"5,380.00"
2020-12-31,2020123104000850,GIC,35,59,10,538.00,"5,380.00"
2020-12-31,2020123104000849,GIC,35,13,10,537.00,"5,370.00"
2020-12-31,2020123104000848,GIC,35,58,10,537.00,"5,370.00"
2020-12-31,2020123104000887,GIC,42,57,10,535.00,"5,350.00"
2020-12-31,2020123104000883,GIC,42,44,10,535.00,"5,350.00"
2020-12-31,2020123104000880,GIC,42,46,10,535.00,"5,350.00"
2020-12-31,2020123104000869,GIC,42,44,10,535.00,"5,350.00"
2020-12-31,2020123104000867,GIC,42,39,10,535.00,"5,350.00"
2020-12-31,2020123104000855,GIC,42,52,10,535.00,"5,350.00"
2020-12-31,2020123104000900,GIC,42,38,10,535.00,"5,350.00"
2020-12-31,2020123104000899,GIC,55,37,10,539.00,"5,390.00"
2020-12-31,2020123104000898,GIC,55,25,10,539.00,"5,390.00"
2020-12-31,2020123104000897,GIC,55,36,10,538.00,"5,380.00"
2020-12-31,2020123104000896,GIC,55,33,10,538.00,"5,380.00"
2020-12-31,2020123104000895,GIC,55,48,10,537.00,"5,370.00"
2020-12-31,2020123104000908,GIC,55,38,10,540.00,"5,400.00"
2020-12-31,2020123104000907,GIC,55,56,10,540.00,"5,400.00"
2020-12-31,2020123104000906,GIC,55,51,10,539.00,"5,390.00"
2020-12-31,2020123104000905,GIC,55,17,10,539.00,"5,390.00"
2020-12-31,2020123104000904,GIC,42,38,10,535.00,"5,350.00"
2020-12-31,2020123104000902,GIC,42,52,10,535.00,"5,350.00"
2020-12-31,2020123104000930,GIC,55,38,10,540.00,"5,400.00"
2020-12-31,2020123104000929,GIC,55,46,10,540.00,"5,400.00"
2020-12-31,2020123104000928,GIC,55,57,30,540.00,"16,200.00"
2020-12-31,2020123104000919,GIC,42,26,10,535.00,"5,350.00"
2020-12-31,2020123104000914,GIC,6,48,10,537.00,"5,370.00"
2020-12-31,2020123104000909,GIC,55,58,10,540.00,"5,400.00"
2020-12-31,2020123104000962,GIC,42,45,10,535.00,"5,350.00"
2020-12-31,2020123104000956,GIC,34,56,10,540.00,"5,400.00"
2020-12-31,2020123104000953,GIC,42,40,10,535.00,"5,350.00"
2020-12-31,2020123104000944,GIC,14,56,10,540.00,"5,400.00"
2020-12-31,2020123104000943,GIC,14,56,10,540.00,"5,400.00"
2020-12-31,2020123104000942,GIC,14,8,10,540.00,"5,400.00"
2020-12-31,2020123104000979,GIC,42,37,10,535.00,"5,350.00"
2020-12-31,2020123104000977,GIC,42,33,10,535.00,"5,350.00"
2020-12-31,2020123104000976,GIC,42,34,10,535.00,"5,350.00"
2020-12-31,2020123104000970,GIC,42,19,10,535.00,"5,350.00"
2020-12-31,2020123104000967,GIC,42,39,10,535.00,"5,350.00"
2020-12-31,2020123104000966,GIC,42,33,10,535.00,"5,350.00"
2020-12-31,2020123104001040,GIC,42,17,10,535.00,"5,350.00"
2020-12-31,2020123104001026,GIC,42,19,10,535.00,"5,350.00"
2020-12-31,2020123104001023,GIC,42,19,10,535.00,"5,350.00"
2020-12-31,2020123104001015,GIC,42,37,10,535.00,"5,350.00"
2020-12-31,2020123104001010,GIC,42,33,10,535.00,"5,350.00"
2020-12-31,2020123104000996,GIC,42,8,10,535.00,"5,350.00"
2020-12-31,2020123104001058,GIC,29,4,10,537.00,"5,370.00"
2020-12-31,2020123104001057,GIC,7,36,10,536.00,"5,360.00"
2020-12-31,2020123104001055,GIC,7,3,10,536.00,"5,360.00"
2020-12-31,2020123104001051,GIC,42,17,10,535.00,"5,350.00"
2020-12-31,2020123104001042,GIC,21,44,10,536.00,"5,360.00"
2020-12-31,2020123104001041,GIC,21,3,10,536.00,"5,360.00"
2020-12-31,2020123104001070,GIC,29,54,10,537.00,"5,370.00"
2020-12-31,2020123104001069,GIC,29,45,10,537.00,"5,370.00"
2020-12-31,2020123104001068,GIC,29,53,10,537.00,"5,370.00"
2020-12-31,2020123104001066,GIC,29,36,10,537.00,"5,370.00"
2020-12-31,2020123104001063,GIC,29,37,10,537.00,"5,370.00"
2020-12-31,2020123104001062,GIC,29,36,10,537.00,"5,370.00"
2020-12-31,2020123104001084,GIC,47,33,10,538.00,"5,380.00"
2020-12-31,2020123104001080,GIC,45,13,10,539.00,"5,390.00"
2020-12-31,2020123104001079,GIC,45,32,50,539.00,"26,950.00"
2020-12-31,2020123104001078,GIC,29,57,10,537.00,"5,370.00"
2020-12-31,2020123104001077,GIC,45,11,10,538.00,"5,380.00"
2020-12-31,2020123104001076,GIC,29,58,10,537.00,"5,370.00"
2020-12-31,2020123104001111,GIC,29,22,10,537.00,"5,370.00"
2020-12-31,2020123104001108,GIC,29,28,10,537.00,"5,370.00"
2020-12-31,2020123104001106,GIC,29,44,10,537.00,"5,370.00"
2020-12-31,2020123104001102,GIC,29,56,10,537.00,"5,370.00"
2020-12-31,2020123104001092,GIC,29,33,10,537.00,"5,370.00"
2020-12-31,2020123104001087,GIC,29,33,10,537.00,"5,370.00"
2020-12-31,2020123104001126,GIC,7,22,10,537.00,"5,370.00"
2020-12-31,2020123104001121,GIC,29,6,10,537.00,"5,370.00"
2020-12-31,2020123104001120,GIC,29,22,10,537.00,"5,370.00"
2020-12-31,2020123104001118,GIC,29,22,10,537.00,"5,370.00"
2020-12-31,2020123104001116,GIC,29,22,10,537.00,"5,370.00"
2020-12-31,2020123104001114,GIC,29,54,10,537.00,"5,370.00"
2020-12-31,2020123104001137,GIC,7,22,10,537.00,"5,370.00"
2020-12-31,2020123104001135,GIC,7,19,10,537.00,"5,370.00"
2020-12-31,2020123104001132,GIC,7,32,10,537.00,"5,370.00"
2020-12-31,2020123104001131,GIC,7,22,10,537.00,"5,370.00"
2020-12-31,2020123104001130,GIC,7,35,10,537.00,"5,370.00"
2020-12-31,2020123104001127,GIC,7,37,10,537.00,"5,370.00"
2020-12-31,2020123104001158,GIC,7,46,10,537.00,"5,370.00"
2020-12-31,2020123104001148,GIC,7,17,10,537.00,"5,370.00"
2020-12-31,2020123104001147,GIC,7,41,10,537.00,"5,370.00"
2020-12-31,2020123104001146,GIC,7,49,10,537.00,"5,370.00"
2020-12-31,2020123104001139,GIC,7,53,10,537.00,"5,370.00"
2020-12-31,2020123104001138,GIC,7,44,10,537.00,"5,370.00"
2020-12-31,2020123104001181,GIC,7,45,10,537.00,"5,370.00"
2020-12-31,2020123104001179,GIC,7,56,10,537.00,"5,370.00"
2020-12-31,2020123104001178,GIC,7,14,10,537.00,"5,370.00"
2020-12-31,2020123104001176,GIC,7,21,10,537.00,"5,370.00"
2020-12-31,2020123104001171,GIC,7,14,10,537.00,"5,370.00"
2020-12-31,2020123104001159,GIC,7,56,10,537.00,"5,370.00"
2020-12-31,2020123104001196,GIC,41,21,10,538.00,"5,380.00"
2020-12-31,2020123104001195,GIC,41,58,10,538.00,"5,380.00"
2020-12-31,2020123104001194,GIC,41,34,10,538.00,"5,380.00"
2020-12-31,2020123104001190,GIC,7,42,10,537.00,"5,370.00"
2020-12-31,2020123104001188,GIC,7,21,10,537.00,"5,370.00"
2020-12-31,2020123104001187,GIC,7,21,10,537.00,"5,370.00"
2020-12-31,2020123104001217,GIC,39,25,10,539.00,"5,390.00"
2020-12-31,2020123104001213,GIC,58,59,10,538.00,"5,380.00"
2020-12-31,2020123104001210,GIC,58,17,10,538.00,"5,380.00"
2020-12-31,2020123104001206,GIC,7,59,10,537.00,"5,370.00"
2020-12-31,2020123104001205,GIC,41,51,10,538.00,"5,380.00"
2020-12-31,2020123104001202,GIC,7,42,10,537.00,"5,370.00"
2020-12-31,2020123104001223,GIC,39,58,10,540.00,"5,400.00"
2020-12-31,2020123104001222,GIC,39,20,10,540.00,"5,400.00"
2020-12-31,2020123104001221,GIC,39,45,10,540.00,"5,400.00"
2020-12-31,2020123104001220,GIC,39,16,10,540.00,"5,400.00"
2020-12-31,2020123104001219,GIC,39,45,10,540.00,"5,400.00"
2020-12-31,2020123104001218,GIC,39,7,10,539.00,"5,390.00"
2020-12-31,2020123104001237,GIC,7,34,10,537.00,"5,370.00"
2020-12-31,2020123104001236,GIC,58,39,10,538.00,"5,380.00"
2020-12-31,2020123104001230,GIC,58,58,10,538.00,"5,380.00"
2020-12-31,2020123104001226,GIC,39,38,10,540.00,"5,400.00"
2020-12-31,2020123104001225,GIC,39,42,10,540.00,"5,400.00"
2020-12-31,2020123104001224,GIC,39,21,10,540.00,"5,400.00"
2020-12-31,2020123104000965,GIMES1,42,7,"5,000",11.40,"57,000.00"
2020-12-31,2020123104000964,GIMES1,47,7,"30,000",11.40,"342,000.00"
2020-12-31,2020123104000963,GIMES1,22,7,"20,000",11.41,"228,200.00"
2020-12-31,2020123104000886,GIMES1,6,6,"50,665",11.41,"578,087.65"
2020-12-31,2020123104000861,GIMES1,49,22,"11,400",11.55,"131,670.00"
2020-12-31,2020123104000860,GIMES1,49,21,100,11.54,"1,154.00"
2020-12-31,2020123104000859,GIMES1,49,51,"10,000",11.54,"115,400.00"
2020-12-31,2020123104000858,GIMES1,49,19,500,11.53,"5,765.00"
2020-12-31,2020123104000857,GIMES1,49,38,"5,000",11.53,"57,650.00"
2020-12-31,2020123104001124,LEMF,21,43,500,9.79,"4,895.00"
2020-12-31,2020123104001123,LEMF,21,50,"2,500",9.79,"24,475.00"
2020-12-31,2020123104000827,LEMF,6,50,"2,400",9.75,"23,400.00"
2020-12-31,2020123104001253,LUK,47,1,100,9.30,930.00
2020-12-31,2020123104001252,LUK,47,41,100,9.25,925.00
2020-12-31,2020123104001251,LUK,47,55,100,9.24,924.00
2020-12-31,2020123104001250,LUK,47,45,100,9.20,920.00
2020-12-31,2020123104001215,LUK,47,49,500,9.13,"4,565.00"
2020-12-31,2020123104001169,LUK,7,16,200,9.12,"1,824.00"
2020-12-31,2020123104000865,LUK,22,6,100,9.10,910.00
2020-12-31,2020123104000821,LUK,38,6,900,9.20,"8,280.00"
2020-12-31,2020123104001189,NBF2,41,6,500,9.90,"4,950.00"
2020-12-31,2020123104001164,NBF2,41,22,"1,000",9.90,"9,900.00"
2020-12-31,2020123104000864,NBF2,6,28,"31,600",9.81,"309,996.00"
2020-12-31,2020123104000863,NBF2,10,28,"8,400",9.81,"82,404.00"
2020-12-31,2020123104000811,NBF2,10,6,300,9.81,"2,943.00"
2020-12-31,2020123104001208,NEF,17,51,"2,414",10.10,"24,381.40"
2020-12-31,2020123104001201,NEF,17,42,"5,632",10.10,"56,883.20"
2020-12-31,2020123104001180,NEF,17,6,"1,448",10.08,"14,595.84"
2020-12-31,2020123104001096,NEF,17,6,241,10.08,"2,429.28"
2020-12-31,2020123104001049,NEF,6,52,483,10.20,"4,926.60"
2020-12-31,2020123104001048,NEF,6,34,"1,127",10.20,"11,495.40"
2020-12-31,2020123104001025,NEF,17,22,"48,815",10.10,"493,031.50"
2020-12-31,2020123104000974,NEF,17,14,966,10.10,"9,756.60"
2020-12-31,2020123104000955,NEF,17,42,219,10.10,"2,211.90"
2020-12-31,2020123104000879,NEF,41,17,"2,414",10.09,"24,357.26"
2020-12-31,2020123104000813,NEF,5,32,"2,414",10.01,"24,164.14"
2020-12-31,2020123104000799,NEF,41,41,"1,127",10.09,"11,371.43"
2020-12-31,2020123104001032,NEF,6,49,"2,414",10.16,"24,526.24"
2020-12-31,2020123104001031,NEF,6,41,"2,414",10.16,"24,526.24"
2020-12-31,2020123104001030,NEF,6,41,"2,414",10.16,"24,526.24"
2020-12-31,2020123104001029,NEF,6,49,"2,370",10.15,"24,055.50"
2020-12-31,2020123104001028,NEF,6,56,483,10.15,"4,902.45"
2020-12-31,2020123104001027,NEF,6,22,"20,000",10.14,"202,800.00"
2020-12-31,2020123104001038,NEF,6,19,"5,500",10.18,"55,990.00"
2020-12-31,2020123104001037,NEF,6,50,"1,207",10.19,"12,299.33"
2020-12-31,2020123104001036,NEF,6,51,"14,818",10.18,"150,847.24"
2020-12-31,2020123104001035,NEF,6,22,"3,070",10.18,"31,252.60"
2020-12-31,2020123104001034,NEF,6,56,"2,000",10.17,"20,340.00"
2020-12-31,2020123104001033,NEF,6,51,483,10.17,"4,912.11"
2020-12-31,2020123104001047,NEF,6,19,"1,363",10.20,"13,902.60"
2020-12-31,2020123104001046,NEF,6,39,966,10.20,"9,853.20"
2020-12-31,2020123104001045,NEF,6,49,"2,816",10.20,"28,723.20"
2020-12-31,2020123104001044,NEF,6,49,"2,816",10.20,"28,723.20"
2020-12-31,2020123104001043,NEF,6,49,"107,668",10.19,"1,097,136.92"
2020-12-31,2020123104001039,NEF,6,7,"2,414",10.18,"24,574.52"
2020-12-31,2020123104001185,NIBLPF,6,6,783,10.14,"7,939.62"
2020-12-31,2020123104001184,NIBLPF,10,6,732,10.14,"7,422.48"
2020-12-31,2020123104001153,NIBLPF,10,18,505,10.14,"5,120.70"
2020-12-31,2020123104001150,NIBLPF,10,18,505,10.14,"5,120.70"
2020-12-31,2020123104001143,NIBLPF,10,18,505,10.14,"5,120.70"
2020-12-31,2020123104001071,NIBLPF,6,53,253,10.12,"2,560.36"
2020-12-31,2020123104000933,NIBLPF,10,22,253,10.11,"2,557.83"
2020-12-31,2020123104001165,NIBPO,33,32,200,451.00,"90,200.00"
2020-12-31,2020123104001155,NIBPO,33,35,500,451.00,"225,500.00"
2020-12-31,2020123104001154,NIBPO,43,35,500,451.00,"225,500.00"
2020-12-31,2020123104001094,NIBPO,33,47,121,450.00,"54,450.00"
2020-12-31,2020123104001093,NIBPO,33,32,190,450.00,"85,500.00"
2020-12-31,2020123104001083,NIBPO,28,32,10,451.00,"4,510.00"
2020-12-31,2020123104000982,NIBPO,33,19,500,452.00,"226,000.00"
2020-12-31,2020123104000981,NIBPO,33,46,25,452.00,"11,300.00"
2020-12-31,2020123104000980,NIBPO,33,6,470,452.00,"212,440.00"
2020-12-31,2020123104000798,NIBPO,7,6,30,452.00,"13,560.00"
2020-12-31,2020123104000968,NIBSF1,43,19,"10,000",11.41,"114,100.00"
2020-12-31,2020123104000894,NIBSF1,42,42,371,11.38,"4,221.98"
2020-12-31,2020123104000825,NIBSF1,14,1,"5,000",11.42,"57,100.00"
2020-12-31,2020123104001128,NICBF,58,49,900,9.90,"8,910.00"
2020-12-31,2020123104001074,NICBF,58,16,"1,000",10.01,"10,010.00"
2020-12-31,2020123104001073,NICBF,58,11,300,10.00,"3,000.00"
2020-12-31,2020123104001072,NICBF,58,38,100,10.00,"1,000.00"
2020-12-31,2020123104000801,NICBF,58,6,100,9.90,990.00
2020-12-31,2020123104001207,NICGF,45,22,100,10.56,"1,056.00"
2020-12-31,2020123104001168,NICGF,45,56,500,10.56,"5,280.00"
2020-12-31,2020123104001115,NICGF,49,51,"5,000",10.61,"53,050.00"
2020-12-31,2020123104001075,NICGF,49,50,"10,000",10.60,"106,000.00"
2020-12-31,2020123104001064,NICGF,17,21,100,10.55,"1,055.00"
2020-12-31,2020123104000995,NICGF,17,26,100,10.54,"1,054.00"
2020-12-31,2020123104000924,NICGF,28,57,700,10.50,"7,350.00"
2020-12-31,2020123104000833,NICGF,6,6,"11,500",10.54,"121,210.00"
2020-12-31,2020123104001170,NMB50,8,34,"50,000",10.30,"515,000.00"
2020-12-31,2020123104001167,NMB50,8,22,"50,000",10.29,"514,500.00"
2020-12-31,2020123104001166,NMB50,8,45,"1,500",10.28,"15,420.00"
2020-12-31,2020123104001088,NMB50,49,54,"4,000",10.25,"41,000.00"
2020-12-31,2020123104001050,NMB50,17,22,"50,000",10.23,"511,500.00"
2020-12-31,2020123104000862,NMB50,6,6,"2,300",10.23,"23,529.00"
2020-12-31,2020123104000783,NMB50,58,6,200,10.22,"2,044.00"
2020-12-31,2020123104001234,NMBHF1,17,11,"3,745",10.15,"38,011.75"
2020-12-31,2020123104001232,NMBHF1,17,11,"3,745",10.15,"38,011.75"
2020-12-31,2020123104001229,NMBHF1,17,46,832,10.15,"8,444.80"
2020-12-31,2020123104001228,NMBHF1,17,11,"3,745",10.15,"38,011.75"
2020-12-31,2020123104001214,NMBHF1,17,11,"3,745",10.15,"38,011.75"
2020-12-31,2020123104001091,NMBHF1,17,39,832,10.15,"8,444.80"
2020-12-31,2020123104000815,NMBHF1,8,32,"4,161",10.05,"41,818.05"
2020-12-31,2020123104001001,NMBHF1,6,50,"1,000",10.19,"10,190.00"
2020-12-31,2020123104001000,NMBHF1,6,49,"2,172",10.15,"22,045.80"
2020-12-31,2020123104000999,NMBHF1,6,19,963,10.15,"9,774.45"
2020-12-31,2020123104000998,NMBHF1,6,17,"10,161",10.14,"103,032.54"
2020-12-31,2020123104000947,NMBHF1,8,17,"4,536",10.05,"45,586.80"
2020-12-31,2020123104000946,NMBHF1,8,6,832,10.05,"8,361.60"
2020-12-31,2020123104001007,NMBHF1,6,58,"4,161",10.25,"42,650.25"
2020-12-31,2020123104001006,NMBHF1,6,49,"2,172",10.25,"22,263.00"
2020-12-31,2020123104001005,NMBHF1,6,41,"2,913",10.20,"29,712.60"
2020-12-31,2020123104001004,NMBHF1,6,49,"1,577",10.20,"16,085.40"
2020-12-31,2020123104001003,NMBHF1,6,49,"1,577",10.20,"16,085.40"
2020-12-31,2020123104001002,NMBHF1,6,37,"18,000",10.20,"183,600.00"
2020-12-31,2020123104001019,NMBHF1,6,17,832,10.30,"8,569.60"
2020-12-31,2020123104001018,NMBHF1,6,34,"4,161",10.30,"42,858.30"
2020-12-31,2020123104001017,NMBHF1,6,56,"10,000",10.29,"102,900.00"
2020-12-31,2020123104001016,NMBHF1,6,50,"2,000",10.29,"20,580.00"
2020-12-31,2020123104001009,NMBHF1,6,42,832,10.25,"8,528.00"
2020-12-31,2020123104001008,NMBHF1,6,42,"4,161",10.25,"42,650.25"
2020-12-31,2020123104001089,RBCLPO,53,22,10,"13,899.00","138,990.00"
2020-12-31,2020123104000931,RBCLPO,26,34,10,"13,648.00","136,480.00"
2020-12-31,2020123104000876,RBCLPO,58,59,149,"13,647.00","2,033,403.00"
2020-12-31,2020123104000875,RBCLPO,58,59,30,"13,647.00","409,410.00"
2020-12-31,2020123104000874,RBCLPO,58,59,30,"13,647.00","409,410.00"
2020-12-31,2020123104000873,RBCLPO,34,59,20,"13,660.00","273,200.00"
2020-12-31,2020123104000872,RBCLPO,26,59,10,"13,660.00","136,600.00"
2020-12-31,2020123104000871,RBCLPO,26,59,10,"13,700.00","137,000.00"
2020-12-31,2020123104000870,RBCLPO,26,59,10,"13,701.00","137,010.00"
2020-12-31,2020123104001163,SAEF,39,56,500,11.26,"5,630.00"
2020-12-31,2020123104000938,SAEF,5,34,"5,000",11.37,"56,850.00"
2020-12-31,2020123104000937,SAEF,34,34,"7,000",11.37,"79,590.00"
2020-12-31,2020123104000936,SAEF,39,34,"5,000",11.38,"56,900.00"
2020-12-31,2020123104000935,SAEF,47,34,"18,000",11.45,"206,100.00"
2020-12-31,2020123104000934,SAEF,17,34,"49,900",11.47,"572,353.00"
2020-12-31,2020123104000923,SAEF,17,26,100,11.47,"1,147.00"
2020-12-31,2020123104000917,SAEF,47,45,"1,000",11.45,"11,450.00"
2020-12-31,2020123104001160,SEF,17,59,"13,650",10.40,"141,960.00"
2020-12-31,2020123104000989,SEF,6,50,"10,000",10.45,"104,500.00"
2020-12-31,2020123104000988,SEF,6,29,"1,500",10.45,"15,675.00"
2020-12-31,2020123104000987,SEF,6,13,"2,300",10.45,"24,035.00"
2020-12-31,2020123104000986,SEF,6,19,"5,000",10.44,"52,200.00"
2020-12-31,2020123104000985,SEF,6,50,"10,000",10.43,"104,300.00"
2020-12-31,2020123104000856,SEF,13,5,"5,000",10.30,"51,500.00"
2020-12-31,2020123104000984,SEF,6,50,"5,000",10.40,"52,000.00"
2020-12-31,2020123104000949,SEF,3,41,550,10.29,"5,659.50"
2020-12-31,2020123104000921,SEF,3,16,"5,100",10.29,"52,479.00"
2020-12-31,2020123104000912,SEF,39,16,"5,000",10.29,"51,450.00"
2020-12-31,2020123104000910,SEF,39,16,"5,000",10.29,"51,450.00"
2020-12-31,2020123104000878,SEF,29,16,"4,900",10.29,"50,421.00"
2020-12-31,2020123104001216,SFMF,11,1,500,10.15,"5,075.00"
2020-12-31,2020123104000866,SFMF,6,50,"1,000",10.10,"10,100.00"
2020-12-31,2020123104000820,SFMF,6,45,100,10.10,"1,010.00"
2020-12-31,2020123104001257,SGI,21,19,10,556.00,"5,560.00"
2020-12-31,2020123104001255,SGI,21,42,10,556.00,"5,560.00"
2020-12-31,2020123104001254,SGI,21,19,10,556.00,"5,560.00"
2020-12-31,2020123104001246,SGI,21,58,10,556.00,"5,560.00"
2020-12-31,2020123104001244,SGI,21,48,10,556.00,"5,560.00"
2020-12-31,2020123104001242,SGI,39,58,10,557.00,"5,570.00"
2020-12-31,2020123104000763,SGI,43,52,10,556.00,"5,560.00"
2020-12-31,2020123104000769,SGI,43,13,10,558.00,"5,580.00"
2020-12-31,2020123104000768,SGI,43,35,10,557.00,"5,570.00"
2020-12-31,2020123104000767,SGI,43,13,10,557.00,"5,570.00"
2020-12-31,2020123104000766,SGI,43,8,10,557.00,"5,570.00"
2020-12-31,2020123104000765,SGI,43,8,10,557.00,"5,570.00"
2020-12-31,2020123104000764,SGI,43,16,10,557.00,"5,570.00"
2020-12-31,2020123104000775,SGI,43,13,10,558.00,"5,580.00"
2020-12-31,2020123104000774,SGI,43,13,10,558.00,"5,580.00"
2020-12-31,2020123104000773,SGI,43,13,10,558.00,"5,580.00"
2020-12-31,2020123104000772,SGI,43,13,10,558.00,"5,580.00"
2020-12-31,2020123104000771,SGI,43,13,10,558.00,"5,580.00"
2020-12-31,2020123104000770,SGI,43,13,10,558.00,"5,580.00"
2020-12-31,2020123104000812,SGI,43,53,10,555.00,"5,550.00"
2020-12-31,2020123104000800,SGI,43,38,10,555.00,"5,550.00"
2020-12-31,2020123104000796,SGI,52,34,10,556.00,"5,560.00"
2020-12-31,2020123104000781,SGI,43,39,10,555.00,"5,550.00"
2020-12-31,2020123104000780,SGI,43,49,10,555.00,"5,550.00"
2020-12-31,2020123104000776,SGI,43,8,10,558.00,"5,580.00"
2020-12-31,2020123104000826,SGI,59,38,10,555.00,"5,550.00"
2020-12-31,2020123104000824,SGI,59,47,10,555.00,"5,550.00"
2020-12-31,2020123104000823,SGI,43,47,10,555.00,"5,550.00"
2020-12-31,2020123104000819,SGI,43,38,10,555.00,"5,550.00"
2020-12-31,2020123104000818,SGI,43,36,10,555.00,"5,550.00"
2020-12-31,2020123104000817,SGI,43,45,10,555.00,"5,550.00"
2020-12-31,2020123104000836,SGI,28,47,10,556.00,"5,560.00"
2020-12-31,2020123104000835,SGI,28,17,10,556.00,"5,560.00"
2020-12-31,2020123104000834,SGI,28,42,10,556.00,"5,560.00"
2020-12-31,2020123104000831,SGI,28,49,10,556.00,"5,560.00"
2020-12-31,2020123104000830,SGI,28,14,10,556.00,"5,560.00"
2020-12-31,2020123104000829,SGI,41,13,10,557.00,"5,570.00"
2020-12-31,2020123104000854,SGI,28,38,10,556.00,"5,560.00"
2020-12-31,2020123104000844,SGI,28,47,10,556.00,"5,560.00"
2020-12-31,2020123104000843,SGI,28,48,10,556.00,"5,560.00"
2020-12-31,2020123104000841,SGI,52,51,10,559.00,"5,590.00"
2020-12-31,2020123104000840,SGI,52,17,10,559.00,"5,590.00"
2020-12-31,2020123104000839,SGI,52,45,10,559.00,"5,590.00"
2020-12-31,2020123104000888,SGI,28,17,10,556.00,"5,560.00"
2020-12-31,2020123104000885,SGI,28,44,10,556.00,"5,560.00"
2020-12-31,2020123104000884,SGI,28,47,10,556.00,"5,560.00"
2020-12-31,2020123104000882,SGI,28,44,10,556.00,"5,560.00"
2020-12-31,2020123104000877,SGI,28,48,10,556.00,"5,560.00"
2020-12-31,2020123104000868,SGI,28,38,10,556.00,"5,560.00"
2020-12-31,2020123104000901,SGI,28,45,10,556.00,"5,560.00"
2020-12-31,2020123104000893,SGI,1,41,10,560.00,"5,600.00"
2020-12-31,2020123104000892,SGI,1,42,10,560.00,"5,600.00"
2020-12-31,2020123104000891,SGI,1,11,10,560.00,"5,600.00"
2020-12-31,2020123104000890,SGI,1,50,10,560.00,"5,600.00"
2020-12-31,2020123104000889,SGI,1,4,10,560.00,"5,600.00"
2020-12-31,2020123104000918,SGI,25,52,10,556.00,"5,560.00"
2020-12-31,2020123104000916,SGI,28,41,10,556.00,"5,560.00"
2020-12-31,2020123104000915,SGI,28,59,10,556.00,"5,560.00"
2020-12-31,2020123104000913,SGI,28,38,10,556.00,"5,560.00"
2020-12-31,2020123104000911,SGI,28,47,10,556.00,"5,560.00"
2020-12-31,2020123104000903,SGI,28,22,10,556.00,"5,560.00"
2020-12-31,2020123104000932,SGI,25,38,10,556.00,"5,560.00"
2020-12-31,2020123104000927,SGI,25,21,10,556.00,"5,560.00"
2020-12-31,2020123104000926,SGI,25,21,10,556.00,"5,560.00"
2020-12-31,2020123104000925,SGI,25,33,10,556.00,"5,560.00"
2020-12-31,2020123104000922,SGI,25,45,10,556.00,"5,560.00"
2020-12-31,2020123104000920,SGI,52,35,10,559.00,"5,590.00"
2020-12-31,2020123104000951,SGI,25,45,10,556.00,"5,560.00"
2020-12-31,2020123104000948,SGI,25,45,10,556.00,"5,560.00"
2020-12-31,2020123104000945,SGI,25,35,10,556.00,"5,560.00"
2020-12-31,2020123104000941,SGI,25,39,10,556.00,"5,560.00"
2020-12-31,2020123104000940,SGI,25,39,10,556.00,"5,560.00"
2020-12-31,2020123104000939,SGI,25,49,10,556.00,"5,560.00"
2020-12-31,2020123104000960,SGI,25,39,10,556.00,"5,560.00"
2020-12-31,2020123104000959,SGI,34,44,10,559.00,"5,590.00"
2020-12-31,2020123104000958,SGI,25,40,10,556.00,"5,560.00"
2020-12-31,2020123104000957,SGI,25,39,10,556.00,"5,560.00"
2020-12-31,2020123104000954,SGI,25,51,10,556.00,"5,560.00"
2020-12-31,2020123104000952,SGI,25,57,10,556.00,"5,560.00"
2020-12-31,2020123104000978,SGI,6,40,10,556.00,"5,560.00"
2020-12-31,2020123104000975,SGI,6,33,10,556.00,"5,560.00"
2020-12-31,2020123104000973,SGI,6,35,10,556.00,"5,560.00"
2020-12-31,2020123104000972,SGI,25,56,10,556.00,"5,560.00"
2020-12-31,2020123104000971,SGI,25,33,10,556.00,"5,560.00"
2020-12-31,2020123104000961,SGI,25,45,10,556.00,"5,560.00"
2020-12-31,2020123104000994,SGI,56,33,10,557.00,"5,570.00"
2020-12-31,2020123104000993,SGI,56,26,10,557.00,"5,570.00"
2020-12-31,2020123104000992,SGI,56,35,10,557.00,"5,570.00"
2020-12-31,2020123104000991,SGI,6,38,10,556.00,"5,560.00"
2020-12-31,2020123104000990,SGI,6,8,10,556.00,"5,560.00"
2020-12-31,2020123104000983,SGI,6,34,10,556.00,"5,560.00"
2020-12-31,2020123104001021,SGI,56,55,10,557.00,"5,570.00"
2020-12-31,2020123104001020,SGI,56,21,10,557.00,"5,570.00"
2020-12-31,2020123104001013,SGI,56,35,10,557.00,"5,570.00"
2020-12-31,2020123104001012,SGI,56,21,10,557.00,"5,570.00"
2020-12-31,2020123104001011,SGI,56,34,10,557.00,"5,570.00"
2020-12-31,2020123104000997,SGI,56,45,10,557.00,"5,570.00"
2020-12-31,2020123104001065,SGI,49,53,10,557.00,"5,570.00"
2020-12-31,2020123104001061,SGI,49,57,10,557.00,"5,570.00"
2020-12-31,2020123104001060,SGI,49,44,10,557.00,"5,570.00"
2020-12-31,2020123104001059,SGI,49,35,10,557.00,"5,570.00"
2020-12-31,2020123104001056,SGI,6,50,10,556.00,"5,560.00"
2020-12-31,2020123104001022,SGI,56,37,10,557.00,"5,570.00"
2020-12-31,2020123104001090,SGI,49,22,10,557.00,"5,570.00"
2020-12-31,2020123104001086,SGI,49,21,10,557.00,"5,570.00"
2020-12-31,2020123104001085,SGI,49,59,10,557.00,"5,570.00"
2020-12-31,2020123104001082,SGI,49,14,10,557.00,"5,570.00"
2020-12-31,2020123104001081,SGI,49,33,10,557.00,"5,570.00"
2020-12-31,2020123104001067,SGI,49,52,10,557.00,"5,570.00"
2020-12-31,2020123104001101,SGI,35,22,10,555.00,"5,550.00"
2020-12-31,2020123104001100,SGI,6,51,10,556.00,"5,560.00"
2020-12-31,2020123104001099,SGI,6,22,10,556.00,"5,560.00"
2020-12-31,2020123104001098,SGI,6,33,10,556.00,"5,560.00"
2020-12-31,2020123104001097,SGI,6,1,10,556.00,"5,560.00"
2020-12-31,2020123104001095,SGI,6,33,10,556.00,"5,560.00"
2020-12-31,2020123104001112,SGI,35,28,10,555.00,"5,550.00"
2020-12-31,2020123104001110,SGI,35,22,10,555.00,"5,550.00"
2020-12-31,2020123104001107,SGI,35,22,10,555.00,"5,550.00"
2020-12-31,2020123104001105,SGI,35,22,10,555.00,"5,550.00"
2020-12-31,2020123104001104,SGI,35,39,10,555.00,"5,550.00"
2020-12-31,2020123104001103,SGI,35,22,10,555.00,"5,550.00"
2020-12-31,2020123104001129,SGI,35,22,10,555.00,"5,550.00"
2020-12-31,2020123104001125,SGI,35,32,10,555.00,"5,550.00"
2020-12-31,2020123104001122,SGI,35,22,10,555.00,"5,550.00"
2020-12-31,2020123104001119,SGI,35,22,10,555.00,"5,550.00"
2020-12-31,2020123104001117,SGI,35,58,10,555.00,"5,550.00"
2020-12-31,2020123104001113,SGI,35,58,10,555.00,"5,550.00"
2020-12-31,2020123104001142,SGI,39,22,10,556.00,"5,560.00"
2020-12-31,2020123104001141,SGI,39,58,10,556.00,"5,560.00"
2020-12-31,2020123104001140,SGI,39,7,10,556.00,"5,560.00"
2020-12-31,2020123104001136,SGI,39,45,10,556.00,"5,560.00"
2020-12-31,2020123104001134,SGI,39,39,10,556.00,"5,560.00"
2020-12-31,2020123104001133,SGI,39,22,10,556.00,"5,560.00"
2020-12-31,2020123104001157,SGI,21,45,10,556.00,"5,560.00"
2020-12-31,2020123104001152,SGI,21,17,10,556.00,"5,560.00"
2020-12-31,2020123104001151,SGI,39,38,10,556.00,"5,560.00"
2020-12-31,2020123104001149,SGI,39,53,10,556.00,"5,560.00"
2020-12-31,2020123104001145,SGI,39,22,10,556.00,"5,560.00"
2020-12-31,2020123104001144,SGI,39,22,10,556.00,"5,560.00"
2020-12-31,2020123104001175,SGI,21,13,10,558.00,"5,580.00"
2020-12-31,2020123104001174,SGI,21,55,10,558.00,"5,580.00"
2020-12-31,2020123104001173,SGI,21,41,10,558.00,"5,580.00"
2020-12-31,2020123104001172,SGI,39,17,10,557.00,"5,570.00"
2020-12-31,2020123104001162,SGI,21,14,10,556.00,"5,560.00"
2020-12-31,2020123104001161,SGI,21,56,10,556.00,"5,560.00"
2020-12-31,2020123104001198,SGI,39,58,10,557.00,"5,570.00"
2020-12-31,2020123104001193,SGI,39,45,10,557.00,"5,570.00"
2020-12-31,2020123104001192,SGI,39,58,10,557.00,"5,570.00"
2020-12-31,2020123104001191,SGI,39,21,10,557.00,"5,570.00"
2020-12-31,2020123104001186,SGI,39,45,10,557.00,"5,570.00"
2020-12-31,2020123104001177,SGI,39,13,10,557.00,"5,570.00"
2020-12-31,2020123104001212,SGI,39,4,10,557.00,"5,570.00"
2020-12-31,2020123104001211,SGI,39,38,10,557.00,"5,570.00"
2020-12-31,2020123104001209,SGI,39,59,10,557.00,"5,570.00"
2020-12-31,2020123104001204,SGI,39,33,10,557.00,"5,570.00"
2020-12-31,2020123104001203,SGI,39,42,10,557.00,"5,570.00"
2020-12-31,2020123104001200,SGI,39,1,10,557.00,"5,570.00"
2020-12-31,2020123104001241,SGI,39,58,10,557.00,"5,570.00"
2020-12-31,2020123104001240,SGI,39,38,10,557.00,"5,570.00"
2020-12-31,2020123104001235,SGI,39,58,10,557.00,"5,570.00"
2020-12-31,2020123104001233,SGI,39,34,10,557.00,"5,570.00"
2020-12-31,2020123104001231,SGI,39,58,10,557.00,"5,570.00"
2020-12-31,2020123104001227,SGI,39,51,10,557.00,"5,570.00"
2020-12-31,2020123104001247,STC,8,53,10,"6,188.00","61,880.00"
2020-12-31,2020123104001197,STC,32,33,70,"6,179.00","432,530.00"
2020-12-31,2020123104001183,STC,33,26,10,"6,110.00","61,100.00"
2020-12-31,2020123104001182,STC,38,26,50,"6,115.00","305,750.00"
2020-12-31,2020123104001024,STC,14,26,10,"6,174.00","61,740.00"
2020-12-31,2020123104001014,STC,33,33,10,"6,175.00","61,750.00"
2020-12-31,2020123104000789,STC,59,33,20,"6,178.00","123,560.00"
2020-12-31,2020123104000788,STC,59,49,100,"6,177.00","617,700.00"
2020-12-31,2020123104000787,STC,59,25,10,"6,175.00","61,750.00"
2020-12-31,2020123104000786,STC,59,18,10,"6,174.00","61,740.00"
2020-12-31,2020123104000785,STC,59,25,10,"6,170.00","61,700.00"
2020-12-31,2020123104000802,STC,59,44,70,"6,190.00","433,300.00"
2020-12-31,2020123104000794,STC,59,59,500,"6,180.00","3,090,000.00"
2020-12-31,2020123104000793,STC,59,45,10,"6,180.00","61,800.00"
2020-12-31,2020123104000792,STC,59,45,10,"6,180.00","61,800.00"
2020-12-31,2020123104000791,STC,59,29,30,"6,179.00","185,370.00"
2020-12-31,2020123104000790,STC,59,33,100,"6,178.00","617,800.00"
2020-12-31,2020123104000808,STC,59,19,10,"6,205.00","62,050.00"
2020-12-31,2020123104000807,STC,59,10,50,"6,200.00","310,000.00"
2020-12-31,2020123104000806,STC,59,57,20,"6,200.00","124,000.00"
2020-12-31,2020123104000805,STC,59,42,13,"6,200.00","80,600.00"
2020-12-31,2020123104000804,STC,59,17,20,"6,198.00","123,960.00"
2020-12-31,2020123104000803,STC,59,10,10,"6,195.00","61,950.00"
2020-12-31,2020123104000969,STC,1,49,65,"6,180.00","401,700.00"
2020-12-31,2020123104000950,STC,48,38,10,"6,213.00","62,130.00"
2020-12-31,2020123104000881,STC,14,29,20,"6,218.00","124,360.00"
2020-12-31,2020123104000838,STC,3,33,30,"6,219.00","186,570.00"
2020-12-31,2020123104000822,STC,52,33,102,"6,189.00","631,278.00"
2020-12-31,2020123104000816,STC,52,42,100,"6,190.00","619,000.00"
2020-12-31,2020123104000713,BBC,7,7,30,"2,725.00","81,750.00"
2020-12-31,2020123104000712,BBC,45,7,10,"2,730.00","27,300.00"
2020-12-31,2020123104000549,BBC,43,58,50,"2,744.00","137,200.00"
2020-12-31,2020123104000548,BBC,56,58,10,"2,744.00","27,440.00"
2020-12-31,2020123104000508,BBC,13,53,10,"2,745.00","27,450.00"
2020-12-31,2020123104000402,BBC,42,14,10,"2,780.00","27,800.00"
2020-12-31,2020123104000330,BBC,1,46,30,"2,800.00","84,000.00"
2020-12-31,2020123104000658,GBD80/81,26,45,25,"1,051.00","26,275.00"
2020-12-31,2020123104000757,GIC,57,53,10,536.00,"5,360.00"
2020-12-31,2020123104000756,GIC,57,11,10,536.00,"5,360.00"
2020-12-31,2020123104000752,GIC,42,34,10,535.00,"5,350.00"
2020-12-31,2020123104000750,GIC,42,29,10,535.00,"5,350.00"
2020-12-31,2020123104000749,GIC,42,13,10,535.00,"5,350.00"
2020-12-31,2020123104000748,GIC,42,8,10,535.00,"5,350.00"
2020-12-31,2020123104000275,GIC,6,49,20,532.00,"10,640.00"
2020-12-31,2020123104000271,GIC,6,13,10,532.00,"5,320.00"
2020-12-31,2020123104000267,GIC,6,21,10,532.00,"5,320.00"
2020-12-31,2020123104000265,GIC,6,55,10,532.00,"5,320.00"
2020-12-31,2020123104000263,GIC,6,34,10,532.00,"5,320.00"
2020-12-31,2020123104000259,GIC,6,22,10,532.00,"5,320.00"
2020-12-31,2020123104000301,GIC,33,36,10,532.00,"5,320.00"
2020-12-31,2020123104000300,GIC,33,52,10,532.00,"5,320.00"
2020-12-31,2020123104000294,GIC,33,54,10,532.00,"5,320.00"
2020-12-31,2020123104000291,GIC,6,59,10,532.00,"5,320.00"
2020-12-31,2020123104000288,GIC,6,36,10,532.00,"5,320.00"
2020-12-31,2020123104000282,GIC,6,36,10,532.00,"5,320.00"
2020-12-31,2020123104000312,GIC,49,14,20,532.00,"10,640.00"
2020-12-31,2020123104000311,GIC,7,14,50,532.00,"26,600.00"
2020-12-31,2020123104000310,GIC,42,14,190,532.00,"101,080.00"
2020-12-31,2020123104000309,GIC,33,14,70,532.00,"37,240.00"
2020-12-31,2020123104000308,GIC,57,14,40,533.00,"21,320.00"
2020-12-31,2020123104000307,GIC,57,32,10,533.00,"5,330.00"
2020-12-31,2020123104000318,GIC,21,14,170,531.00,"90,270.00"
2020-12-31,2020123104000317,GIC,17,14,100,531.00,"53,100.00"
2020-12-31,2020123104000316,GIC,39,14,100,531.00,"53,100.00"
2020-12-31,2020123104000315,GIC,22,14,200,531.00,"106,200.00"
2020-12-31,2020123104000314,GIC,33,14,60,531.00,"31,860.00"
2020-12-31,2020123104000313,GIC,26,14,20,532.00,"10,640.00"
2020-12-31,2020123104000329,GIC,21,32,10,531.00,"5,310.00"
2020-12-31,2020123104000324,GIC,21,48,10,531.00,"5,310.00"
2020-12-31,2020123104000323,GIC,21,55,110,531.00,"58,410.00"
2020-12-31,2020123104000322,GIC,21,55,10,531.00,"5,310.00"
2020-12-31,2020123104000321,GIC,21,37,10,531.00,"5,310.00"
2020-12-31,2020123104000320,GIC,21,55,10,531.00,"5,310.00"
2020-12-31,2020123104000340,GIC,21,32,10,531.00,"5,310.00"
2020-12-31,2020123104000339,GIC,21,21,10,531.00,"5,310.00"
2020-12-31,2020123104000337,GIC,21,46,10,531.00,"5,310.00"
2020-12-31,2020123104000334,GIC,21,28,10,531.00,"5,310.00"
2020-12-31,2020123104000333,GIC,21,32,10,531.00,"5,310.00"
2020-12-31,2020123104000332,GIC,21,56,10,531.00,"5,310.00"
2020-12-31,2020123104000367,GIC,21,32,10,531.00,"5,310.00"
2020-12-31,2020123104000366,GIC,21,55,10,531.00,"5,310.00"
2020-12-31,2020123104000361,GIC,21,17,10,531.00,"5,310.00"
2020-12-31,2020123104000351,GIC,21,46,10,531.00,"5,310.00"
2020-12-31,2020123104000348,GIC,21,32,10,531.00,"5,310.00"
2020-12-31,2020123104000342,GIC,21,32,10,531.00,"5,310.00"
2020-12-31,2020123104000392,GIC,6,17,10,531.00,"5,310.00"
2020-12-31,2020123104000390,GIC,21,4,10,531.00,"5,310.00"
2020-12-31,2020123104000389,GIC,21,32,10,531.00,"5,310.00"
2020-12-31,2020123104000381,GIC,21,38,10,531.00,"5,310.00"
2020-12-31,2020123104000376,GIC,21,49,10,531.00,"5,310.00"
2020-12-31,2020123104000370,GIC,21,38,10,531.00,"5,310.00"
2020-12-31,2020123104000403,GIC,49,4,10,531.00,"5,310.00"
2020-12-31,2020123104000399,GIC,49,32,10,531.00,"5,310.00"
2020-12-31,2020123104000398,GIC,6,58,10,531.00,"5,310.00"
2020-12-31,2020123104000397,GIC,6,52,10,531.00,"5,310.00"
2020-12-31,2020123104000395,GIC,6,8,10,531.00,"5,310.00"
2020-12-31,2020123104000394,GIC,6,29,10,531.00,"5,310.00"
2020-12-31,2020123104000414,GIC,21,32,10,531.00,"5,310.00"
2020-12-31,2020123104000413,GIC,21,41,10,531.00,"5,310.00"
2020-12-31,2020123104000412,GIC,49,58,10,531.00,"5,310.00"
2020-12-31,2020123104000406,GIC,49,4,10,531.00,"5,310.00"
2020-12-31,2020123104000405,GIC,49,58,10,531.00,"5,310.00"
2020-12-31,2020123104000404,GIC,49,45,10,531.00,"5,310.00"
2020-12-31,2020123104000426,GIC,21,58,10,531.00,"5,310.00"
2020-12-31,2020123104000425,GIC,21,55,10,531.00,"5,310.00"
2020-12-31,2020123104000422,GIC,52,13,10,532.00,"5,320.00"
2020-12-31,2020123104000421,GIC,52,13,10,532.00,"5,320.00"
2020-12-31,2020123104000420,GIC,52,13,10,532.00,"5,320.00"
2020-12-31,2020123104000419,GIC,52,16,10,532.00,"5,320.00"
2020-12-31,2020123104000456,GIC,28,13,10,532.00,"5,320.00"
2020-12-31,2020123104000447,GIC,21,32,10,531.00,"5,310.00"
2020-12-31,2020123104000446,GIC,21,45,10,531.00,"5,310.00"
2020-12-31,2020123104000439,GIC,21,58,10,531.00,"5,310.00"
2020-12-31,2020123104000428,GIC,21,10,10,531.00,"5,310.00"
2020-12-31,2020123104000427,GIC,21,45,10,531.00,"5,310.00"
2020-12-31,2020123104000469,GIC,57,52,10,532.00,"5,320.00"
2020-12-31,2020123104000467,GIC,58,36,5,532.00,"2,660.00"
2020-12-31,2020123104000465,GIC,21,52,10,531.00,"5,310.00"
2020-12-31,2020123104000464,GIC,52,13,10,532.00,"5,320.00"
2020-12-31,2020123104000459,GIC,21,52,10,531.00,"5,310.00"
2020-12-31,2020123104000457,GIC,28,13,10,532.00,"5,320.00"
2020-12-31,2020123104000485,GIC,21,52,10,532.00,"5,320.00"
2020-12-31,2020123104000484,GIC,21,38,10,532.00,"5,320.00"
2020-12-31,2020123104000479,GIC,21,17,10,532.00,"5,320.00"
2020-12-31,2020123104000475,GIC,57,45,10,532.00,"5,320.00"
2020-12-31,2020123104000472,GIC,57,49,10,532.00,"5,320.00"
2020-12-31,2020123104000470,GIC,57,6,10,532.00,"5,320.00"
2020-12-31,2020123104000499,GIC,21,46,10,531.00,"5,310.00"
2020-12-31,2020123104000494,GIC,49,42,50,532.00,"26,600.00"
2020-12-31,2020123104000493,GIC,3,42,10,532.00,"5,320.00"
2020-12-31,2020123104000492,GIC,21,42,40,532.00,"21,280.00"
2020-12-31,2020123104000489,GIC,21,45,10,532.00,"5,320.00"
2020-12-31,2020123104000488,GIC,21,58,10,532.00,"5,320.00"
2020-12-31,2020123104000515,GIC,21,32,10,531.00,"5,310.00"
2020-12-31,2020123104000513,GIC,21,45,10,531.00,"5,310.00"
2020-12-31,2020123104000510,GIC,21,17,10,531.00,"5,310.00"
2020-12-31,2020123104000509,GIC,21,20,10,531.00,"5,310.00"
2020-12-31,2020123104000505,GIC,21,56,10,531.00,"5,310.00"
2020-12-31,2020123104000503,GIC,21,7,10,531.00,"5,310.00"
2020-12-31,2020123104000535,GIC,21,56,10,531.00,"5,310.00"
2020-12-31,2020123104000521,GIC,21,40,10,531.00,"5,310.00"
2020-12-31,2020123104000520,GIC,21,56,10,531.00,"5,310.00"
2020-12-31,2020123104000519,GIC,21,45,10,531.00,"5,310.00"
2020-12-31,2020123104000518,GIC,32,42,90,532.00,"47,880.00"
2020-12-31,2020123104000517,GIC,21,49,60,531.00,"31,860.00"
2020-12-31,2020123104000556,GIC,21,38,10,531.00,"5,310.00"
2020-12-31,2020123104000555,GIC,21,39,10,531.00,"5,310.00"
2020-12-31,2020123104000551,GIC,21,48,30,531.00,"15,930.00"
2020-12-31,2020123104000550,GIC,21,26,10,531.00,"5,310.00"
2020-12-31,2020123104000545,GIC,21,40,10,531.00,"5,310.00"
2020-12-31,2020123104000540,GIC,21,46,10,531.00,"5,310.00"
2020-12-31,2020123104000580,GIC,21,22,10,531.00,"5,310.00"
2020-12-31,2020123104000577,GIC,21,38,10,531.00,"5,310.00"
2020-12-31,2020123104000576,GIC,21,56,10,531.00,"5,310.00"
2020-12-31,2020123104000574,GIC,21,26,10,531.00,"5,310.00"
2020-12-31,2020123104000570,GIC,21,38,10,531.00,"5,310.00"
2020-12-31,2020123104000557,GIC,21,21,10,531.00,"5,310.00"
2020-12-31,2020123104000590,GIC,50,35,10,532.00,"5,320.00"
2020-12-31,2020123104000589,GIC,50,38,10,532.00,"5,320.00"
2020-12-31,2020123104000588,GIC,50,40,10,532.00,"5,320.00"
2020-12-31,2020123104000586,GIC,21,39,10,531.00,"5,310.00"
2020-12-31,2020123104000583,GIC,21,3,10,531.00,"5,310.00"
2020-12-31,2020123104000581,GIC,45,17,10,532.00,"5,320.00"
2020-12-31,2020123104000608,GIC,14,3,10,533.00,"5,330.00"
2020-12-31,2020123104000607,GIC,14,13,10,533.00,"5,330.00"
2020-12-31,2020123104000605,GIC,50,40,10,532.00,"5,320.00"
2020-12-31,2020123104000603,GIC,50,16,10,532.00,"5,320.00"
2020-12-31,2020123104000595,GIC,50,38,10,532.00,"5,320.00"
2020-12-31,2020123104000593,GIC,50,58,10,532.00,"5,320.00"
2020-12-31,2020123104000619,GIC,14,58,10,533.00,"5,330.00"
2020-12-31,2020123104000615,GIC,14,39,10,533.00,"5,330.00"
2020-12-31,2020123104000613,GIC,14,43,10,533.00,"5,330.00"
2020-12-31,2020123104000611,GIC,14,7,10,533.00,"5,330.00"
2020-12-31,2020123104000610,GIC,14,29,10,533.00,"5,330.00"
2020-12-31,2020123104000609,GIC,14,35,10,533.00,"5,330.00"
2020-12-31,2020123104000635,GIC,5,42,10,532.00,"5,320.00"
2020-12-31,2020123104000634,GIC,50,58,10,532.00,"5,320.00"
2020-12-31,2020123104000629,GIC,50,42,10,532.00,"5,320.00"
2020-12-31,2020123104000627,GIC,50,34,10,532.00,"5,320.00"
2020-12-31,2020123104000625,GIC,14,36,10,533.00,"5,330.00"
2020-12-31,2020123104000620,GIC,14,58,10,533.00,"5,330.00"
2020-12-31,2020123104000656,GIC,21,42,10,531.00,"5,310.00"
2020-12-31,2020123104000653,GIC,21,42,10,531.00,"5,310.00"
2020-12-31,2020123104000652,GIC,5,42,10,532.00,"5,320.00"
