Date,Transact. No.,Symbol,Buyer,Seller,Quantity,Rate,Amount
2020-12-03,2020120304002041,BBC,34,54,30,"3,190.00","95,700.00"
2020-12-03,2020120304002040,BBC,34,39,10,"3,151.00","31,510.00"
2020-12-03,2020120304002039,BBC,34,36,10,"3,150.00","31,500.00"
2020-12-03,2020120304002030,BBC,34,41,150,"3,137.00","470,550.00"
2020-12-03,2020120304002026,BBC,14,36,10,"3,150.00","31,500.00"
2020-12-03,2020120304002025,BBC,10,36,20,"3,150.00","63,000.00"
2020-12-03,2020120304001668,BBC,37,45,40,"3,163.00","126,520.00"
2020-12-03,2020120304001667,BBC,49,45,10,"3,164.00","31,640.00"
2020-12-03,2020120304001603,BBC,37,49,15,"3,163.00","47,445.00"
2020-12-03,2020120304001602,BBC,10,49,50,"3,163.00","158,150.00"
2020-12-03,2020120304001601,BBC,44,49,20,"3,164.00","63,280.00"
2020-12-03,2020120304001824,BBC,37,54,15,"3,163.00","47,445.00"
2020-12-03,2020120304001806,BBC,57,54,10,"3,164.00","31,640.00"
2020-12-03,2020120304001805,BBC,34,54,10,"3,164.00","31,640.00"
2020-12-03,2020120304001804,BBC,51,54,60,"3,164.00","189,840.00"
2020-12-03,2020120304001802,BBC,47,54,100,"3,170.00","317,000.00"
2020-12-03,2020120304001801,BBC,33,54,10,"3,171.00","31,710.00"
2020-12-03,2020120304002024,BBC,13,36,10,"3,151.00","31,510.00"
2020-12-03,2020120304002001,BBC,58,54,10,"3,190.00","31,900.00"
2020-12-03,2020120304001973,BBC,22,36,10,"3,201.00","32,010.00"
2020-12-03,2020120304001923,BBC,58,54,10,"3,150.00","31,500.00"
2020-12-03,2020120304001915,BBC,58,54,10,"3,163.00","31,630.00"
2020-12-03,2020120304001914,BBC,37,54,30,"3,163.00","94,890.00"
2020-12-03,2020120304001982,CMF1,6,7,"9,750",10.00,"97,500.00"
2020-12-03,2020120304001779,CMF1,25,28,"1,500",9.99,"14,985.00"
2020-12-03,2020120304001753,CMF1,25,1,200,9.99,"1,998.00"
2020-12-03,2020120304001715,CMF1,25,37,340,9.99,"3,396.60"
2020-12-03,2020120304001706,CMF1,25,47,500,9.99,"4,995.00"
2020-12-03,2020120304001709,GBIMEP,28,17,"77,623",149.00,"11,565,827.00"
2020-12-03,2020120304002084,GIC,1,11,10,601.00,"6,010.00"
2020-12-03,2020120304002074,GIC,1,59,180,601.00,"108,180.00"
2020-12-03,2020120304002038,GIC,1,35,10,601.00,"6,010.00"
2020-12-03,2020120304002037,GIC,1,37,10,601.00,"6,010.00"
2020-12-03,2020120304002028,GIC,39,59,20,602.00,"12,040.00"
2020-12-03,2020120304002020,GIC,32,41,50,602.00,"30,100.00"
2020-12-03,2020120304001598,GIC,29,47,10,604.00,"6,040.00"
2020-12-03,2020120304001594,GIC,29,35,10,604.00,"6,040.00"
2020-12-03,2020120304001593,GIC,29,45,10,604.00,"6,040.00"
2020-12-03,2020120304001624,GIC,41,7,10,602.00,"6,020.00"
2020-12-03,2020120304001623,GIC,29,46,10,604.00,"6,040.00"
2020-12-03,2020120304001622,GIC,29,55,10,604.00,"6,040.00"
2020-12-03,2020120304001621,GIC,29,19,10,604.00,"6,040.00"
2020-12-03,2020120304001617,GIC,29,17,10,604.00,"6,040.00"
2020-12-03,2020120304001600,GIC,29,56,10,604.00,"6,040.00"
2020-12-03,2020120304001636,GIC,55,29,10,598.00,"5,980.00"
2020-12-03,2020120304001633,GIC,55,29,10,598.00,"5,980.00"
2020-12-03,2020120304001630,GIC,41,11,10,602.00,"6,020.00"
2020-12-03,2020120304001629,GIC,41,41,10,602.00,"6,020.00"
2020-12-03,2020120304001627,GIC,41,18,10,602.00,"6,020.00"
2020-12-03,2020120304001626,GIC,41,29,10,602.00,"6,020.00"
2020-12-03,2020120304001649,GIC,49,16,10,600.00,"6,000.00"
2020-12-03,2020120304001644,GIC,17,49,10,598.00,"5,980.00"
2020-12-03,2020120304001642,GIC,17,29,10,598.00,"5,980.00"
2020-12-03,2020120304001641,GIC,55,50,10,598.00,"5,980.00"
2020-12-03,2020120304001639,GIC,55,29,10,598.00,"5,980.00"
2020-12-03,2020120304001637,GIC,55,17,10,598.00,"5,980.00"
2020-12-03,2020120304001663,GIC,49,52,10,600.00,"6,000.00"
2020-12-03,2020120304001659,GIC,49,29,10,600.00,"6,000.00"
2020-12-03,2020120304001658,GIC,49,48,10,600.00,"6,000.00"
2020-12-03,2020120304001657,GIC,49,53,10,600.00,"6,000.00"
2020-12-03,2020120304001651,GIC,49,35,10,600.00,"6,000.00"
2020-12-03,2020120304001650,GIC,49,48,10,600.00,"6,000.00"
2020-12-03,2020120304001699,GIC,49,21,150,600.00,"90,000.00"
2020-12-03,2020120304001697,GIC,49,40,10,600.00,"6,000.00"
2020-12-03,2020120304001686,GIC,49,40,10,600.00,"6,000.00"
2020-12-03,2020120304001677,GIC,49,29,10,600.00,"6,000.00"
2020-12-03,2020120304001676,GIC,49,51,10,600.00,"6,000.00"
2020-12-03,2020120304001669,GIC,49,40,10,600.00,"6,000.00"
2020-12-03,2020120304001716,GIC,34,40,10,597.00,"5,970.00"
2020-12-03,2020120304001714,GIC,34,20,10,597.00,"5,970.00"
2020-12-03,2020120304001711,GIC,17,48,10,598.00,"5,980.00"
2020-12-03,2020120304001708,GIC,17,40,10,598.00,"5,980.00"
2020-12-03,2020120304001704,GIC,17,45,10,598.00,"5,980.00"
2020-12-03,2020120304001700,GIC,51,21,100,600.00,"60,000.00"
2020-12-03,2020120304001737,GIC,34,35,10,599.00,"5,990.00"
2020-12-03,2020120304001734,GIC,55,5,10,600.00,"6,000.00"
2020-12-03,2020120304001733,GIC,55,25,10,600.00,"6,000.00"
2020-12-03,2020120304001732,GIC,55,37,10,600.00,"6,000.00"
2020-12-03,2020120304001725,GIC,32,39,10,598.00,"5,980.00"
2020-12-03,2020120304001721,GIC,34,40,10,597.00,"5,970.00"
2020-12-03,2020120304001755,GIC,55,16,10,600.00,"6,000.00"
2020-12-03,2020120304001754,GIC,55,49,10,600.00,"6,000.00"
2020-12-03,2020120304001751,GIC,55,5,10,600.00,"6,000.00"
2020-12-03,2020120304001743,GIC,34,33,10,599.00,"5,990.00"
2020-12-03,2020120304001742,GIC,34,43,10,599.00,"5,990.00"
2020-12-03,2020120304001738,GIC,34,58,10,599.00,"5,990.00"
2020-12-03,2020120304001780,GIC,55,49,10,600.00,"6,000.00"
2020-12-03,2020120304001778,GIC,55,16,10,600.00,"6,000.00"
2020-12-03,2020120304001772,GIC,55,40,10,600.00,"6,000.00"
2020-12-03,2020120304001766,GIC,55,16,10,600.00,"6,000.00"
2020-12-03,2020120304001764,GIC,55,40,10,600.00,"6,000.00"
2020-12-03,2020120304001762,GIC,55,45,10,600.00,"6,000.00"
2020-12-03,2020120304001798,GIC,34,44,10,599.00,"5,990.00"
2020-12-03,2020120304001792,GIC,34,41,10,599.00,"5,990.00"
2020-12-03,2020120304001791,GIC,34,16,10,599.00,"5,990.00"
2020-12-03,2020120304001787,GIC,8,36,40,600.00,"24,000.00"
2020-12-03,2020120304001784,GIC,34,16,10,599.00,"5,990.00"
2020-12-03,2020120304001783,GIC,55,36,10,600.00,"6,000.00"
2020-12-03,2020120304001820,GIC,3,21,10,599.00,"5,990.00"
2020-12-03,2020120304001818,GIC,3,58,10,599.00,"5,990.00"
2020-12-03,2020120304001814,GIC,3,28,10,599.00,"5,990.00"
2020-12-03,2020120304001808,GIC,22,21,100,602.00,"60,200.00"
2020-12-03,2020120304001807,GIC,34,44,10,599.00,"5,990.00"
2020-12-03,2020120304001803,GIC,34,48,10,599.00,"5,990.00"
2020-12-03,2020120304001845,GIC,45,44,10,600.00,"6,000.00"
2020-12-03,2020120304001838,GIC,45,45,10,600.00,"6,000.00"
2020-12-03,2020120304001837,GIC,45,58,10,600.00,"6,000.00"
2020-12-03,2020120304001825,GIC,29,58,10,599.00,"5,990.00"
2020-12-03,2020120304001823,GIC,3,44,10,599.00,"5,990.00"
2020-12-03,2020120304001821,GIC,3,11,10,599.00,"5,990.00"
2020-12-03,2020120304001879,GIC,39,28,10,601.00,"6,010.00"
2020-12-03,2020120304001877,GIC,45,11,10,600.00,"6,000.00"
2020-12-03,2020120304001876,GIC,45,36,10,600.00,"6,000.00"
2020-12-03,2020120304001873,GIC,45,29,10,600.00,"6,000.00"
2020-12-03,2020120304001861,GIC,45,51,10,600.00,"6,000.00"
2020-12-03,2020120304001846,GIC,45,40,10,600.00,"6,000.00"
2020-12-03,2020120304001888,GIC,39,48,10,602.00,"6,020.00"
2020-12-03,2020120304001887,GIC,39,11,10,602.00,"6,020.00"
2020-12-03,2020120304001886,GIC,39,59,10,602.00,"6,020.00"
2020-12-03,2020120304001884,GIC,39,11,10,602.00,"6,020.00"
2020-12-03,2020120304001883,GIC,39,48,10,602.00,"6,020.00"
2020-12-03,2020120304001880,GIC,39,41,10,602.00,"6,020.00"
2020-12-03,2020120304001899,GIC,49,34,10,604.00,"6,040.00"
2020-12-03,2020120304001898,GIC,49,11,10,604.00,"6,040.00"
2020-12-03,2020120304001897,GIC,49,39,10,603.00,"6,030.00"
2020-12-03,2020120304001896,GIC,39,51,20,602.00,"12,040.00"
2020-12-03,2020120304001894,GIC,51,45,10,603.00,"6,030.00"
2020-12-03,2020120304001892,GIC,39,45,10,602.00,"6,020.00"
2020-12-03,2020120304001924,GIC,45,47,10,600.00,"6,000.00"
2020-12-03,2020120304001920,GIC,45,59,10,600.00,"6,000.00"
2020-12-03,2020120304001919,GIC,45,45,10,600.00,"6,000.00"
2020-12-03,2020120304001908,GIC,51,51,10,603.00,"6,030.00"
2020-12-03,2020120304001901,GIC,49,59,10,605.00,"6,050.00"
2020-12-03,2020120304001900,GIC,49,19,10,604.00,"6,040.00"
2020-12-03,2020120304001942,GIC,45,49,10,600.00,"6,000.00"
2020-12-03,2020120304001938,GIC,45,48,10,600.00,"6,000.00"
2020-12-03,2020120304001936,GIC,45,16,10,600.00,"6,000.00"
2020-12-03,2020120304001930,GIC,45,43,10,600.00,"6,000.00"
2020-12-03,2020120304001929,GIC,45,45,10,600.00,"6,000.00"
2020-12-03,2020120304001928,GIC,45,54,10,600.00,"6,000.00"
2020-12-03,2020120304001964,GIC,17,56,100,600.00,"60,000.00"
2020-12-03,2020120304001963,GIC,49,56,50,600.00,"30,000.00"
2020-12-03,2020120304001962,GIC,45,56,10,600.00,"6,000.00"
2020-12-03,2020120304001961,GIC,45,11,10,600.00,"6,000.00"
2020-12-03,2020120304001959,GIC,45,19,10,600.00,"6,000.00"
2020-12-03,2020120304001945,GIC,17,25,50,603.00,"30,150.00"
2020-12-03,2020120304001977,GIC,32,38,10,601.00,"6,010.00"
2020-12-03,2020120304001976,GIC,32,58,10,601.00,"6,010.00"
2020-12-03,2020120304001975,GIC,32,47,10,601.00,"6,010.00"
2020-12-03,2020120304001967,GIC,19,56,26,600.00,"15,600.00"
2020-12-03,2020120304001966,GIC,25,56,100,600.00,"60,000.00"
2020-12-03,2020120304001965,GIC,6,56,20,600.00,"12,000.00"
2020-12-03,2020120304001993,GIC,19,56,200,602.00,"120,400.00"
2020-12-03,2020120304001992,GIC,1,10,10,601.00,"6,010.00"
2020-12-03,2020120304001986,GIC,1,11,10,601.00,"6,010.00"
2020-12-03,2020120304001984,GIC,1,38,10,601.00,"6,010.00"
2020-12-03,2020120304001980,GIC,32,28,10,601.00,"6,010.00"
2020-12-03,2020120304001979,GIC,32,58,10,601.00,"6,010.00"
2020-12-03,2020120304002013,GIC,32,35,10,602.00,"6,020.00"
2020-12-03,2020120304002010,GIC,32,17,100,602.00,"60,200.00"
2020-12-03,2020120304001999,GIC,32,38,10,602.00,"6,020.00"
2020-12-03,2020120304001996,GIC,32,17,10,602.00,"6,020.00"
2020-12-03,2020120304001995,GIC,32,58,10,602.00,"6,020.00"
2020-12-03,2020120304001994,GIC,19,40,10,602.00,"6,020.00"
2020-12-03,2020120304002069,GIMES1,6,47,"2,000",11.30,"22,600.00"
2020-12-03,2020120304002068,GIMES1,34,47,"2,500",11.30,"28,250.00"
2020-12-03,2020120304002007,GIMES1,42,28,"2,500",11.33,"28,325.00"
2020-12-03,2020120304001998,GIMES1,16,28,316,11.33,"3,580.28"
2020-12-03,2020120304001985,GIMES1,16,10,"1,184",11.33,"13,414.72"
2020-12-03,2020120304002080,LEMF,58,7,"5,600",9.70,"54,320.00"
2020-12-03,2020120304002079,LEMF,34,7,"5,000",9.70,"48,500.00"
2020-12-03,2020120304002071,LEMF,17,7,500,9.71,"4,855.00"
2020-12-03,2020120304002011,LEMF,17,45,"2,000",9.80,"19,600.00"
2020-12-03,2020120304002070,LUK,34,6,100,9.61,961.00
2020-12-03,2020120304002000,LUK,47,47,"3,000",9.62,"28,860.00"
2020-12-03,2020120304001793,LUK,34,28,500,9.61,"4,805.00"
2020-12-03,2020120304001724,LUK,7,47,"5,000",9.65,"48,250.00"
2020-12-03,2020120304002043,NBF2,38,49,"1,000",10.00,"10,000.00"
2020-12-03,2020120304002042,NBF2,38,38,700,9.88,"6,916.00"
2020-12-03,2020120304002019,NBF2,22,38,300,9.90,"2,970.00"
2020-12-03,2020120304001770,NBF2,17,28,300,9.87,"2,961.00"
2020-12-03,2020120304001606,NBF2,17,58,100,9.87,987.00
2020-12-03,2020120304001956,NEF,1,1,"10,000",9.85,"98,500.00"
2020-12-03,2020120304001865,NEF,58,29,"2,414",9.76,"23,560.64"
2020-12-03,2020120304001864,NEF,58,34,"1,127",9.75,"10,988.25"
2020-12-03,2020120304001739,NEF,28,28,"1,690",9.75,"16,477.50"
2020-12-03,2020120304001728,NEF,28,5,"1,328",9.75,"12,948.00"
2020-12-03,2020120304001727,NEF,29,5,"1,086",9.80,"10,642.80"
2020-12-03,2020120304001691,NEF,29,18,414,9.80,"4,057.20"
2020-12-03,2020120304001690,NEF,37,18,"2,000",9.85,"19,700.00"
2020-12-03,2020120304001688,NEF,34,1,"1,408",9.85,"13,868.80"
2020-12-03,2020120304001687,NEF,10,1,"1,006",9.87,"9,929.22"
2020-12-03,2020120304001640,NEF,17,18,"2,000",9.90,"19,800.00"
2020-12-03,2020120304002029,NIBLPF,59,59,"2,525",10.05,"25,376.25"
2020-12-03,2020120304001991,NIBLPF,59,8,253,10.05,"2,542.65"
2020-12-03,2020120304001960,NIBLPF,59,8,253,10.05,"2,542.65"
2020-12-03,2020120304001827,NIBLPF,59,36,"2,525",10.05,"25,376.25"
2020-12-03,2020120304001736,NIBLPF,59,5,"2,220",10.05,"22,311.00"
2020-12-03,2020120304001735,NIBLPF,34,5,305,10.06,"3,068.30"
2020-12-03,2020120304001723,NIBLPF,34,28,"1,768",10.06,"17,786.08"
2020-12-03,2020120304001701,NIBLPF,34,1,253,10.06,"2,545.18"
2020-12-03,2020120304002034,NIBPO,25,35,231,423.00,"97,713.00"
2020-12-03,2020120304002033,NIBPO,57,35,69,423.00,"29,187.00"
2020-12-03,2020120304001949,NIBPO,57,3,720,423.00,"304,560.00"
2020-12-03,2020120304001948,NIBPO,57,3,"1,000",424.00,"424,000.00"
2020-12-03,2020120304001947,NIBPO,45,3,80,424.00,"33,920.00"
2020-12-03,2020120304001946,NIBPO,45,3,500,425.00,"212,500.00"
2020-12-03,2020120304001625,NIBPO,11,58,150,424.00,"63,600.00"
2020-12-03,2020120304001604,NIBPO,57,1,211,423.00,"89,253.00"
2020-12-03,2020120304001796,NIBPO,45,3,120,424.00,"50,880.00"
2020-12-03,2020120304001795,NIBPO,37,3,"1,000",424.00,"424,000.00"
2020-12-03,2020120304001794,NIBPO,58,3,80,424.00,"33,920.00"
2020-12-03,2020120304001726,NIBPO,58,50,243,424.00,"103,032.00"
2020-12-03,2020120304001717,NIBPO,6,46,100,427.00,"42,700.00"
2020-12-03,2020120304001653,NIBPO,58,58,177,424.00,"75,048.00"
2020-12-03,2020120304002016,NIBSF1,6,19,"1,900",11.12,"21,128.00"
2020-12-03,2020120304002015,NIBSF1,6,50,"4,900",11.12,"54,488.00"
2020-12-03,2020120304001830,NICAD8283,14,43,25,"1,125.00","28,125.00"
2020-12-03,2020120304001921,NICGF,50,45,300,10.30,"3,090.00"
2020-12-03,2020120304001776,NICGF,50,8,200,10.30,"2,060.00"
2020-12-03,2020120304001759,NICGF,50,28,"2,240",10.30,"23,072.00"
2020-12-03,2020120304001758,NICGF,50,28,"2,000",10.31,"20,620.00"
2020-12-03,2020120304001757,NICGF,13,28,900,10.31,"9,279.00"
2020-12-03,2020120304001756,NICGF,41,28,"10,660",10.39,"110,757.40"
2020-12-03,2020120304001729,NICGF,41,1,200,10.39,"2,078.00"
2020-12-03,2020120304001718,NICGF,41,37,340,10.39,"3,532.60"
2020-12-03,2020120304001712,NICGF,41,28,"1,500",10.39,"15,585.00"
2020-12-03,2020120304002082,NMB50,13,4,"8,000",10.00,"80,000.00"
2020-12-03,2020120304002077,NMB50,17,4,"1,700",10.00,"17,000.00"
2020-12-03,2020120304002076,NMB50,17,21,200,10.00,"2,000.00"
2020-12-03,2020120304002075,NMB50,17,52,100,10.00,"1,000.00"
2020-12-03,2020120304001872,NMB50,6,57,500,10.00,"5,000.00"
2020-12-03,2020120304001863,NMBHF1,33,8,139,10.07,"1,399.73"
2020-12-03,2020120304001862,NMBHF1,33,52,"4,161",10.07,"41,901.27"
2020-12-03,2020120304001849,NMBHF1,33,8,"4,022",10.07,"40,501.54"
2020-12-03,2020120304001848,NMBHF1,33,41,978,10.06,"9,838.68"
2020-12-03,2020120304001740,NMBHF1,8,5,"4,161",10.05,"41,818.05"
2020-12-03,2020120304001698,NMBHF1,8,18,"2,496",10.05,"25,084.80"
2020-12-03,2020120304001643,NMBHF1,8,18,"2,496",10.05,"25,084.80"
2020-12-03,2020120304002027,RBCLPO,16,26,18,"15,160.00","272,880.00"
2020-12-03,2020120304001988,RBCLPO,35,35,"1,500","15,150.00","22,725,000.00"
2020-12-03,2020120304001970,RBCLPO,33,29,20,"15,000.00","300,000.00"
2020-12-03,2020120304001968,RBCLPO,33,57,50,"15,000.00","750,000.00"
2020-12-03,2020120304001943,RBCLPO,33,34,10,"15,000.00","150,000.00"
2020-12-03,2020120304001940,RBCLPO,33,34,10,"15,000.00","150,000.00"
2020-12-03,2020120304001746,RBCLPO,37,10,10,"15,000.00","150,000.00"
2020-12-03,2020120304001745,RBCLPO,19,10,10,"15,005.00","150,050.00"
2020-12-03,2020120304001634,RBCLPO,37,56,10,"15,000.00","150,000.00"
2020-12-03,2020120304001632,RBCLPO,16,56,10,"15,001.00","150,010.00"
2020-12-03,2020120304001631,RBCLPO,59,56,10,"15,002.00","150,020.00"
2020-12-03,2020120304001854,RBCLPO,58,59,50,"14,800.00","740,000.00"
2020-12-03,2020120304001853,RBCLPO,44,59,10,"14,801.00","148,010.00"
2020-12-03,2020120304001852,RBCLPO,16,59,10,"14,802.00","148,020.00"
2020-12-03,2020120304001851,RBCLPO,56,59,10,"14,820.00","148,200.00"
2020-12-03,2020120304001850,RBCLPO,45,59,10,"14,850.00","148,500.00"
2020-12-03,2020120304001843,RBCLPO,7,33,13,"15,000.00","195,000.00"
2020-12-03,2020120304001926,RBCLPO,33,19,20,"15,000.00","300,000.00"
2020-12-03,2020120304001895,RBCLPO,33,8,100,"15,000.00","1,500,000.00"
2020-12-03,2020120304001867,RBCLPO,33,59,57,"15,000.00","855,000.00"
2020-12-03,2020120304001866,RBCLPO,35,10,185,"14,800.00","2,738,000.00"
2020-12-03,2020120304001856,RBCLPO,35,59,130,"14,800.00","1,924,000.00"
2020-12-03,2020120304001855,RBCLPO,7,59,30,"14,800.00","444,000.00"
2020-12-03,2020120304002021,SAEF,17,6,500,11.50,"5,750.00"
2020-12-03,2020120304001978,SAEF,33,35,"2,000",11.13,"22,260.00"
2020-12-03,2020120304001972,SAEF,10,26,"1,500",11.30,"16,950.00"
2020-12-03,2020120304001971,SAEF,10,43,"1,000",11.20,"11,200.00"
2020-12-03,2020120304001944,SAEF,33,45,"2,000",11.13,"22,260.00"
2020-12-03,2020120304001839,SAEF,33,38,400,11.12,"4,448.00"
2020-12-03,2020120304001660,SAEF,53,28,"1,000",11.38,"11,380.00"
2020-12-03,2020120304001652,SAEF,34,6,100,11.50,"1,150.00"
2020-12-03,2020120304001610,SAEF,38,33,"7,200",11.40,"82,080.00"
2020-12-03,2020120304001775,SAEF,42,34,"52,400",11.34,"594,216.00"
2020-12-03,2020120304001767,SAEF,42,47,500,11.34,"5,670.00"
2020-12-03,2020120304001741,SAEF,42,1,500,11.34,"5,670.00"
2020-12-03,2020120304001731,SAEF,42,18,"8,000",11.34,"90,720.00"
2020-12-03,2020120304001730,SAEF,50,18,"3,000",11.35,"34,050.00"
2020-12-03,2020120304001685,SAEF,50,28,"2,000",11.35,"22,700.00"
2020-12-03,2020120304001875,SAND2085,14,59,20,"1,027.00","20,540.00"
2020-12-03,2020120304001829,SAND2085,42,59,30,"1,027.00","30,810.00"
2020-12-03,2020120304001937,SBLPO,58,40,"39,258",190.00,"7,459,020.00"
2020-12-03,2020120304002078,SEF,50,45,100,10.25,"1,025.00"
2020-12-03,2020120304001981,SEF,50,6,500,10.24,"5,120.00"
2020-12-03,2020120304001911,SEF,50,38,"3,600",10.24,"36,864.00"
2020-12-03,2020120304001910,SEF,28,38,"1,400",10.28,"14,392.00"
2020-12-03,2020120304001844,SEF,28,38,100,10.28,"1,028.00"
2020-12-03,2020120304001773,SEF,28,38,"1,100",10.28,"11,308.00"
2020-12-03,2020120304001768,SEF,28,47,"1,000",10.28,"10,280.00"
2020-12-03,2020120304001748,SEF,28,1,500,10.28,"5,140.00"
2020-12-03,2020120304001710,SEF,28,1,500,10.28,"5,140.00"
2020-12-03,2020120304001954,SFMF,34,40,200,9.95,"1,990.00"
2020-12-03,2020120304001635,SFMF,50,28,500,9.91,"4,955.00"
2020-12-03,2020120304002081,SGI,37,58,10,620.00,"6,200.00"
2020-12-03,2020120304002073,SGI,47,6,260,627.00,"163,020.00"
2020-12-03,2020120304002072,SGI,47,21,10,627.00,"6,270.00"
2020-12-03,2020120304002067,SGI,47,10,10,625.00,"6,250.00"
2020-12-03,2020120304002066,SGI,47,58,10,625.00,"6,250.00"
2020-12-03,2020120304002065,SGI,47,1,100,625.00,"62,500.00"
2020-12-03,2020120304001590,SGI,17,55,10,617.00,"6,170.00"
2020-12-03,2020120304001599,SGI,17,37,10,617.00,"6,170.00"
2020-12-03,2020120304001597,SGI,17,49,10,617.00,"6,170.00"
2020-12-03,2020120304001596,SGI,17,37,10,617.00,"6,170.00"
2020-12-03,2020120304001595,SGI,17,43,10,617.00,"6,170.00"
2020-12-03,2020120304001592,SGI,17,41,10,617.00,"6,170.00"
2020-12-03,2020120304001591,SGI,17,37,10,617.00,"6,170.00"
2020-12-03,2020120304001612,SGI,17,51,10,617.00,"6,170.00"
2020-12-03,2020120304001611,SGI,17,10,10,617.00,"6,170.00"
2020-12-03,2020120304001609,SGI,17,3,10,617.00,"6,170.00"
2020-12-03,2020120304001608,SGI,17,56,10,617.00,"6,170.00"
2020-12-03,2020120304001607,SGI,17,56,10,617.00,"6,170.00"
2020-12-03,2020120304001605,SGI,17,37,10,617.00,"6,170.00"
2020-12-03,2020120304001619,SGI,5,58,100,618.00,"61,800.00"
2020-12-03,2020120304001618,SGI,17,51,10,617.00,"6,170.00"
2020-12-03,2020120304001616,SGI,17,38,10,617.00,"6,170.00"
2020-12-03,2020120304001615,SGI,17,58,10,617.00,"6,170.00"
2020-12-03,2020120304001614,SGI,17,57,10,617.00,"6,170.00"
2020-12-03,2020120304001613,SGI,17,37,10,617.00,"6,170.00"
2020-12-03,2020120304001647,SGI,17,7,10,617.00,"6,170.00"
2020-12-03,2020120304001646,SGI,17,29,10,617.00,"6,170.00"
2020-12-03,2020120304001645,SGI,17,29,10,617.00,"6,170.00"
2020-12-03,2020120304001638,SGI,17,19,10,617.00,"6,170.00"
2020-12-03,2020120304001628,SGI,17,58,10,619.00,"6,190.00"
2020-12-03,2020120304001620,SGI,17,46,10,617.00,"6,170.00"
2020-12-03,2020120304001662,SGI,41,53,10,616.00,"6,160.00"
2020-12-03,2020120304001661,SGI,41,11,10,616.00,"6,160.00"
2020-12-03,2020120304001656,SGI,41,43,20,616.00,"12,320.00"
2020-12-03,2020120304001655,SGI,58,43,20,616.00,"12,320.00"
2020-12-03,2020120304001654,SGI,58,53,10,616.00,"6,160.00"
2020-12-03,2020120304001648,SGI,58,29,10,616.00,"6,160.00"
2020-12-03,2020120304001679,SGI,13,43,50,615.00,"30,750.00"
2020-12-03,2020120304001678,SGI,13,17,10,615.00,"6,150.00"
2020-12-03,2020120304001670,SGI,13,57,10,615.00,"6,150.00"
2020-12-03,2020120304001666,SGI,13,57,10,615.00,"6,150.00"
2020-12-03,2020120304001665,SGI,13,20,10,615.00,"6,150.00"
2020-12-03,2020120304001664,SGI,41,53,10,616.00,"6,160.00"
2020-12-03,2020120304001689,SGI,1,52,10,614.00,"6,140.00"
2020-12-03,2020120304001684,SGI,1,52,10,614.00,"6,140.00"
2020-12-03,2020120304001683,SGI,1,43,110,614.00,"67,540.00"
2020-12-03,2020120304001682,SGI,5,43,150,614.00,"92,100.00"
2020-12-03,2020120304001681,SGI,35,43,30,615.00,"18,450.00"
2020-12-03,2020120304001680,SGI,17,43,100,615.00,"61,500.00"
2020-12-03,2020120304001702,SGI,1,40,10,614.00,"6,140.00"
2020-12-03,2020120304001696,SGI,6,38,110,615.00,"67,650.00"
2020-12-03,2020120304001695,SGI,6,16,10,615.00,"6,150.00"
2020-12-03,2020120304001694,SGI,6,40,10,615.00,"6,150.00"
2020-12-03,2020120304001693,SGI,6,51,10,615.00,"6,150.00"
2020-12-03,2020120304001692,SGI,6,29,10,615.00,"6,150.00"
2020-12-03,2020120304001722,SGI,1,48,10,614.00,"6,140.00"
2020-12-03,2020120304001720,SGI,34,41,10,615.00,"6,150.00"
2020-12-03,2020120304001719,SGI,34,38,90,615.00,"55,350.00"
2020-12-03,2020120304001713,SGI,1,45,10,614.00,"6,140.00"
2020-12-03,2020120304001707,SGI,1,3,10,614.00,"6,140.00"
2020-12-03,2020120304001705,SGI,1,40,10,614.00,"6,140.00"
2020-12-03,2020120304001769,SGI,1,16,10,614.00,"6,140.00"
2020-12-03,2020120304001765,SGI,1,58,10,614.00,"6,140.00"
2020-12-03,2020120304001763,SGI,1,8,10,614.00,"6,140.00"
2020-12-03,2020120304001760,SGI,1,40,10,614.00,"6,140.00"
2020-12-03,2020120304001747,SGI,1,40,10,614.00,"6,140.00"
2020-12-03,2020120304001744,SGI,1,21,10,614.00,"6,140.00"
2020-12-03,2020120304001785,SGI,1,41,10,614.00,"6,140.00"
2020-12-03,2020120304001782,SGI,1,16,10,614.00,"6,140.00"
2020-12-03,2020120304001781,SGI,1,16,10,614.00,"6,140.00"
2020-12-03,2020120304001777,SGI,1,49,10,614.00,"6,140.00"
2020-12-03,2020120304001774,SGI,1,43,10,614.00,"6,140.00"
2020-12-03,2020120304001771,SGI,1,16,10,614.00,"6,140.00"
2020-12-03,2020120304001800,SGI,19,16,10,615.00,"6,150.00"
2020-12-03,2020120304001797,SGI,19,58,10,615.00,"6,150.00"
2020-12-03,2020120304001790,SGI,14,29,10,614.00,"6,140.00"
2020-12-03,2020120304001789,SGI,14,58,10,614.00,"6,140.00"
2020-12-03,2020120304001788,SGI,14,16,10,614.00,"6,140.00"
2020-12-03,2020120304001786,SGI,14,58,10,614.00,"6,140.00"
2020-12-03,2020120304001815,SGI,14,55,10,614.00,"6,140.00"
2020-12-03,2020120304001813,SGI,14,16,10,614.00,"6,140.00"
2020-12-03,2020120304001812,SGI,14,16,10,614.00,"6,140.00"
2020-12-03,2020120304001811,SGI,14,44,10,614.00,"6,140.00"
2020-12-03,2020120304001810,SGI,19,58,10,615.00,"6,150.00"
2020-12-03,2020120304001809,SGI,19,35,10,615.00,"6,150.00"
2020-12-03,2020120304001832,SGI,21,33,10,615.00,"6,150.00"
2020-12-03,2020120304001831,SGI,14,44,10,614.00,"6,140.00"
2020-12-03,2020120304001826,SGI,14,28,10,614.00,"6,140.00"
2020-12-03,2020120304001819,SGI,14,44,10,614.00,"6,140.00"
2020-12-03,2020120304001817,SGI,14,44,10,614.00,"6,140.00"
2020-12-03,2020120304001816,SGI,14,48,10,614.00,"6,140.00"
2020-12-03,2020120304001847,SGI,14,11,10,614.00,"6,140.00"
2020-12-03,2020120304001840,SGI,14,44,10,614.00,"6,140.00"
2020-12-03,2020120304001836,SGI,21,44,60,616.00,"36,960.00"
2020-12-03,2020120304001835,SGI,21,4,10,616.00,"6,160.00"
2020-12-03,2020120304001834,SGI,21,1,10,615.00,"6,150.00"
2020-12-03,2020120304001833,SGI,21,33,10,615.00,"6,150.00"
2020-12-03,2020120304001889,SGI,32,11,10,614.00,"6,140.00"
2020-12-03,2020120304001882,SGI,32,46,10,614.00,"6,140.00"
2020-12-03,2020120304001881,SGI,32,17,10,614.00,"6,140.00"
2020-12-03,2020120304001878,SGI,32,59,10,614.00,"6,140.00"
2020-12-03,2020120304001874,SGI,14,52,40,614.00,"24,560.00"
2020-12-03,2020120304001859,SGI,14,40,10,614.00,"6,140.00"
2020-12-03,2020120304001905,SGI,22,39,10,615.00,"6,150.00"
2020-12-03,2020120304001904,SGI,22,49,10,615.00,"6,150.00"
2020-12-03,2020120304001903,SGI,22,51,10,615.00,"6,150.00"
2020-12-03,2020120304001893,SGI,32,54,10,614.00,"6,140.00"
2020-12-03,2020120304001891,SGI,32,48,10,614.00,"6,140.00"
2020-12-03,2020120304001890,SGI,32,48,10,614.00,"6,140.00"
2020-12-03,2020120304001917,SGI,22,45,10,615.00,"6,150.00"
2020-12-03,2020120304001916,SGI,22,8,10,615.00,"6,150.00"
2020-12-03,2020120304001913,SGI,22,6,10,615.00,"6,150.00"
2020-12-03,2020120304001909,SGI,22,8,10,615.00,"6,150.00"
2020-12-03,2020120304001907,SGI,22,17,10,615.00,"6,150.00"
2020-12-03,2020120304001906,SGI,22,29,10,615.00,"6,150.00"
2020-12-03,2020120304001934,SGI,57,44,40,616.00,"24,640.00"
2020-12-03,2020120304001933,SGI,41,34,10,615.00,"6,150.00"
2020-12-03,2020120304001927,SGI,57,14,10,615.00,"6,150.00"
2020-12-03,2020120304001925,SGI,57,8,10,615.00,"6,150.00"
2020-12-03,2020120304001922,SGI,57,8,10,615.00,"6,150.00"
2020-12-03,2020120304001918,SGI,22,8,10,615.00,"6,150.00"
2020-12-03,2020120304001952,SGI,49,38,10,615.00,"6,150.00"
2020-12-03,2020120304001951,SGI,41,6,10,615.00,"6,150.00"
2020-12-03,2020120304001950,SGI,41,38,10,615.00,"6,150.00"
2020-12-03,2020120304001941,SGI,41,38,10,615.00,"6,150.00"
2020-12-03,2020120304001939,SGI,41,45,10,615.00,"6,150.00"
2020-12-03,2020120304001935,SGI,57,36,10,616.00,"6,160.00"
2020-12-03,2020120304001987,SGI,52,6,50,616.00,"30,800.00"
2020-12-03,2020120304001983,SGI,16,38,10,615.00,"6,150.00"
2020-12-03,2020120304001974,SGI,16,20,10,615.00,"6,150.00"
2020-12-03,2020120304001969,SGI,16,10,10,615.00,"6,150.00"
2020-12-03,2020120304001955,SGI,49,57,10,615.00,"6,150.00"
2020-12-03,2020120304001953,SGI,49,43,10,615.00,"6,150.00"
2020-12-03,2020120304002005,SGI,28,28,10,616.00,"6,160.00"
2020-12-03,2020120304002004,SGI,28,49,10,616.00,"6,160.00"
2020-12-03,2020120304002003,SGI,28,58,10,616.00,"6,160.00"
2020-12-03,2020120304002002,SGI,28,6,200,616.00,"123,200.00"
2020-12-03,2020120304001997,SGI,46,6,50,616.00,"30,800.00"
2020-12-03,2020120304001990,SGI,16,40,10,615.00,"6,150.00"
2020-12-03,2020120304002017,SGI,28,35,10,616.00,"6,160.00"
2020-12-03,2020120304002014,SGI,28,18,10,616.00,"6,160.00"
2020-12-03,2020120304002012,SGI,28,58,100,616.00,"61,600.00"
2020-12-03,2020120304002009,SGI,16,28,10,615.00,"6,150.00"
2020-12-03,2020120304002008,SGI,16,38,10,615.00,"6,150.00"
2020-12-03,2020120304002006,SGI,28,45,20,616.00,"12,320.00"
2020-12-03,2020120304002046,SGI,47,40,10,620.00,"6,200.00"
2020-12-03,2020120304002045,SGI,47,29,110,620.00,"68,200.00"
2020-12-03,2020120304002044,SGI,47,45,10,620.00,"6,200.00"
2020-12-03,2020120304002032,SGI,8,58,10,617.00,"6,170.00"
2020-12-03,2020120304002031,SGI,8,6,10,617.00,"6,170.00"
2020-12-03,2020120304002023,SGI,28,38,10,616.00,"6,160.00"
2020-12-03,2020120304002052,SGI,47,58,20,621.00,"12,420.00"
2020-12-03,2020120304002051,SGI,47,58,10,621.00,"6,210.00"
2020-12-03,2020120304002050,SGI,47,17,10,621.00,"6,210.00"
2020-12-03,2020120304002049,SGI,47,48,200,620.00,"124,000.00"
2020-12-03,2020120304002048,SGI,47,34,10,620.00,"6,200.00"
2020-12-03,2020120304002047,SGI,47,34,10,620.00,"6,200.00"
2020-12-03,2020120304002058,SGI,47,8,10,625.00,"6,250.00"
2020-12-03,2020120304002057,SGI,47,54,10,623.00,"6,230.00"
2020-12-03,2020120304002056,SGI,47,50,110,621.00,"68,310.00"
2020-12-03,2020120304002055,SGI,47,14,10,621.00,"6,210.00"
2020-12-03,2020120304002054,SGI,47,5,10,621.00,"6,210.00"
2020-12-03,2020120304002053,SGI,47,39,10,621.00,"6,210.00"
2020-12-03,2020120304002064,SGI,47,49,10,625.00,"6,250.00"
2020-12-03,2020120304002063,SGI,47,21,10,625.00,"6,250.00"
2020-12-03,2020120304002062,SGI,47,33,10,625.00,"6,250.00"
2020-12-03,2020120304002061,SGI,47,34,10,625.00,"6,250.00"
2020-12-03,2020120304002060,SGI,47,17,10,625.00,"6,250.00"
2020-12-03,2020120304002059,SGI,47,41,10,625.00,"6,250.00"
2020-12-03,2020120304002085,STC,3,48,20,"5,700.00","114,000.00"
2020-12-03,2020120304002083,STC,51,59,10,"5,700.00","57,000.00"
2020-12-03,2020120304002036,STC,19,53,10,"5,700.00","57,000.00"
2020-12-03,2020120304002035,STC,22,53,10,"5,700.00","57,000.00"
2020-12-03,2020120304002022,STC,53,48,10,"5,702.00","57,020.00"
2020-12-03,2020120304002018,STC,58,53,10,"5,703.00","57,030.00"
2020-12-03,2020120304001589,STC,38,37,10,"5,880.00","58,800.00"
2020-12-03,2020120304001588,STC,43,37,10,"5,880.00","58,800.00"
2020-12-03,2020120304001587,STC,38,37,10,"5,885.00","58,850.00"
2020-12-03,2020120304001586,STC,41,37,10,"5,890.00","58,900.00"
2020-12-03,2020120304001703,STC,45,49,124,"5,850.00","725,400.00"
2020-12-03,2020120304001675,STC,38,49,10,"5,850.00","58,500.00"
2020-12-03,2020120304001674,STC,33,49,50,"5,862.00","293,100.00"
2020-12-03,2020120304001673,STC,37,49,100,"5,865.00","586,500.00"
2020-12-03,2020120304001672,STC,17,49,50,"5,885.00","294,250.00"
2020-12-03,2020120304001671,STC,26,49,10,"5,885.00","58,850.00"
2020-12-03,2020120304001822,STC,49,46,100,"5,768.00","576,800.00"
2020-12-03,2020120304001799,STC,39,38,10,"5,800.00","58,000.00"
2020-12-03,2020120304001761,STC,46,10,30,"5,769.00","173,070.00"
2020-12-03,2020120304001752,STC,1,38,25,"5,800.00","145,000.00"
2020-12-03,2020120304001750,STC,22,17,10,"5,770.00","57,700.00"
2020-12-03,2020120304001749,STC,54,17,10,"5,770.00","57,700.00"
2020-12-03,2020120304001860,STC,49,48,10,"5,767.00","57,670.00"
2020-12-03,2020120304001858,STC,22,48,10,"5,766.00","57,660.00"
2020-12-03,2020120304001857,STC,58,48,20,"5,766.00","115,320.00"
2020-12-03,2020120304001842,STC,47,38,10,"5,767.00","57,670.00"
2020-12-03,2020120304001841,STC,34,38,10,"5,767.00","57,670.00"
2020-12-03,2020120304001828,STC,7,38,10,"5,768.00","57,680.00"
2020-12-03,2020120304001902,STC,58,38,10,"5,768.00","57,680.00"
2020-12-03,2020120304001885,STC,49,48,10,"5,767.00","57,670.00"
2020-12-03,2020120304001871,STC,38,46,10,"5,733.00","57,330.00"
2020-12-03,2020120304001870,STC,38,46,10,"5,763.00","57,630.00"
2020-12-03,2020120304001869,STC,49,46,30,"5,763.00","172,890.00"
2020-12-03,2020120304001868,STC,58,46,10,"5,763.00","57,630.00"
2020-12-03,2020120304001989,STC,47,48,30,"5,701.00","171,030.00"
2020-12-03,2020120304001958,STC,52,19,10,"5,700.00","57,000.00"
2020-12-03,2020120304001957,STC,58,19,10,"5,700.00","57,000.00"
2020-12-03,2020120304001932,STC,45,38,70,"5,768.00","403,760.00"
2020-12-03,2020120304001931,STC,45,33,10,"5,765.00","57,650.00"
2020-12-03,2020120304001912,STC,58,38,10,"5,768.00","57,680.00"
2020-12-03,2020120304001545,BBC,42,49,30,"3,227.00","96,810.00"
2020-12-03,2020120304001331,BBC,13,49,10,"3,164.00","31,640.00"
2020-12-03,2020120304001330,BBC,14,49,10,"3,164.00","31,640.00"
2020-12-03,2020120304001329,BBC,51,49,10,"3,168.00","31,680.00"
2020-12-03,2020120304001328,BBC,49,49,10,"3,168.00","31,680.00"
2020-12-03,2020120304001327,BBC,58,49,10,"3,170.00","31,700.00"
2020-12-03,2020120304001161,BBC,17,45,10,"3,237.00","32,370.00"
2020-12-03,2020120304001129,BBC,33,39,10,"3,251.00","32,510.00"
2020-12-03,2020120304001326,BBC,45,49,50,"3,171.00","158,550.00"
2020-12-03,2020120304001185,BBC,16,42,50,"3,228.00","161,400.00"
2020-12-03,2020120304001184,BBC,42,42,20,"3,228.00","64,560.00"
2020-12-03,2020120304001172,BBC,47,45,20,"3,235.00","64,700.00"
2020-12-03,2020120304001168,BBC,51,45,10,"3,236.00","32,360.00"
2020-12-03,2020120304001162,BBC,36,45,10,"3,237.00","32,370.00"
2020-12-03,2020120304001462,CMF1,38,37,485,10.00,"4,850.00"
2020-12-03,2020120304001455,CMF1,38,58,"1,000",10.00,"10,000.00"
2020-12-03,2020120304001454,CMF1,38,45,100,10.00,"1,000.00"
2020-12-03,2020120304001453,CMF1,38,45,100,10.00,"1,000.00"
2020-12-03,2020120304001452,CMF1,38,57,315,10.00,"3,150.00"
2020-12-03,2020120304001211,CMF1,6,50,250,9.96,"2,490.00"
2020-12-03,2020120304001141,CMF1,56,57,185,10.00,"1,850.00"
2020-12-03,2020120304001140,CMF1,56,21,500,10.00,"5,000.00"
2020-12-03,2020120304001139,CMF1,56,4,500,10.00,"5,000.00"
2020-12-03,2020120304001138,CMF1,56,41,500,10.00,"5,000.00"
2020-12-03,2020120304001137,CMF1,56,34,"5,000",10.00,"50,000.00"
2020-12-03,2020120304001419,GBD80/81,8,18,25,"1,031.00","25,775.00"
2020-12-03,2020120304001578,GIC,29,45,10,604.00,"6,040.00"
2020-12-03,2020120304001577,GIC,29,6,171,604.00,"103,284.00"
2020-12-03,2020120304001576,GIC,29,50,10,603.00,"6,030.00"
2020-12-03,2020120304001575,GIC,29,42,10,602.00,"6,020.00"
2020-12-03,2020120304001574,GIC,29,42,10,602.00,"6,020.00"
2020-12-03,2020120304001573,GIC,45,58,10,601.00,"6,010.00"
2020-12-03,2020120304001088,GIC,8,6,20,600.00,"12,000.00"
2020-12-03,2020120304001087,GIC,47,6,60,600.00,"36,000.00"
2020-12-03,2020120304001086,GIC,48,6,500,600.00,"300,000.00"
2020-12-03,2020120304001094,GIC,3,6,20,600.00,"12,000.00"
2020-12-03,2020120304001093,GIC,36,6,50,600.00,"30,000.00"
2020-12-03,2020120304001092,GIC,43,6,100,600.00,"60,000.00"
2020-12-03,2020120304001091,GIC,34,6,10,600.00,"6,000.00"
2020-12-03,2020120304001090,GIC,34,6,10,600.00,"6,000.00"
2020-12-03,2020120304001089,GIC,43,6,94,600.00,"56,400.00"
2020-12-03,2020120304001122,GIC,35,26,10,599.00,"5,990.00"
2020-12-03,2020120304001119,GIC,35,42,10,599.00,"5,990.00"
2020-12-03,2020120304001117,GIC,49,42,10,599.00,"5,990.00"
2020-12-03,2020120304001103,GIC,8,52,10,599.00,"5,990.00"
2020-12-03,2020120304001096,GIC,39,6,20,600.00,"12,000.00"
2020-12-03,2020120304001095,GIC,11,6,20,600.00,"12,000.00"
2020-12-03,2020120304001148,GIC,22,40,10,597.00,"5,970.00"
2020-12-03,2020120304001147,GIC,22,38,10,598.00,"5,980.00"
2020-12-03,2020120304001144,GIC,49,11,10,598.00,"5,980.00"
2020-12-03,2020120304001136,GIC,49,56,10,598.00,"5,980.00"
2020-12-03,2020120304001135,GIC,22,45,10,597.00,"5,970.00"
2020-12-03,2020120304001134,GIC,22,4,10,597.00,"5,970.00"
2020-12-03,2020120304001171,GIC,42,17,10,600.00,"6,000.00"
2020-12-03,2020120304001170,GIC,42,45,10,600.00,"6,000.00"
2020-12-03,2020120304001160,GIC,42,49,10,598.00,"5,980.00"
2020-12-03,2020120304001159,GIC,42,32,10,598.00,"5,980.00"
2020-12-03,2020120304001153,GIC,22,11,10,597.00,"5,970.00"
2020-12-03,2020120304001149,GIC,22,38,10,597.00,"5,970.00"
2020-12-03,2020120304001180,GIC,22,14,10,597.00,"5,970.00"
2020-12-03,2020120304001179,GIC,22,48,10,597.00,"5,970.00"
2020-12-03,2020120304001178,GIC,42,40,10,600.00,"6,000.00"
2020-12-03,2020120304001177,GIC,42,53,10,600.00,"6,000.00"
2020-12-03,2020120304001176,GIC,22,59,10,597.00,"5,970.00"
2020-12-03,2020120304001174,GIC,22,28,10,597.00,"5,970.00"
2020-12-03,2020120304001198,GIC,56,53,10,596.00,"5,960.00"
2020-12-03,2020120304001196,GIC,42,6,30,604.00,"18,120.00"
2020-12-03,2020120304001195,GIC,42,39,10,603.00,"6,030.00"
2020-12-03,2020120304001187,GIC,56,48,10,596.00,"5,960.00"
2020-12-03,2020120304001183,GIC,17,6,90,604.00,"54,360.00"
2020-12-03,2020120304001181,GIC,22,53,10,597.00,"5,970.00"
2020-12-03,2020120304001214,GIC,14,16,10,597.00,"5,970.00"
2020-12-03,2020120304001213,GIC,14,48,10,597.00,"5,970.00"
2020-12-03,2020120304001210,GIC,14,34,10,597.00,"5,970.00"
2020-12-03,2020120304001204,GIC,14,57,10,597.00,"5,970.00"
2020-12-03,2020120304001203,GIC,56,45,10,596.00,"5,960.00"
2020-12-03,2020120304001199,GIC,56,49,10,596.00,"5,960.00"
2020-12-03,2020120304001246,GIC,54,54,10,595.00,"5,950.00"
2020-12-03,2020120304001232,GIC,43,56,10,596.00,"5,960.00"
2020-12-03,2020120304001231,GIC,43,41,10,596.00,"5,960.00"
2020-12-03,2020120304001226,GIC,56,56,10,596.00,"5,960.00"
2020-12-03,2020120304001216,GIC,14,50,10,597.00,"5,970.00"
2020-12-03,2020120304001215,GIC,35,54,10,598.00,"5,980.00"
2020-12-03,2020120304001290,GIC,52,4,10,596.00,"5,960.00"
2020-12-03,2020120304001289,GIC,8,59,10,596.00,"5,960.00"
2020-12-03,2020120304001269,GIC,8,16,10,596.00,"5,960.00"
2020-12-03,2020120304001268,GIC,8,10,10,596.00,"5,960.00"
2020-12-03,2020120304001265,GIC,8,10,10,596.00,"5,960.00"
2020-12-03,2020120304001264,GIC,8,41,10,596.00,"5,960.00"
2020-12-03,2020120304001336,GIC,45,10,10,600.00,"6,000.00"
2020-12-03,2020120304001335,GIC,45,44,10,600.00,"6,000.00"
2020-12-03,2020120304001334,GIC,45,21,10,600.00,"6,000.00"
2020-12-03,2020120304001333,GIC,45,54,10,600.00,"6,000.00"
2020-12-03,2020120304001323,GIC,49,14,10,596.00,"5,960.00"
2020-12-03,2020120304001311,GIC,52,59,10,596.00,"5,960.00"
2020-12-03,2020120304001361,GIC,35,8,10,595.00,"5,950.00"
2020-12-03,2020120304001357,GIC,35,8,10,595.00,"5,950.00"
2020-12-03,2020120304001353,GIC,54,8,10,595.00,"5,950.00"
2020-12-03,2020120304001350,GIC,13,51,10,596.00,"5,960.00"
2020-12-03,2020120304001341,GIC,13,45,10,596.00,"5,960.00"
2020-12-03,2020120304001337,GIC,45,49,10,600.00,"6,000.00"
2020-12-03,2020120304001369,GIC,43,16,10,595.00,"5,950.00"
2020-12-03,2020120304001368,GIC,43,19,10,595.00,"5,950.00"
2020-12-03,2020120304001366,GIC,43,8,10,595.00,"5,950.00"
2020-12-03,2020120304001364,GIC,35,10,10,595.00,"5,950.00"
2020-12-03,2020120304001363,GIC,35,8,10,595.00,"5,950.00"
2020-12-03,2020120304001362,GIC,35,34,10,595.00,"5,950.00"
2020-12-03,2020120304001387,GIC,45,57,10,597.00,"5,970.00"
2020-12-03,2020120304001384,GIC,45,34,10,597.00,"5,970.00"
2020-12-03,2020120304001378,GIC,16,8,10,596.00,"5,960.00"
2020-12-03,2020120304001375,GIC,16,8,10,596.00,"5,960.00"
2020-12-03,2020120304001373,GIC,43,29,10,595.00,"5,950.00"
2020-12-03,2020120304001371,GIC,43,8,10,595.00,"5,950.00"
2020-12-03,2020120304001405,GIC,22,39,10,600.00,"6,000.00"
2020-12-03,2020120304001404,GIC,22,51,10,600.00,"6,000.00"
2020-12-03,2020120304001403,GIC,22,28,10,599.00,"5,990.00"
2020-12-03,2020120304001401,GIC,45,38,10,598.00,"5,980.00"
2020-12-03,2020120304001400,GIC,45,49,10,598.00,"5,980.00"
2020-12-03,2020120304001388,GIC,45,59,10,598.00,"5,980.00"
2020-12-03,2020120304001418,GIC,37,21,10,597.00,"5,970.00"
2020-12-03,2020120304001416,GIC,37,21,10,597.00,"5,970.00"
2020-12-03,2020120304001414,GIC,42,16,10,599.00,"5,990.00"
2020-12-03,2020120304001408,GIC,22,56,300,602.00,"180,600.00"
2020-12-03,2020120304001407,GIC,22,59,10,602.00,"6,020.00"
2020-12-03,2020120304001406,GIC,22,45,10,600.00,"6,000.00"
2020-12-03,2020120304001427,GIC,49,1,10,598.00,"5,980.00"
2020-12-03,2020120304001426,GIC,49,21,10,598.00,"5,980.00"
2020-12-03,2020120304001425,GIC,37,34,10,597.00,"5,970.00"
2020-12-03,2020120304001424,GIC,37,21,10,597.00,"5,970.00"
2020-12-03,2020120304001422,GIC,41,34,10,598.00,"5,980.00"
2020-12-03,2020120304001421,GIC,41,21,10,598.00,"5,980.00"
2020-12-03,2020120304001457,GIC,47,42,10,601.00,"6,010.00"
2020-12-03,2020120304001449,GIC,47,44,10,601.00,"6,010.00"
2020-12-03,2020120304001447,GIC,47,38,10,601.00,"6,010.00"
2020-12-03,2020120304001444,GIC,49,45,10,598.00,"5,980.00"
2020-12-03,2020120304001437,GIC,49,1,10,598.00,"5,980.00"
2020-12-03,2020120304001432,GIC,49,21,10,598.00,"5,980.00"
2020-12-03,2020120304001506,GIC,45,58,10,601.00,"6,010.00"
2020-12-03,2020120304001500,GIC,45,8,10,601.00,"6,010.00"
2020-12-03,2020120304001467,GIC,45,39,10,601.00,"6,010.00"
2020-12-03,2020120304001466,GIC,25,39,10,603.00,"6,030.00"
2020-12-03,2020120304001464,GIC,45,21,10,601.00,"6,010.00"
2020-12-03,2020120304001458,GIC,45,6,10,601.00,"6,010.00"
2020-12-03,2020120304001523,GIC,26,39,10,603.00,"6,030.00"
2020-12-03,2020120304001522,GIC,26,39,10,603.00,"6,030.00"
2020-12-03,2020120304001521,GIC,26,21,10,603.00,"6,030.00"
2020-12-03,2020120304001518,GIC,26,39,10,603.00,"6,030.00"
2020-12-03,2020120304001510,GIC,45,58,10,601.00,"6,010.00"
2020-12-03,2020120304001509,GIC,45,21,10,601.00,"6,010.00"
2020-12-03,2020120304001543,GIC,45,6,10,601.00,"6,010.00"
2020-12-03,2020120304001540,GIC,45,16,10,601.00,"6,010.00"
2020-12-03,2020120304001533,GIC,45,1,10,601.00,"6,010.00"
2020-12-03,2020120304001531,GIC,45,34,10,601.00,"6,010.00"
2020-12-03,2020120304001525,GIC,26,6,60,604.00,"36,240.00"
2020-12-03,2020120304001524,GIC,26,45,10,603.00,"6,030.00"
2020-12-03,2020120304001572,GIC,45,16,10,601.00,"6,010.00"
2020-12-03,2020120304001569,GIC,45,35,10,601.00,"6,010.00"
2020-12-03,2020120304001565,GIC,45,38,10,601.00,"6,010.00"
2020-12-03,2020120304001558,GIC,45,26,30,601.00,"18,030.00"
2020-12-03,2020120304001557,GIC,45,54,10,601.00,"6,010.00"
2020-12-03,2020120304001552,GIC,45,25,10,601.00,"6,010.00"
2020-12-03,2020120304001504,GIMES1,7,10,"3,816",11.40,"43,502.40"
2020-12-03,2020120304001503,GIMES1,7,21,"2,000",11.40,"22,800.00"
2020-12-03,2020120304001223,LUK,34,1,400,9.61,"3,844.00"
2020-12-03,2020120304001205,NBF2,1,57,400,9.86,"3,944.00"
2020-12-03,2020120304001107,NBF2,1,17,217,9.86,"2,139.62"
2020-12-03,2020120304001106,NBF2,52,17,113,9.90,"1,118.70"
2020-12-03,2020120304001105,NBF2,5,17,170,9.98,"1,696.60"
2020-12-03,2020120304001584,NEF,34,37,"1,207",10.00,"12,070.00"
2020-12-03,2020120304001583,NEF,34,48,483,9.90,"4,781.70"
2020-12-03,2020120304001582,NEF,34,18,"2,414",9.88,"23,850.32"
2020-12-03,2020120304001399,NEF,42,47,"1,498",10.00,"14,980.00"
2020-12-03,2020120304001360,NEF,42,42,966,10.00,"9,660.00"
2020-12-03,2020120304001302,NEF,42,47,"15,414",10.00,"154,140.00"
2020-12-03,2020120304001124,NEF,19,21,"1,414",9.89,"13,984.46"
2020-12-03,2020120304001123,NEF,17,21,"1,000",9.90,"9,900.00"
2020-12-03,2020120304001238,NEF,42,44,"1,127",9.95,"11,213.65"
2020-12-03,2020120304001163,NEF,10,41,483,9.87,"4,767.21"
2020-12-03,2020120304001151,NEF,10,35,"3,511",9.87,"34,653.57"
2020-12-03,2020120304001150,NEF,54,35,681,9.87,"6,721.47"
2020-12-03,2020120304001131,NEF,17,35,"2,000",9.88,"19,760.00"
2020-12-03,2020120304001127,NEF,19,35,"3,586",9.89,"35,465.54"
2020-12-03,2020120304001244,NEF,42,4,"47,584",10.00,"475,840.00"
2020-12-03,2020120304001243,NEF,42,41,241,10.00,"2,410.00"
2020-12-03,2020120304001242,NEF,42,28,483,10.00,"4,830.00"
2020-12-03,2020120304001241,NEF,42,35,"1,239",9.99,"12,377.61"
2020-12-03,2020120304001240,NEF,42,49,241,9.99,"2,407.59"
2020-12-03,2020120304001239,NEF,42,52,"1,207",9.96,"12,021.72"
2020-12-03,2020120304001417,NIBLPF,34,25,"2,475",10.06,"24,898.50"
2020-12-03,2020120304001340,NIBLPF,34,48,606,10.06,"6,096.36"
2020-12-03,2020120304001283,NIBLPF,34,50,"1,729",10.06,"17,393.74"
2020-12-03,2020120304001280,NIBLPF,34,58,"1,864",10.06,"18,751.84"
2020-12-03,2020120304001279,NIBLPF,17,58,"5,000",10.07,"50,350.00"
2020-12-03,2020120304001212,NIBLPF,34,10,"6,000",10.06,"60,360.00"
2020-12-03,2020120304001494,NIBPO,39,26,16,422.00,"6,752.00"
2020-12-03,2020120304001493,NIBPO,41,26,112,425.00,"47,600.00"
2020-12-03,2020120304001356,NIBPO,41,34,388,425.00,"164,900.00"
2020-12-03,2020120304001207,NIBPO,34,58,20,430.00,"8,600.00"
2020-12-03,2020120304001206,NIBPO,39,58,20,430.00,"8,600.00"
2020-12-03,2020120304001186,NIBPO,58,6,500,435.00,"217,500.00"
2020-12-03,2020120304001175,NIBPO,58,35,400,435.00,"174,000.00"
2020-12-03,2020120304001166,NIBSF1,6,41,"3,200",10.96,"35,072.00"
2020-12-03,2020120304001420,NICBF,13,25,"1,000",9.90,"9,900.00"
2020-12-03,2020120304001274,NICBF,17,45,200,10.00,"2,000.00"
2020-12-03,2020120304001273,NICBF,17,6,100,10.00,"1,000.00"
2020-12-03,2020120304001272,NICBF,17,54,200,10.00,"2,000.00"
2020-12-03,2020120304001560,NICGF,41,43,"1,000",10.39,"10,390.00"
2020-12-03,2020120304001430,NICGF,41,37,"1,000",10.39,"10,390.00"
2020-12-03,2020120304001285,NICGF,41,50,250,10.39,"2,597.50"
2020-12-03,2020120304001128,NICGF,41,57,500,10.39,"5,195.00"
2020-12-03,2020120304001112,NICGF,41,28,"10,300",10.39,"107,017.00"
2020-12-03,2020120304001111,NICGF,10,28,"5,000",10.40,"52,000.00"
2020-12-03,2020120304001110,NICGF,17,28,"2,500",10.40,"26,000.00"
2020-12-03,2020120304001109,NICGF,50,28,"3,000",10.41,"31,230.00"
2020-12-03,2020120304001108,NICGF,19,28,"4,200",10.42,"43,764.00"
2020-12-03,2020120304001580,NMB50,50,58,200,10.00,"2,000.00"
2020-12-03,2020120304001385,NMB50,4,4,"99,000",10.00,"990,000.00"
2020-12-03,2020120304001359,NMB50,4,4,"13,000",10.00,"130,000.00"
2020-12-03,2020120304001358,NMB50,4,4,"87,000",10.00,"870,000.00"
2020-12-03,2020120304001355,NMB50,4,4,"13,000",10.00,"130,000.00"
2020-12-03,2020120304001354,NMB50,4,4,"87,000",10.00,"870,000.00"
2020-12-03,2020120304001292,NMB50,5,4,"10,000",10.03,"100,300.00"
2020-12-03,2020120304001291,NMB50,17,4,"48,100",10.05,"483,405.00"
2020-12-03,2020120304001224,NMB50,17,32,"1,900",10.05,"19,095.00"
2020-12-03,2020120304001120,NMB50,50,17,100,10.01,"1,001.00"
2020-12-03,2020120304001300,NMB50,58,4,"5,000",10.00,"50,000.00"
2020-12-03,2020120304001299,NMB50,16,4,"3,000",10.00,"30,000.00"
2020-12-03,2020120304001298,NMB50,17,4,"3,000",10.00,"30,000.00"
2020-12-03,2020120304001297,NMB50,17,4,"11,000",10.01,"110,110.00"
2020-12-03,2020120304001294,NMB50,17,4,"39,000",10.01,"390,390.00"
2020-12-03,2020120304001293,NMB50,50,4,"2,900",10.01,"29,029.00"
2020-12-03,2020120304001312,NMB50,4,4,"77,000",10.00,"770,000.00"
2020-12-03,2020120304001310,NMB50,4,4,"23,000",10.00,"230,000.00"
2020-12-03,2020120304001309,NMB50,4,4,"77,000",10.00,"770,000.00"
2020-12-03,2020120304001308,NMB50,4,4,"23,000",10.00,"230,000.00"
2020-12-03,2020120304001307,NMB50,4,4,"77,000",10.00,"770,000.00"
2020-12-03,2020120304001301,NMB50,4,4,"1,000",10.00,"10,000.00"
2020-12-03,2020120304001321,NMB50,4,4,"13,000",10.00,"130,000.00"
2020-12-03,2020120304001320,NMB50,4,4,"87,000",10.00,"870,000.00"
2020-12-03,2020120304001318,NMB50,4,4,"13,000",10.00,"130,000.00"
2020-12-03,2020120304001317,NMB50,4,4,"87,000",10.00,"870,000.00"
2020-12-03,2020120304001314,NMB50,4,4,"13,000",10.00,"130,000.00"
2020-12-03,2020120304001313,NMB50,4,4,"10,000",10.00,"100,000.00"
2020-12-03,2020120304001343,NMB50,4,4,"13,000",10.00,"130,000.00"
2020-12-03,2020120304001342,NMB50,4,4,"87,000",10.00,"870,000.00"
2020-12-03,2020120304001339,NMB50,4,4,"13,000",10.00,"130,000.00"
2020-12-03,2020120304001338,NMB50,4,4,"87,000",10.00,"870,000.00"
2020-12-03,2020120304001325,NMB50,4,4,"13,000",10.00,"130,000.00"
2020-12-03,2020120304001324,NMB50,4,4,"87,000",10.00,"870,000.00"
2020-12-03,2020120304001352,NMB50,4,4,"13,000",10.00,"130,000.00"
2020-12-03,2020120304001351,NMB50,4,4,"87,000",10.00,"870,000.00"
2020-12-03,2020120304001347,NMB50,4,4,"13,000",10.00,"130,000.00"
2020-12-03,2020120304001346,NMB50,4,4,"87,000",10.00,"870,000.00"
2020-12-03,2020120304001345,NMB50,4,4,"13,000",10.00,"130,000.00"
2020-12-03,2020120304001344,NMB50,4,4,"87,000",10.00,"870,000.00"
2020-12-03,2020120304001571,NMBHF1,8,18,"2,496",10.05,"25,084.80"
2020-12-03,2020120304001559,NMBHF1,8,58,832,10.05,"8,361.60"
2020-12-03,2020120304001549,NMBHF1,8,39,"1,248",10.05,"12,542.40"
2020-12-03,2020120304001380,NMBHF1,46,41,686,10.06,"6,901.16"
2020-12-03,2020120304001349,NMBHF1,46,48,314,10.06,"3,158.84"
2020-12-03,2020120304001348,NMBHF1,46,48,518,10.06,"5,211.08"
2020-12-03,2020120304001288,NMBHF1,46,22,832,10.06,"8,369.92"
2020-12-03,2020120304001282,NMBHF1,46,34,650,10.06,"6,539.00"
2020-12-03,2020120304001281,NMBHF1,19,34,"2,448",10.06,"24,626.88"
2020-12-03,2020120304001125,NMBHF1,19,7,"7,552",10.06,"75,973.12"
2020-12-03,2020120304001556,RBCLPO,56,59,15,"15,100.00","226,500.00"
2020-12-03,2020120304001410,RBCLPO,16,58,10,"15,100.00","151,000.00"
2020-12-03,2020120304001390,RBCLPO,43,58,10,"15,100.00","151,000.00"
2020-12-03,2020120304001389,RBCLPO,43,58,10,"15,190.00","151,900.00"
2020-12-03,2020120304001188,RBCLPO,49,28,20,"15,000.00","300,000.00"
2020-12-03,2020120304001169,RBCLPO,58,33,10,"15,000.00","150,000.00"
2020-12-03,2020120304001562,SAEF,38,58,200,11.40,"2,280.00"
2020-12-03,2020120304001505,SAEF,38,51,600,11.40,"6,840.00"
2020-12-03,2020120304001496,SAEF,38,57,"1,000",11.40,"11,400.00"
2020-12-03,2020120304001495,SAEF,38,42,"1,000",11.40,"11,400.00"
2020-12-03,2020120304001306,SAEF,38,33,"1,000",11.60,"11,600.00"
2020-12-03,2020120304001278,SAEF,38,45,500,11.40,"5,700.00"
2020-12-03,2020120304001251,SAEF,42,32,"1,000",11.19,"11,190.00"
2020-12-03,2020120304001250,SAEF,42,21,"1,000",11.19,"11,190.00"
2020-12-03,2020120304001249,SAEF,42,21,"2,500",11.19,"27,975.00"
2020-12-03,2020120304001248,SAEF,42,21,"2,700",11.19,"30,213.00"
2020-12-03,2020120304001247,SAEF,42,52,400,11.18,"4,472.00"
2020-12-03,2020120304001257,SAEF,42,33,"1,000",11.25,"11,250.00"
2020-12-03,2020120304001256,SAEF,42,59,"1,000",11.20,"11,200.00"
2020-12-03,2020120304001255,SAEF,42,49,"5,000",11.20,"56,000.00"
2020-12-03,2020120304001254,SAEF,42,37,"5,000",11.20,"56,000.00"
2020-12-03,2020120304001253,SAEF,42,32,"1,000",11.20,"11,200.00"
2020-12-03,2020120304001252,SAEF,42,3,"2,000",11.19,"22,380.00"
2020-12-03,2020120304001266,SAEF,42,50,"61,400",11.40,"699,960.00"
2020-12-03,2020120304001262,SAEF,42,57,200,11.30,"2,260.00"
2020-12-03,2020120304001261,SAEF,42,41,"2,000",11.30,"22,600.00"
2020-12-03,2020120304001260,SAEF,42,46,200,11.30,"2,260.00"
2020-12-03,2020120304001259,SAEF,42,32,"9,700",11.30,"109,610.00"
2020-12-03,2020120304001258,SAEF,42,50,"10,000",11.27,"112,700.00"
2020-12-03,2020120304001555,SEF,28,43,"1,500",10.28,"15,420.00"
2020-12-03,2020120304001551,SEF,28,51,"2,000",10.28,"20,560.00"
2020-12-03,2020120304001548,SEF,28,38,"1,900",10.28,"19,532.00"
2020-12-03,2020120304001534,SEF,17,38,"1,000",10.28,"10,280.00"
2020-12-03,2020120304001528,SEF,17,38,"1,099",10.28,"11,297.72"
2020-12-03,2020120304001527,SEF,17,38,"1,000",10.34,"10,340.00"
2020-12-03,2020120304001229,SEF,17,38,"1,000",10.28,"10,280.00"
2020-12-03,2020120304001511,SEF,17,6,"4,000",10.34,"41,360.00"
2020-12-03,2020120304001507,SEF,17,38,"7,901",10.28,"81,222.28"
2020-12-03,2020120304001386,SEF,17,38,"3,500",10.28,"35,980.00"
2020-12-03,2020120304001365,SEF,17,33,500,10.28,"5,140.00"
2020-12-03,2020120304001276,SEF,17,10,"4,000",10.28,"41,120.00"
2020-12-03,2020120304001230,SEF,17,49,"1,000",10.28,"10,280.00"
2020-12-03,2020120304001568,SFMF,50,58,200,9.91,"1,982.00"
2020-12-03,2020120304001098,SFMF,50,38,300,9.91,"2,973.00"
2020-12-03,2020120304001585,SGI,17,37,10,617.00,"6,170.00"
2020-12-03,2020120304001581,SGI,17,18,10,617.00,"6,170.00"
2020-12-03,2020120304001579,SGI,33,37,10,617.00,"6,170.00"
2020-12-03,2020120304001570,SGI,33,37,10,617.00,"6,170.00"
2020-12-03,2020120304001567,SGI,33,37,10,617.00,"6,170.00"
2020-12-03,2020120304001566,SGI,33,16,10,617.00,"6,170.00"
2020-12-03,2020120304001099,SGI,57,41,60,615.00,"36,900.00"
2020-12-03,2020120304001097,SGI,57,37,10,615.00,"6,150.00"
2020-12-03,2020120304001114,SGI,45,56,20,615.00,"12,300.00"
2020-12-03,2020120304001113,SGI,51,56,50,615.00,"30,750.00"
2020-12-03,2020120304001104,SGI,50,37,10,615.00,"6,150.00"
2020-12-03,2020120304001102,SGI,50,58,10,615.00,"6,150.00"
2020-12-03,2020120304001101,SGI,50,37,10,615.00,"6,150.00"
2020-12-03,2020120304001100,SGI,50,41,90,615.00,"55,350.00"
2020-12-03,2020120304001130,SGI,49,37,10,615.00,"6,150.00"
2020-12-03,2020120304001126,SGI,49,45,10,615.00,"6,150.00"
2020-12-03,2020120304001121,SGI,7,1,10,615.00,"6,150.00"
2020-12-03,2020120304001118,SGI,7,37,10,615.00,"6,150.00"
2020-12-03,2020120304001116,SGI,7,56,80,615.00,"49,200.00"
2020-12-03,2020120304001115,SGI,36,56,50,615.00,"30,750.00"
2020-12-03,2020120304001156,SGI,13,38,10,615.00,"6,150.00"
2020-12-03,2020120304001146,SGI,13,39,10,615.00,"6,150.00"
2020-12-03,2020120304001143,SGI,13,45,10,615.00,"6,150.00"
2020-12-03,2020120304001142,SGI,13,37,10,615.00,"6,150.00"
2020-12-03,2020120304001133,SGI,49,22,10,615.00,"6,150.00"
2020-12-03,2020120304001132,SGI,49,37,10,615.00,"6,150.00"
2020-12-03,2020120304001189,SGI,16,33,10,615.00,"6,150.00"
2020-12-03,2020120304001167,SGI,36,49,10,615.00,"6,150.00"
2020-12-03,2020120304001165,SGI,36,7,10,615.00,"6,150.00"
2020-12-03,2020120304001164,SGI,36,26,10,615.00,"6,150.00"
2020-12-03,2020120304001158,SGI,36,39,10,615.00,"6,150.00"
2020-12-03,2020120304001157,SGI,36,49,10,615.00,"6,150.00"
2020-12-03,2020120304001197,SGI,54,48,10,614.00,"6,140.00"
2020-12-03,2020120304001194,SGI,16,11,10,615.00,"6,150.00"
2020-12-03,2020120304001193,SGI,16,55,10,615.00,"6,150.00"
2020-12-03,2020120304001192,SGI,16,37,10,615.00,"6,150.00"
2020-12-03,2020120304001191,SGI,16,37,10,615.00,"6,150.00"
2020-12-03,2020120304001190,SGI,16,17,10,615.00,"6,150.00"
2020-12-03,2020120304001218,SGI,1,34,10,615.00,"6,150.00"
2020-12-03,2020120304001217,SGI,1,26,10,615.00,"6,150.00"
2020-12-03,2020120304001209,SGI,45,58,10,615.00,"6,150.00"
2020-12-03,2020120304001208,SGI,45,45,10,615.00,"6,150.00"
2020-12-03,2020120304001202,SGI,45,57,10,615.00,"6,150.00"
2020-12-03,2020120304001201,SGI,45,53,10,615.00,"6,150.00"
2020-12-03,2020120304001227,SGI,54,41,10,614.00,"6,140.00"
2020-12-03,2020120304001225,SGI,54,28,10,614.00,"6,140.00"
2020-12-03,2020120304001222,SGI,1,18,150,615.00,"92,250.00"
2020-12-03,2020120304001221,SGI,1,36,10,615.00,"6,150.00"
2020-12-03,2020120304001220,SGI,1,56,10,615.00,"6,150.00"
2020-12-03,2020120304001219,SGI,1,16,10,615.00,"6,150.00"
2020-12-03,2020120304001237,SGI,41,26,10,614.00,"6,140.00"
2020-12-03,2020120304001236,SGI,41,54,10,614.00,"6,140.00"
2020-12-03,2020120304001235,SGI,41,56,10,614.00,"6,140.00"
2020-12-03,2020120304001234,SGI,41,57,10,614.00,"6,140.00"
2020-12-03,2020120304001233,SGI,54,21,10,614.00,"6,140.00"
2020-12-03,2020120304001228,SGI,54,16,10,614.00,"6,140.00"
2020-12-03,2020120304001275,SGI,41,58,10,614.00,"6,140.00"
2020-12-03,2020120304001271,SGI,41,41,10,614.00,"6,140.00"
2020-12-03,2020120304001270,SGI,41,41,10,614.00,"6,140.00"
2020-12-03,2020120304001267,SGI,41,45,10,614.00,"6,140.00"
2020-12-03,2020120304001263,SGI,41,20,10,614.00,"6,140.00"
2020-12-03,2020120304001245,SGI,41,41,10,614.00,"6,140.00"
2020-12-03,2020120304001296,SGI,48,14,10,612.00,"6,120.00"
2020-12-03,2020120304001295,SGI,48,48,10,612.00,"6,120.00"
2020-12-03,2020120304001287,SGI,48,34,10,612.00,"6,120.00"
2020-12-03,2020120304001286,SGI,48,10,10,612.00,"6,120.00"
2020-12-03,2020120304001284,SGI,48,16,10,612.00,"6,120.00"
2020-12-03,2020120304001277,SGI,48,16,10,612.00,"6,120.00"
2020-12-03,2020120304001319,SGI,29,35,20,613.00,"12,260.00"
2020-12-03,2020120304001316,SGI,29,51,270,613.00,"165,510.00"
2020-12-03,2020120304001315,SGI,29,45,10,613.00,"6,130.00"
2020-12-03,2020120304001305,SGI,1,18,80,612.00,"48,960.00"
2020-12-03,2020120304001304,SGI,48,18,30,612.00,"18,360.00"
2020-12-03,2020120304001303,SGI,48,14,10,612.00,"6,120.00"
2020-12-03,2020120304001374,SGI,29,42,10,613.00,"6,130.00"
2020-12-03,2020120304001372,SGI,29,18,10,613.00,"6,130.00"
2020-12-03,2020120304001370,SGI,29,18,10,613.00,"6,130.00"
2020-12-03,2020120304001367,SGI,38,48,10,614.00,"6,140.00"
2020-12-03,2020120304001332,SGI,29,32,10,613.00,"6,130.00"
2020-12-03,2020120304001322,SGI,29,52,10,613.00,"6,130.00"
2020-12-03,2020120304001383,SGI,29,19,10,613.00,"6,130.00"
2020-12-03,2020120304001382,SGI,58,16,10,614.00,"6,140.00"
2020-12-03,2020120304001381,SGI,58,21,10,614.00,"6,140.00"
2020-12-03,2020120304001379,SGI,58,59,10,614.00,"6,140.00"
2020-12-03,2020120304001377,SGI,29,18,10,613.00,"6,130.00"
2020-12-03,2020120304001376,SGI,29,19,10,613.00,"6,130.00"
2020-12-03,2020120304001396,SGI,50,39,10,615.00,"6,150.00"
2020-12-03,2020120304001395,SGI,50,39,10,615.00,"6,150.00"
2020-12-03,2020120304001394,SGI,50,32,100,615.00,"61,500.00"
2020-12-03,2020120304001393,SGI,50,39,10,615.00,"6,150.00"
2020-12-03,2020120304001392,SGI,50,51,10,615.00,"6,150.00"
2020-12-03,2020120304001391,SGI,29,16,10,613.00,"6,130.00"
2020-12-03,2020120304001412,SGI,50,19,10,615.00,"6,150.00"
2020-12-03,2020120304001411,SGI,50,16,10,615.00,"6,150.00"
2020-12-03,2020120304001409,SGI,14,16,100,616.00,"61,600.00"
2020-12-03,2020120304001402,SGI,50,16,10,615.00,"6,150.00"
2020-12-03,2020120304001398,SGI,50,39,10,615.00,"6,150.00"
2020-12-03,2020120304001397,SGI,50,45,10,615.00,"6,150.00"
2020-12-03,2020120304001433,SGI,22,38,10,617.00,"6,170.00"
2020-12-03,2020120304001429,SGI,22,19,10,617.00,"6,170.00"
2020-12-03,2020120304001428,SGI,22,6,10,617.00,"6,170.00"
2020-12-03,2020120304001423,SGI,38,1,10,616.00,"6,160.00"
2020-12-03,2020120304001415,SGI,51,34,10,617.00,"6,170.00"
2020-12-03,2020120304001413,SGI,50,38,10,615.00,"6,150.00"
2020-12-03,2020120304001441,SGI,22,21,10,617.00,"6,170.00"
2020-12-03,2020120304001440,SGI,22,42,10,617.00,"6,170.00"
2020-12-03,2020120304001438,SGI,22,53,10,617.00,"6,170.00"
2020-12-03,2020120304001436,SGI,22,57,10,617.00,"6,170.00"
2020-12-03,2020120304001435,SGI,22,21,10,617.00,"6,170.00"
2020-12-03,2020120304001434,SGI,22,36,10,617.00,"6,170.00"
2020-12-03,2020120304001450,SGI,50,21,10,615.00,"6,150.00"
2020-12-03,2020120304001448,SGI,50,44,10,615.00,"6,150.00"
2020-12-03,2020120304001446,SGI,50,21,10,615.00,"6,150.00"
2020-12-03,2020120304001445,SGI,50,29,10,615.00,"6,150.00"
2020-12-03,2020120304001443,SGI,50,37,10,615.00,"6,150.00"
2020-12-03,2020120304001442,SGI,22,1,10,617.00,"6,170.00"
2020-12-03,2020120304001463,SGI,29,57,10,613.00,"6,130.00"
2020-12-03,2020120304001461,SGI,50,21,10,615.00,"6,150.00"
2020-12-03,2020120304001460,SGI,50,21,10,615.00,"6,150.00"
2020-12-03,2020120304001459,SGI,50,29,10,615.00,"6,150.00"
2020-12-03,2020120304001456,SGI,50,21,10,615.00,"6,150.00"
2020-12-03,2020120304001451,SGI,50,29,10,615.00,"6,150.00"
2020-12-03,2020120304001472,SGI,11,6,10,615.00,"6,150.00"
2020-12-03,2020120304001471,SGI,29,21,10,613.00,"6,130.00"
2020-12-03,2020120304001470,SGI,29,16,10,613.00,"6,130.00"
2020-12-03,2020120304001469,SGI,29,8,10,613.00,"6,130.00"
2020-12-03,2020120304001468,SGI,29,41,10,613.00,"6,130.00"
2020-12-03,2020120304001465,SGI,29,21,10,613.00,"6,130.00"
2020-12-03,2020120304001478,SGI,11,41,10,620.00,"6,200.00"
2020-12-03,2020120304001477,SGI,11,39,10,619.00,"6,190.00"
2020-12-03,2020120304001476,SGI,11,39,10,619.00,"6,190.00"
2020-12-03,2020120304001475,SGI,11,39,10,619.00,"6,190.00"
2020-12-03,2020120304001474,SGI,11,42,50,618.00,"30,900.00"
2020-12-03,2020120304001473,SGI,11,8,10,615.00,"6,150.00"
2020-12-03,2020120304001484,SGI,11,45,20,620.00,"12,400.00"
2020-12-03,2020120304001483,SGI,11,45,10,620.00,"6,200.00"
2020-12-03,2020120304001482,SGI,11,5,10,620.00,"6,200.00"
2020-12-03,2020120304001481,SGI,11,3,10,620.00,"6,200.00"
2020-12-03,2020120304001480,SGI,11,54,10,620.00,"6,200.00"
2020-12-03,2020120304001479,SGI,11,33,10,620.00,"6,200.00"
2020-12-03,2020120304001490,SGI,11,41,10,620.00,"6,200.00"
2020-12-03,2020120304001489,SGI,11,17,10,620.00,"6,200.00"
2020-12-03,2020120304001488,SGI,11,38,10,620.00,"6,200.00"
2020-12-03,2020120304001487,SGI,11,44,50,620.00,"31,000.00"
2020-12-03,2020120304001486,SGI,11,17,10,620.00,"6,200.00"
2020-12-03,2020120304001485,SGI,11,34,10,620.00,"6,200.00"
2020-12-03,2020120304001501,SGI,5,32,10,614.00,"6,140.00"
2020-12-03,2020120304001499,SGI,5,8,10,614.00,"6,140.00"
2020-12-03,2020120304001498,SGI,5,29,10,614.00,"6,140.00"
2020-12-03,2020120304001497,SGI,5,45,10,614.00,"6,140.00"
2020-12-03,2020120304001492,SGI,11,39,70,620.00,"43,400.00"
2020-12-03,2020120304001491,SGI,11,4,200,620.00,"124,000.00"
2020-12-03,2020120304001515,SGI,49,53,10,620.00,"6,200.00"
2020-12-03,2020120304001514,SGI,49,39,55,620.00,"34,100.00"
2020-12-03,2020120304001513,SGI,49,45,10,619.00,"6,190.00"
2020-12-03,2020120304001512,SGI,49,39,10,619.00,"6,190.00"
2020-12-03,2020120304001508,SGI,13,29,10,615.00,"6,150.00"
2020-12-03,2020120304001502,SGI,5,29,10,614.00,"6,140.00"
2020-12-03,2020120304001529,SGI,13,16,10,615.00,"6,150.00"
2020-12-03,2020120304001526,SGI,13,16,10,615.00,"6,150.00"
2020-12-03,2020120304001520,SGI,13,16,10,615.00,"6,150.00"
2020-12-03,2020120304001519,SGI,13,43,10,615.00,"6,150.00"
2020-12-03,2020120304001517,SGI,13,16,10,615.00,"6,150.00"
2020-12-03,2020120304001516,SGI,49,45,10,620.00,"6,200.00"
2020-12-03,2020120304001538,SGI,53,58,10,616.00,"6,160.00"
2020-12-03,2020120304001537,SGI,53,36,10,616.00,"6,160.00"
2020-12-03,2020120304001536,SGI,53,8,10,616.00,"6,160.00"
2020-12-03,2020120304001535,SGI,53,13,10,616.00,"6,160.00"
2020-12-03,2020120304001532,SGI,53,42,10,616.00,"6,160.00"
2020-12-03,2020120304001530,SGI,53,14,10,616.00,"6,160.00"
2020-12-03,2020120304001547,SGI,33,38,10,617.00,"6,170.00"
2020-12-03,2020120304001546,SGI,58,16,10,616.00,"6,160.00"
2020-12-03,2020120304001544,SGI,53,37,10,616.00,"6,160.00"
2020-12-03,2020120304001542,SGI,53,37,10,616.00,"6,160.00"
2020-12-03,2020120304001541,SGI,53,8,10,616.00,"6,160.00"
2020-12-03,2020120304001539,SGI,53,38,10,616.00,"6,160.00"
2020-12-03,2020120304001564,SGI,33,37,10,617.00,"6,170.00"
2020-12-03,2020120304001563,SGI,33,47,10,617.00,"6,170.00"
2020-12-03,2020120304001561,SGI,33,16,10,617.00,"6,170.00"
2020-12-03,2020120304001554,SGI,33,37,10,617.00,"6,170.00"
2020-12-03,2020120304001553,SGI,17,39,10,620.00,"6,200.00"
2020-12-03,2020120304001550,SGI,33,45,10,617.00,"6,170.00"
2020-12-03,2020120304001439,STC,33,11,10,"5,980.00","59,800.00"
2020-12-03,2020120304001431,STC,21,11,10,"5,980.00","59,800.00"
2020-12-03,2020120304001200,STC,33,21,10,"5,880.00","58,800.00"
2020-12-03,2020120304001182,STC,49,17,20,"5,883.00","117,660.00"
2020-12-03,2020120304001173,STC,33,45,20,"5,880.00","117,600.00"
2020-12-03,2020120304001155,STC,33,11,20,"5,980.00","119,600.00"
2020-12-03,2020120304001154,STC,33,45,100,"5,900.00","590,000.00"
2020-12-03,2020120304001152,STC,33,5,20,"5,880.00","117,600.00"
2020-12-03,2020120304001145,STC,33,28,40,"5,883.00","235,320.00"
2020-12-03,2020120304000971,BBC,14,49,93,"3,252.00","302,436.00"
2020-12-03,2020120304000946,BBC,33,48,10,"3,296.00","32,960.00"
2020-12-03,2020120304000945,BBC,33,38,20,"3,295.00","65,900.00"
2020-12-03,2020120304000734,BBC,45,54,50,"3,232.00","161,600.00"
2020-12-03,2020120304000924,CMF1,34,7,100,9.95,995.00
2020-12-03,2020120304000697,CMF1,34,40,"1,000",9.95,"9,950.00"
2020-12-03,2020120304000694,CMF1,34,39,500,9.95,"4,975.00"
2020-12-03,2020120304000735,GBD80/81,19,58,25,"1,045.00","26,125.00"
2020-12-03,2020120304000629,GBIMEP,48,37,"6,500",150.00,"975,000.00"
2020-12-03,2020120304001085,GIC,52,6,30,600.00,"18,000.00"
2020-12-03,2020120304001084,GIC,45,6,85,600.00,"51,000.00"
2020-12-03,2020120304001083,GIC,35,6,100,600.00,"60,000.00"
2020-12-03,2020120304001082,GIC,37,6,40,601.00,"24,040.00"
2020-12-03,2020120304001081,GIC,1,6,300,601.00,"180,300.00"
2020-12-03,2020120304001080,GIC,8,6,10,601.00,"6,010.00"
2020-12-03,2020120304000606,GIC,29,47,100,606.00,"60,600.00"
2020-12-03,2020120304000605,GIC,53,47,10,606.00,"6,060.00"
2020-12-03,2020120304000593,GIC,34,41,10,606.00,"6,060.00"
2020-12-03,2020120304000589,GIC,34,6,10,606.00,"6,060.00"
2020-12-03,2020120304000588,GIC,34,13,10,606.00,"6,060.00"
2020-12-03,2020120304000622,GIC,22,48,10,605.00,"6,050.00"
2020-12-03,2020120304000620,GIC,34,47,20,606.00,"12,120.00"
2020-12-03,2020120304000619,GIC,22,10,10,605.00,"6,050.00"
2020-12-03,2020120304000618,GIC,42,47,30,606.00,"18,180.00"
2020-12-03,2020120304000613,GIC,22,10,10,605.00,"6,050.00"
2020-12-03,2020120304000609,GIC,22,10,10,605.00,"6,050.00"
2020-12-03,2020120304000639,GIC,28,41,10,605.00,"6,050.00"
2020-12-03,2020120304000637,GIC,28,41,10,605.00,"6,050.00"
2020-12-03,2020120304000635,GIC,22,44,10,605.00,"6,050.00"
2020-12-03,2020120304000633,GIC,22,45,10,605.00,"6,050.00"
2020-12-03,2020120304000626,GIC,22,58,10,605.00,"6,050.00"
2020-12-03,2020120304000624,GIC,22,10,10,605.00,"6,050.00"
2020-12-03,2020120304000652,GIC,28,38,10,605.00,"6,050.00"
2020-12-03,2020120304000651,GIC,28,41,10,605.00,"6,050.00"
2020-12-03,2020120304000650,GIC,16,42,10,606.00,"6,060.00"
2020-12-03,2020120304000649,GIC,28,51,10,605.00,"6,050.00"
2020-12-03,2020120304000644,GIC,16,47,40,606.00,"24,240.00"
2020-12-03,2020120304000643,GIC,28,6,10,605.00,"6,050.00"
2020-12-03,2020120304000671,GIC,21,40,10,606.00,"6,060.00"
2020-12-03,2020120304000670,GIC,21,56,10,606.00,"6,060.00"
2020-12-03,2020120304000669,GIC,21,4,10,606.00,"6,060.00"
2020-12-03,2020120304000668,GIC,21,48,10,606.00,"6,060.00"
2020-12-03,2020120304000667,GIC,21,3,10,606.00,"6,060.00"
2020-12-03,2020120304000666,GIC,21,57,10,606.00,"6,060.00"
2020-12-03,2020120304000682,GIC,28,41,10,605.00,"6,050.00"
2020-12-03,2020120304000680,GIC,28,6,10,605.00,"6,050.00"
2020-12-03,2020120304000678,GIC,28,59,10,605.00,"6,050.00"
2020-12-03,2020120304000677,GIC,28,39,10,605.00,"6,050.00"
2020-12-03,2020120304000676,GIC,28,54,10,605.00,"6,050.00"
2020-12-03,2020120304000672,GIC,21,26,40,606.00,"24,240.00"
2020-12-03,2020120304000691,GIC,59,36,10,605.00,"6,050.00"
2020-12-03,2020120304000690,GIC,59,6,10,605.00,"6,050.00"
2020-12-03,2020120304000689,GIC,28,44,10,605.00,"6,050.00"
2020-12-03,2020120304000688,GIC,28,40,10,605.00,"6,050.00"
2020-12-03,2020120304000684,GIC,28,39,10,605.00,"6,050.00"
2020-12-03,2020120304000683,GIC,28,43,10,605.00,"6,050.00"
2020-12-03,2020120304000722,GIC,19,21,10,606.00,"6,060.00"
2020-12-03,2020120304000715,GIC,19,59,10,606.00,"6,060.00"
2020-12-03,2020120304000705,GIC,19,44,10,606.00,"6,060.00"
2020-12-03,2020120304000704,GIC,19,41,10,606.00,"6,060.00"
2020-12-03,2020120304000698,GIC,7,26,50,606.00,"30,300.00"
2020-12-03,2020120304000696,GIC,10,26,10,606.00,"6,060.00"
2020-12-03,2020120304000752,GIC,45,26,10,606.00,"6,060.00"
2020-12-03,2020120304000751,GIC,45,28,10,606.00,"6,060.00"
2020-12-03,2020120304000747,GIC,45,35,10,606.00,"6,060.00"
2020-12-03,2020120304000733,GIC,45,40,10,606.00,"6,060.00"
2020-12-03,2020120304000727,GIC,19,46,10,606.00,"6,060.00"
2020-12-03,2020120304000725,GIC,19,40,10,606.00,"6,060.00"
2020-12-03,2020120304000768,GIC,6,58,10,607.00,"6,070.00"
2020-12-03,2020120304000767,GIC,6,6,10,607.00,"6,070.00"
2020-12-03,2020120304000766,GIC,6,10,10,607.00,"6,070.00"
2020-12-03,2020120304000762,GIC,59,38,10,605.00,"6,050.00"
2020-12-03,2020120304000760,GIC,42,40,10,606.00,"6,060.00"
2020-12-03,2020120304000759,GIC,42,51,10,606.00,"6,060.00"
2020-12-03,2020120304000774,GIC,6,38,10,607.00,"6,070.00"
2020-12-03,2020120304000773,GIC,6,25,10,607.00,"6,070.00"
2020-12-03,2020120304000772,GIC,6,58,10,607.00,"6,070.00"
2020-12-03,2020120304000771,GIC,6,42,10,607.00,"6,070.00"
2020-12-03,2020120304000770,GIC,6,53,10,607.00,"6,070.00"
2020-12-03,2020120304000769,GIC,6,45,10,607.00,"6,070.00"
2020-12-03,2020120304000797,GIC,59,54,10,605.00,"6,050.00"
2020-12-03,2020120304000796,GIC,59,38,10,605.00,"6,050.00"
2020-12-03,2020120304000794,GIC,59,56,10,605.00,"6,050.00"
2020-12-03,2020120304000792,GIC,59,7,10,605.00,"6,050.00"
2020-12-03,2020120304000789,GIC,59,3,10,605.00,"6,050.00"
2020-12-03,2020120304000775,GIC,6,45,10,607.00,"6,070.00"
2020-12-03,2020120304000808,GIC,59,22,10,605.00,"6,050.00"
2020-12-03,2020120304000802,GIC,59,26,10,605.00,"6,050.00"
2020-12-03,2020120304000801,GIC,55,17,10,608.00,"6,080.00"
2020-12-03,2020120304000800,GIC,55,20,290,608.00,"176,320.00"
2020-12-03,2020120304000799,GIC,59,8,10,605.00,"6,050.00"
2020-12-03,2020120304000798,GIC,59,8,10,605.00,"6,050.00"
2020-12-03,2020120304000842,GIC,17,13,10,605.00,"6,050.00"
2020-12-03,2020120304000829,GIC,17,48,60,605.00,"36,300.00"
2020-12-03,2020120304000828,GIC,59,48,50,605.00,"30,250.00"
2020-12-03,2020120304000825,GIC,59,21,10,605.00,"6,050.00"
2020-12-03,2020120304000821,GIC,59,54,10,605.00,"6,050.00"
2020-12-03,2020120304000810,GIC,59,41,10,605.00,"6,050.00"
2020-12-03,2020120304000848,GIC,42,19,10,609.00,"6,090.00"
2020-12-03,2020120304000847,GIC,42,5,50,609.00,"30,450.00"
2020-12-03,2020120304000846,GIC,42,4,10,608.00,"6,080.00"
2020-12-03,2020120304000845,GIC,42,22,10,608.00,"6,080.00"
2020-12-03,2020120304000844,GIC,42,45,10,608.00,"6,080.00"
2020-12-03,2020120304000843,GIC,42,38,10,608.00,"6,080.00"
2020-12-03,2020120304000866,GIC,42,1,10,609.00,"6,090.00"
2020-12-03,2020120304000865,GIC,42,45,50,609.00,"30,450.00"
2020-12-03,2020120304000864,GIC,42,44,10,608.00,"6,080.00"
2020-12-03,2020120304000862,GIC,17,1,10,605.00,"6,050.00"
2020-12-03,2020120304000855,GIC,17,43,10,605.00,"6,050.00"
2020-12-03,2020120304000850,GIC,17,42,10,605.00,"6,050.00"
2020-12-03,2020120304000884,GIC,13,51,10,608.00,"6,080.00"
2020-12-03,2020120304000883,GIC,42,32,10,609.00,"6,090.00"
2020-12-03,2020120304000880,GIC,42,58,10,609.00,"6,090.00"
2020-12-03,2020120304000870,GIC,42,7,10,609.00,"6,090.00"
2020-12-03,2020120304000868,GIC,42,20,490,610.00,"298,900.00"
2020-12-03,2020120304000867,GIC,42,43,10,610.00,"6,100.00"
2020-12-03,2020120304000896,GIC,29,46,10,605.00,"6,050.00"
2020-12-03,2020120304000894,GIC,29,4,110,605.00,"66,550.00"
2020-12-03,2020120304000893,GIC,14,4,90,605.00,"54,450.00"
2020-12-03,2020120304000892,GIC,14,51,10,605.00,"6,050.00"
2020-12-03,2020120304000887,GIC,13,36,10,608.00,"6,080.00"
2020-12-03,2020120304000885,GIC,13,48,10,608.00,"6,080.00"
2020-12-03,2020120304000906,GIC,29,45,10,605.00,"6,050.00"
2020-12-03,2020120304000905,GIC,29,54,10,605.00,"6,050.00"
2020-12-03,2020120304000901,GIC,42,41,10,606.00,"6,060.00"
2020-12-03,2020120304000899,GIC,42,46,10,606.00,"6,060.00"
2020-12-03,2020120304000898,GIC,29,45,10,605.00,"6,050.00"
2020-12-03,2020120304000897,GIC,29,42,10,605.00,"6,050.00"
2020-12-03,2020120304000921,GIC,35,36,10,607.00,"6,070.00"
2020-12-03,2020120304000920,GIC,35,18,10,607.00,"6,070.00"
2020-12-03,2020120304000919,GIC,35,43,10,607.00,"6,070.00"
2020-12-03,2020120304000916,GIC,29,45,10,605.00,"6,050.00"
2020-12-03,2020120304000912,GIC,29,6,10,605.00,"6,050.00"
2020-12-03,2020120304000907,GIC,29,21,10,605.00,"6,050.00"
2020-12-03,2020120304000956,GIC,57,13,10,606.00,"6,060.00"
2020-12-03,2020120304000947,GIC,57,58,10,606.00,"6,060.00"
2020-12-03,2020120304000940,GIC,8,19,10,605.00,"6,050.00"
2020-12-03,2020120304000939,GIC,8,11,10,605.00,"6,050.00"
2020-12-03,2020120304000931,GIC,35,45,10,607.00,"6,070.00"
2020-12-03,2020120304000922,GIC,35,43,10,607.00,"6,070.00"
2020-12-03,2020120304000986,GIC,57,34,10,606.00,"6,060.00"
2020-12-03,2020120304000983,GIC,57,51,10,606.00,"6,060.00"
2020-12-03,2020120304000977,GIC,57,21,10,606.00,"6,060.00"
2020-12-03,2020120304000976,GIC,57,55,10,606.00,"6,060.00"
2020-12-03,2020120304000965,GIC,57,45,10,606.00,"6,060.00"
2020-12-03,2020120304000962,GIC,57,17,10,606.00,"6,060.00"
2020-12-03,2020120304001002,GIC,11,56,300,605.00,"181,500.00"
2020-12-03,2020120304000997,GIC,55,50,40,606.00,"24,240.00"
2020-12-03,2020120304000996,GIC,29,50,10,606.00,"6,060.00"
2020-12-03,2020120304000995,GIC,57,50,400,606.00,"242,400.00"
2020-12-03,2020120304000994,GIC,57,16,10,606.00,"6,060.00"
2020-12-03,2020120304000991,GIC,57,29,10,606.00,"6,060.00"
2020-12-03,2020120304001021,GIC,32,59,10,604.00,"6,040.00"
2020-12-03,2020120304001020,GIC,32,36,10,604.00,"6,040.00"
2020-12-03,2020120304001019,GIC,32,16,10,604.00,"6,040.00"
2020-12-03,2020120304001005,GIC,45,56,50,605.00,"30,250.00"
2020-12-03,2020120304001004,GIC,49,56,100,605.00,"60,500.00"
2020-12-03,2020120304001003,GIC,10,56,10,605.00,"6,050.00"
2020-12-03,2020120304001034,GIC,35,48,10,603.00,"6,030.00"
2020-12-03,2020120304001032,GIC,45,21,10,603.00,"6,030.00"
2020-12-03,2020120304001029,GIC,45,56,40,603.00,"24,120.00"
2020-12-03,2020120304001024,GIC,45,48,10,603.00,"6,030.00"
2020-12-03,2020120304001023,GIC,32,34,10,604.00,"6,040.00"
2020-12-03,2020120304001022,GIC,32,34,10,604.00,"6,040.00"
2020-12-03,2020120304001042,GIC,58,44,10,602.00,"6,020.00"
2020-12-03,2020120304001040,GIC,35,54,10,603.00,"6,030.00"
2020-12-03,2020120304001039,GIC,35,38,10,603.00,"6,030.00"
2020-12-03,2020120304001038,GIC,35,49,10,603.00,"6,030.00"
2020-12-03,2020120304001037,GIC,35,34,10,603.00,"6,030.00"
2020-12-03,2020120304001035,GIC,35,26,10,603.00,"6,030.00"
2020-12-03,2020120304001070,GIC,49,39,10,604.00,"6,040.00"
2020-12-03,2020120304001060,GIC,58,47,50,602.00,"30,100.00"
2020-12-03,2020120304001054,GIC,58,29,10,602.00,"6,020.00"
2020-12-03,2020120304001050,GIC,58,52,10,602.00,"6,020.00"
2020-12-03,2020120304001048,GIC,58,53,10,602.00,"6,020.00"
2020-12-03,2020120304001046,GIC,58,54,10,602.00,"6,020.00"
2020-12-03,2020120304001079,GIC,49,6,20,601.00,"12,020.00"
2020-12-03,2020120304001078,GIC,11,6,150,602.00,"90,300.00"
2020-12-03,2020120304001077,GIC,8,6,10,602.00,"6,020.00"
2020-12-03,2020120304001076,GIC,49,54,10,604.00,"6,040.00"
2020-12-03,2020120304001072,GIC,49,32,10,604.00,"6,040.00"
2020-12-03,2020120304001071,GIC,49,45,10,604.00,"6,040.00"
2020-12-03,2020120304000964,GIMES1,6,10,"5,000",11.44,"57,200.00"
2020-12-03,2020120304000963,GIMES1,6,10,"5,000",11.43,"57,150.00"
2020-12-03,2020120304000827,GIMES1,34,51,"2,500",11.30,"28,250.00"
2020-12-03,2020120304000645,GIMES1,7,55,"2,000",11.29,"22,580.00"
2020-12-03,2020120304000592,GIMES1,7,57,"6,000",11.30,"67,800.00"
2020-12-03,2020120304000586,GIMES1,7,57,"4,000",11.30,"45,200.00"
2020-12-03,2020120304000888,LEMF,34,46,"1,000",9.70,"9,700.00"
2020-12-03,2020120304001065,LUK,6,35,"1,000",9.70,"9,700.00"
2020-12-03,2020120304000861,LUK,36,42,100,9.61,961.00
2020-12-03,2020120304000818,LUK,36,58,200,9.61,"1,922.00"
2020-12-03,2020120304000873,NBF2,5,4,"9,830",9.98,"98,103.40"
2020-12-03,2020120304000872,NBF2,5,4,"6,670",9.98,"66,566.60"
2020-12-03,2020120304000854,NBF2,5,42,330,9.98,"3,293.40"
2020-12-03,2020120304000851,NBF2,53,39,"2,800",10.00,"28,000.00"
2020-12-03,2020120304000833,NBF2,44,39,"5,000",10.00,"50,000.00"
2020-12-03,2020120304000621,NBF2,44,58,200,10.00,"2,000.00"
2020-12-03,2020120304000610,NBF2,44,40,100,10.00,"1,000.00"
2020-12-03,2020120304000597,NBF2,44,53,100,10.00,"1,000.00"
2020-12-03,2020120304000587,NBF2,44,36,100,10.00,"1,000.00"
2020-12-03,2020120304000832,NBF2,44,39,"3,200",10.00,"32,000.00"
2020-12-03,2020120304000795,NBF2,58,58,"50,000",9.98,"499,000.00"
2020-12-03,2020120304000786,NBF2,6,21,"1,000",10.01,"10,010.00"
2020-12-03,2020120304000712,NBF2,44,41,100,10.00,"1,000.00"
2020-12-03,2020120304000699,NBF2,44,41,100,10.00,"1,000.00"
2020-12-03,2020120304000634,NBF2,44,28,"3,000",10.00,"30,000.00"
2020-12-03,2020120304001063,NEF,6,35,"5,000",9.91,"49,550.00"
2020-12-03,2020120304001062,NEF,53,35,"3,222",9.91,"31,930.02"
2020-12-03,2020120304001036,NEF,53,45,"1,127",9.91,"11,168.57"
2020-12-03,2020120304001027,NEF,53,42,500,9.91,"4,955.00"
2020-12-03,2020120304000974,NEF,53,45,"1,127",9.91,"11,168.57"
2020-12-03,2020120304000967,NEF,53,18,"2,024",9.91,"20,057.84"
2020-12-03,2020120304000966,NEF,53,18,390,9.91,"3,864.90"
2020-12-03,2020120304000952,NEF,53,45,483,9.91,"4,786.53"
2020-12-03,2020120304000817,NEF,53,14,966,9.95,"9,611.70"
2020-12-03,2020120304000816,NEF,53,10,"4,759",9.95,"47,352.05"
2020-12-03,2020120304000815,NEF,6,10,873,9.95,"8,686.35"
2020-12-03,2020120304000806,NEF,6,22,"1,127",9.95,"11,213.65"
2020-12-03,2020120304001075,NIBLPF,6,41,253,10.10,"2,555.30"
2020-12-03,2020120304001074,NIBLPF,6,57,"19,000",10.10,"191,900.00"
2020-12-03,2020120304000984,NIBLPF,6,57,"10,000",10.10,"101,000.00"
2020-12-03,2020120304000807,NIBLPF,32,57,"2,000",10.10,"20,200.00"
2020-12-03,2020120304000608,NIBLPF,59,7,"1,515",10.05,"15,225.75"
2020-12-03,2020120304000604,NIBLPF,59,21,"2,525",10.05,"25,376.25"
2020-12-03,2020120304001031,NIBPO,21,6,"1,929",438.00,"844,902.00"
2020-12-03,2020120304001030,NIBPO,21,58,386,435.00,"167,910.00"
2020-12-03,2020120304001026,NIBPO,21,56,185,430.00,"79,550.00"
2020-12-03,2020120304001008,NIBPO,39,47,15,424.00,"6,360.00"
2020-12-03,2020120304000904,NIBPO,58,47,100,432.00,"43,200.00"
2020-12-03,2020120304000665,NIBPO,34,42,"5,000",432.00,"2,160,000.00"
2020-12-03,2020120304000658,NIBPO,28,42,"8,650",435.00,"3,762,750.00"
2020-12-03,2020120304000640,NIBPO,28,42,"1,350",435.00,"587,250.00"
2020-12-03,2020120304000591,NIBPO,13,11,250,434.00,"108,500.00"
2020-12-03,2020120304000590,NIBPO,34,11,250,435.00,"108,750.00"
2020-12-03,2020120304000664,NIBPO,8,42,"5,000",432.00,"2,160,000.00"
2020-12-03,2020120304000663,NIBPO,28,42,"10,000",433.00,"4,330,000.00"
2020-12-03,2020120304000662,NIBPO,34,42,"5,000",433.00,"2,165,000.00"
2020-12-03,2020120304000661,NIBPO,8,42,"5,000",434.00,"2,170,000.00"
2020-12-03,2020120304000660,NIBPO,13,42,250,434.00,"108,500.00"
2020-12-03,2020120304000659,NIBPO,39,42,200,435.00,"87,000.00"
2020-12-03,2020120304000642,NIBSF1,51,55,700,10.91,"7,637.00"
2020-12-03,2020120304000809,NICBF,17,54,100,10.00,"1,000.00"
2020-12-03,2020120304000765,NICBF,32,22,"2,000",10.10,"20,200.00"
2020-12-03,2020120304001055,NICGF,19,49,"2,000",10.42,"20,840.00"
2020-12-03,2020120304000973,NICGF,19,4,500,10.42,"5,210.00"
2020-12-03,2020120304000933,NICGF,19,7,100,10.42,"1,042.00"
2020-12-03,2020120304000914,NICGF,19,51,200,10.42,"2,084.00"
2020-12-03,2020120304000761,NICGF,19,54,200,10.42,"2,084.00"
2020-12-03,2020120304000695,NICGF,19,45,100,10.42,"1,042.00"
2020-12-03,2020120304001066,NMB50,6,32,100,10.05,"1,005.00"
2020-12-03,2020120304001061,NMB50,6,6,100,10.05,"1,005.00"
2020-12-03,2020120304000993,NMB50,5,4,"10,000",10.08,"100,800.00"
2020-12-03,2020120304000811,NMB50,6,54,300,10.05,"3,015.00"
2020-12-03,2020120304000692,NMB50,6,40,500,10.05,"5,025.00"
2020-12-03,2020120304000611,NMB50,49,4,"50,000",10.06,"503,000.00"
2020-12-03,2020120304000992,NMBHF1,42,18,"1,073",10.07,"10,805.11"
2020-12-03,2020120304000970,NMBHF1,39,18,"1,423",10.07,"14,329.61"
2020-12-03,2020120304000840,NMBHF1,39,49,416,10.07,"4,189.12"
2020-12-03,2020120304000837,NMBHF1,39,17,"3,161",10.07,"31,831.27"
2020-12-03,2020120304000836,NMBHF1,6,17,"1,000",10.08,"10,080.00"
2020-12-03,2020120304000616,NMBHF1,46,7,"2,000",10.08,"20,160.00"
2020-12-03,2020120304000615,NMBHF1,46,7,"2,000",10.08,"20,160.00"
2020-12-03,2020120304000614,NMBHF1,46,7,"1,000",10.08,"10,080.00"
2020-12-03,2020120304001058,RBCLPO,53,14,10,"15,001.00","150,010.00"
2020-12-03,2020120304000987,RBCLPO,58,58,30,"15,000.00","450,000.00"
2020-12-03,2020120304000981,RBCLPO,58,37,60,"15,000.00","900,000.00"
2020-12-03,2020120304000793,RBCLPO,54,59,500,"15,000.00","7,500,000.00"
2020-12-03,2020120304000749,RBCLPO,54,58,20,"15,275.00","305,500.00"
2020-12-03,2020120304000736,RBCLPO,54,8,10,"15,275.00","152,750.00"
2020-12-03,2020120304000719,RBCLPO,54,26,10,"15,275.00","152,750.00"
2020-12-03,2020120304000713,RBCLPO,54,44,20,"15,275.00","305,500.00"
2020-12-03,2020120304000687,RBCLPO,54,57,40,"15,275.00","611,000.00"
2020-12-03,2020120304000686,RBCLPO,42,57,10,"15,300.00","153,000.00"
2020-12-03,2020120304000632,RBCLPO,54,49,10,"15,582.00","155,820.00"
2020-12-03,2020120304000955,SAEF,33,45,500,11.12,"5,560.00"
2020-12-03,2020120304000938,SAEF,38,38,"1,300",11.15,"14,495.00"
2020-12-03,2020120304000935,SAEF,38,58,"1,000",11.15,"11,150.00"
2020-12-03,2020120304000934,SAEF,38,37,"4,000",11.15,"44,600.00"
2020-12-03,2020120304000923,SAEF,38,45,"1,000",11.14,"11,140.00"
2020-12-03,2020120304000869,SAEF,49,57,"4,110",11.10,"45,621.00"
2020-12-03,2020120304000653,SAEF,57,55,"2,500",11.08,"27,700.00"
2020-12-03,2020120304000607,SAEF,34,52,100,11.18,"1,118.00"
2020-12-03,2020120304000856,SAEF,49,48,500,11.10,"5,550.00"
2020-12-03,2020120304000764,SAEF,49,45,500,11.08,"5,540.00"
2020-12-03,2020120304000718,SAEF,49,14,"1,000",11.15,"11,150.00"
2020-12-03,2020120304000717,SAEF,49,5,"2,000",11.15,"22,300.00"
2020-12-03,2020120304000716,SAEF,49,41,"2,000",11.15,"22,300.00"
2020-12-03,2020120304000707,SAEF,1,57,890,11.10,"9,879.00"
2020-12-03,2020120304001041,SEF,17,41,"10,000",10.28,"102,800.00"
2020-12-03,2020120304001017,SEF,50,42,"2,300",10.23,"23,529.00"
2020-12-03,2020120304001016,SEF,5,42,200,10.25,"2,050.00"
2020-12-03,2020120304001007,SEF,5,20,100,10.25,"1,025.00"
2020-12-03,2020120304000978,SEF,5,35,"8,700",10.25,"89,175.00"
2020-12-03,2020120304000975,SEF,5,4,"1,000",10.25,"10,250.00"
2020-12-03,2020120304000738,SEF,19,54,500,10.35,"5,175.00"
2020-12-03,2020120304000723,SEF,19,6,500,10.35,"5,175.00"
2020-12-03,2020120304000685,SEF,19,25,"3,500",10.35,"36,225.00"
2020-12-03,2020120304000628,SEF,50,40,500,10.36,"5,180.00"
2020-12-03,2020120304000617,SEF,50,52,500,10.36,"5,180.00"
2020-12-03,2020120304000949,SEF,58,35,"5,000",10.24,"51,200.00"
2020-12-03,2020120304000943,SEF,57,35,"2,300",10.25,"23,575.00"
2020-12-03,2020120304000942,SEF,50,35,"4,000",10.25,"41,000.00"
2020-12-03,2020120304000834,SEF,50,36,500,10.25,"5,125.00"
2020-12-03,2020120304000776,SEF,50,6,500,10.25,"5,125.00"
2020-12-03,2020120304000745,SEF,19,6,500,10.35,"5,175.00"
2020-12-03,2020120304000731,SFMF,17,38,"1,200",10.00,"12,000.00"
2020-12-03,2020120304000730,SFMF,17,39,500,10.00,"5,000.00"
2020-12-03,2020120304000729,SFMF,17,40,200,10.00,"2,000.00"
2020-12-03,2020120304000728,SFMF,17,45,100,10.00,"1,000.00"
2020-12-03,2020120304001073,SGI,57,36,10,615.00,"6,150.00"
2020-12-03,2020120304001069,SGI,57,29,10,615.00,"6,150.00"
2020-12-03,2020120304001068,SGI,57,29,10,615.00,"6,150.00"
2020-12-03,2020120304001067,SGI,57,42,10,615.00,"6,150.00"
2020-12-03,2020120304001064,SGI,57,50,10,615.00,"6,150.00"
2020-12-03,2020120304001059,SGI,57,54,10,615.00,"6,150.00"
2020-12-03,2020120304000595,SGI,28,48,10,615.00,"6,150.00"
2020-12-03,2020120304000594,SGI,28,44,10,615.00,"6,150.00"
2020-12-03,2020120304000602,SGI,38,29,50,617.00,"30,850.00"
2020-12-03,2020120304000601,SGI,38,47,30,617.00,"18,510.00"
2020-12-03,2020120304000600,SGI,38,45,10,616.00,"6,160.00"
2020-12-03,2020120304000599,SGI,18,51,10,615.00,"6,150.00"
2020-12-03,2020120304000598,SGI,28,51,90,615.00,"55,350.00"
2020-12-03,2020120304000596,SGI,28,32,10,615.00,"6,150.00"
2020-12-03,2020120304000630,SGI,18,36,10,615.00,"6,150.00"
2020-12-03,2020120304000627,SGI,18,10,10,615.00,"6,150.00"
2020-12-03,2020120304000625,SGI,18,47,10,615.00,"6,150.00"
2020-12-03,2020120304000623,SGI,18,55,10,615.00,"6,150.00"
2020-12-03,2020120304000612,SGI,18,3,10,615.00,"6,150.00"
2020-12-03,2020120304000603,SGI,18,29,10,615.00,"6,150.00"
2020-12-03,2020120304000647,SGI,18,6,10,615.00,"6,150.00"
2020-12-03,2020120304000646,SGI,18,38,10,615.00,"6,150.00"
2020-12-03,2020120304000641,SGI,18,29,10,615.00,"6,150.00"
2020-12-03,2020120304000638,SGI,18,40,10,615.00,"6,150.00"
2020-12-03,2020120304000636,SGI,18,14,10,615.00,"6,150.00"
2020-12-03,2020120304000631,SGI,18,17,10,615.00,"6,150.00"
2020-12-03,2020120304000673,SGI,11,39,10,617.00,"6,170.00"
2020-12-03,2020120304000657,SGI,18,4,10,617.00,"6,170.00"
2020-12-03,2020120304000656,SGI,18,41,10,617.00,"6,170.00"
2020-12-03,2020120304000655,SGI,29,58,10,616.00,"6,160.00"
2020-12-03,2020120304000654,SGI,11,44,10,616.00,"6,160.00"
2020-12-03,2020120304000648,SGI,25,44,10,615.00,"6,150.00"
2020-12-03,2020120304000700,SGI,11,40,10,617.00,"6,170.00"
2020-12-03,2020120304000693,SGI,11,41,10,617.00,"6,170.00"
2020-12-03,2020120304000681,SGI,29,37,10,616.00,"6,160.00"
2020-12-03,2020120304000679,SGI,29,26,10,616.00,"6,160.00"
2020-12-03,2020120304000675,SGI,11,52,10,617.00,"6,170.00"
2020-12-03,2020120304000674,SGI,29,29,10,616.00,"6,160.00"
2020-12-03,2020120304000709,SGI,21,34,10,620.00,"6,200.00"
2020-12-03,2020120304000708,SGI,57,44,10,618.00,"6,180.00"
2020-12-03,2020120304000706,SGI,57,21,10,618.00,"6,180.00"
2020-12-03,2020120304000703,SGI,57,21,10,618.00,"6,180.00"
2020-12-03,2020120304000702,SGI,57,16,10,618.00,"6,180.00"
2020-12-03,2020120304000701,SGI,57,17,10,618.00,"6,180.00"
2020-12-03,2020120304000724,SGI,33,45,10,617.00,"6,170.00"
2020-12-03,2020120304000721,SGI,33,14,10,617.00,"6,170.00"
2020-12-03,2020120304000720,SGI,33,29,10,617.00,"6,170.00"
2020-12-03,2020120304000714,SGI,11,49,10,617.00,"6,170.00"
2020-12-03,2020120304000711,SGI,11,42,10,617.00,"6,170.00"
2020-12-03,2020120304000710,SGI,21,39,90,620.00,"55,800.00"
2020-12-03,2020120304000746,SGI,33,45,10,617.00,"6,170.00"
2020-12-03,2020120304000744,SGI,33,52,10,617.00,"6,170.00"
2020-12-03,2020120304000743,SGI,33,35,10,617.00,"6,170.00"
2020-12-03,2020120304000737,SGI,33,40,10,617.00,"6,170.00"
2020-12-03,2020120304000732,SGI,33,38,10,617.00,"6,170.00"
2020-12-03,2020120304000726,SGI,33,6,10,617.00,"6,170.00"
2020-12-03,2020120304000756,SGI,29,49,10,616.00,"6,160.00"
2020-12-03,2020120304000755,SGI,11,44,10,617.00,"6,170.00"
2020-12-03,2020120304000754,SGI,11,47,10,617.00,"6,170.00"
2020-12-03,2020120304000753,SGI,11,54,10,617.00,"6,170.00"
2020-12-03,2020120304000750,SGI,29,46,10,616.00,"6,160.00"
2020-12-03,2020120304000748,SGI,33,45,10,617.00,"6,170.00"
2020-12-03,2020120304000779,SGI,54,39,10,620.00,"6,200.00"
2020-12-03,2020120304000778,SGI,54,53,10,619.00,"6,190.00"
2020-12-03,2020120304000777,SGI,46,49,10,617.00,"6,170.00"
2020-12-03,2020120304000763,SGI,29,40,10,616.00,"6,160.00"
2020-12-03,2020120304000758,SGI,29,37,10,616.00,"6,160.00"
2020-12-03,2020120304000757,SGI,29,47,10,616.00,"6,160.00"
2020-12-03,2020120304000785,SGI,54,41,10,620.00,"6,200.00"
2020-12-03,2020120304000784,SGI,54,43,10,620.00,"6,200.00"
2020-12-03,2020120304000783,SGI,54,6,10,620.00,"6,200.00"
2020-12-03,2020120304000782,SGI,54,14,10,620.00,"6,200.00"
2020-12-03,2020120304000781,SGI,54,38,10,620.00,"6,200.00"
2020-12-03,2020120304000780,SGI,54,11,10,620.00,"6,200.00"
2020-12-03,2020120304000813,SGI,46,8,10,617.00,"6,170.00"
2020-12-03,2020120304000812,SGI,46,57,10,617.00,"6,170.00"
2020-12-03,2020120304000791,SGI,46,48,10,617.00,"6,170.00"
2020-12-03,2020120304000790,SGI,46,56,10,617.00,"6,170.00"
2020-12-03,2020120304000788,SGI,54,8,10,620.00,"6,200.00"
2020-12-03,2020120304000787,SGI,54,32,10,620.00,"6,200.00"
2020-12-03,2020120304000824,SGI,22,57,10,617.00,"6,170.00"
2020-12-03,2020120304000823,SGI,22,44,10,617.00,"6,170.00"
2020-12-03,2020120304000822,SGI,22,14,10,617.00,"6,170.00"
2020-12-03,2020120304000820,SGI,22,49,10,617.00,"6,170.00"
2020-12-03,2020120304000819,SGI,22,8,10,617.00,"6,170.00"
2020-12-03,2020120304000814,SGI,22,55,10,617.00,"6,170.00"
2020-12-03,2020120304000839,SGI,34,54,10,618.00,"6,180.00"
2020-12-03,2020120304000838,SGI,22,46,10,617.00,"6,170.00"
2020-12-03,2020120304000835,SGI,22,46,10,617.00,"6,170.00"
2020-12-03,2020120304000831,SGI,22,46,10,617.00,"6,170.00"
2020-12-03,2020120304000830,SGI,22,17,10,617.00,"6,170.00"
2020-12-03,2020120304000826,SGI,22,21,10,617.00,"6,170.00"
2020-12-03,2020120304000858,SGI,29,48,10,616.00,"6,160.00"
2020-12-03,2020120304000857,SGI,29,39,10,616.00,"6,160.00"
2020-12-03,2020120304000853,SGI,48,42,200,617.00,"123,400.00"
2020-12-03,2020120304000852,SGI,32,42,40,617.00,"24,680.00"
2020-12-03,2020120304000849,SGI,32,8,10,617.00,"6,170.00"
2020-12-03,2020120304000841,SGI,22,41,10,617.00,"6,170.00"
2020-12-03,2020120304000875,SGI,41,45,10,617.00,"6,170.00"
2020-12-03,2020120304000874,SGI,41,46,10,617.00,"6,170.00"
2020-12-03,2020120304000871,SGI,29,43,10,616.00,"6,160.00"
2020-12-03,2020120304000863,SGI,29,57,10,616.00,"6,160.00"
2020-12-03,2020120304000860,SGI,29,1,10,616.00,"6,160.00"
2020-12-03,2020120304000859,SGI,29,43,10,616.00,"6,160.00"
2020-12-03,2020120304000882,SGI,29,36,10,616.00,"6,160.00"
2020-12-03,2020120304000881,SGI,29,13,10,616.00,"6,160.00"
2020-12-03,2020120304000879,SGI,29,5,10,616.00,"6,160.00"
2020-12-03,2020120304000878,SGI,41,45,10,617.00,"6,170.00"
2020-12-03,2020120304000877,SGI,41,42,60,617.00,"37,020.00"
2020-12-03,2020120304000876,SGI,41,45,10,617.00,"6,170.00"
2020-12-03,2020120304000900,SGI,11,39,10,616.00,"6,160.00"
2020-12-03,2020120304000895,SGI,11,26,10,616.00,"6,160.00"
2020-12-03,2020120304000891,SGI,11,17,10,616.00,"6,160.00"
2020-12-03,2020120304000890,SGI,11,42,10,616.00,"6,160.00"
2020-12-03,2020120304000889,SGI,29,42,10,616.00,"6,160.00"
2020-12-03,2020120304000886,SGI,29,55,10,616.00,"6,160.00"
2020-12-03,2020120304000911,SGI,11,6,10,616.00,"6,160.00"
2020-12-03,2020120304000910,SGI,11,54,10,616.00,"6,160.00"
2020-12-03,2020120304000909,SGI,11,19,20,616.00,"12,320.00"
2020-12-03,2020120304000908,SGI,11,41,10,616.00,"6,160.00"
2020-12-03,2020120304000903,SGI,11,29,10,616.00,"6,160.00"
2020-12-03,2020120304000902,SGI,11,41,10,616.00,"6,160.00"
2020-12-03,2020120304000936,SGI,11,48,10,616.00,"6,160.00"
2020-12-03,2020120304000932,SGI,11,58,10,616.00,"6,160.00"
2020-12-03,2020120304000918,SGI,11,6,10,616.00,"6,160.00"
2020-12-03,2020120304000917,SGI,11,49,10,616.00,"6,160.00"
2020-12-03,2020120304000915,SGI,11,29,10,616.00,"6,160.00"
2020-12-03,2020120304000913,SGI,11,58,10,616.00,"6,160.00"
2020-12-03,2020120304000951,SGI,45,40,10,616.00,"6,160.00"
2020-12-03,2020120304000950,SGI,49,34,10,616.00,"6,160.00"
2020-12-03,2020120304000948,SGI,11,38,10,616.00,"6,160.00"
2020-12-03,2020120304000944,SGI,11,11,10,616.00,"6,160.00"
2020-12-03,2020120304000941,SGI,11,11,10,616.00,"6,160.00"
2020-12-03,2020120304000937,SGI,22,28,10,617.00,"6,170.00"
2020-12-03,2020120304000960,SGI,46,6,10,618.00,"6,180.00"
2020-12-03,2020120304000959,SGI,46,10,10,618.00,"6,180.00"
2020-12-03,2020120304000958,SGI,46,4,10,618.00,"6,180.00"
2020-12-03,2020120304000957,SGI,46,45,10,618.00,"6,180.00"
2020-12-03,2020120304000954,SGI,45,11,10,616.00,"6,160.00"
2020-12-03,2020120304000953,SGI,45,44,10,616.00,"6,160.00"
2020-12-03,2020120304000980,SGI,16,42,10,618.00,"6,180.00"
2020-12-03,2020120304000979,SGI,45,44,10,616.00,"6,160.00"
2020-12-03,2020120304000972,SGI,45,17,10,616.00,"6,160.00"
2020-12-03,2020120304000969,SGI,45,17,10,616.00,"6,160.00"
2020-12-03,2020120304000968,SGI,45,29,10,616.00,"6,160.00"
2020-12-03,2020120304000961,SGI,45,38,10,616.00,"6,160.00"
2020-12-03,2020120304000998,SGI,25,48,10,615.00,"6,150.00"
2020-12-03,2020120304000990,SGI,25,34,10,615.00,"6,150.00"
2020-12-03,2020120304000989,SGI,49,42,10,616.00,"6,160.00"
2020-12-03,2020120304000988,SGI,49,52,10,616.00,"6,160.00"
2020-12-03,2020120304000985,SGI,45,50,10,616.00,"6,160.00"
2020-12-03,2020120304000982,SGI,45,56,10,616.00,"6,160.00"
2020-12-03,2020120304001011,SGI,25,44,10,615.00,"6,150.00"
2020-12-03,2020120304001009,SGI,25,48,10,615.00,"6,150.00"
2020-12-03,2020120304001006,SGI,25,48,10,615.00,"6,150.00"
2020-12-03,2020120304001001,SGI,25,16,10,615.00,"6,150.00"
2020-12-03,2020120304001000,SGI,25,41,10,615.00,"6,150.00"
2020-12-03,2020120304000999,SGI,25,29,10,615.00,"6,150.00"
2020-12-03,2020120304001025,SGI,25,44,10,615.00,"6,150.00"
2020-12-03,2020120304001018,SGI,25,26,10,615.00,"6,150.00"
2020-12-03,2020120304001015,SGI,25,26,10,615.00,"6,150.00"
2020-12-03,2020120304001014,SGI,25,59,10,615.00,"6,150.00"
2020-12-03,2020120304001013,SGI,25,48,10,615.00,"6,150.00"
2020-12-03,2020120304001012,SGI,25,13,10,615.00,"6,150.00"
2020-12-03,2020120304001047,SGI,57,44,10,615.00,"6,150.00"
2020-12-03,2020120304001045,SGI,25,41,10,615.00,"6,150.00"
2020-12-03,2020120304001044,SGI,25,37,10,615.00,"6,150.00"
2020-12-03,2020120304001043,SGI,25,28,10,615.00,"6,150.00"
2020-12-03,2020120304001033,SGI,25,28,10,615.00,"6,150.00"
2020-12-03,2020120304001028,SGI,25,34,10,615.00,"6,150.00"
2020-12-03,2020120304001057,SGI,57,37,10,615.00,"6,150.00"
2020-12-03,2020120304001056,SGI,57,48,10,615.00,"6,150.00"
2020-12-03,2020120304001053,SGI,57,14,10,615.00,"6,150.00"
2020-12-03,2020120304001052,SGI,57,37,10,615.00,"6,150.00"
2020-12-03,2020120304001051,SGI,57,49,10,615.00,"6,150.00"
2020-12-03,2020120304001049,SGI,57,29,10,615.00,"6,150.00"
2020-12-03,2020120304001010,STC,47,46,10,"5,884.00","58,840.00"
2020-12-03,2020120304000930,STC,33,45,50,"6,000.00","300,000.00"
2020-12-03,2020120304000929,STC,33,14,60,"5,883.00","352,980.00"
2020-12-03,2020120304000928,STC,34,14,10,"5,883.00","58,830.00"
2020-12-03,2020120304000927,STC,56,14,10,"5,883.00","58,830.00"
2020-12-03,2020120304000926,STC,48,14,10,"5,884.00","58,840.00"
2020-12-03,2020120304000740,STC,45,10,10,"6,080.00","60,800.00"
2020-12-03,2020120304000739,STC,1,10,10,"6,081.00","60,810.00"
2020-12-03,2020120304000925,STC,47,14,10,"5,884.00","58,840.00"
2020-12-03,2020120304000805,STC,22,46,10,"6,003.00","60,030.00"
2020-12-03,2020120304000804,STC,39,46,10,"6,004.00","60,040.00"
2020-12-03,2020120304000803,STC,45,46,10,"6,005.00","60,050.00"
2020-12-03,2020120304000742,STC,40,10,10,"6,076.00","60,760.00"
2020-12-03,2020120304000741,STC,6,10,10,"6,076.00","60,760.00"
2020-12-03,2020120304000353,ALICLP,39,44,"100,000",380.00,"38,000,000.00"
2020-12-03,2020120304000348,ALICLP,39,44,"100,000",380.00,"38,000,000.00"
2020-12-03,2020120304000409,BBC,13,34,10,"3,293.00","32,930.00"
2020-12-03,2020120304000408,BBC,49,34,10,"3,293.00","32,930.00"
2020-12-03,2020120304000407,BBC,58,34,10,"3,294.00","32,940.00"
2020-12-03,2020120304000406,BBC,52,34,10,"3,360.00","33,600.00"
2020-12-03,2020120304000333,BBC,52,10,40,"3,360.00","134,400.00"
2020-12-03,2020120304000332,BBC,39,10,10,"3,361.00","33,610.00"
2020-12-03,2020120304000585,GIC,34,21,10,606.00,"6,060.00"
2020-12-03,2020120304000583,GIC,34,13,10,606.00,"6,060.00"
2020-12-03,2020120304000578,GIC,34,6,10,606.00,"6,060.00"
2020-12-03,2020120304000576,GIC,34,56,10,606.00,"6,060.00"
2020-12-03,2020120304000573,GIC,34,41,10,606.00,"6,060.00"
2020-12-03,2020120304000570,GIC,34,21,10,606.00,"6,060.00"
2020-12-03,2020120304000091,GIC,25,45,30,620.00,"18,600.00"
2020-12-03,2020120304000089,GIC,25,52,50,620.00,"31,000.00"
2020-12-03,2020120304000123,GIC,34,45,10,619.00,"6,190.00"
2020-12-03,2020120304000120,GIC,34,37,80,619.00,"49,520.00"
2020-12-03,2020120304000119,GIC,32,37,70,619.00,"43,330.00"
2020-12-03,2020120304000117,GIC,32,43,10,619.00,"6,190.00"
2020-12-03,2020120304000098,GIC,32,58,10,619.00,"6,190.00"
2020-12-03,2020120304000095,GIC,13,45,50,620.00,"31,000.00"
2020-12-03,2020120304000135,GIC,22,47,10,620.00,"6,200.00"
2020-12-03,2020120304000131,GIC,22,45,100,620.00,"62,000.00"
2020-12-03,2020120304000130,GIC,22,35,10,620.00,"6,200.00"
2020-12-03,2020120304000129,GIC,22,4,10,620.00,"6,200.00"
2020-12-03,2020120304000126,GIC,22,38,10,620.00,"6,200.00"
2020-12-03,2020120304000125,GIC,22,45,30,620.00,"18,600.00"
2020-12-03,2020120304000141,GIC,34,42,10,619.00,"6,190.00"
2020-12-03,2020120304000140,GIC,22,53,10,620.00,"6,200.00"
2020-12-03,2020120304000139,GIC,22,49,10,620.00,"6,200.00"
2020-12-03,2020120304000138,GIC,22,39,290,620.00,"179,800.00"
2020-12-03,2020120304000137,GIC,22,48,10,620.00,"6,200.00"
2020-12-03,2020120304000136,GIC,22,42,10,620.00,"6,200.00"
2020-12-03,2020120304000153,GIC,21,58,10,618.00,"6,180.00"
2020-12-03,2020120304000151,GIC,29,6,170,619.00,"105,230.00"
2020-12-03,2020120304000148,GIC,42,6,30,619.00,"18,570.00"
2020-12-03,2020120304000146,GIC,42,47,10,619.00,"6,190.00"
2020-12-03,2020120304000145,GIC,42,25,10,619.00,"6,190.00"
2020-12-03,2020120304000144,GIC,42,25,50,619.00,"30,950.00"
2020-12-03,2020120304000172,GIC,51,52,40,619.00,"24,760.00"
2020-12-03,2020120304000171,GIC,51,58,10,618.00,"6,180.00"
2020-12-03,2020120304000169,GIC,45,58,10,615.00,"6,150.00"
2020-12-03,2020120304000168,GIC,45,58,10,615.00,"6,150.00"
2020-12-03,2020120304000167,GIC,21,58,20,618.00,"12,360.00"
2020-12-03,2020120304000164,GIC,21,44,10,618.00,"6,180.00"
2020-12-03,2020120304000183,GIC,42,47,100,619.00,"61,900.00"
2020-12-03,2020120304000182,GIC,42,52,60,619.00,"37,140.00"
2020-12-03,2020120304000181,GIC,42,58,10,616.00,"6,160.00"
2020-12-03,2020120304000180,GIC,45,59,10,615.00,"6,150.00"
2020-12-03,2020120304000176,GIC,45,44,10,615.00,"6,150.00"
2020-12-03,2020120304000173,GIC,45,28,20,615.00,"12,300.00"
2020-12-03,2020120304000198,GIC,39,29,15,614.00,"9,210.00"
2020-12-03,2020120304000196,GIC,45,38,330,615.00,"202,950.00"
2020-12-03,2020120304000195,GIC,45,59,550,615.00,"338,250.00"
2020-12-03,2020120304000194,GIC,45,51,50,615.00,"30,750.00"
2020-12-03,2020120304000186,GIC,45,44,10,615.00,"6,150.00"
2020-12-03,2020120304000184,GIC,42,28,10,619.00,"6,190.00"
2020-12-03,2020120304000208,GIC,58,56,40,613.00,"24,520.00"
2020-12-03,2020120304000207,GIC,29,56,130,614.00,"79,820.00"
2020-12-03,2020120304000206,GIC,42,56,50,614.00,"30,700.00"
2020-12-03,2020120304000205,GIC,42,8,10,614.00,"6,140.00"
2020-12-03,2020120304000200,GIC,42,56,10,614.00,"6,140.00"
2020-12-03,2020120304000199,GIC,42,29,80,614.00,"49,120.00"
2020-12-03,2020120304000223,GIC,35,16,10,610.00,"6,100.00"
2020-12-03,2020120304000222,GIC,58,46,40,612.00,"24,480.00"
2020-12-03,2020120304000215,GIC,35,52,10,610.00,"6,100.00"
2020-12-03,2020120304000214,GIC,43,46,125,612.00,"76,500.00"
2020-12-03,2020120304000210,GIC,43,56,375,612.00,"229,500.00"
2020-12-03,2020120304000209,GIC,58,56,80,613.00,"49,040.00"
2020-12-03,2020120304000230,GIC,46,38,50,611.00,"30,550.00"
2020-12-03,2020120304000229,GIC,34,33,10,610.00,"6,100.00"
2020-12-03,2020120304000227,GIC,34,53,70,610.00,"42,700.00"
2020-12-03,2020120304000226,GIC,34,16,10,610.00,"6,100.00"
2020-12-03,2020120304000225,GIC,34,58,25,610.00,"15,250.00"
2020-12-03,2020120304000224,GIC,35,58,20,610.00,"12,200.00"
2020-12-03,2020120304000241,GIC,33,45,10,609.00,"6,090.00"
2020-12-03,2020120304000237,GIC,33,57,10,609.00,"6,090.00"
2020-12-03,2020120304000234,GIC,33,38,460,609.00,"280,140.00"
2020-12-03,2020120304000233,GIC,52,38,500,609.00,"304,500.00"
2020-12-03,2020120304000232,GIC,6,38,200,610.00,"122,000.00"
2020-12-03,2020120304000231,GIC,34,38,110,610.00,"67,100.00"
2020-12-03,2020120304000256,GIC,22,35,10,606.00,"6,060.00"
2020-12-03,2020120304000254,GIC,45,45,10,609.00,"6,090.00"
2020-12-03,2020120304000249,GIC,22,1,10,606.00,"6,060.00"
2020-12-03,2020120304000248,GIC,22,46,10,606.00,"6,060.00"
2020-12-03,2020120304000245,GIC,33,40,10,609.00,"6,090.00"
2020-12-03,2020120304000244,GIC,33,45,10,609.00,"6,090.00"
2020-12-03,2020120304000278,GIC,22,50,70,607.00,"42,490.00"
2020-12-03,2020120304000277,GIC,22,42,10,607.00,"6,070.00"
2020-12-03,2020120304000276,GIC,22,42,10,607.00,"6,070.00"
2020-12-03,2020120304000273,GIC,22,43,10,607.00,"6,070.00"
2020-12-03,2020120304000261,GIC,22,49,10,606.00,"6,060.00"
2020-12-03,2020120304000259,GIC,22,54,200,606.00,"121,200.00"
2020-12-03,2020120304000306,GIC,22,3,10,606.00,"6,060.00"
2020-12-03,2020120304000302,GIC,22,46,10,606.00,"6,060.00"
2020-12-03,2020120304000297,GIC,22,22,10,606.00,"6,060.00"
2020-12-03,2020120304000291,GIC,22,40,10,606.00,"6,060.00"
2020-12-03,2020120304000289,GIC,22,38,10,606.00,"6,060.00"
2020-12-03,2020120304000288,GIC,5,50,10,607.00,"6,070.00"
2020-12-03,2020120304000342,GIC,34,42,10,607.00,"6,070.00"
2020-12-03,2020120304000331,GIC,42,42,10,606.00,"6,060.00"
2020-12-03,2020120304000329,GIC,42,43,10,606.00,"6,060.00"
2020-12-03,2020120304000324,GIC,42,41,10,606.00,"6,060.00"
2020-12-03,2020120304000321,GIC,22,25,10,606.00,"6,060.00"
2020-12-03,2020120304000307,GIC,25,50,20,607.00,"12,140.00"
2020-12-03,2020120304000355,GIC,42,58,10,606.00,"6,060.00"
2020-12-03,2020120304000349,GIC,42,43,10,606.00,"6,060.00"
2020-12-03,2020120304000346,GIC,29,1,10,608.00,"6,080.00"
2020-12-03,2020120304000345,GIC,29,25,10,608.00,"6,080.00"
2020-12-03,2020120304000344,GIC,42,52,10,606.00,"6,060.00"
2020-12-03,2020120304000343,GIC,34,22,10,607.00,"6,070.00"
2020-12-03,2020120304000361,GIC,43,50,200,606.00,"121,200.00"
2020-12-03,2020120304000360,GIC,49,50,15,606.00,"9,090.00"
2020-12-03,2020120304000359,GIC,47,50,30,606.00,"18,180.00"
2020-12-03,2020120304000358,GIC,47,50,70,606.00,"42,420.00"
2020-12-03,2020120304000357,GIC,42,50,30,606.00,"18,180.00"
2020-12-03,2020120304000356,GIC,42,58,10,606.00,"6,060.00"
2020-12-03,2020120304000377,GIC,19,50,110,606.00,"66,660.00"
2020-12-03,2020120304000374,GIC,22,40,10,605.00,"6,050.00"
2020-12-03,2020120304000368,GIC,22,51,10,605.00,"6,050.00"
2020-12-03,2020120304000365,GIC,22,39,10,605.00,"6,050.00"
2020-12-03,2020120304000363,GIC,22,52,10,605.00,"6,050.00"
2020-12-03,2020120304000362,GIC,22,11,10,605.00,"6,050.00"
2020-12-03,2020120304000417,GIC,6,45,20,606.00,"12,120.00"
2020-12-03,2020120304000415,GIC,22,52,10,605.00,"6,050.00"
2020-12-03,2020120304000413,GIC,22,39,10,605.00,"6,050.00"
2020-12-03,2020120304000411,GIC,13,45,40,606.00,"24,240.00"
2020-12-03,2020120304000410,GIC,13,4,10,606.00,"6,060.00"
2020-12-03,2020120304000399,GIC,22,47,10,605.00,"6,050.00"
2020-12-03,2020120304000429,GIC,22,43,10,606.00,"6,060.00"
2020-12-03,2020120304000424,GIC,22,45,40,606.00,"24,240.00"
2020-12-03,2020120304000421,GIC,22,58,10,605.00,"6,050.00"
2020-12-03,2020120304000420,GIC,22,42,10,605.00,"6,050.00"
2020-12-03,2020120304000419,GIC,22,14,10,605.00,"6,050.00"
2020-12-03,2020120304000418,GIC,22,45,10,605.00,"6,050.00"
2020-12-03,2020120304000443,GIC,22,10,10,606.00,"6,060.00"
2020-12-03,2020120304000441,GIC,22,8,10,606.00,"6,060.00"
2020-12-03,2020120304000438,GIC,22,10,10,606.00,"6,060.00"
2020-12-03,2020120304000437,GIC,22,28,10,606.00,"6,060.00"
2020-12-03,2020120304000436,GIC,22,26,10,606.00,"6,060.00"
2020-12-03,2020120304000431,GIC,22,34,10,606.00,"6,060.00"
2020-12-03,2020120304000458,GIC,29,43,10,607.00,"6,070.00"
2020-12-03,2020120304000457,GIC,53,10,10,607.00,"6,070.00"
2020-12-03,2020120304000456,GIC,53,58,10,607.00,"6,070.00"
2020-12-03,2020120304000452,GIC,22,10,10,606.00,"6,060.00"
2020-12-03,2020120304000447,GIC,22,51,10,606.00,"6,060.00"
2020-12-03,2020120304000444,GIC,22,36,10,606.00,"6,060.00"
