Date,Transact. No.,Symbol,Buyer,Seller,Quantity,Rate,Amount
2020-08-05,2020080501020325,ADBL,39,37,350,404.00,"141,400.00"
2020-08-05,2020080501020224,ADBL,39,6,"1,868",404.00,"754,672.00"
2020-08-05,2020080501020041,ADBL,39,7,654,404.00,"264,216.00"
2020-08-05,2020080501020280,AHPC,33,59,10,96.00,960.00
2020-08-05,2020080501020120,AHPC,17,35,150,95.00,"14,250.00"
2020-08-05,2020080501020119,AHPC,52,35,50,95.00,"4,750.00"
2020-08-05,2020080501020118,AHPC,41,35,200,95.00,"19,000.00"
2020-08-05,2020080501020117,AHPC,46,35,500,95.00,"47,500.00"
2020-08-05,2020080501020116,AHPC,51,35,85,95.00,"8,075.00"
2020-08-05,2020080501020131,AIL,57,19,10,387.00,"3,870.00"
2020-08-05,2020080501020406,AKPL,11,40,500,114.00,"57,000.00"
2020-08-05,2020080501020294,AKPL,29,40,"1,650",112.00,"184,800.00"
2020-08-05,2020080501020293,AKPL,45,40,300,112.00,"33,600.00"
2020-08-05,2020080501020292,AKPL,56,40,300,112.00,"33,600.00"
2020-08-05,2020080501020291,AKPL,26,40,300,112.00,"33,600.00"
2020-08-05,2020080501020290,AKPL,28,40,450,112.00,"50,400.00"
2020-08-05,2020080501020244,AKPL,13,40,150,113.00,"16,950.00"
2020-08-05,2020080501020243,AKPL,36,40,500,113.00,"56,500.00"
2020-08-05,2020080501020242,AKPL,45,40,75,113.00,"8,475.00"
2020-08-05,2020080501020241,AKPL,45,40,500,114.00,"57,000.00"
2020-08-05,2020080501020250,AKPL,54,40,100,113.00,"11,300.00"
2020-08-05,2020080501020249,AKPL,45,40,"1,000",113.00,"113,000.00"
2020-08-05,2020080501020248,AKPL,25,40,"1,000",113.00,"113,000.00"
2020-08-05,2020080501020247,AKPL,1,40,"1,000",113.00,"113,000.00"
2020-08-05,2020080501020246,AKPL,1,40,300,113.00,"33,900.00"
2020-08-05,2020080501020245,AKPL,58,40,"3,000",113.00,"339,000.00"
2020-08-05,2020080501020027,ALICL,57,49,335,608.00,"203,680.00"
2020-08-05,2020080501020026,ALICL,55,49,100,608.00,"60,800.00"
2020-08-05,2020080501020025,ALICL,55,49,100,608.00,"60,800.00"
2020-08-05,2020080501020024,ALICL,53,49,200,608.00,"121,600.00"
2020-08-05,2020080501020023,ALICL,42,49,15,608.00,"9,120.00"
2020-08-05,2020080501020022,ALICL,52,49,150,608.00,"91,200.00"
2020-08-05,2020080501020450,API,58,34,10,114.00,"1,140.00"
2020-08-05,2020080501020315,API,39,25,100,112.00,"11,200.00"
2020-08-05,2020080501020038,API,39,53,10,110.00,"1,100.00"
2020-08-05,2020080501020021,API,39,19,150,109.00,"16,350.00"
2020-08-05,2020080501020008,API,39,38,25,108.00,"2,700.00"
2020-08-05,2020080501020007,API,39,38,69,108.00,"7,452.00"
2020-08-05,2020080501020006,API,39,10,30,108.00,"3,240.00"
2020-08-05,2020080501020005,API,39,16,990,108.00,"106,920.00"
2020-08-05,2020080501020352,BPCL,14,38,56,351.00,"19,656.00"
2020-08-05,2020080501020307,BPCL,32,38,50,351.00,"17,550.00"
2020-08-05,2020080501020158,BPCL,44,38,11,351.00,"3,861.00"
2020-08-05,2020080501020157,BPCL,39,38,"1,894",351.00,"664,794.00"
2020-08-05,2020080501020154,BPCL,6,50,20,353.00,"7,060.00"
2020-08-05,2020080501019990,BPCL,14,54,24,352.00,"8,448.00"
2020-08-05,2020080501019989,BPCL,14,54,99,352.00,"34,848.00"
2020-08-05,2020080501020431,CBBL,38,37,13,"1,035.00","13,455.00"
2020-08-05,2020080501020430,CBBL,49,37,10,"1,035.00","10,350.00"
2020-08-05,2020080501020429,CBBL,4,37,77,"1,035.00","79,695.00"
2020-08-05,2020080501020334,CBBL,4,29,120,"1,035.00","124,200.00"
2020-08-05,2020080501020091,CBL,43,19,10,146.00,"1,460.00"
2020-08-05,2020080501020030,CBL,45,32,200,145.00,"29,000.00"
2020-08-05,2020080501020222,CCBL,41,20,44,175.00,"7,700.00"
2020-08-05,2020080501020337,CFCL,33,26,10,120.00,"1,200.00"
2020-08-05,2020080501020322,CHCL,42,25,35,384.00,"13,440.00"
2020-08-05,2020080501020321,CHCL,32,25,100,384.00,"38,400.00"
2020-08-05,2020080501020417,CIT,45,28,20,"2,485.00","49,700.00"
2020-08-05,2020080501020339,CIT,45,28,30,"2,485.00","74,550.00"
2020-08-05,2020080501020282,CIT,35,28,10,"2,485.00","24,850.00"
2020-08-05,2020080501019985,CLBSL,50,40,12,651.00,"7,812.00"
2020-08-05,2020080501020220,CZBIL,16,26,10,194.00,"1,940.00"
2020-08-05,2020080501020204,CZBIL,45,45,500,195.00,"97,500.00"
2020-08-05,2020080501020203,CZBIL,49,45,90,195.00,"17,550.00"
2020-08-05,2020080501020427,DDBL,49,39,90,833.00,"74,970.00"
2020-08-05,2020080501020426,DDBL,49,51,10,832.00,"8,320.00"
2020-08-05,2020080501020149,DDBL,39,14,20,830.00,"16,600.00"
2020-08-05,2020080501020148,DDBL,39,45,48,829.00,"39,792.00"
2020-08-05,2020080501020281,EBL,10,6,39,721.00,"28,119.00"
2020-08-05,2020080501020190,EBL,58,58,30,729.00,"21,870.00"
2020-08-05,2020080501020189,EBL,58,50,70,728.00,"50,960.00"
2020-08-05,2020080501020043,EBL,10,48,580,721.00,"418,180.00"
2020-08-05,2020080501020042,EBL,14,48,20,721.00,"14,420.00"
2020-08-05,2020080501020360,EIC,36,3,200,386.00,"77,200.00"
2020-08-05,2020080501020411,FMDBL,29,32,10,508.00,"5,080.00"
2020-08-05,2020080501020213,FMDBL,45,37,25,501.00,"12,525.00"
2020-08-05,2020080501020152,FMDBL,16,29,20,505.00,"10,100.00"
2020-08-05,2020080501020151,FMDBL,16,6,10,505.00,"5,050.00"
2020-08-05,2020080501020059,FMDBL,11,37,10,502.00,"5,020.00"
2020-08-05,2020080501020265,GBBL,43,39,96,227.00,"21,792.00"
2020-08-05,2020080501020145,GBBL,43,44,451,227.00,"102,377.00"
2020-08-05,2020080501020208,GBIME,57,58,93,247.00,"22,971.00"
2020-08-05,2020080501020092,GBIME,57,52,409,247.00,"101,023.00"
2020-08-05,2020080501020071,GLBSL,43,48,70,840.00,"58,800.00"
2020-08-05,2020080501020070,GLBSL,26,48,20,840.00,"16,800.00"
2020-08-05,2020080501020338,GLICL,16,1,150,438.00,"65,700.00"
2020-08-05,2020080501020260,GMFBS,14,6,10,776.00,"7,760.00"
2020-08-05,2020080501020167,GMFIL,33,55,87,122.00,"10,614.00"
2020-08-05,2020080501019997,GRDBL,51,32,100,108.00,"10,800.00"
2020-08-05,2020080501019996,GRDBL,35,32,50,108.00,"5,400.00"
2020-08-05,2020080501020452,HDL,49,53,25,"1,635.00","40,875.00"
2020-08-05,2020080501020451,HDL,32,53,25,"1,635.00","40,875.00"
2020-08-05,2020080501020416,HIDCL,44,48,128,127.00,"16,256.00"
2020-08-05,2020080501020415,HIDCL,28,48,50,127.00,"6,350.00"
2020-08-05,2020080501020414,HIDCL,41,48,22,127.00,"2,794.00"
2020-08-05,2020080501020168,IGI,38,48,200,421.00,"84,200.00"
2020-08-05,2020080501020162,IGI,45,6,"1,000",419.00,"419,000.00"
2020-08-05,2020080501020390,ILBS,11,26,11,719.00,"7,909.00"
2020-08-05,2020080501020309,ILBS,11,58,11,719.00,"7,909.00"
2020-08-05,2020080501019971,ILBS,14,44,11,724.00,"7,964.00"
2020-08-05,2020080501020238,JOSHI,45,26,10,57.00,570.00
2020-08-05,2020080501020237,JOSHI,41,26,10,58.00,580.00
2020-08-05,2020080501020211,JOSHI,17,28,20,61.00,"1,220.00"
2020-08-05,2020080501020210,JOSHI,17,46,10,60.00,600.00
2020-08-05,2020080501020209,JOSHI,17,37,10,59.00,590.00
2020-08-05,2020080501020413,KMCDB,33,36,10,778.00,"7,780.00"
2020-08-05,2020080501020327,KPCL,25,53,10,112.00,"1,120.00"
2020-08-05,2020080501020261,KPCL,25,26,10,110.00,"1,100.00"
2020-08-05,2020080501020153,KPCL,25,45,200,108.00,"21,600.00"
2020-08-05,2020080501020457,LBBL,57,44,500,183.00,"91,500.00"
2020-08-05,2020080501020456,LBBL,42,44,61,183.00,"11,163.00"
2020-08-05,2020080501020359,LBBL,44,1,10,185.00,"1,850.00"
2020-08-05,2020080501020028,LBBL,43,8,26,182.00,"4,732.00"
2020-08-05,2020080501020029,LBBL,35,8,51,182.00,"9,282.00"
2020-08-05,2020080501020344,LICN,34,5,25,"1,398.00","34,950.00"
2020-08-05,2020080501020333,MBL,53,45,250,228.00,"57,000.00"
2020-08-05,2020080501020332,MBL,53,34,33,228.00,"7,524.00"
2020-08-05,2020080501020331,MBL,53,55,209,228.00,"47,652.00"
2020-08-05,2020080501020330,MBL,53,56,200,227.00,"45,400.00"
2020-08-05,2020080501020329,MBL,53,26,"1,200",227.00,"272,400.00"
2020-08-05,2020080501020328,MBL,53,25,100,227.00,"22,700.00"
2020-08-05,2020080501020108,MDB,6,45,13,318.00,"4,134.00"
2020-08-05,2020080501020423,MEGA,3,6,573,220.00,"126,060.00"
2020-08-05,2020080501020422,MEGA,3,46,"1,000",220.00,"220,000.00"
2020-08-05,2020080501020421,MEGA,3,47,250,220.00,"55,000.00"
2020-08-05,2020080501020420,MEGA,3,58,500,219.00,"109,500.00"
2020-08-05,2020080501020419,MEGA,3,47,"1,779",219.00,"389,601.00"
2020-08-05,2020080501020418,MEGA,3,38,898,218.00,"195,764.00"
2020-08-05,2020080501020391,MEGA,40,38,80,218.00,"17,440.00"
2020-08-05,2020080501020288,MEGA,49,38,22,218.00,"4,796.00"
2020-08-05,2020080501020223,MEGA,43,47,10,219.00,"2,190.00"
2020-08-05,2020080501020128,MEGA,49,46,28,218.00,"6,104.00"
2020-08-05,2020080501019970,MEGA,20,47,50,219.00,"10,950.00"
2020-08-05,2020080501020166,MERO,6,6,41,615.00,"25,215.00"
2020-08-05,2020080501020165,MERO,26,6,57,615.00,"35,055.00"
2020-08-05,2020080501020057,MERO,19,38,47,617.00,"28,999.00"
2020-08-05,2020080501020056,MERO,19,44,55,617.00,"33,935.00"
2020-08-05,2020080501020055,MERO,19,25,51,616.00,"31,416.00"
2020-08-05,2020080501020015,MERO,34,25,30,616.00,"18,480.00"
2020-08-05,2020080501020014,MERO,39,25,19,616.00,"11,704.00"
2020-08-05,2020080501020137,MFIL,55,38,10,270.00,"2,700.00"
2020-08-05,2020080501020089,MHNL,42,59,30,86.00,"2,580.00"
2020-08-05,2020080501020263,MMFDB,50,49,17,932.00,"15,844.00"
2020-08-05,2020080501020113,MMFDB,33,49,50,932.00,"46,600.00"
2020-08-05,2020080501020269,MNBBL,13,44,50,317.00,"15,850.00"
2020-08-05,2020080501020268,MNBBL,13,17,50,316.00,"15,800.00"
2020-08-05,2020080501020185,MNBBL,50,22,100,315.00,"31,500.00"
2020-08-05,2020080501019983,MNBBL,51,22,500,316.00,"158,000.00"
2020-08-05,2020080501019982,MNBBL,56,22,100,316.00,"31,600.00"
2020-08-05,2020080501019981,MNBBL,13,22,100,316.00,"31,600.00"
2020-08-05,2020080501019980,MNBBL,49,22,100,316.00,"31,600.00"
2020-08-05,2020080501019979,MNBBL,3,22,56,316.00,"17,696.00"
2020-08-05,2020080501020172,MNBBL,52,22,200,315.00,"63,000.00"
2020-08-05,2020080501020171,MNBBL,43,22,30,315.00,"9,450.00"
2020-08-05,2020080501020170,MNBBL,14,22,400,316.00,"126,400.00"
2020-08-05,2020080501020169,MNBBL,47,22,71,316.00,"22,436.00"
2020-08-05,2020080501020090,MNBBL,47,32,14,316.00,"4,424.00"
2020-08-05,2020080501020178,MNBBL,38,22,20,315.00,"6,300.00"
2020-08-05,2020080501020177,MNBBL,32,22,330,315.00,"103,950.00"
2020-08-05,2020080501020176,MNBBL,25,22,20,315.00,"6,300.00"
2020-08-05,2020080501020175,MNBBL,42,22,30,315.00,"9,450.00"
2020-08-05,2020080501020174,MNBBL,6,22,500,315.00,"157,500.00"
2020-08-05,2020080501020173,MNBBL,7,22,50,315.00,"15,750.00"
2020-08-05,2020080501020184,MNBBL,6,22,"1,000",315.00,"315,000.00"
2020-08-05,2020080501020183,MNBBL,29,22,300,315.00,"94,500.00"
2020-08-05,2020080501020182,MNBBL,37,22,70,315.00,"22,050.00"
2020-08-05,2020080501020181,MNBBL,33,22,50,315.00,"15,750.00"
2020-08-05,2020080501020180,MNBBL,45,22,100,315.00,"31,500.00"
2020-08-05,2020080501020179,MNBBL,14,22,200,315.00,"63,000.00"
2020-08-05,2020080501020126,NABIL,5,4,10,819.00,"8,190.00"
2020-08-05,2020080501020086,NABIL,58,4,20,819.00,"16,380.00"
2020-08-05,2020080501020142,NADEP,25,28,25,613.00,"15,325.00"
2020-08-05,2020080501020141,NADEP,25,45,30,613.00,"18,390.00"
2020-08-05,2020080501020368,NBB,32,6,25,198.00,"4,950.00"
2020-08-05,2020080501020348,NBB,42,6,53,198.00,"10,494.00"
2020-08-05,2020080501020300,NBB,41,6,50,198.00,"9,900.00"
2020-08-05,2020080501020299,NBB,42,6,918,198.00,"181,764.00"
2020-08-05,2020080501020276,NBB,53,34,17,200.00,"3,400.00"
2020-08-05,2020080501020275,NBB,53,35,"1,000",200.00,"200,000.00"
2020-08-05,2020080501020274,NBB,53,34,100,200.00,"20,000.00"
2020-08-05,2020080501020273,NBB,53,56,150,200.00,"30,000.00"
2020-08-05,2020080501020272,NBB,53,38,500,199.00,"99,500.00"
2020-08-05,2020080501020271,NBB,53,52,233,199.00,"46,367.00"
2020-08-05,2020080501020455,NBL,33,40,25,248.00,"6,200.00"
2020-08-05,2020080501020454,NBL,33,1,75,248.00,"18,600.00"
2020-08-05,2020080501020218,NBL,45,34,76,247.00,"18,772.00"
2020-08-05,2020080501020217,NBL,34,34,100,247.00,"24,700.00"
2020-08-05,2020080501020216,NBL,17,34,"2,345",247.00,"579,215.00"
2020-08-05,2020080501020215,NBL,40,34,125,248.00,"31,000.00"
2020-08-05,2020080501020159,NBL,40,45,75,248.00,"18,600.00"
2020-08-05,2020080501020124,NBL,45,45,25,248.00,"6,200.00"
2020-08-05,2020080501020123,NBL,45,10,75,248.00,"18,600.00"
2020-08-05,2020080501019995,NBL,39,10,700,248.00,"173,600.00"
2020-08-05,2020080501019984,NBL,39,22,800,248.00,"198,400.00"
2020-08-05,2020080501020409,NCCB,58,49,30,191.00,"5,730.00"
2020-08-05,2020080501020295,NCCB,6,35,30,190.00,"5,700.00"
2020-08-05,2020080501020053,NCCB,26,49,100,191.00,"19,100.00"
2020-08-05,2020080501020389,NIBPO,17,22,189,371.00,"70,119.00"
2020-08-05,2020080501020349,NIBSF1,7,54,"1,000",10.00,"10,000.00"
2020-08-05,2020080501020402,NICA,58,28,150,550.00,"82,500.00"
2020-08-05,2020080501020401,NICA,58,28,100,550.00,"55,000.00"
2020-08-05,2020080501020400,NICA,58,57,100,549.00,"54,900.00"
2020-08-05,2020080501020306,NICA,58,52,815,546.00,"444,990.00"
2020-08-05,2020080501020305,NICA,39,52,285,547.00,"155,895.00"
2020-08-05,2020080501020304,NICA,57,52,50,547.00,"27,350.00"
2020-08-05,2020080501020035,NICA,48,40,50,550.00,"27,500.00"
2020-08-05,2020080501020303,NICA,35,52,200,547.00,"109,400.00"
2020-08-05,2020080501020302,NICA,42,52,100,547.00,"54,700.00"
2020-08-05,2020080501020235,NICA,58,28,100,550.00,"55,000.00"
2020-08-05,2020080501020196,NICA,41,22,50,548.00,"27,400.00"
2020-08-05,2020080501020195,NICA,17,22,32,548.00,"17,536.00"
2020-08-05,2020080501020036,NICA,48,28,50,550.00,"27,500.00"
2020-08-05,2020080501020264,NICL,43,32,10,433.00,"4,330.00"
2020-08-05,2020080501020110,NICL,33,41,54,432.00,"23,328.00"
2020-08-05,2020080501020101,NICL,36,6,128,425.00,"54,400.00"
2020-08-05,2020080501020100,NICL,34,6,100,426.00,"42,600.00"
2020-08-05,2020080501020099,NICL,45,6,172,426.00,"73,272.00"
2020-08-05,2020080501020458,NICLBSL,1,40,20,770.00,"15,400.00"
2020-08-05,2020080501020436,NICLBSL,13,40,50,770.00,"38,500.00"
2020-08-05,2020080501020435,NICLBSL,38,40,70,770.00,"53,900.00"
2020-08-05,2020080501020434,NICLBSL,38,8,10,770.00,"7,700.00"
2020-08-05,2020080501020399,NICLBSL,38,46,10,770.00,"7,700.00"
2020-08-05,2020080501020392,NICLBSL,38,10,10,770.00,"7,700.00"
2020-08-05,2020080501020103,NICLBSL,38,46,10,770.00,"7,700.00"
2020-08-05,2020080501020058,NICLBSL,38,51,10,770.00,"7,700.00"
2020-08-05,2020080501020051,NICLBSL,38,46,10,770.00,"7,700.00"
2020-08-05,2020080501020037,NICLBSL,38,10,10,770.00,"7,700.00"
2020-08-05,2020080501020020,NICLBSL,38,45,10,770.00,"7,700.00"
2020-08-05,2020080501019975,NICLBSL,38,46,10,770.00,"7,700.00"
2020-08-05,2020080501020251,NICLBSL,38,46,10,770.00,"7,700.00"
2020-08-05,2020080501020138,NICLBSL,38,46,10,770.00,"7,700.00"
2020-08-05,2020080501020112,NICLBSL,35,42,10,771.00,"7,710.00"
2020-08-05,2020080501020111,NICLBSL,35,40,10,771.00,"7,710.00"
2020-08-05,2020080501020109,NICLBSL,38,57,10,770.00,"7,700.00"
2020-08-05,2020080501020107,NICLBSL,38,19,10,770.00,"7,700.00"
2020-08-05,2020080501020371,NICLBSL,38,41,10,770.00,"7,700.00"
2020-08-05,2020080501020370,NICLBSL,38,36,10,770.00,"7,700.00"
2020-08-05,2020080501020343,NICLBSL,38,17,270,770.00,"207,900.00"
2020-08-05,2020080501020323,NICLBSL,38,46,10,770.00,"7,700.00"
2020-08-05,2020080501020279,NICLBSL,52,36,10,769.00,"7,690.00"
2020-08-05,2020080501020270,NICLBSL,52,10,10,769.00,"7,690.00"
2020-08-05,2020080501020381,NIL,28,33,150,610.00,"91,500.00"
2020-08-05,2020080501020380,NIL,47,33,133,610.00,"81,130.00"
2020-08-05,2020080501020379,NIL,48,33,70,610.00,"42,700.00"
2020-08-05,2020080501020378,NIL,28,33,30,610.00,"18,300.00"
2020-08-05,2020080501020377,NIL,34,33,500,611.00,"305,500.00"
2020-08-05,2020080501020376,NIL,47,33,100,611.00,"61,100.00"
2020-08-05,2020080501020226,NIL,10,4,206,612.00,"126,072.00"
2020-08-05,2020080501020105,NIL,59,35,10,614.00,"6,140.00"
2020-08-05,2020080501020096,NIL,10,28,109,612.00,"66,708.00"
2020-08-05,2020080501020095,NIL,47,28,40,613.00,"24,520.00"
2020-08-05,2020080501020094,NIL,47,28,41,613.00,"25,133.00"
2020-08-05,2020080501020093,NIL,59,28,100,613.00,"61,300.00"
2020-08-05,2020080501020232,NIL,47,4,227,612.00,"138,924.00"
2020-08-05,2020080501020231,NIL,32,4,10,612.00,"6,120.00"
2020-08-05,2020080501020230,NIL,47,4,20,612.00,"12,240.00"
2020-08-05,2020080501020229,NIL,47,4,20,612.00,"12,240.00"
2020-08-05,2020080501020228,NIL,47,4,23,612.00,"14,076.00"
2020-08-05,2020080501020227,NIL,47,4,25,612.00,"15,300.00"
2020-08-05,2020080501020375,NIL,47,33,15,611.00,"9,165.00"
2020-08-05,2020080501020374,NIL,47,33,28,611.00,"17,108.00"
2020-08-05,2020080501020373,NIL,47,33,65,611.00,"39,715.00"
2020-08-05,2020080501020372,NIL,34,33,97,611.00,"59,267.00"
2020-08-05,2020080501020234,NIL,34,4,403,611.00,"246,233.00"
2020-08-05,2020080501020233,NIL,34,4,66,611.00,"40,326.00"
2020-08-05,2020080501020354,NLBBL,38,45,10,688.00,"6,880.00"
2020-08-05,2020080501020259,NLBBL,38,16,48,680.00,"32,640.00"
2020-08-05,2020080501020283,NLG,22,41,10,627.00,"6,270.00"
2020-08-05,2020080501020469,NLIC,58,28,"1,900","1,307.00","2,483,300.00"
2020-08-05,2020080501020468,NLIC,35,28,100,"1,307.00","130,700.00"
2020-08-05,2020080501020467,NLIC,11,28,300,"1,307.00","392,100.00"
2020-08-05,2020080501020466,NLIC,10,28,110,"1,307.00","143,770.00"
2020-08-05,2020080501020465,NLIC,32,28,500,"1,308.00","654,000.00"
2020-08-05,2020080501020464,NLIC,46,28,100,"1,308.00","130,800.00"
2020-08-05,2020080501020011,NLIC,53,34,36,"1,309.00","47,124.00"
2020-08-05,2020080501020010,NLIC,28,34,50,"1,309.00","65,450.00"
2020-08-05,2020080501020278,NLIC,42,41,100,"1,309.00","130,900.00"
2020-08-05,2020080501020144,NLIC,42,6,36,"1,309.00","47,124.00"
2020-08-05,2020080501020143,NLIC,53,6,64,"1,309.00","83,776.00"
2020-08-05,2020080501020050,NLIC,58,17,10,"1,313.00","13,130.00"
2020-08-05,2020080501020049,NLIC,58,6,50,"1,310.00","65,500.00"
2020-08-05,2020080501020018,NLIC,21,6,100,"1,310.00","131,000.00"
2020-08-05,2020080501020388,NLIC,25,38,129,"1,310.00","168,990.00"
2020-08-05,2020080501020387,NLIC,25,38,162,"1,309.00","212,058.00"
2020-08-05,2020080501020385,NLIC,25,38,50,"1,309.00","65,450.00"
2020-08-05,2020080501020384,NLIC,34,38,50,"1,309.00","65,450.00"
2020-08-05,2020080501020383,NLIC,42,38,29,"1,309.00","37,961.00"
2020-08-05,2020080501020362,NLIC,42,29,50,"1,309.00","65,450.00"
2020-08-05,2020080501020463,NLIC,38,28,100,"1,308.00","130,800.00"
2020-08-05,2020080501020462,NLIC,58,28,"1,000","1,308.00","1,308,000.00"
2020-08-05,2020080501020461,NLIC,59,28,350,"1,308.00","457,800.00"
2020-08-05,2020080501020460,NLIC,39,28,29,"1,308.00","37,932.00"
2020-08-05,2020080501020459,NLIC,45,28,150,"1,309.00","196,350.00"
2020-08-05,2020080501020424,NLIC,13,11,20,"1,310.00","26,200.00"
2020-08-05,2020080501020453,NLICL,35,33,50,656.00,"32,800.00"
2020-08-05,2020080501020129,NLICL,13,33,119,656.00,"78,064.00"
2020-08-05,2020080501020016,NLICL,35,33,27,656.00,"17,712.00"
2020-08-05,2020080501020428,NMB,32,32,200,410.00,"82,000.00"
2020-08-05,2020080501020353,NMB,58,28,100,411.00,"41,100.00"
2020-08-05,2020080501020347,NMB,58,28,10,411.00,"4,110.00"
2020-08-05,2020080501020346,NMB,58,49,10,410.00,"4,100.00"
2020-08-05,2020080501020308,NMB,58,49,100,410.00,"41,000.00"
2020-08-05,2020080501020284,NMB,35,49,290,410.00,"118,900.00"
2020-08-05,2020080501020073,NMB,17,49,300,410.00,"123,000.00"
2020-08-05,2020080501020072,NMB,20,49,89,410.00,"36,490.00"
2020-08-05,2020080501020040,NMB,20,17,11,410.00,"4,510.00"
2020-08-05,2020080501020039,NMB,42,17,89,410.00,"36,490.00"
2020-08-05,2020080501020019,NMB,4,28,50,411.00,"20,550.00"
2020-08-05,2020080501020079,NMB,11,49,50,410.00,"20,500.00"
2020-08-05,2020080501020078,NMB,40,49,150,410.00,"61,500.00"
2020-08-05,2020080501020077,NMB,45,49,50,410.00,"20,500.00"
2020-08-05,2020080501020076,NMB,41,49,12,410.00,"4,920.00"
2020-08-05,2020080501020075,NMB,59,49,100,410.00,"41,000.00"
2020-08-05,2020080501020074,NMB,57,49,250,410.00,"102,500.00"
2020-08-05,2020080501020262,NMB,35,58,710,410.00,"291,100.00"
2020-08-05,2020080501020140,NMB,58,28,10,411.00,"4,110.00"
2020-08-05,2020080501020139,NMB,58,49,410,410.00,"168,100.00"
2020-08-05,2020080501020106,NMB,34,49,100,410.00,"41,000.00"
2020-08-05,2020080501020088,NMB,45,49,140,410.00,"57,400.00"
2020-08-05,2020080501020080,NMB,42,49,258,410.00,"105,780.00"
2020-08-05,2020080501020134,NMB50,16,41,"1,000",9.26,"9,260.00"
2020-08-05,2020080501020084,NMBMF,21,1,10,715.00,"7,150.00"
2020-08-05,2020080501020083,NMBMF,39,1,40,726.00,"29,040.00"
2020-08-05,2020080501020082,NMBMF,39,34,58,726.00,"42,108.00"
2020-08-05,2020080501020081,NMBMF,39,5,160,723.00,"115,680.00"
2020-08-05,2020080501020004,NMBMF,33,5,10,723.00,"7,230.00"
2020-08-05,2020080501020382,NMFBS,41,28,18,"1,559.00","28,062.00"
2020-08-05,2020080501020287,NMFBS,41,50,10,"1,559.00","15,590.00"
2020-08-05,2020080501020286,NMFBS,41,47,26,"1,559.00","40,534.00"
2020-08-05,2020080501020285,NMFBS,41,55,20,"1,557.00","31,140.00"
2020-08-05,2020080501020267,NMFBS,41,55,80,"1,557.00","124,560.00"
2020-08-05,2020080501020440,NRIC,50,10,30,576.00,"17,280.00"
2020-08-05,2020080501020439,NRIC,49,10,10,576.00,"5,760.00"
2020-08-05,2020080501020438,NRIC,50,45,20,577.00,"11,540.00"
2020-08-05,2020080501020405,NRIC,58,17,5,577.00,"2,885.00"
2020-08-05,2020080501020404,NRIC,58,21,100,577.00,"57,700.00"
2020-08-05,2020080501020369,NRIC,58,48,50,577.00,"28,850.00"
2020-08-05,2020080501020000,NRIC,11,44,20,577.00,"11,540.00"
2020-08-05,2020080501019999,NRIC,11,59,40,577.00,"23,080.00"
2020-08-05,2020080501020046,NRIC,54,29,170,576.00,"97,920.00"
2020-08-05,2020080501020045,NRIC,51,29,10,576.00,"5,760.00"
2020-08-05,2020080501020044,NRIC,50,29,60,577.00,"34,620.00"
2020-08-05,2020080501020034,NRIC,50,48,40,577.00,"23,080.00"
2020-08-05,2020080501020017,NRIC,51,56,20,578.00,"11,560.00"
2020-08-05,2020080501020001,NRIC,11,57,40,577.00,"23,080.00"
2020-08-05,2020080501020063,NRIC,33,26,"1,000",576.00,"576,000.00"
2020-08-05,2020080501020062,NRIC,17,26,170,576.00,"97,920.00"
2020-08-05,2020080501020061,NRIC,10,26,450,576.00,"259,200.00"
2020-08-05,2020080501020060,NRIC,6,26,50,577.00,"28,850.00"
2020-08-05,2020080501020048,NRIC,17,29,30,576.00,"17,280.00"
2020-08-05,2020080501020047,NRIC,7,29,100,576.00,"57,600.00"
2020-08-05,2020080501020069,NRIC,55,26,350,576.00,"201,600.00"
2020-08-05,2020080501020068,NRIC,41,26,10,576.00,"5,760.00"
2020-08-05,2020080501020067,NRIC,34,26,20,576.00,"11,520.00"
2020-08-05,2020080501020066,NRIC,58,26,200,576.00,"115,200.00"
2020-08-05,2020080501020065,NRIC,29,26,50,576.00,"28,800.00"
2020-08-05,2020080501020064,NRIC,53,26,100,576.00,"57,600.00"
2020-08-05,2020080501020164,NRIC,38,19,40,576.00,"23,040.00"
2020-08-05,2020080501020136,NRIC,57,11,60,577.00,"34,620.00"
2020-08-05,2020080501020135,NRIC,57,45,40,577.00,"23,080.00"
2020-08-05,2020080501020133,NRIC,38,46,90,576.00,"51,840.00"
2020-08-05,2020080501020132,NRIC,55,46,110,576.00,"63,360.00"
2020-08-05,2020080501020098,NRIC,55,10,40,576.00,"23,040.00"
2020-08-05,2020080501020202,NRIC,5,39,20,576.00,"11,520.00"
2020-08-05,2020080501020201,NRIC,5,10,40,576.00,"23,040.00"
2020-08-05,2020080501020200,NRIC,5,10,60,576.00,"34,560.00"
2020-08-05,2020080501020199,NRIC,45,10,20,576.00,"11,520.00"
2020-08-05,2020080501020198,NRIC,41,10,10,576.00,"5,760.00"
2020-08-05,2020080501020197,NRIC,38,10,70,576.00,"40,320.00"
2020-08-05,2020080501020298,NRIC,33,40,200,576.00,"115,200.00"
2020-08-05,2020080501020297,NRIC,42,40,100,576.00,"57,600.00"
2020-08-05,2020080501020296,NRIC,5,40,50,576.00,"28,800.00"
2020-08-05,2020080501020257,NRIC,5,42,10,576.00,"5,760.00"
2020-08-05,2020080501020221,NRIC,5,26,90,576.00,"51,840.00"
2020-08-05,2020080501020212,NRIC,5,10,40,576.00,"23,040.00"
2020-08-05,2020080501020358,NRIC,58,56,45,577.00,"25,965.00"
2020-08-05,2020080501020345,NRIC,34,56,25,577.00,"14,425.00"
2020-08-05,2020080501020320,NRIC,35,56,70,577.00,"40,390.00"
2020-08-05,2020080501020319,NRIC,35,11,30,577.00,"17,310.00"
2020-08-05,2020080501020318,NRIC,35,40,50,576.00,"28,800.00"
2020-08-05,2020080501020314,NRIC,6,40,100,576.00,"57,600.00"
2020-08-05,2020080501020087,NUBL,35,52,50,970.00,"48,500.00"
2020-08-05,2020080501020033,NUBL,39,40,575,966.00,"555,450.00"
2020-08-05,2020080501020032,NUBL,42,40,50,966.00,"48,300.00"
2020-08-05,2020080501020031,NUBL,58,40,200,967.00,"193,400.00"
2020-08-05,2020080501020386,OHL,7,34,44,340.00,"14,960.00"
2020-08-05,2020080501020444,PCBL,8,53,100,261.00,"26,100.00"
2020-08-05,2020080501020357,PCBL,8,53,19,261.00,"4,959.00"
2020-08-05,2020080501020356,PCBL,52,53,30,261.00,"7,830.00"
2020-08-05,2020080501020355,PCBL,21,53,140,261.00,"36,540.00"
2020-08-05,2020080501020188,PCBL,21,52,60,261.00,"15,660.00"
2020-08-05,2020080501020187,PCBL,45,52,110,261.00,"28,710.00"
2020-08-05,2020080501020186,PCBL,5,52,500,261.00,"130,500.00"
2020-08-05,2020080501020102,PCBL,52,39,106,261.00,"27,666.00"
2020-08-05,2020080501020054,PFL,42,43,25,148.00,"3,700.00"
2020-08-05,2020080501020052,PFL,36,32,56,147.00,"8,232.00"
2020-08-05,2020080501020313,PIC,10,32,290,610.00,"176,900.00"
2020-08-05,2020080501020312,PIC,10,50,100,609.00,"60,900.00"
2020-08-05,2020080501020311,PIC,10,48,100,608.00,"60,800.00"
2020-08-05,2020080501020310,PIC,10,34,10,608.00,"6,080.00"
2020-08-05,2020080501020115,PIC,43,34,10,608.00,"6,080.00"
2020-08-05,2020080501019978,PLIC,39,5,430,532.00,"228,760.00"
2020-08-05,2020080501019977,PLIC,39,5,500,532.00,"266,000.00"
2020-08-05,2020080501020277,PMHPL,10,26,10,76.00,760.00
2020-08-05,2020080501020449,PRIN,45,38,100,466.00,"46,600.00"
2020-08-05,2020080501020448,PRIN,49,38,"1,000",466.00,"466,000.00"
2020-08-05,2020080501020447,PRIN,44,38,155,466.00,"72,230.00"
2020-08-05,2020080501020446,PRIN,46,38,300,467.00,"140,100.00"
2020-08-05,2020080501020255,PRVU,4,34,409,231.00,"94,479.00"
2020-08-05,2020080501020254,PRVU,44,34,"2,000",231.00,"462,000.00"
2020-08-05,2020080501020253,PRVU,54,34,100,231.00,"23,100.00"
2020-08-05,2020080501020252,PRVU,11,34,435,231.00,"100,485.00"
2020-08-05,2020080501020130,PRVU,17,44,200,232.00,"46,400.00"
2020-08-05,2020080501020407,RBCL,32,35,10,"9,120.00","91,200.00"
2020-08-05,2020080501020205,RBCL,32,6,10,"9,120.00","91,200.00"
2020-08-05,2020080501020009,RBCL,44,6,10,"9,120.00","91,200.00"
2020-08-05,2020080501019998,RBCL,39,35,10,"9,130.00","91,300.00"
2020-08-05,2020080501020361,RHPL,7,59,40,144.00,"5,760.00"
2020-08-05,2020080501020289,RHPL,7,26,30,144.00,"4,320.00"
2020-08-05,2020080501020240,RHPL,7,59,40,144.00,"5,760.00"
2020-08-05,2020080501020219,RHPL,7,34,20,144.00,"2,880.00"
2020-08-05,2020080501020125,RHPL,7,59,40,144.00,"5,760.00"
2020-08-05,2020080501020365,RMDC,26,49,273,712.00,"194,376.00"
2020-08-05,2020080501020364,RMDC,47,49,15,713.00,"10,695.00"
2020-08-05,2020080501020326,RRHP,1,26,10,95.00,950.00
2020-08-05,2020080501020194,RSDC,10,29,500,467.00,"233,500.00"
2020-08-05,2020080501020193,RSDC,36,29,20,468.00,"9,360.00"
2020-08-05,2020080501020192,RSDC,55,29,148,468.00,"69,264.00"
2020-08-05,2020080501020191,RSDC,10,29,20,468.00,"9,360.00"
2020-08-05,2020080501019988,RSDC,10,1,112,468.00,"52,416.00"
2020-08-05,2020080501019976,RSDC,49,1,20,468.00,"9,360.00"
2020-08-05,2020080501020150,SANIMA,14,1,300,343.00,"102,900.00"
2020-08-05,2020080501019992,SANIMA,33,21,80,342.00,"27,360.00"
2020-08-05,2020080501019991,SANIMA,47,21,20,343.00,"6,860.00"
2020-08-05,2020080501020351,SBI,57,13,596,425.00,"253,300.00"
2020-08-05,2020080501020350,SBI,19,13,150,428.00,"64,200.00"
2020-08-05,2020080501020161,SBI,10,1,500,429.00,"214,500.00"
2020-08-05,2020080501020104,SBI,19,55,50,428.00,"21,400.00"
2020-08-05,2020080501020160,SBL,43,39,54,294.00,"15,876.00"
2020-08-05,2020080501020147,SCB,58,55,30,648.00,"19,440.00"
2020-08-05,2020080501020146,SCB,58,41,20,639.00,"12,780.00"
2020-08-05,2020080501020114,SFCL,55,26,100,101.00,"10,100.00"
2020-08-05,2020080501020425,SHIVM,25,45,20,570.00,"11,400.00"
2020-08-05,2020080501020363,SHIVM,38,42,50,569.00,"28,450.00"
2020-08-05,2020080501020437,SIC,56,33,10,707.00,"7,070.00"
2020-08-05,2020080501020342,SIC,7,33,10,717.00,"7,170.00"
2020-08-05,2020080501020433,SICL,42,34,25,"1,177.00","29,425.00"
2020-08-05,2020080501020432,SICL,45,34,300,"1,177.00","353,100.00"
2020-08-05,2020080501020403,SICL,17,48,20,"1,178.00","23,560.00"
2020-08-05,2020080501020366,SICL,13,48,10,"1,178.00","11,780.00"
2020-08-05,2020080501019994,SIFC,6,33,500,153.00,"76,500.00"
2020-08-05,2020080501020341,SJCL,36,26,20,134.00,"2,680.00"
2020-08-05,2020080501020398,SJCL,36,35,20,136.00,"2,720.00"
2020-08-05,2020080501020397,SJCL,36,35,10,136.00,"1,360.00"
2020-08-05,2020080501020396,SJCL,36,35,20,136.00,"2,720.00"
2020-08-05,2020080501020395,SJCL,36,34,11,136.00,"1,496.00"
2020-08-05,2020080501020394,SJCL,36,59,20,135.00,"2,700.00"
2020-08-05,2020080501020393,SJCL,36,59,20,135.00,"2,700.00"
2020-08-05,2020080501020340,SKBBL,10,40,20,"1,206.00","24,120.00"
2020-08-05,2020080501020336,SKBBL,10,45,100,"1,206.00","120,600.00"
2020-08-05,2020080501020301,SKBBL,10,19,77,"1,206.00","92,862.00"
2020-08-05,2020080501020266,SLBBL,34,42,10,794.00,"7,940.00"
2020-08-05,2020080501020127,SLBBL,21,20,10,788.00,"7,880.00"
2020-08-05,2020080501020003,SLBBL,7,10,94,787.00,"73,978.00"
2020-08-05,2020080501020002,SLBBL,49,10,106,787.00,"83,422.00"
2020-08-05,2020080501019993,SLBBL,49,20,30,787.00,"23,610.00"
2020-08-05,2020080501020443,SLICL,38,48,125,424.00,"53,000.00"
2020-08-05,2020080501020441,SLICL,21,48,120,424.00,"50,880.00"
2020-08-05,2020080501020256,SLICL,36,19,100,423.00,"42,300.00"
2020-08-05,2020080501020225,SLICL,36,13,65,423.00,"27,495.00"
2020-08-05,2020080501020163,SLICL,36,42,400,423.00,"169,200.00"
2020-08-05,2020080501020013,SLICL,36,19,100,423.00,"42,300.00"
2020-08-05,2020080501019973,SLICL,10,48,410,424.00,"173,840.00"
2020-08-05,2020080501019972,SLICL,10,6,90,424.00,"38,160.00"
2020-08-05,2020080501020207,SMB,34,54,10,826.00,"8,260.00"
2020-08-05,2020080501020156,SMB,34,42,10,816.00,"8,160.00"
2020-08-05,2020080501020155,SMB,34,45,10,816.00,"8,160.00"
2020-08-05,2020080501020121,SMB,34,34,10,808.00,"8,080.00"
2020-08-05,2020080501020236,SMFBS,34,13,10,933.00,"9,330.00"
2020-08-05,2020080501020206,SMFBS,34,57,10,916.00,"9,160.00"
2020-08-05,2020080501019986,SMFBS,34,22,10,900.00,"9,000.00"
2020-08-05,2020080501020408,SPARS,59,45,10,805.00,"8,050.00"
2020-08-05,2020080501020085,SRBL,10,1,300,233.00,"69,900.00"
2020-08-05,2020080501020442,SWBBL,39,6,20,"1,176.00","23,520.00"
2020-08-05,2020080501020335,SWBBL,18,5,63,"1,181.00","74,403.00"
2020-08-05,2020080501020258,SWBBL,39,14,200,"1,180.00","236,000.00"
2020-08-05,2020080501020214,SWBBL,45,14,100,"1,180.00","118,000.00"
2020-08-05,2020080501019974,SWBBL,18,50,46,"1,180.00","54,280.00"
2020-08-05,2020080501020239,TMDBL,25,35,50,159.00,"7,950.00"
2020-08-05,2020080501020122,TMDBL,25,35,250,159.00,"39,750.00"
2020-08-05,2020080501020324,TRH,45,45,50,210.00,"10,500.00"
2020-08-05,2020080501019987,TRH,40,45,95,210.00,"19,950.00"
2020-08-05,2020080501020412,UFL,7,53,290,175.00,"50,750.00"
2020-08-05,2020080501020012,UIC,3,42,50,353.00,"17,650.00"
2020-08-05,2020080501020097,UMHL,21,48,102,103.00,"10,506.00"
2020-08-05,2020080501020445,UNHPL,55,28,10,57.00,570.00
2020-08-05,2020080501020410,UNHPL,55,51,50,56.00,"2,800.00"
2020-08-05,2020080501020367,UPPER,22,26,50,225.00,"11,250.00"
2020-08-05,2020080501020317,WOMI,33,34,30,877.00,"26,310.00"
2020-08-05,2020080501020316,WOMI,36,34,10,877.00,"8,770.00"
2020-08-05,2020080501019689,ADBL,39,45,34,404.00,"13,736.00"
2020-08-05,2020080501019676,ADBL,39,32,100,404.00,"40,400.00"
2020-08-05,2020080501019675,ADBL,39,16,200,404.00,"80,800.00"
2020-08-05,2020080501019589,ADBL,52,14,100,405.00,"40,500.00"
2020-08-05,2020080501019821,AHPC,33,59,10,96.00,960.00
2020-08-05,2020080501019658,AHPC,51,34,286,95.00,"27,170.00"
2020-08-05,2020080501019960,ALICL,39,26,50,609.00,"30,450.00"
2020-08-05,2020080501019755,ALICL,53,49,100,610.00,"61,000.00"
2020-08-05,2020080501019853,API,13,13,"1,000",106.00,"106,000.00"
2020-08-05,2020080501019713,API,34,1,"1,400",106.00,"148,400.00"
2020-08-05,2020080501019856,BARUN,21,13,10,87.00,870.00
2020-08-05,2020080501019927,BOKL,38,10,50,221.00,"11,050.00"
2020-08-05,2020080501019937,BPCL,39,52,106,351.00,"37,206.00"
2020-08-05,2020080501019859,BPCL,51,54,30,352.00,"10,560.00"
2020-08-05,2020080501019858,BPCL,48,54,28,352.00,"9,856.00"
2020-08-05,2020080501019815,BPCL,49,50,67,353.00,"23,651.00"
2020-08-05,2020080501019855,CBBL,52,37,50,"1,036.00","51,800.00"
2020-08-05,2020080501019854,CBBL,59,37,50,"1,036.00","51,800.00"
2020-08-05,2020080501019620,CBBL,49,44,100,"1,040.00","104,000.00"
2020-08-05,2020080501019598,CBBL,49,1,100,"1,040.00","104,000.00"
2020-08-05,2020080501019594,CBBL,4,5,13,"1,035.00","13,455.00"
2020-08-05,2020080501019536,CBBL,49,39,50,"1,036.00","51,800.00"
2020-08-05,2020080501019959,CBL,43,19,10,146.00,"1,460.00"
2020-08-05,2020080501019698,CBL,45,10,50,145.00,"7,250.00"
2020-08-05,2020080501019652,CBL,45,16,900,145.00,"130,500.00"
2020-08-05,2020080501019697,CHCL,33,6,150,384.00,"57,600.00"
2020-08-05,2020080501019660,CHCL,33,5,100,384.00,"38,400.00"
2020-08-05,2020080501019857,CIT,16,3,73,"2,480.00","181,040.00"
2020-08-05,2020080501019849,CZBIL,49,58,10,195.00,"1,950.00"
2020-08-05,2020080501019841,DDBL,42,41,10,829.00,"8,290.00"
2020-08-05,2020080501019707,DDBL,19,3,24,829.00,"19,896.00"
2020-08-05,2020080501019609,DDBL,39,43,161,828.00,"133,308.00"
2020-08-05,2020080501019608,DDBL,45,43,39,828.00,"32,292.00"
2020-08-05,2020080501019886,EBL,34,45,12,722.00,"8,664.00"
2020-08-05,2020080501019617,EBL,58,58,50,729.00,"36,450.00"
2020-08-05,2020080501019599,EBL,22,10,30,721.00,"21,630.00"
2020-08-05,2020080501019571,EBL,22,39,261,721.00,"188,181.00"
2020-08-05,2020080501019570,EBL,45,39,10,721.00,"7,210.00"
2020-08-05,2020080501019569,EBL,53,39,100,722.00,"72,200.00"
2020-08-05,2020080501019568,EBL,59,39,20,722.00,"14,440.00"
2020-08-05,2020080501019567,EBL,1,39,10,723.00,"7,230.00"
2020-08-05,2020080501019566,EBL,38,39,20,723.00,"14,460.00"
2020-08-05,2020080501019818,EIC,14,50,90,385.00,"34,650.00"
2020-08-05,2020080501019817,EIC,10,50,50,385.00,"19,250.00"
2020-08-05,2020080501019816,EIC,45,50,10,385.00,"3,850.00"
2020-08-05,2020080501019607,EIC,56,50,100,386.00,"38,600.00"
2020-08-05,2020080501019606,EIC,13,50,500,386.00,"193,000.00"
2020-08-05,2020080501019605,EIC,59,50,100,386.00,"38,600.00"
2020-08-05,2020080501019604,EIC,53,50,50,386.00,"19,300.00"
2020-08-05,2020080501019474,EIC,34,50,100,387.00,"38,700.00"
2020-08-05,2020080501019867,FMDBL,11,29,10,502.00,"5,020.00"
2020-08-05,2020080501019732,FMDBL,11,16,30,502.00,"15,060.00"
2020-08-05,2020080501019593,FMDBL,45,22,175,501.00,"87,675.00"
2020-08-05,2020080501019750,FOWAD,45,45,185,"1,505.00","278,425.00"
2020-08-05,2020080501019969,GBBL,43,29,50,227.00,"11,350.00"
2020-08-05,2020080501019795,GBBL,1,1,126,229.00,"28,854.00"
2020-08-05,2020080501019677,GBIME,21,52,200,248.00,"49,600.00"
2020-08-05,2020080501019627,GBIME,35,52,156,248.00,"38,688.00"
2020-08-05,2020080501019626,GBIME,35,16,44,248.00,"10,912.00"
2020-08-05,2020080501019623,GBIME,57,16,200,247.00,"49,400.00"
2020-08-05,2020080501019580,GBIME,57,38,424,247.00,"104,728.00"
2020-08-05,2020080501019579,GBIME,34,38,76,247.00,"18,772.00"
2020-08-05,2020080501019903,GBLBS,10,32,500,472.00,"236,000.00"
2020-08-05,2020080501019614,GBLBS,29,34,30,470.00,"14,100.00"
2020-08-05,2020080501019613,GBLBS,57,34,200,470.00,"94,000.00"
2020-08-05,2020080501019612,GBLBS,42,34,20,470.00,"9,400.00"
2020-08-05,2020080501019784,GFCL,58,59,20,145.00,"2,900.00"
2020-08-05,2020080501019783,GFCL,6,59,35,146.00,"5,110.00"
2020-08-05,2020080501019475,GGBSL,38,48,10,810.00,"8,100.00"
2020-08-05,2020080501019861,GLBSL,43,39,50,845.00,"42,250.00"
2020-08-05,2020080501019860,GLBSL,43,44,10,844.00,"8,440.00"
2020-08-05,2020080501019967,GLICL,21,5,70,439.00,"30,730.00"
2020-08-05,2020080501019851,GLICL,16,10,50,438.00,"21,900.00"
2020-08-05,2020080501019850,GLICL,34,10,20,438.00,"8,760.00"
2020-08-05,2020080501019642,GLICL,34,5,80,438.00,"35,040.00"
2020-08-05,2020080501019641,GLICL,32,5,100,438.00,"43,800.00"
2020-08-05,2020080501019640,GLICL,48,5,20,438.00,"8,760.00"
2020-08-05,2020080501019639,GLICL,45,5,100,438.00,"43,800.00"
2020-08-05,2020080501019518,GLICL,41,55,15,439.00,"6,585.00"
2020-08-05,2020080501019517,GLICL,36,55,10,439.00,"4,390.00"
2020-08-05,2020080501019516,GLICL,14,55,150,439.00,"65,850.00"
2020-08-05,2020080501019787,GMFBS,14,57,10,776.00,"7,760.00"
2020-08-05,2020080501019876,GMFIL,48,6,20,120.00,"2,400.00"
2020-08-05,2020080501019798,GMFIL,35,55,10,122.00,"1,220.00"
2020-08-05,2020080501019547,GMFIL,48,6,10,120.00,"1,200.00"
2020-08-05,2020080501019908,GRDBL,48,32,50,109.00,"5,450.00"
2020-08-05,2020080501019877,GRDBL,39,33,100,111.00,"11,100.00"
2020-08-05,2020080501019891,HBL,42,52,80,540.00,"43,200.00"
2020-08-05,2020080501019890,HBL,55,52,20,540.00,"10,800.00"
2020-08-05,2020080501019581,HBL,11,22,100,541.00,"54,100.00"
2020-08-05,2020080501019805,HDL,25,45,10,"1,645.00","16,450.00"
2020-08-05,2020080501019731,HDL,32,37,100,"1,635.00","163,500.00"
2020-08-05,2020080501019730,HDL,37,37,100,"1,635.00","163,500.00"
2020-08-05,2020080501019478,HGI,33,6,100,403.00,"40,300.00"
2020-08-05,2020080501019630,HIDCL,41,14,399,127.00,"50,673.00"
2020-08-05,2020080501019629,HIDCL,8,14,50,127.00,"6,350.00"
2020-08-05,2020080501019628,HIDCL,53,14,101,127.00,"12,827.00"
2020-08-05,2020080501019591,HIDCL,55,33,200,128.00,"25,600.00"
2020-08-05,2020080501019680,IGI,17,48,100,420.00,"42,000.00"
2020-08-05,2020080501019555,ILBS,41,39,10,720.00,"7,200.00"
2020-08-05,2020080501019871,JBBL,43,38,15,168.00,"2,520.00"
2020-08-05,2020080501019870,JBBL,25,38,100,168.00,"16,800.00"
2020-08-05,2020080501019869,JBBL,53,38,31,168.00,"5,208.00"
2020-08-05,2020080501019743,JBBL,56,38,10,169.00,"1,690.00"
2020-08-05,2020080501019621,JBBL,42,13,300,170.00,"51,000.00"
2020-08-05,2020080501019600,JBBL,56,13,10,170.00,"1,700.00"
2020-08-05,2020080501019520,JBBL,56,13,20,170.00,"3,400.00"
2020-08-05,2020080501019476,JFL,43,29,32,165.00,"5,280.00"
2020-08-05,2020080501019885,KBL,10,38,500,189.00,"94,500.00"
2020-08-05,2020080501019767,KMCDB,35,38,20,770.00,"15,400.00"
2020-08-05,2020080501019918,KPCL,39,17,10,106.00,"1,060.00"
2020-08-05,2020080501019917,KPCL,39,58,10,106.00,"1,060.00"
2020-08-05,2020080501019916,KPCL,39,34,10,106.00,"1,060.00"
2020-08-05,2020080501019915,KPCL,39,55,100,106.00,"10,600.00"
2020-08-05,2020080501019914,KPCL,39,34,10,106.00,"1,060.00"
2020-08-05,2020080501019670,KPCL,21,58,10,104.00,"1,040.00"
2020-08-05,2020080501019913,KPCL,39,52,10,106.00,"1,060.00"
2020-08-05,2020080501019912,KPCL,39,45,510,105.00,"53,550.00"
2020-08-05,2020080501019911,KPCL,39,1,10,105.00,"1,050.00"
2020-08-05,2020080501019910,KPCL,39,55,100,105.00,"10,500.00"
2020-08-05,2020080501019957,LBBL,11,8,100,183.00,"18,300.00"
2020-08-05,2020080501019956,LBBL,49,8,100,183.00,"18,300.00"
2020-08-05,2020080501019955,LBBL,53,8,150,183.00,"27,450.00"
2020-08-05,2020080501019954,LBBL,57,8,"1,000",183.00,"183,000.00"
2020-08-05,2020080501019953,LBBL,43,8,100,183.00,"18,300.00"
2020-08-05,2020080501019952,LBBL,58,8,100,183.00,"18,300.00"
2020-08-05,2020080501019622,LBBL,54,39,81,183.00,"14,823.00"
2020-08-05,2020080501019945,LBBL,10,8,300,183.00,"54,900.00"
2020-08-05,2020080501019944,LBBL,4,8,"2,000",183.00,"366,000.00"
2020-08-05,2020080501019943,LBBL,54,8,116,183.00,"21,228.00"
2020-08-05,2020080501019884,LBBL,13,8,70,184.00,"12,880.00"
2020-08-05,2020080501019764,LBBL,54,35,303,183.00,"55,449.00"
2020-08-05,2020080501019951,LBBL,53,8,"2,000",183.00,"366,000.00"
2020-08-05,2020080501019950,LBBL,58,8,500,183.00,"91,500.00"
2020-08-05,2020080501019949,LBBL,32,8,150,183.00,"27,450.00"
2020-08-05,2020080501019948,LBBL,57,8,50,183.00,"9,150.00"
2020-08-05,2020080501019947,LBBL,50,8,100,183.00,"18,300.00"
2020-08-05,2020080501019946,LBBL,29,8,100,183.00,"18,300.00"
2020-08-05,2020080501019533,LGIL,35,42,900,438.00,"394,200.00"
2020-08-05,2020080501019683,MDB,1,47,67,313.00,"20,971.00"
2020-08-05,2020080501019647,MDB,1,39,22,313.00,"6,886.00"
2020-08-05,2020080501019646,MDB,25,39,50,313.00,"15,650.00"
2020-08-05,2020080501019645,MDB,22,39,276,313.00,"86,388.00"
2020-08-05,2020080501019928,MEGA,43,47,10,219.00,"2,190.00"
2020-08-05,2020080501019866,MEGA,45,14,300,218.00,"65,400.00"
2020-08-05,2020080501019808,MEGA,59,58,115,217.00,"24,955.00"
2020-08-05,2020080501019532,MEGA,58,47,128,217.00,"27,776.00"
2020-08-05,2020080501019531,MEGA,39,47,200,217.00,"43,400.00"
2020-08-05,2020080501019530,MEGA,44,47,100,217.00,"21,700.00"
2020-08-05,2020080501019529,MEGA,7,47,500,217.00,"108,500.00"
2020-08-05,2020080501019528,MEGA,13,47,72,218.00,"15,696.00"
2020-08-05,2020080501019687,MEGA,41,49,75,217.00,"16,275.00"
2020-08-05,2020080501019686,MEGA,26,49,15,217.00,"3,255.00"
2020-08-05,2020080501019685,MEGA,38,49,500,217.00,"108,500.00"
2020-08-05,2020080501019684,MEGA,58,49,"3,372",217.00,"731,724.00"
2020-08-05,2020080501019679,MEGA,45,44,200,218.00,"43,600.00"
2020-08-05,2020080501019714,MEGA,35,14,200,218.00,"43,600.00"
2020-08-05,2020080501019710,MEGA,58,47,100,219.00,"21,900.00"
2020-08-05,2020080501019688,MEGA,59,49,538,217.00,"116,746.00"
2020-08-05,2020080501019883,MERO,39,6,51,616.00,"31,416.00"
2020-08-05,2020080501019669,MFIL,22,57,10,268.00,"2,680.00"
2020-08-05,2020080501019678,MHNL,42,39,75,86.00,"6,450.00"
2020-08-05,2020080501019525,MNBBL,49,44,59,317.00,"18,703.00"
2020-08-05,2020080501019524,MNBBL,49,4,101,317.00,"32,017.00"
2020-08-05,2020080501019705,MNBBL,3,39,44,316.00,"13,904.00"
2020-08-05,2020080501019704,MNBBL,21,39,250,316.00,"79,000.00"
2020-08-05,2020080501019703,MNBBL,47,39,166,316.00,"52,456.00"
2020-08-05,2020080501019702,MNBBL,45,39,40,316.00,"12,640.00"
2020-08-05,2020080501019587,MNBBL,21,44,100,317.00,"31,700.00"
2020-08-05,2020080501019775,MNBBL,49,44,160,317.00,"50,720.00"
2020-08-05,2020080501019553,MPFL,6,57,43,108.00,"4,644.00"
2020-08-05,2020080501019552,MPFL,50,57,100,108.00,"10,800.00"
2020-08-05,2020080501019551,MPFL,45,57,68,108.00,"7,344.00"
2020-08-05,2020080501019550,MPFL,45,57,10,108.00,"1,080.00"
2020-08-05,2020080501019549,MPFL,34,57,104,108.00,"11,232.00"
2020-08-05,2020080501019548,MPFL,7,57,10,108.00,"1,080.00"
2020-08-05,2020080501019752,NABIL,28,32,23,813.00,"18,699.00"
2020-08-05,2020080501019751,NABIL,42,32,10,814.00,"8,140.00"
2020-08-05,2020080501019747,NABIL,58,45,30,820.00,"24,600.00"
2020-08-05,2020080501019746,NABIL,58,45,13,819.00,"10,647.00"
2020-08-05,2020080501019745,NABIL,58,44,200,819.00,"163,800.00"
2020-08-05,2020080501019844,NADEP,17,35,23,612.00,"14,076.00"
2020-08-05,2020080501019659,NBB,52,34,20,199.00,"3,980.00"
2020-08-05,2020080501019650,NBB,42,49,82,198.00,"16,236.00"
2020-08-05,2020080501019649,NBB,42,49,50,198.00,"9,900.00"
2020-08-05,2020080501019648,NBB,53,49,368,198.00,"72,864.00"
2020-08-05,2020080501019633,NBB,7,34,"1,000",199.00,"199,000.00"
2020-08-05,2020080501019595,NBB,49,34,100,199.00,"19,900.00"
2020-08-05,2020080501019801,NBL,56,22,200,248.00,"49,600.00"
2020-08-05,2020080501019749,NBL,42,4,90,249.00,"22,410.00"
2020-08-05,2020080501019740,NBL,10,52,378,248.00,"93,744.00"
2020-08-05,2020080501019739,NBL,10,37,600,248.00,"148,800.00"
2020-08-05,2020080501019738,NBL,10,45,180,248.00,"44,640.00"
2020-08-05,2020080501019721,NCCB,19,39,200,190.00,"38,000.00"
2020-08-05,2020080501019637,NEF,40,47,460,8.93,"4,107.80"
2020-08-05,2020080501019773,NIB,58,43,42,448.00,"18,816.00"
2020-08-05,2020080501019772,NIB,58,46,100,443.00,"44,300.00"
2020-08-05,2020080501019737,NIB,6,39,67,440.00,"29,480.00"
2020-08-05,2020080501019736,NIB,46,39,100,440.00,"44,000.00"
2020-08-05,2020080501019735,NIB,59,39,50,440.00,"22,000.00"
2020-08-05,2020080501019734,NIB,11,39,50,441.00,"22,050.00"
2020-08-05,2020080501019558,NIB,58,4,196,445.00,"87,220.00"
2020-08-05,2020080501019557,NIB,58,1,30,445.00,"13,350.00"
2020-08-05,2020080501019556,NIB,58,34,132,444.00,"58,608.00"
2020-08-05,2020080501019541,NIB,58,34,100,444.00,"44,400.00"
2020-08-05,2020080501019564,NIB,58,32,49,446.00,"21,854.00"
2020-08-05,2020080501019563,NIB,58,32,49,446.00,"21,854.00"
2020-08-05,2020080501019562,NIB,58,34,44,446.00,"19,624.00"
2020-08-05,2020080501019561,NIB,58,14,290,446.00,"129,340.00"
2020-08-05,2020080501019560,NIB,58,34,44,446.00,"19,624.00"
2020-08-05,2020080501019559,NIB,58,57,44,446.00,"19,624.00"
2020-08-05,2020080501019585,NIB,58,43,58,448.00,"25,984.00"
2020-08-05,2020080501019584,NIB,58,32,49,447.00,"21,903.00"
2020-08-05,2020080501019583,NIB,58,32,143,447.00,"63,921.00"
2020-08-05,2020080501019576,NIB,26,46,100,440.00,"44,000.00"
2020-08-05,2020080501019575,NIB,33,46,100,440.00,"44,000.00"
2020-08-05,2020080501019565,NIB,58,32,122,447.00,"54,534.00"
2020-08-05,2020080501019875,NICA,17,52,168,548.00,"92,064.00"
2020-08-05,2020080501019874,NICA,48,52,300,548.00,"164,400.00"
2020-08-05,2020080501019873,NICA,45,52,100,548.00,"54,800.00"
2020-08-05,2020080501019872,NICA,58,52,832,548.00,"455,936.00"
2020-08-05,2020080501019843,NICA,58,40,50,550.00,"27,500.00"
2020-08-05,2020080501019842,NICA,58,57,50,549.00,"27,450.00"
2020-08-05,2020080501019804,NICA,58,39,140,548.00,"76,720.00"
2020-08-05,2020080501019803,NICA,47,39,50,549.00,"27,450.00"
2020-08-05,2020080501019644,NICA,41,36,25,551.00,"13,775.00"
2020-08-05,2020080501019643,NICA,41,43,25,550.00,"13,750.00"
2020-08-05,2020080501019898,NICL,43,41,10,432.00,"4,320.00"
2020-08-05,2020080501019810,NICL,45,36,128,426.00,"54,528.00"
2020-08-05,2020080501019771,NICL,58,36,30,427.00,"12,810.00"
2020-08-05,2020080501019770,NICL,44,36,300,427.00,"128,100.00"
2020-08-05,2020080501019769,NICL,7,36,49,427.00,"20,923.00"
2020-08-05,2020080501019938,NICLBSL,25,46,10,770.00,"7,700.00"
2020-08-05,2020080501019935,NICLBSL,25,57,10,770.00,"7,700.00"
2020-08-05,2020080501019933,NICLBSL,25,10,10,770.00,"7,700.00"
2020-08-05,2020080501019896,NICLBSL,25,46,10,770.00,"7,700.00"
2020-08-05,2020080501019879,NICLBSL,25,59,10,770.00,"7,700.00"
2020-08-05,2020080501019878,NICLBSL,25,57,10,770.00,"7,700.00"
2020-08-05,2020080501019691,NICLBSL,29,10,10,770.00,"7,700.00"
2020-08-05,2020080501019690,NICLBSL,29,39,10,770.00,"7,700.00"
2020-08-05,2020080501019618,NICLBSL,47,3,10,769.00,"7,690.00"
2020-08-05,2020080501019616,NICLBSL,47,44,10,769.00,"7,690.00"
2020-08-05,2020080501019822,NICLBSL,48,39,20,770.00,"15,400.00"
2020-08-05,2020080501019696,NICLBSL,29,46,10,770.00,"7,700.00"
2020-08-05,2020080501019695,NICLBSL,29,48,10,770.00,"7,700.00"
2020-08-05,2020080501019694,NICLBSL,29,45,10,770.00,"7,700.00"
2020-08-05,2020080501019693,NICLBSL,29,10,10,770.00,"7,700.00"
2020-08-05,2020080501019692,NICLBSL,29,10,10,770.00,"7,700.00"
2020-08-05,2020080501019828,NICLBSL,48,46,10,770.00,"7,700.00"
2020-08-05,2020080501019827,NICLBSL,48,45,10,770.00,"7,700.00"
2020-08-05,2020080501019826,NICLBSL,48,58,10,770.00,"7,700.00"
2020-08-05,2020080501019825,NICLBSL,48,46,10,770.00,"7,700.00"
2020-08-05,2020080501019824,NICLBSL,48,48,10,770.00,"7,700.00"
2020-08-05,2020080501019823,NICLBSL,48,46,10,770.00,"7,700.00"
2020-08-05,2020080501019834,NICLBSL,48,41,10,770.00,"7,700.00"
2020-08-05,2020080501019833,NICLBSL,48,46,10,770.00,"7,700.00"
2020-08-05,2020080501019832,NICLBSL,48,28,10,770.00,"7,700.00"
2020-08-05,2020080501019831,NICLBSL,48,56,10,770.00,"7,700.00"
2020-08-05,2020080501019830,NICLBSL,48,46,10,770.00,"7,700.00"
2020-08-05,2020080501019829,NICLBSL,48,46,10,770.00,"7,700.00"
2020-08-05,2020080501019840,NICLBSL,48,46,10,770.00,"7,700.00"
2020-08-05,2020080501019839,NICLBSL,48,10,10,770.00,"7,700.00"
2020-08-05,2020080501019838,NICLBSL,48,46,10,770.00,"7,700.00"
2020-08-05,2020080501019837,NICLBSL,48,57,10,770.00,"7,700.00"
2020-08-05,2020080501019836,NICLBSL,48,46,10,770.00,"7,700.00"
2020-08-05,2020080501019835,NICLBSL,48,10,10,770.00,"7,700.00"
2020-08-05,2020080501019895,NIL,47,56,24,613.00,"14,712.00"
2020-08-05,2020080501019672,NIL,10,56,185,612.00,"113,220.00"
2020-08-05,2020080501019671,NIL,44,56,115,612.00,"70,380.00"
2020-08-05,2020080501019638,NIL,44,10,25,612.00,"15,300.00"
2020-08-05,2020080501019882,NLG,55,10,24,620.00,"14,880.00"
2020-08-05,2020080501019881,NLG,13,10,100,621.00,"62,100.00"
2020-08-05,2020080501019880,NLG,6,10,80,622.00,"49,760.00"
2020-08-05,2020080501019543,NLG,45,5,10,623.00,"6,230.00"
2020-08-05,2020080501019534,NLG,59,5,100,624.00,"62,400.00"
2020-08-05,2020080501019665,NLG,6,10,20,622.00,"12,440.00"
2020-08-05,2020080501019664,NLG,26,10,80,623.00,"49,840.00"
2020-08-05,2020080501019546,NLG,26,5,20,623.00,"12,460.00"
2020-08-05,2020080501019545,NLG,32,5,20,623.00,"12,460.00"
2020-08-05,2020080501019544,NLG,28,5,40,623.00,"24,920.00"
2020-08-05,2020080501019782,NLIC,39,28,"4,728","1,310.00","6,193,680.00"
2020-08-05,2020080501019781,NLIC,26,28,500,"1,311.00","655,500.00"
2020-08-05,2020080501019780,NLIC,59,28,"1,000","1,311.00","1,311,000.00"
2020-08-05,2020080501019779,NLIC,17,28,200,"1,312.00","262,400.00"
2020-08-05,2020080501019778,NLIC,25,28,20,"1,312.00","26,240.00"
2020-08-05,2020080501019777,NLIC,58,28,778,"1,312.00","1,020,736.00"
2020-08-05,2020080501019776,NLIC,59,28,100,"1,313.00","131,300.00"
2020-08-05,2020080501019762,NLIC,34,39,100,"1,313.00","131,300.00"
2020-08-05,2020080501019744,NLIC,57,25,64,"1,315.00","84,160.00"
2020-08-05,2020080501019729,NLIC,28,34,20,"1,314.00","26,280.00"
2020-08-05,2020080501019907,NMB,42,28,111,410.00,"45,510.00"
2020-08-05,2020080501019906,NMB,37,28,100,410.00,"41,000.00"
2020-08-05,2020080501019905,NMB,11,28,100,410.00,"41,000.00"
2020-08-05,2020080501019904,NMB,44,28,689,410.00,"282,490.00"
2020-08-05,2020080501019863,NMB,44,58,49,410.00,"20,090.00"
2020-08-05,2020080501019807,NMB,58,49,100,412.00,"41,200.00"
2020-08-05,2020080501019806,NMB,58,32,100,411.00,"41,100.00"
2020-08-05,2020080501019789,NMB,45,32,100,411.00,"41,100.00"
2020-08-05,2020080501019763,NMB,44,29,40,410.00,"16,400.00"
2020-08-05,2020080501019728,NMB,4,49,40,411.00,"16,440.00"
2020-08-05,2020080501019539,NMBMF,49,59,48,717.00,"34,416.00"
2020-08-05,2020080501019538,NMBMF,22,59,10,718.00,"7,180.00"
2020-08-05,2020080501019889,NMFBS,41,38,10,"1,555.00","15,550.00"
2020-08-05,2020080501019888,NMFBS,41,49,210,"1,555.00","326,550.00"
2020-08-05,2020080501019965,NRIC,3,3,500,577.00,"288,500.00"
2020-08-05,2020080501019939,NRIC,51,40,"1,000",576.00,"576,000.00"
2020-08-05,2020080501019899,NRIC,51,58,50,576.00,"28,800.00"
2020-08-05,2020080501019897,NRIC,51,10,40,576.00,"23,040.00"
2020-08-05,2020080501019894,NRIC,45,44,50,577.00,"28,850.00"
2020-08-05,2020080501019893,NRIC,45,45,100,577.00,"57,700.00"
2020-08-05,2020080501019514,NRIC,52,48,50,577.00,"28,850.00"
2020-08-05,2020080501019472,NRIC,50,29,440,576.00,"253,440.00"
2020-08-05,2020080501019471,NRIC,45,29,40,577.00,"23,080.00"
2020-08-05,2020080501019470,NRIC,28,29,20,577.00,"11,540.00"
2020-08-05,2020080501019592,NRIC,52,10,50,577.00,"28,850.00"
2020-08-05,2020080501019588,NRIC,52,44,40,577.00,"23,080.00"
2020-08-05,2020080501019582,NRIC,52,38,40,577.00,"23,080.00"
2020-08-05,2020080501019554,NRIC,52,55,110,577.00,"63,470.00"
2020-08-05,2020080501019542,NRIC,52,38,40,577.00,"23,080.00"
2020-08-05,2020080501019519,NRIC,52,26,40,577.00,"23,080.00"
2020-08-05,2020080501019624,NRIC,45,10,40,577.00,"23,080.00"
2020-08-05,2020080501019611,NRIC,45,42,10,577.00,"5,770.00"
2020-08-05,2020080501019610,NRIC,1,42,40,577.00,"23,080.00"
2020-08-05,2020080501019603,NRIC,1,28,10,577.00,"5,770.00"
2020-08-05,2020080501019602,NRIC,52,28,30,577.00,"17,310.00"
2020-08-05,2020080501019597,NRIC,52,29,100,577.00,"57,700.00"
2020-08-05,2020080501019667,NRIC,41,46,10,577.00,"5,770.00"
2020-08-05,2020080501019666,NRIC,45,46,110,577.00,"63,470.00"
2020-08-05,2020080501019663,NRIC,45,28,20,578.00,"11,560.00"
2020-08-05,2020080501019662,NRIC,45,47,40,578.00,"23,120.00"
2020-08-05,2020080501019661,NRIC,45,28,40,578.00,"23,120.00"
2020-08-05,2020080501019631,NRIC,45,28,40,577.00,"23,080.00"
2020-08-05,2020080501019725,NRIC,59,13,400,577.00,"230,800.00"
2020-08-05,2020080501019723,NRIC,59,10,40,577.00,"23,080.00"
2020-08-05,2020080501019681,NRIC,59,41,40,577.00,"23,080.00"
2020-08-05,2020080501019674,NRIC,59,3,20,577.00,"11,540.00"
2020-08-05,2020080501019673,NRIC,57,3,20,577.00,"11,540.00"
2020-08-05,2020080501019668,NRIC,57,46,80,577.00,"46,160.00"
2020-08-05,2020080501019788,NRIC,51,34,40,576.00,"23,040.00"
2020-08-05,2020080501019761,NRIC,51,40,860,576.00,"495,360.00"
2020-08-05,2020080501019760,NRIC,50,40,30,576.00,"17,280.00"
2020-08-05,2020080501019759,NRIC,37,40,110,577.00,"63,470.00"
2020-08-05,2020080501019733,NRIC,37,13,90,577.00,"51,930.00"
2020-08-05,2020080501019726,NRIC,34,13,10,577.00,"5,770.00"
2020-08-05,2020080501019809,NRIC,35,55,100,577.00,"57,700.00"
2020-08-05,2020080501019802,NRIC,38,10,40,577.00,"23,080.00"
2020-08-05,2020080501019799,NRIC,48,57,10,578.00,"5,780.00"
2020-08-05,2020080501019793,NRIC,40,45,30,578.00,"17,340.00"
2020-08-05,2020080501019792,NRIC,40,28,20,578.00,"11,560.00"
2020-08-05,2020080501019791,NRIC,40,28,40,577.00,"23,080.00"
2020-08-05,2020080501019892,NRIC,45,3,100,577.00,"57,700.00"
2020-08-05,2020080501019852,NRIC,3,3,400,577.00,"230,800.00"
2020-08-05,2020080501019820,NRIC,3,45,100,577.00,"57,700.00"
2020-08-05,2020080501019819,NRIC,35,45,100,577.00,"57,700.00"
2020-08-05,2020080501019812,NRIC,45,56,70,578.00,"40,460.00"
2020-08-05,2020080501019811,NRIC,45,57,30,578.00,"17,340.00"
2020-08-05,2020080501019942,NUBL,47,40,500,968.00,"484,000.00"
2020-08-05,2020080501019941,NUBL,48,40,50,968.00,"48,400.00"
2020-08-05,2020080501019940,NUBL,45,40,10,968.00,"9,680.00"
2020-08-05,2020080501019932,NUBL,50,40,200,969.00,"193,800.00"
2020-08-05,2020080501019931,NUBL,55,40,50,970.00,"48,500.00"
2020-08-05,2020080501019930,NUBL,42,40,35,970.00,"33,950.00"
2020-08-05,2020080501019722,NUBL,17,40,100,972.00,"97,200.00"
2020-08-05,2020080501019922,PCBL,44,34,65,262.00,"17,030.00"
2020-08-05,2020080501019921,PCBL,1,34,200,262.00,"52,400.00"
2020-08-05,2020080501019920,PCBL,57,34,17,262.00,"4,454.00"
2020-08-05,2020080501019919,PCBL,58,34,784,262.00,"205,408.00"
2020-08-05,2020080501019909,PCBL,58,50,170,262.00,"44,540.00"
2020-08-05,2020080501019902,PCBL,47,38,50,263.00,"13,150.00"
2020-08-05,2020080501019601,PCBL,52,38,68,263.00,"17,884.00"
2020-08-05,2020080501019535,PCBL,4,38,500,263.00,"131,500.00"
2020-08-05,2020080501019522,PCBL,58,49,46,262.00,"12,052.00"
2020-08-05,2020080501019521,PCBL,13,49,354,262.00,"92,748.00"
2020-08-05,2020080501019577,PFL,34,43,100,148.00,"14,800.00"
2020-08-05,2020080501019936,PIC,45,53,10,606.00,"6,060.00"
2020-08-05,2020080501019887,PIC,45,16,70,606.00,"42,420.00"
2020-08-05,2020080501019865,PIC,10,39,100,605.00,"60,500.00"
2020-08-05,2020080501019708,PIC,45,53,30,606.00,"18,180.00"
2020-08-05,2020080501019527,PIC,45,55,20,606.00,"12,120.00"
2020-08-05,2020080501019786,PLIC,25,55,100,530.00,"53,000.00"
2020-08-05,2020080501019540,PMHPL,10,58,10,76.00,760.00
2020-08-05,2020080501019651,PRIN,44,10,25,466.00,"11,650.00"
2020-08-05,2020080501019768,PRVU,32,44,50,232.00,"11,600.00"
2020-08-05,2020080501019682,PRVU,50,44,179,232.00,"41,528.00"
2020-08-05,2020080501019636,PRVU,11,44,65,231.00,"15,015.00"
2020-08-05,2020080501019635,PRVU,14,44,400,231.00,"92,400.00"
2020-08-05,2020080501019634,PRVU,44,44,35,231.00,"8,085.00"
2020-08-05,2020080501019513,PRVU,44,50,179,231.00,"41,349.00"
2020-08-05,2020080501019712,RADHI,42,29,20,170.00,"3,400.00"
2020-08-05,2020080501019709,RHPC,45,57,210,83.00,"17,430.00"
2020-08-05,2020080501019754,RHPL,7,35,50,143.00,"7,150.00"
2020-08-05,2020080501019523,RHPL,7,3,40,143.00,"5,720.00"
2020-08-05,2020080501019926,RMDC,47,22,85,713.00,"60,605.00"
2020-08-05,2020080501019925,RMDC,47,22,30,713.00,"21,390.00"
2020-08-05,2020080501019924,RMDC,10,22,385,713.00,"274,505.00"
2020-08-05,2020080501019797,RMDC,47,49,194,714.00,"138,516.00"
2020-08-05,2020080501019794,RMDC,10,34,100,713.00,"71,300.00"
2020-08-05,2020080501019741,RMDC,47,49,218,714.00,"155,652.00"
2020-08-05,2020080501019655,RMDC,47,52,782,714.00,"558,348.00"
2020-08-05,2020080501019654,RMDC,26,52,204,714.00,"145,656.00"
2020-08-05,2020080501019653,RMDC,57,52,30,715.00,"21,450.00"
2020-08-05,2020080501019864,RSDC,42,1,29,468.00,"13,572.00"
2020-08-05,2020080501019847,RSDC,16,34,20,467.00,"9,340.00"
2020-08-05,2020080501019846,RSDC,45,34,100,467.00,"46,700.00"
2020-08-05,2020080501019845,RSDC,59,34,20,467.00,"9,340.00"
2020-08-05,2020080501019766,RSDC,42,1,50,468.00,"23,400.00"
2020-08-05,2020080501019765,RSDC,42,1,30,468.00,"14,040.00"
2020-08-05,2020080501019958,SANIMA,47,6,80,343.00,"27,440.00"
2020-08-05,2020080501019814,SANIMA,33,21,100,342.00,"34,200.00"
2020-08-05,2020080501019742,SANIMA,49,42,100,343.00,"34,300.00"
2020-08-05,2020080501019625,SANIMA,55,42,200,343.00,"68,600.00"
2020-08-05,2020080501019615,SANIMA,26,6,500,344.00,"172,000.00"
2020-08-05,2020080501019590,SANIMA,10,56,300,343.00,"102,900.00"
2020-08-05,2020080501019526,SANIMA,10,25,200,343.00,"68,600.00"
2020-08-05,2020080501019515,SANIMA,33,39,100,342.00,"34,200.00"
2020-08-05,2020080501019968,SAPDBL,44,16,103,120.00,"12,360.00"
2020-08-05,2020080501019790,SBI,57,39,89,425.00,"37,825.00"
2020-08-05,2020080501019934,SBL,34,49,50,295.00,"14,750.00"
2020-08-05,2020080501019785,SBL,43,45,200,294.00,"58,800.00"
2020-08-05,2020080501019596,SBL,17,49,250,295.00,"73,750.00"
2020-08-05,2020080501019473,SBL,17,49,750,295.00,"221,250.00"
2020-08-05,2020080501019964,SCB,35,57,10,636.00,"6,360.00"
2020-08-05,2020080501019701,SCB,58,55,22,648.00,"14,256.00"
2020-08-05,2020080501019700,SCB,58,41,50,645.00,"32,250.00"
2020-08-05,2020080501019699,SCB,58,54,128,640.00,"81,920.00"
2020-08-05,2020080501019619,SCB,35,10,30,636.00,"19,080.00"
2020-08-05,2020080501019632,SEF,17,34,250,9.47,"2,367.50"
2020-08-05,2020080501019753,SHIVM,57,45,50,570.00,"28,500.00"
2020-08-05,2020080501019711,SHIVM,29,52,200,570.00,"114,000.00"
2020-08-05,2020080501019966,SHL,39,34,100,154.00,"15,400.00"
2020-08-05,2020080501019758,SHL,22,34,100,154.00,"15,400.00"
2020-08-05,2020080501019757,SHL,14,34,100,154.00,"15,400.00"
2020-08-05,2020080501019756,SHL,37,34,300,154.00,"46,200.00"
2020-08-05,2020080501019512,SHL,32,48,100,154.00,"15,400.00"
2020-08-05,2020080501019511,SHL,48,48,"1,000",154.00,"154,000.00"
2020-08-05,2020080501019480,SHL,51,48,100,156.00,"15,600.00"
2020-08-05,2020080501019479,SHL,46,48,190,156.00,"29,640.00"
2020-08-05,2020080501019486,SHL,7,48,100,155.00,"15,500.00"
2020-08-05,2020080501019485,SHL,7,48,100,155.00,"15,500.00"
2020-08-05,2020080501019484,SHL,7,48,100,155.00,"15,500.00"
2020-08-05,2020080501019483,SHL,5,48,500,156.00,"78,000.00"
2020-08-05,2020080501019482,SHL,28,48,100,156.00,"15,600.00"
2020-08-05,2020080501019481,SHL,54,48,100,156.00,"15,600.00"
2020-08-05,2020080501019492,SHL,20,48,100,155.00,"15,500.00"
2020-08-05,2020080501019491,SHL,7,48,500,155.00,"77,500.00"
2020-08-05,2020080501019490,SHL,46,48,300,155.00,"46,500.00"
2020-08-05,2020080501019489,SHL,49,48,500,155.00,"77,500.00"
2020-08-05,2020080501019488,SHL,17,48,200,155.00,"31,000.00"
2020-08-05,2020080501019487,SHL,45,48,200,155.00,"31,000.00"
2020-08-05,2020080501019498,SHL,45,48,100,154.00,"15,400.00"
2020-08-05,2020080501019497,SHL,34,48,"1,000",155.00,"155,000.00"
2020-08-05,2020080501019496,SHL,52,48,200,155.00,"31,000.00"
2020-08-05,2020080501019495,SHL,21,48,200,155.00,"31,000.00"
2020-08-05,2020080501019494,SHL,32,48,100,155.00,"15,500.00"
2020-08-05,2020080501019493,SHL,58,48,200,155.00,"31,000.00"
2020-08-05,2020080501019504,SHL,25,48,400,154.00,"61,600.00"
2020-08-05,2020080501019503,SHL,44,48,500,154.00,"77,000.00"
2020-08-05,2020080501019502,SHL,57,48,"1,000",154.00,"154,000.00"
2020-08-05,2020080501019501,SHL,39,48,300,154.00,"46,200.00"
2020-08-05,2020080501019500,SHL,22,48,100,154.00,"15,400.00"
2020-08-05,2020080501019499,SHL,56,48,100,154.00,"15,400.00"
2020-08-05,2020080501019510,SHL,1,48,100,154.00,"15,400.00"
2020-08-05,2020080501019509,SHL,7,48,300,154.00,"46,200.00"
2020-08-05,2020080501019508,SHL,42,48,200,154.00,"30,800.00"
2020-08-05,2020080501019507,SHL,7,48,200,154.00,"30,800.00"
2020-08-05,2020080501019506,SHL,1,48,100,154.00,"15,400.00"
2020-08-05,2020080501019505,SHL,58,48,200,154.00,"30,800.00"
2020-08-05,2020080501019657,SIC,58,49,150,704.00,"105,600.00"
2020-08-05,2020080501019656,SIC,34,49,90,704.00,"63,360.00"
2020-08-05,2020080501019574,SIC,34,33,10,704.00,"7,040.00"
2020-08-05,2020080501019573,SIC,40,33,50,711.00,"35,550.00"
2020-08-05,2020080501019572,SIC,45,33,160,711.00,"113,760.00"
2020-08-05,2020080501019868,SICL,45,21,200,"1,177.00","235,400.00"
2020-08-05,2020080501019727,SICL,42,34,50,"1,180.00","59,000.00"
2020-08-05,2020080501019720,SJCL,36,34,489,136.00,"66,504.00"
2020-08-05,2020080501019719,SJCL,36,13,30,136.00,"4,080.00"
2020-08-05,2020080501019718,SJCL,36,35,20,136.00,"2,720.00"
2020-08-05,2020080501019586,SJCL,57,3,20,134.00,"2,680.00"
2020-08-05,2020080501019717,SJCL,36,57,21,136.00,"2,856.00"
2020-08-05,2020080501019716,SJCL,36,34,20,135.00,"2,700.00"
2020-08-05,2020080501019715,SJCL,36,3,20,135.00,"2,700.00"
2020-08-05,2020080501019813,SKBBL,10,22,85,"1,206.00","102,510.00"
2020-08-05,2020080501019800,SKBBL,5,22,10,"1,209.00","12,090.00"
2020-08-05,2020080501019724,SKBBL,10,57,76,"1,206.00","91,656.00"
2020-08-05,2020080501019477,SKBBL,39,22,300,"1,205.00","361,500.00"
2020-08-05,2020080501019923,SLBBL,49,55,64,787.00,"50,368.00"
2020-08-05,2020080501019748,SLBS,43,35,37,937.00,"34,669.00"
2020-08-05,2020080501019578,SLBS,5,34,37,935.00,"34,595.00"
2020-08-05,2020080501019963,SLICL,34,6,200,424.00,"84,800.00"
2020-08-05,2020080501019962,SLICL,18,6,200,424.00,"84,800.00"
2020-08-05,2020080501019961,SLICL,51,6,10,424.00,"4,240.00"
2020-08-05,2020080501019901,SLICL,35,48,30,425.00,"12,750.00"
2020-08-05,2020080501019900,SLICL,16,48,275,425.00,"116,875.00"
2020-08-05,2020080501019848,SLICL,45,5,100,426.00,"42,600.00"
2020-08-05,2020080501019929,SMFBS,43,34,10,892.00,"8,920.00"
2020-08-05,2020080501019796,STC,16,42,200,"2,690.00","538,000.00"
2020-08-05,2020080501019862,SWBBL,41,50,10,"1,180.00","11,800.00"
2020-08-05,2020080501019706,TRH,49,45,10,210.00,"2,100.00"
2020-08-05,2020080501019537,UIC,40,5,200,354.00,"70,800.00"
2020-08-05,2020080501019774,UPPER,42,35,50,226.00,"11,300.00"
2020-08-05,2020080501019227,ACLBSL,49,19,10,719.00,"7,190.00"
2020-08-05,2020080501019121,ACLBSL,49,21,10,719.00,"7,190.00"
2020-08-05,2020080501019425,ADBL,39,13,"1,400",404.00,"565,600.00"
2020-08-05,2020080501019422,ADBL,47,14,200,405.00,"81,000.00"
2020-08-05,2020080501019421,ADBL,49,14,33,405.00,"13,365.00"
2020-08-05,2020080501019283,ADBL,49,7,167,405.00,"67,635.00"
2020-08-05,2020080501019282,ADBL,33,7,100,405.00,"40,500.00"
2020-08-05,2020080501019281,ADBL,39,7,613,405.00,"248,265.00"
2020-08-05,2020080501019280,ADBL,56,7,10,405.00,"4,050.00"
2020-08-05,2020080501019279,ADBL,13,7,10,405.00,"4,050.00"
2020-08-05,2020080501019278,ADBL,57,7,100,405.00,"40,500.00"
2020-08-05,2020080501018983,ADBL,25,34,200,406.00,"81,200.00"
2020-08-05,2020080501019389,AKPL,59,42,17,115.00,"1,955.00"
2020-08-05,2020080501019218,AKPL,45,44,49,113.00,"5,537.00"
2020-08-05,2020080501019403,ALBSL,43,44,11,680.00,"7,480.00"
2020-08-05,2020080501019256,ALBSL,59,39,10,685.00,"6,850.00"
2020-08-05,2020080501019267,ALICL,58,10,20,609.00,"12,180.00"
2020-08-05,2020080501019266,ALICL,28,10,250,609.00,"152,250.00"
2020-08-05,2020080501019265,ALICL,45,10,100,609.00,"60,900.00"
2020-08-05,2020080501019264,ALICL,47,10,100,609.00,"60,900.00"
2020-08-05,2020080501019168,ALICL,14,19,100,612.00,"61,200.00"
2020-08-05,2020080501019360,BOKL,59,32,"1,000",222.00,"222,000.00"
2020-08-05,2020080501019319,BOKL,17,34,500,224.00,"112,000.00"
2020-08-05,2020080501019433,CBBL,44,1,100,"1,040.00","104,000.00"
2020-08-05,2020080501019417,CBBL,4,28,300,"1,035.00","310,500.00"
2020-08-05,2020080501019388,CBBL,4,49,490,"1,035.00","507,150.00"
2020-08-05,2020080501019387,CBBL,53,49,10,"1,035.00","10,350.00"
2020-08-05,2020080501019293,CBBL,49,49,"1,180","1,034.00","1,220,120.00"
2020-08-05,2020080501019220,CBL,10,49,700,145.00,"101,500.00"
2020-08-05,2020080501019219,CBL,10,22,"2,001",145.00,"290,145.00"
2020-08-05,2020080501019395,CHCL,45,45,300,385.00,"115,500.00"
2020-08-05,2020080501019253,CIT,41,3,50,"2,480.00","124,000.00"
2020-08-05,2020080501019438,CZBIL,55,10,49,195.00,"9,555.00"
2020-08-05,2020080501019437,CZBIL,19,10,100,195.00,"19,500.00"
2020-08-05,2020080501019436,CZBIL,38,10,10,195.00,"1,950.00"
2020-08-05,2020080501019435,CZBIL,54,10,141,195.00,"27,495.00"
2020-08-05,2020080501019415,CZBIL,54,17,258,195.00,"50,310.00"
2020-08-05,2020080501019373,CZBIL,54,46,300,195.00,"58,500.00"
2020-08-05,2020080501018979,CZBIL,54,45,150,195.00,"29,250.00"
2020-08-05,2020080501019161,DDBL,45,35,38,828.00,"31,464.00"
2020-08-05,2020080501019454,FMDBL,32,49,45,500.00,"22,500.00"
2020-08-05,2020080501019453,FMDBL,35,49,200,500.00,"100,000.00"
2020-08-05,2020080501019452,FMDBL,35,49,100,500.00,"50,000.00"
2020-08-05,2020080501019451,FMDBL,6,49,55,500.00,"27,500.00"
2020-08-05,2020080501019054,FMDBL,6,39,45,500.00,"22,500.00"
2020-08-05,2020080501019053,FMDBL,43,39,50,500.00,"25,000.00"
2020-08-05,2020080501019046,FMDBL,50,39,50,503.00,"25,150.00"
2020-08-05,2020080501019045,FMDBL,26,39,20,504.00,"10,080.00"
2020-08-05,2020080501019044,FMDBL,37,39,100,505.00,"50,500.00"
2020-08-05,2020080501019043,FMDBL,34,39,100,506.00,"50,600.00"
2020-08-05,2020080501019042,FMDBL,16,39,20,507.00,"10,140.00"
2020-08-05,2020080501019041,FMDBL,42,39,40,507.00,"20,280.00"
2020-08-05,2020080501019052,FMDBL,6,39,50,500.00,"25,000.00"
2020-08-05,2020080501019051,FMDBL,17,39,25,500.00,"12,500.00"
2020-08-05,2020080501019050,FMDBL,21,39,100,501.00,"50,100.00"
2020-08-05,2020080501019049,FMDBL,42,39,100,502.00,"50,200.00"
2020-08-05,2020080501019048,FMDBL,13,39,100,503.00,"50,300.00"
2020-08-05,2020080501019047,FMDBL,25,39,200,503.00,"100,600.00"
2020-08-05,2020080501019230,GBBL,43,39,35,227.00,"7,945.00"
2020-08-05,2020080501019013,GBBL,43,39,45,227.00,"10,215.00"
2020-08-05,2020080501018977,GBBL,43,39,30,227.00,"6,810.00"
2020-08-05,2020080501019467,GBIME,47,16,100,248.00,"24,800.00"
2020-08-05,2020080501019407,GBIME,41,16,50,248.00,"12,400.00"
2020-08-05,2020080501019353,GBIME,28,16,106,248.00,"26,288.00"
2020-08-05,2020080501019352,GBIME,34,57,"1,000",247.00,"247,000.00"
2020-08-05,2020080501019268,GBIME,34,41,30,247.00,"7,410.00"
2020-08-05,2020080501019216,GBIME,34,38,17,247.00,"4,199.00"
2020-08-05,2020080501019120,GBIME,36,8,60,247.00,"14,820.00"
2020-08-05,2020080501019214,GBIME,34,11,400,247.00,"98,800.00"
2020-08-05,2020080501019208,GBIME,34,51,100,247.00,"24,700.00"
2020-08-05,2020080501019191,GBIME,34,11,377,247.00,"93,119.00"
2020-08-05,2020080501019190,GBIME,57,11,100,247.00,"24,700.00"
2020-08-05,2020080501019189,GBIME,8,11,100,247.00,"24,700.00"
2020-08-05,2020080501019188,GBIME,36,11,23,247.00,"5,681.00"
2020-08-05,2020080501019033,GLICL,20,34,100,439.00,"43,900.00"
2020-08-05,2020080501019067,GMFBS,14,45,10,776.00,"7,760.00"
2020-08-05,2020080501019088,GRDBL,48,57,50,109.00,"5,450.00"
2020-08-05,2020080501019249,HDL,58,32,20,"1,649.00","32,980.00"
2020-08-05,2020080501019248,HDL,58,13,30,"1,648.00","49,440.00"
2020-08-05,2020080501019225,HDL,25,13,70,"1,648.00","115,360.00"
2020-08-05,2020080501019224,HDL,25,45,30,"1,644.00","49,320.00"
2020-08-05,2020080501019206,HDL,25,51,250,"1,642.00","410,500.00"
2020-08-05,2020080501019179,HDL,58,51,50,"1,642.00","82,100.00"
2020-08-05,2020080501019101,HDL,7,4,10,"1,636.00","16,360.00"
2020-08-05,2020080501019178,HDL,58,5,50,"1,634.00","81,700.00"
2020-08-05,2020080501019160,HDL,49,4,20,"1,633.00","32,660.00"
2020-08-05,2020080501019159,HDL,13,4,100,"1,634.00","163,400.00"
2020-08-05,2020080501019104,HDL,45,4,100,"1,635.00","163,500.00"
2020-08-05,2020080501019103,HDL,5,4,20,"1,635.00","32,700.00"
2020-08-05,2020080501019102,HDL,32,4,50,"1,635.00","81,750.00"
2020-08-05,2020080501019358,ILBS,11,1,11,719.00,"7,909.00"
2020-08-05,2020080501018974,JFL,43,29,500,165.00,"82,500.00"
2020-08-05,2020080501018973,JFL,42,29,60,165.00,"9,900.00"
2020-08-05,2020080501018972,JFL,42,29,40,165.00,"6,600.00"
2020-08-05,2020080501018971,JFL,51,29,300,165.00,"49,500.00"
2020-08-05,2020080501019390,KBL,10,33,500,189.00,"94,500.00"
2020-08-05,2020080501019350,KBL,10,54,"1,205",190.00,"228,950.00"
2020-08-05,2020080501019349,KBL,10,57,980,190.00,"186,200.00"
2020-08-05,2020080501019056,KBL,10,6,432,189.00,"81,648.00"
2020-08-05,2020080501019005,KBL,10,41,150,189.00,"28,350.00"
2020-08-05,2020080501019004,KBL,41,41,150,189.00,"28,350.00"
2020-08-05,2020080501019036,KSBBL,56,17,10,153.00,"1,530.00"
2020-08-05,2020080501019440,LBBL,4,35,75,184.00,"13,800.00"
2020-08-05,2020080501019338,LBBL,38,8,116,184.00,"21,344.00"
2020-08-05,2020080501019337,LBBL,52,8,300,184.00,"55,200.00"
2020-08-05,2020080501019336,LBBL,38,8,200,184.00,"36,800.00"
2020-08-05,2020080501019335,LBBL,17,8,545,184.00,"100,280.00"
2020-08-05,2020080501019328,LBBL,10,8,50,184.00,"9,200.00"
2020-08-05,2020080501019327,LBBL,10,8,100,184.00,"18,400.00"
2020-08-05,2020080501019326,LBBL,54,8,100,184.00,"18,400.00"
2020-08-05,2020080501019325,LBBL,45,8,50,184.00,"9,200.00"
2020-08-05,2020080501019324,LBBL,6,8,669,184.00,"123,096.00"
2020-08-05,2020080501019090,LBBL,42,44,300,185.00,"55,500.00"
2020-08-05,2020080501019334,LBBL,41,8,100,184.00,"18,400.00"
2020-08-05,2020080501019333,LBBL,46,8,100,184.00,"18,400.00"
2020-08-05,2020080501019332,LBBL,46,8,127,184.00,"23,368.00"
2020-08-05,2020080501019331,LBBL,54,8,500,184.00,"92,000.00"
2020-08-05,2020080501019330,LBBL,29,8,39,184.00,"7,176.00"
2020-08-05,2020080501019329,LBBL,52,8,"1,500",184.00,"276,000.00"
2020-08-05,2020080501019276,LBL,47,1,110,227.00,"24,970.00"
2020-08-05,2020080501019273,LGIL,35,42,100,437.00,"43,700.00"
2020-08-05,2020080501019099,LICN,47,47,10,"1,399.00","13,990.00"
2020-08-05,2020080501019398,MBL,53,49,"1,000",226.00,"226,000.00"
2020-08-05,2020080501019258,MBL,53,28,"1,000",226.00,"226,000.00"
2020-08-05,2020080501019241,MBL,13,45,"1,000",226.00,"226,000.00"
2020-08-05,2020080501019234,MEGA,13,45,128,218.00,"27,904.00"
2020-08-05,2020080501019233,MEGA,13,45,50,218.00,"10,900.00"
2020-08-05,2020080501019232,MEGA,32,45,322,218.00,"70,196.00"
2020-08-05,2020080501019215,MEGA,32,49,300,218.00,"65,400.00"
2020-08-05,2020080501019158,MEGA,32,5,378,218.00,"82,404.00"
2020-08-05,2020080501019157,MEGA,41,5,122,218.00,"26,596.00"
2020-08-05,2020080501019096,MEGA,41,39,250,218.00,"54,500.00"
2020-08-05,2020080501019443,MERO,56,44,30,617.00,"18,510.00"
2020-08-05,2020080501019087,MERO,39,4,30,616.00,"18,480.00"
2020-08-05,2020080501018978,MERO,26,17,22,615.00,"13,530.00"
2020-08-05,2020080501019187,MFIL,7,4,76,263.00,"19,988.00"
2020-08-05,2020080501019186,MFIL,1,4,25,264.00,"6,600.00"
2020-08-05,2020080501019185,MFIL,42,4,300,264.00,"79,200.00"
2020-08-05,2020080501019184,MFIL,22,4,25,264.00,"6,600.00"
2020-08-05,2020080501019183,MFIL,42,4,474,264.00,"125,136.00"
2020-08-05,2020080501019442,MLBL,54,37,100,191.00,"19,100.00"
2020-08-05,2020080501019416,MLBL,54,33,540,191.00,"103,140.00"
2020-08-05,2020080501019394,MNBBL,22,14,53,316.00,"16,748.00"
2020-08-05,2020080501019323,MPFL,21,42,11,109.00,"1,199.00"
2020-08-05,2020080501019446,NABIL,58,28,195,814.00,"158,730.00"
2020-08-05,2020080501019445,NABIL,58,45,20,820.00,"16,400.00"
2020-08-05,2020080501019409,NABIL,58,19,25,814.00,"20,350.00"
2020-08-05,2020080501019019,NABIL,58,45,20,820.00,"16,400.00"
2020-08-05,2020080501019003,NABIL,58,41,20,814.00,"16,280.00"
2020-08-05,2020080501018970,NABIL,58,45,50,820.00,"41,000.00"
2020-08-05,2020080501019461,NADEP,38,3,23,611.00,"14,053.00"
2020-08-05,2020080501019170,NADEP,38,3,23,610.00,"14,030.00"
2020-08-05,2020080501019441,NBB,53,43,183,198.00,"36,234.00"
2020-08-05,2020080501019408,NBB,53,49,"1,500",198.00,"297,000.00"
2020-08-05,2020080501019351,NBB,53,1,500,198.00,"99,000.00"
2020-08-05,2020080501019213,NBB,45,49,500,199.00,"99,500.00"
2020-08-05,2020080501019431,NBL,40,45,100,248.00,"24,800.00"
2020-08-05,2020080501019430,NBL,10,45,120,248.00,"29,760.00"
2020-08-05,2020080501019423,NBL,59,4,100,249.00,"24,900.00"
2020-08-05,2020080501019361,NBL,10,38,380,248.00,"94,240.00"
2020-08-05,2020080501019318,NBL,10,4,"1,100",248.00,"272,800.00"
2020-08-05,2020080501019317,NBL,6,4,500,248.00,"124,000.00"
2020-08-05,2020080501019172,NBL,58,4,200,248.00,"49,600.00"
2020-08-05,2020080501019069,NBL,33,4,100,248.00,"24,800.00"
2020-08-05,2020080501019065,NBL,10,4,100,248.00,"24,800.00"
2020-08-05,2020080501019376,NCCB,10,1,45,190.00,"8,550.00"
2020-08-05,2020080501019375,NCCB,10,45,"1,000",190.00,"190,000.00"
2020-08-05,2020080501019374,NCCB,10,34,254,190.00,"48,260.00"
2020-08-05,2020080501019464,NIB,46,46,100,441.00,"44,100.00"
2020-08-05,2020080501019391,NIB,26,34,10,444.00,"4,440.00"
2020-08-05,2020080501019386,NIB,53,49,11,440.00,"4,840.00"
2020-08-05,2020080501019385,NIB,26,49,50,440.00,"22,000.00"
2020-08-05,2020080501019384,NIB,57,49,25,440.00,"11,000.00"
2020-08-05,2020080501019383,NIB,59,49,119,440.00,"52,360.00"
2020-08-05,2020080501019382,NIB,1,49,50,441.00,"22,050.00"
2020-08-05,2020080501019381,NIB,35,49,17,441.00,"7,497.00"
2020-08-05,2020080501019380,NIB,21,49,50,441.00,"22,050.00"
2020-08-05,2020080501019379,NIB,10,49,78,441.00,"34,398.00"
2020-08-05,2020080501019378,NIB,57,49,100,442.00,"44,200.00"
2020-08-05,2020080501019254,NIB,1,45,35,442.00,"15,470.00"
2020-08-05,2020080501019439,NIBPO,17,28,500,371.00,"185,500.00"
2020-08-05,2020080501019298,NIBPO,17,28,400,371.00,"148,400.00"
2020-08-05,2020080501019297,NIBPO,34,28,100,371.00,"37,100.00"
2020-08-05,2020080501019371,NICA,58,36,48,551.00,"26,448.00"
2020-08-05,2020080501019370,NICA,58,35,52,550.00,"28,600.00"
2020-08-05,2020080501019369,NICA,58,35,100,550.00,"55,000.00"
2020-08-05,2020080501019368,NICA,58,40,200,549.00,"109,800.00"
2020-08-05,2020080501019348,NICA,58,39,28,548.00,"15,344.00"
2020-08-05,2020080501019347,NICA,51,39,122,548.00,"66,856.00"
2020-08-05,2020080501018998,NICA,58,34,50,550.00,"27,500.00"
2020-08-05,2020080501018997,NICA,58,32,20,549.00,"10,980.00"
2020-08-05,2020080501019211,NICA,58,36,161,551.00,"88,711.00"
2020-08-05,2020080501019210,NICA,58,38,39,551.00,"21,489.00"
2020-08-05,2020080501019205,NICA,33,57,100,550.00,"55,000.00"
2020-08-05,2020080501019204,NICA,51,39,50,548.00,"27,400.00"
2020-08-05,2020080501019175,NICA,51,39,128,548.00,"70,144.00"
2020-08-05,2020080501018999,NICA,58,38,30,551.00,"16,530.00"
2020-08-05,2020080501019257,NICL,7,42,30,427.00,"12,810.00"
2020-08-05,2020080501019007,NICL,7,29,100,427.00,"42,700.00"
2020-08-05,2020080501018996,NICL,7,29,100,427.00,"42,700.00"
2020-08-05,2020080501018981,NICL,7,29,721,427.00,"307,867.00"
2020-08-05,2020080501018980,NICL,6,29,79,428.00,"33,812.00"
2020-08-05,2020080501019414,NICLBSL,33,39,10,770.00,"7,700.00"
2020-08-05,2020080501019413,NICLBSL,33,46,10,770.00,"7,700.00"
2020-08-05,2020080501019412,NICLBSL,33,28,10,770.00,"7,700.00"
2020-08-05,2020080501019411,NICLBSL,33,1,10,770.00,"7,700.00"
2020-08-05,2020080501019322,NICLBSL,47,26,10,769.00,"7,690.00"
2020-08-05,2020080501019310,NICLBSL,35,26,10,769.00,"7,690.00"
2020-08-05,2020080501019023,NICLBSL,58,28,10,770.00,"7,700.00"
2020-08-05,2020080501019018,NICLBSL,35,46,10,769.00,"7,690.00"
2020-08-05,2020080501018992,NICLBSL,35,46,10,769.00,"7,690.00"
2020-08-05,2020080501018991,NICLBSL,35,39,10,769.00,"7,690.00"
2020-08-05,2020080501019029,NICLBSL,58,28,10,770.00,"7,700.00"
2020-08-05,2020080501019028,NICLBSL,58,28,10,770.00,"7,700.00"
2020-08-05,2020080501019027,NICLBSL,58,28,10,770.00,"7,700.00"
2020-08-05,2020080501019026,NICLBSL,58,28,10,770.00,"7,700.00"
2020-08-05,2020080501019025,NICLBSL,58,28,20,770.00,"15,400.00"
2020-08-05,2020080501019024,NICLBSL,58,52,10,770.00,"7,700.00"
2020-08-05,2020080501019071,NICLBSL,35,32,10,769.00,"7,690.00"
2020-08-05,2020080501019063,NICLBSL,35,41,20,769.00,"15,380.00"
2020-08-05,2020080501019057,NICLBSL,35,46,10,769.00,"7,690.00"
2020-08-05,2020080501019040,NICLBSL,58,37,10,770.00,"7,700.00"
2020-08-05,2020080501019039,NICLBSL,58,39,10,770.00,"7,700.00"
2020-08-05,2020080501019032,NICLBSL,58,32,10,770.00,"7,700.00"
2020-08-05,2020080501019155,NICLBSL,3,46,10,769.00,"7,690.00"
2020-08-05,2020080501019098,NICLBSL,3,46,10,769.00,"7,690.00"
2020-08-05,2020080501019091,NICLBSL,7,32,10,770.00,"7,700.00"
2020-08-05,2020080501019086,NICLBSL,3,45,10,769.00,"7,690.00"
2020-08-05,2020080501019082,NICLBSL,21,46,10,769.00,"7,690.00"
2020-08-05,2020080501019081,NICLBSL,21,39,10,769.00,"7,690.00"
2020-08-05,2020080501019226,NICLBSL,3,26,20,769.00,"15,380.00"
2020-08-05,2020080501019217,NICLBSL,3,3,10,769.00,"7,690.00"
2020-08-05,2020080501019182,NICLBSL,3,44,10,769.00,"7,690.00"
2020-08-05,2020080501019180,NICLBSL,3,39,10,769.00,"7,690.00"
2020-08-05,2020080501019177,NICLBSL,3,32,10,769.00,"7,690.00"
2020-08-05,2020080501019176,NICLBSL,3,46,10,769.00,"7,690.00"
2020-08-05,2020080501019261,NICLBSL,53,28,10,770.00,"7,700.00"
2020-08-05,2020080501019250,NICLBSL,58,26,10,769.00,"7,690.00"
2020-08-05,2020080501019245,NICLBSL,58,46,10,769.00,"7,690.00"
2020-08-05,2020080501019239,NICLBSL,8,35,20,769.00,"15,380.00"
2020-08-05,2020080501019238,NICLBSL,8,39,10,769.00,"7,690.00"
2020-08-05,2020080501019235,NICLBSL,8,26,20,769.00,"15,380.00"
2020-08-05,2020080501019299,NICLBSL,58,46,20,769.00,"15,380.00"
2020-08-05,2020080501019296,NICLBSL,58,26,10,769.00,"7,690.00"
2020-08-05,2020080501019277,NICLBSL,58,37,20,769.00,"15,380.00"
2020-08-05,2020080501019274,NICLBSL,58,26,10,769.00,"7,690.00"
2020-08-05,2020080501019272,NICLBSL,58,46,10,769.00,"7,690.00"
2020-08-05,2020080501019263,NICLBSL,58,42,10,769.00,"7,690.00"
2020-08-05,2020080501019243,NIL,44,1,36,612.00,"22,032.00"
2020-08-05,2020080501019066,NIL,44,39,24,612.00,"14,688.00"
2020-08-05,2020080501019223,NLBBL,58,16,52,680.00,"35,360.00"
2020-08-05,2020080501019222,NLBBL,58,50,80,679.00,"54,320.00"
2020-08-05,2020080501019221,NLBBL,58,34,268,675.00,"180,900.00"
2020-08-05,2020080501019070,NLBBL,11,34,50,675.00,"33,750.00"
2020-08-05,2020080501019401,NLG,53,10,200,625.00,"125,000.00"
2020-08-05,2020080501019295,NLIC,58,56,10,"1,315.00","13,150.00"
2020-08-05,2020080501019294,NLIC,58,49,500,"1,314.00","657,000.00"
2020-08-05,2020080501019202,NLIC,58,35,200,"1,312.00","262,400.00"
2020-08-05,2020080501019193,NLIC,58,33,22,"1,312.00","28,864.00"
2020-08-05,2020080501019192,NLIC,39,33,178,"1,312.00","233,536.00"
2020-08-05,2020080501019031,NLIC,39,14,322,"1,312.00","422,464.00"
2020-08-05,2020080501019030,NLIC,32,14,178,"1,312.00","233,536.00"
2020-08-05,2020080501018995,NLIC,32,1,22,"1,312.00","28,864.00"
2020-08-05,2020080501018976,NLIC,25,1,100,"1,313.00","131,300.00"
2020-08-05,2020080501019252,NLICL,16,34,250,657.00,"164,250.00"
2020-08-05,2020080501019199,NLICL,38,34,57,656.00,"37,392.00"
2020-08-05,2020080501019198,NLICL,47,34,84,656.00,"55,104.00"
2020-08-05,2020080501019197,NLICL,47,34,27,656.00,"17,712.00"
2020-08-05,2020080501019196,NLICL,47,34,28,656.00,"18,368.00"
2020-08-05,2020080501019195,NLICL,47,34,123,656.00,"80,688.00"
2020-08-05,2020080501019194,NLICL,16,34,477,656.00,"312,912.00"
2020-08-05,2020080501019017,NLICL,28,51,200,658.00,"131,600.00"
2020-08-05,2020080501019016,NLICL,55,51,80,659.00,"52,720.00"
2020-08-05,2020080501019015,NLICL,47,51,100,660.00,"66,000.00"
2020-08-05,2020080501019014,NLICL,47,51,32,660.00,"21,120.00"
2020-08-05,2020080501019399,NMB,58,49,50,412.00,"20,600.00"
2020-08-05,2020080501019357,NMB,44,29,40,410.00,"16,400.00"
2020-08-05,2020080501019341,NMB,58,49,160,412.00,"65,920.00"
2020-08-05,2020080501019340,NMB,58,29,20,411.00,"8,220.00"
2020-08-05,2020080501019339,NMB,58,34,20,411.00,"8,220.00"
2020-08-05,2020080501019314,NMB,44,43,182,410.00,"74,620.00"
2020-08-05,2020080501019228,NMB,58,28,100,410.00,"41,000.00"
2020-08-05,2020080501019212,NMB,10,14,500,411.00,"205,500.00"
2020-08-05,2020080501019207,NMB,10,28,500,411.00,"205,500.00"
2020-08-05,2020080501019181,NMB,10,28,500,411.00,"205,500.00"
2020-08-05,2020080501019156,NMB,10,28,500,411.00,"205,500.00"
2020-08-05,2020080501019149,NMB,11,49,100,412.00,"41,200.00"
2020-08-05,2020080501019313,NMB,25,43,118,410.00,"48,380.00"
2020-08-05,2020080501019305,NMB,17,34,480,411.00,"197,280.00"
2020-08-05,2020080501019304,NMB,17,14,520,411.00,"213,720.00"
2020-08-05,2020080501019259,NMB,58,14,50,411.00,"20,550.00"
2020-08-05,2020080501019246,NMB,25,49,482,410.00,"197,620.00"
2020-08-05,2020080501019229,NMB,25,28,400,410.00,"164,000.00"
2020-08-05,2020080501019288,NMBHF1,49,14,"1,000",9.85,"9,850.00"
2020-08-05,2020080501019287,NMBHF1,49,47,"50,000",9.85,"492,500.00"
2020-08-05,2020080501019367,NMBMF,41,1,10,720.00,"7,200.00"
2020-08-05,2020080501019275,NMBMF,16,1,20,721.00,"14,420.00"
2020-08-05,2020080501019236,NMBMF,22,1,10,722.00,"7,220.00"
2020-08-05,2020080501019463,NRIC,28,38,40,577.00,"23,080.00"
2020-08-05,2020080501019462,NRIC,28,46,40,577.00,"23,080.00"
2020-08-05,2020080501019448,NRIC,39,46,20,577.00,"11,540.00"
2020-08-05,2020080501019447,NRIC,7,46,20,577.00,"11,540.00"
2020-08-05,2020080501019444,NRIC,7,38,40,577.00,"23,080.00"
2020-08-05,2020080501019419,NRIC,50,10,40,578.00,"23,120.00"
2020-08-05,2020080501019000,NRIC,22,55,350,577.00,"201,950.00"
2020-08-05,2020080501018994,NRIC,22,40,150,577.00,"86,550.00"
2020-08-05,2020080501018993,NRIC,52,40,50,577.00,"28,850.00"
2020-08-05,2020080501018990,NRIC,52,38,40,577.00,"23,080.00"
2020-08-05,2020080501018982,NRIC,52,26,50,577.00,"28,850.00"
2020-08-05,2020080501018975,NRIC,52,38,40,577.00,"23,080.00"
2020-08-05,2020080501019021,NRIC,52,26,50,576.00,"28,800.00"
2020-08-05,2020080501019020,NRIC,52,38,40,576.00,"23,040.00"
2020-08-05,2020080501019012,NRIC,48,55,40,577.00,"23,080.00"
2020-08-05,2020080501019011,NRIC,40,55,100,577.00,"57,700.00"
2020-08-05,2020080501019002,NRIC,45,55,50,577.00,"28,850.00"
2020-08-05,2020080501019001,NRIC,22,55,300,577.00,"173,100.00"
2020-08-05,2020080501019095,NRIC,52,45,30,576.00,"17,280.00"
2020-08-05,2020080501019092,NRIC,52,26,40,576.00,"23,040.00"
2020-08-05,2020080501019073,NRIC,5,26,50,577.00,"28,850.00"
2020-08-05,2020080501019055,NRIC,52,26,40,576.00,"23,040.00"
2020-08-05,2020080501019038,NRIC,57,45,40,579.00,"23,160.00"
2020-08-05,2020080501019037,NRIC,57,55,60,577.00,"34,620.00"
2020-08-05,2020080501019126,NRIC,45,55,10,576.00,"5,760.00"
2020-08-05,2020080501019125,NRIC,51,55,"2,000",576.00,"1,152,000.00"
2020-08-05,2020080501019124,NRIC,52,55,"1,280",576.00,"737,280.00"
2020-08-05,2020080501019123,NRIC,33,55,200,577.00,"115,400.00"
2020-08-05,2020080501019122,NRIC,47,55,50,577.00,"28,850.00"
2020-08-05,2020080501019097,NRIC,47,38,50,577.00,"28,850.00"
2020-08-05,2020080501019132,NRIC,48,55,200,576.00,"115,200.00"
2020-08-05,2020080501019131,NRIC,58,55,30,576.00,"17,280.00"
2020-08-05,2020080501019130,NRIC,28,55,50,576.00,"28,800.00"
2020-08-05,2020080501019129,NRIC,44,55,100,576.00,"57,600.00"
2020-08-05,2020080501019128,NRIC,41,55,100,576.00,"57,600.00"
2020-08-05,2020080501019127,NRIC,52,55,100,576.00,"57,600.00"
2020-08-05,2020080501019138,NRIC,40,55,500,576.00,"288,000.00"
2020-08-05,2020080501019137,NRIC,38,55,100,576.00,"57,600.00"
2020-08-05,2020080501019136,NRIC,39,55,100,576.00,"57,600.00"
2020-08-05,2020080501019135,NRIC,34,55,200,576.00,"115,200.00"
2020-08-05,2020080501019134,NRIC,40,55,300,576.00,"172,800.00"
2020-08-05,2020080501019133,NRIC,25,55,"1,000",576.00,"576,000.00"
2020-08-05,2020080501019144,NRIC,1,55,100,576.00,"57,600.00"
2020-08-05,2020080501019143,NRIC,10,55,100,576.00,"57,600.00"
2020-08-05,2020080501019142,NRIC,6,55,700,576.00,"403,200.00"
2020-08-05,2020080501019141,NRIC,37,55,50,576.00,"28,800.00"
2020-08-05,2020080501019140,NRIC,40,55,500,576.00,"288,000.00"
2020-08-05,2020080501019139,NRIC,58,55,100,576.00,"57,600.00"
2020-08-05,2020080501019169,NRIC,29,26,40,577.00,"23,080.00"
2020-08-05,2020080501019152,NRIC,14,51,50,579.00,"28,950.00"
2020-08-05,2020080501019151,NRIC,14,35,40,579.00,"23,160.00"
2020-08-05,2020080501019150,NRIC,14,35,40,579.00,"23,160.00"
2020-08-05,2020080501019146,NRIC,29,26,40,577.00,"23,080.00"
2020-08-05,2020080501019145,NRIC,29,55,120,576.00,"69,120.00"
2020-08-05,2020080501019240,NRIC,50,3,40,577.00,"23,080.00"
2020-08-05,2020080501019237,NRIC,50,1,140,577.00,"80,780.00"
2020-08-05,2020080501019231,NRIC,50,35,40,577.00,"23,080.00"
2020-08-05,2020080501019203,NRIC,50,26,40,577.00,"23,080.00"
2020-08-05,2020080501019174,NRIC,50,5,700,577.00,"403,900.00"
2020-08-05,2020080501019173,NRIC,29,5,300,577.00,"173,100.00"
2020-08-05,2020080501019301,NRIC,42,29,200,576.00,"115,200.00"
2020-08-05,2020080501019300,NRIC,39,29,10,576.00,"5,760.00"
2020-08-05,2020080501019286,NRIC,39,48,40,576.00,"23,040.00"
2020-08-05,2020080501019285,NRIC,26,51,10,579.00,"5,790.00"
2020-08-05,2020080501019284,NRIC,26,28,40,578.00,"23,120.00"
2020-08-05,2020080501019251,NRIC,50,39,40,577.00,"23,080.00"
2020-08-05,2020080501019363,NRIC,1,33,20,577.00,"11,540.00"
2020-08-05,2020080501019309,NRIC,59,39,90,576.00,"51,840.00"
2020-08-05,2020080501019308,NRIC,38,39,200,576.00,"115,200.00"
2020-08-05,2020080501019307,NRIC,44,39,210,576.00,"120,960.00"
2020-08-05,2020080501019306,NRIC,10,28,40,578.00,"23,120.00"
2020-08-05,2020080501019302,NRIC,44,29,790,576.00,"455,040.00"
2020-08-05,2020080501019418,NRIC,7,38,40,577.00,"23,080.00"
2020-08-05,2020080501019393,NRIC,50,48,30,576.00,"17,280.00"
2020-08-05,2020080501019392,NRIC,59,48,10,576.00,"5,760.00"
2020-08-05,2020080501019366,NRIC,1,51,200,579.00,"115,800.00"
2020-08-05,2020080501019365,NRIC,1,28,40,578.00,"23,120.00"
2020-08-05,2020080501019364,NRIC,1,28,40,578.00,"23,120.00"
2020-08-05,2020080501019466,PCBL,39,38,100,263.00,"26,300.00"
2020-08-05,2020080501019460,PCBL,13,50,146,262.00,"38,252.00"
2020-08-05,2020080501019459,PCBL,42,50,40,262.00,"10,480.00"
2020-08-05,2020080501019458,PCBL,52,50,50,262.00,"13,100.00"
2020-08-05,2020080501019457,PCBL,28,50,20,262.00,"5,240.00"
2020-08-05,2020080501019456,PCBL,38,50,500,262.00,"131,000.00"
2020-08-05,2020080501019105,PCBL,48,50,40,263.00,"10,520.00"
2020-08-05,2020080501019008,PCBL,48,32,250,263.00,"65,750.00"
2020-08-05,2020080501019111,PCBL,25,50,100,263.00,"26,300.00"
2020-08-05,2020080501019110,PCBL,47,50,100,263.00,"26,300.00"
2020-08-05,2020080501019109,PCBL,53,50,500,263.00,"131,500.00"
2020-08-05,2020080501019108,PCBL,19,50,100,263.00,"26,300.00"
2020-08-05,2020080501019107,PCBL,47,50,250,263.00,"65,750.00"
2020-08-05,2020080501019106,PCBL,52,50,30,263.00,"7,890.00"
2020-08-05,2020080501019455,PCBL,58,50,227,262.00,"59,474.00"
2020-08-05,2020080501019424,PCBL,58,49,462,262.00,"121,044.00"
2020-08-05,2020080501019406,PCBL,58,38,500,262.00,"131,000.00"
2020-08-05,2020080501019260,PCBL,58,1,116,262.00,"30,392.00"
2020-08-05,2020080501019147,PCBL,32,50,50,263.00,"13,150.00"
2020-08-05,2020080501019112,PCBL,16,50,300,263.00,"78,900.00"
2020-08-05,2020080501019469,PPCL,33,34,20,114.00,"2,280.00"
2020-08-05,2020080501019468,PPCL,33,34,10,114.00,"1,140.00"
2020-08-05,2020080501019410,PRIN,17,45,200,469.00,"93,800.00"
2020-08-05,2020080501019079,PRIN,44,39,120,466.00,"55,920.00"
2020-08-05,2020080501019078,PRIN,42,39,30,467.00,"14,010.00"
2020-08-05,2020080501019077,PRIN,1,39,100,467.00,"46,700.00"
2020-08-05,2020080501019076,PRIN,44,39,50,468.00,"23,400.00"
2020-08-05,2020080501019075,PRIN,40,39,100,468.00,"46,800.00"
2020-08-05,2020080501019316,PRVU,38,44,50,232.00,"11,600.00"
2020-08-05,2020080501019315,PRVU,38,18,950,232.00,"220,400.00"
2020-08-05,2020080501019402,RHPL,57,35,10,144.00,"1,440.00"
2020-08-05,2020080501019359,RHPL,7,35,40,143.00,"5,720.00"
2020-08-05,2020080501019320,RHPL,7,35,40,144.00,"5,760.00"
2020-08-05,2020080501019271,RHPL,7,35,40,144.00,"5,760.00"
2020-08-05,2020080501019093,RHPL,7,41,120,144.00,"17,280.00"
2020-08-05,2020080501019074,RHPL,7,3,50,144.00,"7,200.00"
2020-08-05,2020080501019247,RMDC,57,34,112,715.00,"80,080.00"
2020-08-05,2020080501019068,RSDC,36,4,35,470.00,"16,450.00"
2020-08-05,2020080501019171,SABSL,5,3,11,708.00,"7,788.00"
2020-08-05,2020080501019064,SABSL,25,39,11,709.00,"7,799.00"
2020-08-05,2020080501019449,SANIMA,10,44,"1,660",343.00,"569,380.00"
2020-08-05,2020080501019432,SANIMA,33,34,259,342.00,"88,578.00"
2020-08-05,2020080501019397,SANIMA,41,34,50,343.00,"17,150.00"
2020-08-05,2020080501019396,SANIMA,10,34,191,343.00,"65,513.00"
2020-08-05,2020080501019377,SANIMA,10,39,300,343.00,"102,900.00"
2020-08-05,2020080501019354,SANIMA,10,14,127,343.00,"43,561.00"
2020-08-05,2020080501019312,SANIMA,56,6,200,344.00,"68,800.00"
2020-08-05,2020080501019244,SANIMA,59,6,250,344.00,"86,000.00"
2020-08-05,2020080501019166,SANIMA,10,5,382,343.00,"131,026.00"
2020-08-05,2020080501019165,SANIMA,44,5,118,343.00,"40,474.00"
2020-08-05,2020080501019022,SANIMA,4,6,50,344.00,"17,200.00"
2020-08-05,2020080501019405,SBI,10,50,600,426.00,"255,600.00"
2020-08-05,2020080501019362,SBI,57,38,256,425.00,"108,800.00"
2020-08-05,2020080501019321,SBI,39,50,100,426.00,"42,600.00"
2020-08-05,2020080501019356,SBL,53,49,500,295.00,"147,500.00"
2020-08-05,2020080501019355,SBL,10,49,750,295.00,"221,250.00"
2020-08-05,2020080501018989,SHINE,47,6,100,231.00,"23,100.00"
2020-08-05,2020080501018988,SHINE,47,6,100,231.00,"23,100.00"
2020-08-05,2020080501018987,SHINE,34,6,300,231.00,"69,300.00"
2020-08-05,2020080501018986,SHINE,29,6,20,231.00,"4,620.00"
2020-08-05,2020080501018985,SHINE,55,6,200,231.00,"46,200.00"
2020-08-05,2020080501018984,SHINE,57,6,17,231.00,"3,927.00"
2020-08-05,2020080501019292,SHIVM,10,34,350,570.00,"199,500.00"
2020-08-05,2020080501019291,SHIVM,10,29,500,570.00,"285,000.00"
2020-08-05,2020080501019290,SHIVM,10,45,830,570.00,"473,100.00"
2020-08-05,2020080501019289,SHIVM,10,41,135,569.00,"76,815.00"
2020-08-05,2020080501019035,SHL,53,34,100,157.00,"15,700.00"
2020-08-05,2020080501019034,SHL,58,34,140,157.00,"21,980.00"
2020-08-05,2020080501019154,SHPC,28,10,300,217.00,"65,100.00"
2020-08-05,2020080501019153,SHPC,28,34,30,217.00,"6,510.00"
2020-08-05,2020080501019404,SICL,58,33,100,"1,180.00","118,000.00"
2020-08-05,2020080501019164,SICL,58,57,17,"1,189.00","20,213.00"
2020-08-05,2020080501019163,SICL,58,32,43,"1,188.00","51,084.00"
2020-08-05,2020080501019085,SICL,3,51,23,"1,176.00","27,048.00"
2020-08-05,2020080501019084,SICL,44,51,100,"1,176.00","117,600.00"
2020-08-05,2020080501019083,SICL,58,4,104,"1,179.00","122,616.00"
2020-08-05,2020080501019162,SICL,58,47,50,"1,187.00","59,350.00"
2020-08-05,2020080501019119,SICL,58,32,27,"1,188.00","32,076.00"
2020-08-05,2020080501019118,SICL,58,45,140,"1,185.00","165,900.00"
2020-08-05,2020080501019117,SICL,58,4,10,"1,181.00","11,810.00"
2020-08-05,2020080501019116,SICL,58,38,23,"1,180.00","27,140.00"
2020-08-05,2020080501019115,SICL,58,51,122,"1,176.00","143,472.00"
2020-08-05,2020080501019072,SINDU,41,39,11,122.00,"1,342.00"
2020-08-05,2020080501019420,SJCL,57,41,20,134.00,"2,680.00"
2020-08-05,2020080501019270,SJCL,57,35,20,134.00,"2,680.00"
2020-08-05,2020080501019113,SJCL,57,3,20,134.00,"2,680.00"
2020-08-05,2020080501019465,SKBBL,39,49,100,"1,205.00","120,500.00"
2020-08-05,2020080501019201,SKBBL,39,41,25,"1,205.00","30,125.00"
2020-08-05,2020080501019200,SKBBL,32,41,100,"1,205.00","120,500.00"
2020-08-05,2020080501019429,SLICL,58,5,39,425.00,"16,575.00"
2020-08-05,2020080501019428,SLICL,22,5,480,425.00,"204,000.00"
2020-08-05,2020080501019427,SLICL,21,5,117,425.00,"49,725.00"
2020-08-05,2020080501019426,SLICL,6,5,39,425.00,"16,575.00"
2020-08-05,2020080501019303,SLICL,45,13,435,426.00,"185,310.00"
2020-08-05,2020080501019089,SLICL,6,39,11,425.00,"4,675.00"
2020-08-05,2020080501019255,SLICL,45,19,65,426.00,"27,690.00"
2020-08-05,2020080501019242,SLICL,16,19,200,426.00,"85,200.00"
2020-08-05,2020080501019209,SLICL,16,34,50,426.00,"21,300.00"
2020-08-05,2020080501019094,SLICL,6,59,50,425.00,"21,250.00"
2020-08-05,2020080501019167,SRBL,17,8,100,235.00,"23,500.00"
2020-08-05,2020080501019100,SRBL,10,8,100,234.00,"23,400.00"
2020-08-05,2020080501019080,SRBL,10,38,900,234.00,"210,600.00"
2020-08-05,2020080501019372,SWBBL,4,57,100,"1,174.00","117,400.00"
2020-08-05,2020080501019148,TMDBL,25,38,80,159.00,"12,720.00"
2020-08-05,2020080501019114,TMDBL,25,38,11,159.00,"1,749.00"
2020-08-05,2020080501019400,UFL,7,53,10,175.00,"1,750.00"
2020-08-05,2020080501019450,UIC,33,5,100,354.00,"35,400.00"
2020-08-05,2020080501019262,UMHL,4,26,100,102.00,"10,200.00"
2020-08-05,2020080501019434,UPCL,42,6,50,70.00,"3,500.00"
2020-08-05,2020080501019346,UPCL,42,52,145,70.00,"10,150.00"
2020-08-05,2020080501019345,UPCL,58,52,200,70.00,"14,000.00"
2020-08-05,2020080501019344,UPCL,55,52,100,70.00,"7,000.00"
2020-08-05,2020080501019343,UPCL,43,52,100,70.00,"7,000.00"
2020-08-05,2020080501019342,UPCL,48,52,215,70.00,"15,050.00"
2020-08-05,2020080501019311,UPPER,22,41,40,225.00,"9,000.00"
2020-08-05,2020080501019269,UPPER,38,3,50,225.00,"11,250.00"
2020-08-05,2020080501019010,UPPER,38,3,10,225.00,"2,250.00"
2020-08-05,2020080501019009,UPPER,58,3,30,226.00,"6,780.00"
2020-08-05,2020080501019062,WOMI,50,41,30,878.00,"26,340.00"
2020-08-05,2020080501019061,WOMI,48,41,20,878.00,"17,560.00"
2020-08-05,2020080501019060,WOMI,3,41,50,879.00,"43,950.00"
2020-08-05,2020080501019059,WOMI,47,41,50,880.00,"44,000.00"
2020-08-05,2020080501019058,WOMI,58,41,50,881.00,"44,050.00"
2020-08-05,2020080501019006,WOMI,26,34,20,884.00,"17,680.00"
2020-08-05,2020080501018672,ADBL,26,57,85,405.00,"34,425.00"
2020-08-05,2020080501018671,ADBL,42,57,116,405.00,"46,980.00"
2020-08-05,2020080501018490,ADBL,33,57,50,406.00,"20,300.00"
2020-08-05,2020080501018734,AHPC,29,59,125,96.00,"12,000.00"
2020-08-05,2020080501018733,AHPC,29,38,238,96.00,"22,848.00"
2020-08-05,2020080501018732,AHPC,29,21,137,96.00,"13,152.00"
2020-08-05,2020080501018666,AHPC,34,21,30,96.00,"2,880.00"
2020-08-05,2020080501018507,AHPC,51,57,129,95.00,"12,255.00"
2020-08-05,2020080501018923,AIL,52,10,10,387.00,"3,870.00"
2020-08-05,2020080501018749,AIL,52,55,10,387.00,"3,870.00"
2020-08-05,2020080501018519,AIL,52,10,10,387.00,"3,870.00"
2020-08-05,2020080501018679,AKPL,1,40,"1,000",114.00,"114,000.00"
2020-08-05,2020080501018678,AKPL,40,40,550,114.00,"62,700.00"
2020-08-05,2020080501018677,AKPL,46,40,640,114.00,"72,960.00"
2020-08-05,2020080501018676,AKPL,6,40,"1,000",114.00,"114,000.00"
2020-08-05,2020080501018675,AKPL,35,40,435,114.00,"49,590.00"
2020-08-05,2020080501018643,AKPL,28,42,"1,507",115.00,"173,305.00"
2020-08-05,2020080501018520,AKPL,28,57,13,115.00,"1,495.00"
2020-08-05,2020080501018804,ALICL,57,19,100,611.00,"61,100.00"
2020-08-05,2020080501018609,ALICL,25,32,165,610.00,"100,650.00"
2020-08-05,2020080501018565,ALICL,25,32,35,610.00,"21,350.00"
2020-08-05,2020080501018564,ALICL,45,32,100,610.00,"61,000.00"
2020-08-05,2020080501018563,ALICL,32,32,20,611.00,"12,220.00"
2020-08-05,2020080501018562,ALICL,57,32,45,612.00,"27,540.00"
2020-08-05,2020080501018543,API,35,57,29,105.00,"3,045.00"
2020-08-05,2020080501018571,BARUN,55,57,10,86.00,860.00
2020-08-05,2020080501018902,BOKL,48,32,250,220.00,"55,000.00"
2020-08-05,2020080501018901,BOKL,35,32,500,220.00,"110,000.00"
2020-08-05,2020080501018900,BOKL,55,32,150,220.00,"33,000.00"
2020-08-05,2020080501018899,BOKL,8,32,500,220.00,"110,000.00"
2020-08-05,2020080501018898,BOKL,59,32,"1,000",220.00,"220,000.00"
2020-08-05,2020080501018897,BOKL,34,32,100,220.00,"22,000.00"
2020-08-05,2020080501018849,BOKL,45,32,100,223.00,"22,300.00"
2020-08-05,2020080501018848,BOKL,48,32,200,224.00,"44,800.00"
2020-08-05,2020080501018526,BOKL,14,45,10,225.00,"2,250.00"
2020-08-05,2020080501018517,BOKL,14,52,42,222.00,"9,324.00"
2020-08-05,2020080501018516,BOKL,58,52,50,222.00,"11,100.00"
2020-08-05,2020080501018515,BOKL,49,52,17,222.00,"3,774.00"
2020-08-05,2020080501018855,BOKL,26,32,500,221.00,"110,500.00"
2020-08-05,2020080501018854,BOKL,28,32,139,221.00,"30,719.00"
2020-08-05,2020080501018853,BOKL,38,32,500,222.00,"111,000.00"
2020-08-05,2020080501018852,BOKL,41,32,220,222.00,"48,840.00"
2020-08-05,2020080501018851,BOKL,26,32,250,222.00,"55,500.00"
2020-08-05,2020080501018850,BOKL,14,32,458,222.00,"101,676.00"
2020-08-05,2020080501018861,BOKL,14,32,50,221.00,"11,050.00"
2020-08-05,2020080501018860,BOKL,11,32,240,221.00,"53,040.00"
2020-08-05,2020080501018859,BOKL,25,32,50,221.00,"11,050.00"
2020-08-05,2020080501018858,BOKL,57,32,500,221.00,"110,500.00"
2020-08-05,2020080501018857,BOKL,14,32,100,221.00,"22,100.00"
2020-08-05,2020080501018856,BOKL,57,32,200,221.00,"44,200.00"
2020-08-05,2020080501018890,BOKL,28,32,100,220.00,"22,000.00"
2020-08-05,2020080501018889,BOKL,46,32,500,220.00,"110,000.00"
2020-08-05,2020080501018888,BOKL,25,32,100,220.00,"22,000.00"
2020-08-05,2020080501018887,BOKL,17,32,100,220.00,"22,000.00"
2020-08-05,2020080501018863,BOKL,34,32,100,221.00,"22,100.00"
2020-08-05,2020080501018862,BOKL,41,32,100,221.00,"22,100.00"
2020-08-05,2020080501018896,BOKL,58,32,50,220.00,"11,000.00"
2020-08-05,2020080501018895,BOKL,38,32,100,220.00,"22,000.00"
2020-08-05,2020080501018894,BOKL,4,32,100,220.00,"22,000.00"
2020-08-05,2020080501018893,BOKL,32,32,300,220.00,"66,000.00"
2020-08-05,2020080501018892,BOKL,57,32,100,220.00,"22,000.00"
2020-08-05,2020080501018891,BOKL,26,32,50,220.00,"11,000.00"
2020-08-05,2020080501018835,BPCL,48,17,12,352.00,"4,224.00"
2020-08-05,2020080501018651,BPCL,48,39,12,352.00,"4,224.00"
2020-08-05,2020080501018478,BPCL,48,3,12,352.00,"4,224.00"
2020-08-05,2020080501018704,CBL,7,29,252,144.00,"36,288.00"
2020-08-05,2020080501018703,CBL,1,29,48,144.00,"6,912.00"
2020-08-05,2020080501018683,CBL,1,39,308,144.00,"44,352.00"
2020-08-05,2020080501018872,CCBL,41,51,156,175.00,"27,300.00"
2020-08-05,2020080501018768,CCBL,16,17,122,174.00,"21,228.00"
2020-08-05,2020080501018646,CCBL,58,51,44,175.00,"7,700.00"
2020-08-05,2020080501018645,CCBL,58,16,76,175.00,"13,300.00"
2020-08-05,2020080501018750,CIT,45,40,50,"2,480.00","124,000.00"
2020-08-05,2020080501018877,CORBL,57,28,30,113.00,"3,390.00"
2020-08-05,2020080501018910,CZBIL,18,36,300,196.00,"58,800.00"
2020-08-05,2020080501018716,CZBIL,41,37,20,196.00,"3,920.00"
2020-08-05,2020080501018534,CZBIL,49,37,30,196.00,"5,880.00"
2020-08-05,2020080501018929,DDBL,39,45,78,828.00,"64,584.00"
2020-08-05,2020080501018585,DDBL,45,45,23,828.00,"19,044.00"
2020-08-05,2020080501018561,DDBL,43,50,50,827.00,"41,350.00"
2020-08-05,2020080501018542,DHPL,39,39,69,50.00,"3,450.00"
2020-08-05,2020080501018760,FMDBL,16,32,20,508.00,"10,160.00"
2020-08-05,2020080501018759,FMDBL,49,32,29,508.00,"14,732.00"
2020-08-05,2020080501018758,FMDBL,49,32,29,508.00,"14,732.00"
2020-08-05,2020080501018757,FMDBL,49,32,29,508.00,"14,732.00"
2020-08-05,2020080501018756,FMDBL,49,32,19,508.00,"9,652.00"
2020-08-05,2020080501018653,FMDBL,7,39,"1,000",509.00,"509,000.00"
2020-08-05,2020080501018641,FMDBL,49,29,10,508.00,"5,080.00"
2020-08-05,2020080501018692,GBBL,1,48,94,227.00,"21,338.00"
2020-08-05,2020080501018946,GBIME,26,11,200,248.00,"49,600.00"
2020-08-05,2020080501018592,GBIME,36,11,17,247.00,"4,199.00"
2020-08-05,2020080501018591,GBIME,14,11,100,247.00,"24,700.00"
2020-08-05,2020080501018590,GBIME,36,11,200,247.00,"49,400.00"
2020-08-05,2020080501018589,GBIME,21,11,210,247.00,"51,870.00"
2020-08-05,2020080501018588,GBIME,34,11,100,247.00,"24,700.00"
2020-08-05,2020080501018587,GBIME,14,11,20,247.00,"4,940.00"
2020-08-05,2020080501018586,GBIME,35,11,53,247.00,"13,091.00"
2020-08-05,2020080501018570,GBIME,35,11,247,247.00,"61,009.00"
2020-08-05,2020080501018569,GBIME,1,11,200,247.00,"49,400.00"
2020-08-05,2020080501018568,GBIME,22,11,253,247.00,"62,491.00"
2020-08-05,2020080501018584,GILB,48,37,10,"1,206.00","12,060.00"
2020-08-05,2020080501018707,GLBSL,43,54,10,840.00,"8,400.00"
2020-08-05,2020080501018697,GLICL,50,22,100,440.00,"44,000.00"
2020-08-05,2020080501018652,GLICL,16,22,100,440.00,"44,000.00"
2020-08-05,2020080501018632,GRDBL,4,35,100,111.00,"11,100.00"
2020-08-05,2020080501018722,HDL,28,51,350,"1,640.00","574,000.00"
2020-08-05,2020080501018639,HDL,32,41,150,"1,635.00","245,250.00"
2020-08-05,2020080501018638,HDL,37,41,50,"1,635.00","81,750.00"
2020-08-05,2020080501018550,HDL,58,38,169,"1,635.00","276,315.00"
2020-08-05,2020080501018549,HDL,48,38,420,"1,636.00","687,120.00"
2020-08-05,2020080501018548,HDL,57,38,50,"1,636.00","81,800.00"
2020-08-05,2020080501018511,HDL,1,41,100,"1,643.00","164,300.00"
2020-08-05,2020080501018547,HDL,34,38,10,"1,636.00","16,360.00"
2020-08-05,2020080501018546,HDL,37,38,200,"1,640.00","328,000.00"
2020-08-05,2020080501018545,HDL,19,38,101,"1,641.00","165,741.00"
2020-08-05,2020080501018544,HDL,21,38,50,"1,642.00","82,100.00"
