Date,Transact. No.,Symbol,Buyer,Seller,Quantity,Rate,Amount
2019-06-26,2019062601006806,ADBL,21,45,"1,027",413.00,"424,151.00"
2019-06-26,2019062601006472,ADBL,50,34,483,412.00,"198,996.00"
2019-06-26,2019062601006460,ADBL,50,52,14,412.00,"5,768.00"
2019-06-26,2019062601006459,ADBL,35,52,20,412.00,"8,240.00"
2019-06-26,2019062601006458,ADBL,6,52,403,412.00,"166,036.00"
2019-06-26,2019062601006838,AHPC,7,41,27,107.00,"2,889.00"
2019-06-26,2019062601006812,AKJCL,57,22,10,75.00,750.00
2019-06-26,2019062601006491,AKJCL,57,57,10,74.00,740.00
2019-06-26,2019062601006807,ALBSL,48,25,10,390.00,"3,900.00"
2019-06-26,2019062601006786,ALBSL,48,25,10,390.00,"3,900.00"
2019-06-26,2019062601006597,ALBSL,14,58,60,388.00,"23,280.00"
2019-06-26,2019062601006596,ALBSL,33,58,100,390.00,"39,000.00"
2019-06-26,2019062601006595,ALBSL,8,58,120,390.00,"46,800.00"
2019-06-26,2019062601006594,ALBSL,7,58,50,390.00,"19,500.00"
2019-06-26,2019062601006587,ALBSL,41,58,20,393.00,"7,860.00"
2019-06-26,2019062601006586,ALBSL,37,58,50,393.00,"19,650.00"
2019-06-26,2019062601006574,ALBSL,41,25,10,393.00,"3,930.00"
2019-06-26,2019062601006593,ALBSL,48,58,40,390.00,"15,600.00"
2019-06-26,2019062601006592,ALBSL,29,58,100,390.00,"39,000.00"
2019-06-26,2019062601006591,ALBSL,39,58,20,390.00,"7,800.00"
2019-06-26,2019062601006590,ALBSL,48,58,30,392.00,"11,760.00"
2019-06-26,2019062601006589,ALBSL,51,58,50,392.00,"19,600.00"
2019-06-26,2019062601006588,ALBSL,17,58,10,393.00,"3,930.00"
2019-06-26,2019062601006775,ALICL,14,28,316,382.00,"120,712.00"
2019-06-26,2019062601006464,API,25,42,50,146.00,"7,300.00"
2019-06-26,2019062601006463,API,25,41,29,145.00,"4,205.00"
2019-06-26,2019062601006462,API,25,41,29,145.00,"4,205.00"
2019-06-26,2019062601006461,API,25,29,342,145.00,"49,590.00"
2019-06-26,2019062601006756,BOKL,42,35,10,266.00,"2,660.00"
2019-06-26,2019062601006755,BOKL,42,26,54,265.00,"14,310.00"
2019-06-26,2019062601006732,BOKL,42,26,46,265.00,"12,190.00"
2019-06-26,2019062601006481,BOKL,44,54,465,262.00,"121,830.00"
2019-06-26,2019062601006480,BOKL,56,54,100,262.00,"26,200.00"
2019-06-26,2019062601006417,BOKL,41,49,300,263.00,"78,900.00"
2019-06-26,2019062601006354,BOKL,32,49,200,263.00,"52,600.00"
2019-06-26,2019062601006731,BOKL,42,25,"1,000",265.00,"265,000.00"
2019-06-26,2019062601006730,BOKL,42,5,36,265.00,"9,540.00"
2019-06-26,2019062601006729,BOKL,42,52,118,264.00,"31,152.00"
2019-06-26,2019062601006709,BOKL,33,53,47,263.00,"12,361.00"
2019-06-26,2019062601006708,BOKL,33,49,102,263.00,"26,826.00"
2019-06-26,2019062601006841,BPCL,17,47,289,404.00,"116,756.00"
2019-06-26,2019062601006740,BPCL,22,47,127,405.00,"51,435.00"
2019-06-26,2019062601006648,BPCL,37,21,200,406.00,"81,200.00"
2019-06-26,2019062601006437,CBBL,39,40,100,939.00,"93,900.00"
2019-06-26,2019062601006436,CBBL,39,51,100,939.00,"93,900.00"
2019-06-26,2019062601006401,CBL,59,50,366,145.00,"53,070.00"
2019-06-26,2019062601006400,CBL,6,50,200,145.00,"29,000.00"
2019-06-26,2019062601006399,CBL,26,50,97,145.00,"14,065.00"
2019-06-26,2019062601006427,CCBL,32,43,186,167.00,"31,062.00"
2019-06-26,2019062601006405,CCBL,32,19,135,167.00,"22,545.00"
2019-06-26,2019062601006404,CCBL,56,19,50,167.00,"8,350.00"
2019-06-26,2019062601006403,CCBL,1,19,515,167.00,"86,005.00"
2019-06-26,2019062601006358,CCBL,1,19,485,167.00,"80,995.00"
2019-06-26,2019062601006357,CCBL,49,19,59,167.00,"9,853.00"
2019-06-26,2019062601006768,CIT,52,45,50,"2,475.00","123,750.00"
2019-06-26,2019062601006767,CIT,51,45,20,"2,476.00","49,520.00"
2019-06-26,2019062601006766,CIT,16,45,20,"2,476.00","49,520.00"
2019-06-26,2019062601006765,CIT,18,45,100,"2,477.00","247,700.00"
2019-06-26,2019062601006764,CIT,34,45,20,"2,477.00","49,540.00"
2019-06-26,2019062601006763,CIT,40,45,10,"2,478.00","24,780.00"
2019-06-26,2019062601006487,CIT,51,37,30,"2,500.00","75,000.00"
2019-06-26,2019062601006486,CIT,51,5,20,"2,499.00","49,980.00"
2019-06-26,2019062601006379,CIT,54,45,100,"2,480.00","248,000.00"
2019-06-26,2019062601006378,CIT,43,45,40,"2,481.00","99,240.00"
2019-06-26,2019062601006377,CIT,19,45,50,"2,482.00","124,100.00"
2019-06-26,2019062601006376,CIT,35,45,10,"2,486.00","24,860.00"
2019-06-26,2019062601006837,CZBIL,33,58,50,218.00,"10,900.00"
2019-06-26,2019062601006836,CZBIL,41,58,500,218.00,"109,000.00"
2019-06-26,2019062601006835,CZBIL,1,58,300,218.00,"65,400.00"
2019-06-26,2019062601006834,CZBIL,6,58,"2,000",218.00,"436,000.00"
2019-06-26,2019062601006833,CZBIL,52,58,100,218.00,"21,800.00"
2019-06-26,2019062601006832,CZBIL,58,58,65,218.00,"14,170.00"
2019-06-26,2019062601006440,CZBIL,49,42,10,219.00,"2,190.00"
2019-06-26,2019062601006353,CZBIL,59,58,500,220.00,"110,000.00"
2019-06-26,2019062601006352,CZBIL,6,58,"1,369",220.00,"301,180.00"
2019-06-26,2019062601006819,CZBIL,42,58,500,219.00,"109,500.00"
2019-06-26,2019062601006818,CZBIL,25,58,50,219.00,"10,950.00"
2019-06-26,2019062601006817,CZBIL,22,58,500,219.00,"109,500.00"
2019-06-26,2019062601006816,CZBIL,49,58,166,219.00,"36,354.00"
2019-06-26,2019062601006704,CZBIL,46,40,200,220.00,"44,000.00"
2019-06-26,2019062601006538,CZBIL,14,40,50,220.00,"11,000.00"
2019-06-26,2019062601006825,CZBIL,29,58,800,219.00,"175,200.00"
2019-06-26,2019062601006824,CZBIL,58,58,"3,000",219.00,"657,000.00"
2019-06-26,2019062601006823,CZBIL,10,58,200,219.00,"43,800.00"
2019-06-26,2019062601006822,CZBIL,55,58,200,219.00,"43,800.00"
2019-06-26,2019062601006821,CZBIL,32,58,500,219.00,"109,500.00"
2019-06-26,2019062601006820,CZBIL,32,58,"1,000",219.00,"219,000.00"
2019-06-26,2019062601006831,CZBIL,41,58,100,218.00,"21,800.00"
2019-06-26,2019062601006830,CZBIL,26,58,100,218.00,"21,800.00"
2019-06-26,2019062601006829,CZBIL,49,58,"1,000",218.00,"218,000.00"
2019-06-26,2019062601006828,CZBIL,28,58,"1,000",218.00,"218,000.00"
2019-06-26,2019062601006827,CZBIL,41,58,500,218.00,"109,000.00"
2019-06-26,2019062601006826,CZBIL,59,58,60,218.00,"13,080.00"
2019-06-26,2019062601006724,EBL,7,47,500,667.00,"333,500.00"
2019-06-26,2019062601006600,EBL,59,51,50,666.00,"33,300.00"
2019-06-26,2019062601006599,EBL,59,43,58,666.00,"38,628.00"
2019-06-26,2019062601006598,EBL,59,34,55,665.00,"36,575.00"
2019-06-26,2019062601006536,EBL,7,38,127,665.00,"84,455.00"
2019-06-26,2019062601006429,EBL,7,34,66,664.00,"43,824.00"
2019-06-26,2019062601006783,EIC,34,11,50,370.00,"18,500.00"
2019-06-26,2019062601006803,FOWAD,36,33,19,"1,330.00","25,270.00"
2019-06-26,2019062601006802,FOWAD,40,33,131,"1,330.00","174,230.00"
2019-06-26,2019062601006801,FOWAD,28,33,100,"1,331.00","133,100.00"
2019-06-26,2019062601006800,FOWAD,42,33,100,"1,332.00","133,200.00"
2019-06-26,2019062601006473,FOWAD,32,17,200,"1,339.00","267,800.00"
2019-06-26,2019062601006754,GBIME,35,4,187,302.00,"56,474.00"
2019-06-26,2019062601006497,GBIME,55,4,13,303.00,"3,939.00"
2019-06-26,2019062601006699,GBLBS,50,52,10,358.00,"3,580.00"
2019-06-26,2019062601006784,GDBL,38,6,10,212.00,"2,120.00"
2019-06-26,2019062601006814,GFCL,17,43,30,130.00,"3,900.00"
2019-06-26,2019062601006813,GFCL,38,43,190,131.00,"24,890.00"
2019-06-26,2019062601006467,GHL,3,59,30,81.00,"2,430.00"
2019-06-26,2019062601006792,GLBSL,53,38,10,412.00,"4,120.00"
2019-06-26,2019062601006649,GLBSL,56,56,10,410.00,"4,100.00"
2019-06-26,2019062601006619,GLBSL,43,38,20,412.00,"8,240.00"
2019-06-26,2019062601006578,GLBSL,11,47,10,414.00,"4,140.00"
2019-06-26,2019062601006577,GLBSL,11,47,10,414.00,"4,140.00"
2019-06-26,2019062601006576,GLBSL,11,47,10,414.00,"4,140.00"
2019-06-26,2019062601006360,GLBSL,8,50,40,414.00,"16,560.00"
2019-06-26,2019062601006359,GLBSL,38,50,80,414.00,"33,120.00"
2019-06-26,2019062601006575,GLBSL,11,47,10,414.00,"4,140.00"
2019-06-26,2019062601006537,GLBSL,43,49,10,412.00,"4,120.00"
2019-06-26,2019062601006534,GLBSL,43,49,10,412.00,"4,120.00"
2019-06-26,2019062601006482,GLBSL,39,49,10,410.00,"4,100.00"
2019-06-26,2019062601006388,GLBSL,34,45,10,415.00,"4,150.00"
2019-06-26,2019062601006361,GLBSL,45,50,200,412.00,"82,400.00"
2019-06-26,2019062601006723,GLICL,34,42,51,475.00,"24,225.00"
2019-06-26,2019062601006722,GLICL,20,42,100,476.00,"47,600.00"
2019-06-26,2019062601006721,GLICL,50,42,10,476.00,"4,760.00"
2019-06-26,2019062601006720,GLICL,21,42,25,477.00,"11,925.00"
2019-06-26,2019062601006719,GLICL,4,42,100,477.00,"47,700.00"
2019-06-26,2019062601006512,GLICL,34,42,100,480.00,"48,000.00"
2019-06-26,2019062601006511,GLICL,47,42,100,480.00,"48,000.00"
2019-06-26,2019062601006510,GLICL,21,42,119,480.00,"57,120.00"
2019-06-26,2019062601006509,GLICL,19,42,50,481.00,"24,050.00"
2019-06-26,2019062601006508,GLICL,17,42,50,482.00,"24,100.00"
2019-06-26,2019062601006507,GLICL,17,42,50,482.00,"24,100.00"
2019-06-26,2019062601006506,GLICL,11,42,25,483.00,"12,075.00"
2019-06-26,2019062601006815,GMFBS,37,38,10,434.00,"4,340.00"
2019-06-26,2019062601006809,GMFBS,37,39,10,434.00,"4,340.00"
2019-06-26,2019062601006779,GMFBS,37,38,10,434.00,"4,340.00"
2019-06-26,2019062601006753,GMFBS,37,32,10,434.00,"4,340.00"
2019-06-26,2019062601006742,GMFBS,37,38,10,434.00,"4,340.00"
2019-06-26,2019062601006713,GMFBS,37,38,10,434.00,"4,340.00"
2019-06-26,2019062601006362,GMFBS,52,54,10,434.00,"4,340.00"
2019-06-26,2019062601006550,GMFBS,5,59,10,434.00,"4,340.00"
2019-06-26,2019062601006466,GMFBS,5,17,10,434.00,"4,340.00"
2019-06-26,2019062601006465,GMFBS,52,29,10,434.00,"4,340.00"
2019-06-26,2019062601006428,GMFBS,52,21,10,434.00,"4,340.00"
2019-06-26,2019062601006381,GMFBS,52,42,10,434.00,"4,340.00"
2019-06-26,2019062601006364,GMFBS,52,54,10,434.00,"4,340.00"
2019-06-26,2019062601006620,GUFL,28,35,200,120.00,"24,000.00"
2019-06-26,2019062601006387,HBL,44,58,100,552.00,"55,200.00"
2019-06-26,2019062601006386,HBL,56,58,200,552.00,"110,400.00"
2019-06-26,2019062601006385,HBL,13,58,300,552.00,"165,600.00"
2019-06-26,2019062601006384,HBL,32,58,100,553.00,"55,300.00"
2019-06-26,2019062601006383,HBL,50,58,100,553.00,"55,300.00"
2019-06-26,2019062601006613,HDL,21,54,150,"1,690.00","253,500.00"
2019-06-26,2019062601006445,HIDCL,36,52,746,160.00,"119,360.00"
2019-06-26,2019062601006618,HURJA,3,52,20,146.00,"2,920.00"
2019-06-26,2019062601006617,HURJA,3,34,20,146.00,"2,920.00"
2019-06-26,2019062601006616,HURJA,3,50,10,146.00,"1,460.00"
2019-06-26,2019062601006615,HURJA,3,35,20,146.00,"2,920.00"
2019-06-26,2019062601006614,HURJA,3,32,20,146.00,"2,920.00"
2019-06-26,2019062601006560,HURJA,3,45,20,145.00,"2,900.00"
2019-06-26,2019062601006559,HURJA,3,45,20,145.00,"2,900.00"
2019-06-26,2019062601006558,HURJA,3,45,20,145.00,"2,900.00"
2019-06-26,2019062601006557,HURJA,3,29,10,145.00,"1,450.00"
2019-06-26,2019062601006556,HURJA,3,17,20,145.00,"2,900.00"
2019-06-26,2019062601006555,HURJA,3,11,20,145.00,"2,900.00"
2019-06-26,2019062601006540,IGI,42,35,10,400.00,"4,000.00"
2019-06-26,2019062601006539,IGI,42,55,10,392.00,"3,920.00"
2019-06-26,2019062601006489,JBBL,58,52,196,156.00,"30,576.00"
2019-06-26,2019062601006409,JBBL,58,52,50,156.00,"7,800.00"
2019-06-26,2019062601006408,JBBL,38,52,100,156.00,"15,600.00"
2019-06-26,2019062601006407,JBBL,46,52,"1,554",156.00,"242,424.00"
2019-06-26,2019062601006639,JBNL,50,17,21,209.00,"4,389.00"
2019-06-26,2019062601006453,JBNL,56,1,90,208.00,"18,720.00"
2019-06-26,2019062601006450,JBNL,56,28,280,208.00,"58,240.00"
2019-06-26,2019062601006449,JBNL,6,28,720,208.00,"149,760.00"
2019-06-26,2019062601006438,JBNL,6,28,"3,000",208.00,"624,000.00"
2019-06-26,2019062601006363,JBNL,6,28,"1,000",208.00,"208,000.00"
2019-06-26,2019062601006741,KBL,42,48,70,212.00,"14,840.00"
2019-06-26,2019062601006547,KBL,51,43,63,212.00,"13,356.00"
2019-06-26,2019062601006435,KBL,11,43,100,212.00,"21,200.00"
2019-06-26,2019062601006773,KPCL,59,29,10,97.00,970.00
2019-06-26,2019062601006714,KPCL,59,29,10,97.00,970.00
2019-06-26,2019062601006647,KPCL,59,56,30,96.00,"2,880.00"
2019-06-26,2019062601006579,KPCL,59,56,20,95.00,"1,900.00"
2019-06-26,2019062601006398,KSBBL,45,38,38,154.00,"5,852.00"
2019-06-26,2019062601006397,KSBBL,5,38,400,155.00,"62,000.00"
2019-06-26,2019062601006396,KSBBL,44,38,"1,712",155.00,"265,360.00"
2019-06-26,2019062601006718,LBL,51,48,18,220.00,"3,960.00"
2019-06-26,2019062601006456,LBL,52,40,198,219.00,"43,362.00"
2019-06-26,2019062601006452,LBL,52,22,302,219.00,"66,138.00"
2019-06-26,2019062601006451,LBL,22,22,118,219.00,"25,842.00"
2019-06-26,2019062601006434,LBL,22,38,616,219.00,"134,904.00"
2019-06-26,2019062601006433,LBL,42,38,384,219.00,"84,096.00"
2019-06-26,2019062601006448,LGIL,34,36,251,430.00,"107,930.00"
2019-06-26,2019062601006447,LGIL,55,36,100,430.00,"43,000.00"
2019-06-26,2019062601006446,LGIL,14,36,50,430.00,"21,500.00"
2019-06-26,2019062601006646,LLBS,28,26,100,665.00,"66,500.00"
2019-06-26,2019062601006645,LLBS,55,26,10,665.00,"6,650.00"
2019-06-26,2019062601006644,LLBS,56,26,10,666.00,"6,660.00"
2019-06-26,2019062601006643,LLBS,33,26,100,666.00,"66,600.00"
2019-06-26,2019062601006794,MBL,33,4,93,264.00,"24,552.00"
2019-06-26,2019062601006793,MBL,49,4,86,264.00,"22,704.00"
2019-06-26,2019062601006356,MDB,48,59,250,254.00,"63,500.00"
2019-06-26,2019062601006811,MEGA,45,42,170,200.00,"34,000.00"
2019-06-26,2019062601006810,MEGA,45,7,330,200.00,"66,000.00"
2019-06-26,2019062601006778,MEGA,58,7,500,200.00,"100,000.00"
2019-06-26,2019062601006772,MEGA,13,26,253,199.00,"50,347.00"
2019-06-26,2019062601006771,MEGA,48,26,47,199.00,"9,353.00"
2019-06-26,2019062601006698,MEGA,48,7,350,200.00,"70,000.00"
2019-06-26,2019062601006391,MEGA,22,7,100,200.00,"20,000.00"
2019-06-26,2019062601006468,MERO,50,59,43,522.00,"22,446.00"
2019-06-26,2019062601006375,MERO,25,59,107,522.00,"55,854.00"
2019-06-26,2019062601006840,MFIL,52,28,10,126.00,"1,260.00"
2019-06-26,2019062601006642,MFIL,52,43,209,126.00,"26,334.00"
2019-06-26,2019062601006565,MFIL,56,43,10,127.00,"1,270.00"
2019-06-26,2019062601006535,MFIL,32,43,200,127.00,"25,400.00"
2019-06-26,2019062601006564,MHNL,5,42,10,105.00,"1,050.00"
2019-06-26,2019062601006563,MHNL,5,42,30,105.00,"3,150.00"
2019-06-26,2019062601006562,MHNL,5,42,10,105.00,"1,050.00"
2019-06-26,2019062601006444,MLBL,56,45,29,193.00,"5,597.00"
2019-06-26,2019062601006443,MLBL,59,45,42,193.00,"8,106.00"
2019-06-26,2019062601006442,MLBL,59,45,196,193.00,"37,828.00"
2019-06-26,2019062601006785,MNBBL,43,26,50,368.00,"18,400.00"
2019-06-26,2019062601006780,MNBBL,6,17,387,369.00,"142,803.00"
2019-06-26,2019062601006736,MNBBL,49,17,300,369.00,"110,700.00"
2019-06-26,2019062601006735,MNBBL,58,17,211,369.00,"77,859.00"
2019-06-26,2019062601006604,MNBBL,41,17,23,370.00,"8,510.00"
2019-06-26,2019062601006490,MNBBL,41,19,27,370.00,"9,990.00"
2019-06-26,2019062601006421,MNBBL,49,49,"4,920",370.00,"1,820,400.00"
2019-06-26,2019062601006839,MSLB,5,36,19,916.00,"17,404.00"
2019-06-26,2019062601006804,MSLB,48,38,10,912.00,"9,120.00"
2019-06-26,2019062601006769,MSLB,17,52,45,900.00,"40,500.00"
2019-06-26,2019062601006637,MSLB,48,13,10,901.00,"9,010.00"
2019-06-26,2019062601006638,MSLB,17,13,40,900.00,"36,000.00"
2019-06-26,2019062601006580,MSMBS,16,17,42,427.00,"17,934.00"
2019-06-26,2019062601006808,NABIL,1,26,50,804.00,"40,200.00"
2019-06-26,2019062601006782,NABIL,5,35,262,805.00,"210,910.00"
2019-06-26,2019062601006781,NABIL,5,34,238,805.00,"191,590.00"
2019-06-26,2019062601006585,NAGRO,34,34,109,464.00,"50,576.00"
2019-06-26,2019062601006513,NBB,35,39,200,222.00,"44,400.00"
2019-06-26,2019062601006503,NBB,28,45,100,222.00,"22,200.00"
2019-06-26,2019062601006842,NBL,33,39,10,331.00,"3,310.00"
2019-06-26,2019062601006697,NBL,56,29,500,330.00,"165,000.00"
2019-06-26,2019062601006518,NBL,43,51,"1,000",331.00,"331,000.00"
2019-06-26,2019062601006517,NBL,43,14,500,331.00,"165,500.00"
2019-06-26,2019062601006516,NBL,43,32,100,331.00,"33,100.00"
2019-06-26,2019062601006515,NBL,43,28,"1,000",331.00,"331,000.00"
2019-06-26,2019062601006394,NBL,58,33,500,331.00,"165,500.00"
2019-06-26,2019062601006355,NBL,43,45,"1,000",331.00,"331,000.00"
2019-06-26,2019062601006514,NBL,43,51,400,331.00,"132,400.00"
2019-06-26,2019062601006501,NBL,56,48,100,330.00,"33,000.00"
2019-06-26,2019062601006454,NBL,45,51,500,331.00,"165,500.00"
2019-06-26,2019062601006424,NBL,19,51,100,331.00,"33,100.00"
2019-06-26,2019062601006410,NBL,19,38,400,331.00,"132,400.00"
2019-06-26,2019062601006395,NBL,58,36,500,331.00,"165,500.00"
2019-06-26,2019062601006798,NCCB,51,49,200,253.00,"50,600.00"
2019-06-26,2019062601006788,NCCB,51,14,483,253.00,"122,199.00"
2019-06-26,2019062601006787,NCCB,33,14,17,253.00,"4,301.00"
2019-06-26,2019062601006712,NCCB,1,49,200,254.00,"50,800.00"
2019-06-26,2019062601006573,NCCB,33,45,33,253.00,"8,349.00"
2019-06-26,2019062601006572,NCCB,34,45,50,253.00,"12,650.00"
2019-06-26,2019062601006571,NCCB,59,45,500,253.00,"126,500.00"
2019-06-26,2019062601006570,NCCB,36,45,"1,000",253.00,"253,000.00"
2019-06-26,2019062601006569,NCCB,58,45,100,253.00,"25,300.00"
2019-06-26,2019062601006568,NCCB,48,45,200,253.00,"50,600.00"
2019-06-26,2019062601006567,NCCB,47,45,254,253.00,"64,262.00"
2019-06-26,2019062601006393,NCCB,53,49,"1,000",254.00,"254,000.00"
2019-06-26,2019062601006770,NGPL,14,57,11,117.00,"1,287.00"
2019-06-26,2019062601006702,NGPL,57,34,11,118.00,"1,298.00"
2019-06-26,2019062601006725,NHDL,34,56,20,129.00,"2,580.00"
2019-06-26,2019062601006561,NHPC,52,56,10,68.00,680.00
2019-06-26,2019062601006455,NHPC,52,42,50,67.00,"3,350.00"
2019-06-26,2019062601006348,NIB,51,49,350,525.00,"183,750.00"
2019-06-26,2019062601006347,NIB,38,49,20,525.00,"10,500.00"
2019-06-26,2019062601006346,NIB,47,49,100,525.00,"52,500.00"
2019-06-26,2019062601006345,NIB,45,49,40,525.00,"21,000.00"
2019-06-26,2019062601006734,NIBPO,28,52,540,483.00,"260,820.00"
2019-06-26,2019062601006733,NIBPO,11,52,210,483.00,"101,430.00"
2019-06-26,2019062601006711,NIBPO,35,52,200,484.00,"96,800.00"
2019-06-26,2019062601006710,NIBPO,44,52,50,485.00,"24,250.00"
2019-06-26,2019062601006439,NICA,48,52,500,467.00,"233,500.00"
2019-06-26,2019062601006390,NICA,54,52,10,467.00,"4,670.00"
2019-06-26,2019062601006380,NICA,48,8,500,468.00,"234,000.00"
2019-06-26,2019062601006703,NIL,57,57,395,471.00,"186,045.00"
2019-06-26,2019062601006584,NIL,57,57,105,471.00,"49,455.00"
2019-06-26,2019062601006583,NIL,49,57,180,471.00,"84,780.00"
2019-06-26,2019062601006582,NIL,43,57,215,472.00,"101,480.00"
2019-06-26,2019062601006581,NIL,43,57,285,472.00,"134,520.00"
2019-06-26,2019062601006485,NIL,49,37,120,471.00,"56,520.00"
2019-06-26,2019062601006484,NIL,32,37,100,471.00,"47,100.00"
2019-06-26,2019062601006477,NIL,40,57,100,472.00,"47,200.00"
2019-06-26,2019062601006476,NIL,34,57,100,472.00,"47,200.00"
2019-06-26,2019062601006475,NIL,14,57,15,472.00,"7,080.00"
2019-06-26,2019062601006426,NLBBL,52,21,40,490.00,"19,600.00"
2019-06-26,2019062601006425,NLBBL,51,21,160,491.00,"78,560.00"
2019-06-26,2019062601006488,NLG,16,17,83,740.00,"61,420.00"
2019-06-26,2019062601006549,NLIC,44,42,25,892.00,"22,300.00"
2019-06-26,2019062601006548,NLIC,44,42,25,892.00,"22,300.00"
2019-06-26,2019062601006777,NLICL,34,20,20,603.00,"12,060.00"
2019-06-26,2019062601006707,NLICL,28,20,10,603.00,"6,030.00"
2019-06-26,2019062601006776,NNLB,49,1,25,397.00,"9,925.00"
2019-06-26,2019062601006737,NTC,44,22,500,700.00,"350,000.00"
2019-06-26,2019062601006502,NTC,44,34,50,700.00,"35,000.00"
2019-06-26,2019062601006495,NUBL,16,4,110,832.00,"91,520.00"
2019-06-26,2019062601006494,NUBL,56,4,10,833.00,"8,330.00"
2019-06-26,2019062601006493,NUBL,53,4,200,833.00,"166,600.00"
2019-06-26,2019062601006492,NUBL,16,4,10,833.00,"8,330.00"
2019-06-26,2019062601006496,NUBL,45,4,170,832.00,"141,440.00"
2019-06-26,2019062601006717,OHL,16,16,90,626.00,"56,340.00"
2019-06-26,2019062601006716,OHL,21,16,10,626.00,"6,260.00"
2019-06-26,2019062601006344,PCBL,32,39,39,287.00,"11,193.00"
2019-06-26,2019062601006791,PIC,40,57,60,983.00,"58,980.00"
2019-06-26,2019062601006554,PIC,40,41,111,983.00,"109,113.00"
2019-06-26,2019062601006553,PIC,51,41,30,983.00,"29,490.00"
2019-06-26,2019062601006552,PIC,33,41,39,983.00,"38,337.00"
2019-06-26,2019062601006551,PIC,45,41,20,985.00,"19,700.00"
2019-06-26,2019062601006474,PIC,33,6,11,983.00,"10,813.00"
2019-06-26,2019062601006392,PIC,11,6,169,984.00,"166,296.00"
2019-06-26,2019062601006382,PIC,11,25,11,984.00,"10,824.00"
2019-06-26,2019062601006805,PLIC,48,35,10,439.00,"4,390.00"
2019-06-26,2019062601006726,PLIC,48,35,10,439.00,"4,390.00"
2019-06-26,2019062601006402,PMHPL,45,42,10,106.00,"1,060.00"
2019-06-26,2019062601006752,PPCL,6,42,150,148.00,"22,200.00"
2019-06-26,2019062601006751,PPCL,6,42,30,147.00,"4,410.00"
2019-06-26,2019062601006750,PPCL,6,38,30,147.00,"4,410.00"
2019-06-26,2019062601006749,PPCL,6,20,210,147.00,"30,870.00"
2019-06-26,2019062601006748,PPCL,6,32,30,147.00,"4,410.00"
2019-06-26,2019062601006747,PPCL,6,21,30,147.00,"4,410.00"
2019-06-26,2019062601006419,PPCL,14,58,10,140.00,"1,400.00"
2019-06-26,2019062601006621,PPCL,6,54,10,142.00,"1,420.00"
2019-06-26,2019062601006479,PPCL,19,54,490,142.00,"69,580.00"
2019-06-26,2019062601006478,PPCL,19,45,10,141.00,"1,410.00"
2019-06-26,2019062601006627,PPCL,6,40,20,143.00,"2,860.00"
2019-06-26,2019062601006626,PPCL,6,40,10,143.00,"1,430.00"
2019-06-26,2019062601006625,PPCL,6,40,10,143.00,"1,430.00"
2019-06-26,2019062601006624,PPCL,6,40,10,143.00,"1,430.00"
2019-06-26,2019062601006623,PPCL,6,38,20,143.00,"2,860.00"
2019-06-26,2019062601006622,PPCL,6,50,10,143.00,"1,430.00"
2019-06-26,2019062601006633,PPCL,6,40,20,143.00,"2,860.00"
2019-06-26,2019062601006632,PPCL,6,40,20,143.00,"2,860.00"
2019-06-26,2019062601006631,PPCL,6,40,20,143.00,"2,860.00"
2019-06-26,2019062601006630,PPCL,6,40,20,143.00,"2,860.00"
2019-06-26,2019062601006629,PPCL,6,40,20,143.00,"2,860.00"
2019-06-26,2019062601006628,PPCL,6,40,20,143.00,"2,860.00"
2019-06-26,2019062601006653,PPCL,6,39,10,145.00,"1,450.00"
2019-06-26,2019062601006652,PPCL,6,41,30,145.00,"4,350.00"
2019-06-26,2019062601006651,PPCL,6,39,10,145.00,"1,450.00"
2019-06-26,2019062601006636,PPCL,6,58,30,144.00,"4,320.00"
2019-06-26,2019062601006635,PPCL,6,29,10,144.00,"1,440.00"
2019-06-26,2019062601006634,PPCL,6,29,10,144.00,"1,440.00"
2019-06-26,2019062601006659,PPCL,6,39,10,145.00,"1,450.00"
2019-06-26,2019062601006658,PPCL,6,38,30,145.00,"4,350.00"
2019-06-26,2019062601006657,PPCL,6,39,10,145.00,"1,450.00"
2019-06-26,2019062601006656,PPCL,6,39,10,145.00,"1,450.00"
2019-06-26,2019062601006655,PPCL,6,49,10,145.00,"1,450.00"
2019-06-26,2019062601006654,PPCL,6,17,150,145.00,"21,750.00"
2019-06-26,2019062601006665,PPCL,6,39,10,145.00,"1,450.00"
2019-06-26,2019062601006664,PPCL,6,39,10,145.00,"1,450.00"
2019-06-26,2019062601006663,PPCL,6,39,10,145.00,"1,450.00"
2019-06-26,2019062601006662,PPCL,6,39,10,145.00,"1,450.00"
2019-06-26,2019062601006661,PPCL,6,39,10,145.00,"1,450.00"
2019-06-26,2019062601006660,PPCL,6,39,10,145.00,"1,450.00"
2019-06-26,2019062601006671,PPCL,6,39,10,145.00,"1,450.00"
2019-06-26,2019062601006670,PPCL,6,39,10,145.00,"1,450.00"
2019-06-26,2019062601006669,PPCL,6,39,10,145.00,"1,450.00"
2019-06-26,2019062601006668,PPCL,6,39,10,145.00,"1,450.00"
2019-06-26,2019062601006667,PPCL,6,39,10,145.00,"1,450.00"
2019-06-26,2019062601006666,PPCL,6,39,10,145.00,"1,450.00"
2019-06-26,2019062601006677,PPCL,6,39,10,145.00,"1,450.00"
2019-06-26,2019062601006676,PPCL,6,39,10,145.00,"1,450.00"
2019-06-26,2019062601006675,PPCL,6,39,10,145.00,"1,450.00"
2019-06-26,2019062601006674,PPCL,6,39,10,145.00,"1,450.00"
2019-06-26,2019062601006673,PPCL,6,39,10,145.00,"1,450.00"
2019-06-26,2019062601006672,PPCL,6,39,10,145.00,"1,450.00"
2019-06-26,2019062601006683,PPCL,6,54,30,145.00,"4,350.00"
2019-06-26,2019062601006682,PPCL,6,39,10,145.00,"1,450.00"
2019-06-26,2019062601006681,PPCL,6,42,30,145.00,"4,350.00"
2019-06-26,2019062601006680,PPCL,6,19,10,145.00,"1,450.00"
2019-06-26,2019062601006679,PPCL,6,19,10,145.00,"1,450.00"
2019-06-26,2019062601006678,PPCL,6,39,10,145.00,"1,450.00"
2019-06-26,2019062601006689,PPCL,6,11,20,145.00,"2,900.00"
2019-06-26,2019062601006688,PPCL,6,35,30,145.00,"4,350.00"
2019-06-26,2019062601006687,PPCL,6,11,20,145.00,"2,900.00"
2019-06-26,2019062601006686,PPCL,6,11,30,145.00,"4,350.00"
2019-06-26,2019062601006685,PPCL,6,41,100,145.00,"14,500.00"
2019-06-26,2019062601006684,PPCL,6,54,30,145.00,"4,350.00"
2019-06-26,2019062601006695,PPCL,6,35,30,146.00,"4,380.00"
2019-06-26,2019062601006694,PPCL,6,41,30,146.00,"4,380.00"
2019-06-26,2019062601006693,PPCL,6,22,200,146.00,"29,200.00"
2019-06-26,2019062601006692,PPCL,6,34,50,146.00,"7,300.00"
2019-06-26,2019062601006691,PPCL,6,50,550,146.00,"80,300.00"
2019-06-26,2019062601006690,PPCL,6,29,10,145.00,"1,450.00"
2019-06-26,2019062601006746,PPCL,6,20,20,147.00,"2,940.00"
2019-06-26,2019062601006745,PPCL,6,6,200,147.00,"29,400.00"
2019-06-26,2019062601006744,PPCL,6,42,990,147.00,"145,530.00"
2019-06-26,2019062601006743,PPCL,6,54,80,146.00,"11,680.00"
2019-06-26,2019062601006706,PPCL,6,54,60,146.00,"8,760.00"
2019-06-26,2019062601006696,PPCL,6,35,30,146.00,"4,380.00"
2019-06-26,2019062601006799,PRVU,8,6,400,266.00,"106,400.00"
2019-06-26,2019062601006715,PRVU,8,33,919,266.00,"244,454.00"
2019-06-26,2019062601006640,PRVU,8,28,"1,409",266.00,"374,794.00"
2019-06-26,2019062601006522,PRVU,35,33,500,266.00,"133,000.00"
2019-06-26,2019062601006521,PRVU,47,33,50,266.00,"13,300.00"
2019-06-26,2019062601006520,PRVU,52,33,100,266.00,"26,600.00"
2019-06-26,2019062601006519,PRVU,25,33,124,266.00,"32,984.00"
2019-06-26,2019062601006420,PRVU,48,33,500,267.00,"133,500.00"
2019-06-26,2019062601006351,PRVU,41,33,50,267.00,"13,350.00"
2019-06-26,2019062601006528,PRVU,1,33,560,266.00,"148,960.00"
2019-06-26,2019062601006527,PRVU,52,33,100,266.00,"26,600.00"
2019-06-26,2019062601006526,PRVU,25,33,400,266.00,"106,400.00"
2019-06-26,2019062601006525,PRVU,41,33,100,266.00,"26,600.00"
2019-06-26,2019062601006524,PRVU,16,33,50,266.00,"13,300.00"
2019-06-26,2019062601006523,PRVU,59,33,50,266.00,"13,300.00"
2019-06-26,2019062601006606,PRVU,29,34,"1,834",266.00,"487,844.00"
2019-06-26,2019062601006533,PRVU,29,33,166,266.00,"44,156.00"
2019-06-26,2019062601006532,PRVU,34,33,"2,000",266.00,"532,000.00"
2019-06-26,2019062601006531,PRVU,19,33,500,266.00,"133,000.00"
2019-06-26,2019062601006530,PRVU,48,33,200,266.00,"53,200.00"
2019-06-26,2019062601006529,PRVU,42,33,100,266.00,"26,600.00"
2019-06-26,2019062601006612,PRVU,8,34,"1,456",266.00,"387,296.00"
2019-06-26,2019062601006611,PRVU,48,34,500,266.00,"133,000.00"
2019-06-26,2019062601006610,PRVU,38,34,"1,000",266.00,"266,000.00"
2019-06-26,2019062601006609,PRVU,1,34,20,266.00,"5,320.00"
2019-06-26,2019062601006608,PRVU,44,34,10,266.00,"2,660.00"
2019-06-26,2019062601006607,PRVU,17,34,180,266.00,"47,880.00"
2019-06-26,2019062601006432,RADHI,45,58,11,148.00,"1,628.00"
2019-06-26,2019062601006641,RBCL,36,38,80,"9,500.00","760,000.00"
2019-06-26,2019062601006457,RBCLPO,59,19,40,"8,700.00","348,000.00"
2019-06-26,2019062601006498,SBI,56,51,50,462.00,"23,100.00"
2019-06-26,2019062601006546,SBL,39,45,432,322.00,"139,104.00"
2019-06-26,2019062601006545,SBL,4,45,100,322.00,"32,200.00"
2019-06-26,2019062601006544,SBL,4,45,100,322.00,"32,200.00"
2019-06-26,2019062601006543,SBL,4,45,100,322.00,"32,200.00"
2019-06-26,2019062601006542,SBL,14,45,63,322.00,"20,286.00"
2019-06-26,2019062601006541,SBL,39,45,22,322.00,"7,084.00"
2019-06-26,2019062601006416,SCB,49,21,20,661.00,"13,220.00"
2019-06-26,2019062601006605,SHINE,33,40,200,254.00,"50,800.00"
2019-06-26,2019062601006441,SHINE,45,40,100,254.00,"25,400.00"
2019-06-26,2019062601006762,SHIVM,10,36,500,653.00,"326,500.00"
2019-06-26,2019062601006761,SHIVM,32,36,200,653.00,"130,600.00"
2019-06-26,2019062601006760,SHIVM,58,36,50,653.00,"32,650.00"
2019-06-26,2019062601006759,SHIVM,34,36,100,653.00,"65,300.00"
2019-06-26,2019062601006758,SHIVM,56,36,300,653.00,"195,900.00"
2019-06-26,2019062601006757,SHIVM,49,36,200,653.00,"130,600.00"
2019-06-26,2019062601006727,SHIVM,49,7,100,653.00,"65,300.00"
2019-06-26,2019062601006483,SHIVM,59,45,500,654.00,"327,000.00"
2019-06-26,2019062601006423,SHIVM,59,21,"1,500",654.00,"981,000.00"
2019-06-26,2019062601006500,SIC,14,59,50,626.00,"31,300.00"
2019-06-26,2019062601006499,SIC,11,59,20,626.00,"12,520.00"
2019-06-26,2019062601006418,SICL,34,26,90,751.00,"67,590.00"
2019-06-26,2019062601006431,SIL,34,26,97,432.00,"41,904.00"
2019-06-26,2019062601006430,SIL,41,26,56,432.00,"24,192.00"
2019-06-26,2019062601006603,SINDU,55,29,"1,970",137.00,"269,890.00"
2019-06-26,2019062601006602,SINDU,56,29,10,138.00,"1,380.00"
2019-06-26,2019062601006422,SKBBL,50,1,280,944.00,"264,320.00"
2019-06-26,2019062601006705,SLBS,48,41,18,720.00,"12,960.00"
2019-06-26,2019062601006406,SLBSL,41,37,10,524.00,"5,240.00"
2019-06-26,2019062601006350,SLBSL,41,57,10,524.00,"5,240.00"
2019-06-26,2019062601006349,SLBSL,41,29,10,524.00,"5,240.00"
2019-06-26,2019062601006774,SLICL,34,49,10,460.00,"4,600.00"
2019-06-26,2019062601006415,SPARS,42,4,40,473.00,"18,920.00"
2019-06-26,2019062601006414,SPARS,42,22,10,473.00,"4,730.00"
2019-06-26,2019062601006413,SPARS,42,52,30,468.00,"14,040.00"
2019-06-26,2019062601006412,SPARS,42,43,10,465.00,"4,650.00"
2019-06-26,2019062601006411,SPARS,42,34,40,465.00,"18,600.00"
2019-06-26,2019062601006389,SPARS,38,13,10,464.00,"4,640.00"
2019-06-26,2019062601006650,SRBL,33,25,100,252.00,"25,200.00"
2019-06-26,2019062601006790,SWBBL,28,36,49,885.00,"43,365.00"
2019-06-26,2019062601006789,SWBBL,56,36,100,886.00,"88,600.00"
2019-06-26,2019062601006739,TRH,44,58,400,311.00,"124,400.00"
2019-06-26,2019062601006738,TRH,5,58,100,311.00,"31,100.00"
2019-06-26,2019062601006701,TRH,5,28,100,311.00,"31,100.00"
2019-06-26,2019062601006700,TRH,44,28,700,311.00,"217,700.00"
2019-06-26,2019062601006471,TRH,47,28,100,312.00,"31,200.00"
2019-06-26,2019062601006470,TRH,14,28,500,312.00,"156,000.00"
2019-06-26,2019062601006469,TRH,43,28,300,312.00,"93,600.00"
2019-06-26,2019062601006728,UIC,49,49,10,904.00,"9,040.00"
2019-06-26,2019062601006504,UPCL,37,59,50,91.00,"4,550.00"
2019-06-26,2019062601006797,UPPER,32,6,"1,390",265.00,"368,350.00"
2019-06-26,2019062601006796,UPPER,59,6,410,266.00,"109,060.00"
2019-06-26,2019062601006795,UPPER,26,6,200,267.00,"53,400.00"
2019-06-26,2019062601006368,UPPER,41,59,100,270.00,"27,000.00"
2019-06-26,2019062601006367,UPPER,41,41,550,270.00,"148,500.00"
2019-06-26,2019062601006366,UPPER,41,43,550,270.00,"148,500.00"
2019-06-26,2019062601006365,UPPER,41,45,293,270.00,"79,110.00"
2019-06-26,2019062601006343,UPPER,41,22,48,269.00,"12,912.00"
2019-06-26,2019062601006374,UPPER,41,59,270,270.00,"72,900.00"
2019-06-26,2019062601006373,UPPER,41,50,97,270.00,"26,190.00"
2019-06-26,2019062601006372,UPPER,41,57,20,270.00,"5,400.00"
2019-06-26,2019062601006371,UPPER,41,42,40,270.00,"10,800.00"
2019-06-26,2019062601006370,UPPER,41,57,40,270.00,"10,800.00"
2019-06-26,2019062601006369,UPPER,41,57,40,270.00,"10,800.00"
2019-06-26,2019062601006601,UPPER,59,26,40,266.00,"10,640.00"
2019-06-26,2019062601006566,UPPER,59,26,50,266.00,"13,300.00"
2019-06-26,2019062601006505,UPPER,32,21,40,265.00,"10,600.00"
2019-06-26,2019062601006333,ADBL,16,45,300,413.00,"123,900.00"
2019-06-26,2019062601006332,ADBL,59,45,"1,000",413.00,"413,000.00"
2019-06-26,2019062601006331,ADBL,47,45,173,413.00,"71,449.00"
2019-06-26,2019062601006257,ADBL,47,36,327,413.00,"135,051.00"
2019-06-26,2019062601006256,ADBL,22,36,173,413.00,"71,449.00"
2019-06-26,2019062601006148,ADBL,22,58,347,413.00,"143,311.00"
2019-06-26,2019062601006008,ADBL,22,40,480,413.00,"198,240.00"
2019-06-26,2019062601006007,ADBL,21,40,20,413.00,"8,260.00"
2019-06-26,2019062601006173,AHPC,25,35,36,105.00,"3,780.00"
2019-06-26,2019062601006172,AHPC,47,35,500,105.00,"52,500.00"
2019-06-26,2019062601006171,AHPC,45,35,200,105.00,"21,000.00"
2019-06-26,2019062601006170,AHPC,25,35,500,105.00,"52,500.00"
2019-06-26,2019062601006169,AHPC,56,35,400,106.00,"42,400.00"
2019-06-26,2019062601006168,AHPC,37,35,"1,000",106.00,"106,000.00"
2019-06-26,2019062601006167,AHPC,48,35,147,106.00,"15,582.00"
2019-06-26,2019062601006130,AHPC,48,53,53,106.00,"5,618.00"
2019-06-26,2019062601006129,AHPC,37,53,945,106.00,"100,170.00"
2019-06-26,2019062601006147,AKJCL,42,18,20,73.00,"1,460.00"
2019-06-26,2019062601006113,AKJCL,42,42,20,73.00,"1,460.00"
2019-06-26,2019062601006258,AKPL,25,11,30,190.00,"5,700.00"
2019-06-26,2019062601006058,ALBSL,41,32,30,393.00,"11,790.00"
2019-06-26,2019062601006044,ALBSL,51,32,250,394.00,"98,500.00"
2019-06-26,2019062601006043,ALBSL,58,32,30,394.00,"11,820.00"
2019-06-26,2019062601006042,ALBSL,3,32,10,394.00,"3,940.00"
2019-06-26,2019062601006041,ALBSL,41,32,40,394.00,"15,760.00"
2019-06-26,2019062601006040,ALBSL,26,32,90,395.00,"35,550.00"
2019-06-26,2019062601005941,ALBSL,33,40,200,396.00,"79,200.00"
2019-06-26,2019062601005999,ALICL,29,51,20,381.00,"7,620.00"
2019-06-26,2019062601005998,ALICL,49,51,50,381.00,"19,050.00"
2019-06-26,2019062601006195,API,29,29,200,145.00,"29,000.00"
2019-06-26,2019062601005859,BFC,26,39,400,102.00,"40,800.00"
2019-06-26,2019062601006312,BOKL,44,49,50,263.00,"13,150.00"
2019-06-26,2019062601006252,BOKL,59,49,500,263.00,"131,500.00"
2019-06-26,2019062601006233,BOKL,51,49,100,263.00,"26,300.00"
2019-06-26,2019062601006232,BOKL,52,49,200,263.00,"52,600.00"
2019-06-26,2019062601006231,BOKL,59,49,797,263.00,"209,611.00"
2019-06-26,2019062601006120,BOKL,59,57,311,263.00,"81,793.00"
2019-06-26,2019062601006015,BOKL,32,57,"1,000",263.00,"263,000.00"
2019-06-26,2019062601006014,BOKL,20,57,220,263.00,"57,860.00"
2019-06-26,2019062601006081,BOKL,59,49,92,263.00,"24,196.00"
2019-06-26,2019062601006080,BOKL,51,49,73,263.00,"19,199.00"
2019-06-26,2019062601006024,BOKL,41,57,20,264.00,"5,280.00"
2019-06-26,2019062601006023,BOKL,41,52,10,264.00,"2,640.00"
2019-06-26,2019062601006017,BOKL,51,57,227,263.00,"59,701.00"
2019-06-26,2019062601006016,BOKL,57,57,365,263.00,"95,995.00"
2019-06-26,2019062601006212,BPCL,41,49,10,406.00,"4,060.00"
2019-06-26,2019062601006205,CBBL,42,11,450,940.00,"423,000.00"
2019-06-26,2019062601006174,CBBL,57,11,50,940.00,"47,000.00"
2019-06-26,2019062601006063,CBBL,42,22,117,939.00,"109,863.00"
2019-06-26,2019062601006273,CBL,42,50,98,146.00,"14,308.00"
2019-06-26,2019062601006188,CBL,26,19,403,145.00,"58,435.00"
2019-06-26,2019062601006187,CBL,55,19,150,145.00,"21,750.00"
2019-06-26,2019062601006186,CBL,49,19,500,145.00,"72,500.00"
2019-06-26,2019062601006185,CBL,52,19,200,145.00,"29,000.00"
2019-06-26,2019062601006184,CBL,33,19,500,145.00,"72,500.00"
2019-06-26,2019062601006177,CBL,52,19,37,145.00,"5,365.00"
2019-06-26,2019062601006183,CBL,16,19,100,145.00,"14,500.00"
2019-06-26,2019062601006182,CBL,1,19,300,145.00,"43,500.00"
2019-06-26,2019062601006181,CBL,26,19,100,145.00,"14,500.00"
2019-06-26,2019062601006180,CBL,46,19,10,145.00,"1,450.00"
2019-06-26,2019062601006179,CBL,52,19,500,145.00,"72,500.00"
2019-06-26,2019062601006178,CBL,14,19,150,145.00,"21,750.00"
2019-06-26,2019062601006329,CCBL,14,38,40,168.00,"6,720.00"
2019-06-26,2019062601006328,CCBL,14,38,960,168.00,"161,280.00"
2019-06-26,2019062601006035,CCBL,41,38,40,168.00,"6,720.00"
2019-06-26,2019062601006021,CCBL,49,38,41,167.00,"6,847.00"
2019-06-26,2019062601006020,CCBL,45,38,180,167.00,"30,060.00"
2019-06-26,2019062601006019,CCBL,49,38,479,167.00,"79,993.00"
2019-06-26,2019062601006196,CHL,37,18,34,93.00,"3,162.00"
2019-06-26,2019062601006215,CIT,40,21,20,"2,486.00","49,720.00"
2019-06-26,2019062601006066,CIT,41,45,10,"2,490.00","24,900.00"
2019-06-26,2019062601006065,CIT,41,45,10,"2,490.00","24,900.00"
2019-06-26,2019062601006123,CLBSL,4,22,14,505.00,"7,070.00"
2019-06-26,2019062601006122,CLBSL,4,29,11,503.00,"5,533.00"
2019-06-26,2019062601006121,CLBSL,4,55,50,500.00,"25,000.00"
2019-06-26,2019062601005991,CLBSL,5,6,10,498.00,"4,980.00"
2019-06-26,2019062601006036,CZBIL,6,38,98,220.00,"21,560.00"
2019-06-26,2019062601006003,CZBIL,6,47,533,220.00,"117,260.00"
2019-06-26,2019062601006002,CZBIL,34,47,667,220.00,"146,740.00"
2019-06-26,2019062601006022,DBBL,26,58,500,139.00,"69,500.00"
2019-06-26,2019062601006124,DDBL,50,28,80,711.00,"56,880.00"
2019-06-26,2019062601005976,DDBL,50,59,415,711.00,"295,065.00"
2019-06-26,2019062601005975,DDBL,45,59,64,711.00,"45,504.00"
2019-06-26,2019062601006303,EBL,7,25,200,665.00,"133,000.00"
2019-06-26,2019062601006254,EBL,32,8,400,665.00,"266,000.00"
2019-06-26,2019062601006143,EBL,32,43,92,666.00,"61,272.00"
2019-06-26,2019062601006064,EBL,34,43,50,666.00,"33,300.00"
2019-06-26,2019062601006039,EBL,7,20,300,665.00,"199,500.00"
2019-06-26,2019062601005962,EBL,7,19,150,665.00,"99,750.00"
2019-06-26,2019062601005961,EBL,7,56,48,665.00,"31,920.00"
2019-06-26,2019062601005960,EBL,7,38,18,665.00,"11,970.00"
2019-06-26,2019062601005857,EBL,56,38,10,665.00,"6,650.00"
2019-06-26,2019062601005996,EIC,3,11,250,370.00,"92,500.00"
2019-06-26,2019062601006280,FMDBL,56,28,35,383.00,"13,405.00"
2019-06-26,2019062601006000,FMDBL,50,38,90,384.00,"34,560.00"
2019-06-26,2019062601005978,FMDBL,33,38,200,384.00,"76,800.00"
2019-06-26,2019062601005977,FMDBL,56,38,10,384.00,"3,840.00"
2019-06-26,2019062601006294,GBBL,45,28,50,223.00,"11,150.00"
2019-06-26,2019062601006290,GBIME,55,4,300,303.00,"90,900.00"
2019-06-26,2019062601006137,GBIME,35,42,182,302.00,"54,964.00"
2019-06-26,2019062601006136,GBIME,40,42,300,302.00,"90,600.00"
2019-06-26,2019062601006135,GBIME,1,42,200,302.00,"60,400.00"
2019-06-26,2019062601006134,GBIME,58,42,100,302.00,"30,200.00"
2019-06-26,2019062601006133,GBIME,5,42,185,302.00,"55,870.00"
2019-06-26,2019062601006090,GDBL,40,49,240,211.00,"50,640.00"
2019-06-26,2019062601006146,GHL,3,42,20,81.00,"1,620.00"
2019-06-26,2019062601005935,GILB,58,28,80,"1,235.00","98,800.00"
2019-06-26,2019062601005934,GILB,58,14,20,"1,230.00","24,600.00"
2019-06-26,2019062601006315,GLBSL,38,10,10,414.00,"4,140.00"
2019-06-26,2019062601006176,GLBSL,38,8,10,414.00,"4,140.00"
2019-06-26,2019062601005974,GLBSL,32,36,10,415.00,"4,150.00"
2019-06-26,2019062601005970,GLBSL,32,36,10,415.00,"4,150.00"
2019-06-26,2019062601005964,GLBSL,32,36,10,415.00,"4,150.00"
2019-06-26,2019062601005932,GLBSL,42,36,10,420.00,"4,200.00"
2019-06-26,2019062601005924,GLBSL,42,21,10,420.00,"4,200.00"
2019-06-26,2019062601005908,GLBSL,42,21,10,420.00,"4,200.00"
2019-06-26,2019062601005878,GLBSL,42,48,10,420.00,"4,200.00"
2019-06-26,2019062601005848,GLBSL,42,44,10,420.00,"4,200.00"
2019-06-26,2019062601006309,GLICL,11,47,25,483.00,"12,075.00"
2019-06-26,2019062601006308,GMFBS,5,58,10,434.00,"4,340.00"
2019-06-26,2019062601006307,GMFBS,5,39,10,434.00,"4,340.00"
2019-06-26,2019062601006306,GMFBS,5,39,10,434.00,"4,340.00"
2019-06-26,2019062601006292,GMFBS,39,21,10,433.00,"4,330.00"
2019-06-26,2019062601006285,GMFBS,39,21,10,433.00,"4,330.00"
2019-06-26,2019062601006278,GMFBS,39,21,10,433.00,"4,330.00"
2019-06-26,2019062601005868,GMFBS,29,34,10,434.00,"4,340.00"
2019-06-26,2019062601005865,GMFBS,29,47,10,434.00,"4,340.00"
2019-06-26,2019062601005861,GMFBS,29,32,10,434.00,"4,340.00"
2019-06-26,2019062601005858,GMFBS,29,47,10,434.00,"4,340.00"
2019-06-26,2019062601005847,GMFBS,39,44,10,433.00,"4,330.00"
2019-06-26,2019062601005922,GMFBS,21,1,10,436.00,"4,360.00"
2019-06-26,2019062601005921,GMFBS,21,47,10,435.00,"4,350.00"
2019-06-26,2019062601005907,GMFBS,29,47,10,434.00,"4,340.00"
2019-06-26,2019062601005887,GMFBS,29,47,10,434.00,"4,340.00"
2019-06-26,2019062601005875,GMFBS,29,55,10,434.00,"4,340.00"
2019-06-26,2019062601005871,GMFBS,29,16,10,434.00,"4,340.00"
2019-06-26,2019062601005968,GMFBS,29,57,10,436.00,"4,360.00"
2019-06-26,2019062601005959,GMFBS,52,21,10,434.00,"4,340.00"
2019-06-26,2019062601005957,GMFBS,52,34,10,434.00,"4,340.00"
2019-06-26,2019062601005942,GMFBS,29,21,10,434.00,"4,340.00"
2019-06-26,2019062601005933,GMFBS,29,55,10,434.00,"4,340.00"
2019-06-26,2019062601005923,GMFBS,21,1,10,436.00,"4,360.00"
2019-06-26,2019062601006032,GMFBS,42,19,10,436.00,"4,360.00"
2019-06-26,2019062601006031,GMFBS,42,34,10,436.00,"4,360.00"
2019-06-26,2019062601006018,GMFBS,42,18,10,435.00,"4,350.00"
2019-06-26,2019062601006006,GMFBS,42,18,10,435.00,"4,350.00"
2019-06-26,2019062601005973,GMFBS,42,47,10,435.00,"4,350.00"
2019-06-26,2019062601005969,GMFBS,29,47,10,436.00,"4,360.00"
2019-06-26,2019062601006110,GMFBS,52,39,30,434.00,"13,020.00"
2019-06-26,2019062601006103,GMFBS,56,21,10,435.00,"4,350.00"
2019-06-26,2019062601006059,GMFBS,56,8,10,435.00,"4,350.00"
2019-06-26,2019062601006057,GMFBS,56,42,10,437.00,"4,370.00"
2019-06-26,2019062601006056,GMFBS,56,22,10,437.00,"4,370.00"
2019-06-26,2019062601006034,GMFBS,28,8,10,435.00,"4,350.00"
2019-06-26,2019062601006270,GMFBS,39,21,10,433.00,"4,330.00"
2019-06-26,2019062601006263,GMFBS,39,21,10,433.00,"4,330.00"
2019-06-26,2019062601006244,GMFBS,39,21,10,433.00,"4,330.00"
2019-06-26,2019062601006230,GMFBS,39,21,10,433.00,"4,330.00"
2019-06-26,2019062601006219,GMFBS,39,21,10,433.00,"4,330.00"
2019-06-26,2019062601006111,GMFBS,25,39,200,434.00,"86,800.00"
2019-06-26,2019062601006095,GRDBL,3,41,139,114.00,"15,846.00"
2019-06-26,2019062601006068,GRDBL,56,41,10,115.00,"1,150.00"
2019-06-26,2019062601006067,GRDBL,49,41,100,115.00,"11,500.00"
2019-06-26,2019062601006217,HBL,26,58,100,554.00,"55,400.00"
2019-06-26,2019062601006145,HDL,35,54,100,"1,680.00","168,000.00"
2019-06-26,2019062601006144,HDL,47,54,50,"1,681.00","84,050.00"
2019-06-26,2019062601005958,HDL,47,40,50,"1,681.00","84,050.00"
2019-06-26,2019062601005917,HDL,6,56,250,"1,685.00","421,250.00"
2019-06-26,2019062601005916,HDL,6,56,150,"1,687.00","253,050.00"
2019-06-26,2019062601006284,HIDCL,36,16,11,160.00,"1,760.00"
2019-06-26,2019062601006241,HIDCL,8,34,46,159.00,"7,314.00"
2019-06-26,2019062601006175,HIDCL,36,57,500,161.00,"80,500.00"
2019-06-26,2019062601005881,HIDCL,8,36,113,159.00,"17,967.00"
2019-06-26,2019062601005880,HIDCL,16,36,17,159.00,"2,703.00"
2019-06-26,2019062601006001,HURJA,10,58,20,144.00,"2,880.00"
2019-06-26,2019062601005965,HURJA,10,22,20,144.00,"2,880.00"
2019-06-26,2019062601005886,HURJA,10,19,150,144.00,"21,600.00"
2019-06-26,2019062601005885,HURJA,17,19,150,144.00,"21,600.00"
2019-06-26,2019062601006164,IGI,38,35,10,400.00,"4,000.00"
2019-06-26,2019062601006163,IGI,38,55,10,397.00,"3,970.00"
2019-06-26,2019062601006267,JBBL,46,36,"1,000",156.00,"156,000.00"
2019-06-26,2019062601006189,JBBL,56,17,10,157.00,"1,570.00"
2019-06-26,2019062601006079,JBNL,6,59,280,208.00,"58,240.00"
2019-06-26,2019062601006078,JBNL,34,59,96,208.00,"19,968.00"
2019-06-26,2019062601005993,JBNL,34,38,104,208.00,"21,632.00"
2019-06-26,2019062601005992,JBNL,56,38,330,208.00,"68,640.00"
2019-06-26,2019062601006203,JFL,11,6,10,176.00,"1,760.00"
2019-06-26,2019062601006213,JOSHI,22,18,20,82.00,"1,640.00"
2019-06-26,2019062601006102,KBBL,36,1,800,235.00,"188,000.00"
2019-06-26,2019062601006101,KBBL,36,33,"1,000",235.00,"235,000.00"
2019-06-26,2019062601006100,KBBL,36,26,"1,000",235.00,"235,000.00"
2019-06-26,2019062601006099,KBBL,36,25,200,235.00,"47,000.00"
2019-06-26,2019062601006098,KBBL,36,33,"1,000",234.00,"234,000.00"
2019-06-26,2019062601006005,KBBL,49,33,60,234.00,"14,040.00"
2019-06-26,2019062601005995,KBL,11,40,200,212.00,"42,400.00"
2019-06-26,2019062601005994,KBL,34,40,300,212.00,"63,600.00"
2019-06-26,2019062601006246,KKHC,18,18,16,71.00,"1,136.00"
2019-06-26,2019062601006162,KPCL,59,42,10,92.00,920.00
2019-06-26,2019062601006313,KPCL,59,26,30,94.00,"2,820.00"
2019-06-26,2019062601006297,KPCL,59,16,10,93.00,930.00
2019-06-26,2019062601006289,KPCL,59,57,10,93.00,930.00
2019-06-26,2019062601006264,KPCL,59,18,10,92.00,920.00
2019-06-26,2019062601006028,KRBL,41,41,700,114.00,"79,800.00"
2019-06-26,2019062601006027,KRBL,29,41,"1,000",114.00,"114,000.00"
2019-06-26,2019062601006026,KRBL,46,41,300,115.00,"34,500.00"
2019-06-26,2019062601005940,LBBL,33,32,460,196.00,"90,160.00"
2019-06-26,2019062601006302,LBL,42,17,616,219.00,"134,904.00"
2019-06-26,2019062601006301,LBL,1,17,616,219.00,"134,904.00"
2019-06-26,2019062601006268,LBL,39,22,10,220.00,"2,200.00"
2019-06-26,2019062601006094,LBL,1,42,384,219.00,"84,096.00"
2019-06-26,2019062601006093,LBL,56,42,50,219.00,"10,950.00"
2019-06-26,2019062601005954,LBL,41,22,40,220.00,"8,800.00"
2019-06-26,2019062601006132,LICN,25,59,10,"1,599.00","15,990.00"
2019-06-26,2019062601006242,MBL,49,47,444,264.00,"117,216.00"
2019-06-26,2019062601006224,MBL,59,6,863,265.00,"228,695.00"
2019-06-26,2019062601006166,MBL,49,42,470,264.00,"124,080.00"
2019-06-26,2019062601006165,MBL,50,42,30,264.00,"7,920.00"
2019-06-26,2019062601006259,MEGA,48,19,800,199.00,"159,200.00"
2019-06-26,2019062601006076,MEGA,48,42,153,199.00,"30,447.00"
2019-06-26,2019062601006075,MEGA,46,42,100,199.00,"19,900.00"
2019-06-26,2019062601006074,MEGA,39,42,40,199.00,"7,960.00"
2019-06-26,2019062601006073,MEGA,34,42,200,199.00,"39,800.00"
2019-06-26,2019062601006029,MEGA,48,7,100,200.00,"20,000.00"
2019-06-26,2019062601006025,MEGA,5,7,500,200.00,"100,000.00"
2019-06-26,2019062601006272,MERO,25,18,43,522.00,"22,446.00"
2019-06-26,2019062601006271,MERO,36,18,10,522.00,"5,220.00"
2019-06-26,2019062601006030,MERO,42,47,25,523.00,"13,075.00"
2019-06-26,2019062601005872,MERO,34,40,20,525.00,"10,500.00"
2019-06-26,2019062601006262,MHNL,5,16,40,104.00,"4,160.00"
2019-06-26,2019062601006279,MLBBL,10,38,10,421.00,"4,210.00"
2019-06-26,2019062601006112,MNBBL,6,17,100,370.00,"37,000.00"
2019-06-26,2019062601006104,MNBBL,58,49,155,369.00,"57,195.00"
2019-06-26,2019062601006281,MSMBS,41,51,22,424.00,"9,328.00"
2019-06-26,2019062601006323,NABIL,50,34,162,805.00,"130,410.00"
2019-06-26,2019062601006322,NABIL,26,34,100,805.00,"80,500.00"
2019-06-26,2019062601006274,NABIL,45,39,50,806.00,"40,300.00"
2019-06-26,2019062601005856,NABIL,34,39,10,806.00,"8,060.00"
2019-06-26,2019062601006300,NADEP,41,21,10,427.00,"4,270.00"
2019-06-26,2019062601005867,NAGRO,34,32,10,464.00,"4,640.00"
2019-06-26,2019062601005860,NAGRO,34,45,10,464.00,"4,640.00"
2019-06-26,2019062601006276,NBL,56,34,157,330.00,"51,810.00"
2019-06-26,2019062601006275,NBL,56,34,343,330.00,"113,190.00"
2019-06-26,2019062601006249,NBL,16,19,"1,000",331.00,"331,000.00"
2019-06-26,2019062601006211,NBL,38,57,50,331.00,"16,550.00"
2019-06-26,2019062601006210,NBL,20,57,60,331.00,"19,860.00"
2019-06-26,2019062601006116,NBL,20,51,90,331.00,"29,790.00"
2019-06-26,2019062601006037,NBL,56,28,67,330.00,"22,110.00"
2019-06-26,2019062601005967,NBL,49,22,10,331.00,"3,310.00"
2019-06-26,2019062601005845,NBL,16,51,50,331.00,"16,550.00"
2019-06-26,2019062601005844,NBL,16,29,50,331.00,"16,550.00"
2019-06-26,2019062601006107,NBL,56,34,100,330.00,"33,000.00"
2019-06-26,2019062601006072,NBL,43,51,"1,410",331.00,"466,710.00"
2019-06-26,2019062601006071,NBL,43,33,300,331.00,"99,300.00"
2019-06-26,2019062601006070,NBL,43,51,"1,500",331.00,"496,500.00"
2019-06-26,2019062601006069,NBL,43,22,990,331.00,"327,690.00"
2019-06-26,2019062601006061,NBL,56,21,50,330.00,"16,500.00"
2019-06-26,2019062601006330,NCCB,1,49,50,254.00,"12,700.00"
2019-06-26,2019062601006327,NCCB,47,28,246,253.00,"62,238.00"
2019-06-26,2019062601006326,NCCB,25,28,429,253.00,"108,537.00"
2019-06-26,2019062601006277,NCCB,25,45,500,253.00,"126,500.00"
2019-06-26,2019062601006142,NCCB,25,49,71,253.00,"17,963.00"
2019-06-26,2019062601006141,NCCB,37,49,92,253.00,"23,276.00"
2019-06-26,2019062601006038,NCCB,34,22,100,255.00,"25,500.00"
2019-06-26,2019062601006140,NCCB,51,49,500,253.00,"126,500.00"
2019-06-26,2019062601006139,NCCB,19,49,687,253.00,"173,811.00"
2019-06-26,2019062601006127,NCCB,35,49,50,254.00,"12,700.00"
2019-06-26,2019062601006126,NCCB,14,49,100,254.00,"25,400.00"
2019-06-26,2019062601006125,NCCB,16,49,50,254.00,"12,700.00"
2019-06-26,2019062601006119,NCCB,51,22,200,255.00,"51,000.00"
2019-06-26,2019062601006325,NHDL,34,29,10,127.00,"1,270.00"
2019-06-26,2019062601006324,NHDL,34,29,10,127.00,"1,270.00"
2019-06-26,2019062601006197,NHPC,56,42,700,67.00,"46,900.00"
2019-06-26,2019062601006293,NIB,25,28,16,526.00,"8,416.00"
2019-06-26,2019062601006247,NIB,41,28,30,526.00,"15,780.00"
2019-06-26,2019062601006060,NIB,45,47,44,525.00,"23,100.00"
2019-06-26,2019062601005955,NIB,19,28,50,526.00,"26,300.00"
2019-06-26,2019062601006334,NICA,54,38,990,467.00,"462,330.00"
2019-06-26,2019062601006305,NICA,39,38,10,467.00,"4,670.00"
2019-06-26,2019062601006086,NICA,34,8,50,468.00,"23,400.00"
2019-06-26,2019062601006013,NICA,33,54,340,466.00,"158,440.00"
2019-06-26,2019062601006012,NICA,11,54,20,467.00,"9,340.00"
2019-06-26,2019062601005920,NICA,47,28,100,467.00,"46,700.00"
2019-06-26,2019062601005919,NICA,47,36,400,467.00,"186,800.00"
2019-06-26,2019062601005963,NICGF,43,52,"3,000",9.55,"28,650.00"
2019-06-26,2019062601006261,NIL,34,57,100,473.00,"47,300.00"
2019-06-26,2019062601006223,NIL,14,50,25,472.00,"11,800.00"
2019-06-26,2019062601006222,NIL,21,50,25,472.00,"11,800.00"
2019-06-26,2019062601006221,NIL,44,50,100,472.00,"47,200.00"
2019-06-26,2019062601006220,NIL,35,50,50,472.00,"23,600.00"
2019-06-26,2019062601006194,NIL,35,57,50,473.00,"23,650.00"
2019-06-26,2019062601006193,NIL,35,57,50,473.00,"23,650.00"
2019-06-26,2019062601006192,NIL,45,57,170,473.00,"80,410.00"
2019-06-26,2019062601005890,NLG,25,17,10,740.00,"7,400.00"
2019-06-26,2019062601006218,NLIC,14,17,50,891.00,"44,550.00"
2019-06-26,2019062601006209,NLIC,52,42,100,892.00,"89,200.00"
2019-06-26,2019062601006208,NLIC,21,42,75,893.00,"66,975.00"
2019-06-26,2019062601005990,NLIC,50,28,250,895.00,"223,750.00"
2019-06-26,2019062601005971,NLIC,19,28,50,895.00,"44,750.00"
2019-06-26,2019062601006240,NLICL,19,21,20,600.00,"12,000.00"
2019-06-26,2019062601006239,NLICL,17,21,100,600.00,"60,000.00"
2019-06-26,2019062601006238,NLICL,44,21,50,600.00,"30,000.00"
2019-06-26,2019062601006237,NLICL,44,21,50,600.00,"30,000.00"
2019-06-26,2019062601006236,NLICL,50,21,30,600.00,"18,000.00"
2019-06-26,2019062601006082,NLICL,54,13,626,602.00,"376,852.00"
2019-06-26,2019062601006055,NMFBS,33,37,13,"1,465.00","19,045.00"
2019-06-26,2019062601006054,NMFBS,33,40,29,"1,450.00","42,050.00"
2019-06-26,2019062601006053,NMFBS,33,57,15,"1,449.00","21,735.00"
2019-06-26,2019062601006155,NNLB,41,1,50,397.00,"19,850.00"
2019-06-26,2019062601005931,NSEWA,41,13,10,411.00,"4,110.00"
2019-06-26,2019062601005918,NSEWA,41,13,10,411.00,"4,110.00"
2019-06-26,2019062601005911,NSEWA,11,13,10,411.00,"4,110.00"
2019-06-26,2019062601005891,NSEWA,11,13,10,411.00,"4,110.00"
2019-06-26,2019062601005879,NSEWA,11,13,10,411.00,"4,110.00"
2019-06-26,2019062601006154,NTC,44,55,100,700.00,"70,000.00"
2019-06-26,2019062601006153,NTC,44,51,250,700.00,"175,000.00"
2019-06-26,2019062601006152,NTC,44,26,50,700.00,"35,000.00"
2019-06-26,2019062601006151,NTC,44,14,100,700.00,"70,000.00"
2019-06-26,2019062601006150,NTC,44,49,70,700.00,"49,000.00"
2019-06-26,2019062601006115,NTC,39,43,450,698.00,"314,100.00"
2019-06-26,2019062601006114,NTC,39,50,200,698.00,"139,600.00"
2019-06-26,2019062601005972,NTC,44,35,200,696.00,"139,200.00"
2019-06-26,2019062601005889,NTC,44,16,200,696.00,"139,200.00"
2019-06-26,2019062601005888,NTC,1,16,100,696.00,"69,600.00"
2019-06-26,2019062601005866,OHL,50,48,678,628.00,"425,784.00"
2019-06-26,2019062601006310,PCBL,57,14,100,288.00,"28,800.00"
2019-06-26,2019062601006260,PCBL,32,39,337,287.00,"96,719.00"
2019-06-26,2019062601006204,PCBL,16,39,100,287.00,"28,700.00"
2019-06-26,2019062601006092,PCBL,29,39,63,287.00,"18,081.00"
2019-06-26,2019062601006091,PCBL,29,58,137,287.00,"39,319.00"
2019-06-26,2019062601006085,PCBL,52,25,70,286.00,"20,020.00"
2019-06-26,2019062601006084,PCBL,42,25,160,286.00,"45,760.00"
2019-06-26,2019062601006128,PIC,51,58,11,982.00,"10,802.00"
2019-06-26,2019062601006118,PIC,51,58,70,982.00,"68,740.00"
2019-06-26,2019062601006117,PIC,51,58,30,983.00,"29,490.00"
2019-06-26,2019062601006097,PIC,39,6,10,987.00,"9,870.00"
2019-06-26,2019062601006083,PIC,39,6,10,987.00,"9,870.00"
2019-06-26,2019062601006011,PIC,29,6,38,986.00,"37,468.00"
2019-06-26,2019062601005843,PIC,57,50,33,985.00,"32,505.00"
2019-06-26,2019062601005901,PIC,52,41,50,983.00,"49,150.00"
2019-06-26,2019062601005900,PIC,51,41,39,983.00,"38,337.00"
2019-06-26,2019062601005899,PIC,34,41,400,984.00,"393,600.00"
2019-06-26,2019062601005898,PIC,43,41,50,984.00,"49,200.00"
2019-06-26,2019062601005897,PIC,41,41,30,985.00,"29,550.00"
2019-06-26,2019062601005896,PIC,29,41,40,986.00,"39,440.00"
2019-06-26,2019062601006010,PIC,29,29,43,985.00,"42,355.00"
2019-06-26,2019062601005906,PIC,6,41,496,982.00,"487,072.00"
2019-06-26,2019062601005905,PIC,22,41,10,982.00,"9,820.00"
2019-06-26,2019062601005904,PIC,52,41,55,982.00,"54,010.00"
2019-06-26,2019062601005903,PIC,28,41,30,983.00,"29,490.00"
2019-06-26,2019062601005902,PIC,22,41,200,983.00,"196,600.00"
2019-06-26,2019062601006269,PMHPL,41,29,10,107.00,"1,070.00"
2019-06-26,2019062601006255,PMHPL,41,29,10,107.00,"1,070.00"
2019-06-26,2019062601006283,PPCL,14,18,10,140.00,"1,400.00"
2019-06-26,2019062601006253,PPCL,36,45,20,141.00,"2,820.00"
2019-06-26,2019062601006214,PPCL,36,33,10,141.00,"1,410.00"
2019-06-26,2019062601006191,PPCL,36,33,10,141.00,"1,410.00"
2019-06-26,2019062601006149,PPCL,36,33,30,141.00,"4,230.00"
2019-06-26,2019062601006138,PPCL,36,33,30,141.00,"4,230.00"
2019-06-26,2019062601006295,PRIN,22,52,83,374.00,"31,042.00"
2019-06-26,2019062601006096,PRIN,37,52,150,374.00,"56,100.00"
2019-06-26,2019062601005943,PRIN,16,52,100,374.00,"37,400.00"
2019-06-26,2019062601005884,PRIN,51,52,300,374.00,"112,200.00"
2019-06-26,2019062601005883,PRIN,7,52,109,374.00,"40,766.00"
2019-06-26,2019062601005882,PRIN,19,52,50,375.00,"18,750.00"
2019-06-26,2019062601006314,PRVU,34,33,20,267.00,"5,340.00"
2019-06-26,2019062601006311,PRVU,45,33,200,267.00,"53,400.00"
2019-06-26,2019062601006248,PRVU,47,33,700,267.00,"186,900.00"
2019-06-26,2019062601006225,PRVU,25,33,50,267.00,"13,350.00"
2019-06-26,2019062601006190,PRVU,38,33,"1,100",267.00,"293,700.00"
2019-06-26,2019062601005869,PRVU,43,33,39,267.00,"10,413.00"
2019-06-26,2019062601005864,PRVU,35,36,361,266.00,"96,026.00"
2019-06-26,2019062601005846,PRVU,10,33,500,267.00,"133,500.00"
2019-06-26,2019062601006089,PRVU,25,52,76,266.00,"20,216.00"
2019-06-26,2019062601006088,PRVU,38,52,50,266.00,"13,300.00"
2019-06-26,2019062601006087,PRVU,35,52,"1,174",266.00,"312,284.00"
2019-06-26,2019062601005909,PRVU,35,40,300,266.00,"79,800.00"
2019-06-26,2019062601005876,PRVU,16,33,"1,000",267.00,"267,000.00"
2019-06-26,2019062601005870,PRVU,43,33,461,267.00,"123,087.00"
2019-06-26,2019062601005988,RADHI,14,28,200,149.00,"29,800.00"
2019-06-26,2019062601005987,RADHI,38,28,100,149.00,"14,900.00"
2019-06-26,2019062601005986,RADHI,57,28,313,150.00,"46,950.00"
2019-06-26,2019062601005985,RADHI,50,28,100,150.00,"15,000.00"
2019-06-26,2019062601005984,RADHI,52,28,45,150.00,"6,750.00"
2019-06-26,2019062601005983,RADHI,44,28,340,151.00,"51,340.00"
2019-06-26,2019062601005982,RADHI,38,28,100,151.00,"15,100.00"
2019-06-26,2019062601005981,RADHI,22,28,234,151.00,"35,334.00"
2019-06-26,2019062601005980,RADHI,21,28,156,152.00,"23,712.00"
2019-06-26,2019062601005979,RADHI,45,28,200,153.00,"30,600.00"
2019-06-26,2019062601006207,RBCLPO,59,49,10,"8,700.00","87,000.00"
2019-06-26,2019062601006206,RBCLPO,33,49,10,"8,750.00","87,500.00"
2019-06-26,2019062601005874,RMDC,35,19,14,656.00,"9,184.00"
2019-06-26,2019062601005873,RMDC,35,45,10,656.00,"6,560.00"
2019-06-26,2019062601006251,RRHP,22,22,10,114.00,"1,140.00"
2019-06-26,2019062601006250,RRHP,22,28,10,113.00,"1,130.00"
2019-06-26,2019062601006202,RRHP,22,19,300,112.00,"33,600.00"
2019-06-26,2019062601006201,RRHP,22,57,10,111.00,"1,110.00"
2019-06-26,2019062601006200,RRHP,22,38,10,111.00,"1,110.00"
2019-06-26,2019062601006199,RRHP,22,57,10,111.00,"1,110.00"
2019-06-26,2019062601006198,RRHP,22,47,10,111.00,"1,110.00"
2019-06-26,2019062601005915,RSDC,57,32,120,348.00,"41,760.00"
2019-06-26,2019062601005914,RSDC,14,32,30,348.00,"10,440.00"
2019-06-26,2019062601005913,RSDC,42,32,50,349.00,"17,450.00"
2019-06-26,2019062601006228,SANIMA,56,20,"3,000",349.00,"1,047,000.00"
2019-06-26,2019062601006227,SANIMA,3,20,50,349.00,"17,450.00"
2019-06-26,2019062601006282,SBI,56,52,84,460.00,"38,640.00"
2019-06-26,2019062601005863,SBL,16,52,510,323.00,"164,730.00"
2019-06-26,2019062601005862,SBL,16,39,910,323.00,"293,930.00"
2019-06-26,2019062601005855,SBL,39,36,28,322.00,"9,016.00"
2019-06-26,2019062601005854,SBL,39,36,50,322.00,"16,100.00"
2019-06-26,2019062601005853,SBL,39,36,50,322.00,"16,100.00"
2019-06-26,2019062601005852,SBL,39,36,50,322.00,"16,100.00"
2019-06-26,2019062601005851,SBL,39,36,50,322.00,"16,100.00"
2019-06-26,2019062601005850,SBL,39,36,100,322.00,"32,200.00"
2019-06-26,2019062601005849,SBL,39,36,17,322.00,"5,474.00"
2019-06-26,2019062601006304,SDESI,22,18,13,557.00,"7,241.00"
2019-06-26,2019062601006245,SHINE,6,40,60,254.00,"15,240.00"
2019-06-26,2019062601005956,SHINE,19,40,"1,000",253.00,"253,000.00"
2019-06-26,2019062601006266,SHIVM,56,38,100,654.00,"65,400.00"
2019-06-26,2019062601006265,SHIVM,56,57,50,654.00,"32,700.00"
2019-06-26,2019062601006216,SHIVM,49,26,100,653.00,"65,300.00"
2019-06-26,2019062601006004,SHIVM,34,57,50,654.00,"32,700.00"
2019-06-26,2019062601005910,SHIVM,16,26,153,654.00,"100,062.00"
2019-06-26,2019062601006052,SHPC,13,39,20,247.00,"4,940.00"
2019-06-26,2019062601006051,SHPC,45,39,"1,000",248.00,"248,000.00"
2019-06-26,2019062601006050,SHPC,34,39,500,248.00,"124,000.00"
2019-06-26,2019062601006049,SHPC,33,39,500,248.00,"124,000.00"
2019-06-26,2019062601006048,SHPC,14,39,180,248.00,"44,640.00"
2019-06-26,2019062601006047,SHPC,25,39,100,249.00,"24,900.00"
2019-06-26,2019062601006046,SHPC,25,39,500,249.00,"124,500.00"
2019-06-26,2019062601006045,SHPC,19,39,200,250.00,"50,000.00"
2019-06-26,2019062601006161,SICL,58,19,50,750.00,"37,500.00"
2019-06-26,2019062601006160,SICL,52,19,50,750.00,"37,500.00"
2019-06-26,2019062601006159,SICL,5,19,100,750.00,"75,000.00"
2019-06-26,2019062601006158,SICL,34,19,100,751.00,"75,100.00"
2019-06-26,2019062601006157,SICL,51,19,50,752.00,"37,600.00"
2019-06-26,2019062601006156,SICL,45,19,50,755.00,"37,750.00"
2019-06-26,2019062601005877,SICL,51,34,50,756.00,"37,800.00"
2019-06-26,2019062601006131,SIL,25,13,19,435.00,"8,265.00"
2019-06-26,2019062601006109,SIL,41,40,44,432.00,"19,008.00"
2019-06-26,2019062601006108,SIL,56,40,100,433.00,"43,300.00"
2019-06-26,2019062601006033,SIL,6,50,100,434.00,"43,400.00"
2019-06-26,2019062601005989,SIL,41,50,100,434.00,"43,400.00"
2019-06-26,2019062601006229,SLICL,59,42,100,453.00,"45,300.00"
2019-06-26,2019062601006009,SLICL,44,44,130,455.00,"59,150.00"
2019-06-26,2019062601005997,SLICL,59,17,200,453.00,"90,600.00"
2019-06-26,2019062601005930,SLICL,36,22,20,454.00,"9,080.00"
2019-06-26,2019062601005929,SLICL,25,22,150,454.00,"68,100.00"
2019-06-26,2019062601005928,SLICL,59,22,500,454.00,"227,000.00"
2019-06-26,2019062601005892,SLICL,45,44,90,456.00,"41,040.00"
2019-06-26,2019062601005927,SLICL,17,22,100,454.00,"45,400.00"
2019-06-26,2019062601005926,SLICL,34,22,50,454.00,"22,700.00"
2019-06-26,2019062601005925,SLICL,50,22,20,454.00,"9,080.00"
2019-06-26,2019062601005895,SLICL,41,44,55,455.00,"25,025.00"
2019-06-26,2019062601005894,SLICL,37,44,200,455.00,"91,000.00"
2019-06-26,2019062601005893,SLICL,1,44,25,455.00,"11,375.00"
2019-06-26,2019062601006226,SPARS,38,42,10,464.00,"4,640.00"
2019-06-26,2019062601005953,SPARS,38,34,100,464.00,"46,400.00"
2019-06-26,2019062601005952,SPARS,38,29,10,462.00,"4,620.00"
2019-06-26,2019062601005939,SPARS,38,45,10,460.00,"4,600.00"
2019-06-26,2019062601005938,SPARS,38,13,10,459.00,"4,590.00"
2019-06-26,2019062601005937,SPARS,38,13,10,459.00,"4,590.00"
2019-06-26,2019062601005936,SPARS,38,34,78,459.00,"35,802.00"
2019-06-26,2019062601006321,SPDL,45,18,59,91.00,"5,369.00"
2019-06-26,2019062601006106,SRBL,29,52,690,251.00,"173,190.00"
2019-06-26,2019062601006105,SRBL,56,52,10,252.00,"2,520.00"
2019-06-26,2019062601006062,TRH,28,57,100,313.00,"31,300.00"
2019-06-26,2019062601006299,UIC,17,49,50,900.00,"45,000.00"
2019-06-26,2019062601006298,UIC,6,49,40,900.00,"36,000.00"
2019-06-26,2019062601006288,UIC,6,49,110,900.00,"99,000.00"
2019-06-26,2019062601006287,UIC,17,49,10,900.00,"9,000.00"
2019-06-26,2019062601006286,UIC,5,49,100,902.00,"90,200.00"
2019-06-26,2019062601006291,UMHL,17,18,23,110.00,"2,530.00"
2019-06-26,2019062601006077,UPCL,22,59,250,92.00,"23,000.00"
2019-06-26,2019062601006342,UPPER,41,58,250,269.00,"67,250.00"
2019-06-26,2019062601006341,UPPER,41,34,500,269.00,"134,500.00"
2019-06-26,2019062601006340,UPPER,41,50,200,269.00,"53,800.00"
2019-06-26,2019062601006339,UPPER,41,26,200,269.00,"53,800.00"
2019-06-26,2019062601006338,UPPER,41,59,200,269.00,"53,800.00"
2019-06-26,2019062601006337,UPPER,41,11,841,269.00,"226,229.00"
2019-06-26,2019062601005966,UPPER,59,16,50,267.00,"13,350.00"
2019-06-26,2019062601005946,UPPER,20,43,185,268.00,"49,580.00"
2019-06-26,2019062601005945,UPPER,11,43,10,268.00,"2,680.00"
2019-06-26,2019062601005944,UPPER,47,43,344,268.00,"92,192.00"
2019-06-26,2019062601005912,UPPER,20,11,109,269.00,"29,321.00"
2019-06-26,2019062601006243,UPPER,44,42,200,266.00,"53,200.00"
2019-06-26,2019062601006235,UPPER,44,39,300,266.00,"79,800.00"
2019-06-26,2019062601006234,UPPER,59,39,450,267.00,"120,150.00"
2019-06-26,2019062601006316,UPPER,44,34,829,266.00,"220,514.00"
2019-06-26,2019062601006296,UPPER,1,43,200,268.00,"53,600.00"
2019-06-26,2019062601006336,UPPER,41,36,500,268.00,"134,000.00"
2019-06-26,2019062601006335,UPPER,41,43,761,268.00,"203,948.00"
2019-06-26,2019062601006320,UPPER,45,34,55,266.00,"14,630.00"
2019-06-26,2019062601006319,UPPER,10,34,500,266.00,"133,000.00"
2019-06-26,2019062601006318,UPPER,55,34,"1,000",266.00,"266,000.00"
2019-06-26,2019062601006317,UPPER,41,34,"1,000",266.00,"266,000.00"
2019-06-26,2019062601005951,VLBS,29,59,20,480.00,"9,600.00"
2019-06-26,2019062601005950,VLBS,58,59,38,482.00,"18,316.00"
2019-06-26,2019062601005949,VLBS,34,59,10,484.00,"4,840.00"
2019-06-26,2019062601005948,VLBS,42,59,60,485.00,"29,100.00"
2019-06-26,2019062601005947,VLBS,22,59,209,486.00,"101,574.00"
2019-06-26,2019062601005701,ADBL,21,45,500,413.00,"206,500.00"
2019-06-26,2019062601005645,ADBL,21,34,27,413.00,"11,151.00"
2019-06-26,2019062601005609,ADBL,39,52,100,414.00,"41,400.00"
2019-06-26,2019062601005462,ADBL,39,55,100,414.00,"41,400.00"
2019-06-26,2019062601005426,AHPC,37,16,55,106.00,"5,830.00"
2019-06-26,2019062601005425,AHPC,32,16,245,106.00,"25,970.00"
2019-06-26,2019062601005696,AKJCL,45,45,20,74.00,"1,480.00"
2019-06-26,2019062601005567,AKJCL,45,45,20,74.00,"1,480.00"
2019-06-26,2019062601005386,AKJCL,45,45,20,74.00,"1,480.00"
2019-06-26,2019062601005718,AKPL,49,51,13,187.00,"2,431.00"
2019-06-26,2019062601005708,AKPL,25,11,20,190.00,"3,800.00"
2019-06-26,2019062601005431,ALBSL,45,45,10,397.00,"3,970.00"
2019-06-26,2019062601005577,API,25,29,140,145.00,"20,300.00"
2019-06-26,2019062601005576,API,25,52,10,144.00,"1,440.00"
2019-06-26,2019062601005756,BFC,26,39,489,102.00,"49,878.00"
2019-06-26,2019062601005755,BFC,56,39,10,103.00,"1,030.00"
2019-06-26,2019062601005754,BFC,42,39,25,103.00,"2,575.00"
2019-06-26,2019062601005753,BFC,13,39,176,103.00,"18,128.00"
2019-06-26,2019062601005814,BOKL,20,25,150,263.00,"39,450.00"
2019-06-26,2019062601005785,BOKL,20,25,130,263.00,"34,190.00"
2019-06-26,2019062601005719,BOKL,38,52,500,264.00,"132,000.00"
2019-06-26,2019062601005500,BOKL,45,57,500,264.00,"132,000.00"
2019-06-26,2019062601005495,BOKL,57,57,250,264.00,"66,000.00"
2019-06-26,2019062601005494,BOKL,21,57,500,264.00,"132,000.00"
2019-06-26,2019062601005493,BOKL,47,57,50,264.00,"13,200.00"
2019-06-26,2019062601005492,BOKL,55,57,200,264.00,"52,800.00"
2019-06-26,2019062601005491,BOKL,59,57,500,264.00,"132,000.00"
2019-06-26,2019062601005490,BOKL,45,57,100,264.00,"26,400.00"
2019-06-26,2019062601005489,BOKL,50,57,88,264.00,"23,232.00"
2019-06-26,2019062601005433,BPCL,22,25,173,405.00,"70,065.00"
2019-06-26,2019062601005432,BPCL,22,25,11,405.00,"4,455.00"
2019-06-26,2019062601005440,CBL,35,50,100,146.00,"14,600.00"
2019-06-26,2019062601005439,CBL,19,50,167,146.00,"24,382.00"
2019-06-26,2019062601005773,CCBL,49,39,21,167.00,"3,507.00"
2019-06-26,2019062601005600,CCBL,59,37,182,168.00,"30,576.00"
2019-06-26,2019062601005599,CCBL,59,45,200,168.00,"33,600.00"
2019-06-26,2019062601005598,CCBL,59,29,23,168.00,"3,864.00"
2019-06-26,2019062601005597,CCBL,59,52,383,168.00,"64,344.00"
2019-06-26,2019062601005450,CCBL,38,38,500,167.00,"83,500.00"
2019-06-26,2019062601005375,CCBL,59,37,"1,000",167.00,"167,000.00"
2019-06-26,2019062601005364,CCBL,59,50,587,167.00,"98,029.00"
2019-06-26,2019062601005485,CFCL,33,28,170,118.00,"20,060.00"
2019-06-26,2019062601005681,CHCL,17,51,177,512.00,"90,624.00"
2019-06-26,2019062601005390,CHCL,42,22,940,512.00,"481,280.00"
2019-06-26,2019062601005389,CHCL,42,46,50,512.00,"25,600.00"
2019-06-26,2019062601005581,CIT,51,45,50,"2,490.00","124,500.00"
2019-06-26,2019062601005714,CMF1,43,50,"1,000",9.59,"9,590.00"
2019-06-26,2019062601005456,CMF1,43,58,500,9.41,"4,705.00"
2019-06-26,2019062601005547,CORBL,34,25,90,120.00,"10,800.00"
2019-06-26,2019062601005780,CZBIL,34,38,333,220.00,"73,260.00"
2019-06-26,2019062601005531,CZBIL,50,58,"1,000",220.00,"220,000.00"
2019-06-26,2019062601005530,CZBIL,56,58,263,220.00,"57,860.00"
2019-06-26,2019062601005615,DBBL,16,54,77,138.00,"10,626.00"
2019-06-26,2019062601005614,DBBL,39,54,100,138.00,"13,800.00"
2019-06-26,2019062601005613,DBBL,34,54,123,138.00,"16,974.00"
2019-06-26,2019062601005527,DBBL,34,16,50,138.00,"6,900.00"
2019-06-26,2019062601005460,DDBL,45,7,136,711.00,"96,696.00"
2019-06-26,2019062601005459,DDBL,56,7,10,712.00,"7,120.00"
2019-06-26,2019062601005458,DDBL,20,7,74,712.00,"52,688.00"
2019-06-26,2019062601005502,DHPL,14,40,10,68.00,680.00
2019-06-26,2019062601005730,EIC,5,34,200,369.00,"73,800.00"
2019-06-26,2019062601005504,FMDBL,56,14,190,384.00,"72,960.00"
2019-06-26,2019062601005503,FMDBL,56,14,10,384.00,"3,840.00"
2019-06-26,2019062601005683,FOWAD,40,52,19,"1,330.00","25,270.00"
2019-06-26,2019062601005679,FOWAD,49,52,10,"1,330.00","13,300.00"
2019-06-26,2019062601005667,FOWAD,40,52,19,"1,331.00","25,289.00"
2019-06-26,2019062601005833,GBBL,49,49,"2,000",225.00,"450,000.00"
2019-06-26,2019062601005832,GBBL,49,16,100,225.00,"22,500.00"
2019-06-26,2019062601005831,GBBL,49,41,110,225.00,"24,750.00"
2019-06-26,2019062601005830,GBBL,49,14,220,225.00,"49,500.00"
2019-06-26,2019062601005638,GBBL,56,14,12,224.00,"2,688.00"
2019-06-26,2019062601005406,GBIME,35,34,15,304.00,"4,560.00"
2019-06-26,2019062601005377,GBIME,1,34,10,304.00,"3,040.00"
2019-06-26,2019062601005835,GBLBS,16,26,50,359.00,"17,950.00"
2019-06-26,2019062601005461,GDBL,49,49,"4,000",212.00,"848,000.00"
2019-06-26,2019062601005643,GILB,58,28,12,"1,235.00","14,820.00"
2019-06-26,2019062601005642,GILB,58,6,22,"1,234.00","27,148.00"
2019-06-26,2019062601005641,GILB,58,6,22,"1,234.00","27,148.00"
2019-06-26,2019062601005640,GILB,58,6,22,"1,234.00","27,148.00"
2019-06-26,2019062601005639,GILB,58,6,22,"1,234.00","27,148.00"
2019-06-26,2019062601005779,GLBSL,42,59,10,420.00,"4,200.00"
2019-06-26,2019062601005778,GLBSL,42,59,10,420.00,"4,200.00"
2019-06-26,2019062601005717,GLBSL,32,41,10,415.00,"4,150.00"
2019-06-26,2019062601005703,GLBSL,32,41,10,415.00,"4,150.00"
2019-06-26,2019062601005628,GLBSL,38,44,10,414.00,"4,140.00"
2019-06-26,2019062601005619,GLBSL,38,44,10,414.00,"4,140.00"
2019-06-26,2019062601005384,GLBSL,50,57,10,428.00,"4,280.00"
2019-06-26,2019062601005556,GLBSL,41,44,10,415.00,"4,150.00"
2019-06-26,2019062601005551,GLBSL,41,1,10,415.00,"4,150.00"
2019-06-26,2019062601005549,GLBSL,41,44,10,415.00,"4,150.00"
2019-06-26,2019062601005528,GLBSL,41,44,10,415.00,"4,150.00"
2019-06-26,2019062601005470,GLBSL,50,42,10,420.00,"4,200.00"
2019-06-26,2019062601005410,GLBSL,50,42,10,420.00,"4,200.00"
2019-06-26,2019062601005616,GLBSL,38,44,10,414.00,"4,140.00"
2019-06-26,2019062601005602,GLBSL,38,44,10,414.00,"4,140.00"
2019-06-26,2019062601005592,GLBSL,41,44,10,415.00,"4,150.00"
2019-06-26,2019062601005580,GLBSL,41,44,10,415.00,"4,150.00"
2019-06-26,2019062601005571,GLBSL,41,44,10,415.00,"4,150.00"
2019-06-26,2019062601005558,GLBSL,41,55,10,415.00,"4,150.00"
2019-06-26,2019062601005839,GMFBS,39,55,10,433.00,"4,330.00"
2019-06-26,2019062601005837,GMFBS,39,44,10,433.00,"4,330.00"
2019-06-26,2019062601005828,GMFBS,39,44,10,433.00,"4,330.00"
2019-06-26,2019062601005823,GMFBS,39,44,10,433.00,"4,330.00"
2019-06-26,2019062601005806,GMFBS,39,44,10,433.00,"4,330.00"
2019-06-26,2019062601005802,GMFBS,39,55,10,433.00,"4,330.00"
2019-06-26,2019062601005353,GMFBS,39,58,10,434.00,"4,340.00"
2019-06-26,2019062601005395,GMFBS,56,3,10,433.00,"4,330.00"
2019-06-26,2019062601005391,GMFBS,39,39,100,434.00,"43,400.00"
2019-06-26,2019062601005383,GMFBS,39,39,10,434.00,"4,340.00"
2019-06-26,2019062601005382,GMFBS,39,33,10,434.00,"4,340.00"
2019-06-26,2019062601005371,GMFBS,39,1,10,434.00,"4,340.00"
2019-06-26,2019062601005361,GMFBS,39,57,10,434.00,"4,340.00"
2019-06-26,2019062601005414,GMFBS,32,42,10,434.00,"4,340.00"
2019-06-26,2019062601005413,GMFBS,39,57,10,433.00,"4,330.00"
2019-06-26,2019062601005411,GMFBS,39,3,10,433.00,"4,330.00"
2019-06-26,2019062601005400,GMFBS,39,33,10,433.00,"4,330.00"
2019-06-26,2019062601005399,GMFBS,39,57,10,433.00,"4,330.00"
2019-06-26,2019062601005396,GMFBS,56,50,10,433.00,"4,330.00"
2019-06-26,2019062601005446,GMFBS,32,58,10,434.00,"4,340.00"
2019-06-26,2019062601005445,GMFBS,32,42,10,434.00,"4,340.00"
2019-06-26,2019062601005441,GMFBS,32,44,10,434.00,"4,340.00"
2019-06-26,2019062601005434,GMFBS,32,44,10,434.00,"4,340.00"
2019-06-26,2019062601005429,GMFBS,32,44,10,434.00,"4,340.00"
2019-06-26,2019062601005415,GMFBS,32,45,10,434.00,"4,340.00"
2019-06-26,2019062601005478,GMFBS,32,44,10,434.00,"4,340.00"
2019-06-26,2019062601005468,GMFBS,32,44,10,434.00,"4,340.00"
2019-06-26,2019062601005466,GMFBS,32,44,10,434.00,"4,340.00"
2019-06-26,2019062601005452,GMFBS,32,44,10,434.00,"4,340.00"
2019-06-26,2019062601005451,GMFBS,32,42,10,434.00,"4,340.00"
2019-06-26,2019062601005447,GMFBS,32,44,10,434.00,"4,340.00"
2019-06-26,2019062601005538,GMFBS,16,39,10,436.00,"4,360.00"
2019-06-26,2019062601005529,GMFBS,32,45,10,434.00,"4,340.00"
2019-06-26,2019062601005523,GMFBS,13,1,10,435.00,"4,350.00"
2019-06-26,2019062601005515,GMFBS,32,44,10,434.00,"4,340.00"
2019-06-26,2019062601005501,GMFBS,32,44,10,434.00,"4,340.00"
2019-06-26,2019062601005481,GMFBS,32,44,10,434.00,"4,340.00"
2019-06-26,2019062601005559,GMFBS,32,42,10,434.00,"4,340.00"
2019-06-26,2019062601005552,GMFBS,32,56,10,434.00,"4,340.00"
2019-06-26,2019062601005542,GMFBS,16,22,10,437.00,"4,370.00"
2019-06-26,2019062601005541,GMFBS,16,22,10,437.00,"4,370.00"
2019-06-26,2019062601005540,GMFBS,16,44,10,436.00,"4,360.00"
2019-06-26,2019062601005539,GMFBS,16,44,10,436.00,"4,360.00"
2019-06-26,2019062601005706,GMFBS,45,44,10,434.00,"4,340.00"
2019-06-26,2019062601005697,GMFBS,56,44,10,435.00,"4,350.00"
2019-06-26,2019062601005688,GMFBS,56,44,10,435.00,"4,350.00"
2019-06-26,2019062601005621,GMFBS,55,45,10,436.00,"4,360.00"
2019-06-26,2019062601005579,GMFBS,45,38,10,434.00,"4,340.00"
2019-06-26,2019062601005572,GMFBS,32,49,10,434.00,"4,340.00"
2019-06-26,2019062601005747,GMFBS,45,44,10,434.00,"4,340.00"
2019-06-26,2019062601005738,GMFBS,45,44,10,434.00,"4,340.00"
2019-06-26,2019062601005728,GMFBS,45,44,10,434.00,"4,340.00"
2019-06-26,2019062601005723,GMFBS,45,50,10,434.00,"4,340.00"
2019-06-26,2019062601005721,GMFBS,45,44,10,434.00,"4,340.00"
2019-06-26,2019062601005715,GMFBS,45,44,10,434.00,"4,340.00"
2019-06-26,2019062601005786,GMFBS,52,44,10,434.00,"4,340.00"
2019-06-26,2019062601005784,GMFBS,52,55,10,434.00,"4,340.00"
2019-06-26,2019062601005781,GMFBS,52,38,10,434.00,"4,340.00"
2019-06-26,2019062601005775,GMFBS,52,44,10,434.00,"4,340.00"
2019-06-26,2019062601005766,GMFBS,52,38,10,434.00,"4,340.00"
2019-06-26,2019062601005762,GMFBS,45,44,10,434.00,"4,340.00"
2019-06-26,2019062601005595,HBL,32,58,500,553.00,"276,500.00"
2019-06-26,2019062601005480,HBL,42,58,10,557.00,"5,570.00"
2019-06-26,2019062601005401,HBL,42,58,10,557.00,"5,570.00"
2019-06-26,2019062601005836,HDL,6,39,100,"1,687.00","168,700.00"
2019-06-26,2019062601005444,HIDCL,41,55,100,160.00,"16,000.00"
2019-06-26,2019062601005443,HIDCL,36,55,300,160.00,"48,000.00"
2019-06-26,2019062601005442,HIDCL,48,55,42,160.00,"6,720.00"
2019-06-26,2019062601005545,HPPL,42,44,10,179.00,"1,790.00"
2019-06-26,2019062601005544,HPPL,42,57,10,178.00,"1,780.00"
2019-06-26,2019062601005543,HPPL,42,5,20,177.00,"3,540.00"
2019-06-26,2019062601005521,HPPL,53,52,10,176.00,"1,760.00"
2019-06-26,2019062601005777,HURJA,45,51,10,143.00,"1,430.00"
2019-06-26,2019062601005776,HURJA,3,51,10,144.00,"1,440.00"
2019-06-26,2019062601005704,HURJA,3,32,20,144.00,"2,880.00"
2019-06-26,2019062601005668,HURJA,3,19,20,144.00,"2,880.00"
2019-06-26,2019062601005554,HURJA,29,34,100,144.00,"14,400.00"
2019-06-26,2019062601005479,HURJA,45,16,20,143.00,"2,860.00"
2019-06-26,2019062601005403,HURJA,45,42,20,143.00,"2,860.00"
2019-06-26,2019062601005369,HURJA,45,53,10,143.00,"1,430.00"
2019-06-26,2019062601005646,JBNL,56,52,100,208.00,"20,800.00"
2019-06-26,2019062601005590,JBNL,56,4,500,208.00,"104,000.00"
2019-06-26,2019062601005589,JBNL,56,19,600,208.00,"124,800.00"
2019-06-26,2019062601005588,JBNL,56,28,"2,000",208.00,"416,000.00"
2019-06-26,2019062601005587,JBNL,56,40,200,208.00,"41,600.00"
2019-06-26,2019062601005586,JBNL,56,57,300,208.00,"62,400.00"
2019-06-26,2019062601005585,JBNL,56,7,"1,000",208.00,"208,000.00"
2019-06-26,2019062601005584,JBNL,56,34,214,208.00,"44,512.00"
2019-06-26,2019062601005583,JBNL,56,5,"1,254",208.00,"260,832.00"
2019-06-26,2019062601005582,JBNL,56,26,502,208.00,"104,416.00"
2019-06-26,2019062601005713,JOSHI,45,45,20,83.00,"1,660.00"
2019-06-26,2019062601005650,JOSHI,40,40,20,83.00,"1,660.00"
2019-06-26,2019062601005412,JOSHI,40,40,20,83.00,"1,660.00"
2019-06-26,2019062601005402,JOSHI,45,45,20,83.00,"1,660.00"
2019-06-26,2019062601005394,JOSHI,40,40,20,83.00,"1,660.00"
2019-06-26,2019062601005374,JOSHI,40,40,20,83.00,"1,660.00"
2019-06-26,2019062601005343,JOSHI,40,40,20,83.00,"1,660.00"
2019-06-26,2019062601005596,JOSHI,45,45,20,83.00,"1,660.00"
2019-06-26,2019062601005449,JOSHI,40,40,20,83.00,"1,660.00"
2019-06-26,2019062601005809,KBBL,49,49,"2,000",234.00,"468,000.00"
2019-06-26,2019062601005808,KBBL,49,33,450,234.00,"105,300.00"
2019-06-26,2019062601005807,KBBL,49,33,490,233.00,"114,170.00"
2019-06-26,2019062601005657,KBBL,56,33,10,233.00,"2,330.00"
2019-06-26,2019062601005767,KBL,40,40,"2,200",212.00,"466,400.00"
2019-06-26,2019062601005702,KBL,51,51,12,213.00,"2,556.00"
2019-06-26,2019062601005517,KKHC,18,16,16,71.00,"1,136.00"
2019-06-26,2019062601005670,KPCL,59,45,10,92.00,920.00
2019-06-26,2019062601005664,KPCL,45,43,10,93.00,930.00
2019-06-26,2019062601005360,KPCL,45,59,10,92.00,920.00
2019-06-26,2019062601005352,KPCL,56,45,10,91.00,910.00
2019-06-26,2019062601005508,KPCL,59,57,10,92.00,920.00
2019-06-26,2019062601005507,KPCL,59,59,30,92.00,"2,760.00"
2019-06-26,2019062601005430,KPCL,56,42,10,91.00,910.00
2019-06-26,2019062601005533,KPCL,59,45,10,92.00,920.00
2019-06-26,2019062601005526,KPCL,45,44,10,93.00,930.00
2019-06-26,2019062601005510,KPCL,59,59,500,92.00,"46,000.00"
2019-06-26,2019062601005509,KPCL,59,19,800,92.00,"73,600.00"
2019-06-26,2019062601005522,LBL,17,22,150,220.00,"33,000.00"
2019-06-26,2019062601005381,LBL,48,22,10,220.00,"2,200.00"
2019-06-26,2019062601005370,LLBS,45,11,24,675.00,"16,200.00"
2019-06-26,2019062601005811,MBL,19,6,137,265.00,"36,305.00"
2019-06-26,2019062601005810,MBL,19,6,863,265.00,"228,695.00"
2019-06-26,2019062601005789,MBL,33,6,637,265.00,"168,805.00"
2019-06-26,2019062601005746,MEGA,34,10,300,199.00,"59,700.00"
2019-06-26,2019062601005745,MEGA,17,10,200,199.00,"39,800.00"
2019-06-26,2019062601005744,MEGA,58,10,500,199.00,"99,500.00"
2019-06-26,2019062601005603,MEGA,48,7,100,200.00,"20,000.00"
2019-06-26,2019062601005813,MERO,42,6,68,523.00,"35,564.00"
2019-06-26,2019062601005741,MERO,54,6,10,523.00,"5,230.00"
2019-06-26,2019062601005740,MERO,34,6,21,523.00,"10,983.00"
2019-06-26,2019062601005686,MERO,35,8,60,524.00,"31,440.00"
2019-06-26,2019062601005685,MERO,35,22,46,524.00,"24,104.00"
2019-06-26,2019062601005684,MERO,35,22,21,524.00,"11,004.00"
2019-06-26,2019062601005624,MERO,56,8,10,524.00,"5,240.00"
2019-06-26,2019062601005669,MFIL,28,13,"2,554",128.00,"326,912.00"
2019-06-26,2019062601005553,MHNL,54,42,30,105.00,"3,150.00"
2019-06-26,2019062601005483,MLBBL,48,51,10,413.00,"4,130.00"
2019-06-26,2019062601005484,MNBBL,22,42,309,370.00,"114,330.00"
2019-06-26,2019062601005751,NABIL,26,14,100,805.00,"80,500.00"
2019-06-26,2019062601005750,NABIL,5,14,200,805.00,"161,000.00"
2019-06-26,2019062601005656,NABIL,5,14,300,805.00,"241,500.00"
2019-06-26,2019062601005546,NABIL,49,39,194,806.00,"156,364.00"
2019-06-26,2019062601005525,NABIL,25,39,30,806.00,"24,180.00"
2019-06-26,2019062601005379,NABIL,49,8,120,805.00,"96,600.00"
2019-06-26,2019062601005575,NADEP,51,26,10,426.00,"4,260.00"
2019-06-26,2019062601005520,NADEP,51,26,200,426.00,"85,200.00"
2019-06-26,2019062601005519,NADEP,13,26,20,427.00,"8,540.00"
2019-06-26,2019062601005548,NAGRO,34,32,10,464.00,"4,640.00"
2019-06-26,2019062601005448,NAGRO,34,39,10,464.00,"4,640.00"
2019-06-26,2019062601005365,NAGRO,34,25,10,464.00,"4,640.00"
2019-06-26,2019062601005842,NBB,39,8,75,222.00,"16,650.00"
2019-06-26,2019062601005737,NBB,49,6,400,222.00,"88,800.00"
2019-06-26,2019062601005736,NBB,49,4,"2,662",222.00,"590,964.00"
2019-06-26,2019062601005735,NBB,49,39,"2,000",222.00,"444,000.00"
2019-06-26,2019062601005734,NBB,49,59,537,222.00,"119,214.00"
2019-06-26,2019062601005408,NBB,56,47,100,220.00,"22,000.00"
2019-06-26,2019062601005407,NBB,19,47,100,221.00,"22,100.00"
2019-06-26,2019062601005826,NBL,19,29,150,331.00,"49,650.00"
2019-06-26,2019062601005788,NBL,32,4,100,332.00,"33,200.00"
2019-06-26,2019062601005783,NBL,21,59,200,331.00,"66,200.00"
2019-06-26,2019062601005782,NBL,21,39,100,331.00,"33,100.00"
2019-06-26,2019062601005772,NBL,5,29,16,331.00,"5,296.00"
2019-06-26,2019062601005727,NBL,43,29,82,331.00,"27,142.00"
2019-06-26,2019062601005349,NBL,47,45,844,331.00,"279,364.00"
2019-06-26,2019062601005561,NBL,48,52,100,331.00,"33,100.00"
2019-06-26,2019062601005438,NBL,32,52,300,331.00,"99,300.00"
2019-06-26,2019062601005437,NBL,32,47,250,331.00,"82,750.00"
2019-06-26,2019062601005398,NBL,5,26,150,331.00,"49,650.00"
2019-06-26,2019062601005397,NBL,5,29,344,331.00,"113,864.00"
2019-06-26,2019062601005350,NBL,47,29,156,331.00,"51,636.00"
2019-06-26,2019062601005726,NBL,43,49,618,331.00,"204,558.00"
2019-06-26,2019062601005725,NBL,43,29,300,331.00,"99,300.00"
2019-06-26,2019062601005623,NBL,43,42,"2,000",331.00,"662,000.00"
2019-06-26,2019062601005566,NBL,49,28,100,331.00,"33,100.00"
2019-06-26,2019062601005565,NBL,48,28,500,331.00,"165,500.00"
2019-06-26,2019062601005564,NBL,48,28,400,331.00,"132,400.00"
2019-06-26,2019062601005682,NCCB,38,57,670,254.00,"170,180.00"
2019-06-26,2019062601005659,NCCB,26,57,30,254.00,"7,620.00"
2019-06-26,2019062601005608,NCCB,52,57,200,254.00,"50,800.00"
2019-06-26,2019062601005607,NCCB,52,57,100,254.00,"25,400.00"
2019-06-26,2019062601005487,NCCB,53,32,500,254.00,"127,000.00"
2019-06-26,2019062601005486,NCCB,46,32,100,254.00,"25,400.00"
2019-06-26,2019062601005409,NCCB,46,14,260,254.00,"66,040.00"
2019-06-26,2019062601005405,NCCB,7,14,100,254.00,"25,400.00"
2019-06-26,2019062601005388,NCCB,7,14,100,254.00,"25,400.00"
2019-06-26,2019062601005385,NHDL,34,33,10,126.00,"1,260.00"
2019-06-26,2019062601005465,NHPC,56,25,"1,300",67.00,"87,100.00"
2019-06-26,2019062601005464,NHPC,42,25,"2,000",67.00,"134,000.00"
2019-06-26,2019062601005463,NHPC,35,25,700,67.00,"46,900.00"
2019-06-26,2019062601005435,NHPC,56,56,100,68.00,"6,800.00"
2019-06-26,2019062601005634,NIB,29,55,200,526.00,"105,200.00"
2019-06-26,2019062601005633,NIB,29,40,50,526.00,"26,300.00"
2019-06-26,2019062601005632,NIB,29,6,135,526.00,"71,010.00"
2019-06-26,2019062601005618,NIB,45,50,116,525.00,"60,900.00"
2019-06-26,2019062601005617,NIB,53,50,"1,244",525.00,"653,100.00"
2019-06-26,2019062601005512,NIB,53,52,17,525.00,"8,925.00"
2019-06-26,2019062601005488,NIB,43,6,50,526.00,"26,300.00"
2019-06-26,2019062601005380,NIB,42,6,100,526.00,"52,600.00"
2019-06-26,2019062601005765,NICA,50,38,100,467.00,"46,700.00"
2019-06-26,2019062601005764,NICA,50,42,50,467.00,"23,350.00"
2019-06-26,2019062601005560,NICA,35,35,202,467.00,"94,334.00"
2019-06-26,2019062601005472,NICA,50,38,100,467.00,"46,700.00"
2019-06-26,2019062601005471,NICA,50,6,400,467.00,"186,800.00"
2019-06-26,2019062601005373,NICA,33,4,300,466.00,"139,800.00"
2019-06-26,2019062601005606,NICGF,43,50,"5,000",9.55,"47,750.00"
2019-06-26,2019062601005605,NICGF,43,32,"2,100",9.55,"20,055.00"
2019-06-26,2019062601005392,NICGF,36,58,500,9.42,"4,710.00"
2019-06-26,2019062601005404,NICL,42,25,16,369.00,"5,904.00"
2019-06-26,2019062601005457,NIL,21,13,30,474.00,"14,220.00"
2019-06-26,2019062601005841,NLIC,49,28,443,890.00,"394,270.00"
2019-06-26,2019062601005840,NLIC,34,28,57,890.00,"50,730.00"
2019-06-26,2019062601005829,NLIC,34,28,500,890.00,"445,000.00"
2019-06-26,2019062601005801,NLIC,25,28,50,892.00,"44,600.00"
2019-06-26,2019062601005800,NLIC,44,28,200,892.00,"178,400.00"
2019-06-26,2019062601005799,NLIC,28,28,500,892.00,"446,000.00"
2019-06-26,2019062601005792,NLIC,39,28,10,894.00,"8,940.00"
2019-06-26,2019062601005791,NLIC,1,28,22,894.00,"19,668.00"
2019-06-26,2019062601005790,NLIC,35,28,20,895.00,"17,900.00"
2019-06-26,2019062601005574,NLIC,44,17,17,895.00,"15,215.00"
2019-06-26,2019062601005573,NLIC,56,17,20,895.00,"17,900.00"
2019-06-26,2019062601005798,NLIC,1,28,200,893.00,"178,600.00"
2019-06-26,2019062601005797,NLIC,1,28,150,893.00,"133,950.00"
2019-06-26,2019062601005796,NLIC,54,28,50,893.00,"44,650.00"
2019-06-26,2019062601005795,NLIC,19,28,50,893.00,"44,650.00"
2019-06-26,2019062601005794,NLIC,6,28,161,893.00,"143,773.00"
2019-06-26,2019062601005793,NLIC,50,28,25,894.00,"22,350.00"
2019-06-26,2019062601005387,NLICL,52,13,74,602.00,"44,548.00"
2019-06-26,2019062601005428,NMBHF1,17,22,"1,577",9.35,"14,744.95"
2019-06-26,2019062601005427,NMBHF1,21,22,"1,423",9.35,"13,305.05"
2019-06-26,2019062601005695,NUBL,16,45,20,833.00,"16,660.00"
2019-06-26,2019062601005594,PCBL,19,58,40,287.00,"11,480.00"
2019-06-26,2019062601005532,PCBL,43,58,50,287.00,"14,350.00"
2019-06-26,2019062601005660,PFL,57,1,11,138.00,"1,518.00"
2019-06-26,2019062601005658,PFL,57,38,424,138.00,"58,512.00"
2019-06-26,2019062601005570,PFL,1,38,150,138.00,"20,700.00"
2019-06-26,2019062601005569,PFL,6,38,976,138.00,"134,688.00"
2019-06-26,2019062601005824,PIC,49,50,200,985.00,"197,000.00"
2019-06-26,2019062601005662,PIC,6,58,40,988.00,"39,520.00"
2019-06-26,2019062601005649,PIC,51,58,10,988.00,"9,880.00"
2019-06-26,2019062601005496,PIC,51,52,11,983.00,"10,813.00"
2019-06-26,2019062601005469,PIC,51,54,50,983.00,"49,150.00"
2019-06-26,2019062601005467,PIC,45,45,1,985.00,985.00
2019-06-26,2019062601005355,PIC,52,58,25,984.00,"24,600.00"
2019-06-26,2019062601005354,PIC,13,58,50,984.00,"49,200.00"
2019-06-26,2019062601005368,PIC,52,49,45,982.00,"44,190.00"
2019-06-26,2019062601005367,PIC,51,49,50,983.00,"49,150.00"
2019-06-26,2019062601005366,PIC,34,49,25,983.00,"24,575.00"
2019-06-26,2019062601005358,PIC,34,58,25,983.00,"24,575.00"
2019-06-26,2019062601005357,PIC,35,58,100,983.00,"98,300.00"
2019-06-26,2019062601005356,PIC,35,58,30,983.00,"29,490.00"
2019-06-26,2019062601005763,PICL,56,50,40,569.00,"22,760.00"
2019-06-26,2019062601005506,PICL,6,6,40,570.00,"22,800.00"
2019-06-26,2019062601005505,PICL,52,6,20,571.00,"11,420.00"
2019-06-26,2019062601005652,PMHPL,45,41,10,108.00,"1,080.00"
2019-06-26,2019062601005651,PMHPL,54,45,10,107.00,"1,070.00"
2019-06-26,2019062601005518,PMHPL,45,45,10,107.00,"1,070.00"
2019-06-26,2019062601005477,PMHPL,39,57,10,107.00,"1,070.00"
2019-06-26,2019062601005476,PMHPL,39,54,10,107.00,"1,070.00"
2019-06-26,2019062601005348,PMHPL,45,45,10,106.00,"1,060.00"
2019-06-26,2019062601005838,PPCL,36,38,30,141.00,"4,230.00"
2019-06-26,2019062601005787,PPCL,36,51,30,141.00,"4,230.00"
2019-06-26,2019062601005760,PPCL,36,45,10,141.00,"1,410.00"
2019-06-26,2019062601005759,PPCL,36,45,10,141.00,"1,410.00"
2019-06-26,2019062601005758,PPCL,36,45,10,141.00,"1,410.00"
2019-06-26,2019062601005757,PPCL,36,51,10,141.00,"1,410.00"
2019-06-26,2019062601005376,PPCL,36,36,10,141.00,"1,410.00"
2019-06-26,2019062601005372,PPCL,36,36,10,141.00,"1,410.00"
2019-06-26,2019062601005363,PPCL,36,45,30,141.00,"4,230.00"
2019-06-26,2019062601005362,PPCL,36,36,10,141.00,"1,410.00"
2019-06-26,2019062601005359,PPCL,36,36,10,141.00,"1,410.00"
2019-06-26,2019062601005499,PPCL,36,16,20,141.00,"2,820.00"
2019-06-26,2019062601005417,PPCL,36,11,10,141.00,"1,410.00"
2019-06-26,2019062601005416,PPCL,36,42,10,141.00,"1,410.00"
2019-06-26,2019062601005393,PPCL,36,45,30,141.00,"4,230.00"
2019-06-26,2019062601005378,PPCL,36,45,30,141.00,"4,230.00"
2019-06-26,2019062601005663,PPCL,36,51,10,141.00,"1,410.00"
2019-06-26,2019062601005661,PPCL,36,45,10,141.00,"1,410.00"
2019-06-26,2019062601005654,PPCL,36,51,20,141.00,"2,820.00"
2019-06-26,2019062601005648,PPCL,36,51,20,141.00,"2,820.00"
2019-06-26,2019062601005647,PPCL,36,51,20,141.00,"2,820.00"
2019-06-26,2019062601005627,PPCL,36,51,20,141.00,"2,820.00"
2019-06-26,2019062601005724,PRIN,55,50,250,376.00,"94,000.00"
2019-06-26,2019062601005827,PRVU,19,33,"1,000",267.00,"267,000.00"
2019-06-26,2019062601005739,PRVU,53,33,50,267.00,"13,350.00"
2019-06-26,2019062601005712,PRVU,59,33,100,267.00,"26,700.00"
2019-06-26,2019062601005711,PRVU,58,33,650,267.00,"173,550.00"
2019-06-26,2019062601005710,PRVU,19,33,100,267.00,"26,700.00"
2019-06-26,2019062601005709,PRVU,33,33,622,267.00,"166,074.00"
2019-06-26,2019062601005455,PRVU,33,17,378,267.00,"100,926.00"
2019-06-26,2019062601005454,PRVU,16,17,378,267.00,"100,926.00"
2019-06-26,2019062601005593,RBCL,48,38,10,"9,595.00","95,950.00"
2019-06-26,2019062601005825,RMDC,35,4,300,650.00,"195,000.00"
2019-06-26,2019062601005631,RRHP,45,45,10,110.00,"1,100.00"
2019-06-26,2019062601005482,RRHP,45,45,10,110.00,"1,100.00"
2019-06-26,2019062601005707,RSDC,50,11,150,350.00,"52,500.00"
2019-06-26,2019062601005620,SAEF,43,58,500,9.41,"4,705.00"
2019-06-26,2019062601005771,SANIMA,52,20,300,349.00,"104,700.00"
2019-06-26,2019062601005770,SANIMA,35,20,"1,000",349.00,"349,000.00"
2019-06-26,2019062601005769,SANIMA,7,20,"1,118",349.00,"390,182.00"
2019-06-26,2019062601005768,SANIMA,48,20,325,349.00,"113,425.00"
2019-06-26,2019062601005733,SANIMA,32,20,"1,000",350.00,"350,000.00"
2019-06-26,2019062601005537,SANIMA,42,25,260,351.00,"91,260.00"
2019-06-26,2019062601005536,SANIMA,42,42,400,351.00,"140,400.00"
2019-06-26,2019062601005535,SANIMA,42,14,500,351.00,"175,500.00"
2019-06-26,2019062601005534,SANIMA,42,22,316,351.00,"110,916.00"
2019-06-26,2019062601005514,SANIMA,56,38,22,350.00,"7,700.00"
2019-06-26,2019062601005513,SANIMA,56,13,130,350.00,"45,500.00"
2019-06-26,2019062601005453,SANIMA,38,38,78,350.00,"27,300.00"
2019-06-26,2019062601005524,SBI,56,42,218,462.00,"100,716.00"
2019-06-26,2019062601005822,SBL,39,28,83,322.00,"26,726.00"
2019-06-26,2019062601005821,SBL,39,28,100,322.00,"32,200.00"
2019-06-26,2019062601005820,SBL,39,28,100,322.00,"32,200.00"
2019-06-26,2019062601005819,SBL,39,28,50,322.00,"16,100.00"
2019-06-26,2019062601005818,SBL,39,28,50,322.00,"16,100.00"
2019-06-26,2019062601005817,SBL,39,28,50,322.00,"16,100.00"
2019-06-26,2019062601005674,SBL,39,43,50,322.00,"16,100.00"
2019-06-26,2019062601005673,SBL,39,43,50,322.00,"16,100.00"
2019-06-26,2019062601005672,SBL,5,43,217,322.00,"69,874.00"
2019-06-26,2019062601005625,SBL,5,4,400,322.00,"128,800.00"
2019-06-26,2019062601005498,SBL,5,13,105,322.00,"33,810.00"
2019-06-26,2019062601005436,SBL,34,39,"1,000",323.00,"323,000.00"
2019-06-26,2019062601005690,SBL,39,36,50,322.00,"16,100.00"
2019-06-26,2019062601005689,SBL,39,36,17,322.00,"5,474.00"
2019-06-26,2019062601005678,SBL,39,43,33,322.00,"10,626.00"
2019-06-26,2019062601005677,SBL,39,43,50,322.00,"16,100.00"
2019-06-26,2019062601005676,SBL,39,43,50,322.00,"16,100.00"
2019-06-26,2019062601005675,SBL,39,43,50,322.00,"16,100.00"
2019-06-26,2019062601005816,SBL,39,28,50,322.00,"16,100.00"
2019-06-26,2019062601005815,SBL,39,28,17,322.00,"5,474.00"
2019-06-26,2019062601005694,SBL,39,36,33,322.00,"10,626.00"
2019-06-26,2019062601005693,SBL,39,36,50,322.00,"16,100.00"
2019-06-26,2019062601005692,SBL,39,36,50,322.00,"16,100.00"
2019-06-26,2019062601005691,SBL,39,36,50,322.00,"16,100.00"
2019-06-26,2019062601005743,SCB,49,59,200,663.00,"132,600.00"
2019-06-26,2019062601005742,SCB,49,1,20,663.00,"13,260.00"
2019-06-26,2019062601005729,SCB,51,51,20,662.00,"13,240.00"
2019-06-26,2019062601005834,SEF,17,7,500,9.66,"4,830.00"
2019-06-26,2019062601005812,SEF,17,7,500,9.66,"4,830.00"
2019-06-26,2019062601005774,SEF,17,7,500,9.66,"4,830.00"
2019-06-26,2019062601005752,SEF,17,7,500,9.66,"4,830.00"
2019-06-26,2019062601005700,SEF,17,45,"2,000",9.70,"19,400.00"
2019-06-26,2019062601005699,SEF,17,41,"2,000",9.70,"19,400.00"
2019-06-26,2019062601005511,SEF,35,58,500,9.65,"4,825.00"
2019-06-26,2019062601005344,SEF,35,17,"1,500",9.65,"14,475.00"
2019-06-26,2019062601005698,SHINE,57,40,480,253.00,"121,440.00"
2019-06-26,2019062601005563,SHINE,57,57,20,253.00,"5,060.00"
2019-06-26,2019062601005749,SHIVM,16,38,147,654.00,"96,138.00"
2019-06-26,2019062601005748,SHIVM,34,38,53,654.00,"34,662.00"
2019-06-26,2019062601005653,SHIVM,34,41,747,654.00,"488,538.00"
2019-06-26,2019062601005612,SHIVM,1,41,60,653.00,"39,180.00"
2019-06-26,2019062601005611,SHIVM,10,41,200,653.00,"130,600.00"
2019-06-26,2019062601005610,SHIVM,34,41,493,653.00,"321,929.00"
2019-06-26,2019062601005351,SHIVM,10,45,100,654.00,"65,400.00"
2019-06-26,2019062601005732,SHPC,49,58,100,250.00,"25,000.00"
2019-06-26,2019062601005731,SHPC,22,58,200,250.00,"50,000.00"
2019-06-26,2019062601005687,SIC,32,25,20,637.00,"12,740.00"
2019-06-26,2019062601005680,SICL,34,4,500,758.00,"379,000.00"
2019-06-26,2019062601005666,SIFC,57,19,198,155.00,"30,690.00"
2019-06-26,2019062601005665,SIFC,57,38,600,155.00,"93,000.00"
2019-06-26,2019062601005644,SIFC,49,48,"2,000",154.00,"308,000.00"
2019-06-26,2019062601005347,SKBBL,6,34,355,947.00,"336,185.00"
2019-06-26,2019062601005346,SKBBL,6,36,145,946.00,"137,170.00"
2019-06-26,2019062601005345,SKBBL,6,7,20,945.00,"18,900.00"
2019-06-26,2019062601005637,SLICL,11,48,15,459.00,"6,885.00"
2019-06-26,2019062601005722,SPARS,14,17,10,452.00,"4,520.00"
2019-06-26,2019062601005604,SPARS,22,34,10,453.00,"4,530.00"
2019-06-26,2019062601005562,SPARS,16,1,10,455.00,"4,550.00"
2019-06-26,2019062601005761,SWBBL,20,29,10,901.00,"9,010.00"
2019-06-26,2019062601005716,SWBBL,44,28,121,900.00,"108,900.00"
2019-06-26,2019062601005705,SWBBL,44,25,50,900.00,"45,000.00"
2019-06-26,2019062601005671,SWBBL,44,52,37,900.00,"33,300.00"
2019-06-26,2019062601005626,SWBBL,44,20,151,900.00,"135,900.00"
2019-06-26,2019062601005555,SWBBL,44,14,251,900.00,"225,900.00"
2019-06-26,2019062601005497,SWBBL,44,52,50,900.00,"45,000.00"
2019-06-26,2019062601005516,UFL,40,51,204,177.00,"36,108.00"
2019-06-26,2019062601005475,UFL,17,51,500,177.00,"88,500.00"
2019-06-26,2019062601005474,UFL,34,51,20,177.00,"3,540.00"
2019-06-26,2019062601005473,UFL,35,51,16,178.00,"2,848.00"
2019-06-26,2019062601005635,UPCL,3,59,50,92.00,"4,600.00"
2019-06-26,2019062601005720,UPPER,25,11,50,269.00,"13,450.00"
2019-06-26,2019062601005655,UPPER,47,52,50,268.00,"13,400.00"
2019-06-26,2019062601005636,UPPER,47,52,50,268.00,"13,400.00"
2019-06-26,2019062601005630,UPPER,47,45,68,268.00,"18,224.00"
2019-06-26,2019062601005421,UPPER,58,51,40,268.00,"10,720.00"
2019-06-26,2019062601005420,UPPER,58,45,100,268.00,"26,800.00"
2019-06-26,2019062601005419,UPPER,58,34,153,268.00,"41,004.00"
2019-06-26,2019062601005418,UPPER,58,35,25,268.00,"6,700.00"
2019-06-26,2019062601005424,UPPER,58,22,30,268.00,"8,040.00"
2019-06-26,2019062601005423,UPPER,58,21,100,268.00,"26,800.00"
2019-06-26,2019062601005422,UPPER,58,33,40,268.00,"10,720.00"
2019-06-26,2019062601005557,UPPER,58,52,40,268.00,"10,720.00"
2019-06-26,2019062601005550,UPPER,58,52,40,268.00,"10,720.00"
2019-06-26,2019062601005629,UPPER,58,45,232,268.00,"62,176.00"
2019-06-26,2019062601005622,UPPER,58,52,40,268.00,"10,720.00"
2019-06-26,2019062601005601,UPPER,58,52,40,268.00,"10,720.00"
2019-06-26,2019062601005591,UPPER,58,52,40,268.00,"10,720.00"
2019-06-26,2019062601005578,UPPER,58,52,40,268.00,"10,720.00"
2019-06-26,2019062601005568,UPPER,58,52,40,268.00,"10,720.00"
2019-06-26,2019062601005805,VLBS,58,21,15,489.00,"7,335.00"
2019-06-26,2019062601005804,VLBS,58,21,19,489.00,"9,291.00"
2019-06-26,2019062601005803,VLBS,58,25,20,488.00,"9,760.00"
2019-06-26,2019062601005313,ADBL,39,38,100,414.00,"41,400.00"
2019-06-26,2019062601005198,AKJCL,45,57,20,74.00,"1,480.00"
2019-06-26,2019062601005174,AKJCL,42,45,20,73.00,"1,460.00"
2019-06-26,2019062601005197,AKPL,49,16,13,187.00,"2,431.00"
2019-06-26,2019062601005057,AKPL,49,11,13,185.00,"2,405.00"
2019-06-26,2019062601005122,ALBSL,45,45,10,397.00,"3,970.00"
2019-06-26,2019062601005104,ALBSL,45,34,10,398.00,"3,980.00"
2019-06-26,2019062601005095,ALBSL,56,45,10,397.00,"3,970.00"
2019-06-26,2019062601005229,API,28,29,10,145.00,"1,450.00"
2019-06-26,2019062601005224,API,41,47,11,144.00,"1,584.00"
2019-06-26,2019062601005189,API,25,29,66,145.00,"9,570.00"
2019-06-26,2019062601005207,BOKL,35,5,10,265.00,"2,650.00"
2019-06-26,2019062601005074,BOKL,50,50,210,264.00,"55,440.00"
2019-06-26,2019062601005073,BOKL,39,50,20,264.00,"5,280.00"
2019-06-26,2019062601005072,BOKL,32,50,221,264.00,"58,344.00"
2019-06-26,2019062601004988,BOKL,53,5,797,265.00,"211,205.00"
2019-06-26,2019062601004987,BOKL,53,19,103,265.00,"27,295.00"
2019-06-26,2019062601004986,BOKL,53,6,100,265.00,"26,500.00"
2019-06-26,2019062601005169,BPCL,22,1,89,405.00,"36,045.00"
2019-06-26,2019062601005168,BPCL,35,1,17,405.00,"6,885.00"
2019-06-26,2019062601004934,BPCL,59,1,274,405.00,"110,970.00"
2019-06-26,2019062601005068,CBL,19,11,43,146.00,"6,278.00"
2019-06-26,2019062601005329,CCBL,40,45,110,166.00,"18,260.00"
2019-06-26,2019062601005328,CCBL,14,45,500,166.00,"83,000.00"
2019-06-26,2019062601005327,CCBL,16,45,100,166.00,"16,600.00"
2019-06-26,2019062601005326,CCBL,51,45,290,166.00,"48,140.00"
2019-06-26,2019062601005319,CCBL,29,29,1,165.00,165.00
2019-06-26,2019062601005311,CCBL,29,29,1,165.00,165.00
2019-06-26,2019062601005304,CCBL,29,29,1,165.00,165.00
2019-06-26,2019062601005296,CCBL,29,29,1,165.00,165.00
2019-06-26,2019062601005087,CCBL,57,50,413,167.00,"68,971.00"
2019-06-26,2019062601005081,CCBL,57,11,87,167.00,"14,529.00"
2019-06-26,2019062601005080,CCBL,45,11,84,167.00,"14,028.00"
2019-06-26,2019062601005093,CFCL,59,11,169,117.00,"19,773.00"
2019-06-26,2019062601005092,CFCL,52,11,325,117.00,"38,025.00"
2019-06-26,2019062601005325,CHCL,28,22,500,511.00,"255,500.00"
2019-06-26,2019062601005324,CHCL,44,22,50,511.00,"25,550.00"
2019-06-26,2019062601005323,CHCL,25,22,100,511.00,"51,100.00"
2019-06-26,2019062601005322,CHCL,45,22,100,511.00,"51,100.00"
2019-06-26,2019062601005321,CHCL,38,22,100,511.00,"51,100.00"
2019-06-26,2019062601005307,CHCL,22,46,150,512.00,"76,800.00"
2019-06-26,2019062601005149,CHCL,43,44,505,512.00,"258,560.00"
2019-06-26,2019062601004902,CLBSL,58,22,15,505.00,"7,575.00"
2019-06-26,2019062601004892,CLBSL,58,22,15,505.00,"7,575.00"
2019-06-26,2019062601004879,CLBSL,58,22,15,505.00,"7,575.00"
2019-06-26,2019062601005268,CMF1,21,32,"1,000",9.40,"9,400.00"
2019-06-26,2019062601005114,DBBL,34,11,63,138.00,"8,694.00"
2019-06-26,2019062601004928,DBBL,34,42,40,138.00,"5,520.00"
2019-06-26,2019062601004927,DBBL,7,42,510,138.00,"70,380.00"
2019-06-26,2019062601005113,DDBL,20,50,126,712.00,"89,712.00"
2019-06-26,2019062601005112,DDBL,37,50,50,712.00,"35,600.00"
2019-06-26,2019062601005111,DDBL,13,50,34,712.00,"24,208.00"
2019-06-26,2019062601005110,DDBL,44,50,10,713.00,"7,130.00"
2019-06-26,2019062601005277,EBL,49,38,172,665.00,"114,380.00"
2019-06-26,2019062601005276,EBL,49,58,250,665.00,"166,250.00"
2019-06-26,2019062601005267,EBL,49,58,78,664.00,"51,792.00"
2019-06-26,2019062601005071,EBL,7,22,100,663.00,"66,300.00"
2019-06-26,2019062601005023,FOWAD,44,34,56,"1,327.00","74,312.00"
2019-06-26,2019062601005022,FOWAD,19,34,100,"1,328.00","132,800.00"
2019-06-26,2019062601005021,FOWAD,19,34,50,"1,329.00","66,450.00"
2019-06-26,2019062601005020,FOWAD,33,34,15,"1,330.00","19,950.00"
2019-06-26,2019062601005121,GBBL,35,11,175,223.00,"39,025.00"
2019-06-26,2019062601005218,GBIME,5,32,142,302.00,"42,884.00"
2019-06-26,2019062601005205,GBIME,5,4,673,302.00,"203,246.00"
2019-06-26,2019062601005204,GBIME,42,4,30,302.00,"9,060.00"
2019-06-26,2019062601005203,GBIME,55,4,219,302.00,"66,138.00"
2019-06-26,2019062601005180,GBIME,55,1,87,302.00,"26,274.00"
2019-06-26,2019062601005053,GBIME,55,22,44,302.00,"13,288.00"
2019-06-26,2019062601004991,GBIME,19,4,78,303.00,"23,634.00"
2019-06-26,2019062601004990,GBIME,19,4,922,303.00,"279,366.00"
2019-06-26,2019062601004924,GBIME,34,4,78,303.00,"23,634.00"
2019-06-26,2019062601004945,GBLBS,6,40,50,355.00,"17,750.00"
2019-06-26,2019062601005124,GFCL,38,11,278,131.00,"36,418.00"
2019-06-26,2019062601005286,GLBSL,50,1,10,420.00,"4,200.00"
2019-06-26,2019062601005285,GLBSL,50,57,10,419.00,"4,190.00"
2019-06-26,2019062601005275,GLBSL,41,6,10,415.00,"4,150.00"
2019-06-26,2019062601005182,GLBSL,41,52,10,415.00,"4,150.00"
2019-06-26,2019062601005176,GLBSL,46,52,10,415.00,"4,150.00"
2019-06-26,2019062601005009,GLBSL,22,41,10,416.00,"4,160.00"
2019-06-26,2019062601005006,GLBSL,46,41,10,415.00,"4,150.00"
2019-06-26,2019062601004962,GLBSL,40,34,10,416.00,"4,160.00"
2019-06-26,2019062601005098,GLBSL,22,51,10,416.00,"4,160.00"
2019-06-26,2019062601005088,GLBSL,22,51,10,416.00,"4,160.00"
2019-06-26,2019062601005075,GLBSL,22,51,10,416.00,"4,160.00"
2019-06-26,2019062601005058,GLBSL,22,51,10,416.00,"4,160.00"
2019-06-26,2019062601005245,GLICL,21,22,353,480.00,"169,440.00"
2019-06-26,2019062601005244,GLICL,34,22,500,481.00,"240,500.00"
2019-06-26,2019062601005243,GLICL,45,22,10,481.00,"4,810.00"
2019-06-26,2019062601005242,GLICL,48,22,18,482.00,"8,676.00"
2019-06-26,2019062601005241,GLICL,49,22,50,482.00,"24,100.00"
2019-06-26,2019062601005240,GLICL,26,22,69,485.00,"33,465.00"
2019-06-26,2019062601005335,GMFBS,50,39,100,435.00,"43,500.00"
2019-06-26,2019062601005314,GMFBS,22,39,100,436.00,"43,600.00"
2019-06-26,2019062601005312,GMFBS,34,41,10,436.00,"4,360.00"
2019-06-26,2019062601005302,GMFBS,34,50,10,436.00,"4,360.00"
2019-06-26,2019062601005284,GMFBS,34,6,10,436.00,"4,360.00"
2019-06-26,2019062601005282,GMFBS,34,44,10,436.00,"4,360.00"
2019-06-26,2019062601004845,GMFBS,55,56,10,439.00,"4,390.00"
2019-06-26,2019062601004891,GMFBS,57,51,10,438.00,"4,380.00"
2019-06-26,2019062601004883,GMFBS,57,3,10,438.00,"4,380.00"
2019-06-26,2019062601004876,GMFBS,56,26,10,439.00,"4,390.00"
2019-06-26,2019062601004872,GMFBS,57,51,10,438.00,"4,380.00"
2019-06-26,2019062601004856,GMFBS,55,38,10,439.00,"4,390.00"
2019-06-26,2019062601004846,GMFBS,55,38,10,439.00,"4,390.00"
2019-06-26,2019062601004926,GMFBS,57,51,10,438.00,"4,380.00"
2019-06-26,2019062601004917,GMFBS,57,51,10,438.00,"4,380.00"
2019-06-26,2019062601004907,GMFBS,57,51,10,438.00,"4,380.00"
2019-06-26,2019062601004899,GMFBS,57,51,10,438.00,"4,380.00"
2019-06-26,2019062601004898,GMFBS,57,39,10,438.00,"4,380.00"
2019-06-26,2019062601004895,GMFBS,57,51,10,438.00,"4,380.00"
2019-06-26,2019062601004941,GMFBS,38,51,10,438.00,"4,380.00"
2019-06-26,2019062601004940,GMFBS,38,38,10,438.00,"4,380.00"
2019-06-26,2019062601004937,GMFBS,38,56,10,439.00,"4,390.00"
2019-06-26,2019062601004936,GMFBS,57,38,10,438.00,"4,380.00"
2019-06-26,2019062601004931,GMFBS,57,51,10,438.00,"4,380.00"
2019-06-26,2019062601004929,GMFBS,57,38,10,438.00,"4,380.00"
2019-06-26,2019062601004997,GMFBS,56,26,10,437.00,"4,370.00"
2019-06-26,2019062601004992,GMFBS,56,38,10,437.00,"4,370.00"
2019-06-26,2019062601004982,GMFBS,56,38,10,437.00,"4,370.00"
2019-06-26,2019062601004960,GMFBS,56,51,10,437.00,"4,370.00"
2019-06-26,2019062601004950,GMFBS,43,38,10,437.00,"4,370.00"
2019-06-26,2019062601004948,GMFBS,43,51,10,437.00,"4,370.00"
2019-06-26,2019062601005085,GMFBS,55,8,10,437.00,"4,370.00"
2019-06-26,2019062601005084,GMFBS,55,21,10,437.00,"4,370.00"
2019-06-26,2019062601005070,GMFBS,56,38,10,437.00,"4,370.00"
2019-06-26,2019062601005054,GMFBS,56,38,10,437.00,"4,370.00"
2019-06-26,2019062601005024,GMFBS,56,38,10,437.00,"4,370.00"
