Date,Transact. No.,Symbol,Buyer,Seller,Quantity,Rate,Amount
2020-08-13,2020081301021362,ACLBSL,38,7,115,720.00,"82,800.00"
2020-08-13,2020081301021235,ACLBSL,38,19,10,720.00,"7,200.00"
2020-08-13,2020081301021014,ACLBSL,38,8,75,720.00,"54,000.00"
2020-08-13,2020081301021275,ADBL,47,44,200,415.00,"83,000.00"
2020-08-13,2020081301021350,AIL,41,41,20,517.00,"10,340.00"
2020-08-13,2020081301021222,AIL,41,21,10,517.00,"5,170.00"
2020-08-13,2020081301021215,AIL,41,17,10,517.00,"5,170.00"
2020-08-13,2020081301021180,AIL,44,58,10,518.00,"5,180.00"
2020-08-13,2020081301021178,AIL,1,57,50,519.00,"25,950.00"
2020-08-13,2020081301021156,AIL,41,41,10,517.00,"5,170.00"
2020-08-13,2020081301020944,AIL,51,51,10,518.00,"5,180.00"
2020-08-13,2020081301020879,AIL,41,38,10,517.00,"5,170.00"
2020-08-13,2020081301021041,AIL,49,52,20,518.00,"10,360.00"
2020-08-13,2020081301021034,AIL,51,52,20,518.00,"10,360.00"
2020-08-13,2020081301021013,AIL,51,21,10,518.00,"5,180.00"
2020-08-13,2020081301020990,AIL,51,44,10,518.00,"5,180.00"
2020-08-13,2020081301020946,AIL,51,41,10,518.00,"5,180.00"
2020-08-13,2020081301020945,AIL,51,6,10,518.00,"5,180.00"
2020-08-13,2020081301021148,AIL,49,37,10,518.00,"5,180.00"
2020-08-13,2020081301021074,AIL,41,21,10,518.00,"5,180.00"
2020-08-13,2020081301021065,AIL,41,17,10,518.00,"5,180.00"
2020-08-13,2020081301021059,AIL,41,51,10,518.00,"5,180.00"
2020-08-13,2020081301021058,AIL,41,26,10,518.00,"5,180.00"
2020-08-13,2020081301021057,AIL,41,52,10,518.00,"5,180.00"
2020-08-13,2020081301021044,AKJCL,38,57,80,54.00,"4,320.00"
2020-08-13,2020081301021008,AKPL,56,40,500,113.00,"56,500.00"
2020-08-13,2020081301021007,AKPL,48,40,"1,500",113.00,"169,500.00"
2020-08-13,2020081301021006,AKPL,36,40,500,113.00,"56,500.00"
2020-08-13,2020081301021005,AKPL,38,40,"1,000",113.00,"113,000.00"
2020-08-13,2020081301021004,AKPL,47,40,100,113.00,"11,300.00"
2020-08-13,2020081301021003,AKPL,8,40,"1,000",113.00,"113,000.00"
2020-08-13,2020081301021002,AKPL,55,40,"3,000",113.00,"339,000.00"
2020-08-13,2020081301021001,AKPL,58,40,"2,816",113.00,"318,208.00"
2020-08-13,2020081301021125,ALBSL,34,34,51,673.00,"34,323.00"
2020-08-13,2020081301021033,ALBSL,36,34,49,673.00,"32,977.00"
2020-08-13,2020081301020996,ALBSL,36,35,25,673.00,"16,825.00"
2020-08-13,2020081301020989,ALBSL,25,32,50,674.00,"33,700.00"
2020-08-13,2020081301021343,ALICL,57,14,26,630.00,"16,380.00"
2020-08-13,2020081301021231,ALICL,57,29,74,630.00,"46,620.00"
2020-08-13,2020081301021050,ALICL,14,13,73,634.00,"46,282.00"
2020-08-13,2020081301021049,ALICL,14,19,100,630.00,"63,000.00"
2020-08-13,2020081301021048,ALICL,14,57,50,630.00,"31,500.00"
2020-08-13,2020081301020938,ALICL,55,41,63,629.00,"39,627.00"
2020-08-13,2020081301020956,BNT,6,39,10,"6,220.00","62,200.00"
2020-08-13,2020081301021104,BOKL,32,17,50,225.00,"11,250.00"
2020-08-13,2020081301021103,BOKL,44,17,"2,000",225.00,"450,000.00"
2020-08-13,2020081301021102,BOKL,44,17,"2,394",225.00,"538,650.00"
2020-08-13,2020081301020992,BOKL,44,28,"2,000",225.00,"450,000.00"
2020-08-13,2020081301021218,BPCL,5,50,150,365.00,"54,750.00"
2020-08-13,2020081301021217,BPCL,5,25,100,365.00,"36,500.00"
2020-08-13,2020081301021216,BPCL,5,44,31,365.00,"11,315.00"
2020-08-13,2020081301021117,BPCL,32,45,100,364.00,"36,400.00"
2020-08-13,2020081301020975,BPCL,5,45,312,364.00,"113,568.00"
2020-08-13,2020081301020874,BPCL,5,58,101,363.00,"36,663.00"
2020-08-13,2020081301020873,BPCL,5,50,100,363.00,"36,300.00"
2020-08-13,2020081301020872,BPCL,5,48,789,363.00,"286,407.00"
2020-08-13,2020081301021207,CCBL,11,25,100,175.00,"17,500.00"
2020-08-13,2020081301021187,CCBL,6,25,67,175.00,"11,725.00"
2020-08-13,2020081301021142,CCBL,6,6,133,175.00,"23,275.00"
2020-08-13,2020081301021141,CCBL,17,6,83,175.00,"14,525.00"
2020-08-13,2020081301021140,CCBL,36,6,821,175.00,"143,675.00"
2020-08-13,2020081301020999,CCBL,36,47,"1,000",175.00,"175,000.00"
2020-08-13,2020081301020943,CCBL,36,1,800,175.00,"140,000.00"
2020-08-13,2020081301021198,CHCL,41,45,100,389.00,"38,900.00"
2020-08-13,2020081301021192,CHCL,32,42,100,388.00,"38,800.00"
2020-08-13,2020081301021138,CIT,35,44,10,"2,584.00","25,840.00"
2020-08-13,2020081301021039,CIT,45,5,132,"2,578.00","340,296.00"
2020-08-13,2020081301021038,CIT,38,5,10,"2,581.00","25,810.00"
2020-08-13,2020081301021037,CIT,45,5,25,"2,581.00","64,525.00"
2020-08-13,2020081301021036,CIT,45,5,13,"2,581.00","33,553.00"
2020-08-13,2020081301020937,CIT,45,34,100,"2,583.00","258,300.00"
2020-08-13,2020081301021066,CLBSL,20,14,10,680.00,"6,800.00"
2020-08-13,2020081301021286,DDBL,44,50,50,829.00,"41,450.00"
2020-08-13,2020081301021040,DDBL,17,45,46,828.00,"38,088.00"
2020-08-13,2020081301021335,EBL,32,44,45,725.00,"32,625.00"
2020-08-13,2020081301021334,EBL,32,6,173,723.00,"125,079.00"
2020-08-13,2020081301021333,EBL,32,54,100,722.00,"72,200.00"
2020-08-13,2020081301021332,EBL,32,37,32,722.00,"23,104.00"
2020-08-13,2020081301021338,EIC,34,33,40,440.00,"17,600.00"
2020-08-13,2020081301021130,EIC,52,33,200,440.00,"88,000.00"
2020-08-13,2020081301021119,EIC,11,50,100,437.00,"43,700.00"
2020-08-13,2020081301021107,EIC,29,33,200,440.00,"88,000.00"
2020-08-13,2020081301020904,EIC,48,38,150,436.00,"65,400.00"
2020-08-13,2020081301021291,FMDBL,53,17,100,517.00,"51,700.00"
2020-08-13,2020081301021290,FMDBL,51,17,141,517.00,"72,897.00"
2020-08-13,2020081301021228,FMDBL,51,58,150,517.00,"77,550.00"
2020-08-13,2020081301021197,FOWAD,34,16,20,"1,536.00","30,720.00"
2020-08-13,2020081301021287,GBIME,1,6,50,254.00,"12,700.00"
2020-08-13,2020081301021254,GBIME,29,16,494,253.00,"124,982.00"
2020-08-13,2020081301021253,GBIME,49,16,50,253.00,"12,650.00"
2020-08-13,2020081301021252,GBIME,21,16,200,253.00,"50,600.00"
2020-08-13,2020081301021251,GBIME,46,16,30,253.00,"7,590.00"
2020-08-13,2020081301021250,GBIME,41,16,50,253.00,"12,650.00"
2020-08-13,2020081301020972,GBIME,16,55,48,254.00,"12,192.00"
2020-08-13,2020081301020900,GBIME,59,55,100,254.00,"25,400.00"
2020-08-13,2020081301021249,GBIME,21,16,176,253.00,"44,528.00"
2020-08-13,2020081301021164,GBIME,41,6,182,254.00,"46,228.00"
2020-08-13,2020081301021163,GBIME,41,45,18,254.00,"4,572.00"
2020-08-13,2020081301021118,GBIME,38,45,30,254.00,"7,620.00"
2020-08-13,2020081301021016,GBIME,21,59,30,253.00,"7,590.00"
2020-08-13,2020081301020973,GBIME,16,45,52,254.00,"13,208.00"
2020-08-13,2020081301021289,GBLBS,35,50,24,476.00,"11,424.00"
2020-08-13,2020081301021288,GBLBS,33,50,176,476.00,"83,776.00"
2020-08-13,2020081301020915,GBLBS,33,1,200,476.00,"95,200.00"
2020-08-13,2020081301021073,GGBSL,43,57,40,807.00,"32,280.00"
2020-08-13,2020081301021012,GILB,45,36,50,"1,190.00","59,500.00"
2020-08-13,2020081301021011,GILB,33,36,20,"1,200.00","24,000.00"
2020-08-13,2020081301021010,GILB,41,36,50,"1,201.00","60,050.00"
2020-08-13,2020081301020950,GIMES1,22,26,100,8.80,880.00
2020-08-13,2020081301020921,GLBSL,43,47,10,800.00,"8,000.00"
2020-08-13,2020081301020920,GLBSL,43,46,10,795.00,"7,950.00"
2020-08-13,2020081301021268,GMFBS,56,42,10,771.00,"7,710.00"
2020-08-13,2020081301021327,HBL,19,8,40,552.00,"22,080.00"
2020-08-13,2020081301021348,HDL,1,41,150,"1,681.00","252,150.00"
2020-08-13,2020081301021347,HDL,1,34,50,"1,680.00","84,000.00"
2020-08-13,2020081301021265,HDL,19,36,70,"1,677.00","117,390.00"
2020-08-13,2020081301021264,HDL,39,36,50,"1,678.00","83,900.00"
2020-08-13,2020081301021263,HDL,57,36,10,"1,680.00","16,800.00"
2020-08-13,2020081301021168,HDL,47,58,140,"1,680.00","235,200.00"
2020-08-13,2020081301021061,HDL,55,58,50,"1,680.00","84,000.00"
2020-08-13,2020081301020958,HGI,44,19,100,417.00,"41,700.00"
2020-08-13,2020081301021304,HIDCL,14,19,61,128.00,"7,808.00"
2020-08-13,2020081301021030,HPPL,1,39,10,134.00,"1,340.00"
2020-08-13,2020081301021046,ICFC,29,55,325,177.00,"57,525.00"
2020-08-13,2020081301021296,IGI,17,19,200,454.00,"90,800.00"
2020-08-13,2020081301021160,ILBS,55,58,10,734.00,"7,340.00"
2020-08-13,2020081301021053,ILBS,55,37,11,729.00,"8,019.00"
2020-08-13,2020081301020947,ILBS,55,25,21,726.00,"15,246.00"
2020-08-13,2020081301020971,JFL,6,32,294,162.00,"47,628.00"
2020-08-13,2020081301020970,JFL,22,32,10,162.00,"1,620.00"
2020-08-13,2020081301021190,JOSHI,39,42,147,61.00,"8,967.00"
2020-08-13,2020081301020935,JSLBB,5,38,17,"1,405.00","23,885.00"
2020-08-13,2020081301020934,JSLBB,17,38,10,"1,405.00","14,050.00"
2020-08-13,2020081301020933,JSLBB,35,38,10,"1,405.00","14,050.00"
2020-08-13,2020081301020932,JSLBB,45,38,20,"1,405.00","28,100.00"
2020-08-13,2020081301021169,KMCDB,57,26,100,750.00,"75,000.00"
2020-08-13,2020081301021076,KMCDB,57,26,40,750.00,"30,000.00"
2020-08-13,2020081301021075,KMCDB,45,26,10,750.00,"7,500.00"
2020-08-13,2020081301021146,KPCL,22,21,10,105.00,"1,050.00"
2020-08-13,2020081301020914,KPCL,22,21,10,105.00,"1,050.00"
2020-08-13,2020081301021293,KSBBL,39,50,50,152.00,"7,600.00"
2020-08-13,2020081301021056,KSBBL,39,14,500,152.00,"76,000.00"
2020-08-13,2020081301020942,KSBBL,39,50,303,151.00,"45,753.00"
2020-08-13,2020081301021175,LBBL,39,25,100,188.00,"18,800.00"
2020-08-13,2020081301021031,LBBL,58,14,20,189.00,"3,780.00"
2020-08-13,2020081301020998,LBBL,42,14,345,189.00,"65,205.00"
2020-08-13,2020081301020997,LBBL,42,35,10,189.00,"1,890.00"
2020-08-13,2020081301020982,LBBL,39,42,300,188.00,"56,400.00"
2020-08-13,2020081301020981,LBBL,39,42,200,188.00,"37,600.00"
2020-08-13,2020081301020980,LBBL,34,42,200,188.00,"37,600.00"
2020-08-13,2020081301020979,LBBL,39,42,200,188.00,"37,600.00"
2020-08-13,2020081301020978,LBBL,39,42,300,188.00,"56,400.00"
2020-08-13,2020081301020977,LBBL,39,42,200,188.00,"37,600.00"
2020-08-13,2020081301020976,LBBL,39,42,100,188.00,"18,800.00"
2020-08-13,2020081301021248,LBL,21,25,100,228.00,"22,800.00"
2020-08-13,2020081301021188,LEMF,49,26,"5,000",8.67,"43,350.00"
2020-08-13,2020081301020925,LGIL,36,58,40,453.00,"18,120.00"
2020-08-13,2020081301021280,LLBS,57,10,40,"1,095.00","43,800.00"
2020-08-13,2020081301021221,LLBS,57,10,27,"1,095.00","29,565.00"
2020-08-13,2020081301021166,LLBS,6,10,23,"1,095.00","25,185.00"
2020-08-13,2020081301021165,LLBS,16,10,19,"1,095.00","20,805.00"
2020-08-13,2020081301020924,LLBS,6,22,27,"1,095.00","29,565.00"
2020-08-13,2020081301021161,MBL,42,56,149,227.00,"33,823.00"
2020-08-13,2020081301021120,MBL,6,56,114,226.00,"25,764.00"
2020-08-13,2020081301021009,MBL,22,56,100,227.00,"22,700.00"
2020-08-13,2020081301021301,MDB,29,4,342,322.00,"110,124.00"
2020-08-13,2020081301021300,MDB,13,4,83,322.00,"26,726.00"
2020-08-13,2020081301021299,MDB,16,4,10,323.00,"3,230.00"
2020-08-13,2020081301021177,MEGA,45,50,50,224.00,"11,200.00"
2020-08-13,2020081301021176,MEGA,45,25,300,224.00,"67,200.00"
2020-08-13,2020081301021045,MEGA,13,25,200,224.00,"44,800.00"
2020-08-13,2020081301021015,MEGA,43,45,10,225.00,"2,250.00"
2020-08-13,2020081301020908,MEGA,33,32,34,223.00,"7,582.00"
2020-08-13,2020081301020907,MEGA,58,32,75,224.00,"16,800.00"
2020-08-13,2020081301021351,MERO,8,34,10,629.00,"6,290.00"
2020-08-13,2020081301021167,MFIL,43,49,10,274.00,"2,740.00"
2020-08-13,2020081301021212,MLBL,1,8,112,196.00,"21,952.00"
2020-08-13,2020081301021211,MLBL,46,8,388,196.00,"76,048.00"
2020-08-13,2020081301021239,NABIL,43,11,50,825.00,"41,250.00"
2020-08-13,2020081301021157,NABIL,45,11,20,825.00,"16,500.00"
2020-08-13,2020081301021151,NABIL,32,14,57,829.00,"47,253.00"
2020-08-13,2020081301021150,NABIL,32,48,20,829.00,"16,580.00"
2020-08-13,2020081301021149,NABIL,32,54,16,827.00,"13,232.00"
2020-08-13,2020081301021060,NABIL,49,54,30,827.00,"24,810.00"
2020-08-13,2020081301021018,NABIL,53,54,51,827.00,"42,177.00"
2020-08-13,2020081301021017,NABIL,53,5,49,824.00,"40,376.00"
2020-08-13,2020081301020936,NABIL,56,56,100,826.00,"82,600.00"
2020-08-13,2020081301020878,NABIL,56,11,50,825.00,"41,250.00"
2020-08-13,2020081301021213,NADEP,47,5,10,614.00,"6,140.00"
2020-08-13,2020081301020969,NADEP,33,20,23,604.00,"13,892.00"
2020-08-13,2020081301021364,NBB,57,58,10,203.00,"2,030.00"
2020-08-13,2020081301021349,NBL,33,29,100,272.00,"27,200.00"
2020-08-13,2020081301021267,NBL,49,59,330,270.00,"89,100.00"
2020-08-13,2020081301021159,NBL,42,25,"1,000",271.00,"271,000.00"
2020-08-13,2020081301021158,NBL,56,25,100,271.00,"27,100.00"
2020-08-13,2020081301021358,NCCB,58,49,30,195.00,"5,850.00"
2020-08-13,2020081301021357,NCCB,58,34,370,194.00,"71,780.00"
2020-08-13,2020081301021179,NCCB,10,22,100,193.00,"19,300.00"
2020-08-13,2020081301021174,NCCB,50,34,30,194.00,"5,820.00"
2020-08-13,2020081301020940,NCCB,42,34,500,194.00,"97,000.00"
2020-08-13,2020081301020939,NCCB,42,32,500,194.00,"97,000.00"
2020-08-13,2020081301021295,NFS,29,45,10,166.00,"1,660.00"
2020-08-13,2020081301021191,NFS,29,25,10,165.00,"1,650.00"
2020-08-13,2020081301021077,NFS,29,25,10,162.00,"1,620.00"
2020-08-13,2020081301020913,NFS,22,20,40,159.00,"6,360.00"
2020-08-13,2020081301020912,NFS,25,20,200,159.00,"31,800.00"
2020-08-13,2020081301020911,NFS,50,20,100,159.00,"15,900.00"
2020-08-13,2020081301020910,NFS,42,20,30,159.00,"4,770.00"
2020-08-13,2020081301021162,NHPC,33,11,10,53.00,530.00
2020-08-13,2020081301020991,NHPC,55,57,"1,000",52.00,"52,000.00"
2020-08-13,2020081301021201,NIB,14,13,200,442.00,"88,400.00"
2020-08-13,2020081301021109,NIB,45,39,20,441.00,"8,820.00"
2020-08-13,2020081301021000,NIB,38,13,300,442.00,"132,600.00"
2020-08-13,2020081301020929,NIB,50,57,38,440.00,"16,720.00"
2020-08-13,2020081301021145,NIBLPF,49,34,"8,577",8.30,"71,189.10"
2020-08-13,2020081301021363,NICA,46,5,20,577.00,"11,540.00"
2020-08-13,2020081301021303,NICA,50,52,650,574.00,"373,100.00"
2020-08-13,2020081301021278,NICA,50,14,350,574.00,"200,900.00"
2020-08-13,2020081301021277,NICA,38,14,100,575.00,"57,500.00"
2020-08-13,2020081301021276,NICA,28,14,50,576.00,"28,800.00"
2020-08-13,2020081301021116,NICA,50,36,21,574.00,"12,054.00"
2020-08-13,2020081301021019,NICA,45,4,200,576.00,"115,200.00"
2020-08-13,2020081301020919,NICA,33,14,23,576.00,"13,248.00"
2020-08-13,2020081301020918,NICA,48,14,177,576.00,"101,952.00"
2020-08-13,2020081301021025,NICA,42,4,500,574.00,"287,000.00"
2020-08-13,2020081301021024,NICA,45,4,500,575.00,"287,500.00"
2020-08-13,2020081301021023,NICA,34,4,30,575.00,"17,250.00"
2020-08-13,2020081301021022,NICA,22,4,70,575.00,"40,250.00"
2020-08-13,2020081301021021,NICA,57,4,150,575.00,"86,250.00"
2020-08-13,2020081301021020,NICA,6,4,929,575.00,"534,175.00"
2020-08-13,2020081301021115,NICA,49,36,300,574.00,"172,200.00"
2020-08-13,2020081301021114,NICA,58,36,100,574.00,"57,400.00"
2020-08-13,2020081301021113,NICA,39,36,79,574.00,"45,346.00"
2020-08-13,2020081301021028,NICA,39,4,421,574.00,"241,654.00"
2020-08-13,2020081301021027,NICA,6,4,500,574.00,"287,000.00"
2020-08-13,2020081301021026,NICA,45,4,200,574.00,"114,800.00"
2020-08-13,2020081301021238,NICL,50,42,10,458.00,"4,580.00"
2020-08-13,2020081301021236,NICL,50,56,200,456.00,"91,200.00"
2020-08-13,2020081301021336,NICLBSL,56,35,10,759.00,"7,590.00"
2020-08-13,2020081301021323,NICLBSL,56,7,50,759.00,"37,950.00"
2020-08-13,2020081301021298,NICLBSL,38,28,210,760.00,"159,600.00"
2020-08-13,2020081301021124,NICLBSL,56,40,10,759.00,"7,590.00"
2020-08-13,2020081301021055,NICLBSL,56,1,10,759.00,"7,590.00"
2020-08-13,2020081301020899,NICLBSL,56,29,10,759.00,"7,590.00"
2020-08-13,2020081301021306,NIL,41,56,42,631.00,"26,502.00"
2020-08-13,2020081301021279,NIL,41,28,375,631.00,"236,625.00"
2020-08-13,2020081301021237,NIL,42,1,10,632.00,"6,320.00"
2020-08-13,2020081301021227,NLBBL,8,36,25,689.00,"17,225.00"
2020-08-13,2020081301021226,NLBBL,14,36,50,690.00,"34,500.00"
2020-08-13,2020081301021225,NLBBL,45,36,50,690.00,"34,500.00"
2020-08-13,2020081301021224,NLBBL,25,36,20,691.00,"13,820.00"
2020-08-13,2020081301021223,NLBBL,26,36,30,693.00,"20,790.00"
2020-08-13,2020081301021342,NLG,28,4,10,632.00,"6,320.00"
2020-08-13,2020081301021258,NLIC,40,35,100,"1,341.00","134,100.00"
2020-08-13,2020081301021257,NLIC,40,46,50,"1,341.00","67,050.00"
2020-08-13,2020081301021256,NLIC,40,5,57,"1,340.00","76,380.00"
2020-08-13,2020081301021255,NLIC,40,38,118,"1,339.00","158,002.00"
2020-08-13,2020081301021195,NLIC,41,38,26,"1,339.00","34,814.00"
2020-08-13,2020081301021194,NLIC,48,38,100,"1,339.00","133,900.00"
2020-08-13,2020081301021193,NLIC,44,38,10,"1,339.00","13,390.00"
2020-08-13,2020081301021152,NLIC,50,5,10,"1,340.00","13,400.00"
2020-08-13,2020081301021032,NLIC,44,50,290,"1,339.00","388,310.00"
2020-08-13,2020081301020927,NLIC,6,50,10,"1,339.00","13,390.00"
2020-08-13,2020081301020881,NLIC,42,50,134,"1,337.00","179,158.00"
2020-08-13,2020081301020870,NLICL,49,39,32,690.00,"22,080.00"
2020-08-13,2020081301021346,NMB,10,16,"1,500",417.00,"625,500.00"
2020-08-13,2020081301021341,NMB,58,16,"1,000",417.00,"417,000.00"
2020-08-13,2020081301021339,NMB,32,16,100,417.00,"41,700.00"
2020-08-13,2020081301021281,NMB,48,16,200,417.00,"83,400.00"
2020-08-13,2020081301021108,NMB,21,16,100,417.00,"41,700.00"
2020-08-13,2020081301021101,NMB,35,16,100,417.00,"41,700.00"
2020-08-13,2020081301020901,NMB,45,36,150,418.00,"62,700.00"
2020-08-13,2020081301020877,NMB,53,36,50,418.00,"20,900.00"
2020-08-13,2020081301020876,NMB,53,57,150,418.00,"62,700.00"
2020-08-13,2020081301021043,NMB,49,40,200,418.00,"83,600.00"
2020-08-13,2020081301020949,NMB,36,40,20,418.00,"8,360.00"
2020-08-13,2020081301020948,NMB,36,36,30,418.00,"12,540.00"
2020-08-13,2020081301020931,NMB,45,36,250,418.00,"104,500.00"
2020-08-13,2020081301020926,NMB,25,36,20,418.00,"8,360.00"
2020-08-13,2020081301020917,NMB,1,20,15,417.00,"6,255.00"
2020-08-13,2020081301021082,NMB,6,16,100,417.00,"41,700.00"
2020-08-13,2020081301021081,NMB,16,16,200,417.00,"83,400.00"
2020-08-13,2020081301021080,NMB,6,16,10,417.00,"4,170.00"
2020-08-13,2020081301021079,NMB,1,16,435,417.00,"181,395.00"
2020-08-13,2020081301021072,NMB,1,56,237,417.00,"98,829.00"
2020-08-13,2020081301021062,NMB,38,40,15,418.00,"6,270.00"
2020-08-13,2020081301021088,NMB,3,16,100,417.00,"41,700.00"
2020-08-13,2020081301021087,NMB,52,16,50,417.00,"20,850.00"
2020-08-13,2020081301021086,NMB,56,16,100,417.00,"41,700.00"
2020-08-13,2020081301021085,NMB,52,16,40,417.00,"16,680.00"
2020-08-13,2020081301021084,NMB,51,16,50,417.00,"20,850.00"
2020-08-13,2020081301021083,NMB,32,16,50,417.00,"20,850.00"
2020-08-13,2020081301021094,NMB,45,16,200,417.00,"83,400.00"
2020-08-13,2020081301021093,NMB,32,16,500,417.00,"208,500.00"
2020-08-13,2020081301021092,NMB,33,16,"1,000",417.00,"417,000.00"
2020-08-13,2020081301021091,NMB,58,16,50,417.00,"20,850.00"
2020-08-13,2020081301021090,NMB,19,16,50,417.00,"20,850.00"
2020-08-13,2020081301021089,NMB,34,16,100,417.00,"41,700.00"
2020-08-13,2020081301021100,NMB,52,16,200,417.00,"83,400.00"
2020-08-13,2020081301021099,NMB,56,16,799,417.00,"333,183.00"
2020-08-13,2020081301021098,NMB,44,16,200,417.00,"83,400.00"
2020-08-13,2020081301021097,NMB,41,16,100,417.00,"41,700.00"
2020-08-13,2020081301021096,NMB,56,16,100,417.00,"41,700.00"
2020-08-13,2020081301021095,NMB,56,16,420,417.00,"175,140.00"
2020-08-13,2020081301021122,NMBMF,38,56,30,715.00,"21,450.00"
2020-08-13,2020081301021063,NMBMF,45,29,80,710.00,"56,800.00"
2020-08-13,2020081301021035,NMBMF,16,29,20,710.00,"14,200.00"
2020-08-13,2020081301020922,NMBMF,53,29,100,710.00,"71,000.00"
2020-08-13,2020081301021340,NMFBS,25,49,10,"1,602.00","16,020.00"
2020-08-13,2020081301021294,NRIC,1,39,40,580.00,"23,200.00"
2020-08-13,2020081301021206,NRIC,50,13,100,581.00,"58,100.00"
2020-08-13,2020081301021205,NRIC,25,13,30,581.00,"17,430.00"
2020-08-13,2020081301021204,NRIC,55,13,"1,000",581.00,"581,000.00"
2020-08-13,2020081301021203,NRIC,58,13,50,581.00,"29,050.00"
2020-08-13,2020081301021202,NRIC,36,13,"1,005",581.00,"583,905.00"
2020-08-13,2020081301020967,NRIC,36,22,40,582.00,"23,280.00"
2020-08-13,2020081301020906,NRIC,36,45,870,582.00,"506,340.00"
2020-08-13,2020081301020905,NRIC,39,45,130,582.00,"75,660.00"
2020-08-13,2020081301021199,NRIC,36,58,145,581.00,"84,245.00"
2020-08-13,2020081301021123,NRIC,36,40,50,581.00,"29,050.00"
2020-08-13,2020081301020988,NRIC,36,13,800,581.00,"464,800.00"
2020-08-13,2020081301020987,NRIC,53,13,50,581.00,"29,050.00"
2020-08-13,2020081301020986,NRIC,36,13,"2,060",581.00,"1,196,860.00"
2020-08-13,2020081301020985,NRIC,36,13,90,582.00,"52,380.00"
2020-08-13,2020081301021326,NSEWA,43,38,19,715.00,"13,585.00"
2020-08-13,2020081301021325,NSEWA,43,42,10,708.00,"7,080.00"
2020-08-13,2020081301021282,NSEWA,43,17,10,701.00,"7,010.00"
2020-08-13,2020081301021365,NTC,39,49,10,663.00,"6,630.00"
2020-08-13,2020081301021064,NTC,19,34,100,665.00,"66,500.00"
2020-08-13,2020081301021274,OHL,25,45,594,350.00,"207,900.00"
2020-08-13,2020081301021273,OHL,25,32,216,349.00,"75,384.00"
2020-08-13,2020081301021272,OHL,25,48,90,348.00,"31,320.00"
2020-08-13,2020081301020955,OHL,11,48,460,346.00,"159,160.00"
2020-08-13,2020081301021356,PCBL,28,44,502,268.00,"134,536.00"
2020-08-13,2020081301021355,PCBL,29,44,25,268.00,"6,700.00"
2020-08-13,2020081301021354,PCBL,32,44,100,268.00,"26,800.00"
2020-08-13,2020081301021353,PCBL,17,44,73,268.00,"19,564.00"
2020-08-13,2020081301021297,PCBL,17,41,30,268.00,"8,040.00"
2020-08-13,2020081301021262,PCBL,17,45,97,268.00,"25,996.00"
2020-08-13,2020081301021261,PCBL,33,45,603,268.00,"161,604.00"
2020-08-13,2020081301021132,PCBL,33,25,500,268.00,"134,000.00"
2020-08-13,2020081301020930,PCBL,58,34,20,269.00,"5,380.00"
2020-08-13,2020081301020923,PCBL,33,56,55,268.00,"14,740.00"
2020-08-13,2020081301020869,PFL,38,38,2,149.00,298.00
2020-08-13,2020081301021344,PIC,52,34,25,636.00,"15,900.00"
2020-08-13,2020081301021270,PIC,6,58,368,633.00,"232,944.00"
2020-08-13,2020081301021269,PIC,41,58,80,634.00,"50,720.00"
2020-08-13,2020081301021051,PIC,41,22,20,634.00,"12,680.00"
2020-08-13,2020081301020909,PIC,6,58,500,633.00,"316,500.00"
2020-08-13,2020081301021283,PICL,57,10,300,467.00,"140,100.00"
2020-08-13,2020081301020898,PLIC,50,36,225,537.00,"120,825.00"
2020-08-13,2020081301020897,PLIC,8,36,88,537.00,"47,256.00"
2020-08-13,2020081301020896,PLIC,45,36,100,538.00,"53,800.00"
2020-08-13,2020081301020895,PLIC,53,36,100,538.00,"53,800.00"
2020-08-13,2020081301020894,PLIC,45,36,100,538.00,"53,800.00"
2020-08-13,2020081301020893,PLIC,58,36,10,538.00,"5,380.00"
2020-08-13,2020081301021345,PPCL,32,38,20,113.00,"2,260.00"
2020-08-13,2020081301021352,PRIN,51,49,10,500.00,"5,000.00"
2020-08-13,2020081301021135,PRIN,14,45,50,499.00,"24,950.00"
2020-08-13,2020081301021134,PRIN,14,34,82,499.00,"40,918.00"
2020-08-13,2020081301021133,PRIN,14,34,128,499.00,"63,872.00"
2020-08-13,2020081301020884,PRIN,51,34,10,499.00,"4,990.00"
2020-08-13,2020081301021259,PRVU,26,32,400,232.00,"92,800.00"
2020-08-13,2020081301021129,PRVU,1,32,100,232.00,"23,200.00"
2020-08-13,2020081301020995,PRVU,29,10,136,231.00,"31,416.00"
2020-08-13,2020081301020994,PRVU,42,10,740,231.00,"170,940.00"
2020-08-13,2020081301020968,PRVU,42,1,30,231.00,"6,930.00"
2020-08-13,2020081301020916,PRVU,42,32,500,232.00,"116,000.00"
2020-08-13,2020081301021302,RADHI,38,34,12,172.00,"2,064.00"
2020-08-13,2020081301021112,RADHI,38,7,12,171.00,"2,052.00"
2020-08-13,2020081301021111,RADHI,38,52,12,170.00,"2,040.00"
2020-08-13,2020081301021110,RADHI,38,47,12,169.00,"2,028.00"
2020-08-13,2020081301021210,RBCL,28,44,30,"9,494.00","284,820.00"
2020-08-13,2020081301021209,RBCL,28,5,10,"9,493.00","94,930.00"
2020-08-13,2020081301020882,RHPC,32,57,200,84.00,"16,800.00"
2020-08-13,2020081301021367,RHPL,44,34,30,149.00,"4,470.00"
2020-08-13,2020081301021366,RHPL,57,34,20,149.00,"2,980.00"
2020-08-13,2020081301021047,RHPL,57,38,40,149.00,"5,960.00"
2020-08-13,2020081301021324,RMDC,47,41,20,755.00,"15,100.00"
2020-08-13,2020081301021220,RMDC,34,6,51,758.00,"38,658.00"
2020-08-13,2020081301021219,RMDC,34,14,99,757.00,"74,943.00"
2020-08-13,2020081301021186,RMDC,34,22,850,755.00,"641,750.00"
2020-08-13,2020081301020984,SABSL,47,19,30,718.00,"21,540.00"
2020-08-13,2020081301020983,SABSL,58,19,10,719.00,"7,190.00"
2020-08-13,2020081301021078,SAEF,26,17,100,10.00,"1,000.00"
2020-08-13,2020081301021234,SANIMA,45,53,190,345.00,"65,550.00"
2020-08-13,2020081301021069,SANIMA,45,56,100,345.00,"34,500.00"
2020-08-13,2020081301021068,SANIMA,45,35,67,345.00,"23,115.00"
2020-08-13,2020081301021067,SANIMA,45,45,500,345.00,"172,500.00"
2020-08-13,2020081301020993,SANIMA,58,45,100,345.00,"34,500.00"
2020-08-13,2020081301020957,SAPDBL,38,38,3,118.00,354.00
2020-08-13,2020081301020952,SBI,13,8,20,424.00,"8,480.00"
2020-08-13,2020081301020951,SBI,59,8,30,424.00,"12,720.00"
2020-08-13,2020081301021321,SBL,47,45,50,292.00,"14,600.00"
2020-08-13,2020081301021320,SBL,33,45,100,292.00,"29,200.00"
2020-08-13,2020081301021319,SBL,55,45,202,292.00,"58,984.00"
2020-08-13,2020081301021318,SBL,55,45,300,292.00,"87,600.00"
2020-08-13,2020081301021317,SBL,48,45,200,292.00,"58,400.00"
2020-08-13,2020081301021316,SBL,58,45,20,292.00,"5,840.00"
2020-08-13,2020081301021309,SBL,13,45,200,293.00,"58,600.00"
2020-08-13,2020081301021308,SBL,28,45,50,293.00,"14,650.00"
2020-08-13,2020081301021307,SBL,37,45,298,293.00,"87,314.00"
2020-08-13,2020081301021315,SBL,42,45,100,292.00,"29,200.00"
2020-08-13,2020081301021314,SBL,38,45,"1,000",292.00,"292,000.00"
2020-08-13,2020081301021313,SBL,41,45,193,292.00,"56,356.00"
2020-08-13,2020081301021312,SBL,44,45,222,293.00,"65,046.00"
2020-08-13,2020081301021311,SBL,46,45,20,293.00,"5,860.00"
2020-08-13,2020081301021310,SBL,45,45,50,293.00,"14,650.00"
2020-08-13,2020081301021305,SCB,34,45,28,653.00,"18,284.00"
2020-08-13,2020081301021071,SCB,45,45,500,653.00,"326,500.00"
2020-08-13,2020081301021070,SCB,1,45,38,653.00,"24,814.00"
2020-08-13,2020081301021052,SCB,1,50,200,653.00,"130,600.00"
2020-08-13,2020081301020903,SCB,1,14,250,653.00,"163,250.00"
2020-08-13,2020081301020902,SCB,6,14,50,654.00,"32,700.00"
2020-08-13,2020081301021284,SDESI,55,39,20,800.00,"16,000.00"
2020-08-13,2020081301021105,SDESI,33,39,19,800.00,"15,200.00"
2020-08-13,2020081301020954,SDLBSL,14,42,10,635.00,"6,350.00"
2020-08-13,2020081301021189,SFCL,35,11,10,109.00,"1,090.00"
2020-08-13,2020081301021196,SHINE,1,45,50,235.00,"11,750.00"
2020-08-13,2020081301021260,SHIVM,50,38,10,584.00,"5,840.00"
2020-08-13,2020081301021185,SHIVM,48,4,439,581.00,"255,059.00"
2020-08-13,2020081301021184,SHIVM,19,4,150,581.00,"87,150.00"
2020-08-13,2020081301021183,SHIVM,36,4,50,581.00,"29,050.00"
2020-08-13,2020081301021182,SHIVM,51,4,10,582.00,"5,820.00"
2020-08-13,2020081301021181,SHIVM,26,4,506,582.00,"294,492.00"
2020-08-13,2020081301021029,SHIVM,38,10,100,583.00,"58,300.00"
2020-08-13,2020081301020974,SHIVM,26,21,100,582.00,"58,200.00"
2020-08-13,2020081301021292,SHPC,48,14,10,229.00,"2,290.00"
2020-08-13,2020081301021271,SHPC,36,14,20,229.00,"4,580.00"
2020-08-13,2020081301021155,SHPC,36,41,200,229.00,"45,800.00"
2020-08-13,2020081301021154,SHPC,36,29,250,229.00,"57,250.00"
2020-08-13,2020081301021153,SHPC,36,33,980,229.00,"224,420.00"
2020-08-13,2020081301021131,SHPC,48,33,20,229.00,"4,580.00"
2020-08-13,2020081301020880,SHPC,48,56,"1,000",227.00,"227,000.00"
2020-08-13,2020081301021208,SIC,14,28,10,735.00,"7,350.00"
2020-08-13,2020081301020966,SIC,14,36,50,727.00,"36,350.00"
2020-08-13,2020081301020965,SIC,38,36,100,728.00,"72,800.00"
2020-08-13,2020081301020964,SIC,7,36,100,728.00,"72,800.00"
2020-08-13,2020081301020963,SIC,45,36,100,729.00,"72,900.00"
2020-08-13,2020081301020962,SIC,13,36,100,729.00,"72,900.00"
2020-08-13,2020081301020961,SIC,28,36,250,730.00,"182,500.00"
2020-08-13,2020081301020960,SIC,50,36,200,730.00,"146,000.00"
2020-08-13,2020081301020959,SIC,14,36,100,731.00,"73,100.00"
2020-08-13,2020081301021172,SKBBL,42,22,200,"1,250.00","250,000.00"
2020-08-13,2020081301021171,SKBBL,42,34,127,"1,250.00","158,750.00"
2020-08-13,2020081301021170,SKBBL,42,35,211,"1,249.00","263,539.00"
2020-08-13,2020081301020883,SKBBL,19,35,20,"1,249.00","24,980.00"
2020-08-13,2020081301021200,SLBBL,38,29,80,810.00,"64,800.00"
2020-08-13,2020081301021233,SLBSL,51,45,10,790.00,"7,900.00"
2020-08-13,2020081301021232,SLBSL,42,45,10,790.00,"7,900.00"
2020-08-13,2020081301021214,SLICL,33,43,220,448.00,"98,560.00"
2020-08-13,2020081301021173,SLICL,45,43,50,448.00,"22,400.00"
2020-08-13,2020081301021147,SLICL,19,43,10,448.00,"4,480.00"
2020-08-13,2020081301021106,SLICL,45,43,20,448.00,"8,960.00"
2020-08-13,2020081301020892,SLICL,1,34,958,445.00,"426,310.00"
2020-08-13,2020081301020891,SLICL,14,34,500,445.00,"222,500.00"
2020-08-13,2020081301020890,SLICL,5,34,100,445.00,"44,500.00"
2020-08-13,2020081301020889,SLICL,45,34,50,445.00,"22,250.00"
2020-08-13,2020081301020888,SLICL,20,34,200,445.00,"89,000.00"
2020-08-13,2020081301020887,SLICL,53,34,50,445.00,"22,250.00"
2020-08-13,2020081301020886,SLICL,21,34,42,446.00,"18,732.00"
2020-08-13,2020081301020885,SLICL,40,34,100,447.00,"44,700.00"
2020-08-13,2020081301021054,SMFBS,42,45,50,890.00,"44,500.00"
2020-08-13,2020081301021322,SPARS,34,47,27,838.00,"22,626.00"
2020-08-13,2020081301021230,SPARS,34,42,11,838.00,"9,218.00"
2020-08-13,2020081301021229,SPARS,34,42,50,838.00,"41,900.00"
2020-08-13,2020081301021139,SPARS,34,53,12,838.00,"10,056.00"
2020-08-13,2020081301020868,SPARS,45,53,10,838.00,"8,380.00"
2020-08-13,2020081301021337,SPDL,47,44,10,97.00,970.00
2020-08-13,2020081301021121,SRBL,52,45,47,233.00,"10,951.00"
2020-08-13,2020081301021361,STC,14,42,75,"2,658.00","199,350.00"
2020-08-13,2020081301021360,STC,1,42,10,"2,658.00","26,580.00"
2020-08-13,2020081301021359,STC,52,42,50,"2,660.00","133,000.00"
2020-08-13,2020081301021331,SWBBL,17,34,200,"1,202.00","240,400.00"
2020-08-13,2020081301021330,SWBBL,17,44,300,"1,201.00","360,300.00"
2020-08-13,2020081301021329,SWBBL,17,20,21,"1,201.00","25,221.00"
2020-08-13,2020081301021247,SWBBL,17,53,55,"1,200.00","66,000.00"
2020-08-13,2020081301021246,SWBBL,17,35,200,"1,200.00","240,000.00"
2020-08-13,2020081301021245,SWBBL,17,36,400,"1,199.00","479,600.00"
2020-08-13,2020081301021244,SWBBL,17,21,100,"1,198.00","119,800.00"
2020-08-13,2020081301021243,SWBBL,17,39,170,"1,198.00","203,660.00"
2020-08-13,2020081301021242,SWBBL,17,22,100,"1,197.00","119,700.00"
2020-08-13,2020081301021241,SWBBL,17,26,80,"1,194.00","95,520.00"
2020-08-13,2020081301021240,SWBBL,17,34,10,"1,194.00","11,940.00"
2020-08-13,2020081301021137,TMDBL,39,14,20,166.00,"3,320.00"
2020-08-13,2020081301021136,TMDBL,44,14,288,166.00,"47,808.00"
2020-08-13,2020081301020871,TMDBL,13,14,10,168.00,"1,680.00"
2020-08-13,2020081301021285,TRH,19,16,100,208.00,"20,800.00"
2020-08-13,2020081301021328,UIC,42,28,200,403.00,"80,600.00"
2020-08-13,2020081301020953,UIC,42,45,49,403.00,"19,747.00"
2020-08-13,2020081301020928,UMHL,4,22,14,101.00,"1,414.00"
2020-08-13,2020081301021144,UNHPL,45,58,50,58.00,"2,900.00"
2020-08-13,2020081301021143,UNHPL,45,34,50,58.00,"2,900.00"
2020-08-13,2020081301021266,UPPER,58,50,200,224.00,"44,800.00"
2020-08-13,2020081301020875,UPPER,41,50,100,224.00,"22,400.00"
2020-08-13,2020081301021128,WOMI,33,35,15,900.00,"13,500.00"
2020-08-13,2020081301021127,WOMI,33,55,500,895.00,"447,500.00"
2020-08-13,2020081301021126,WOMI,33,22,239,892.00,"213,188.00"
2020-08-13,2020081301021042,WOMI,45,22,15,892.00,"13,380.00"
2020-08-13,2020081301020941,WOMI,33,25,30,892.00,"26,760.00"
2020-08-13,2020081301020867,ACLBSL,34,8,31,734.00,"22,754.00"
2020-08-13,2020081301020866,ACLBSL,34,45,10,729.00,"7,290.00"
2020-08-13,2020081301020865,ACLBSL,34,52,12,722.00,"8,664.00"
2020-08-13,2020081301020864,ACLBSL,34,38,10,722.00,"7,220.00"
2020-08-13,2020081301020863,ACLBSL,34,38,10,722.00,"7,220.00"
2020-08-13,2020081301020862,ACLBSL,34,48,47,722.00,"33,934.00"
2020-08-13,2020081301020659,ACLBSL,34,42,90,716.00,"64,440.00"
2020-08-13,2020081301020658,ACLBSL,34,41,10,715.00,"7,150.00"
2020-08-13,2020081301020644,ACLBSL,58,26,10,705.00,"7,050.00"
2020-08-13,2020081301020665,ACLBSL,34,38,10,718.00,"7,180.00"
2020-08-13,2020081301020664,ACLBSL,34,41,10,718.00,"7,180.00"
2020-08-13,2020081301020663,ACLBSL,34,38,10,718.00,"7,180.00"
2020-08-13,2020081301020662,ACLBSL,34,56,30,718.00,"21,540.00"
2020-08-13,2020081301020661,ACLBSL,34,38,10,718.00,"7,180.00"
2020-08-13,2020081301020660,ACLBSL,34,59,10,716.00,"7,160.00"
2020-08-13,2020081301020791,ACLBSL,34,42,10,720.00,"7,200.00"
2020-08-13,2020081301020790,ACLBSL,34,25,10,720.00,"7,200.00"
2020-08-13,2020081301020789,ACLBSL,34,25,10,720.00,"7,200.00"
2020-08-13,2020081301020788,ACLBSL,34,32,100,714.00,"71,400.00"
2020-08-13,2020081301020667,ACLBSL,34,43,10,719.00,"7,190.00"
2020-08-13,2020081301020666,ACLBSL,34,51,10,719.00,"7,190.00"
2020-08-13,2020081301020797,ACLBSL,34,48,27,722.00,"19,494.00"
2020-08-13,2020081301020796,ACLBSL,34,26,10,721.00,"7,210.00"
2020-08-13,2020081301020795,ACLBSL,34,26,10,721.00,"7,210.00"
2020-08-13,2020081301020794,ACLBSL,34,41,103,721.00,"74,263.00"
2020-08-13,2020081301020793,ACLBSL,34,33,10,720.00,"7,200.00"
2020-08-13,2020081301020792,ACLBSL,34,26,10,720.00,"7,200.00"
2020-08-13,2020081301020651,ADBL,47,38,50,414.00,"20,700.00"
2020-08-13,2020081301020471,ADBL,58,44,10,415.00,"4,150.00"
2020-08-13,2020081301020394,ADBL,49,44,50,415.00,"20,750.00"
2020-08-13,2020081301020860,AIL,41,20,10,517.00,"5,170.00"
2020-08-13,2020081301020839,AIL,41,17,10,517.00,"5,170.00"
2020-08-13,2020081301020817,AIL,41,29,10,517.00,"5,170.00"
2020-08-13,2020081301020780,AIL,41,21,10,517.00,"5,170.00"
2020-08-13,2020081301020777,AIL,6,40,90,518.00,"46,620.00"
2020-08-13,2020081301020776,AIL,6,54,10,518.00,"5,180.00"
2020-08-13,2020081301020395,AIL,26,10,20,517.00,"10,340.00"
2020-08-13,2020081301020389,AIL,40,17,10,516.00,"5,160.00"
2020-08-13,2020081301020378,AIL,40,58,10,516.00,"5,160.00"
2020-08-13,2020081301020376,AIL,40,57,10,516.00,"5,160.00"
2020-08-13,2020081301020375,AIL,6,10,20,517.00,"10,340.00"
2020-08-13,2020081301020368,AIL,40,29,20,516.00,"10,320.00"
2020-08-13,2020081301020437,AIL,45,35,10,517.00,"5,170.00"
2020-08-13,2020081301020436,AIL,45,16,10,517.00,"5,170.00"
2020-08-13,2020081301020435,AIL,45,6,10,517.00,"5,170.00"
2020-08-13,2020081301020434,AIL,45,10,10,517.00,"5,170.00"
2020-08-13,2020081301020432,AIL,40,57,10,516.00,"5,160.00"
2020-08-13,2020081301020412,AIL,40,8,10,516.00,"5,160.00"
2020-08-13,2020081301020508,AIL,45,57,10,517.00,"5,170.00"
2020-08-13,2020081301020489,AIL,45,17,10,517.00,"5,170.00"
2020-08-13,2020081301020485,AIL,45,29,10,517.00,"5,170.00"
2020-08-13,2020081301020481,AIL,45,45,10,517.00,"5,170.00"
2020-08-13,2020081301020470,AIL,45,41,10,517.00,"5,170.00"
2020-08-13,2020081301020438,AIL,45,21,10,517.00,"5,170.00"
2020-08-13,2020081301020617,AIL,45,29,10,517.00,"5,170.00"
2020-08-13,2020081301020609,AIL,45,17,10,517.00,"5,170.00"
2020-08-13,2020081301020585,AIL,45,57,10,517.00,"5,170.00"
2020-08-13,2020081301020568,AIL,45,41,10,517.00,"5,170.00"
2020-08-13,2020081301020565,AIL,45,45,10,517.00,"5,170.00"
2020-08-13,2020081301020517,AIL,45,44,10,517.00,"5,170.00"
2020-08-13,2020081301020713,AIL,55,54,10,518.00,"5,180.00"
2020-08-13,2020081301020712,AIL,55,54,10,518.00,"5,180.00"
2020-08-13,2020081301020711,AIL,55,54,10,518.00,"5,180.00"
2020-08-13,2020081301020690,AIL,45,47,10,517.00,"5,170.00"
2020-08-13,2020081301020681,AIL,45,57,10,517.00,"5,170.00"
2020-08-13,2020081301020654,AIL,45,41,10,517.00,"5,170.00"
2020-08-13,2020081301020719,AIL,55,38,10,518.00,"5,180.00"
2020-08-13,2020081301020718,AIL,55,54,10,518.00,"5,180.00"
2020-08-13,2020081301020717,AIL,55,21,10,518.00,"5,180.00"
2020-08-13,2020081301020716,AIL,55,41,20,518.00,"10,360.00"
2020-08-13,2020081301020715,AIL,55,45,60,518.00,"31,080.00"
2020-08-13,2020081301020714,AIL,55,34,10,518.00,"5,180.00"
2020-08-13,2020081301020775,AIL,45,40,10,517.00,"5,170.00"
2020-08-13,2020081301020774,AIL,45,34,10,517.00,"5,170.00"
2020-08-13,2020081301020773,AIL,45,21,10,517.00,"5,170.00"
2020-08-13,2020081301020766,AIL,45,41,10,517.00,"5,170.00"
2020-08-13,2020081301020754,AIL,45,8,10,517.00,"5,170.00"
2020-08-13,2020081301020742,AIL,45,17,10,517.00,"5,170.00"
2020-08-13,2020081301020861,ALBSL,7,32,25,674.00,"16,850.00"
2020-08-13,2020081301020574,ALBSL,16,32,50,674.00,"33,700.00"
2020-08-13,2020081301020573,ALBSL,42,32,55,674.00,"37,070.00"
2020-08-13,2020081301020514,ALICL,55,57,100,629.00,"62,900.00"
2020-08-13,2020081301020513,ALICL,55,57,100,629.00,"62,900.00"
2020-08-13,2020081301020512,ALICL,1,57,200,629.00,"125,800.00"
2020-08-13,2020081301020593,API,56,48,50,108.00,"5,400.00"
2020-08-13,2020081301020832,BFC,42,46,10,101.00,"1,010.00"
2020-08-13,2020081301020831,BFC,58,46,100,101.00,"10,100.00"
2020-08-13,2020081301020830,BFC,55,46,92,101.00,"9,292.00"
2020-08-13,2020081301020829,BOKL,43,17,"1,000",226.00,"226,000.00"
2020-08-13,2020081301020828,BOKL,45,17,"1,000",226.00,"226,000.00"
2020-08-13,2020081301020827,BOKL,13,17,"5,000",226.00,"1,130,000.00"
2020-08-13,2020081301020826,BOKL,29,17,200,226.00,"45,200.00"
2020-08-13,2020081301020825,BOKL,45,17,393,226.00,"88,818.00"
2020-08-13,2020081301020824,BOKL,36,17,21,227.00,"4,767.00"
2020-08-13,2020081301020555,BOKL,36,40,300,227.00,"68,100.00"
2020-08-13,2020081301020554,BOKL,36,36,89,227.00,"20,203.00"
2020-08-13,2020081301020798,BPCL,48,22,12,361.00,"4,332.00"
2020-08-13,2020081301020687,BPCL,48,25,300,361.00,"108,300.00"
2020-08-13,2020081301020377,BPCL,48,32,12,361.00,"4,332.00"
2020-08-13,2020081301020686,CBBL,39,8,170,"1,040.00","176,800.00"
2020-08-13,2020081301020393,CBBL,4,49,38,"1,038.00","39,444.00"
2020-08-13,2020081301020679,CBL,43,49,10,147.00,"1,470.00"
2020-08-13,2020081301020692,CHCL,29,45,27,389.00,"10,503.00"
2020-08-13,2020081301020691,CHCL,25,45,50,390.00,"19,500.00"
2020-08-13,2020081301020586,CHCL,25,25,150,390.00,"58,500.00"
2020-08-13,2020081301020571,CHCL,29,10,40,389.00,"15,560.00"
2020-08-13,2020081301020484,CHCL,29,8,50,389.00,"19,450.00"
2020-08-13,2020081301020648,CIT,45,58,187,"2,581.00","482,647.00"
2020-08-13,2020081301020639,CIT,13,50,50,"2,584.00","129,200.00"
2020-08-13,2020081301020409,CIT,44,54,107,"2,582.00","276,274.00"
2020-08-13,2020081301020408,CIT,44,54,108,"2,582.00","278,856.00"
2020-08-13,2020081301020407,CIT,3,54,15,"2,582.00","38,730.00"
2020-08-13,2020081301020708,CZBIL,42,38,10,198.00,"1,980.00"
2020-08-13,2020081301020566,CZBIL,42,34,100,198.00,"19,800.00"
2020-08-13,2020081301020669,DHPL,41,48,10,55.00,550.00
2020-08-13,2020081301020668,DHPL,41,29,90,54.00,"4,860.00"
2020-08-13,2020081301020710,EBL,56,37,100,721.00,"72,100.00"
2020-08-13,2020081301020709,EBL,35,37,78,721.00,"56,238.00"
2020-08-13,2020081301020520,EIC,36,14,163,435.00,"70,905.00"
2020-08-13,2020081301020519,EIC,42,14,37,436.00,"16,132.00"
2020-08-13,2020081301020746,FMDBL,51,38,115,517.00,"59,455.00"
2020-08-13,2020081301020576,FMDBL,51,50,94,517.00,"48,598.00"
2020-08-13,2020081301020611,GBBL,25,7,611,235.00,"143,585.00"
2020-08-13,2020081301020610,GBBL,45,7,139,235.00,"32,665.00"
2020-08-13,2020081301020475,GBIME,21,26,144,253.00,"36,432.00"
2020-08-13,2020081301020474,GBIME,55,26,50,253.00,"12,650.00"
2020-08-13,2020081301020473,GBIME,45,26,500,253.00,"126,500.00"
2020-08-13,2020081301020472,GBIME,59,26,281,253.00,"71,093.00"
2020-08-13,2020081301020428,GBIME,59,29,719,253.00,"181,907.00"
2020-08-13,2020081301020427,GBIME,34,29,100,253.00,"25,300.00"
2020-08-13,2020081301020426,GBIME,52,29,181,253.00,"45,793.00"
2020-08-13,2020081301020416,GBIME,52,43,492,253.00,"124,476.00"
2020-08-13,2020081301020765,GBLBS,41,13,235,478.00,"112,330.00"
2020-08-13,2020081301020764,GBLBS,41,13,265,477.00,"126,405.00"
2020-08-13,2020081301020753,GBLBS,49,13,35,477.00,"16,695.00"
2020-08-13,2020081301020599,GBLBS,49,33,165,477.00,"78,705.00"
2020-08-13,2020081301020511,GBLBS,33,56,200,476.00,"95,200.00"
2020-08-13,2020081301020418,GBLBS,33,6,210,476.00,"99,960.00"
2020-08-13,2020081301020392,GBLBS,1,33,200,477.00,"95,400.00"
2020-08-13,2020081301020430,GFCL,32,58,100,151.00,"15,100.00"
2020-08-13,2020081301020550,GGBSL,56,55,40,794.00,"31,760.00"
2020-08-13,2020081301020549,GGBSL,51,55,10,800.00,"8,000.00"
2020-08-13,2020081301020595,GHL,39,26,10,57.00,570.00
2020-08-13,2020081301020594,GHL,52,26,10,59.00,590.00
2020-08-13,2020081301020370,GHL,52,50,20,58.00,"1,160.00"
2020-08-13,2020081301020543,GILB,53,14,18,"1,201.00","21,618.00"
2020-08-13,2020081301020542,GILB,53,37,25,"1,200.00","30,000.00"
2020-08-13,2020081301020539,GILB,29,36,40,"1,184.00","47,360.00"
2020-08-13,2020081301020538,GILB,54,36,100,"1,185.00","118,500.00"
2020-08-13,2020081301020537,GILB,43,36,10,"1,185.00","11,850.00"
2020-08-13,2020081301020536,GILB,55,36,15,"1,185.00","17,775.00"
2020-08-13,2020081301020381,GILB,5,36,10,"1,188.00","11,880.00"
2020-08-13,2020081301020380,GILB,34,36,50,"1,189.00","59,450.00"
2020-08-13,2020081301020387,GILB,45,36,15,"1,186.00","17,790.00"
2020-08-13,2020081301020386,GILB,57,36,100,"1,187.00","118,700.00"
2020-08-13,2020081301020385,GILB,36,36,20,"1,187.00","23,740.00"
2020-08-13,2020081301020384,GILB,48,36,50,"1,187.00","59,350.00"
2020-08-13,2020081301020383,GILB,54,36,50,"1,188.00","59,400.00"
2020-08-13,2020081301020382,GILB,51,36,20,"1,188.00","23,760.00"
2020-08-13,2020081301020535,GILB,51,36,50,"1,185.00","59,250.00"
2020-08-13,2020081301020534,GILB,13,36,85,"1,185.00","100,725.00"
2020-08-13,2020081301020533,GILB,33,36,20,"1,186.00","23,720.00"
2020-08-13,2020081301020532,GILB,45,36,82,"1,186.00","97,252.00"
2020-08-13,2020081301020531,GILB,17,36,10,"1,190.00","11,900.00"
2020-08-13,2020081301020388,GILB,45,36,118,"1,186.00","139,948.00"
2020-08-13,2020081301020740,GIMES1,57,26,"1,500",8.81,"13,215.00"
2020-08-13,2020081301020821,GLBSL,38,43,100,786.00,"78,600.00"
2020-08-13,2020081301020820,GLBSL,17,43,50,786.00,"39,300.00"
2020-08-13,2020081301020819,GLBSL,16,43,20,786.00,"15,720.00"
2020-08-13,2020081301020818,GLBSL,43,43,70,787.00,"55,090.00"
2020-08-13,2020081301020779,GLICL,6,57,27,471.00,"12,717.00"
2020-08-13,2020081301020647,GLICL,6,14,140,470.00,"65,800.00"
2020-08-13,2020081301020646,GLICL,6,29,27,470.00,"12,690.00"
2020-08-13,2020081301020645,GLICL,6,43,16,468.00,"7,488.00"
2020-08-13,2020081301020607,GLICL,38,42,10,465.00,"4,650.00"
2020-08-13,2020081301020606,GLICL,13,42,10,465.00,"4,650.00"
2020-08-13,2020081301020575,GLICL,32,50,100,465.00,"46,500.00"
2020-08-13,2020081301020858,GMFBS,41,28,30,770.00,"23,100.00"
2020-08-13,2020081301020578,GMFBS,41,35,10,770.00,"7,700.00"
2020-08-13,2020081301020515,GMFBS,35,28,20,771.00,"15,420.00"
2020-08-13,2020081301020822,HBL,42,14,100,553.00,"55,300.00"
2020-08-13,2020081301020561,HDHPC,1,51,10,87.00,870.00
2020-08-13,2020081301020560,HDHPC,1,35,20,87.00,"1,740.00"
2020-08-13,2020081301020559,HDHPC,1,41,30,87.00,"2,610.00"
2020-08-13,2020081301020812,HDL,17,58,10,"1,680.00","16,800.00"
2020-08-13,2020081301020605,HDL,17,51,40,"1,680.00","67,200.00"
2020-08-13,2020081301020604,HDL,21,51,450,"1,680.00","756,000.00"
2020-08-13,2020081301020603,HDL,42,51,10,"1,680.00","16,800.00"
2020-08-13,2020081301020522,HDL,42,8,110,"1,680.00","184,800.00"
2020-08-13,2020081301020518,HDL,42,44,200,"1,680.00","336,000.00"
2020-08-13,2020081301020516,HDL,42,52,10,"1,680.00","16,800.00"
2020-08-13,2020081301020483,HDL,42,54,100,"1,680.00","168,000.00"
2020-08-13,2020081301020460,HDL,42,49,50,"1,680.00","84,000.00"
2020-08-13,2020081301020429,HDL,42,21,20,"1,680.00","33,600.00"
2020-08-13,2020081301020425,HGI,48,29,43,418.00,"17,974.00"
2020-08-13,2020081301020743,HIDCL,14,42,148,128.00,"18,944.00"
2020-08-13,2020081301020461,JOSHI,39,55,50,61.00,"3,050.00"
2020-08-13,2020081301020833,JSLBB,5,38,30,"1,406.00","42,180.00"
2020-08-13,2020081301020683,JSLBB,5,57,20,"1,406.00","28,120.00"
2020-08-13,2020081301020782,KBL,36,49,309,192.00,"59,328.00"
2020-08-13,2020081301020567,KBL,36,39,50,192.00,"9,600.00"
2020-08-13,2020081301020838,KKHC,42,52,16,49.00,784.00
2020-08-13,2020081301020737,KPCL,22,21,10,105.00,"1,050.00"
2020-08-13,2020081301020633,KPCL,22,21,10,105.00,"1,050.00"
2020-08-13,2020081301020487,KPCL,22,21,10,105.00,"1,050.00"
2020-08-13,2020081301020403,KPCL,50,1,50,106.00,"5,300.00"
2020-08-13,2020081301020402,KPCL,50,1,80,106.00,"8,480.00"
2020-08-13,2020081301020622,KSBBL,39,22,51,151.00,"7,701.00"
2020-08-13,2020081301020621,KSBBL,34,22,100,151.00,"15,100.00"
2020-08-13,2020081301020459,LBBL,19,35,200,189.00,"37,800.00"
2020-08-13,2020081301020453,LGIL,6,58,150,453.00,"67,950.00"
2020-08-13,2020081301020452,LGIL,26,58,50,453.00,"22,650.00"
2020-08-13,2020081301020451,LGIL,49,58,100,453.00,"45,300.00"
2020-08-13,2020081301020450,LGIL,34,58,30,455.00,"13,650.00"
2020-08-13,2020081301020449,LGIL,57,58,100,455.00,"45,500.00"
2020-08-13,2020081301020448,LGIL,16,58,10,455.00,"4,550.00"
2020-08-13,2020081301020447,LGIL,52,58,200,455.00,"91,000.00"
2020-08-13,2020081301020446,LGIL,14,58,100,455.00,"45,500.00"
2020-08-13,2020081301020616,LICN,34,34,684,"1,450.00","991,800.00"
2020-08-13,2020081301020615,LICN,54,34,50,"1,450.00","72,500.00"
2020-08-13,2020081301020614,LICN,34,34,216,"1,450.00","313,200.00"
2020-08-13,2020081301020510,LICN,34,5,109,"1,450.00","158,050.00"
2020-08-13,2020081301020503,LICN,34,52,100,"1,450.00","145,000.00"
2020-08-13,2020081301020730,MBL,59,56,29,227.00,"6,583.00"
2020-08-13,2020081301020729,MBL,21,56,200,227.00,"45,400.00"
2020-08-13,2020081301020728,MBL,14,56,180,227.00,"40,860.00"
2020-08-13,2020081301020727,MBL,54,56,32,227.00,"7,264.00"
2020-08-13,2020081301020706,MBL,54,29,263,228.00,"59,964.00"
2020-08-13,2020081301020608,MBL,13,29,10,228.00,"2,280.00"
2020-08-13,2020081301020809,MEGA,33,42,29,223.00,"6,467.00"
2020-08-13,2020081301020808,MEGA,29,42,100,223.00,"22,300.00"
2020-08-13,2020081301020807,MEGA,35,42,10,223.00,"2,230.00"
2020-08-13,2020081301020806,MEGA,39,42,100,223.00,"22,300.00"
2020-08-13,2020081301020805,MEGA,40,42,93,223.00,"20,739.00"
2020-08-13,2020081301020465,MEGA,58,49,198,224.00,"44,352.00"
2020-08-13,2020081301020464,MEGA,58,58,309,224.00,"69,216.00"
2020-08-13,2020081301020804,MEGA,45,42,168,224.00,"37,632.00"
2020-08-13,2020081301020767,MEGA,45,22,32,224.00,"7,168.00"
2020-08-13,2020081301020634,MEGA,33,34,"1,500",224.00,"336,000.00"
2020-08-13,2020081301020540,MEGA,43,45,10,225.00,"2,250.00"
2020-08-13,2020081301020467,MEGA,58,57,493,224.00,"110,432.00"
2020-08-13,2020081301020466,MEGA,58,32,500,224.00,"112,000.00"
2020-08-13,2020081301020463,MLBBL,45,5,50,744.00,"37,200.00"
2020-08-13,2020081301020379,MLBBL,35,53,33,739.00,"24,387.00"
2020-08-13,2020081301020736,MNBBL,13,25,10,324.00,"3,240.00"
2020-08-13,2020081301020638,MNBBL,48,13,221,322.00,"71,162.00"
2020-08-13,2020081301020637,MNBBL,53,13,100,323.00,"32,300.00"
2020-08-13,2020081301020636,MNBBL,45,13,55,323.00,"17,765.00"
2020-08-13,2020081301020635,MNBBL,39,13,397,323.00,"128,231.00"
2020-08-13,2020081301020626,NABIL,25,38,50,825.00,"41,250.00"
2020-08-13,2020081301020564,NABIL,22,56,40,826.00,"33,040.00"
2020-08-13,2020081301020563,NABIL,51,56,34,826.00,"28,084.00"
2020-08-13,2020081301020505,NABIL,21,54,15,827.00,"12,405.00"
2020-08-13,2020081301020504,NABIL,21,6,25,827.00,"20,675.00"
2020-08-13,2020081301020417,NABIL,51,51,15,826.00,"12,390.00"
2020-08-13,2020081301020501,NBB,41,51,103,202.00,"20,806.00"
2020-08-13,2020081301020752,NBL,49,46,45,270.00,"12,150.00"
2020-08-13,2020081301020751,NBL,54,46,48,270.00,"12,960.00"
2020-08-13,2020081301020750,NBL,17,46,50,270.00,"13,500.00"
2020-08-13,2020081301020749,NBL,28,46,455,270.00,"122,850.00"
2020-08-13,2020081301020748,NBL,58,46,40,271.00,"10,840.00"
2020-08-13,2020081301020725,NBL,58,4,300,271.00,"81,300.00"
2020-08-13,2020081301020724,NBL,58,25,"1,000",271.00,"271,000.00"
2020-08-13,2020081301020723,NBL,58,52,160,271.00,"43,360.00"
2020-08-13,2020081301020623,NBL,28,8,500,270.00,"135,000.00"
2020-08-13,2020081301020816,NFS,25,29,10,160.00,"1,600.00"
2020-08-13,2020081301020803,NHPC,55,42,"2,365",52.00,"122,980.00"
2020-08-13,2020081301020802,NHPC,46,42,"1,000",52.00,"52,000.00"
2020-08-13,2020081301020801,NHPC,55,42,"1,735",52.00,"90,220.00"
2020-08-13,2020081301020445,NHPC,55,41,265,52.00,"13,780.00"
2020-08-13,2020081301020444,NHPC,38,41,235,52.00,"12,220.00"
2020-08-13,2020081301020857,NIB,13,57,100,440.00,"44,000.00"
2020-08-13,2020081301020856,NIB,54,57,100,440.00,"44,000.00"
2020-08-13,2020081301020855,NIB,21,57,100,440.00,"44,000.00"
2020-08-13,2020081301020854,NIB,33,57,50,440.00,"22,000.00"
2020-08-13,2020081301020853,NIB,5,57,120,440.00,"52,800.00"
2020-08-13,2020081301020852,NIB,14,57,45,440.00,"19,800.00"
2020-08-13,2020081301020597,NIB,46,57,481,442.00,"212,602.00"
2020-08-13,2020081301020391,NIB,17,57,50,442.00,"22,100.00"
2020-08-13,2020081301020845,NIB,45,57,37,440.00,"16,280.00"
2020-08-13,2020081301020844,NIB,58,57,490,440.00,"215,600.00"
2020-08-13,2020081301020843,NIB,39,57,175,442.00,"77,350.00"
2020-08-13,2020081301020841,NIB,38,33,226,444.00,"100,344.00"
2020-08-13,2020081301020768,NIB,39,34,125,442.00,"55,250.00"
2020-08-13,2020081301020598,NIB,46,34,19,442.00,"8,398.00"
2020-08-13,2020081301020851,NIB,45,57,50,440.00,"22,000.00"
2020-08-13,2020081301020850,NIB,44,57,500,440.00,"220,000.00"
2020-08-13,2020081301020849,NIB,25,57,30,440.00,"13,200.00"
2020-08-13,2020081301020848,NIB,17,57,10,440.00,"4,400.00"
2020-08-13,2020081301020847,NIB,41,57,40,440.00,"17,600.00"
2020-08-13,2020081301020846,NIB,36,57,100,440.00,"44,000.00"
2020-08-13,2020081301020815,NIBLPF,46,58,495,8.42,"4,167.90"
2020-08-13,2020081301020572,NICA,48,43,123,576.00,"70,848.00"
2020-08-13,2020081301020545,NICA,48,6,200,576.00,"115,200.00"
2020-08-13,2020081301020500,NICA,6,50,71,575.00,"40,825.00"
2020-08-13,2020081301020499,NICA,59,50,70,575.00,"40,250.00"
2020-08-13,2020081301020498,NICA,33,50,100,575.00,"57,500.00"
2020-08-13,2020081301020497,NICA,11,50,100,575.00,"57,500.00"
2020-08-13,2020081301020413,NICA,29,4,200,576.00,"115,200.00"
2020-08-13,2020081301020496,NICA,16,50,20,575.00,"11,500.00"
2020-08-13,2020081301020495,NICA,25,50,100,575.00,"57,500.00"
2020-08-13,2020081301020494,NICA,35,50,100,575.00,"57,500.00"
2020-08-13,2020081301020493,NICA,18,50,200,575.00,"115,000.00"
2020-08-13,2020081301020492,NICA,40,50,50,575.00,"28,750.00"
2020-08-13,2020081301020491,NICA,1,50,189,575.00,"108,675.00"
2020-08-13,2020081301020601,NICL,43,42,10,458.00,"4,580.00"
2020-08-13,2020081301020834,NICLBSL,56,40,10,759.00,"7,590.00"
2020-08-13,2020081301020778,NICLBSL,56,46,10,759.00,"7,590.00"
2020-08-13,2020081301020755,NICLBSL,56,29,10,759.00,"7,590.00"
2020-08-13,2020081301020738,NICLBSL,56,36,10,759.00,"7,590.00"
2020-08-13,2020081301020619,NICLBSL,56,21,10,759.00,"7,590.00"
2020-08-13,2020081301020613,NICLBSL,56,46,20,759.00,"15,180.00"
2020-08-13,2020081301020401,NICLBSL,1,46,10,758.00,"7,580.00"
2020-08-13,2020081301020400,NICLBSL,47,46,10,758.00,"7,580.00"
2020-08-13,2020081301020397,NICLBSL,47,59,10,758.00,"7,580.00"
2020-08-13,2020081301020596,NICLBSL,40,36,10,759.00,"7,590.00"
2020-08-13,2020081301020584,NICLBSL,6,28,150,760.00,"114,000.00"
2020-08-13,2020081301020530,NICLBSL,21,21,10,758.00,"7,580.00"
2020-08-13,2020081301020488,NICLBSL,21,46,10,758.00,"7,580.00"
2020-08-13,2020081301020469,NICLBSL,21,20,10,758.00,"7,580.00"
2020-08-13,2020081301020439,NICLBSL,21,20,10,758.00,"7,580.00"
2020-08-13,2020081301020431,NIL,42,46,50,630.00,"31,500.00"
2020-08-13,2020081301020405,NIL,42,33,15,630.00,"9,450.00"
2020-08-13,2020081301020404,NIL,44,33,185,630.00,"116,550.00"
2020-08-13,2020081301020524,NLIC,16,22,22,"1,337.00","29,414.00"
2020-08-13,2020081301020406,NLIC,16,37,200,"1,337.00","267,400.00"
2020-08-13,2020081301020678,NLICL,51,22,270,685.00,"184,950.00"
2020-08-13,2020081301020677,NLICL,6,22,200,685.00,"137,000.00"
2020-08-13,2020081301020676,NLICL,35,22,75,686.00,"51,450.00"
2020-08-13,2020081301020675,NLICL,35,22,200,686.00,"137,200.00"
2020-08-13,2020081301020674,NLICL,45,22,100,688.00,"68,800.00"
2020-08-13,2020081301020673,NLICL,42,22,75,688.00,"51,600.00"
2020-08-13,2020081301020672,NLICL,42,22,"1,000",690.00,"690,000.00"
2020-08-13,2020081301020671,NLICL,22,22,50,690.00,"34,500.00"
2020-08-13,2020081301020670,NLICL,50,22,30,690.00,"20,700.00"
2020-08-13,2020081301020523,NLICL,50,51,220,690.00,"151,800.00"
2020-08-13,2020081301020521,NLICL,18,51,500,690.00,"345,000.00"
2020-08-13,2020081301020772,NMB,54,57,55,418.00,"22,990.00"
2020-08-13,2020081301020771,NMB,59,57,300,418.00,"125,400.00"
2020-08-13,2020081301020770,NMB,21,57,50,418.00,"20,900.00"
2020-08-13,2020081301020769,NMB,47,57,65,418.00,"27,170.00"
2020-08-13,2020081301020734,NMB,42,16,20,419.00,"8,380.00"
2020-08-13,2020081301020682,NMB,47,39,84,418.00,"35,112.00"
2020-08-13,2020081301020398,NMB,41,16,20,419.00,"8,380.00"
2020-08-13,2020081301020371,NMB,59,20,15,418.00,"6,270.00"
2020-08-13,2020081301020642,NMB,47,50,101,418.00,"42,218.00"
2020-08-13,2020081301020641,NMB,21,50,50,418.00,"20,900.00"
2020-08-13,2020081301020640,NMB,59,50,59,418.00,"24,662.00"
2020-08-13,2020081301020544,NMB,3,16,40,419.00,"16,760.00"
2020-08-13,2020081301020506,NMB,59,20,15,418.00,"6,270.00"
2020-08-13,2020081301020478,NMB,22,16,10,419.00,"4,190.00"
2020-08-13,2020081301020842,NRIC,39,13,30,582.00,"17,460.00"
2020-08-13,2020081301020800,NRIC,39,58,10,582.00,"5,820.00"
2020-08-13,2020081301020726,NRIC,36,58,40,581.00,"23,240.00"
2020-08-13,2020081301020704,NRIC,58,56,95,583.00,"55,385.00"
2020-08-13,2020081301020703,NRIC,58,59,30,583.00,"17,490.00"
2020-08-13,2020081301020702,NRIC,58,32,175,583.00,"102,025.00"
2020-08-13,2020081301020396,NRIC,36,21,50,581.00,"29,050.00"
2020-08-13,2020081301020390,NRIC,36,32,40,581.00,"23,240.00"
2020-08-13,2020081301020458,NRIC,36,11,20,581.00,"11,620.00"
2020-08-13,2020081301020457,NRIC,34,33,30,582.00,"17,460.00"
2020-08-13,2020081301020456,NRIC,34,25,50,582.00,"29,100.00"
2020-08-13,2020081301020455,NRIC,34,1,70,582.00,"40,740.00"
2020-08-13,2020081301020423,NRIC,36,20,40,581.00,"23,240.00"
2020-08-13,2020081301020421,NRIC,36,45,40,581.00,"23,240.00"
2020-08-13,2020081301020528,NRIC,42,13,40,582.00,"23,280.00"
2020-08-13,2020081301020527,NRIC,42,29,240,582.00,"139,680.00"
2020-08-13,2020081301020526,NRIC,42,33,120,582.00,"69,840.00"
2020-08-13,2020081301020525,NRIC,42,47,300,582.00,"174,600.00"
2020-08-13,2020081301020509,NRIC,36,45,40,581.00,"23,240.00"
2020-08-13,2020081301020482,NRIC,36,49,300,581.00,"174,300.00"
2020-08-13,2020081301020620,NRIC,36,45,10,581.00,"5,810.00"
2020-08-13,2020081301020602,NRIC,36,49,40,581.00,"23,240.00"
2020-08-13,2020081301020589,NRIC,36,45,40,581.00,"23,240.00"
2020-08-13,2020081301020551,NRIC,36,32,40,581.00,"23,240.00"
2020-08-13,2020081301020541,NRIC,36,50,40,581.00,"23,240.00"
2020-08-13,2020081301020529,NRIC,42,54,300,582.00,"174,600.00"
2020-08-13,2020081301020695,NRIC,29,54,210,582.00,"122,220.00"
2020-08-13,2020081301020694,NRIC,29,56,40,582.00,"23,280.00"
2020-08-13,2020081301020693,NRIC,29,54,200,582.00,"116,400.00"
2020-08-13,2020081301020689,NRIC,36,45,40,581.00,"23,240.00"
2020-08-13,2020081301020657,NRIC,36,35,40,581.00,"23,240.00"
2020-08-13,2020081301020653,NRIC,36,22,40,581.00,"23,240.00"
2020-08-13,2020081301020701,NRIC,58,14,500,583.00,"291,500.00"
2020-08-13,2020081301020700,NRIC,58,3,40,583.00,"23,320.00"
2020-08-13,2020081301020699,NRIC,58,3,50,583.00,"29,150.00"
2020-08-13,2020081301020698,NRIC,58,57,50,582.00,"29,100.00"
2020-08-13,2020081301020697,NRIC,58,14,60,582.00,"34,920.00"
2020-08-13,2020081301020696,NRIC,29,14,440,582.00,"256,080.00"
2020-08-13,2020081301020859,NTC,39,42,15,663.00,"9,945.00"
2020-08-13,2020081301020688,NTC,55,42,100,663.00,"66,300.00"
2020-08-13,2020081301020424,NUBL,17,40,"2,500",966.00,"2,415,000.00"
2020-08-13,2020081301020656,PCBL,33,38,109,268.00,"29,212.00"
2020-08-13,2020081301020419,PCBL,33,39,50,268.00,"13,400.00"
2020-08-13,2020081301020720,PFL,38,38,2,149.00,298.00
2020-08-13,2020081301020612,PFL,38,38,2,149.00,298.00
2020-08-13,2020081301020577,PFL,34,39,36,149.00,"5,364.00"
2020-08-13,2020081301020399,PFL,38,38,2,149.00,298.00
2020-08-13,2020081301020787,PIC,6,36,537,633.00,"339,921.00"
2020-08-13,2020081301020786,PIC,40,36,330,635.00,"209,550.00"
2020-08-13,2020081301020785,PIC,42,36,53,636.00,"33,708.00"
2020-08-13,2020081301020784,PIC,1,36,80,637.00,"50,960.00"
2020-08-13,2020081301020625,PIC,42,43,47,636.00,"29,892.00"
2020-08-13,2020081301020624,PIC,44,43,50,638.00,"31,900.00"
2020-08-13,2020081301020588,PIC,11,58,30,640.00,"19,200.00"
2020-08-13,2020081301020587,PIC,45,58,67,641.00,"42,947.00"
2020-08-13,2020081301020462,PIC,45,38,33,641.00,"21,153.00"
2020-08-13,2020081301020414,PIC,11,13,20,640.00,"12,800.00"
2020-08-13,2020081301020741,PICL,49,38,50,469.00,"23,450.00"
2020-08-13,2020081301020655,PICL,21,52,100,468.00,"46,800.00"
2020-08-13,2020081301020652,PLIC,39,36,177,539.00,"95,403.00"
2020-08-13,2020081301020680,PMHPL,44,50,10,73.00,730.00
2020-08-13,2020081301020814,PPCL,32,50,10,113.00,"1,130.00"
2020-08-13,2020081301020684,PPCL,32,32,10,113.00,"1,130.00"
2020-08-13,2020081301020721,PRIN,51,52,40,498.00,"19,920.00"
2020-08-13,2020081301020685,PRIN,51,52,10,498.00,"4,980.00"
2020-08-13,2020081301020632,PRIN,21,50,40,496.00,"19,840.00"
2020-08-13,2020081301020631,PRIN,58,50,10,497.00,"4,970.00"
2020-08-13,2020081301020490,PRIN,58,38,100,497.00,"49,700.00"
2020-08-13,2020081301020411,PRIN,7,52,50,498.00,"24,900.00"
2020-08-13,2020081301020783,PRVU,42,51,230,231.00,"53,130.00"
2020-08-13,2020081301020373,PRVU,47,41,100,232.00,"23,200.00"
2020-08-13,2020081301020372,PRVU,47,57,400,232.00,"92,800.00"
2020-08-13,2020081301020744,RHPL,57,35,40,149.00,"5,960.00"
2020-08-13,2020081301020454,RMDC,34,5,65,755.00,"49,075.00"
2020-08-13,2020081301020643,RRHP,41,51,20,95.00,"1,900.00"
2020-08-13,2020081301020562,RRHP,41,20,10,95.00,950.00
2020-08-13,2020081301020836,RSDC,58,13,14,492.00,"6,888.00"
2020-08-13,2020081301020763,RSDC,13,13,50,492.00,"24,600.00"
2020-08-13,2020081301020762,RSDC,36,13,100,492.00,"49,200.00"
2020-08-13,2020081301020761,RSDC,17,13,50,492.00,"24,600.00"
2020-08-13,2020081301020760,RSDC,45,13,10,492.00,"4,920.00"
2020-08-13,2020081301020759,RSDC,17,13,100,492.00,"49,200.00"
2020-08-13,2020081301020758,RSDC,10,13,50,493.00,"24,650.00"
2020-08-13,2020081301020757,RSDC,25,13,100,493.00,"49,300.00"
2020-08-13,2020081301020756,RSDC,41,13,26,493.00,"12,818.00"
2020-08-13,2020081301020369,SANIMA,57,10,16,344.00,"5,504.00"
2020-08-13,2020081301020799,SAPDBL,55,1,50,118.00,"5,900.00"
2020-08-13,2020081301020840,SBI,6,41,10,425.00,"4,250.00"
2020-08-13,2020081301020735,SBI,45,34,100,424.00,"42,400.00"
2020-08-13,2020081301020630,SBI,16,56,31,422.00,"13,082.00"
2020-08-13,2020081301020629,SBI,55,56,50,422.00,"21,100.00"
2020-08-13,2020081301020628,SBI,37,56,100,422.00,"42,200.00"
2020-08-13,2020081301020627,SBI,44,56,32,423.00,"13,536.00"
2020-08-13,2020081301020442,SBI,44,7,429,423.00,"181,467.00"
2020-08-13,2020081301020441,SBI,37,7,50,423.00,"21,150.00"
2020-08-13,2020081301020440,SBI,29,7,481,423.00,"203,463.00"
2020-08-13,2020081301020739,SBL,37,29,300,293.00,"87,900.00"
2020-08-13,2020081301020650,SCB,1,29,172,653.00,"112,316.00"
2020-08-13,2020081301020649,SCB,17,29,28,654.00,"18,312.00"
2020-08-13,2020081301020811,SDESI,33,39,50,800.00,"40,000.00"
2020-08-13,2020081301020618,SDESI,7,39,30,800.00,"24,000.00"
2020-08-13,2020081301020570,SFCL,45,11,10,107.00,"1,070.00"
2020-08-13,2020081301020733,SHIVM,26,44,394,582.00,"229,308.00"
2020-08-13,2020081301020732,SHIVM,51,44,81,582.00,"47,142.00"
2020-08-13,2020081301020731,SHIVM,17,44,50,583.00,"29,150.00"
2020-08-13,2020081301020558,SHIVM,51,33,19,582.00,"11,058.00"
2020-08-13,2020081301020557,SHIVM,38,33,20,582.00,"11,640.00"
2020-08-13,2020081301020556,SHIVM,29,33,11,582.00,"6,402.00"
2020-08-13,2020081301020410,SHIVM,19,33,50,583.00,"29,150.00"
2020-08-13,2020081301020569,SHL,8,39,500,156.00,"78,000.00"
2020-08-13,2020081301020477,SHL,45,34,500,157.00,"78,500.00"
2020-08-13,2020081301020476,SHL,45,39,500,157.00,"78,500.00"
2020-08-13,2020081301020553,SHPC,48,47,186,227.00,"42,222.00"
2020-08-13,2020081301020552,SHPC,6,47,14,227.00,"3,178.00"
2020-08-13,2020081301020583,SICL,6,38,55,"1,235.00","67,925.00"
2020-08-13,2020081301020582,SICL,6,44,85,"1,235.00","104,975.00"
2020-08-13,2020081301020581,SICL,6,6,60,"1,233.00","73,980.00"
2020-08-13,2020081301020580,SICL,6,25,200,"1,232.00","246,400.00"
2020-08-13,2020081301020823,SJCL,6,35,20,137.00,"2,740.00"
2020-08-13,2020081301020579,SKBBL,19,34,10,"1,248.00","12,480.00"
2020-08-13,2020081301020420,SKBBL,19,41,25,"1,245.00","31,125.00"
2020-08-13,2020081301020781,SLBBL,38,29,30,810.00,"24,300.00"
2020-08-13,2020081301020502,SLBBL,38,35,50,810.00,"40,500.00"
2020-08-13,2020081301020813,SLBS,17,7,38,933.00,"35,454.00"
2020-08-13,2020081301020468,SLBSL,33,35,50,795.00,"39,750.00"
2020-08-13,2020081301020592,SLICL,21,39,58,446.00,"25,868.00"
2020-08-13,2020081301020591,SLICL,19,39,500,446.00,"223,000.00"
2020-08-13,2020081301020590,SLICL,53,39,40,447.00,"17,880.00"
2020-08-13,2020081301020433,SMB,34,19,10,856.00,"8,560.00"
2020-08-13,2020081301020507,SPDL,33,39,15,96.00,"1,440.00"
2020-08-13,2020081301020486,SPDL,47,44,500,97.00,"48,500.00"
2020-08-13,2020081301020835,SRBL,43,45,63,233.00,"14,679.00"
2020-08-13,2020081301020722,STC,17,34,50,"2,660.00","133,000.00"
2020-08-13,2020081301020480,SWBBL,17,32,180,"1,190.00","214,200.00"
2020-08-13,2020081301020479,SWBBL,17,16,50,"1,189.00","59,450.00"
2020-08-13,2020081301020422,SWBBL,26,16,50,"1,189.00","59,450.00"
2020-08-13,2020081301020415,TMDBL,44,11,146,166.00,"24,236.00"
2020-08-13,2020081301020837,UIC,29,26,16,404.00,"6,464.00"
2020-08-13,2020081301020747,UIC,29,6,100,404.00,"40,400.00"
2020-08-13,2020081301020745,UIC,29,22,84,404.00,"33,936.00"
2020-08-13,2020081301020707,UIC,42,34,150,403.00,"60,450.00"
2020-08-13,2020081301020705,UIC,58,22,100,404.00,"40,400.00"
2020-08-13,2020081301020443,UIC,35,22,200,404.00,"80,800.00"
2020-08-13,2020081301020374,UIC,55,22,100,404.00,"40,400.00"
2020-08-13,2020081301020600,UMHL,4,22,14,101.00,"1,414.00"
2020-08-13,2020081301020548,VLBS,45,21,20,900.00,"18,000.00"
2020-08-13,2020081301020547,VLBS,34,21,10,902.00,"9,020.00"
2020-08-13,2020081301020546,VLBS,38,21,20,903.00,"18,060.00"
2020-08-13,2020081301020810,WOMI,33,52,50,882.00,"44,100.00"
2020-08-13,2020081301020361,ACLBSL,58,37,10,705.00,"7,050.00"
2020-08-13,2020081301020250,ACLBSL,58,37,10,714.00,"7,140.00"
2020-08-13,2020081301020239,ACLBSL,58,52,10,714.00,"7,140.00"
2020-08-13,2020081301020238,ACLBSL,58,32,100,714.00,"71,400.00"
2020-08-13,2020081301020237,ACLBSL,58,38,18,708.00,"12,744.00"
2020-08-13,2020081301020236,ACLBSL,58,49,121,707.00,"85,547.00"
2020-08-13,2020081301019957,ACLBSL,47,42,200,703.00,"140,600.00"
2020-08-13,2020081301019887,ACLBSL,29,39,10,703.00,"7,030.00"
2020-08-13,2020081301020235,ACLBSL,58,59,95,706.00,"67,070.00"
2020-08-13,2020081301020234,ACLBSL,58,35,10,705.00,"7,050.00"
2020-08-13,2020081301020233,ACLBSL,58,36,22,705.00,"15,510.00"
2020-08-13,2020081301020075,ACLBSL,55,36,20,705.00,"14,100.00"
2020-08-13,2020081301020074,ACLBSL,55,58,10,705.00,"7,050.00"
2020-08-13,2020081301020086,ADBL,47,45,100,414.00,"41,400.00"
2020-08-13,2020081301020034,ADBL,47,46,161,414.00,"66,654.00"
2020-08-13,2020081301020367,AIL,18,29,10,516.00,"5,160.00"
2020-08-13,2020081301020366,AIL,26,29,20,516.00,"10,320.00"
2020-08-13,2020081301020365,AIL,34,29,50,516.00,"25,800.00"
2020-08-13,2020081301020364,AIL,5,29,200,516.00,"103,200.00"
2020-08-13,2020081301020362,AIL,54,10,50,517.00,"25,850.00"
2020-08-13,2020081301020357,AIL,5,14,50,516.00,"25,800.00"
2020-08-13,2020081301019870,AIL,17,57,10,517.00,"5,170.00"
2020-08-13,2020081301019898,AIL,7,14,90,517.00,"46,530.00"
2020-08-13,2020081301019897,AIL,13,14,10,517.00,"5,170.00"
2020-08-13,2020081301019896,AIL,4,14,10,517.00,"5,170.00"
2020-08-13,2020081301019895,AIL,57,14,200,517.00,"103,400.00"
2020-08-13,2020081301019894,AIL,39,14,100,517.00,"51,700.00"
2020-08-13,2020081301019893,AIL,17,14,10,517.00,"5,170.00"
2020-08-13,2020081301019933,AIL,26,50,10,517.00,"5,170.00"
2020-08-13,2020081301019910,AIL,26,44,10,517.00,"5,170.00"
2020-08-13,2020081301019908,AIL,26,10,10,517.00,"5,170.00"
2020-08-13,2020081301019901,AIL,58,14,10,517.00,"5,170.00"
2020-08-13,2020081301019900,AIL,25,14,50,517.00,"25,850.00"
2020-08-13,2020081301019899,AIL,6,14,20,517.00,"10,340.00"
2020-08-13,2020081301019998,AIL,26,8,10,517.00,"5,170.00"
2020-08-13,2020081301019990,AIL,26,4,10,517.00,"5,170.00"
2020-08-13,2020081301019979,AIL,26,4,10,517.00,"5,170.00"
2020-08-13,2020081301019964,AIL,26,44,10,517.00,"5,170.00"
2020-08-13,2020081301019950,AIL,26,57,10,517.00,"5,170.00"
2020-08-13,2020081301019937,AIL,26,44,10,517.00,"5,170.00"
2020-08-13,2020081301020088,AIL,26,57,10,517.00,"5,170.00"
2020-08-13,2020081301020081,AIL,26,46,10,517.00,"5,170.00"
2020-08-13,2020081301020073,AIL,26,17,10,517.00,"5,170.00"
2020-08-13,2020081301020036,AIL,26,29,10,517.00,"5,170.00"
2020-08-13,2020081301020023,AIL,26,4,10,517.00,"5,170.00"
2020-08-13,2020081301020003,AIL,26,57,10,517.00,"5,170.00"
2020-08-13,2020081301020159,AIL,47,17,10,517.00,"5,170.00"
2020-08-13,2020081301020154,AIL,47,3,50,517.00,"25,850.00"
2020-08-13,2020081301020153,AIL,49,3,20,517.00,"10,340.00"
2020-08-13,2020081301020152,AIL,26,3,30,517.00,"15,510.00"
2020-08-13,2020081301020147,AIL,26,40,10,517.00,"5,170.00"
2020-08-13,2020081301020100,AIL,26,10,10,517.00,"5,170.00"
2020-08-13,2020081301020251,AIL,47,20,10,517.00,"5,170.00"
2020-08-13,2020081301020220,AIL,47,6,10,517.00,"5,170.00"
2020-08-13,2020081301020211,AIL,47,57,10,517.00,"5,170.00"
2020-08-13,2020081301020195,AIL,47,6,10,517.00,"5,170.00"
2020-08-13,2020081301020193,AIL,47,20,10,517.00,"5,170.00"
2020-08-13,2020081301020164,AIL,47,57,10,517.00,"5,170.00"
2020-08-13,2020081301020314,AIL,47,17,10,517.00,"5,170.00"
2020-08-13,2020081301020310,AIL,47,58,10,517.00,"5,170.00"
2020-08-13,2020081301020296,AIL,47,32,10,517.00,"5,170.00"
2020-08-13,2020081301020285,AIL,47,57,10,517.00,"5,170.00"
2020-08-13,2020081301020274,AIL,47,35,10,517.00,"5,170.00"
2020-08-13,2020081301020273,AIL,47,37,10,517.00,"5,170.00"
2020-08-13,2020081301020356,AIL,25,14,50,516.00,"25,800.00"
2020-08-13,2020081301020355,AIL,26,14,90,517.00,"46,530.00"
2020-08-13,2020081301020354,AIL,13,14,20,517.00,"10,340.00"
2020-08-13,2020081301020346,AIL,26,8,10,517.00,"5,170.00"
2020-08-13,2020081301020327,AIL,47,20,10,517.00,"5,170.00"
2020-08-13,2020081301020315,AIL,47,37,10,517.00,"5,170.00"
2020-08-13,2020081301020060,AKJCL,33,21,100,53.00,"5,300.00"
2020-08-13,2020081301019965,AKJCL,33,58,10,53.00,530.00
2020-08-13,2020081301020306,AKPL,6,17,45,114.00,"5,130.00"
2020-08-13,2020081301019987,ALBSL,36,40,10,673.00,"6,730.00"
2020-08-13,2020081301020128,ALICL,36,57,600,630.00,"378,000.00"
2020-08-13,2020081301020127,ALICL,34,57,50,630.00,"31,500.00"
2020-08-13,2020081301020126,ALICL,1,57,600,630.00,"378,000.00"
2020-08-13,2020081301020125,ALICL,51,57,100,630.00,"63,000.00"
2020-08-13,2020081301020124,ALICL,25,57,300,630.00,"189,000.00"
2020-08-13,2020081301020123,ALICL,46,57,150,630.00,"94,500.00"
2020-08-13,2020081301020110,ALICL,5,57,50,632.00,"31,600.00"
2020-08-13,2020081301020109,ALICL,55,57,500,632.00,"316,000.00"
2020-08-13,2020081301020108,ALICL,14,57,250,632.00,"158,000.00"
2020-08-13,2020081301019952,ALICL,14,59,50,632.00,"31,600.00"
2020-08-13,2020081301020116,ALICL,45,57,100,631.00,"63,100.00"
2020-08-13,2020081301020115,ALICL,19,57,200,631.00,"126,200.00"
2020-08-13,2020081301020114,ALICL,14,57,200,631.00,"126,200.00"
2020-08-13,2020081301020113,ALICL,26,57,500,631.00,"315,500.00"
2020-08-13,2020081301020112,ALICL,45,57,100,631.00,"63,100.00"
2020-08-13,2020081301020111,ALICL,36,57,800,631.00,"504,800.00"
2020-08-13,2020081301020122,ALICL,41,57,100,630.00,"63,000.00"
2020-08-13,2020081301020121,ALICL,32,57,145,630.00,"91,350.00"
2020-08-13,2020081301020120,ALICL,51,57,30,630.00,"18,900.00"
2020-08-13,2020081301020119,ALICL,55,57,25,630.00,"15,750.00"
2020-08-13,2020081301020118,ALICL,16,57,100,630.00,"63,000.00"
2020-08-13,2020081301020117,ALICL,49,57,50,630.00,"31,500.00"
2020-08-13,2020081301019994,BARUN,51,21,42,85.00,"3,570.00"
2020-08-13,2020081301020188,BFC,55,45,800,101.00,"80,800.00"
2020-08-13,2020081301020287,BOKL,45,55,120,226.00,"27,120.00"
2020-08-13,2020081301020194,BOKL,21,36,20,227.00,"4,540.00"
2020-08-13,2020081301020302,BPCL,48,29,189,361.00,"68,229.00"
2020-08-13,2020081301020301,BPCL,19,29,10,361.00,"3,610.00"
2020-08-13,2020081301020300,BPCL,52,29,51,361.00,"18,411.00"
2020-08-13,2020081301020156,BPCL,52,42,57,361.00,"20,577.00"
2020-08-13,2020081301019917,BPCL,52,25,12,361.00,"4,332.00"
2020-08-13,2020081301020338,CBBL,45,5,46,"1,038.00","47,748.00"
2020-08-13,2020081301020337,CBBL,56,5,60,"1,038.00","62,280.00"
2020-08-13,2020081301020336,CBBL,49,5,50,"1,038.00","51,900.00"
2020-08-13,2020081301020277,CBBL,35,29,30,"1,039.00","31,170.00"
2020-08-13,2020081301019946,CBBL,42,8,20,"1,040.00","20,800.00"
2020-08-13,2020081301019907,CBBL,28,8,50,"1,040.00","52,000.00"
2020-08-13,2020081301020018,CBL,44,16,261,146.00,"38,106.00"
2020-08-13,2020081301020260,CCBL,36,44,"1,379",175.00,"241,325.00"
2020-08-13,2020081301020259,CCBL,6,44,374,175.00,"65,450.00"
2020-08-13,2020081301020258,CCBL,8,44,127,175.00,"22,225.00"
2020-08-13,2020081301019921,CCBL,8,39,50,175.00,"8,750.00"
2020-08-13,2020081301020320,CHCL,29,11,154,389.00,"59,906.00"
2020-08-13,2020081301020304,CHCL,25,45,100,390.00,"39,000.00"
2020-08-13,2020081301019999,CHCL,47,11,10,390.00,"3,900.00"
2020-08-13,2020081301020192,CORBL,45,38,50,114.00,"5,700.00"
2020-08-13,2020081301020191,CORBL,14,38,10,115.00,"1,150.00"
2020-08-13,2020081301020190,CORBL,44,38,11,116.00,"1,276.00"
2020-08-13,2020081301019993,CORBL,44,45,20,116.00,"2,320.00"
2020-08-13,2020081301020293,CZBIL,42,34,141,198.00,"27,918.00"
2020-08-13,2020081301020292,CZBIL,42,34,200,198.00,"39,600.00"
2020-08-13,2020081301020291,CZBIL,53,34,500,198.00,"99,000.00"
2020-08-13,2020081301020290,CZBIL,44,34,42,198.00,"8,316.00"
2020-08-13,2020081301020289,CZBIL,35,34,117,198.00,"23,166.00"
2020-08-13,2020081301020142,CZBIL,35,45,103,198.00,"20,394.00"
2020-08-13,2020081301020129,CZBIL,41,58,500,199.00,"99,500.00"
2020-08-13,2020081301020246,DDBL,53,49,10,825.00,"8,250.00"
2020-08-13,2020081301020245,DDBL,16,49,25,825.00,"20,625.00"
2020-08-13,2020081301020014,DHPL,41,29,10,54.00,540.00
2020-08-13,2020081301019948,DHPL,41,29,10,53.00,530.00
2020-08-13,2020081301020064,EBL,35,35,"3,055",721.00,"2,202,660.00"
2020-08-13,2020081301020063,EBL,35,40,430,721.00,"310,030.00"
2020-08-13,2020081301020062,EBL,35,36,137,719.00,"98,503.00"
2020-08-13,2020081301019963,EBL,58,36,200,719.00,"143,800.00"
2020-08-13,2020081301019962,EBL,53,36,10,720.00,"7,200.00"
2020-08-13,2020081301019961,EBL,41,36,100,720.00,"72,000.00"
2020-08-13,2020081301019960,EBL,44,36,53,720.00,"38,160.00"
2020-08-13,2020081301020168,EIC,42,41,133,436.00,"57,988.00"
2020-08-13,2020081301020151,EIC,36,41,50,436.00,"21,800.00"
2020-08-13,2020081301020150,EIC,58,41,117,436.00,"51,012.00"
2020-08-13,2020081301020082,EIC,58,7,58,436.00,"25,288.00"
2020-08-13,2020081301020340,FMDBL,51,50,10,517.00,"5,170.00"
2020-08-13,2020081301020339,FMDBL,50,50,26,517.00,"13,442.00"
2020-08-13,2020081301020146,FMDBL,50,44,174,517.00,"89,958.00"
2020-08-13,2020081301020145,FMDBL,50,44,28,517.00,"14,476.00"
2020-08-13,2020081301020035,FMDBL,50,14,100,517.00,"51,700.00"
2020-08-13,2020081301019938,FMDBL,14,55,100,518.00,"51,800.00"
2020-08-13,2020081301019995,FOWAD,34,59,50,"1,536.00","76,800.00"
2020-08-13,2020081301020186,GBIME,39,55,20,254.00,"5,080.00"
2020-08-13,2020081301020043,GBIME,50,55,300,254.00,"76,200.00"
2020-08-13,2020081301019949,GBIME,45,55,25,254.00,"6,350.00"
2020-08-13,2020081301020187,GHL,52,50,10,58.00,580.00
2020-08-13,2020081301019989,GHL,39,26,10,57.00,570.00
2020-08-13,2020081301019988,GHL,52,26,10,59.00,590.00
2020-08-13,2020081301020350,GILB,41,37,75,"1,200.00","90,000.00"
2020-08-13,2020081301020363,GLICL,45,43,34,468.00,"15,912.00"
2020-08-13,2020081301019883,GLICL,17,45,100,468.00,"46,800.00"
2020-08-13,2020081301020179,GUFL,54,32,"2,000",118.00,"236,000.00"
2020-08-13,2020081301019971,HBL,19,45,100,552.00,"55,200.00"
2020-08-13,2020081301020345,HDL,14,41,10,"1,681.00","16,810.00"
2020-08-13,2020081301020344,HDL,42,41,435,"1,681.00","731,235.00"
2020-08-13,2020081301020169,HDL,42,39,400,"1,681.00","672,400.00"
2020-08-13,2020081301020148,HDL,32,32,50,"1,682.00","84,100.00"
2020-08-13,2020081301020054,HDL,42,22,165,"1,681.00","277,365.00"
2020-08-13,2020081301020053,HDL,50,22,10,"1,681.00","16,810.00"
2020-08-13,2020081301019928,HDL,33,58,100,"1,683.00","168,300.00"
2020-08-13,2020081301020025,HDL,53,13,65,"1,683.00","109,395.00"
2020-08-13,2020081301020006,HDL,42,34,80,"1,682.00","134,560.00"
2020-08-13,2020081301019959,HDL,8,13,45,"1,683.00","75,735.00"
2020-08-13,2020081301019958,HDL,55,13,30,"1,683.00","50,490.00"
2020-08-13,2020081301019931,HDL,55,32,50,"1,683.00","84,150.00"
2020-08-13,2020081301019929,HDL,55,58,20,"1,683.00","33,660.00"
2020-08-13,2020081301020052,HDL,42,22,500,"1,681.00","840,500.00"
2020-08-13,2020081301020051,HDL,35,22,10,"1,681.00","16,810.00"
2020-08-13,2020081301020050,HDL,42,22,500,"1,682.00","841,000.00"
2020-08-13,2020081301020049,HDL,42,22,420,"1,682.00","706,440.00"
2020-08-13,2020081301020048,HDL,53,22,395,"1,683.00","664,785.00"
2020-08-13,2020081301020042,HDL,53,52,40,"1,683.00","67,320.00"
2020-08-13,2020081301019922,HPPL,41,38,200,134.00,"26,800.00"
2020-08-13,2020081301020080,ICFC,49,55,200,178.00,"35,600.00"
2020-08-13,2020081301020037,ICFC,42,51,10,178.00,"1,780.00"
2020-08-13,2020081301020308,ILBS,53,29,22,718.00,"15,796.00"
2020-08-13,2020081301020307,ILBS,59,29,10,719.00,"7,190.00"
2020-08-13,2020081301020284,ILBS,45,35,10,725.00,"7,250.00"
2020-08-13,2020081301020283,ILBS,45,46,11,725.00,"7,975.00"
2020-08-13,2020081301020226,JOSHI,39,50,20,61.00,"1,220.00"
2020-08-13,2020081301020223,JOSHI,39,55,20,61.00,"1,220.00"
2020-08-13,2020081301020222,JOSHI,39,51,40,61.00,"2,440.00"
2020-08-13,2020081301019909,JOSHI,52,51,10,61.00,610.00
2020-08-13,2020081301020282,KBL,36,49,300,192.00,"57,600.00"
2020-08-13,2020081301020262,KBL,49,49,500,192.00,"96,000.00"
2020-08-13,2020081301020261,KBL,43,49,200,192.00,"38,400.00"
2020-08-13,2020081301020167,KBL,52,48,295,191.00,"56,345.00"
2020-08-13,2020081301020166,KBL,56,48,671,192.00,"128,832.00"
2020-08-13,2020081301020163,KBL,56,57,137,192.00,"26,304.00"
2020-08-13,2020081301020105,KBL,56,29,100,192.00,"19,200.00"
2020-08-13,2020081301020104,KBL,56,38,550,192.00,"105,600.00"
2020-08-13,2020081301020103,KBL,56,49,"1,000",192.00,"192,000.00"
2020-08-13,2020081301020102,KBL,56,49,42,192.00,"8,064.00"
2020-08-13,2020081301020218,KMCDB,45,51,10,750.00,"7,500.00"
2020-08-13,2020081301019997,KMCDB,52,13,10,749.00,"7,490.00"
2020-08-13,2020081301020173,KPCL,50,13,10,106.00,"1,060.00"
2020-08-13,2020081301020161,KPCL,50,21,10,106.00,"1,060.00"
2020-08-13,2020081301020264,LBL,21,7,11,228.00,"2,508.00"
2020-08-13,2020081301020267,LGIL,14,36,200,455.00,"91,000.00"
2020-08-13,2020081301019978,LGIL,25,36,500,456.00,"228,000.00"
2020-08-13,2020081301019977,LGIL,37,36,50,456.00,"22,800.00"
2020-08-13,2020081301019976,LGIL,58,36,100,456.00,"45,600.00"
2020-08-13,2020081301019975,LGIL,44,36,100,456.00,"45,600.00"
2020-08-13,2020081301019974,LGIL,39,36,50,456.00,"22,800.00"
2020-08-13,2020081301019973,LGIL,40,36,10,457.00,"4,570.00"
2020-08-13,2020081301019972,LGIL,45,36,420,457.00,"191,940.00"
2020-08-13,2020081301020204,LLBS,16,44,31,"1,095.00","33,945.00"
2020-08-13,2020081301020214,MEGA,40,59,107,223.00,"23,861.00"
2020-08-13,2020081301020213,MEGA,56,59,100,223.00,"22,300.00"
2020-08-13,2020081301020212,MEGA,41,59,93,223.00,"20,739.00"
2020-08-13,2020081301019991,MEGA,7,58,200,224.00,"44,800.00"
2020-08-13,2020081301020309,MERO,40,38,87,627.00,"54,549.00"
2020-08-13,2020081301020107,MERO,40,50,400,627.00,"250,800.00"
2020-08-13,2020081301020106,MFIL,33,13,50,273.00,"13,650.00"
2020-08-13,2020081301020055,MFIL,18,42,363,272.00,"98,736.00"
2020-08-13,2020081301020349,NABIL,51,34,31,826.00,"25,606.00"
2020-08-13,2020081301020348,NABIL,21,34,40,826.00,"33,040.00"
2020-08-13,2020081301020347,NABIL,45,34,100,826.00,"82,600.00"
2020-08-13,2020081301020017,NABIL,43,6,231,827.00,"191,037.00"
2020-08-13,2020081301020016,NABIL,43,17,342,827.00,"282,834.00"
2020-08-13,2020081301020015,NABIL,43,57,25,825.00,"20,625.00"
2020-08-13,2020081301019939,NABIL,35,57,75,825.00,"61,875.00"
2020-08-13,2020081301019936,NABIL,35,4,425,825.00,"350,625.00"
2020-08-13,2020081301019935,NABIL,36,4,75,826.00,"61,950.00"
2020-08-13,2020081301020208,NBB,41,10,600,202.00,"121,200.00"
2020-08-13,2020081301020207,NBB,17,10,800,202.00,"161,600.00"
2020-08-13,2020081301020206,NBB,45,10,500,202.00,"101,000.00"
2020-08-13,2020081301020205,NBB,52,10,500,202.00,"101,000.00"
2020-08-13,2020081301020321,NBL,42,52,10,271.00,"2,710.00"
2020-08-13,2020081301020232,NBL,35,52,60,271.00,"16,260.00"
2020-08-13,2020081301020231,NBL,16,52,270,271.00,"73,170.00"
2020-08-13,2020081301019996,NBL,16,16,16,271.00,"4,336.00"
2020-08-13,2020081301019927,NBL,16,47,500,271.00,"135,500.00"
2020-08-13,2020081301020335,NCCB,10,48,539,193.00,"104,027.00"
2020-08-13,2020081301020334,NCCB,11,48,297,193.00,"57,321.00"
2020-08-13,2020081301020333,NCCB,52,48,14,193.00,"2,702.00"
2020-08-13,2020081301020059,NCCB,41,36,500,194.00,"97,000.00"
2020-08-13,2020081301020058,NCCB,41,36,500,194.00,"97,000.00"
2020-08-13,2020081301020057,NCCB,5,36,50,194.00,"9,700.00"
2020-08-13,2020081301020056,NCCB,58,36,"2,367",194.00,"459,198.00"
2020-08-13,2020081301019925,NCCB,58,38,400,194.00,"77,600.00"
2020-08-13,2020081301020272,NEF,56,21,"1,828",8.92,"16,305.80"
2020-08-13,2020081301020271,NEF,8,21,500,8.96,"4,480.00"
2020-08-13,2020081301019914,NEF,25,47,"10,000",8.97,"89,700.00"
2020-08-13,2020081301019913,NEF,49,47,"50,000",8.99,"449,500.00"
2020-08-13,2020081301019912,NEF,22,47,"2,000",8.99,"17,980.00"
2020-08-13,2020081301019911,NEF,25,47,"10,000",9.00,"90,000.00"
2020-08-13,2020081301020047,NFS,42,20,10,159.00,"1,590.00"
2020-08-13,2020081301020046,NFS,17,20,490,162.00,"79,380.00"
2020-08-13,2020081301019926,NHPC,38,21,50,52.00,"2,600.00"
2020-08-13,2020081301020263,NIB,38,38,3,442.00,"1,326.00"
2020-08-13,2020081301020158,NIB,6,57,50,442.00,"22,100.00"
2020-08-13,2020081301020298,NICA,45,5,52,577.00,"30,004.00"
2020-08-13,2020081301020297,NICA,45,53,48,577.00,"27,696.00"
2020-08-13,2020081301020275,NICA,6,32,100,576.00,"57,600.00"
2020-08-13,2020081301020026,NICA,22,53,80,577.00,"46,160.00"
2020-08-13,2020081301019915,NICA,1,49,500,575.00,"287,500.00"
2020-08-13,2020081301020351,NICLBSL,58,42,10,759.00,"7,590.00"
2020-08-13,2020081301020281,NICLBSL,47,20,10,758.00,"7,580.00"
2020-08-13,2020081301020229,NICLBSL,47,13,10,758.00,"7,580.00"
2020-08-13,2020081301020215,NICLBSL,47,55,10,758.00,"7,580.00"
2020-08-13,2020081301020199,NICLBSL,4,17,10,757.00,"7,570.00"
2020-08-13,2020081301020197,NICLBSL,4,40,10,757.00,"7,570.00"
2020-08-13,2020081301019875,NICLBSL,42,35,250,758.00,"189,500.00"
2020-08-13,2020081301019874,NICLBSL,49,35,40,758.00,"30,320.00"
2020-08-13,2020081301019873,NICLBSL,57,35,200,758.00,"151,600.00"
2020-08-13,2020081301019872,NICLBSL,52,35,50,758.00,"37,900.00"
2020-08-13,2020081301019871,NICLBSL,36,35,60,758.00,"45,480.00"
2020-08-13,2020081301020149,NICLBSL,54,40,10,758.00,"7,580.00"
2020-08-13,2020081301020140,NICLBSL,54,20,10,758.00,"7,580.00"
2020-08-13,2020081301019879,NICLBSL,21,35,100,758.00,"75,800.00"
2020-08-13,2020081301019878,NICLBSL,58,35,10,758.00,"7,580.00"
2020-08-13,2020081301019877,NICLBSL,49,35,50,758.00,"37,900.00"
2020-08-13,2020081301019876,NICLBSL,45,35,20,758.00,"15,160.00"
2020-08-13,2020081301020185,NICLBSL,58,28,40,760.00,"30,400.00"
2020-08-13,2020081301020184,NICLBSL,58,45,200,760.00,"152,000.00"
2020-08-13,2020081301020183,NICLBSL,58,47,200,759.00,"151,800.00"
2020-08-13,2020081301020182,NICLBSL,58,42,10,758.00,"7,580.00"
2020-08-13,2020081301020181,NICLBSL,58,45,50,758.00,"37,900.00"
2020-08-13,2020081301020172,NICLBSL,54,45,80,758.00,"60,640.00"
2020-08-13,2020081301020303,NIL,44,11,50,630.00,"31,500.00"
2020-08-13,2020081301020189,NIL,14,53,92,630.00,"57,960.00"
2020-08-13,2020081301020061,NIL,45,53,40,630.00,"25,200.00"
2020-08-13,2020081301020141,NLBBL,17,32,50,694.00,"34,700.00"
2020-08-13,2020081301020244,NLG,42,57,450,635.00,"285,750.00"
2020-08-13,2020081301019992,NLG,28,4,130,632.00,"82,160.00"
2020-08-13,2020081301019951,NLG,13,57,50,635.00,"31,750.00"
2020-08-13,2020081301020332,NLIC,16,39,152,"1,337.00","203,224.00"
2020-08-13,2020081301020331,NLIC,54,39,26,"1,337.00","34,762.00"
2020-08-13,2020081301020330,NLIC,32,39,100,"1,337.00","133,700.00"
2020-08-13,2020081301020247,NLIC,54,52,74,"1,337.00","98,938.00"
2020-08-13,2020081301020097,NLIC,40,38,65,"1,342.00","87,230.00"
2020-08-13,2020081301020096,NLIC,40,34,75,"1,342.00","100,650.00"
2020-08-13,2020081301020027,NLIC,38,19,100,"1,338.00","133,800.00"
2020-08-13,2020081301019904,NLIC,35,39,30,"1,339.00","40,170.00"
2020-08-13,2020081301019903,NLIC,58,39,50,"1,339.00","66,950.00"
2020-08-13,2020081301019902,NLIC,56,39,42,"1,339.00","56,238.00"
2020-08-13,2020081301019886,NLIC,45,54,50,"1,340.00","67,000.00"
2020-08-13,2020081301019885,NLIC,45,52,50,"1,340.00","67,000.00"
2020-08-13,2020081301020095,NLIC,40,7,220,"1,340.00","294,800.00"
2020-08-13,2020081301020094,NLIC,40,54,50,"1,340.00","67,000.00"
2020-08-13,2020081301020093,NLIC,40,19,90,"1,338.00","120,420.00"
2020-08-13,2020081301020030,NLIC,11,19,50,"1,338.00","66,900.00"
2020-08-13,2020081301020029,NLIC,58,19,50,"1,338.00","66,900.00"
2020-08-13,2020081301020028,NLIC,52,19,10,"1,338.00","13,380.00"
2020-08-13,2020081301020002,NLICL,44,55,290,689.00,"199,810.00"
2020-08-13,2020081301019932,NLICL,42,29,100,688.00,"68,800.00"
2020-08-13,2020081301019924,NLICL,42,34,25,688.00,"17,200.00"
2020-08-13,2020081301019923,NLICL,41,34,50,688.00,"34,400.00"
2020-08-13,2020081301020196,NMB,6,16,50,419.00,"20,950.00"
2020-08-13,2020081301020101,NMB,18,16,50,419.00,"20,950.00"
2020-08-13,2020081301020085,NMB,59,33,11,418.00,"4,598.00"
2020-08-13,2020081301020084,NMB,26,33,100,418.00,"41,800.00"
2020-08-13,2020081301020083,NMB,18,33,89,418.00,"37,202.00"
2020-08-13,2020081301019930,NMB,58,16,50,419.00,"20,950.00"
2020-08-13,2020081301020286,NMBMF,32,34,100,709.00,"70,900.00"
2020-08-13,2020081301020068,NMBMF,57,25,50,710.00,"35,500.00"
2020-08-13,2020081301020067,NMBMF,25,25,70,710.00,"49,700.00"
2020-08-13,2020081301020066,NMBMF,40,25,100,710.00,"71,000.00"
2020-08-13,2020081301020065,NMBMF,8,25,125,711.00,"88,875.00"
2020-08-13,2020081301020353,NRIC,36,55,300,581.00,"174,300.00"
2020-08-13,2020081301020352,NRIC,36,32,40,581.00,"23,240.00"
2020-08-13,2020081301020342,NRIC,36,45,40,581.00,"23,240.00"
2020-08-13,2020081301020341,NRIC,36,32,50,581.00,"29,050.00"
2020-08-13,2020081301020329,NRIC,36,50,"1,000",581.00,"581,000.00"
2020-08-13,2020081301020328,NRIC,45,50,"1,000",581.00,"581,000.00"
2020-08-13,2020081301019943,NRIC,42,21,40,582.00,"23,280.00"
2020-08-13,2020081301019940,NRIC,45,39,40,581.00,"23,240.00"
2020-08-13,2020081301019919,NRIC,45,16,730,581.00,"424,130.00"
2020-08-13,2020081301019868,NRIC,45,52,160,581.00,"92,960.00"
2020-08-13,2020081301019983,NRIC,58,21,40,581.00,"23,240.00"
2020-08-13,2020081301019982,NRIC,58,14,30,581.00,"17,430.00"
2020-08-13,2020081301019981,NRIC,50,14,100,581.00,"58,100.00"
2020-08-13,2020081301019980,NRIC,45,14,70,581.00,"40,670.00"
2020-08-13,2020081301019945,NRIC,42,49,55,582.00,"32,010.00"
2020-08-13,2020081301019944,NRIC,42,17,25,582.00,"14,550.00"
2020-08-13,2020081301020099,NRIC,58,38,30,581.00,"17,430.00"
2020-08-13,2020081301020087,NRIC,20,49,195,582.00,"113,490.00"
2020-08-13,2020081301020079,NRIC,58,21,50,581.00,"29,050.00"
2020-08-13,2020081301020072,NRIC,58,20,40,581.00,"23,240.00"
2020-08-13,2020081301020005,NRIC,58,58,50,581.00,"29,050.00"
2020-08-13,2020081301020001,NRIC,58,35,50,581.00,"29,050.00"
2020-08-13,2020081301020177,NRIC,8,16,50,582.00,"29,100.00"
2020-08-13,2020081301020176,NRIC,8,38,40,582.00,"23,280.00"
2020-08-13,2020081301020175,NRIC,8,21,40,582.00,"23,280.00"
2020-08-13,2020081301020174,NRIC,8,51,40,582.00,"23,280.00"
2020-08-13,2020081301020157,NRIC,58,42,40,581.00,"23,240.00"
2020-08-13,2020081301020144,NRIC,58,17,50,581.00,"29,050.00"
2020-08-13,2020081301020224,NRIC,58,17,40,581.00,"23,240.00"
2020-08-13,2020081301020219,NRIC,58,40,40,581.00,"23,240.00"
2020-08-13,2020081301020217,NRIC,50,1,430,582.00,"250,260.00"
2020-08-13,2020081301020216,NRIC,50,34,70,582.00,"40,740.00"
2020-08-13,2020081301020180,NRIC,58,46,30,581.00,"17,430.00"
2020-08-13,2020081301020178,NRIC,8,34,30,582.00,"17,460.00"
2020-08-13,2020081301020295,NRIC,36,52,130,581.00,"75,530.00"
2020-08-13,2020081301020294,NRIC,58,52,370,581.00,"214,970.00"
2020-08-13,2020081301020276,NRIC,58,59,10,581.00,"5,810.00"
2020-08-13,2020081301020253,NRIC,58,45,40,581.00,"23,240.00"
2020-08-13,2020081301020230,NRIC,58,46,40,581.00,"23,240.00"
2020-08-13,2020081301020225,NRIC,58,53,50,581.00,"29,050.00"
2020-08-13,2020081301020325,NRIC,36,45,310,581.00,"180,110.00"
2020-08-13,2020081301020318,NRIC,36,20,40,581.00,"23,240.00"
2020-08-13,2020081301020317,NRIC,36,13,40,581.00,"23,240.00"
2020-08-13,2020081301020313,NRIC,36,46,40,581.00,"23,240.00"
2020-08-13,2020081301020311,NRIC,36,54,40,581.00,"23,240.00"
2020-08-13,2020081301020299,NRIC,36,21,50,581.00,"29,050.00"
2020-08-13,2020081301020004,NSEWA,25,39,10,688.00,"6,880.00"
2020-08-13,2020081301020077,NTC,14,42,50,663.00,"33,150.00"
2020-08-13,2020081301020076,NTC,26,42,10,663.00,"6,630.00"
2020-08-13,2020081301020045,NTC,26,48,50,663.00,"33,150.00"
2020-08-13,2020081301020221,PCBL,41,34,24,269.00,"6,456.00"
2020-08-13,2020081301020343,PFL,38,38,1,149.00,149.00
2020-08-13,2020081301020132,PFL,34,25,26,149.00,"3,874.00"
2020-08-13,2020081301020131,PFL,53,25,24,149.00,"3,576.00"
2020-08-13,2020081301020130,PFL,21,25,150,149.00,"22,350.00"
2020-08-13,2020081301020009,PFL,38,38,2,149.00,298.00
2020-08-13,2020081301019920,PFL,53,56,17,149.00,"2,533.00"
2020-08-13,2020081301019884,PIC,40,38,20,635.00,"12,700.00"
2020-08-13,2020081301020322,PICL,42,57,10,468.00,"4,680.00"
2020-08-13,2020081301020165,PMHPL,44,58,10,73.00,730.00
2020-08-13,2020081301020162,PPCL,32,42,20,113.00,"2,260.00"
2020-08-13,2020081301020254,PROFL,10,17,187,106.00,"19,822.00"
2020-08-13,2020081301020228,PRVU,33,13,14,231.00,"3,234.00"
2020-08-13,2020081301020227,PRVU,33,35,"1,694",231.00,"391,314.00"
2020-08-13,2020081301019984,PRVU,42,35,150,231.00,"34,650.00"
2020-08-13,2020081301020312,RADHI,22,49,10,169.00,"1,690.00"
2020-08-13,2020081301019916,RADHI,45,38,11,167.00,"1,837.00"
2020-08-13,2020081301020280,RHPL,34,53,40,149.00,"5,960.00"
2020-08-13,2020081301020279,RHPL,34,44,951,149.00,"141,699.00"
2020-08-13,2020081301020252,RHPL,58,40,20,148.00,"2,960.00"
2020-08-13,2020081301020044,RHPL,58,35,40,148.00,"5,920.00"
2020-08-13,2020081301020012,RHPL,58,42,20,148.00,"2,960.00"
2020-08-13,2020081301020000,RMDC,34,50,500,755.00,"377,500.00"
2020-08-13,2020081301020092,RRHP,41,8,10,96.00,960.00
2020-08-13,2020081301020091,RRHP,41,22,10,96.00,960.00
2020-08-13,2020081301020090,RSDC,29,51,100,494.00,"49,400.00"
2020-08-13,2020081301020089,RSDC,42,51,50,495.00,"24,750.00"
2020-08-13,2020081301020041,RSDC,43,33,304,496.00,"150,784.00"
2020-08-13,2020081301020040,RSDC,43,44,146,496.00,"72,416.00"
2020-08-13,2020081301019956,RSDC,29,26,97,494.00,"47,918.00"
2020-08-13,2020081301019882,RSDC,52,26,10,495.00,"4,950.00"
2020-08-13,2020081301019881,RSDC,19,26,10,495.00,"4,950.00"
2020-08-13,2020081301020155,SABSL,46,19,27,717.00,"19,359.00"
2020-08-13,2020081301020019,SANIMA,44,10,450,344.00,"154,800.00"
2020-08-13,2020081301019969,SANIMA,44,44,81,344.00,"27,864.00"
2020-08-13,2020081301019968,SANIMA,40,44,600,344.00,"206,400.00"
2020-08-13,2020081301019967,SANIMA,59,44,38,344.00,"13,072.00"
2020-08-13,2020081301019934,SANIMA,59,49,11,344.00,"3,784.00"
2020-08-13,2020081301020359,SBI,29,21,19,423.00,"8,037.00"
2020-08-13,2020081301020358,SBI,28,21,30,423.00,"12,690.00"
2020-08-13,2020081301020305,SBL,37,33,402,293.00,"117,786.00"
2020-08-13,2020081301020257,SBL,14,33,345,293.00,"101,085.00"
2020-08-13,2020081301020256,SBL,14,33,200,293.00,"58,600.00"
2020-08-13,2020081301020255,SBL,48,33,53,293.00,"15,529.00"
2020-08-13,2020081301020203,SBL,48,50,117,293.00,"34,281.00"
2020-08-13,2020081301020202,SBL,41,50,100,293.00,"29,300.00"
2020-08-13,2020081301020201,SBL,14,50,100,293.00,"29,300.00"
2020-08-13,2020081301020200,SBL,32,50,29,293.00,"8,497.00"
2020-08-13,2020081301019954,SBL,41,52,40,294.00,"11,760.00"
2020-08-13,2020081301019953,SBL,41,14,960,294.00,"282,240.00"
2020-08-13,2020081301020210,SCB,16,14,15,655.00,"9,825.00"
2020-08-13,2020081301020209,SCB,52,14,257,655.00,"168,335.00"
2020-08-13,2020081301020198,SCB,52,34,200,655.00,"131,000.00"
2020-08-13,2020081301020171,SCB,52,38,43,655.00,"28,165.00"
2020-08-13,2020081301020170,SCB,26,38,252,655.00,"165,060.00"
2020-08-13,2020081301020160,SCB,26,49,50,655.00,"32,750.00"
2020-08-13,2020081301020024,SCB,26,34,100,655.00,"65,500.00"
2020-08-13,2020081301020013,SHINE,45,7,166,234.00,"38,844.00"
2020-08-13,2020081301019986,SHINE,45,45,378,234.00,"88,452.00"
2020-08-13,2020081301019985,SHINE,26,45,122,234.00,"28,548.00"
2020-08-13,2020081301020316,SHIVM,5,32,50,583.00,"29,150.00"
2020-08-13,2020081301020324,SHPC,6,58,60,227.00,"13,620.00"
2020-08-13,2020081301020323,SHPC,46,58,140,228.00,"31,920.00"
2020-08-13,2020081301019970,SHPC,46,42,60,228.00,"13,680.00"
2020-08-13,2020081301020020,SICL,6,38,10,"1,231.00","12,310.00"
2020-08-13,2020081301019941,SICL,6,38,20,"1,231.00","24,620.00"
2020-08-13,2020081301020278,SJCL,6,40,10,137.00,"1,370.00"
2020-08-13,2020081301020098,SJCL,6,35,20,137.00,"2,740.00"
2020-08-13,2020081301019880,SJCL,6,29,10,137.00,"1,370.00"
2020-08-13,2020081301020033,SKBBL,34,57,11,"1,243.00","13,673.00"
2020-08-13,2020081301020032,SKBBL,34,57,10,"1,243.00","12,430.00"
2020-08-13,2020081301020031,SKBBL,45,57,17,"1,244.00","21,148.00"
2020-08-13,2020081301019906,SLICL,45,34,83,446.00,"37,018.00"
2020-08-13,2020081301019955,SMB,8,19,100,843.00,"84,300.00"
2020-08-13,2020081301019905,SMFBS,35,38,10,881.00,"8,810.00"
2020-08-13,2020081301020248,SRBL,43,7,37,233.00,"8,621.00"
2020-08-13,2020081301019918,SRBL,42,7,272,233.00,"63,376.00"
2020-08-13,2020081301019966,STC,17,8,10,"2,660.00","26,600.00"
2020-08-13,2020081301020039,TMDBL,49,11,38,167.00,"6,346.00"
2020-08-13,2020081301020038,TMDBL,49,1,112,167.00,"18,704.00"
2020-08-13,2020081301020319,UIC,42,8,100,403.00,"40,300.00"
2020-08-13,2020081301020288,UIC,55,22,100,404.00,"40,400.00"
2020-08-13,2020081301020270,UIC,42,45,458,403.00,"184,574.00"
2020-08-13,2020081301020269,UIC,58,45,500,403.00,"201,500.00"
2020-08-13,2020081301020268,UIC,52,45,42,403.00,"16,926.00"
2020-08-13,2020081301020266,UIC,52,29,258,403.00,"103,974.00"
2020-08-13,2020081301019889,UIC,58,43,120,405.00,"48,600.00"
2020-08-13,2020081301019888,UIC,42,43,434,405.00,"175,770.00"
2020-08-13,2020081301020021,UIC,36,57,124,405.00,"50,220.00"
2020-08-13,2020081301020008,UIC,53,25,100,405.00,"40,500.00"
2020-08-13,2020081301020007,UIC,45,25,24,405.00,"9,720.00"
2020-08-13,2020081301019892,UIC,45,43,76,405.00,"30,780.00"
2020-08-13,2020081301019891,UIC,38,43,100,405.00,"40,500.00"
2020-08-13,2020081301019890,UIC,10,43,50,405.00,"20,250.00"
2020-08-13,2020081301020265,UIC,58,29,10,403.00,"4,030.00"
2020-08-13,2020081301020143,UIC,33,22,150,404.00,"60,600.00"
2020-08-13,2020081301020071,UIC,51,22,100,404.00,"40,400.00"
2020-08-13,2020081301020070,UIC,42,22,100,404.00,"40,400.00"
2020-08-13,2020081301020069,UIC,42,22,"1,000",404.00,"404,000.00"
2020-08-13,2020081301020022,UIC,36,37,46,406.00,"18,676.00"
2020-08-13,2020081301020326,UMHL,4,40,10,101.00,"1,010.00"
2020-08-13,2020081301020249,UPCL,16,35,50,71.00,"3,550.00"
2020-08-13,2020081301019942,UPCL,16,29,50,71.00,"3,550.00"
2020-08-13,2020081301020360,UPPER,6,40,40,223.00,"8,920.00"
2020-08-13,2020081301020078,UPPER,6,4,50,223.00,"11,150.00"
2020-08-13,2020081301019947,UPPER,6,4,40,223.00,"8,920.00"
2020-08-13,2020081301019869,UPPER,41,4,38,224.00,"8,512.00"
2020-08-13,2020081301020011,VLBS,34,21,15,902.00,"13,530.00"
2020-08-13,2020081301020010,VLBS,53,21,25,903.00,"22,575.00"
2020-08-13,2020081301020243,WOMI,33,34,240,882.00,"211,680.00"
2020-08-13,2020081301020242,WOMI,51,34,100,882.00,"88,200.00"
2020-08-13,2020081301020241,WOMI,41,34,50,882.00,"44,100.00"
2020-08-13,2020081301020240,WOMI,41,34,50,885.00,"44,250.00"
2020-08-13,2020081301020139,WOMI,49,18,180,882.00,"158,760.00"
2020-08-13,2020081301020138,WOMI,21,18,10,883.00,"8,830.00"
2020-08-13,2020081301020137,WOMI,21,18,10,885.00,"8,850.00"
2020-08-13,2020081301020136,WOMI,38,18,115,885.00,"101,775.00"
2020-08-13,2020081301020135,WOMI,21,18,10,885.00,"8,850.00"
2020-08-13,2020081301020134,WOMI,35,18,10,886.00,"8,860.00"
2020-08-13,2020081301020133,WOMI,21,18,10,887.00,"8,870.00"
2020-08-13,2020081301019678,ACLBSL,29,7,10,703.00,"7,030.00"
2020-08-13,2020081301019777,ADBL,47,57,67,414.00,"27,738.00"
2020-08-13,2020081301019776,ADBL,6,57,34,414.00,"14,076.00"
2020-08-13,2020081301019471,ADBL,6,51,16,414.00,"6,624.00"
2020-08-13,2020081301019827,AIL,54,57,20,519.00,"10,380.00"
2020-08-13,2020081301019826,AIL,54,34,180,519.00,"93,420.00"
2020-08-13,2020081301019816,AIL,49,34,190,519.00,"98,610.00"
2020-08-13,2020081301019810,AIL,28,4,10,518.00,"5,180.00"
2020-08-13,2020081301019809,AIL,28,29,10,518.00,"5,180.00"
2020-08-13,2020081301019807,AIL,17,57,10,517.00,"5,170.00"
2020-08-13,2020081301019368,AIL,1,6,10,518.00,"5,180.00"
2020-08-13,2020081301019374,AIL,1,6,10,518.00,"5,180.00"
2020-08-13,2020081301019373,AIL,1,6,10,518.00,"5,180.00"
2020-08-13,2020081301019372,AIL,1,6,10,518.00,"5,180.00"
2020-08-13,2020081301019371,AIL,1,38,10,518.00,"5,180.00"
2020-08-13,2020081301019370,AIL,1,6,10,518.00,"5,180.00"
2020-08-13,2020081301019369,AIL,1,6,10,518.00,"5,180.00"
2020-08-13,2020081301019397,AIL,45,51,50,517.00,"25,850.00"
2020-08-13,2020081301019396,AIL,7,51,50,517.00,"25,850.00"
2020-08-13,2020081301019395,AIL,43,51,20,517.00,"10,340.00"
2020-08-13,2020081301019377,AIL,1,29,60,518.00,"31,080.00"
2020-08-13,2020081301019376,AIL,1,35,10,518.00,"5,180.00"
2020-08-13,2020081301019375,AIL,1,6,10,518.00,"5,180.00"
2020-08-13,2020081301019418,AIL,42,44,10,518.00,"5,180.00"
2020-08-13,2020081301019411,AIL,42,58,10,518.00,"5,180.00"
2020-08-13,2020081301019401,AIL,52,44,10,517.00,"5,170.00"
2020-08-13,2020081301019400,AIL,52,51,50,517.00,"25,850.00"
2020-08-13,2020081301019399,AIL,6,51,20,517.00,"10,340.00"
2020-08-13,2020081301019398,AIL,13,51,10,517.00,"5,170.00"
2020-08-13,2020081301019438,AIL,17,19,10,519.00,"5,190.00"
2020-08-13,2020081301019437,AIL,17,41,10,519.00,"5,190.00"
2020-08-13,2020081301019436,AIL,17,34,10,519.00,"5,190.00"
2020-08-13,2020081301019435,AIL,17,41,10,519.00,"5,190.00"
2020-08-13,2020081301019428,AIL,42,42,10,518.00,"5,180.00"
2020-08-13,2020081301019421,AIL,42,57,10,518.00,"5,180.00"
2020-08-13,2020081301019487,AIL,42,4,10,518.00,"5,180.00"
2020-08-13,2020081301019484,AIL,42,21,10,518.00,"5,180.00"
2020-08-13,2020081301019475,AIL,42,47,10,518.00,"5,180.00"
2020-08-13,2020081301019456,AIL,42,51,10,518.00,"5,180.00"
2020-08-13,2020081301019446,AIL,42,20,10,518.00,"5,180.00"
2020-08-13,2020081301019439,AIL,17,34,150,519.00,"77,850.00"
2020-08-13,2020081301019585,AIL,52,42,10,517.00,"5,170.00"
2020-08-13,2020081301019545,AIL,52,21,10,517.00,"5,170.00"
2020-08-13,2020081301019535,AIL,42,59,100,518.00,"51,800.00"
2020-08-13,2020081301019531,AIL,42,42,10,518.00,"5,180.00"
2020-08-13,2020081301019524,AIL,42,32,300,518.00,"155,400.00"
2020-08-13,2020081301019519,AIL,42,7,10,518.00,"5,180.00"
2020-08-13,2020081301019663,AIL,51,42,10,518.00,"5,180.00"
2020-08-13,2020081301019658,AIL,51,4,10,518.00,"5,180.00"
2020-08-13,2020081301019655,AIL,51,38,10,518.00,"5,180.00"
2020-08-13,2020081301019649,AIL,17,5,10,517.00,"5,170.00"
2020-08-13,2020081301019645,AIL,52,7,10,517.00,"5,170.00"
2020-08-13,2020081301019643,AIL,52,57,10,517.00,"5,170.00"
2020-08-13,2020081301019722,AIL,19,38,10,518.00,"5,180.00"
2020-08-13,2020081301019714,AIL,51,5,10,518.00,"5,180.00"
2020-08-13,2020081301019704,AIL,51,59,10,518.00,"5,180.00"
2020-08-13,2020081301019680,AIL,51,17,10,518.00,"5,180.00"
2020-08-13,2020081301019679,AIL,51,38,10,518.00,"5,180.00"
2020-08-13,2020081301019677,AIL,51,20,10,518.00,"5,180.00"
2020-08-13,2020081301019806,AIL,17,44,10,517.00,"5,170.00"
2020-08-13,2020081301019790,AIL,17,8,10,517.00,"5,170.00"
2020-08-13,2020081301019781,AIL,17,46,10,517.00,"5,170.00"
2020-08-13,2020081301019780,AIL,17,1,10,517.00,"5,170.00"
2020-08-13,2020081301019751,AIL,17,38,10,517.00,"5,170.00"
2020-08-13,2020081301019750,AIL,17,44,10,517.00,"5,170.00"
2020-08-13,2020081301019656,AKJCL,33,41,20,53.00,"1,060.00"
2020-08-13,2020081301019405,AKPL,49,17,10,114.00,"1,140.00"
2020-08-13,2020081301019525,ALBSL,36,46,11,673.00,"7,403.00"
2020-08-13,2020081301019505,API,42,38,801,107.00,"85,707.00"
2020-08-13,2020081301019504,API,42,13,"1,000",107.00,"107,000.00"
2020-08-13,2020081301019503,API,42,57,17,107.00,"1,819.00"
2020-08-13,2020081301019502,API,42,16,249,107.00,"26,643.00"
2020-08-13,2020081301019501,API,42,51,500,106.00,"53,000.00"
2020-08-13,2020081301019669,BNT,42,32,10,"6,220.00","62,200.00"
2020-08-13,2020081301019805,BOKL,45,38,107,226.00,"24,182.00"
2020-08-13,2020081301019804,BOKL,45,5,118,226.00,"26,668.00"
2020-08-13,2020081301019803,BOKL,45,7,162,226.00,"36,612.00"
2020-08-13,2020081301019802,BOKL,45,53,100,226.00,"22,600.00"
2020-08-13,2020081301019737,BOKL,44,45,106,225.00,"23,850.00"
2020-08-13,2020081301019701,BOKL,44,49,500,225.00,"112,500.00"
2020-08-13,2020081301019815,BPCL,52,11,80,361.00,"28,880.00"
2020-08-13,2020081301019814,BPCL,16,11,442,361.00,"159,562.00"
2020-08-13,2020081301019739,BPCL,16,8,58,361.00,"20,938.00"
2020-08-13,2020081301019738,BPCL,1,8,42,361.00,"15,162.00"
2020-08-13,2020081301019710,BPCL,1,8,13,361.00,"4,693.00"
2020-08-13,2020081301019702,BPCL,1,26,12,361.00,"4,332.00"
2020-08-13,2020081301019540,BPCL,1,45,33,361.00,"11,913.00"
2020-08-13,2020081301019674,CBBL,1,8,10,"1,040.00","10,400.00"
2020-08-13,2020081301019476,CBBL,43,8,50,"1,040.00","52,000.00"
2020-08-13,2020081301019829,CBL,44,16,"1,000",146.00,"146,000.00"
2020-08-13,2020081301019800,CBL,44,4,"1,300",146.00,"189,800.00"
2020-08-13,2020081301019527,CBL,49,49,50,147.00,"7,350.00"
2020-08-13,2020081301019526,CBL,49,6,50,147.00,"7,350.00"
2020-08-13,2020081301019752,CCBL,8,42,56,175.00,"9,800.00"
2020-08-13,2020081301019684,CCBL,8,51,19,175.00,"3,325.00"
2020-08-13,2020081301019667,CCBL,8,52,100,175.00,"17,500.00"
2020-08-13,2020081301019495,CHCL,47,34,20,390.00,"7,800.00"
2020-08-13,2020081301019590,CIT,42,5,10,"2,585.00","25,850.00"
2020-08-13,2020081301019500,CIT,1,33,100,"2,583.00","258,300.00"
2020-08-13,2020081301019668,CZBIL,4,58,"1,003",199.00,"199,597.00"
2020-08-13,2020081301019570,CZBIL,4,41,920,199.00,"183,080.00"
2020-08-13,2020081301019569,CZBIL,25,41,80,199.00,"15,920.00"
2020-08-13,2020081301019700,DDBL,16,50,25,825.00,"20,625.00"
2020-08-13,2020081301019699,DDBL,22,50,25,825.00,"20,625.00"
2020-08-13,2020081301019517,DDBL,22,41,25,825.00,"20,625.00"
2020-08-13,2020081301019516,DDBL,28,41,20,825.00,"16,500.00"
2020-08-13,2020081301019515,DDBL,55,41,200,825.00,"165,000.00"
2020-08-13,2020081301019514,DDBL,55,41,100,825.00,"82,500.00"
2020-08-13,2020081301019448,DDBL,26,49,132,826.00,"109,032.00"
2020-08-13,2020081301019789,DHPL,41,29,40,53.00,"2,120.00"
2020-08-13,2020081301019696,DHPL,41,29,10,52.00,520.00
2020-08-13,2020081301019813,EBL,44,39,50,720.00,"36,000.00"
2020-08-13,2020081301019698,EBL,45,40,30,721.00,"21,630.00"
2020-08-13,2020081301019697,EBL,36,40,40,722.00,"28,880.00"
2020-08-13,2020081301019665,EBL,36,25,70,722.00,"50,540.00"
2020-08-13,2020081301019664,EBL,36,1,390,722.00,"281,580.00"
2020-08-13,2020081301019508,EBL,45,25,70,721.00,"50,470.00"
2020-08-13,2020081301019474,EBL,44,29,801,720.00,"576,720.00"
2020-08-13,2020081301019447,EBL,44,4,"1,000",720.00,"720,000.00"
2020-08-13,2020081301019857,EIC,11,41,100,437.00,"43,700.00"
2020-08-13,2020081301019746,EIC,58,7,75,436.00,"32,700.00"
2020-08-13,2020081301019632,EIC,58,1,50,436.00,"21,800.00"
2020-08-13,2020081301019622,EIC,13,52,19,440.00,"8,360.00"
2020-08-13,2020081301019621,EIC,13,19,170,440.00,"74,800.00"
2020-08-13,2020081301019620,EIC,13,49,40,438.00,"17,520.00"
