Date,Transact. No.,Symbol,Buyer,Seller,Quantity,Rate,Amount
2020-07-01,2020070101003837,ADBL,59,58,42,380.00,"15,960.00"
2020-07-01,2020070101003836,ADBL,59,26,38,380.00,"14,440.00"
2020-07-01,2020070101003835,ADBL,59,36,20,380.00,"7,600.00"
2020-07-01,2020070101003771,ADBL,14,40,19,380.00,"7,220.00"
2020-07-01,2020070101003605,ADBL,14,56,38,373.00,"14,174.00"
2020-07-01,2020070101003520,ADBL,14,42,250,380.00,"95,000.00"
2020-07-01,2020070101003519,ADBL,14,58,540,379.00,"204,660.00"
2020-07-01,2020070101003518,ADBL,14,53,30,379.00,"11,370.00"
2020-07-01,2020070101003544,ADBL,52,56,600,373.00,"223,800.00"
2020-07-01,2020070101003543,ADBL,36,56,10,373.00,"3,730.00"
2020-07-01,2020070101003542,ADBL,10,56,500,375.00,"187,500.00"
2020-07-01,2020070101003541,ADBL,59,56,10,375.00,"3,750.00"
2020-07-01,2020070101003540,ADBL,51,56,101,377.00,"38,077.00"
2020-07-01,2020070101003521,ADBL,14,26,30,380.00,"11,400.00"
2020-07-01,2020070101003747,AHPC,37,22,"2,000",97.00,"194,000.00"
2020-07-01,2020070101003648,AKPL,52,58,700,125.00,"87,500.00"
2020-07-01,2020070101003872,ALBSL,14,6,11,560.00,"6,160.00"
2020-07-01,2020070101003524,ALBSL,14,8,10,557.00,"5,570.00"
2020-07-01,2020070101003874,ALICL,29,34,500,591.00,"295,500.00"
2020-07-01,2020070101003870,ALICL,5,34,412,591.00,"243,492.00"
2020-07-01,2020070101003869,ALICL,5,56,88,589.00,"51,832.00"
2020-07-01,2020070101003778,ALICL,29,56,500,589.00,"294,500.00"
2020-07-01,2020070101003745,ALICL,29,56,600,589.00,"353,400.00"
2020-07-01,2020070101003744,ALICL,43,56,10,589.00,"5,890.00"
2020-07-01,2020070101003634,ALICL,49,49,"2,000",590.00,"1,180,000.00"
2020-07-01,2020070101003627,ALICL,21,56,50,589.00,"29,450.00"
2020-07-01,2020070101003505,ALICL,5,1,480,592.00,"284,160.00"
2020-07-01,2020070101003504,ALICL,5,1,20,591.00,"11,820.00"
2020-07-01,2020070101003588,API,44,25,50,119.00,"5,950.00"
2020-07-01,2020070101003587,API,44,47,100,117.00,"11,700.00"
2020-07-01,2020070101003393,API,37,44,10,117.00,"1,170.00"
2020-07-01,2020070101003756,BFC,10,50,200,87.00,"17,400.00"
2020-07-01,2020070101003667,BOKL,10,56,826,229.00,"189,154.00"
2020-07-01,2020070101003666,BOKL,57,56,150,230.00,"34,500.00"
2020-07-01,2020070101003492,BOKL,57,5,300,230.00,"69,000.00"
2020-07-01,2020070101003491,BOKL,57,45,50,230.00,"11,500.00"
2020-07-01,2020070101003453,BOKL,38,45,200,230.00,"46,000.00"
2020-07-01,2020070101003425,BOKL,10,13,44,229.00,"10,076.00"
2020-07-01,2020070101003424,BOKL,10,18,130,225.00,"29,250.00"
2020-07-01,2020070101003828,BPCL,42,8,40,365.00,"14,600.00"
2020-07-01,2020070101003740,BPCL,42,56,60,365.00,"21,900.00"
2020-07-01,2020070101003422,CBBL,35,28,190,"1,021.00","193,990.00"
2020-07-01,2020070101003421,CBBL,42,28,300,"1,029.00","308,700.00"
2020-07-01,2020070101003420,CBBL,41,28,10,"1,033.00","10,330.00"
2020-07-01,2020070101003783,CBL,43,13,200,137.00,"27,400.00"
2020-07-01,2020070101003534,CBL,43,46,20,137.00,"2,740.00"
2020-07-01,2020070101003867,CCBL,19,34,77,168.00,"12,936.00"
2020-07-01,2020070101003866,CCBL,21,34,75,168.00,"12,600.00"
2020-07-01,2020070101003708,CHCL,43,11,50,373.00,"18,650.00"
2020-07-01,2020070101003539,CHCL,46,11,146,380.00,"55,480.00"
2020-07-01,2020070101003792,CIT,41,55,30,"2,504.00","75,120.00"
2020-07-01,2020070101003750,CIT,49,49,70,"2,501.00","175,070.00"
2020-07-01,2020070101003749,CIT,49,58,50,"2,500.00","125,000.00"
2020-07-01,2020070101003660,CIT,49,58,50,"2,500.00","125,000.00"
2020-07-01,2020070101003659,CIT,49,4,100,"2,499.00","249,900.00"
2020-07-01,2020070101003529,CIT,45,4,100,"2,499.00","249,900.00"
2020-07-01,2020070101003397,CIT,36,49,200,"2,501.00","500,200.00"
2020-07-01,2020070101003638,CLBSL,38,6,45,590.00,"26,550.00"
2020-07-01,2020070101003849,DDBL,25,22,150,805.00,"120,750.00"
2020-07-01,2020070101003781,DDBL,25,33,20,805.00,"16,100.00"
2020-07-01,2020070101003565,DDBL,5,18,83,790.00,"65,570.00"
2020-07-01,2020070101003412,DDBL,21,11,20,778.00,"15,560.00"
2020-07-01,2020070101003411,DDBL,21,13,50,778.00,"38,900.00"
2020-07-01,2020070101003753,EBL,52,45,200,668.00,"133,600.00"
2020-07-01,2020070101003709,EBL,42,13,800,667.00,"533,600.00"
2020-07-01,2020070101003686,EBL,56,13,200,667.00,"133,400.00"
2020-07-01,2020070101003603,EBL,55,58,150,660.00,"99,000.00"
2020-07-01,2020070101003482,EBL,6,58,50,660.00,"33,000.00"
2020-07-01,2020070101003746,EIC,5,32,50,390.00,"19,500.00"
2020-07-01,2020070101003555,EIC,58,36,175,383.00,"67,025.00"
2020-07-01,2020070101003554,EIC,58,36,200,383.00,"76,600.00"
2020-07-01,2020070101003553,EIC,58,36,125,383.00,"47,875.00"
2020-07-01,2020070101003732,FMDBL,50,43,10,459.00,"4,590.00"
2020-07-01,2020070101003647,FMDBL,50,58,10,459.00,"4,590.00"
2020-07-01,2020070101003646,FMDBL,50,11,10,459.00,"4,590.00"
2020-07-01,2020070101003645,FMDBL,50,11,70,455.00,"31,850.00"
2020-07-01,2020070101003398,FOWAD,41,53,10,"1,463.00","14,630.00"
2020-07-01,2020070101003525,GBBL,48,43,431,220.00,"94,820.00"
2020-07-01,2020070101003805,GBIME,7,5,130,263.00,"34,190.00"
2020-07-01,2020070101003804,GBIME,41,5,20,263.00,"5,260.00"
2020-07-01,2020070101003765,GBIME,57,45,40,265.00,"10,600.00"
2020-07-01,2020070101003630,GBIME,7,45,100,265.00,"26,500.00"
2020-07-01,2020070101003568,GBIME,35,45,500,265.00,"132,500.00"
2020-07-01,2020070101003537,GBIME,8,45,50,265.00,"13,250.00"
2020-07-01,2020070101003498,GBIME,6,45,710,265.00,"188,150.00"
2020-07-01,2020070101003448,GBIME,6,11,290,264.00,"76,560.00"
2020-07-01,2020070101003444,GBIME,58,11,100,264.00,"26,400.00"
2020-07-01,2020070101003810,GBLBS,44,35,100,428.00,"42,800.00"
2020-07-01,2020070101003501,GBLBS,20,35,100,428.00,"42,800.00"
2020-07-01,2020070101003672,GFCL,58,59,29,148.00,"4,292.00"
2020-07-01,2020070101003811,GILB,51,48,11,"1,224.00","13,464.00"
2020-07-01,2020070101003432,GILB,38,13,665,"1,200.00","798,000.00"
2020-07-01,2020070101003426,GILB,55,36,50,"1,208.00","60,400.00"
2020-07-01,2020070101003767,GLICL,39,48,36,454.00,"16,344.00"
2020-07-01,2020070101003599,GMFBS,10,33,10,751.00,"7,510.00"
2020-07-01,2020070101003479,GMFIL,19,41,50,110.00,"5,500.00"
2020-07-01,2020070101003797,HBL,13,50,39,537.00,"20,943.00"
2020-07-01,2020070101003690,HBL,13,25,50,537.00,"26,850.00"
2020-07-01,2020070101003417,HBL,13,49,10,537.00,"5,370.00"
2020-07-01,2020070101003881,HDL,13,45,100,"1,575.00","157,500.00"
2020-07-01,2020070101003853,HDL,57,4,100,"1,576.00","157,600.00"
2020-07-01,2020070101003779,HDL,41,49,380,"1,580.00","600,400.00"
2020-07-01,2020070101003774,HDL,41,25,200,"1,580.00","316,000.00"
2020-07-01,2020070101003773,HDL,28,54,150,"1,590.00","238,500.00"
2020-07-01,2020070101003764,HDL,41,13,102,"1,580.00","161,160.00"
2020-07-01,2020070101003571,HDL,29,57,400,"1,576.00","630,400.00"
2020-07-01,2020070101003570,HDL,29,35,100,"1,575.00","157,500.00"
2020-07-01,2020070101003474,HDL,29,57,300,"1,576.00","472,800.00"
2020-07-01,2020070101003682,HDL,42,58,172,"1,577.00","271,244.00"
2020-07-01,2020070101003681,HDL,42,13,300,"1,576.00","472,800.00"
2020-07-01,2020070101003680,HDL,42,58,28,"1,570.00","43,960.00"
2020-07-01,2020070101003658,HDL,25,58,200,"1,570.00","314,000.00"
2020-07-01,2020070101003650,HDL,25,54,300,"1,570.00","471,000.00"
2020-07-01,2020070101003642,HDL,28,13,200,"1,576.00","315,200.00"
2020-07-01,2020070101003734,HDL,11,5,50,"1,589.00","79,450.00"
2020-07-01,2020070101003733,HDL,11,5,50,"1,585.00","79,250.00"
2020-07-01,2020070101003700,HDL,41,47,300,"1,580.00","474,000.00"
2020-07-01,2020070101003699,HDL,41,58,840,"1,580.00","1,327,200.00"
2020-07-01,2020070101003698,HDL,41,5,100,"1,579.00","157,900.00"
2020-07-01,2020070101003697,HDL,41,58,78,"1,577.00","123,006.00"
2020-07-01,2020070101003826,HIDCL,40,53,500,130.00,"65,000.00"
2020-07-01,2020070101003674,HIDCL,25,1,"1,000",132.00,"132,000.00"
2020-07-01,2020070101003651,HIDCL,25,1,780,130.00,"101,400.00"
2020-07-01,2020070101003815,HURJA,1,41,20,94.00,"1,880.00"
2020-07-01,2020070101003395,IGI,34,3,20,390.00,"7,800.00"
2020-07-01,2020070101003511,ILBS,32,35,11,660.00,"7,260.00"
2020-07-01,2020070101003809,JBBL,21,1,10,179.00,"1,790.00"
2020-07-01,2020070101003802,JBBL,42,1,30,179.00,"5,370.00"
2020-07-01,2020070101003715,JSLBB,59,44,20,"1,423.00","28,460.00"
2020-07-01,2020070101003545,JSLBB,37,33,250,"1,411.00","352,750.00"
2020-07-01,2020070101003852,KBL,25,39,380,191.00,"72,580.00"
2020-07-01,2020070101003851,KBL,25,39,620,191.00,"118,420.00"
2020-07-01,2020070101003801,KBL,32,43,400,190.00,"76,000.00"
2020-07-01,2020070101003800,KBL,34,43,100,190.00,"19,000.00"
2020-07-01,2020070101003787,KBL,7,39,100,191.00,"19,100.00"
2020-07-01,2020070101003696,KBL,57,39,30,191.00,"5,730.00"
2020-07-01,2020070101003522,KBL,11,39,150,191.00,"28,650.00"
2020-07-01,2020070101003510,KBL,39,39,"1,000",191.00,"191,000.00"
2020-07-01,2020070101003414,KBL,14,39,"1,000",191.00,"191,000.00"
2020-07-01,2020070101003889,KMCDB,26,42,10,741.00,"7,410.00"
2020-07-01,2020070101003890,LBL,25,13,483,203.00,"98,049.00"
2020-07-01,2020070101003726,LGIL,32,1,360,400.00,"144,000.00"
2020-07-01,2020070101003725,LGIL,29,1,50,404.00,"20,200.00"
2020-07-01,2020070101003724,LGIL,5,1,190,404.00,"76,760.00"
2020-07-01,2020070101003607,LICN,34,14,20,"1,300.00","26,000.00"
2020-07-01,2020070101003606,LICN,34,35,10,"1,300.00","13,000.00"
2020-07-01,2020070101003562,LICN,34,28,50,"1,290.00","64,500.00"
2020-07-01,2020070101003442,LICN,44,28,200,"1,290.00","258,000.00"
2020-07-01,2020070101003536,MBL,57,6,100,230.00,"23,000.00"
2020-07-01,2020070101003834,MEGA,56,40,200,219.00,"43,800.00"
2020-07-01,2020070101003833,MEGA,45,53,46,219.00,"10,074.00"
2020-07-01,2020070101003567,MERO,41,52,918,588.00,"539,784.00"
2020-07-01,2020070101003566,MERO,41,17,82,585.00,"47,970.00"
2020-07-01,2020070101003396,MERO,8,52,100,588.00,"58,800.00"
2020-07-01,2020070101003717,MFIL,22,22,"1,293",262.00,"338,766.00"
2020-07-01,2020070101003716,MFIL,42,22,150,263.00,"39,450.00"
2020-07-01,2020070101003621,MFIL,55,7,50,267.00,"13,350.00"
2020-07-01,2020070101003620,MFIL,55,45,10,262.00,"2,620.00"
2020-07-01,2020070101003441,MFIL,55,45,990,262.00,"259,380.00"
2020-07-01,2020070101003440,MFIL,55,26,10,262.00,"2,620.00"
2020-07-01,2020070101003455,MLBL,52,21,10,193.00,"1,930.00"
2020-07-01,2020070101003431,MLBL,34,14,"1,000",193.00,"193,000.00"
2020-07-01,2020070101003669,MNBBL,42,14,417,320.00,"133,440.00"
2020-07-01,2020070101003668,MNBBL,42,52,300,320.00,"96,000.00"
2020-07-01,2020070101003665,MNBBL,55,1,167,317.00,"52,939.00"
2020-07-01,2020070101003886,NABIL,7,8,50,770.00,"38,500.00"
2020-07-01,2020070101003808,NABIL,35,40,150,765.00,"114,750.00"
2020-07-01,2020070101003807,NABIL,47,40,50,766.00,"38,300.00"
2020-07-01,2020070101003772,NABIL,6,8,62,770.00,"47,740.00"
2020-07-01,2020070101003736,NABIL,6,58,100,770.00,"77,000.00"
2020-07-01,2020070101003706,NABIL,6,47,338,770.00,"260,260.00"
2020-07-01,2020070101003438,NABIL,10,35,100,770.00,"77,000.00"
2020-07-01,2020070101003405,NABIL,57,35,100,770.00,"77,000.00"
2020-07-01,2020070101003675,NABIL,51,8,500,766.00,"383,000.00"
2020-07-01,2020070101003657,NABIL,43,47,162,770.00,"124,740.00"
2020-07-01,2020070101003656,NABIL,43,1,50,770.00,"38,500.00"
2020-07-01,2020070101003655,NABIL,43,35,188,770.00,"144,760.00"
2020-07-01,2020070101003654,NABIL,35,35,100,770.00,"77,000.00"
2020-07-01,2020070101003608,NABIL,10,35,100,770.00,"77,000.00"
2020-07-01,2020070101003558,NBB,11,45,300,205.00,"61,500.00"
2020-07-01,2020070101003415,NBB,44,25,100,201.00,"20,100.00"
2020-07-01,2020070101003718,NBL,33,35,10,260.00,"2,600.00"
2020-07-01,2020070101003626,NBL,44,49,256,255.00,"65,280.00"
2020-07-01,2020070101003582,NBL,41,49,50,255.00,"12,750.00"
2020-07-01,2020070101003581,NBL,6,49,194,258.00,"50,052.00"
2020-07-01,2020070101003487,NBL,6,35,100,260.00,"26,000.00"
2020-07-01,2020070101003454,NBL,39,35,10,260.00,"2,600.00"
2020-07-01,2020070101003430,NBL,39,52,200,260.00,"52,000.00"
2020-07-01,2020070101003727,NCCB,39,34,343,193.00,"66,199.00"
2020-07-01,2020070101003578,NCCB,39,35,157,191.00,"29,987.00"
2020-07-01,2020070101003423,NCCB,5,34,100,193.00,"19,300.00"
2020-07-01,2020070101003863,NIB,37,1,500,465.00,"232,500.00"
2020-07-01,2020070101003862,NIB,34,1,100,465.00,"46,500.00"
2020-07-01,2020070101003861,NIB,11,1,500,465.00,"232,500.00"
2020-07-01,2020070101003860,NIB,28,1,44,466.00,"20,504.00"
2020-07-01,2020070101003859,NIB,10,25,300,467.00,"140,100.00"
2020-07-01,2020070101003840,NIB,13,25,83,467.00,"38,761.00"
2020-07-01,2020070101003528,NIB,50,53,100,467.00,"46,700.00"
2020-07-01,2020070101003523,NIB,28,41,49,466.00,"22,834.00"
2020-07-01,2020070101003458,NIB,59,59,78,467.00,"36,426.00"
2020-07-01,2020070101003457,NIB,59,22,155,467.00,"72,385.00"
2020-07-01,2020070101003839,NIB,13,53,17,467.00,"7,939.00"
2020-07-01,2020070101003766,NIB,28,58,100,466.00,"46,600.00"
2020-07-01,2020070101003741,NIB,28,53,200,467.00,"93,400.00"
2020-07-01,2020070101003687,NIB,46,53,15,467.00,"7,005.00"
2020-07-01,2020070101003617,NIB,28,6,166,466.00,"77,356.00"
2020-07-01,2020070101003597,NIB,28,25,10,466.00,"4,660.00"
2020-07-01,2020070101003703,NIBPO,17,17,367,371.00,"136,157.00"
2020-07-01,2020070101003613,NIBPO,45,45,50,371.00,"18,550.00"
2020-07-01,2020070101003612,NIBPO,45,58,20,371.00,"7,420.00"
2020-07-01,2020070101003873,NICA,57,17,"1,000",525.00,"525,000.00"
2020-07-01,2020070101003829,NICA,39,17,35,525.00,"18,375.00"
2020-07-01,2020070101003822,NICA,42,17,318,525.00,"166,950.00"
2020-07-01,2020070101003795,NICA,39,28,220,529.00,"116,380.00"
2020-07-01,2020070101003794,NICA,39,13,50,528.00,"26,400.00"
2020-07-01,2020070101003777,NICA,42,35,"1,000",525.00,"525,000.00"
2020-07-01,2020070101003595,NICA,42,56,182,525.00,"95,550.00"
2020-07-01,2020070101003508,NICA,42,56,100,525.00,"52,500.00"
2020-07-01,2020070101003404,NICA,11,25,24,518.00,"12,432.00"
2020-07-01,2020070101003531,NICL,32,1,232,383.00,"88,856.00"
2020-07-01,2020070101003530,NICL,32,1,90,383.00,"34,470.00"
2020-07-01,2020070101003483,NICL,32,44,90,383.00,"34,470.00"
2020-07-01,2020070101003748,NIL,13,59,10,558.00,"5,580.00"
2020-07-01,2020070101003434,NIL,13,59,94,558.00,"52,452.00"
2020-07-01,2020070101003433,NIL,11,59,50,558.00,"27,900.00"
2020-07-01,2020070101003710,NLBBL,28,6,12,650.00,"7,800.00"
2020-07-01,2020070101003584,NLG,38,19,561,558.00,"313,038.00"
2020-07-01,2020070101003583,NLG,1,19,20,558.00,"11,160.00"
2020-07-01,2020070101003577,NLG,1,25,10,558.00,"5,580.00"
2020-07-01,2020070101003880,NLIC,42,43,37,"1,260.00","46,620.00"
2020-07-01,2020070101003879,NLIC,42,49,20,"1,260.00","25,200.00"
2020-07-01,2020070101003878,NLIC,42,34,22,"1,260.00","27,720.00"
2020-07-01,2020070101003877,NLIC,42,22,86,"1,260.00","108,360.00"
2020-07-01,2020070101003876,NLIC,42,57,135,"1,255.00","169,425.00"
2020-07-01,2020070101003875,NLIC,42,6,700,"1,250.00","875,000.00"
2020-07-01,2020070101003408,NLIC,42,37,22,"1,260.00","27,720.00"
2020-07-01,2020070101003407,NLIC,42,46,100,"1,250.00","125,000.00"
2020-07-01,2020070101003402,NLIC,43,37,100,"1,260.00","126,000.00"
2020-07-01,2020070101003576,NLIC,14,38,50,"1,252.00","62,600.00"
2020-07-01,2020070101003552,NLIC,19,57,200,"1,255.00","251,000.00"
2020-07-01,2020070101003503,NLIC,51,57,180,"1,255.00","225,900.00"
2020-07-01,2020070101003502,NLIC,51,54,20,"1,250.00","25,000.00"
2020-07-01,2020070101003410,NLIC,42,47,58,"1,261.00","73,138.00"
2020-07-01,2020070101003409,NLIC,42,38,20,"1,261.00","25,220.00"
2020-07-01,2020070101003640,NLIC,29,57,50,"1,245.00","62,250.00"
2020-07-01,2020070101003639,NLIC,54,57,500,"1,245.00","622,500.00"
2020-07-01,2020070101003600,NLIC,33,17,"1,000","1,250.00","1,250,000.00"
2020-07-01,2020070101003593,NLIC,42,57,178,"1,255.00","223,390.00"
2020-07-01,2020070101003592,NLIC,42,38,214,"1,254.00","268,356.00"
2020-07-01,2020070101003591,NLIC,42,38,108,"1,252.00","135,216.00"
2020-07-01,2020070101003719,NLIC,14,19,80,"1,243.00","99,440.00"
2020-07-01,2020070101003707,NLIC,14,8,50,"1,243.00","62,150.00"
2020-07-01,2020070101003695,NLIC,29,57,307,"1,255.00","385,285.00"
2020-07-01,2020070101003694,NLIC,29,26,41,"1,254.00","51,414.00"
2020-07-01,2020070101003693,NLIC,29,53,22,"1,250.00","27,500.00"
2020-07-01,2020070101003692,NLIC,29,57,450,"1,245.00","560,250.00"
2020-07-01,2020070101003785,NLIC,14,25,205,"1,245.00","255,225.00"
2020-07-01,2020070101003780,NLIC,35,6,120,"1,245.00","149,400.00"
2020-07-01,2020070101003775,NLIC,35,35,180,"1,245.00","224,100.00"
2020-07-01,2020070101003768,NLIC,35,19,41,"1,240.00","50,840.00"
2020-07-01,2020070101003721,NLIC,36,19,100,"1,240.00","124,000.00"
2020-07-01,2020070101003720,NLIC,14,19,100,"1,240.00","124,000.00"
2020-07-01,2020070101003864,NLIC,52,55,60,"1,245.00","74,700.00"
2020-07-01,2020070101003857,NLIC,52,6,18,"1,245.00","22,410.00"
2020-07-01,2020070101003845,NLIC,58,6,67,"1,245.00","83,415.00"
2020-07-01,2020070101003844,NLIC,58,55,50,"1,243.00","62,150.00"
2020-07-01,2020070101003843,NLIC,58,6,163,"1,240.00","202,120.00"
2020-07-01,2020070101003786,NLIC,14,6,95,"1,245.00","118,275.00"
2020-07-01,2020070101003427,NLICL,53,34,30,629.00,"18,870.00"
2020-07-01,2020070101003885,NMB,34,49,150,399.00,"59,850.00"
2020-07-01,2020070101003884,NMB,26,49,140,399.00,"55,860.00"
2020-07-01,2020070101003883,NMB,34,49,35,400.00,"14,000.00"
2020-07-01,2020070101003882,NMB,34,53,50,400.00,"20,000.00"
2020-07-01,2020070101003824,NMB,34,53,100,400.00,"40,000.00"
2020-07-01,2020070101003819,NMB,34,6,115,400.00,"46,000.00"
2020-07-01,2020070101003418,NMB,58,25,30,401.00,"12,030.00"
2020-07-01,2020070101003464,NMB,26,39,300,401.00,"120,300.00"
2020-07-01,2020070101003463,NMB,55,39,500,401.00,"200,500.00"
2020-07-01,2020070101003462,NMB,44,39,200,401.00,"80,200.00"
2020-07-01,2020070101003461,NMB,45,39,200,401.00,"80,200.00"
2020-07-01,2020070101003460,NMB,52,39,200,401.00,"80,200.00"
2020-07-01,2020070101003459,NMB,58,39,404,401.00,"162,004.00"
2020-07-01,2020070101003678,NMB,42,28,"1,500",401.00,"601,500.00"
2020-07-01,2020070101003677,NMB,51,28,167,401.00,"66,967.00"
2020-07-01,2020070101003610,NMB,51,45,250,401.00,"100,250.00"
2020-07-01,2020070101003609,NMB,51,34,183,400.00,"73,200.00"
2020-07-01,2020070101003466,NMB,50,39,72,400.00,"28,800.00"
2020-07-01,2020070101003465,NMB,35,39,124,400.00,"49,600.00"
2020-07-01,2020070101003818,NMB,25,6,48,400.00,"19,200.00"
2020-07-01,2020070101003755,NMB,25,35,20,400.00,"8,000.00"
2020-07-01,2020070101003752,NMB,25,40,132,400.00,"52,800.00"
2020-07-01,2020070101003751,NMB,50,40,128,400.00,"51,200.00"
2020-07-01,2020070101003684,NMB,57,43,20,401.00,"8,020.00"
2020-07-01,2020070101003679,NMB,44,28,200,401.00,"80,200.00"
2020-07-01,2020070101003670,NMBHF1,58,41,416,8.85,"3,681.60"
2020-07-01,2020070101003793,NMBMF,41,36,20,740.00,"14,800.00"
2020-07-01,2020070101003649,NMBMF,17,50,20,736.00,"14,720.00"
2020-07-01,2020070101003399,NMBMF,21,36,100,740.00,"74,000.00"
2020-07-01,2020070101003516,NMFBS,48,34,15,"1,519.00","22,785.00"
2020-07-01,2020070101003888,NRIC,32,59,40,378.00,"15,120.00"
2020-07-01,2020070101003887,NRIC,32,59,40,378.00,"15,120.00"
2020-07-01,2020070101003854,NRIC,32,32,40,378.00,"15,120.00"
2020-07-01,2020070101003842,NRIC,32,10,40,378.00,"15,120.00"
2020-07-01,2020070101003841,NRIC,32,49,50,378.00,"18,900.00"
2020-07-01,2020070101003838,NRIC,32,58,40,378.00,"15,120.00"
2020-07-01,2020070101003401,NRIC,43,34,50,378.00,"18,900.00"
2020-07-01,2020070101003400,NRIC,43,45,10,378.00,"3,780.00"
2020-07-01,2020070101003394,NRIC,43,6,40,378.00,"15,120.00"
2020-07-01,2020070101003437,NRIC,50,58,20,378.00,"7,560.00"
2020-07-01,2020070101003436,NRIC,43,58,10,378.00,"3,780.00"
2020-07-01,2020070101003435,NRIC,43,58,50,378.00,"18,900.00"
2020-07-01,2020070101003413,NRIC,43,39,40,378.00,"15,120.00"
2020-07-01,2020070101003406,NRIC,43,59,40,378.00,"15,120.00"
2020-07-01,2020070101003403,NRIC,43,17,40,378.00,"15,120.00"
2020-07-01,2020070101003476,NRIC,50,6,40,378.00,"15,120.00"
2020-07-01,2020070101003473,NRIC,50,33,40,378.00,"15,120.00"
2020-07-01,2020070101003472,NRIC,50,40,40,378.00,"15,120.00"
2020-07-01,2020070101003456,NRIC,50,29,40,378.00,"15,120.00"
2020-07-01,2020070101003443,NRIC,50,52,50,378.00,"18,900.00"
2020-07-01,2020070101003439,NRIC,50,59,50,378.00,"18,900.00"
2020-07-01,2020070101003500,NRIC,50,25,40,378.00,"15,120.00"
2020-07-01,2020070101003499,NRIC,50,46,40,378.00,"15,120.00"
2020-07-01,2020070101003496,NRIC,50,59,50,378.00,"18,900.00"
2020-07-01,2020070101003495,NRIC,50,43,40,378.00,"15,120.00"
2020-07-01,2020070101003489,NRIC,50,59,40,378.00,"15,120.00"
2020-07-01,2020070101003477,NRIC,50,47,40,378.00,"15,120.00"
2020-07-01,2020070101003526,NRIC,50,17,50,378.00,"18,900.00"
2020-07-01,2020070101003517,NRIC,50,6,50,378.00,"18,900.00"
2020-07-01,2020070101003515,NRIC,50,47,40,378.00,"15,120.00"
2020-07-01,2020070101003513,NRIC,50,39,40,378.00,"15,120.00"
2020-07-01,2020070101003507,NRIC,50,46,40,378.00,"15,120.00"
2020-07-01,2020070101003506,NRIC,50,58,30,378.00,"11,340.00"
2020-07-01,2020070101003559,NRIC,50,47,10,378.00,"3,780.00"
2020-07-01,2020070101003556,NRIC,50,58,50,378.00,"18,900.00"
2020-07-01,2020070101003538,NRIC,50,58,40,378.00,"15,120.00"
2020-07-01,2020070101003535,NRIC,50,38,40,378.00,"15,120.00"
2020-07-01,2020070101003533,NRIC,50,29,40,378.00,"15,120.00"
2020-07-01,2020070101003527,NRIC,50,40,40,378.00,"15,120.00"
2020-07-01,2020070101003579,NRIC,56,42,50,378.00,"18,900.00"
2020-07-01,2020070101003574,NRIC,56,39,40,378.00,"15,120.00"
2020-07-01,2020070101003573,NRIC,56,59,40,378.00,"15,120.00"
2020-07-01,2020070101003569,NRIC,56,43,40,378.00,"15,120.00"
2020-07-01,2020070101003563,NRIC,56,39,40,378.00,"15,120.00"
2020-07-01,2020070101003560,NRIC,56,47,30,378.00,"11,340.00"
2020-07-01,2020070101003614,NRIC,14,46,40,378.00,"15,120.00"
2020-07-01,2020070101003602,NRIC,14,49,10,378.00,"3,780.00"
2020-07-01,2020070101003601,NRIC,56,49,40,378.00,"15,120.00"
2020-07-01,2020070101003589,NRIC,56,47,40,378.00,"15,120.00"
2020-07-01,2020070101003586,NRIC,56,58,40,378.00,"15,120.00"
2020-07-01,2020070101003580,NRIC,56,6,40,378.00,"15,120.00"
2020-07-01,2020070101003635,NRIC,55,6,40,378.00,"15,120.00"
2020-07-01,2020070101003633,NRIC,55,40,10,378.00,"3,780.00"
2020-07-01,2020070101003632,NRIC,14,40,30,378.00,"11,340.00"
2020-07-01,2020070101003631,NRIC,14,46,40,378.00,"15,120.00"
2020-07-01,2020070101003629,NRIC,14,47,40,378.00,"15,120.00"
2020-07-01,2020070101003616,NRIC,14,52,40,378.00,"15,120.00"
2020-07-01,2020070101003664,NRIC,55,53,40,378.00,"15,120.00"
2020-07-01,2020070101003663,NRIC,55,41,40,378.00,"15,120.00"
2020-07-01,2020070101003662,NRIC,55,44,40,378.00,"15,120.00"
2020-07-01,2020070101003661,NRIC,55,8,40,378.00,"15,120.00"
2020-07-01,2020070101003643,NRIC,55,58,50,378.00,"18,900.00"
2020-07-01,2020070101003636,NRIC,55,29,40,378.00,"15,120.00"
2020-07-01,2020070101003702,NRIC,45,46,40,378.00,"15,120.00"
2020-07-01,2020070101003701,NRIC,55,46,40,378.00,"15,120.00"
2020-07-01,2020070101003688,NRIC,55,6,40,378.00,"15,120.00"
2020-07-01,2020070101003683,NRIC,55,39,40,378.00,"15,120.00"
2020-07-01,2020070101003676,NRIC,55,32,40,378.00,"15,120.00"
2020-07-01,2020070101003673,NRIC,55,6,40,378.00,"15,120.00"
2020-07-01,2020070101003742,NRIC,32,53,10,378.00,"3,780.00"
2020-07-01,2020070101003735,NRIC,32,44,40,378.00,"15,120.00"
2020-07-01,2020070101003714,NRIC,32,58,40,378.00,"15,120.00"
2020-07-01,2020070101003713,NRIC,32,29,20,378.00,"7,560.00"
2020-07-01,2020070101003712,NRIC,45,29,20,378.00,"7,560.00"
2020-07-01,2020070101003711,NRIC,45,40,40,378.00,"15,120.00"
2020-07-01,2020070101003798,NRIC,32,29,40,378.00,"15,120.00"
2020-07-01,2020070101003763,NRIC,32,10,40,378.00,"15,120.00"
2020-07-01,2020070101003762,NRIC,32,42,40,378.00,"15,120.00"
2020-07-01,2020070101003760,NRIC,32,52,40,378.00,"15,120.00"
2020-07-01,2020070101003758,NRIC,32,49,50,378.00,"18,900.00"
2020-07-01,2020070101003757,NRIC,32,58,40,378.00,"15,120.00"
2020-07-01,2020070101003823,NRIC,32,39,50,378.00,"18,900.00"
2020-07-01,2020070101003814,NRIC,32,6,40,378.00,"15,120.00"
2020-07-01,2020070101003813,NRIC,32,59,40,378.00,"15,120.00"
2020-07-01,2020070101003812,NRIC,32,58,40,378.00,"15,120.00"
2020-07-01,2020070101003806,NRIC,32,41,40,378.00,"15,120.00"
2020-07-01,2020070101003799,NRIC,32,17,40,378.00,"15,120.00"
2020-07-01,2020070101003623,NTC,59,28,10,624.00,"6,240.00"
2020-07-01,2020070101003594,OHL,34,13,18,296.00,"5,328.00"
2020-07-01,2020070101003827,PCBL,20,50,500,254.00,"127,000.00"
2020-07-01,2020070101003784,PCBL,6,50,"1,020",254.00,"259,080.00"
2020-07-01,2020070101003776,PCBL,49,50,"1,500",254.00,"381,000.00"
2020-07-01,2020070101003671,PCBL,55,50,200,254.00,"50,800.00"
2020-07-01,2020070101003628,PCBL,45,50,500,254.00,"127,000.00"
2020-07-01,2020070101003615,PCBL,48,50,100,254.00,"25,400.00"
2020-07-01,2020070101003604,PCBL,49,50,300,254.00,"76,200.00"
2020-07-01,2020070101003596,PCBL,34,50,97,254.00,"24,638.00"
2020-07-01,2020070101003564,PCBL,34,17,114,254.00,"28,956.00"
2020-07-01,2020070101003488,PCBL,34,59,"1,789",254.00,"454,406.00"
2020-07-01,2020070101003475,PCBL,41,53,92,251.00,"23,092.00"
2020-07-01,2020070101003416,PCBL,57,59,600,254.00,"152,400.00"
2020-07-01,2020070101003557,PIC,46,32,20,530.00,"10,600.00"
2020-07-01,2020070101003419,PIC,10,21,84,520.00,"43,680.00"
2020-07-01,2020070101003624,PLIC,34,17,100,565.00,"56,500.00"
2020-07-01,2020070101003452,PLIC,29,19,300,566.00,"169,800.00"
2020-07-01,2020070101003451,PLIC,33,19,104,566.00,"58,864.00"
2020-07-01,2020070101003450,PLIC,21,19,80,567.00,"45,360.00"
2020-07-01,2020070101003722,PPCL,29,14,20,104.00,"2,080.00"
2020-07-01,2020070101003575,PRIN,44,5,50,380.00,"19,000.00"
2020-07-01,2020070101003858,PRVU,6,34,511,242.00,"123,662.00"
2020-07-01,2020070101003832,PRVU,39,47,100,244.00,"24,400.00"
2020-07-01,2020070101003831,PRVU,39,51,100,244.00,"24,400.00"
2020-07-01,2020070101003830,PRVU,39,44,400,244.00,"97,600.00"
2020-07-01,2020070101003761,PRVU,6,42,489,242.00,"118,338.00"
2020-07-01,2020070101003739,PRVU,33,43,700,241.00,"168,700.00"
2020-07-01,2020070101003738,PRVU,33,53,200,240.00,"48,000.00"
2020-07-01,2020070101003486,PRVU,32,42,11,242.00,"2,662.00"
2020-07-01,2020070101003485,PRVU,32,50,109,240.00,"26,160.00"
2020-07-01,2020070101003392,PRVU,34,50,"1,000",240.00,"240,000.00"
2020-07-01,2020070101003391,PRVU,42,50,800,240.00,"192,000.00"
2020-07-01,2020070101003847,RBCLPO,37,17,10,"7,483.00","74,830.00"
2020-07-01,2020070101003590,RBCLPO,53,7,10,"7,480.00","74,800.00"
2020-07-01,2020070101003743,RHPL,36,1,40,148.00,"5,920.00"
2020-07-01,2020070101003481,RHPL,36,47,40,148.00,"5,920.00"
2020-07-01,2020070101003871,RMDC,19,48,62,641.00,"39,742.00"
2020-07-01,2020070101003478,RMDC,48,48,50,641.00,"32,050.00"
2020-07-01,2020070101003484,RRHP,1,41,10,91.00,910.00
2020-07-01,2020070101003846,RSDC,34,8,100,456.00,"45,600.00"
2020-07-01,2020070101003447,RSDC,42,8,60,456.00,"27,360.00"
2020-07-01,2020070101003825,SANIMA,11,22,"1,000",341.00,"341,000.00"
2020-07-01,2020070101003803,SANIMA,35,22,200,341.00,"68,200.00"
2020-07-01,2020070101003514,SANIMA,10,49,"1,000",339.00,"339,000.00"
2020-07-01,2020070101003497,SANIMA,57,43,595,340.00,"202,300.00"
2020-07-01,2020070101003467,SANIMA,36,43,305,340.00,"103,700.00"
2020-07-01,2020070101003428,SANIMA,34,43,100,340.00,"34,000.00"
2020-07-01,2020070101003789,SBI,5,25,30,429.00,"12,870.00"
2020-07-01,2020070101003644,SBI,5,45,11,429.00,"4,719.00"
2020-07-01,2020070101003625,SBI,5,42,100,429.00,"42,900.00"
2020-07-01,2020070101003471,SBI,10,17,113,425.00,"48,025.00"
2020-07-01,2020070101003470,SBI,41,17,200,425.00,"85,000.00"
2020-07-01,2020070101003469,SBI,46,42,25,429.00,"10,725.00"
2020-07-01,2020070101003468,SBI,46,52,50,428.00,"21,400.00"
2020-07-01,2020070101003865,SBL,35,1,21,311.00,"6,531.00"
2020-07-01,2020070101003446,SBL,10,6,72,310.00,"22,320.00"
2020-07-01,2020070101003585,SCB,55,46,100,646.00,"64,600.00"
2020-07-01,2020070101003754,SDESI,35,45,190,790.00,"150,100.00"
2020-07-01,2020070101003618,SDESI,25,45,10,790.00,"7,900.00"
2020-07-01,2020070101003480,SDESI,10,25,10,790.00,"7,900.00"
2020-07-01,2020070101003848,SHINE,58,4,200,230.00,"46,000.00"
2020-07-01,2020070101003493,SHINE,42,4,700,230.00,"161,000.00"
2020-07-01,2020070101003821,SHIVM,42,25,430,583.00,"250,690.00"
2020-07-01,2020070101003820,SHIVM,42,3,70,583.00,"40,810.00"
2020-07-01,2020070101003770,SHIVM,13,3,30,583.00,"17,490.00"
2020-07-01,2020070101003769,SHIVM,13,6,170,583.00,"99,110.00"
2020-07-01,2020070101003723,SHIVM,46,6,500,583.00,"291,500.00"
2020-07-01,2020070101003705,SHIVM,10,6,180,583.00,"104,940.00"
2020-07-01,2020070101003704,SHIVM,10,51,20,582.00,"11,640.00"
2020-07-01,2020070101003532,SHIVM,19,6,150,583.00,"87,450.00"
2020-07-01,2020070101003494,SHIVM,42,45,69,580.00,"40,020.00"
2020-07-01,2020070101003445,SHIVM,49,45,20,580.00,"11,600.00"
2020-07-01,2020070101003856,SIC,17,36,500,615.00,"307,500.00"
2020-07-01,2020070101003855,SIC,48,36,300,616.00,"184,800.00"
2020-07-01,2020070101003429,SIC,5,36,133,614.00,"81,662.00"
2020-07-01,2020070101003817,SICL,40,50,125,997.00,"124,625.00"
2020-07-01,2020070101003816,SICL,40,58,375,997.00,"373,875.00"
2020-07-01,2020070101003637,SICL,48,58,200,997.00,"199,400.00"
2020-07-01,2020070101003728,SJCL,42,52,280,134.00,"37,520.00"
2020-07-01,2020070101003689,SJCL,42,59,20,134.00,"2,680.00"
2020-07-01,2020070101003619,SJCL,20,52,100,134.00,"13,400.00"
2020-07-01,2020070101003791,SKBBL,38,28,300,"1,190.00","357,000.00"
2020-07-01,2020070101003790,SKBBL,38,58,50,"1,190.00","59,500.00"
2020-07-01,2020070101003685,SKBBL,19,14,100,"1,189.00","118,900.00"
2020-07-01,2020070101003653,SKBBL,59,50,100,"1,180.00","118,000.00"
2020-07-01,2020070101003652,SKBBL,59,34,300,"1,179.00","353,700.00"
2020-07-01,2020070101003641,SKBBL,38,34,200,"1,179.00","235,800.00"
2020-07-01,2020070101003509,SKBBL,38,50,400,"1,180.00","472,000.00"
2020-07-01,2020070101003796,SLBBL,42,36,203,810.00,"164,430.00"
2020-07-01,2020070101003561,SLBBL,32,5,100,814.00,"81,400.00"
2020-07-01,2020070101003622,SLICL,45,39,50,435.00,"21,750.00"
2020-07-01,2020070101003788,SRBL,49,28,10,235.00,"2,350.00"
2020-07-01,2020070101003782,SRBL,45,1,88,232.00,"20,416.00"
2020-07-01,2020070101003512,SRBL,1,28,500,233.00,"116,500.00"
2020-07-01,2020070101003449,SWBBL,44,39,22,"1,195.00","26,290.00"
2020-07-01,2020070101003737,TRH,3,22,50,186.00,"9,300.00"
2020-07-01,2020070101003731,UIC,4,49,230,324.00,"74,520.00"
2020-07-01,2020070101003730,UIC,39,49,240,324.00,"77,760.00"
2020-07-01,2020070101003729,UIC,22,49,30,325.00,"9,750.00"
2020-07-01,2020070101003691,UIC,57,26,400,329.00,"131,600.00"
2020-07-01,2020070101003551,UIC,6,26,100,330.00,"33,000.00"
2020-07-01,2020070101003550,UIC,7,26,500,333.00,"166,500.00"
2020-07-01,2020070101003549,UIC,58,26,100,335.00,"33,500.00"
2020-07-01,2020070101003548,UIC,35,26,200,335.00,"67,000.00"
2020-07-01,2020070101003547,UIC,49,26,100,336.00,"33,600.00"
2020-07-01,2020070101003546,UIC,41,26,10,337.00,"3,370.00"
2020-07-01,2020070101003850,UPPER,1,45,170,240.00,"40,800.00"
2020-07-01,2020070101003759,UPPER,21,45,10,240.00,"2,400.00"
2020-07-01,2020070101003611,UPPER,54,45,200,240.00,"48,000.00"
2020-07-01,2020070101003598,UPPER,46,45,120,240.00,"28,800.00"
2020-07-01,2020070101003572,UPPER,6,13,50,244.00,"12,200.00"
2020-07-01,2020070101003490,UPPER,46,6,40,240.00,"9,600.00"
2020-07-01,2020070101003868,VLBS,46,22,10,989.00,"9,890.00"
2020-07-01,2020070101003340,ADBL,56,42,500,380.00,"190,000.00"
2020-07-01,2020070101003185,ADBL,6,42,250,380.00,"95,000.00"
2020-07-01,2020070101003160,ADBL,57,42,100,384.00,"38,400.00"
2020-07-01,2020070101003159,ADBL,57,33,200,383.00,"76,600.00"
2020-07-01,2020070101003158,ADBL,57,36,200,382.00,"76,400.00"
2020-07-01,2020070101003096,ADBL,59,26,20,380.00,"7,600.00"
2020-07-01,2020070101003095,ADBL,37,26,747,380.00,"283,860.00"
2020-07-01,2020070101003020,ADBL,37,26,53,380.00,"20,140.00"
2020-07-01,2020070101002961,ADBL,57,26,100,380.00,"38,000.00"
2020-07-01,2020070101003324,AKPL,33,58,100,126.00,"12,600.00"
2020-07-01,2020070101003323,AKPL,42,58,37,128.00,"4,736.00"
2020-07-01,2020070101003199,AKPL,42,44,13,128.00,"1,664.00"
2020-07-01,2020070101002972,AKPL,36,50,300,130.00,"39,000.00"
2020-07-01,2020070101002971,AKPL,48,50,50,130.00,"6,500.00"
2020-07-01,2020070101003301,ALICL,34,39,180,591.00,"106,380.00"
2020-07-01,2020070101003205,ALICL,34,51,120,591.00,"70,920.00"
2020-07-01,2020070101003181,ALICL,5,14,100,591.00,"59,100.00"
2020-07-01,2020070101003180,ALICL,5,8,200,591.00,"118,200.00"
2020-07-01,2020070101003155,ALICL,21,33,30,584.00,"17,520.00"
2020-07-01,2020070101003154,ALICL,10,33,170,584.00,"99,280.00"
2020-07-01,2020070101003023,ALICL,10,1,30,584.00,"17,520.00"
2020-07-01,2020070101002899,BBC,3,3,10,"1,612.00","16,120.00"
2020-07-01,2020070101003237,BOKL,54,18,100,225.00,"22,500.00"
2020-07-01,2020070101002946,BOKL,50,18,50,225.00,"11,250.00"
2020-07-01,2020070101003313,BPCL,42,6,131,365.00,"47,815.00"
2020-07-01,2020070101003312,BPCL,42,5,453,360.00,"163,080.00"
2020-07-01,2020070101003265,BPCL,43,5,50,360.00,"18,000.00"
2020-07-01,2020070101003067,BPCL,1,6,369,365.00,"134,685.00"
2020-07-01,2020070101003066,BPCL,1,47,20,365.00,"7,300.00"
2020-07-01,2020070101003376,CBBL,47,53,50,"1,040.00","52,000.00"
2020-07-01,2020070101003041,CBBL,40,57,300,"1,050.00","315,000.00"
2020-07-01,2020070101002990,CBBL,58,11,40,"1,041.00","41,640.00"
2020-07-01,2020070101002935,CBBL,42,57,100,"1,050.00","105,000.00"
2020-07-01,2020070101002893,CBBL,13,57,100,"1,058.00","105,800.00"
2020-07-01,2020070101003218,CBL,43,6,108,137.00,"14,796.00"
2020-07-01,2020070101003217,CBL,49,6,199,137.00,"27,263.00"
2020-07-01,2020070101003025,CCBL,19,1,89,165.00,"14,685.00"
2020-07-01,2020070101003024,CCBL,29,1,50,167.00,"8,350.00"
2020-07-01,2020070101003173,CHCL,46,1,54,380.00,"20,520.00"
2020-07-01,2020070101002975,CHCL,41,53,11,377.00,"4,147.00"
2020-07-01,2020070101002907,CHCL,48,13,50,370.00,"18,500.00"
2020-07-01,2020070101002906,CHCL,44,13,839,370.00,"310,430.00"
2020-07-01,2020070101003380,CIT,11,49,60,"2,501.00","150,060.00"
2020-07-01,2020070101003279,CIT,1,49,40,"2,501.00","100,040.00"
2020-07-01,2020070101003278,CIT,1,49,40,"2,500.00","100,000.00"
2020-07-01,2020070101003209,CIT,46,49,100,"2,501.00","250,100.00"
2020-07-01,2020070101003186,CIT,45,49,100,"2,501.00","250,100.00"
2020-07-01,2020070101003183,CIT,22,58,46,"2,500.00","115,000.00"
2020-07-01,2020070101003063,CIT,22,17,44,"2,500.00","110,000.00"
2020-07-01,2020070101003051,CIT,22,58,10,"2,500.00","25,000.00"
2020-07-01,2020070101003034,CIT,28,58,150,"2,500.00","375,000.00"
2020-07-01,2020070101003032,CLBSL,47,57,20,590.00,"11,800.00"
2020-07-01,2020070101003274,CZBIL,41,45,12,198.00,"2,376.00"
2020-07-01,2020070101003151,CZBIL,41,46,300,198.00,"59,400.00"
2020-07-01,2020070101003150,CZBIL,41,32,90,197.00,"17,730.00"
2020-07-01,2020070101003132,CZBIL,56,32,310,197.00,"61,070.00"
2020-07-01,2020070101003118,CZBIL,56,53,100,197.00,"19,700.00"
2020-07-01,2020070101003017,CZBIL,56,53,90,197.00,"17,730.00"
2020-07-01,2020070101003016,CZBIL,42,53,110,197.00,"21,670.00"
2020-07-01,2020070101003006,CZBIL,42,46,300,197.00,"59,100.00"
2020-07-01,2020070101003296,DDBL,46,13,150,778.00,"116,700.00"
2020-07-01,2020070101003276,DDBL,26,13,100,778.00,"77,800.00"
2020-07-01,2020070101003105,DDBL,17,13,10,778.00,"7,780.00"
2020-07-01,2020070101003104,DDBL,45,13,190,778.00,"147,820.00"
2020-07-01,2020070101003097,DDBL,45,19,300,778.00,"233,400.00"
2020-07-01,2020070101003031,DDBL,17,13,500,780.00,"390,000.00"
2020-07-01,2020070101003266,EBL,41,13,200,660.00,"132,000.00"
2020-07-01,2020070101003200,EBL,10,45,200,668.00,"133,600.00"
2020-07-01,2020070101003019,EBL,32,21,200,660.00,"132,000.00"
2020-07-01,2020070101002929,EBL,41,45,500,668.00,"334,000.00"
2020-07-01,2020070101002921,EBL,49,45,50,668.00,"33,400.00"
2020-07-01,2020070101003349,FMDBL,19,11,90,459.00,"41,310.00"
2020-07-01,2020070101003348,FMDBL,19,36,10,459.00,"4,590.00"
2020-07-01,2020070101003345,FMDBL,14,58,10,453.00,"4,530.00"
2020-07-01,2020070101003280,FMDBL,58,48,10,453.00,"4,530.00"
2020-07-01,2020070101003267,FMDBL,17,56,100,450.00,"45,000.00"
2020-07-01,2020070101002952,FMDBL,58,48,10,453.00,"4,530.00"
2020-07-01,2020070101003357,GBBL,55,43,569,220.00,"125,180.00"
2020-07-01,2020070101003356,GBBL,55,45,81,220.00,"17,820.00"
2020-07-01,2020070101003166,GBBL,29,1,110,219.00,"24,090.00"
2020-07-01,2020070101003165,GBBL,21,1,90,219.00,"19,710.00"
2020-07-01,2020070101003062,GBBL,1,45,"1,000",220.00,"220,000.00"
2020-07-01,2020070101003355,GBIME,41,6,180,263.00,"47,340.00"
2020-07-01,2020070101003352,GBIME,51,6,320,263.00,"84,160.00"
2020-07-01,2020070101003351,GBIME,51,54,65,263.00,"17,095.00"
2020-07-01,2020070101003308,GBIME,44,11,160,260.00,"41,600.00"
2020-07-01,2020070101003244,GBIME,35,11,90,260.00,"23,400.00"
2020-07-01,2020070101003243,GBIME,35,28,160,258.00,"41,280.00"
2020-07-01,2020070101002985,GBIME,35,58,10,256.00,"2,560.00"
2020-07-01,2020070101002974,GBIME,29,28,50,258.00,"12,900.00"
2020-07-01,2020070101002902,GBIME,58,28,100,258.00,"25,800.00"
2020-07-01,2020070101003061,GBIME,51,22,100,255.00,"25,500.00"
2020-07-01,2020070101003060,GBIME,42,22,"3,950",255.00,"1,007,250.00"
2020-07-01,2020070101003059,GBIME,42,22,450,255.00,"114,750.00"
2020-07-01,2020070101003058,GBIME,33,22,10,256.00,"2,560.00"
2020-07-01,2020070101003001,GBIME,42,28,100,258.00,"25,800.00"
2020-07-01,2020070101002986,GBIME,33,58,490,256.00,"125,440.00"
2020-07-01,2020070101003176,GBIME,41,22,690,255.00,"175,950.00"
2020-07-01,2020070101003171,GBIME,28,22,50,255.00,"12,750.00"
2020-07-01,2020070101003153,GBIME,41,22,50,255.00,"12,750.00"
2020-07-01,2020070101003148,GBIME,42,22,500,255.00,"127,500.00"
2020-07-01,2020070101003134,GBIME,28,22,100,255.00,"25,500.00"
2020-07-01,2020070101003108,GBIME,21,22,100,255.00,"25,500.00"
2020-07-01,2020070101003385,GBLBS,50,35,200,428.00,"85,600.00"
2020-07-01,2020070101003384,GBLBS,41,35,10,428.00,"4,280.00"
2020-07-01,2020070101003383,GBLBS,55,35,500,428.00,"214,000.00"
2020-07-01,2020070101003075,GILB,38,46,35,"1,205.00","42,175.00"
2020-07-01,2020070101003033,GILB,42,46,15,"1,205.00","18,075.00"
2020-07-01,2020070101003005,HBL,35,49,10,527.00,"5,270.00"
2020-07-01,2020070101003287,HDL,54,28,200,"1,566.00","313,200.00"
2020-07-01,2020070101003198,HDL,41,25,300,"1,565.00","469,500.00"
2020-07-01,2020070101003197,HDL,41,19,200,"1,565.00","313,000.00"
2020-07-01,2020070101003170,HDL,58,58,48,"1,560.00","74,880.00"
2020-07-01,2020070101003169,HDL,41,58,300,"1,560.00","468,000.00"
2020-07-01,2020070101003168,HDL,49,58,10,"1,564.00","15,640.00"
2020-07-01,2020070101002969,HDL,5,5,100,"1,580.00","158,000.00"
2020-07-01,2020070101002892,HDL,22,54,73,"1,590.00","116,070.00"
2020-07-01,2020070101002891,HDL,22,35,77,"1,575.00","121,275.00"
2020-07-01,2020070101003167,HDL,5,58,63,"1,564.00","98,532.00"
2020-07-01,2020070101003102,HDL,46,5,150,"1,565.00","234,750.00"
2020-07-01,2020070101003080,HDL,46,28,150,"1,565.00","234,750.00"
2020-07-01,2020070101003043,HDL,46,58,225,"1,570.00","353,250.00"
2020-07-01,2020070101003038,HDL,5,58,100,"1,580.00","158,000.00"
2020-07-01,2020070101003028,HDL,17,34,100,"1,571.00","157,100.00"
2020-07-01,2020070101003141,HIDCL,52,1,20,130.00,"2,600.00"
2020-07-01,2020070101003065,ICFC,7,4,10,163.00,"1,630.00"
2020-07-01,2020070101003073,IGI,17,26,100,387.00,"38,700.00"
2020-07-01,2020070101003000,ILBS,10,45,11,656.00,"7,216.00"
2020-07-01,2020070101003248,JBBL,47,46,300,177.00,"53,100.00"
2020-07-01,2020070101003247,JBBL,47,17,96,174.00,"16,704.00"
2020-07-01,2020070101002958,JBBL,57,17,100,174.00,"17,400.00"
2020-07-01,2020070101003284,KBL,34,53,100,190.00,"19,000.00"
2020-07-01,2020070101003147,KBL,57,39,100,191.00,"19,100.00"
2020-07-01,2020070101003026,KBL,57,42,500,192.00,"96,000.00"
2020-07-01,2020070101003007,KBL,6,42,"2,000",192.00,"384,000.00"
2020-07-01,2020070101003362,KMCDB,56,34,21,754.00,"15,834.00"
2020-07-01,2020070101003315,KPCL,22,53,10,104.00,"1,040.00"
2020-07-01,2020070101003303,KPCL,22,14,10,104.00,"1,040.00"
2020-07-01,2020070101002999,KPCL,22,46,10,102.00,"1,020.00"
2020-07-01,2020070101003078,KSBBL,14,5,200,145.00,"29,000.00"
2020-07-01,2020070101003387,LBBL,41,49,10,186.00,"1,860.00"
2020-07-01,2020070101002938,LBL,29,52,259,201.00,"52,059.00"
2020-07-01,2020070101002937,LBL,34,52,484,201.00,"97,284.00"
2020-07-01,2020070101002936,LBL,41,52,240,202.00,"48,480.00"
2020-07-01,2020070101003195,LGIL,33,19,620,412.00,"255,440.00"
2020-07-01,2020070101003187,LGIL,33,43,200,412.00,"82,400.00"
2020-07-01,2020070101003131,LGIL,33,43,100,412.00,"41,200.00"
2020-07-01,2020070101003089,LGIL,33,50,50,412.00,"20,600.00"
2020-07-01,2020070101003088,LGIL,33,44,30,411.00,"12,330.00"
2020-07-01,2020070101003012,LGIL,5,43,10,404.00,"4,040.00"
2020-07-01,2020070101003011,LGIL,32,43,90,404.00,"36,360.00"
2020-07-01,2020070101003319,LICN,5,19,200,"1,285.00","257,000.00"
2020-07-01,2020070101003177,LICN,42,28,50,"1,290.00","64,500.00"
2020-07-01,2020070101003082,LICN,5,28,200,"1,290.00","258,000.00"
2020-07-01,2020070101002987,LICN,38,22,120,"1,280.00","153,600.00"
2020-07-01,2020070101003202,LLBS,51,5,10,936.00,"9,360.00"
2020-07-01,2020070101002922,LLBS,50,5,10,918.00,"9,180.00"
2020-07-01,2020070101003347,MBL,57,6,10,230.00,"2,300.00"
2020-07-01,2020070101003322,MBL,34,25,50,229.00,"11,450.00"
2020-07-01,2020070101003321,MBL,51,6,290,230.00,"66,700.00"
2020-07-01,2020070101003320,MBL,51,35,410,230.00,"94,300.00"
2020-07-01,2020070101003224,MBL,18,35,90,230.00,"20,700.00"
2020-07-01,2020070101003223,MBL,18,34,40,230.00,"9,200.00"
2020-07-01,2020070101003222,MBL,18,56,370,230.00,"85,100.00"
2020-07-01,2020070101002994,MBL,34,34,155,229.00,"35,495.00"
2020-07-01,2020070101002954,MBL,37,56,50,230.00,"11,500.00"
2020-07-01,2020070101002953,MBL,6,56,20,230.00,"4,600.00"
2020-07-01,2020070101002895,MBL,18,1,200,232.00,"46,400.00"
2020-07-01,2020070101002894,MBL,18,44,273,232.00,"63,336.00"
2020-07-01,2020070101003368,MEGA,17,28,100,218.00,"21,800.00"
2020-07-01,2020070101003367,MEGA,1,28,350,219.00,"76,650.00"
2020-07-01,2020070101003363,MEGA,34,58,100,220.00,"22,000.00"
2020-07-01,2020070101003178,MEGA,44,26,100,220.00,"22,000.00"
2020-07-01,2020070101003018,MEGA,38,45,100,220.00,"22,000.00"
2020-07-01,2020070101002957,MEGA,38,44,400,220.00,"88,000.00"
2020-07-01,2020070101003354,MERO,41,19,20,588.00,"11,760.00"
2020-07-01,2020070101003295,MLBL,57,6,187,190.00,"35,530.00"
2020-07-01,2020070101003346,MNBBL,55,35,58,317.00,"18,386.00"
2020-07-01,2020070101003300,MNBBL,55,35,36,317.00,"11,412.00"
2020-07-01,2020070101003219,MNBBL,55,4,200,317.00,"63,400.00"
2020-07-01,2020070101003139,MNBBL,55,25,82,317.00,"25,994.00"
2020-07-01,2020070101003048,MNBBL,52,39,93,311.00,"28,923.00"
2020-07-01,2020070101002927,MNBBL,45,33,200,320.00,"64,000.00"
2020-07-01,2020070101003047,MNBBL,34,39,30,311.00,"9,330.00"
2020-07-01,2020070101003046,MNBBL,10,39,50,314.00,"15,700.00"
2020-07-01,2020070101003045,MNBBL,3,39,300,315.00,"94,500.00"
2020-07-01,2020070101003044,MNBBL,45,39,20,320.00,"6,400.00"
2020-07-01,2020070101002950,MNBBL,47,52,200,321.00,"64,200.00"
2020-07-01,2020070101002949,MNBBL,47,6,300,321.00,"96,300.00"
2020-07-01,2020070101003388,NABIL,19,35,100,770.00,"77,000.00"
2020-07-01,2020070101003379,NABIL,58,35,312,770.00,"240,240.00"
2020-07-01,2020070101003378,NABIL,58,25,31,770.00,"23,870.00"
2020-07-01,2020070101003377,NABIL,58,28,657,770.00,"505,890.00"
2020-07-01,2020070101003283,NABIL,57,28,50,770.00,"38,500.00"
2020-07-01,2020070101003175,NABIL,57,28,100,770.00,"77,000.00"
2020-07-01,2020070101003030,NABIL,41,49,20,765.00,"15,300.00"
2020-07-01,2020070101003010,NABIL,35,49,200,765.00,"153,000.00"
2020-07-01,2020070101003130,NABIL,39,52,50,765.00,"38,250.00"
2020-07-01,2020070101003123,NABIL,39,38,13,765.00,"9,945.00"
2020-07-01,2020070101003106,NABIL,45,28,500,770.00,"385,000.00"
2020-07-01,2020070101003090,NABIL,58,28,130,770.00,"100,100.00"
2020-07-01,2020070101003056,NABIL,39,49,580,765.00,"443,700.00"
2020-07-01,2020070101003053,NABIL,40,49,200,765.00,"153,000.00"
2020-07-01,2020070101003275,NADEP,43,46,40,561.00,"22,440.00"
2020-07-01,2020070101003091,NADEP,57,46,30,561.00,"16,830.00"
2020-07-01,2020070101002948,NADEP,50,46,10,561.00,"5,610.00"
2020-07-01,2020070101003100,NBB,44,44,200,201.00,"40,200.00"
2020-07-01,2020070101003386,NBL,39,53,90,260.00,"23,400.00"
2020-07-01,2020070101003305,NBL,57,25,240,263.00,"63,120.00"
2020-07-01,2020070101003304,NBL,57,6,360,263.00,"94,680.00"
2020-07-01,2020070101003299,NBL,57,6,100,263.00,"26,300.00"
2020-07-01,2020070101003258,NBL,10,6,310,263.00,"81,530.00"
2020-07-01,2020070101003257,NBL,10,53,690,260.00,"179,400.00"
2020-07-01,2020070101002920,NBL,37,6,80,263.00,"21,040.00"
2020-07-01,2020070101002919,NBL,37,52,100,262.00,"26,200.00"
2020-07-01,2020070101003085,NBL,6,50,84,258.00,"21,672.00"
2020-07-01,2020070101003084,NBL,6,49,222,258.00,"57,276.00"
2020-07-01,2020070101003081,NBL,45,48,25,255.00,"6,375.00"
2020-07-01,2020070101003077,NBL,58,49,100,258.00,"25,800.00"
2020-07-01,2020070101002998,NBL,21,49,100,258.00,"25,800.00"
2020-07-01,2020070101002997,NBL,50,49,78,258.00,"20,124.00"
2020-07-01,2020070101003307,NCCB,5,34,300,193.00,"57,900.00"
2020-07-01,2020070101003254,NCCB,10,34,100,193.00,"19,300.00"
2020-07-01,2020070101003253,NCCB,10,21,900,192.00,"172,800.00"
2020-07-01,2020070101002905,NCCB,55,34,100,193.00,"19,300.00"
2020-07-01,2020070101002904,NCCB,33,34,80,193.00,"15,440.00"
2020-07-01,2020070101003120,NHPC,53,34,30,50.00,"1,500.00"
2020-07-01,2020070101003382,NIB,32,59,80,467.00,"37,360.00"
2020-07-01,2020070101003318,NIB,32,25,20,467.00,"9,340.00"
2020-07-01,2020070101003290,NIB,34,47,200,467.00,"93,400.00"
2020-07-01,2020070101003289,NIB,34,49,600,467.00,"280,200.00"
2020-07-01,2020070101003125,NIB,44,49,400,467.00,"186,800.00"
2020-07-01,2020070101003055,NIB,44,22,100,467.00,"46,700.00"
2020-07-01,2020070101003008,NIB,22,22,100,467.00,"46,700.00"
2020-07-01,2020070101002968,NIB,28,48,25,466.00,"11,650.00"
2020-07-01,2020070101002944,NIB,28,38,590,466.00,"274,940.00"
2020-07-01,2020070101002943,NIB,28,45,16,466.00,"7,456.00"
2020-07-01,2020070101003288,NIBPO,53,35,79,364.00,"28,756.00"
2020-07-01,2020070101003225,NIBPO,56,48,25,364.00,"9,100.00"
2020-07-01,2020070101003163,NIBPO,56,52,20,364.00,"7,280.00"
2020-07-01,2020070101003054,NIBPO,43,52,80,364.00,"29,120.00"
2020-07-01,2020070101002901,NIBPO,42,42,"18,000",360.00,"6,480,000.00"
2020-07-01,2020070101003350,NICA,3,45,558,518.00,"289,044.00"
2020-07-01,2020070101003249,NICA,35,45,100,518.00,"51,800.00"
2020-07-01,2020070101003113,NICA,49,45,100,518.00,"51,800.00"
2020-07-01,2020070101003112,NICA,14,45,500,518.00,"259,000.00"
2020-07-01,2020070101003111,NICA,44,45,900,520.00,"468,000.00"
2020-07-01,2020070101003110,NICA,3,45,243,521.00,"126,603.00"
2020-07-01,2020070101003109,NICA,35,45,100,524.00,"52,400.00"
2020-07-01,2020070101003057,NICA,33,56,200,525.00,"105,000.00"
2020-07-01,2020070101003050,NICA,33,4,800,525.00,"420,000.00"
2020-07-01,2020070101003049,NICA,49,4,200,525.00,"105,000.00"
2020-07-01,2020070101002977,NICA,28,28,500,529.00,"264,500.00"
2020-07-01,2020070101002908,NICA,44,44,"2,000",529.00,"1,058,000.00"
2020-07-01,2020070101003262,NICL,10,44,10,383.00,"3,830.00"
2020-07-01,2020070101003234,NIL,11,50,250,558.00,"139,500.00"
2020-07-01,2020070101003233,NIL,11,46,100,558.00,"55,800.00"
2020-07-01,2020070101003232,NIL,11,50,100,558.00,"55,800.00"
2020-07-01,2020070101003083,NIL,48,44,50,555.00,"27,750.00"
2020-07-01,2020070101003373,NLIC,43,54,150,"1,260.00","189,000.00"
2020-07-01,2020070101003372,NLIC,43,54,100,"1,259.00","125,900.00"
2020-07-01,2020070101003371,NLIC,14,45,70,"1,243.00","87,010.00"
2020-07-01,2020070101003353,NLIC,42,54,10,"1,260.00","12,600.00"
2020-07-01,2020070101003339,NLIC,21,25,91,"1,244.00","113,204.00"
2020-07-01,2020070101003338,NLIC,10,25,100,"1,244.00","124,400.00"
2020-07-01,2020070101002964,NLIC,14,51,100,"1,246.00","124,600.00"
2020-07-01,2020070101002963,NLIC,42,17,20,"1,250.00","25,000.00"
2020-07-01,2020070101002951,NLIC,17,17,50,"1,250.00","62,500.00"
2020-07-01,2020070101002912,NLIC,57,17,100,"1,250.00","125,000.00"
2020-07-01,2020070101002896,NLIC,59,17,300,"1,250.00","375,000.00"
2020-07-01,2020070101003128,NLIC,33,56,22,"1,255.00","27,610.00"
2020-07-01,2020070101003094,NLIC,46,28,364,"1,255.00","456,820.00"
2020-07-01,2020070101002976,NLIC,34,17,130,"1,250.00","162,500.00"
2020-07-01,2020070101002967,NLIC,52,51,623,"1,245.00","775,635.00"
2020-07-01,2020070101002966,NLIC,19,51,100,"1,245.00","124,500.00"
2020-07-01,2020070101002965,NLIC,52,51,50,"1,246.00","62,300.00"
2020-07-01,2020070101003242,NLIC,58,17,330,"1,260.00","415,800.00"
2020-07-01,2020070101003241,NLIC,58,43,500,"1,260.00","630,000.00"
2020-07-01,2020070101003240,NLIC,58,4,70,"1,260.00","88,200.00"
2020-07-01,2020070101003239,NLIC,58,14,100,"1,259.00","125,900.00"
2020-07-01,2020070101003211,NLIC,35,14,100,"1,259.00","125,900.00"
2020-07-01,2020070101003164,NLIC,33,1,"1,100","1,258.00","1,383,800.00"
2020-07-01,2020070101003310,NLIC,32,1,100,"1,260.00","126,000.00"
2020-07-01,2020070101003309,NLIC,32,17,20,"1,260.00","25,200.00"
2020-07-01,2020070101003282,NLIC,51,17,150,"1,260.00","189,000.00"
2020-07-01,2020070101003273,NLIC,33,19,80,"1,255.00","100,400.00"
2020-07-01,2020070101003261,NLIC,33,7,25,"1,255.00","31,375.00"
2020-07-01,2020070101003260,NLIC,1,7,25,"1,256.00","31,400.00"
2020-07-01,2020070101003331,NLIC,20,25,170,"1,253.00","213,010.00"
2020-07-01,2020070101003330,NLIC,45,25,70,"1,255.00","87,850.00"
2020-07-01,2020070101003329,NLIC,52,25,50,"1,255.00","62,750.00"
2020-07-01,2020070101003328,NLIC,33,25,237,"1,255.00","297,435.00"
2020-07-01,2020070101003325,NLIC,19,54,90,"1,260.00","113,400.00"
2020-07-01,2020070101003311,NLIC,32,54,150,"1,260.00","189,000.00"
2020-07-01,2020070101003337,NLIC,25,25,35,"1,244.00","43,540.00"
2020-07-01,2020070101003336,NLIC,52,25,377,"1,245.00","469,365.00"
2020-07-01,2020070101003335,NLIC,10,25,100,"1,250.00","125,000.00"
2020-07-01,2020070101003334,NLIC,19,25,400,"1,250.00","500,000.00"
2020-07-01,2020070101003333,NLIC,29,25,300,"1,250.00","375,000.00"
2020-07-01,2020070101003332,NLIC,34,25,70,"1,250.00","87,500.00"
2020-07-01,2020070101003009,NLICL,53,28,44,629.00,"27,676.00"
2020-07-01,2020070101003344,NMB,58,8,66,401.00,"26,466.00"
2020-07-01,2020070101003343,NMB,45,8,222,401.00,"89,022.00"
2020-07-01,2020070101003342,NMB,45,6,93,401.00,"37,293.00"
2020-07-01,2020070101003317,NMB,45,11,100,401.00,"40,100.00"
2020-07-01,2020070101003252,NMB,45,49,85,401.00,"34,085.00"
2020-07-01,2020070101003251,NMB,6,49,19,401.00,"7,619.00"
2020-07-01,2020070101002926,NMB,55,8,200,401.00,"80,200.00"
2020-07-01,2020070101002925,NMB,55,6,210,401.00,"84,210.00"
2020-07-01,2020070101002910,NMB,14,14,75,401.00,"30,075.00"
2020-07-01,2020070101002900,NMB,48,14,150,401.00,"60,150.00"
2020-07-01,2020070101002991,NMB,44,59,200,401.00,"80,200.00"
2020-07-01,2020070101002989,NMB,44,52,100,401.00,"40,100.00"
2020-07-01,2020070101002934,NMB,35,8,45,400.00,"18,000.00"
2020-07-01,2020070101002933,NMB,26,8,300,400.00,"120,000.00"
2020-07-01,2020070101002932,NMB,14,8,115,400.00,"46,000.00"
2020-07-01,2020070101002931,NMB,55,8,590,401.00,"236,590.00"
2020-07-01,2020070101003121,NMB,54,25,"1,000",401.00,"401,000.00"
2020-07-01,2020070101003107,NMB,54,22,200,401.00,"80,200.00"
2020-07-01,2020070101003069,NMB,10,52,500,401.00,"200,500.00"
2020-07-01,2020070101003029,NMB,10,58,"1,000",401.00,"401,000.00"
2020-07-01,2020070101003022,NMB,35,50,100,400.00,"40,000.00"
2020-07-01,2020070101002992,NMB,35,59,31,400.00,"12,400.00"
2020-07-01,2020070101003214,NMB,6,21,281,401.00,"112,681.00"
2020-07-01,2020070101003213,NMB,50,21,100,401.00,"40,100.00"
2020-07-01,2020070101003212,NMB,26,21,150,401.00,"60,150.00"
2020-07-01,2020070101003143,NMB,26,17,150,401.00,"60,150.00"
2020-07-01,2020070101003142,NMB,54,17,100,401.00,"40,100.00"
2020-07-01,2020070101003133,NMB,54,59,700,401.00,"280,700.00"
2020-07-01,2020070101003390,NRIC,43,47,40,378.00,"15,120.00"
2020-07-01,2020070101003389,NRIC,43,46,50,378.00,"18,900.00"
2020-07-01,2020070101003374,NRIC,43,33,40,378.00,"15,120.00"
2020-07-01,2020070101003365,NRIC,43,29,40,378.00,"15,120.00"
2020-07-01,2020070101003341,NRIC,43,41,40,378.00,"15,120.00"
2020-07-01,2020070101003326,NRIC,43,1,40,378.00,"15,120.00"
2020-07-01,2020070101002918,NRIC,28,40,40,378.00,"15,120.00"
2020-07-01,2020070101002911,NRIC,28,45,40,378.00,"15,120.00"
2020-07-01,2020070101002909,NRIC,28,42,40,378.00,"15,120.00"
2020-07-01,2020070101002970,NRIC,29,43,40,378.00,"15,120.00"
2020-07-01,2020070101002962,NRIC,29,6,40,378.00,"15,120.00"
2020-07-01,2020070101002947,NRIC,29,58,40,378.00,"15,120.00"
2020-07-01,2020070101002945,NRIC,29,47,40,378.00,"15,120.00"
2020-07-01,2020070101002924,NRIC,29,52,10,378.00,"3,780.00"
2020-07-01,2020070101002923,NRIC,28,52,30,378.00,"11,340.00"
2020-07-01,2020070101003004,NRIC,29,49,40,378.00,"15,120.00"
2020-07-01,2020070101003002,NRIC,29,6,40,378.00,"15,120.00"
2020-07-01,2020070101002996,NRIC,29,47,40,378.00,"15,120.00"
2020-07-01,2020070101002988,NRIC,29,59,40,378.00,"15,120.00"
2020-07-01,2020070101002984,NRIC,29,17,40,378.00,"15,120.00"
2020-07-01,2020070101002973,NRIC,29,58,30,378.00,"11,340.00"
2020-07-01,2020070101003103,NRIC,29,45,40,378.00,"15,120.00"
2020-07-01,2020070101003086,NRIC,29,47,40,378.00,"15,120.00"
2020-07-01,2020070101003072,NRIC,29,59,40,378.00,"15,120.00"
2020-07-01,2020070101003068,NRIC,29,49,40,378.00,"15,120.00"
2020-07-01,2020070101003042,NRIC,29,47,40,378.00,"15,120.00"
2020-07-01,2020070101003015,NRIC,29,33,50,378.00,"18,900.00"
2020-07-01,2020070101003138,NRIC,29,46,40,378.00,"15,120.00"
2020-07-01,2020070101003129,NRIC,29,43,40,378.00,"15,120.00"
2020-07-01,2020070101003127,NRIC,29,49,40,378.00,"15,120.00"
2020-07-01,2020070101003124,NRIC,29,17,40,378.00,"15,120.00"
2020-07-01,2020070101003122,NRIC,29,29,40,378.00,"15,120.00"
2020-07-01,2020070101003119,NRIC,29,59,40,378.00,"15,120.00"
2020-07-01,2020070101003182,NRIC,29,45,40,378.00,"15,120.00"
2020-07-01,2020070101003179,NRIC,29,32,40,378.00,"15,120.00"
2020-07-01,2020070101003172,NRIC,29,59,20,378.00,"7,560.00"
2020-07-01,2020070101003161,NRIC,29,33,40,378.00,"15,120.00"
2020-07-01,2020070101003149,NRIC,29,29,40,378.00,"15,120.00"
2020-07-01,2020070101003146,NRIC,29,47,40,378.00,"15,120.00"
2020-07-01,2020070101003201,NRIC,29,47,42,378.00,"15,876.00"
2020-07-01,2020070101003196,NRIC,29,38,40,378.00,"15,120.00"
2020-07-01,2020070101003190,NRIC,29,44,40,378.00,"15,120.00"
2020-07-01,2020070101003189,NRIC,29,49,40,378.00,"15,120.00"
2020-07-01,2020070101003188,NRIC,29,6,40,378.00,"15,120.00"
2020-07-01,2020070101003184,NRIC,29,32,40,378.00,"15,120.00"
2020-07-01,2020070101003256,NRIC,43,17,40,378.00,"15,120.00"
2020-07-01,2020070101003231,NRIC,43,46,40,378.00,"15,120.00"
2020-07-01,2020070101003229,NRIC,43,47,40,378.00,"15,120.00"
2020-07-01,2020070101003228,NRIC,43,59,20,378.00,"7,560.00"
2020-07-01,2020070101003215,NRIC,43,58,40,378.00,"15,120.00"
2020-07-01,2020070101003204,NRIC,43,55,40,378.00,"15,120.00"
2020-07-01,2020070101003306,NRIC,43,59,50,378.00,"18,900.00"
2020-07-01,2020070101003297,NRIC,43,58,40,378.00,"15,120.00"
2020-07-01,2020070101003285,NRIC,43,49,40,378.00,"15,120.00"
2020-07-01,2020070101003277,NRIC,43,48,40,378.00,"15,120.00"
2020-07-01,2020070101003269,NRIC,43,29,40,378.00,"15,120.00"
2020-07-01,2020070101003263,NRIC,43,59,40,378.00,"15,120.00"
2020-07-01,2020070101003098,NTC,34,58,400,615.00,"246,000.00"
2020-07-01,2020070101003366,PCBL,41,26,200,251.00,"50,200.00"
2020-07-01,2020070101003272,PCBL,41,59,390,254.00,"99,060.00"
2020-07-01,2020070101003271,PCBL,41,6,42,251.00,"10,542.00"
2020-07-01,2020070101003270,PCBL,49,6,50,251.00,"12,550.00"
2020-07-01,2020070101003137,PCBL,50,46,77,250.00,"19,250.00"
2020-07-01,2020070101003136,PCBL,43,46,100,250.00,"25,000.00"
2020-07-01,2020070101002928,PCBL,21,22,10,255.00,"2,550.00"
2020-07-01,2020070101002917,PCBL,34,22,500,255.00,"127,500.00"
2020-07-01,2020070101002916,PCBL,49,22,500,255.00,"127,500.00"
2020-07-01,2020070101002915,PCBL,39,22,296,255.00,"75,480.00"
2020-07-01,2020070101002914,PCBL,19,22,40,256.00,"10,240.00"
2020-07-01,2020070101002913,PCBL,49,22,431,256.00,"110,336.00"
2020-07-01,2020070101003135,PCBL,38,46,100,250.00,"25,000.00"
2020-07-01,2020070101003099,PCBL,59,59,500,254.00,"127,000.00"
2020-07-01,2020070101003074,PCBL,19,59,"1,000",254.00,"254,000.00"
2020-07-01,2020070101003040,PCBL,50,59,600,254.00,"152,400.00"
2020-07-01,2020070101002995,PCBL,26,22,200,255.00,"51,000.00"
2020-07-01,2020070101002930,PCBL,38,22,200,255.00,"51,000.00"
2020-07-01,2020070101003193,PIC,17,46,11,510.00,"5,610.00"
2020-07-01,2020070101003292,PICL,6,17,50,418.00,"20,900.00"
2020-07-01,2020070101003291,PICL,6,17,150,418.00,"62,700.00"
2020-07-01,2020070101003079,PLIC,49,38,200,576.00,"115,200.00"
2020-07-01,2020070101002956,PLIC,5,53,50,565.00,"28,250.00"
2020-07-01,2020070101002993,PPCL,29,44,10,104.00,"1,040.00"
2020-07-01,2020070101003302,PRVU,44,50,500,240.00,"120,000.00"
2020-07-01,2020070101003293,PRVU,28,50,100,240.00,"24,000.00"
2020-07-01,2020070101003255,PRVU,55,50,500,240.00,"120,000.00"
2020-07-01,2020070101003203,PRVU,49,50,491,240.00,"117,840.00"
2020-07-01,2020070101003157,PRVU,49,39,67,240.00,"16,080.00"
2020-07-01,2020070101003156,PRVU,38,39,500,241.00,"120,500.00"
2020-07-01,2020070101003052,PRVU,51,8,500,241.00,"120,500.00"
2020-07-01,2020070101002983,PRVU,47,8,50,241.00,"12,050.00"
2020-07-01,2020070101002982,PRVU,47,52,150,241.00,"36,150.00"
2020-07-01,2020070101003361,RBCLPO,58,7,20,"7,337.00","146,740.00"
2020-07-01,2020070101003360,RBCLPO,14,7,20,"7,337.00","146,740.00"
2020-07-01,2020070101003359,RBCLPO,42,7,100,"7,337.00","733,700.00"
2020-07-01,2020070101003358,RBCLPO,53,7,10,"7,337.00","73,370.00"
2020-07-01,2020070101003064,RBCLPO,53,4,10,"7,337.00","73,370.00"
2020-07-01,2020070101003235,RHPC,41,48,10,79.00,790.00
2020-07-01,2020070101003206,RHPL,36,59,40,148.00,"5,920.00"
2020-07-01,2020070101003037,RMDC,34,47,15,640.00,"9,600.00"
2020-07-01,2020070101003036,RMDC,34,33,10,640.00,"6,400.00"
2020-07-01,2020070101003035,RMDC,34,38,10,640.00,"6,400.00"
2020-07-01,2020070101003003,RMDC,48,25,12,630.00,"7,560.00"
2020-07-01,2020070101003370,RSDC,19,17,63,448.00,"28,224.00"
2020-07-01,2020070101003208,RSDC,19,8,67,448.00,"30,016.00"
2020-07-01,2020070101003207,RSDC,59,8,333,449.00,"149,517.00"
2020-07-01,2020070101003192,RSDC,59,17,167,449.00,"74,983.00"
2020-07-01,2020070101003191,RSDC,41,17,20,450.00,"9,000.00"
2020-07-01,2020070101002979,SADBL,59,43,20,143.00,"2,860.00"
2020-07-01,2020070101003369,SANIMA,59,45,120,340.00,"40,800.00"
2020-07-01,2020070101003298,SANIMA,32,45,"1,100",340.00,"374,000.00"
2020-07-01,2020070101003245,SANIMA,44,32,210,335.00,"70,350.00"
2020-07-01,2020070101003238,SANIMA,57,45,200,340.00,"68,000.00"
2020-07-01,2020070101003236,SANIMA,44,17,35,335.00,"11,725.00"
2020-07-01,2020070101003194,SANIMA,44,56,50,335.00,"16,750.00"
2020-07-01,2020070101002939,SANIMA,10,1,59,335.00,"19,765.00"
2020-07-01,2020070101003174,SANIMA,45,22,500,341.00,"170,500.00"
2020-07-01,2020070101003039,SANIMA,14,43,421,341.00,"143,561.00"
2020-07-01,2020070101003027,SANIMA,14,25,50,336.00,"16,800.00"
2020-07-01,2020070101002942,SANIMA,10,43,579,341.00,"197,439.00"
2020-07-01,2020070101002941,SANIMA,10,11,200,340.00,"68,000.00"
2020-07-01,2020070101002940,SANIMA,10,46,662,338.00,"223,756.00"
2020-07-01,2020070101003221,SBI,28,52,50,428.00,"21,400.00"
2020-07-01,2020070101003314,SBL,10,8,150,310.00,"46,500.00"
2020-07-01,2020070101003286,SBL,41,32,200,310.00,"62,000.00"
2020-07-01,2020070101003268,SBL,53,46,130,306.00,"39,780.00"
2020-07-01,2020070101003259,SBL,5,57,500,309.00,"154,500.00"
2020-07-01,2020070101003294,SDESI,45,17,27,775.00,"20,925.00"
2020-07-01,2020070101003210,SDESI,45,25,10,775.00,"7,750.00"
2020-07-01,2020070101003316,SHIVM,56,13,10,585.00,"5,850.00"
2020-07-01,2020070101003117,SHIVM,6,6,311,578.00,"179,758.00"
2020-07-01,2020070101003116,SHIVM,38,6,100,579.00,"57,900.00"
2020-07-01,2020070101003115,SHIVM,13,6,50,580.00,"29,000.00"
2020-07-01,2020070101003114,SHIVM,18,6,39,580.00,"22,620.00"
2020-07-01,2020070101003087,SHIVM,49,49,"27,705",580.00,"16,068,900.00"
2020-07-01,2020070101003014,SHIVM,18,35,161,580.00,"93,380.00"
2020-07-01,2020070101003013,SHIVM,34,35,539,580.00,"312,620.00"
2020-07-01,2020070101002960,SHIVM,34,25,61,580.00,"35,380.00"
2020-07-01,2020070101002959,SHIVM,38,25,39,581.00,"22,659.00"
2020-07-01,2020070101003381,SIC,21,36,67,614.00,"41,138.00"
2020-07-01,2020070101003226,SICL,14,44,20,981.00,"19,620.00"
2020-07-01,2020070101003152,SICL,48,50,100,990.00,"99,000.00"
2020-07-01,2020070101003076,SICL,45,50,95,980.00,"93,100.00"
2020-07-01,2020070101003021,SICL,41,58,30,997.00,"29,910.00"
2020-07-01,2020070101002955,SICL,34,26,100,997.00,"99,700.00"
2020-07-01,2020070101003227,SIL,44,39,13,486.00,"6,318.00"
2020-07-01,2020070101003071,SIL,44,44,10,495.00,"4,950.00"
2020-07-01,2020070101003070,SIL,44,44,10,495.00,"4,950.00"
2020-07-01,2020070101003375,SJCL,20,47,20,132.00,"2,640.00"
2020-07-01,2020070101003250,SKBBL,38,29,868,"1,168.00","1,013,824.00"
2020-07-01,2020070101003145,SKBBL,41,29,132,"1,168.00","154,176.00"
2020-07-01,2020070101003144,SKBBL,41,51,368,"1,167.00","429,456.00"
2020-07-01,2020070101003140,SKBBL,40,34,200,"1,166.00","233,200.00"
2020-07-01,2020070101003281,SLBBL,29,8,10,814.00,"8,140.00"
2020-07-01,2020070101002903,SLBBL,42,57,72,810.00,"58,320.00"
2020-07-01,2020070101003220,SLICL,45,35,40,435.00,"17,400.00"
2020-07-01,2020070101003162,SMFBS,42,6,40,867.00,"34,680.00"
2020-07-01,2020070101003126,SPARS,25,6,100,715.00,"71,500.00"
2020-07-01,2020070101003327,SRBL,52,36,500,236.00,"118,000.00"
2020-07-01,2020070101003093,SWBBL,40,35,150,"1,175.00","176,250.00"
2020-07-01,2020070101003092,SWBBL,40,52,50,"1,170.00","58,500.00"
2020-07-01,2020070101002978,SWBBL,48,19,488,"1,152.00","562,176.00"
2020-07-01,2020070101002898,UIC,35,43,250,335.00,"83,750.00"
2020-07-01,2020070101002897,UIC,35,43,50,330.00,"16,500.00"
2020-07-01,2020070101003230,UPCL,6,41,50,68.00,"3,400.00"
2020-07-01,2020070101003364,UPPER,47,13,470,244.00,"114,680.00"
2020-07-01,2020070101003264,UPPER,21,13,970,248.00,"240,560.00"
2020-07-01,2020070101003216,UPPER,13,53,300,250.00,"75,000.00"
2020-07-01,2020070101003101,UPPER,47,53,200,250.00,"50,000.00"
2020-07-01,2020070101002981,UPPER,21,1,30,248.00,"7,440.00"
2020-07-01,2020070101002980,UPPER,39,1,10,248.00,"2,480.00"
2020-07-01,2020070101003246,VLBS,46,22,10,970.00,"9,700.00"
2020-07-01,2020070101002875,ADBL,43,26,47,380.00,"17,860.00"
2020-07-01,2020070101002874,ADBL,43,50,503,380.00,"191,140.00"
2020-07-01,2020070101002873,ADBL,43,35,150,379.00,"56,850.00"
2020-07-01,2020070101002577,ADBL,51,50,"1,000",380.00,"380,000.00"
2020-07-01,2020070101002521,ADBL,34,50,50,380.00,"19,000.00"
2020-07-01,2020070101002405,ADBL,38,50,20,380.00,"7,600.00"
2020-07-01,2020070101002817,AHPC,21,22,180,97.00,"17,460.00"
2020-07-01,2020070101002816,AHPC,21,29,10,97.00,970.00
2020-07-01,2020070101002815,AHPC,21,53,10,97.00,970.00
2020-07-01,2020070101002557,AKPL,44,1,803,131.00,"105,193.00"
2020-07-01,2020070101002857,ALICL,21,52,20,580.00,"11,600.00"
2020-07-01,2020070101002636,ALICL,20,52,30,580.00,"17,400.00"
2020-07-01,2020070101002716,API,37,25,339,117.00,"39,663.00"
2020-07-01,2020070101002612,API,37,50,71,116.00,"8,236.00"
2020-07-01,2020070101002611,API,37,25,"1,290",115.00,"148,350.00"
2020-07-01,2020070101002732,BOKL,39,18,220,225.00,"49,500.00"
2020-07-01,2020070101002698,BOKL,39,1,500,225.00,"112,500.00"
2020-07-01,2020070101002504,BOKL,18,13,"1,000",226.00,"226,000.00"
2020-07-01,2020070101002453,BOKL,39,13,40,229.00,"9,160.00"
2020-07-01,2020070101002452,BOKL,39,50,10,228.00,"2,280.00"
2020-07-01,2020070101002745,BPCL,5,13,500,358.00,"179,000.00"
2020-07-01,2020070101002744,BPCL,5,43,160,358.00,"57,280.00"
2020-07-01,2020070101002676,BPCL,5,59,24,357.00,"8,568.00"
2020-07-01,2020070101002675,BPCL,5,1,50,356.00,"17,800.00"
2020-07-01,2020070101002566,BPCL,40,6,22,351.00,"7,722.00"
2020-07-01,2020070101002553,BPCL,40,26,64,351.00,"22,464.00"
2020-07-01,2020070101002727,CBBL,54,50,75,"1,062.00","79,650.00"
2020-07-01,2020070101002536,CBBL,39,51,500,"1,078.00","539,000.00"
2020-07-01,2020070101002715,CBL,39,34,500,138.00,"69,000.00"
2020-07-01,2020070101002655,CBL,39,47,"1,300",138.00,"179,400.00"
2020-07-01,2020070101002559,CBL,7,47,"1,000",138.00,"138,000.00"
2020-07-01,2020070101002685,CCBL,5,13,100,167.00,"16,700.00"
2020-07-01,2020070101002684,CCBL,5,33,190,167.00,"31,730.00"
2020-07-01,2020070101002601,CCBL,5,33,"1,000",167.00,"167,000.00"
2020-07-01,2020070101002490,CCBL,56,33,10,167.00,"1,670.00"
2020-07-01,2020070101002721,CFCL,33,41,100,130.00,"13,000.00"
2020-07-01,2020070101002487,CHCL,44,59,11,370.00,"4,070.00"
2020-07-01,2020070101002830,CIT,41,19,51,"2,475.00","126,225.00"
2020-07-01,2020070101002793,CIT,41,58,300,"2,500.00","750,000.00"
2020-07-01,2020070101002780,CIT,35,58,40,"2,500.00","100,000.00"
2020-07-01,2020070101002741,CIT,38,49,150,"2,501.00","375,150.00"
2020-07-01,2020070101002560,CIT,1,49,120,"2,501.00","300,120.00"
2020-07-01,2020070101002425,CIT,49,49,"1,000","2,501.00","2,501,000.00"
2020-07-01,2020070101002407,CIT,26,39,100,"2,463.00","246,300.00"
2020-07-01,2020070101002406,CIT,25,39,120,"2,465.00","295,800.00"
2020-07-01,2020070101002845,CZBIL,42,1,90,197.00,"17,730.00"
2020-07-01,2020070101002700,CZBIL,38,1,100,197.00,"19,700.00"
2020-07-01,2020070101002426,CZBIL,34,1,10,197.00,"1,970.00"
2020-07-01,2020070101002710,DDBL,45,21,10,778.00,"7,780.00"
2020-07-01,2020070101002775,EBL,45,4,500,669.00,"334,500.00"
2020-07-01,2020070101002767,EBL,36,4,500,669.00,"334,500.00"
2020-07-01,2020070101002733,EBL,44,6,100,668.00,"66,800.00"
2020-07-01,2020070101002659,EBL,32,59,495,665.00,"329,175.00"
2020-07-01,2020070101002658,EBL,51,59,150,665.00,"99,750.00"
2020-07-01,2020070101002657,EBL,41,59,20,665.00,"13,300.00"
2020-07-01,2020070101002408,EBL,19,46,40,669.00,"26,760.00"
2020-07-01,2020070101002606,EBL,32,4,500,669.00,"334,500.00"
2020-07-01,2020070101002574,EBL,17,4,300,669.00,"200,700.00"
2020-07-01,2020070101002508,EBL,6,4,150,669.00,"100,350.00"
2020-07-01,2020070101002507,EBL,39,4,50,669.00,"33,450.00"
2020-07-01,2020070101002506,EBL,11,4,140,669.00,"93,660.00"
2020-07-01,2020070101002409,EBL,11,46,60,669.00,"40,140.00"
2020-07-01,2020070101002865,EIC,58,59,375,383.00,"143,625.00"
2020-07-01,2020070101002864,EIC,37,59,200,384.00,"76,800.00"
2020-07-01,2020070101002863,EIC,41,59,20,389.00,"7,780.00"
2020-07-01,2020070101002862,EIC,10,59,150,389.00,"58,350.00"
2020-07-01,2020070101002861,EIC,49,59,100,389.00,"38,900.00"
2020-07-01,2020070101002683,FMDBL,54,46,100,445.00,"44,500.00"
2020-07-01,2020070101002401,FOWAD,34,19,70,"1,435.00","100,450.00"
2020-07-01,2020070101002400,FOWAD,50,19,10,"1,463.00","14,630.00"
2020-07-01,2020070101002728,GBBL,32,45,200,220.00,"44,000.00"
2020-07-01,2020070101002505,GBBL,21,1,10,219.00,"2,190.00"
2020-07-01,2020070101002890,GBIME,39,28,"1,000",258.00,"258,000.00"
2020-07-01,2020070101002889,GBIME,52,28,20,259.00,"5,180.00"
2020-07-01,2020070101002888,GBIME,55,28,300,260.00,"78,000.00"
2020-07-01,2020070101002887,GBIME,58,28,100,260.00,"26,000.00"
2020-07-01,2020070101002886,GBIME,34,28,10,260.00,"2,600.00"
2020-07-01,2020070101002885,GBIME,39,28,100,260.00,"26,000.00"
2020-07-01,2020070101002473,GBIME,47,53,200,264.00,"52,800.00"
2020-07-01,2020070101002465,GBIME,6,11,50,263.00,"13,150.00"
2020-07-01,2020070101002464,GBIME,6,11,950,263.00,"249,850.00"
2020-07-01,2020070101002587,GBIME,38,45,100,265.00,"26,500.00"
2020-07-01,2020070101002562,GBIME,34,45,50,265.00,"13,250.00"
2020-07-01,2020070101002525,GBIME,47,45,300,265.00,"79,500.00"
2020-07-01,2020070101002520,GBIME,44,45,"1,000",265.00,"265,000.00"
2020-07-01,2020070101002501,GBIME,57,45,200,265.00,"53,000.00"
2020-07-01,2020070101002500,GBIME,57,53,300,264.00,"79,200.00"
2020-07-01,2020070101002806,GBIME,6,1,205,263.00,"53,915.00"
2020-07-01,2020070101002790,GBIME,39,11,100,264.00,"26,400.00"
2020-07-01,2020070101002785,GBIME,55,11,10,264.00,"2,640.00"
2020-07-01,2020070101002757,GBIME,55,45,100,264.00,"26,400.00"
2020-07-01,2020070101002740,GBIME,55,35,90,264.00,"23,760.00"
2020-07-01,2020070101002711,GBIME,55,21,100,264.00,"26,400.00"
2020-07-01,2020070101002884,GBIME,59,28,200,260.00,"52,000.00"
2020-07-01,2020070101002883,GBIME,21,28,50,260.00,"13,000.00"
2020-07-01,2020070101002882,GBIME,59,28,55,260.00,"14,300.00"
2020-07-01,2020070101002881,GBIME,58,28,50,262.00,"13,100.00"
2020-07-01,2020070101002880,GBIME,41,28,60,263.00,"15,780.00"
2020-07-01,2020070101002879,GBIME,6,28,145,263.00,"38,135.00"
2020-07-01,2020070101002811,GBLBS,46,41,10,420.00,"4,200.00"
2020-07-01,2020070101002618,GBLBS,55,52,100,420.00,"42,000.00"
2020-07-01,2020070101002826,GILB,42,36,50,"1,208.00","60,400.00"
2020-07-01,2020070101002556,GILB,51,36,10,"1,185.00","11,850.00"
2020-07-01,2020070101002869,HDL,41,35,400,"1,575.00","630,000.00"
2020-07-01,2020070101002867,HDL,35,58,260,"1,575.00","409,500.00"
2020-07-01,2020070101002855,HDL,35,58,100,"1,575.00","157,500.00"
2020-07-01,2020070101002854,HDL,57,58,30,"1,575.00","47,250.00"
2020-07-01,2020070101002853,HDL,35,58,100,"1,575.00","157,500.00"
2020-07-01,2020070101002852,HDL,48,58,25,"1,575.00","39,375.00"
2020-07-01,2020070101002549,HDL,57,48,80,"1,599.00","127,920.00"
2020-07-01,2020070101002548,HDL,57,53,300,"1,594.00","478,200.00"
2020-07-01,2020070101002534,HDL,7,53,200,"1,595.00","319,000.00"
2020-07-01,2020070101002526,HDL,22,58,20,"1,595.00","31,900.00"
2020-07-01,2020070101002474,HDL,22,58,80,"1,595.00","127,600.00"
2020-07-01,2020070101002445,HDL,56,48,50,"1,599.00","79,950.00"
2020-07-01,2020070101002647,HDL,13,57,550,"1,581.00","869,550.00"
2020-07-01,2020070101002639,HDL,45,58,500,"1,595.00","797,500.00"
2020-07-01,2020070101002605,HDL,42,58,30,"1,595.00","47,850.00"
2020-07-01,2020070101002604,HDL,46,58,100,"1,599.00","159,900.00"
2020-07-01,2020070101002584,HDL,42,54,20,"1,595.00","31,900.00"
2020-07-01,2020070101002550,HDL,57,58,60,"1,600.00","96,000.00"
2020-07-01,2020070101002770,HDL,1,5,20,"1,594.00","31,880.00"
2020-07-01,2020070101002755,HDL,35,26,20,"1,590.00","31,800.00"
2020-07-01,2020070101002654,HDL,34,48,85,"1,595.00","135,575.00"
2020-07-01,2020070101002653,HDL,34,58,115,"1,595.00","183,425.00"
2020-07-01,2020070101002649,HDL,5,57,150,"1,580.00","237,000.00"
2020-07-01,2020070101002648,HDL,5,57,100,"1,580.00","158,000.00"
2020-07-01,2020070101002851,HDL,39,58,110,"1,575.00","173,250.00"
2020-07-01,2020070101002850,HDL,56,58,258,"1,575.00","406,350.00"
2020-07-01,2020070101002849,HDL,41,58,10,"1,579.00","15,790.00"
2020-07-01,2020070101002833,HDL,57,54,100,"1,590.00","159,000.00"
2020-07-01,2020070101002807,HDL,5,14,50,"1,580.00","79,000.00"
2020-07-01,2020070101002781,HDL,5,56,200,"1,582.00","316,400.00"
2020-07-01,2020070101002391,HGI,41,54,10,357.00,"3,570.00"
2020-07-01,2020070101002777,HIDCL,57,1,200,130.00,"26,000.00"
2020-07-01,2020070101002446,HIDCL,22,17,116,128.00,"14,848.00"
2020-07-01,2020070101002735,HPPL,52,41,10,137.00,"1,370.00"
2020-07-01,2020070101002597,ICFC,45,4,100,163.00,"16,300.00"
2020-07-01,2020070101002596,ICFC,29,4,100,164.00,"16,400.00"
2020-07-01,2020070101002595,ICFC,51,4,10,164.00,"1,640.00"
2020-07-01,2020070101002798,IGI,41,26,100,380.00,"38,000.00"
2020-07-01,2020070101002707,ILBS,44,14,75,644.00,"48,300.00"
2020-07-01,2020070101002610,ILBS,44,59,109,644.00,"70,196.00"
2020-07-01,2020070101002609,ILBS,32,59,14,644.00,"9,016.00"
2020-07-01,2020070101002754,JBBL,41,17,100,174.00,"17,400.00"
2020-07-01,2020070101002544,JBBL,52,17,200,174.00,"34,800.00"
2020-07-01,2020070101002419,JBBL,52,47,100,174.00,"17,400.00"
2020-07-01,2020070101002418,JBBL,52,46,200,174.00,"34,800.00"
2020-07-01,2020070101002656,JSLBB,42,17,10,"1,396.00","13,960.00"
2020-07-01,2020070101002835,KBL,29,42,"1,480",192.00,"284,160.00"
2020-07-01,2020070101002834,KBL,29,39,520,192.00,"99,840.00"
2020-07-01,2020070101002796,KBL,29,39,"2,000",192.00,"384,000.00"
2020-07-01,2020070101002795,KBL,29,22,500,190.00,"95,000.00"
2020-07-01,2020070101002787,KBL,51,22,"4,000",190.00,"760,000.00"
2020-07-01,2020070101002776,KBL,42,22,500,190.00,"95,000.00"
2020-07-01,2020070101002632,KBL,17,39,480,192.00,"92,160.00"
2020-07-01,2020070101002631,KBL,17,34,20,192.00,"3,840.00"
2020-07-01,2020070101002413,KMCDB,25,40,400,740.00,"296,000.00"
2020-07-01,2020070101002420,KSBBL,11,41,50,146.00,"7,300.00"
2020-07-01,2020070101002729,LBL,33,52,17,205.00,"3,485.00"
2020-07-01,2020070101002593,LBL,33,14,33,205.00,"6,765.00"
2020-07-01,2020070101002634,LGIL,33,44,80,404.00,"32,320.00"
2020-07-01,2020070101002633,LGIL,33,44,10,404.00,"4,040.00"
2020-07-01,2020070101002779,LICN,41,22,30,"1,280.00","38,400.00"
2020-07-01,2020070101002778,LICN,25,22,50,"1,280.00","64,000.00"
2020-07-01,2020070101002570,LICN,45,26,400,"1,275.00","510,000.00"
2020-07-01,2020070101002524,LICN,6,28,500,"1,275.00","637,500.00"
2020-07-01,2020070101002825,MEGA,39,13,50,220.00,"11,000.00"
2020-07-01,2020070101002752,MEGA,1,40,100,219.00,"21,900.00"
2020-07-01,2020070101002660,MEGA,1,45,50,219.00,"10,950.00"
2020-07-01,2020070101002615,MEGA,41,17,189,215.00,"40,635.00"
2020-07-01,2020070101002581,MEGA,58,45,950,219.00,"208,050.00"
2020-07-01,2020070101002580,MEGA,58,13,50,219.00,"10,950.00"
2020-07-01,2020070101002818,MERO,17,19,20,588.00,"11,760.00"
2020-07-01,2020070101002642,MFIL,41,19,"1,300",257.00,"334,100.00"
2020-07-01,2020070101002572,MFIL,41,26,10,257.00,"2,570.00"
2020-07-01,2020070101002804,MLBL,57,19,31,190.00,"5,890.00"
2020-07-01,2020070101002803,MLBL,33,19,50,190.00,"9,500.00"
2020-07-01,2020070101002802,MLBL,52,19,500,190.00,"95,000.00"
2020-07-01,2020070101002801,MLBL,6,19,137,190.00,"26,030.00"
2020-07-01,2020070101002800,MLBL,51,19,400,191.00,"76,400.00"
2020-07-01,2020070101002824,MNBBL,45,45,280,320.00,"89,600.00"
2020-07-01,2020070101002738,MNBBL,6,45,20,320.00,"6,400.00"
2020-07-01,2020070101002512,MNBBL,33,14,260,315.00,"81,900.00"
2020-07-01,2020070101002447,MNBBL,43,14,100,315.00,"31,500.00"
2020-07-01,2020070101002783,NABIL,7,8,300,769.00,"230,700.00"
2020-07-01,2020070101002782,NABIL,28,8,100,769.00,"76,900.00"
2020-07-01,2020070101002761,NABIL,47,8,95,769.00,"73,055.00"
2020-07-01,2020070101002748,NABIL,47,1,255,769.00,"196,095.00"
2020-07-01,2020070101002692,NABIL,35,28,200,770.00,"154,000.00"
2020-07-01,2020070101002677,NABIL,47,22,150,769.00,"115,350.00"
2020-07-01,2020070101002476,NABIL,32,28,150,770.00,"115,500.00"
2020-07-01,2020070101002471,NABIL,13,28,13,770.00,"10,010.00"
2020-07-01,2020070101002470,NABIL,13,8,37,770.00,"28,490.00"
2020-07-01,2020070101002402,NABIL,39,8,50,770.00,"38,500.00"
2020-07-01,2020070101002672,NABIL,35,22,10,769.00,"7,690.00"
2020-07-01,2020070101002666,NABIL,14,22,40,769.00,"30,760.00"
2020-07-01,2020070101002665,NABIL,14,8,160,765.00,"122,400.00"
2020-07-01,2020070101002644,NABIL,32,8,720,765.00,"550,800.00"
2020-07-01,2020070101002643,NABIL,40,8,120,766.00,"91,920.00"
2020-07-01,2020070101002523,NABIL,5,28,200,770.00,"154,000.00"
2020-07-01,2020070101002414,NADEP,50,53,10,550.00,"5,500.00"
2020-07-01,2020070101002791,NBB,38,45,20,198.00,"3,960.00"
2020-07-01,2020070101002558,NBB,44,45,20,195.00,"3,900.00"
2020-07-01,2020070101002868,NBL,34,6,50,263.00,"13,150.00"
2020-07-01,2020070101002686,NBL,50,48,22,258.00,"5,676.00"
2020-07-01,2020070101002598,NBL,44,6,200,263.00,"52,600.00"
2020-07-01,2020070101002488,NBL,41,6,60,263.00,"15,780.00"
2020-07-01,2020070101002449,NBL,5,6,300,263.00,"78,900.00"
2020-07-01,2020070101002448,NBL,5,43,200,262.00,"52,400.00"
2020-07-01,2020070101002691,NCCB,33,1,200,193.00,"38,600.00"
2020-07-01,2020070101002690,NCCB,33,25,10,193.00,"1,930.00"
2020-07-01,2020070101002689,NCCB,33,47,10,193.00,"1,930.00"
2020-07-01,2020070101002688,NCCB,33,57,200,193.00,"38,600.00"
2020-07-01,2020070101002673,NCCB,44,45,100,190.00,"19,000.00"
2020-07-01,2020070101002617,NCCB,44,51,100,190.00,"19,000.00"
2020-07-01,2020070101002455,NCCB,44,47,10,190.00,"1,900.00"
2020-07-01,2020070101002848,NIB,21,45,125,467.00,"58,375.00"
2020-07-01,2020070101002847,NIB,25,45,359,467.00,"167,653.00"
2020-07-01,2020070101002836,NIB,25,45,100,467.00,"46,700.00"
2020-07-01,2020070101002819,NIB,25,58,41,467.00,"19,147.00"
2020-07-01,2020070101002794,NIB,35,58,100,467.00,"46,700.00"
2020-07-01,2020070101002792,NIB,6,58,20,467.00,"9,340.00"
2020-07-01,2020070101002427,NIB,6,59,14,467.00,"6,538.00"
2020-07-01,2020070101002483,NIB,58,46,50,467.00,"23,350.00"
2020-07-01,2020070101002482,NIB,26,46,50,467.00,"23,350.00"
2020-07-01,2020070101002481,NIB,50,46,19,467.00,"8,873.00"
2020-07-01,2020070101002444,NIB,50,47,35,467.00,"16,345.00"
2020-07-01,2020070101002429,NIB,50,59,46,467.00,"21,482.00"
2020-07-01,2020070101002428,NIB,49,59,40,467.00,"18,680.00"
2020-07-01,2020070101002681,NIB,45,56,50,466.00,"23,300.00"
2020-07-01,2020070101002640,NIB,53,46,200,467.00,"93,400.00"
2020-07-01,2020070101002637,NIB,42,46,50,467.00,"23,350.00"
2020-07-01,2020070101002486,NIB,50,46,100,467.00,"46,700.00"
2020-07-01,2020070101002485,NIB,37,46,500,467.00,"233,500.00"
2020-07-01,2020070101002484,NIB,17,46,200,467.00,"93,400.00"
2020-07-01,2020070101002771,NIB,58,58,20,467.00,"9,340.00"
2020-07-01,2020070101002747,NIB,41,58,500,467.00,"233,500.00"
2020-07-01,2020070101002731,NIB,35,58,19,467.00,"8,873.00"
2020-07-01,2020070101002730,NIB,35,46,181,467.00,"84,527.00"
2020-07-01,2020070101002720,NIB,25,46,150,467.00,"70,050.00"
2020-07-01,2020070101002682,NIB,43,56,50,466.00,"23,300.00"
2020-07-01,2020070101002619,NIBPO,38,28,300,357.00,"107,100.00"
2020-07-01,2020070101002614,NIBPO,19,28,100,357.00,"35,700.00"
2020-07-01,2020070101002582,NIBPO,14,28,500,357.00,"178,500.00"
2020-07-01,2020070101002579,NIBPO,17,28,100,357.00,"35,700.00"
2020-07-01,2020070101002760,NICA,39,22,690,534.00,"368,460.00"
2020-07-01,2020070101002759,NICA,39,45,110,533.00,"58,630.00"
2020-07-01,2020070101002737,NICA,26,45,140,533.00,"74,620.00"
2020-07-01,2020070101002736,NICA,26,35,160,529.00,"84,640.00"
2020-07-01,2020070101002722,NICA,45,35,40,530.00,"21,200.00"
2020-07-01,2020070101002712,NICA,45,22,460,530.00,"243,800.00"
2020-07-01,2020070101002416,NICA,33,17,"1,000",530.00,"530,000.00"
2020-07-01,2020070101002456,NICA,39,58,10,530.00,"5,300.00"
2020-07-01,2020070101002434,NICA,39,20,111,530.00,"58,830.00"
2020-07-01,2020070101002433,NICA,39,50,150,530.00,"79,500.00"
2020-07-01,2020070101002432,NICA,39,50,150,530.00,"79,500.00"
2020-07-01,2020070101002431,NICA,39,17,336,530.00,"178,080.00"
2020-07-01,2020070101002424,NICA,40,17,200,530.00,"106,000.00"
2020-07-01,2020070101002563,NICA,41,40,150,531.00,"79,650.00"
2020-07-01,2020070101002551,NICA,43,53,10,533.00,"5,330.00"
2020-07-01,2020070101002527,NICA,43,28,10,534.00,"5,340.00"
2020-07-01,2020070101002514,NICA,3,50,257,521.00,"133,897.00"
2020-07-01,2020070101002513,NICA,39,50,43,530.00,"22,790.00"
2020-07-01,2020070101002498,NICA,39,50,100,530.00,"53,000.00"
2020-07-01,2020070101002709,NICA,54,22,40,530.00,"21,200.00"
2020-07-01,2020070101002699,NICA,48,22,"1,000",530.00,"530,000.00"
2020-07-01,2020070101002696,NICA,44,22,300,530.00,"159,000.00"
2020-07-01,2020070101002629,NICA,47,22,200,530.00,"106,000.00"
2020-07-01,2020070101002565,NICA,41,22,560,534.00,"299,040.00"
2020-07-01,2020070101002564,NICA,41,53,290,533.00,"154,570.00"
2020-07-01,2020070101002774,NICL,39,6,20,376.00,"7,520.00"
2020-07-01,2020070101002645,NICL,42,6,20,369.00,"7,380.00"
2020-07-01,2020070101002411,NICL,34,6,20,362.00,"7,240.00"
2020-07-01,2020070101002841,NIL,35,50,100,558.00,"55,800.00"
2020-07-01,2020070101002828,NIL,44,50,100,558.00,"55,800.00"
2020-07-01,2020070101002827,NIL,44,50,100,558.00,"55,800.00"
2020-07-01,2020070101002646,NLBBL,28,46,10,651.00,"6,510.00"
2020-07-01,2020070101002459,NLG,37,29,80,548.00,"43,840.00"
2020-07-01,2020070101002871,NLIC,33,17,400,"1,250.00","500,000.00"
2020-07-01,2020070101002839,NLIC,59,28,181,"1,255.00","227,155.00"
2020-07-01,2020070101002838,NLIC,59,17,119,"1,253.00","149,107.00"
2020-07-01,2020070101002823,NLIC,58,28,100,"1,255.00","125,500.00"
2020-07-01,2020070101002821,NLIC,38,28,10,"1,255.00","12,550.00"
2020-07-01,2020070101002820,NLIC,17,34,100,"1,254.00","125,400.00"
2020-07-01,2020070101002439,NLIC,5,25,250,"1,254.00","313,500.00"
2020-07-01,2020070101002430,NLIC,5,28,150,"1,254.00","188,100.00"
2020-07-01,2020070101002410,NLIC,45,28,150,"1,254.00","188,100.00"
2020-07-01,2020070101002392,NLIC,45,17,300,"1,255.00","376,500.00"
2020-07-01,2020070101002458,NLIC,59,4,200,"1,260.00","252,000.00"
2020-07-01,2020070101002457,NLIC,59,28,100,"1,259.00","125,900.00"
2020-07-01,2020070101002443,NLIC,55,28,200,"1,255.00","251,000.00"
2020-07-01,2020070101002442,NLIC,41,28,100,"1,255.00","125,500.00"
2020-07-01,2020070101002441,NLIC,41,17,200,"1,255.00","251,000.00"
2020-07-01,2020070101002440,NLIC,19,25,150,"1,250.00","187,500.00"
2020-07-01,2020070101002472,NLIC,47,4,300,"1,250.00","375,000.00"
2020-07-01,2020070101002466,NLIC,52,4,30,"1,250.00","37,500.00"
2020-07-01,2020070101002463,NLIC,25,40,65,"1,244.00","80,860.00"
2020-07-01,2020070101002462,NLIC,33,40,435,"1,244.00","541,140.00"
2020-07-01,2020070101002461,NLIC,38,4,80,"1,250.00","100,000.00"
2020-07-01,2020070101002460,NLIC,45,4,100,"1,253.00","125,300.00"
2020-07-01,2020070101002554,NLIC,59,45,50,"1,253.00","62,650.00"
2020-07-01,2020070101002531,NLIC,59,45,200,"1,253.00","250,600.00"
2020-07-01,2020070101002503,NLIC,59,45,250,"1,253.00","313,250.00"
2020-07-01,2020070101002497,NLIC,20,4,10,"1,260.00","12,600.00"
2020-07-01,2020070101002496,NLIC,20,4,340,"1,250.00","425,000.00"
2020-07-01,2020070101002489,NLIC,45,4,150,"1,250.00","187,500.00"
2020-07-01,2020070101002652,NLIC,42,4,100,"1,250.00","125,000.00"
2020-07-01,2020070101002641,NLIC,1,4,20,"1,250.00","25,000.00"
2020-07-01,2020070101002620,NLIC,41,4,250,"1,250.00","312,500.00"
2020-07-01,2020070101002586,NLIC,33,4,10,"1,250.00","12,500.00"
2020-07-01,2020070101002561,NLIC,46,4,100,"1,250.00","125,000.00"
2020-07-01,2020070101002555,NLIC,59,4,150,"1,260.00","189,000.00"
2020-07-01,2020070101002751,NLIC,34,53,35,"1,250.00","43,750.00"
2020-07-01,2020070101002749,NLIC,57,53,300,"1,250.00","375,000.00"
2020-07-01,2020070101002746,NLIC,33,53,510,"1,250.00","637,500.00"
2020-07-01,2020070101002668,NLIC,33,44,20,"1,250.00","25,000.00"
2020-07-01,2020070101002667,NLIC,33,4,470,"1,250.00","587,500.00"
2020-07-01,2020070101002661,NLIC,6,4,50,"1,250.00","62,500.00"
2020-07-01,2020070101002813,NLIC,33,36,500,"1,250.00","625,000.00"
2020-07-01,2020070101002810,NLIC,33,17,100,"1,250.00","125,000.00"
2020-07-01,2020070101002809,NLIC,57,17,100,"1,250.00","125,000.00"
2020-07-01,2020070101002808,NLIC,29,17,300,"1,250.00","375,000.00"
2020-07-01,2020070101002769,NLIC,47,28,345,"1,255.00","432,975.00"
2020-07-01,2020070101002768,NLIC,47,53,155,"1,250.00","193,750.00"
2020-07-01,2020070101002756,NLICL,53,4,100,629.00,"62,900.00"
2020-07-01,2020070101002608,NLICL,53,4,200,629.00,"125,800.00"
2020-07-01,2020070101002607,NLICL,45,4,50,629.00,"31,450.00"
2020-07-01,2020070101002394,NLICL,45,22,200,629.00,"125,800.00"
2020-07-01,2020070101002840,NMB,14,44,11,400.00,"4,400.00"
2020-07-01,2020070101002837,NMB,14,28,874,400.00,"349,600.00"
2020-07-01,2020070101002805,NMB,53,28,200,400.00,"80,000.00"
2020-07-01,2020070101002766,NMB,28,28,"1,000",400.00,"400,000.00"
2020-07-01,2020070101002765,NMB,28,28,"1,000",400.00,"400,000.00"
2020-07-01,2020070101002764,NMB,38,28,100,400.00,"40,000.00"
2020-07-01,2020070101002518,NMB,1,14,259,401.00,"103,859.00"
2020-07-01,2020070101002495,NMB,1,14,41,401.00,"16,441.00"
2020-07-01,2020070101002494,NMB,41,14,100,401.00,"40,100.00"
2020-07-01,2020070101002493,NMB,6,14,300,401.00,"120,300.00"
2020-07-01,2020070101002492,NMB,44,14,59,401.00,"23,659.00"
2020-07-01,2020070101002451,NMB,44,21,200,401.00,"80,200.00"
2020-07-01,2020070101002623,NMB,25,14,10,401.00,"4,010.00"
2020-07-01,2020070101002622,NMB,51,14,359,401.00,"143,959.00"
2020-07-01,2020070101002569,NMB,51,14,241,401.00,"96,641.00"
2020-07-01,2020070101002568,NMB,40,14,200,401.00,"80,200.00"
2020-07-01,2020070101002567,NMB,26,14,59,401.00,"23,659.00"
2020-07-01,2020070101002519,NMB,26,14,241,401.00,"96,641.00"
2020-07-01,2020070101002724,NMB,58,52,500,401.00,"200,500.00"
2020-07-01,2020070101002723,NMB,57,52,169,401.00,"67,769.00"
2020-07-01,2020070101002679,NMB,57,14,31,401.00,"12,431.00"
2020-07-01,2020070101002678,NMB,43,14,469,401.00,"188,069.00"
2020-07-01,2020070101002625,NMB,43,14,31,401.00,"12,431.00"
2020-07-01,2020070101002624,NMB,45,14,100,401.00,"40,100.00"
2020-07-01,2020070101002763,NMB,7,28,100,400.00,"40,000.00"
2020-07-01,2020070101002762,NMB,45,28,26,400.00,"10,400.00"
2020-07-01,2020070101002743,NMB,54,14,50,401.00,"20,050.00"
2020-07-01,2020070101002742,NMB,10,14,219,401.00,"87,819.00"
2020-07-01,2020070101002726,NMB,10,52,181,401.00,"72,581.00"
2020-07-01,2020070101002725,NMB,42,52,200,401.00,"80,200.00"
2020-07-01,2020070101002578,NMFBS,48,41,24,"1,550.00","37,200.00"
2020-07-01,2020070101002870,NRIC,28,6,40,378.00,"15,120.00"
2020-07-01,2020070101002856,NRIC,28,44,40,378.00,"15,120.00"
2020-07-01,2020070101002846,NRIC,28,47,50,378.00,"18,900.00"
2020-07-01,2020070101002844,NRIC,28,49,40,378.00,"15,120.00"
2020-07-01,2020070101002832,NRIC,28,58,40,378.00,"15,120.00"
2020-07-01,2020070101002831,NRIC,28,29,40,378.00,"15,120.00"
2020-07-01,2020070101002491,NRIC,20,54,40,378.00,"15,120.00"
2020-07-01,2020070101002454,NRIC,20,39,50,378.00,"18,900.00"
2020-07-01,2020070101002437,NRIC,20,49,40,378.00,"15,120.00"
2020-07-01,2020070101002417,NRIC,20,48,50,378.00,"18,900.00"
2020-07-01,2020070101002393,NRIC,20,42,40,378.00,"15,120.00"
2020-07-01,2020070101002576,NRIC,20,59,40,378.00,"15,120.00"
2020-07-01,2020070101002573,NRIC,20,29,40,378.00,"15,120.00"
2020-07-01,2020070101002543,NRIC,20,18,40,378.00,"15,120.00"
2020-07-01,2020070101002537,NRIC,20,58,40,378.00,"15,120.00"
2020-07-01,2020070101002533,NRIC,20,42,50,378.00,"18,900.00"
2020-07-01,2020070101002516,NRIC,20,39,40,378.00,"15,120.00"
2020-07-01,2020070101002638,NRIC,20,39,40,378.00,"15,120.00"
2020-07-01,2020070101002621,NRIC,20,58,40,378.00,"15,120.00"
2020-07-01,2020070101002616,NRIC,20,17,50,378.00,"18,900.00"
2020-07-01,2020070101002613,NRIC,20,47,40,378.00,"15,120.00"
2020-07-01,2020070101002603,NRIC,20,13,50,378.00,"18,900.00"
2020-07-01,2020070101002585,NRIC,20,39,50,378.00,"18,900.00"
2020-07-01,2020070101002714,NRIC,28,13,40,378.00,"15,120.00"
2020-07-01,2020070101002704,NRIC,28,17,40,378.00,"15,120.00"
2020-07-01,2020070101002695,NRIC,28,47,30,378.00,"11,340.00"
2020-07-01,2020070101002694,NRIC,20,47,10,378.00,"3,780.00"
2020-07-01,2020070101002693,NRIC,20,58,40,378.00,"15,120.00"
2020-07-01,2020070101002687,NRIC,20,49,40,378.00,"15,120.00"
2020-07-01,2020070101002784,NRIC,28,49,40,378.00,"15,120.00"
2020-07-01,2020070101002773,NRIC,28,44,40,378.00,"15,120.00"
2020-07-01,2020070101002753,NRIC,28,26,40,378.00,"15,120.00"
2020-07-01,2020070101002750,NRIC,28,39,40,378.00,"15,120.00"
2020-07-01,2020070101002739,NRIC,28,19,50,378.00,"18,900.00"
2020-07-01,2020070101002717,NRIC,28,29,40,378.00,"15,120.00"
2020-07-01,2020070101002814,NRIC,28,47,40,378.00,"15,120.00"
2020-07-01,2020070101002812,NRIC,28,18,40,378.00,"15,120.00"
2020-07-01,2020070101002799,NRIC,28,34,40,378.00,"15,120.00"
2020-07-01,2020070101002797,NRIC,28,6,40,378.00,"15,120.00"
2020-07-01,2020070101002788,NRIC,28,58,40,378.00,"15,120.00"
2020-07-01,2020070101002786,NRIC,28,40,40,378.00,"15,120.00"
2020-07-01,2020070101002703,NTC,34,52,100,615.00,"61,500.00"
2020-07-01,2020070101002702,NTC,57,52,100,615.00,"61,500.00"
2020-07-01,2020070101002701,NTC,14,52,300,616.00,"184,800.00"
2020-07-01,2020070101002866,PCBL,49,32,569,256.00,"145,664.00"
2020-07-01,2020070101002843,PCBL,39,1,92,255.00,"23,460.00"
2020-07-01,2020070101002680,PCBL,39,52,80,255.00,"20,400.00"
2020-07-01,2020070101002630,PCBL,34,32,100,257.00,"25,700.00"
2020-07-01,2020070101002532,PCBL,14,46,"1,000",256.00,"256,000.00"
2020-07-01,2020070101002511,PCBL,55,40,200,259.00,"51,800.00"
2020-07-01,2020070101002510,PCBL,55,53,300,259.00,"77,700.00"
2020-07-01,2020070101002450,PCBL,41,53,200,259.00,"51,800.00"
2020-07-01,2020070101002546,PIC,42,40,450,506.00,"227,700.00"
2020-07-01,2020070101002545,PIC,42,40,50,506.00,"25,300.00"
2020-07-01,2020070101002829,PLIC,42,33,10,565.00,"5,650.00"
2020-07-01,2020070101002583,PLIC,6,42,10,555.00,"5,550.00"
2020-07-01,2020070101002502,PPCL,29,34,10,104.00,"1,040.00"
2020-07-01,2020070101002674,PRIN,44,44,10,380.00,"3,800.00"
2020-07-01,2020070101002571,PRIN,44,44,10,373.00,"3,730.00"
2020-07-01,2020070101002878,PRVU,49,46,667,240.00,"160,080.00"
2020-07-01,2020070101002877,PRVU,49,33,200,237.00,"47,400.00"
2020-07-01,2020070101002876,PRVU,49,28,575,236.00,"135,700.00"
2020-07-01,2020070101002664,PRVU,49,28,925,237.00,"219,225.00"
2020-07-01,2020070101002663,PRVU,44,28,100,238.00,"23,800.00"
2020-07-01,2020070101002662,PRVU,5,28,400,238.00,"95,200.00"
2020-07-01,2020070101002398,PRVU,41,5,400,239.00,"95,600.00"
2020-07-01,2020070101002397,PRVU,41,59,50,239.00,"11,950.00"
2020-07-01,2020070101002396,PRVU,41,49,17,238.00,"4,046.00"
2020-07-01,2020070101002395,PRVU,41,14,100,238.00,"23,800.00"
2020-07-01,2020070101002600,PRVU,55,46,333,240.00,"79,920.00"
2020-07-01,2020070101002599,PRVU,37,52,50,241.00,"12,050.00"
2020-07-01,2020070101002594,PRVU,55,52,100,240.00,"24,000.00"
2020-07-01,2020070101002575,PRVU,55,51,67,240.00,"16,080.00"
2020-07-01,2020070101002480,PRVU,5,59,100,238.00,"23,800.00"
2020-07-01,2020070101002399,PRVU,41,51,433,240.00,"103,920.00"
2020-07-01,2020070101002530,RADHI,22,33,40,185.00,"7,400.00"
2020-07-01,2020070101002528,RMDC,19,47,50,628.00,"31,400.00"
2020-07-01,2020070101002719,SANIMA,37,46,50,338.00,"16,900.00"
2020-07-01,2020070101002651,SANIMA,21,46,200,338.00,"67,600.00"
2020-07-01,2020070101002423,SANIMA,55,46,250,338.00,"84,500.00"
2020-07-01,2020070101002713,SBI,32,42,500,429.00,"214,500.00"
2020-07-01,2020070101002669,SBI,58,42,300,429.00,"128,700.00"
2020-07-01,2020070101002541,SBI,49,42,75,429.00,"32,175.00"
2020-07-01,2020070101002540,SBI,49,42,393,429.00,"168,597.00"
2020-07-01,2020070101002539,SBI,49,25,100,428.00,"42,800.00"
2020-07-01,2020070101002538,SBI,49,45,225,425.00,"95,625.00"
2020-07-01,2020070101002529,SBI,46,45,75,425.00,"31,875.00"
2020-07-01,2020070101002872,SBL,53,48,100,306.00,"30,600.00"
2020-07-01,2020070101002650,SBL,53,51,100,306.00,"30,600.00"
2020-07-01,2020070101002591,SBL,57,5,200,306.00,"61,200.00"
2020-07-01,2020070101002590,SBL,57,1,800,305.00,"244,000.00"
2020-07-01,2020070101002522,SBL,47,1,200,305.00,"61,000.00"
2020-07-01,2020070101002475,SBL,5,5,300,306.00,"91,800.00"
2020-07-01,2020070101002635,SCB,55,22,200,646.00,"129,200.00"
2020-07-01,2020070101002515,SCB,55,45,50,646.00,"32,300.00"
2020-07-01,2020070101002412,SCB,58,6,100,646.00,"64,600.00"
2020-07-01,2020070101002758,SHIVM,34,49,100,588.00,"58,800.00"
2020-07-01,2020070101002706,SHIVM,34,49,138,588.00,"81,144.00"
2020-07-01,2020070101002705,SHIVM,34,6,462,587.00,"271,194.00"
2020-07-01,2020070101002628,SHIVM,48,6,198,587.00,"116,226.00"
2020-07-01,2020070101002627,SHIVM,48,48,762,586.00,"446,532.00"
2020-07-01,2020070101002626,SHIVM,48,49,40,585.00,"23,400.00"
2020-07-01,2020070101002542,SHIVM,49,49,10,585.00,"5,850.00"
2020-07-01,2020070101002479,SHIVM,38,25,400,581.00,"232,400.00"
2020-07-01,2020070101002438,SHIVM,38,6,30,587.00,"17,610.00"
2020-07-01,2020070101002422,SHIVM,42,6,290,587.00,"170,230.00"
2020-07-01,2020070101002421,SHIVM,42,1,10,585.00,"5,850.00"
2020-07-01,2020070101002404,SHIVM,58,6,20,587.00,"11,740.00"
2020-07-01,2020070101002842,SIC,35,36,100,602.00,"60,200.00"
2020-07-01,2020070101002469,SIC,45,36,850,591.00,"502,350.00"
2020-07-01,2020070101002468,SIC,35,36,50,595.00,"29,750.00"
2020-07-01,2020070101002467,SIC,35,36,100,595.00,"59,500.00"
2020-07-01,2020070101002859,SICL,34,14,134,997.00,"133,598.00"
2020-07-01,2020070101002858,SICL,34,43,830,997.00,"827,510.00"
2020-07-01,2020070101002547,SICL,7,48,10,997.00,"9,970.00"
2020-07-01,2020070101002509,SICL,42,48,150,997.00,"149,550.00"
2020-07-01,2020070101002478,SICL,51,48,200,997.00,"199,400.00"
2020-07-01,2020070101002477,SICL,49,48,231,997.00,"230,307.00"
2020-07-01,2020070101002708,SICL,59,43,170,997.00,"169,490.00"
2020-07-01,2020070101002697,SICL,59,48,30,997.00,"29,910.00"
2020-07-01,2020070101002671,SICL,56,48,29,997.00,"28,913.00"
2020-07-01,2020070101002670,SICL,56,33,30,996.00,"29,880.00"
2020-07-01,2020070101002734,SIL,44,44,10,486.00,"4,860.00"
2020-07-01,2020070101002789,SKBBL,58,51,500,"1,167.00","583,500.00"
2020-07-01,2020070101002499,SKBBL,28,51,200,"1,167.00","233,400.00"
2020-07-01,2020070101002822,SLBBL,19,5,50,810.00,"40,500.00"
2020-07-01,2020070101002602,SLICL,45,38,575,435.00,"250,125.00"
2020-07-01,2020070101002592,SLICL,55,45,100,434.00,"43,400.00"
2020-07-01,2020070101002589,SLICL,7,45,400,434.00,"173,600.00"
2020-07-01,2020070101002436,SLICL,45,38,150,435.00,"65,250.00"
2020-07-01,2020070101002435,SLICL,17,38,275,435.00,"119,625.00"
2020-07-01,2020070101002860,SRBL,57,36,"1,000",236.00,"236,000.00"
2020-07-01,2020070101002772,SRBL,34,36,10,236.00,"2,360.00"
2020-07-01,2020070101002552,SWBBL,46,39,14,"1,175.00","16,450.00"
2020-07-01,2020070101002718,TRH,3,52,"1,000",183.00,"183,000.00"
2020-07-01,2020070101002588,UIC,14,43,200,330.00,"66,000.00"
2020-07-01,2020070101002415,UIC,39,46,600,324.00,"194,400.00"
2020-07-01,2020070101002517,UNL,43,3,10,"19,584.00","195,840.00"
2020-07-01,2020070101002535,UPPER,39,44,40,248.00,"9,920.00"
2020-07-01,2020070101002403,UPPER,47,32,30,244.00,"7,320.00"
2020-07-01,2020070101002134,ADBL,51,7,899,377.00,"338,923.00"
2020-07-01,2020070101002133,ADBL,26,7,100,378.00,"37,800.00"
2020-07-01,2020070101002119,ADBL,37,50,800,380.00,"304,000.00"
2020-07-01,2020070101002036,ADBL,52,50,300,380.00,"114,000.00"
2020-07-01,2020070101001931,ADBL,59,50,368,380.00,"139,840.00"
2020-07-01,2020070101001930,ADBL,59,17,132,379.00,"50,028.00"
2020-07-01,2020070101001910,ADBL,45,50,100,380.00,"38,000.00"
2020-07-01,2020070101002285,AHPC,17,17,501,96.00,"48,096.00"
2020-07-01,2020070101001950,AHPC,17,53,10,96.00,960.00
2020-07-01,2020070101002333,AKPL,43,45,200,132.00,"26,400.00"
2020-07-01,2020070101002332,AKPL,43,26,500,132.00,"66,000.00"
2020-07-01,2020070101002331,AKPL,43,1,"1,000",132.00,"132,000.00"
2020-07-01,2020070101002330,AKPL,43,46,300,132.00,"39,600.00"
2020-07-01,2020070101002259,AKPL,44,28,197,131.00,"25,807.00"
2020-07-01,2020070101002241,AKPL,43,28,"1,793",131.00,"234,883.00"
2020-07-01,2020070101002240,AKPL,43,26,207,130.00,"26,910.00"
2020-07-01,2020070101001992,AKPL,26,28,10,131.00,"1,310.00"
2020-07-01,2020070101002246,ALICL,39,32,200,573.00,"114,600.00"
2020-07-01,2020070101002244,ALICL,52,32,100,573.00,"57,300.00"
2020-07-01,2020070101002034,ALICL,29,52,274,562.00,"153,988.00"
2020-07-01,2020070101002030,ALICL,43,52,10,562.00,"5,620.00"
2020-07-01,2020070101002029,ALICL,38,53,10,552.00,"5,520.00"
2020-07-01,2020070101002018,ALICL,5,54,500,560.00,"280,000.00"
2020-07-01,2020070101002017,ALICL,5,1,10,560.00,"5,600.00"
2020-07-01,2020070101001975,ALICL,43,1,10,560.00,"5,600.00"
2020-07-01,2020070101001953,ALICL,39,52,290,562.00,"162,980.00"
2020-07-01,2020070101001952,ALICL,39,52,10,562.00,"5,620.00"
2020-07-01,2020070101001927,ALICL,43,52,10,562.00,"5,620.00"
2020-07-01,2020070101001989,API,29,47,30,115.00,"3,450.00"
2020-07-01,2020070101001904,API,34,47,20,115.00,"2,300.00"
2020-07-01,2020070101001891,API,44,47,50,115.00,"5,750.00"
2020-07-01,2020070101002129,BARUN,25,34,"1,000",84.00,"84,000.00"
2020-07-01,2020070101001997,BOKL,14,46,300,229.00,"68,700.00"
2020-07-01,2020070101001996,BOKL,14,39,200,227.00,"45,400.00"
2020-07-01,2020070101001897,BOKL,39,39,100,225.00,"22,500.00"
2020-07-01,2020070101001896,BOKL,39,39,180,225.00,"40,500.00"
2020-07-01,2020070101002278,BPCL,40,26,30,351.00,"10,530.00"
2020-07-01,2020070101002229,BPCL,40,47,10,357.00,"3,570.00"
2020-07-01,2020070101001893,BPCL,47,47,10,350.00,"3,500.00"
2020-07-01,2020070101001892,BPCL,47,3,30,350.00,"10,500.00"
2020-07-01,2020070101002271,CBBL,58,58,500,"1,075.00","537,500.00"
2020-07-01,2020070101002105,CBBL,58,38,75,"1,079.00","80,925.00"
2020-07-01,2020070101002104,CBBL,58,8,25,"1,079.00","26,975.00"
2020-07-01,2020070101001934,CBBL,55,38,100,"1,065.00","106,500.00"
2020-07-01,2020070101001933,CBBL,55,52,67,"1,061.00","71,087.00"
2020-07-01,2020070101001932,CBBL,55,53,35,"1,060.00","37,100.00"
2020-07-01,2020070101002351,CBL,49,50,750,137.00,"102,750.00"
2020-07-01,2020070101002317,CBL,25,47,100,138.00,"13,800.00"
2020-07-01,2020070101002051,CBL,25,47,100,138.00,"13,800.00"
2020-07-01,2020070101002161,CCBL,19,52,82,164.00,"13,448.00"
2020-07-01,2020070101002159,CCBL,42,52,12,164.00,"1,968.00"
2020-07-01,2020070101001983,CCBL,56,52,10,164.00,"1,640.00"
2020-07-01,2020070101001955,CCBL,37,52,400,164.00,"65,600.00"
2020-07-01,2020070101001954,CCBL,37,28,100,164.00,"16,400.00"
2020-07-01,2020070101002385,CHCL,44,38,150,370.00,"55,500.00"
2020-07-01,2020070101002187,CHCL,45,38,"1,000",370.00,"370,000.00"
2020-07-01,2020070101002186,CHCL,48,38,30,370.00,"11,100.00"
2020-07-01,2020070101002185,CHCL,25,38,500,375.00,"187,500.00"
2020-07-01,2020070101002184,CHCL,13,38,100,375.00,"37,500.00"
2020-07-01,2020070101002183,CHCL,47,38,90,375.00,"33,750.00"
2020-07-01,2020070101002182,CHCL,50,38,110,376.00,"41,360.00"
2020-07-01,2020070101002181,CHCL,38,38,20,382.00,"7,640.00"
2020-07-01,2020070101002348,CIT,41,49,500,"2,501.00","1,250,500.00"
2020-07-01,2020070101002326,CIT,5,58,150,"2,501.00","375,150.00"
2020-07-01,2020070101002060,CIT,38,19,200,"2,504.00","500,800.00"
2020-07-01,2020070101002059,CIT,49,19,128,"2,504.00","320,512.00"
2020-07-01,2020070101002058,CIT,45,19,200,"2,504.00","500,800.00"
2020-07-01,2020070101002057,CIT,41,19,40,"2,504.00","100,160.00"
2020-07-01,2020070101001963,CIT,41,8,100,"2,504.00","250,400.00"
2020-07-01,2020070101001962,CIT,41,42,60,"2,504.00","150,240.00"
2020-07-01,2020070101001982,CLBSL,43,8,10,579.00,"5,790.00"
2020-07-01,2020070101002268,CZBIL,38,53,100,194.00,"19,400.00"
2020-07-01,2020070101002267,CZBIL,38,42,61,193.00,"11,773.00"
2020-07-01,2020070101002373,EBL,19,45,50,669.00,"33,450.00"
2020-07-01,2020070101002346,EBL,7,42,500,669.00,"334,500.00"
2020-07-01,2020070101002304,EBL,7,6,100,669.00,"66,900.00"
2020-07-01,2020070101002228,EBL,7,52,100,669.00,"66,900.00"
2020-07-01,2020070101002032,EBL,41,4,363,669.00,"242,847.00"
2020-07-01,2020070101002005,EBL,41,50,10,665.00,"6,650.00"
2020-07-01,2020070101001986,EBL,26,45,500,653.00,"326,500.00"
2020-07-01,2020070101001924,EBL,48,50,50,665.00,"33,250.00"
2020-07-01,2020070101001907,EBL,44,4,637,669.00,"426,153.00"
2020-07-01,2020070101001906,EBL,44,4,363,669.00,"242,847.00"
2020-07-01,2020070101002109,EBL,7,42,163,669.00,"109,047.00"
2020-07-01,2020070101002099,EBL,36,42,300,669.00,"200,700.00"
2020-07-01,2020070101002098,EBL,41,42,37,669.00,"24,753.00"
2020-07-01,2020070101002066,EBL,41,53,100,669.00,"66,900.00"
2020-07-01,2020070101002033,EBL,41,42,500,669.00,"334,500.00"
2020-07-01,2020070101002123,EIC,7,7,620,382.00,"236,840.00"
2020-07-01,2020070101002122,EIC,19,7,140,382.00,"53,480.00"
2020-07-01,2020070101002115,EIC,19,22,10,382.00,"3,820.00"
2020-07-01,2020070101002114,EIC,26,22,40,382.00,"15,280.00"
2020-07-01,2020070101002113,EIC,36,22,100,382.00,"38,200.00"
2020-07-01,2020070101002390,FMDBL,49,36,10,442.00,"4,420.00"
2020-07-01,2020070101001913,FMDBL,56,43,10,434.00,"4,340.00"
2020-07-01,2020070101002047,FOWAD,34,53,10,"1,435.00","14,350.00"
2020-07-01,2020070101002329,GBBL,44,1,20,222.00,"4,440.00"
2020-07-01,2020070101002225,GBBL,44,1,20,220.00,"4,400.00"
2020-07-01,2020070101002352,GBIME,38,45,50,265.00,"13,250.00"
2020-07-01,2020070101002342,GBIME,55,45,500,265.00,"132,500.00"
2020-07-01,2020070101002249,GBIME,57,45,400,265.00,"106,000.00"
2020-07-01,2020070101002236,GBIME,44,45,50,265.00,"13,250.00"
2020-07-01,2020070101002235,GBIME,59,45,50,265.00,"13,250.00"
2020-07-01,2020070101002077,GBIME,17,51,50,265.00,"13,250.00"
2020-07-01,2020070101002016,GBIME,35,51,50,265.00,"13,250.00"
