Date,Transact. No.,Symbol,Buyer,Seller,Quantity,Rate,Amount
2019-09-03,2019090301007651,ADBL,39,25,100,424.00,"42,400.00"
2019-09-03,2019090301007567,AHPC,21,3,500,101.00,"50,500.00"
2019-09-03,2019090301007699,AKJCL,29,43,10,59.00,590.00
2019-09-03,2019090301007698,AKJCL,41,43,10,59.00,590.00
2019-09-03,2019090301007616,AKPL,5,25,10,156.00,"1,560.00"
2019-09-03,2019090301007788,ALBSL,37,25,10,456.00,"4,560.00"
2019-09-03,2019090301007787,ALBSL,37,41,10,450.00,"4,500.00"
2019-09-03,2019090301007547,ALBSL,25,25,10,448.00,"4,480.00"
2019-09-03,2019090301007511,ALBSL,7,25,20,440.00,"8,800.00"
2019-09-03,2019090301007452,ALBSL,7,5,10,438.00,"4,380.00"
2019-09-03,2019090301007355,ALBSL,52,5,10,444.00,"4,440.00"
2019-09-03,2019090301007648,ALICL,42,35,100,333.00,"33,300.00"
2019-09-03,2019090301007544,ALICL,14,45,30,329.00,"9,870.00"
2019-09-03,2019090301007383,ALICL,39,25,50,330.00,"16,500.00"
2019-09-03,2019090301007580,API,25,51,50,118.00,"5,900.00"
2019-09-03,2019090301007474,API,25,51,50,118.00,"5,900.00"
2019-09-03,2019090301007421,API,53,36,150,117.00,"17,550.00"
2019-09-03,2019090301007414,API,16,36,300,117.00,"35,100.00"
2019-09-03,2019090301007359,API,48,36,50,117.00,"5,850.00"
2019-09-03,2019090301007358,API,48,32,250,117.00,"29,250.00"
2019-09-03,2019090301007326,API,25,32,15,117.00,"1,755.00"
2019-09-03,2019090301007382,BARUN,56,56,10,86.00,860.00
2019-09-03,2019090301007333,BARUN,56,56,10,85.00,850.00
2019-09-03,2019090301007786,BOKL,53,28,400,260.00,"104,000.00"
2019-09-03,2019090301007641,BOKL,7,28,100,260.00,"26,000.00"
2019-09-03,2019090301007393,BOKL,50,52,100,260.00,"26,000.00"
2019-09-03,2019090301007392,BOKL,50,34,"1,000",260.00,"260,000.00"
2019-09-03,2019090301007380,BOKL,28,48,11,259.00,"2,849.00"
2019-09-03,2019090301007695,BPCL,33,36,10,390.00,"3,900.00"
2019-09-03,2019090301007694,BPCL,33,16,100,389.00,"38,900.00"
2019-09-03,2019090301007605,BPCL,25,43,20,385.00,"7,700.00"
2019-09-03,2019090301007557,BPCL,25,43,100,386.00,"38,600.00"
2019-09-03,2019090301007801,CBBL,58,32,10,984.00,"9,840.00"
2019-09-03,2019090301007595,CBBL,47,32,100,975.00,"97,500.00"
2019-09-03,2019090301007498,CBBL,34,45,300,975.00,"292,500.00"
2019-09-03,2019090301007758,CBL,58,54,13,149.00,"1,937.00"
2019-09-03,2019090301007757,CBL,58,33,205,148.00,"30,340.00"
2019-09-03,2019090301007756,CBL,58,33,450,148.00,"66,600.00"
2019-09-03,2019090301007684,CBL,51,33,50,148.00,"7,400.00"
2019-09-03,2019090301007477,CBL,1,54,150,149.00,"22,350.00"
2019-09-03,2019090301007356,CCBL,32,32,"3,040",159.00,"483,360.00"
2019-09-03,2019090301007696,CIT,10,26,56,"2,260.00","126,560.00"
2019-09-03,2019090301007596,CIT,45,26,10,"2,260.00","22,600.00"
2019-09-03,2019090301007585,CIT,50,26,150,"2,260.00","339,000.00"
2019-09-03,2019090301007584,CIT,50,26,150,"2,260.00","339,000.00"
2019-09-03,2019090301007583,CIT,43,26,50,"2,260.00","113,000.00"
2019-09-03,2019090301007582,CIT,45,26,10,"2,260.00","22,600.00"
2019-09-03,2019090301007386,CIT,41,57,120,"2,280.00","273,600.00"
2019-09-03,2019090301007385,CIT,41,57,80,"2,280.00","182,400.00"
2019-09-03,2019090301007581,CIT,50,26,40,"2,265.00","90,600.00"
2019-09-03,2019090301007556,CIT,49,26,120,"2,275.00","273,000.00"
2019-09-03,2019090301007555,CIT,49,57,100,"2,270.00","227,000.00"
2019-09-03,2019090301007528,CIT,13,57,50,"2,270.00","113,500.00"
2019-09-03,2019090301007527,CIT,45,57,50,"2,270.00","113,500.00"
2019-09-03,2019090301007479,CIT,11,57,50,"2,280.00","114,000.00"
2019-09-03,2019090301007774,CLBSL,52,58,11,510.00,"5,610.00"
2019-09-03,2019090301007790,CZBIL,6,38,30,220.00,"6,600.00"
2019-09-03,2019090301007711,CZBIL,6,46,300,220.00,"66,000.00"
2019-09-03,2019090301007710,CZBIL,6,48,205,220.00,"45,100.00"
2019-09-03,2019090301007709,CZBIL,6,45,600,220.00,"132,000.00"
2019-09-03,2019090301007708,CZBIL,6,47,10,219.00,"2,190.00"
2019-09-03,2019090301007410,DBBL,50,56,500,133.00,"66,500.00"
2019-09-03,2019090301007720,EBL,1,26,50,626.00,"31,300.00"
2019-09-03,2019090301007594,EBL,49,18,50,624.00,"31,200.00"
2019-09-03,2019090301007679,EDBL,58,52,100,274.00,"27,400.00"
2019-09-03,2019090301007678,EDBL,58,10,100,273.00,"27,300.00"
2019-09-03,2019090301007606,EDBL,56,52,500,272.00,"136,000.00"
2019-09-03,2019090301007372,EIC,18,11,100,309.00,"30,900.00"
2019-09-03,2019090301007806,FMDBL,16,39,10,387.00,"3,870.00"
2019-09-03,2019090301007570,FMDBL,25,26,150,382.00,"57,300.00"
2019-09-03,2019090301007784,GBBL,34,6,300,214.00,"64,200.00"
2019-09-03,2019090301007395,GBBL,4,6,200,215.00,"43,000.00"
2019-09-03,2019090301007438,GBLBS,17,6,300,340.00,"102,000.00"
2019-09-03,2019090301007437,GBLBS,17,49,95,340.00,"32,300.00"
2019-09-03,2019090301007422,GBLBS,51,19,100,339.00,"33,900.00"
2019-09-03,2019090301007390,GBLBS,37,19,300,339.00,"101,700.00"
2019-09-03,2019090301007381,GBLBS,51,7,290,338.00,"98,020.00"
2019-09-03,2019090301007366,GBLBS,34,7,200,338.00,"67,600.00"
2019-09-03,2019090301007365,GBLBS,38,7,10,338.00,"3,380.00"
2019-09-03,2019090301007771,GDBL,40,6,500,208.00,"104,000.00"
2019-09-03,2019090301007743,GIMES1,36,34,"1,000",7.30,"7,300.00"
2019-09-03,2019090301007676,GIMES1,26,34,"3,000",7.31,"21,930.00"
2019-09-03,2019090301007486,GLBSL,32,5,10,471.00,"4,710.00"
2019-09-03,2019090301007693,GLICL,17,26,100,380.00,"38,000.00"
2019-09-03,2019090301007692,GLICL,25,26,200,380.00,"76,000.00"
2019-09-03,2019090301007681,GLICL,34,26,10,382.00,"3,820.00"
2019-09-03,2019090301007680,GLICL,21,26,20,382.00,"7,640.00"
2019-09-03,2019090301007645,GLICL,29,26,50,388.00,"19,400.00"
2019-09-03,2019090301007644,GLICL,33,26,50,390.00,"19,500.00"
2019-09-03,2019090301007591,GLICL,49,26,100,392.00,"39,200.00"
2019-09-03,2019090301007579,GLICL,41,26,50,392.00,"19,600.00"
2019-09-03,2019090301007493,GMFBS,38,38,10,511.00,"5,110.00"
2019-09-03,2019090301007554,HBL,22,58,20,523.00,"10,460.00"
2019-09-03,2019090301007394,HDL,11,17,250,"1,530.00","382,500.00"
2019-09-03,2019090301007765,HGI,34,50,170,301.00,"51,170.00"
2019-09-03,2019090301007483,HGI,41,45,20,304.00,"6,080.00"
2019-09-03,2019090301007482,HGI,34,45,50,304.00,"15,200.00"
2019-09-03,2019090301007430,HGI,29,50,100,307.00,"30,700.00"
2019-09-03,2019090301007391,HGI,34,46,200,304.00,"60,800.00"
2019-09-03,2019090301007573,HIDCL,29,42,10,146.00,"1,460.00"
2019-09-03,2019090301007572,HIDCL,29,50,180,145.00,"26,100.00"
2019-09-03,2019090301007491,HIDCL,29,50,10,145.00,"1,450.00"
2019-09-03,2019090301007490,HIDCL,29,48,100,144.00,"14,400.00"
2019-09-03,2019090301007387,HIDCL,34,50,200,143.00,"28,600.00"
2019-09-03,2019090301007751,ILBS,55,43,10,454.00,"4,540.00"
2019-09-03,2019090301007750,ILBS,55,43,10,454.00,"4,540.00"
2019-09-03,2019090301007749,ILBS,55,43,10,454.00,"4,540.00"
2019-09-03,2019090301007748,ILBS,55,43,10,454.00,"4,540.00"
2019-09-03,2019090301007747,ILBS,55,6,10,453.00,"4,530.00"
2019-09-03,2019090301007746,ILBS,55,43,10,452.00,"4,520.00"
2019-09-03,2019090301007745,ILBS,55,43,10,452.00,"4,520.00"
2019-09-03,2019090301007773,KADBL,52,11,18,184.00,"3,312.00"
2019-09-03,2019090301007772,KADBL,52,11,18,184.00,"3,312.00"
2019-09-03,2019090301007813,KBL,38,43,200,204.00,"40,800.00"
2019-09-03,2019090301007755,KBL,58,43,100,204.00,"20,400.00"
2019-09-03,2019090301007738,KBL,58,43,500,204.00,"102,000.00"
2019-09-03,2019090301007725,KBL,49,43,"1,350",204.00,"275,400.00"
2019-09-03,2019090301007674,KBL,34,43,500,204.00,"102,000.00"
2019-09-03,2019090301007640,KBL,37,43,100,204.00,"20,400.00"
2019-09-03,2019090301007340,KBL,44,34,200,204.00,"40,800.00"
2019-09-03,2019090301007339,KBL,44,43,"1,000",204.00,"204,000.00"
2019-09-03,2019090301007338,KBL,44,41,40,204.00,"8,160.00"
2019-09-03,2019090301007337,KBL,44,22,50,204.00,"10,200.00"
2019-09-03,2019090301007336,KBL,44,43,"1,000",203.00,"203,000.00"
2019-09-03,2019090301007472,KBL,7,43,50,204.00,"10,200.00"
2019-09-03,2019090301007425,KBL,49,43,"1,000",204.00,"204,000.00"
2019-09-03,2019090301007424,KBL,49,32,50,204.00,"10,200.00"
2019-09-03,2019090301007360,KBL,44,32,50,204.00,"10,200.00"
2019-09-03,2019090301007357,KBL,44,48,50,204.00,"10,200.00"
2019-09-03,2019090301007341,KBL,44,43,"1,000",204.00,"204,000.00"
2019-09-03,2019090301007598,KBL,51,57,91,203.00,"18,473.00"
2019-09-03,2019090301007535,KBL,13,57,79,203.00,"16,037.00"
2019-09-03,2019090301007533,KBL,25,57,200,203.00,"40,600.00"
2019-09-03,2019090301007532,KBL,17,57,630,203.00,"127,890.00"
2019-09-03,2019090301007500,KBL,17,43,370,203.00,"75,110.00"
2019-09-03,2019090301007499,KBL,46,43,630,203.00,"127,890.00"
2019-09-03,2019090301007542,KPCL,50,55,50,84.00,"4,200.00"
2019-09-03,2019090301007817,KSBBL,21,38,10,149.00,"1,490.00"
2019-09-03,2019090301007705,KSBBL,14,38,90,147.00,"13,230.00"
2019-09-03,2019090301007586,KSBBL,34,38,10,147.00,"1,470.00"
2019-09-03,2019090301007515,LBBL,57,33,282,177.00,"49,914.00"
2019-09-03,2019090301007327,LBBL,57,42,18,177.00,"3,186.00"
2019-09-03,2019090301007719,LGIL,34,48,40,395.00,"15,800.00"
2019-09-03,2019090301007718,LGIL,34,53,100,390.00,"39,000.00"
2019-09-03,2019090301007717,LGIL,48,46,30,389.00,"11,670.00"
2019-09-03,2019090301007494,LGIL,53,46,10,389.00,"3,890.00"
2019-09-03,2019090301007485,LGIL,50,46,60,389.00,"23,340.00"
2019-09-03,2019090301007792,LICN,16,28,13,"1,019.00","13,247.00"
2019-09-03,2019090301007677,LICN,25,28,10,"1,019.00","10,190.00"
2019-09-03,2019090301007495,LLBS,17,11,100,720.00,"72,000.00"
2019-09-03,2019090301007475,LLBS,19,5,20,710.00,"14,200.00"
2019-09-03,2019090301007388,LLBS,19,11,100,715.00,"71,500.00"
2019-09-03,2019090301007639,MBL,34,43,10,254.00,"2,540.00"
2019-09-03,2019090301007318,MBL,58,55,159,251.00,"39,909.00"
2019-09-03,2019090301007517,MEGA,33,41,100,201.00,"20,100.00"
2019-09-03,2019090301007516,MEGA,33,48,84,201.00,"16,884.00"
2019-09-03,2019090301007523,MEGA,33,1,500,203.00,"101,500.00"
2019-09-03,2019090301007522,MEGA,33,34,200,203.00,"40,600.00"
2019-09-03,2019090301007521,MEGA,33,17,"1,000",202.00,"202,000.00"
2019-09-03,2019090301007520,MEGA,33,29,500,202.00,"101,000.00"
2019-09-03,2019090301007519,MEGA,33,16,100,201.00,"20,100.00"
2019-09-03,2019090301007518,MEGA,33,51,500,201.00,"100,500.00"
2019-09-03,2019090301007525,MEGA,33,17,716,203.00,"145,348.00"
2019-09-03,2019090301007524,MEGA,33,13,"1,500",203.00,"304,500.00"
2019-09-03,2019090301007608,MEGA,33,22,100,203.00,"20,300.00"
2019-09-03,2019090301007607,MEGA,33,17,284,203.00,"57,652.00"
2019-09-03,2019090301007780,MERO,34,25,50,565.00,"28,250.00"
2019-09-03,2019090301007779,MERO,34,13,16,565.00,"9,040.00"
2019-09-03,2019090301007778,MERO,34,10,10,565.00,"5,650.00"
2019-09-03,2019090301007764,MERO,45,10,20,565.00,"11,300.00"
2019-09-03,2019090301007688,MERO,34,41,50,564.00,"28,200.00"
2019-09-03,2019090301007432,MERO,33,51,20,563.00,"11,260.00"
2019-09-03,2019090301007431,MERO,33,56,17,563.00,"9,571.00"
2019-09-03,2019090301007600,MLBBL,22,33,164,464.00,"76,096.00"
2019-09-03,2019090301007753,MLBL,40,13,627,212.00,"132,924.00"
2019-09-03,2019090301007752,MLBL,40,13,200,212.00,"42,400.00"
2019-09-03,2019090301007643,MLBL,40,14,500,213.00,"106,500.00"
2019-09-03,2019090301007642,MLBL,40,13,550,213.00,"117,150.00"
2019-09-03,2019090301007455,MLBL,43,13,250,213.00,"53,250.00"
2019-09-03,2019090301007785,MNBBL,44,58,165,317.00,"52,305.00"
2019-09-03,2019090301007673,MNBBL,48,58,50,317.00,"15,850.00"
2019-09-03,2019090301007672,MNBBL,17,58,100,317.00,"31,700.00"
2019-09-03,2019090301007671,MNBBL,17,58,300,317.00,"95,100.00"
2019-09-03,2019090301007632,MNBBL,25,59,50,319.00,"15,950.00"
2019-09-03,2019090301007534,MSLB,35,41,10,944.00,"9,440.00"
2019-09-03,2019090301007770,NABIL,53,45,125,774.00,"96,750.00"
2019-09-03,2019090301007667,NABIL,45,45,173,774.00,"133,902.00"
2019-09-03,2019090301007666,NABIL,45,1,27,773.00,"20,871.00"
2019-09-03,2019090301007578,NABIL,32,45,40,774.00,"30,960.00"
2019-09-03,2019090301007577,NABIL,45,45,50,774.00,"38,700.00"
2019-09-03,2019090301007561,NABIL,58,37,50,775.00,"38,750.00"
2019-09-03,2019090301007560,NABIL,58,19,200,775.00,"155,000.00"
2019-09-03,2019090301007559,NABIL,58,45,485,775.00,"375,875.00"
2019-09-03,2019090301007712,NADEP,39,38,40,456.00,"18,240.00"
2019-09-03,2019090301007638,NADEP,13,38,100,456.00,"45,600.00"
2019-09-03,2019090301007637,NADEP,35,38,10,456.00,"4,560.00"
2019-09-03,2019090301007636,NADEP,13,38,50,457.00,"22,850.00"
2019-09-03,2019090301007810,NAGRO,41,18,170,788.00,"133,960.00"
2019-09-03,2019090301007809,NAGRO,41,55,30,788.00,"23,640.00"
2019-09-03,2019090301007593,NAGRO,34,10,10,789.00,"7,890.00"
2019-09-03,2019090301007592,NAGRO,34,40,50,785.00,"39,250.00"
2019-09-03,2019090301007396,NBB,44,22,200,213.00,"42,600.00"
2019-09-03,2019090301007354,NBB,29,55,81,212.00,"17,172.00"
2019-09-03,2019090301007807,NBL,33,55,25,321.00,"8,025.00"
2019-09-03,2019090301007798,NBL,37,55,"1,000",321.00,"321,000.00"
2019-09-03,2019090301007742,NBL,49,55,50,321.00,"16,050.00"
2019-09-03,2019090301007739,NBL,40,33,200,320.00,"64,000.00"
2019-09-03,2019090301007659,NBL,40,45,199,320.00,"63,680.00"
2019-09-03,2019090301007658,NBL,39,45,100,320.00,"32,000.00"
2019-09-03,2019090301007389,NBL,51,58,300,322.00,"96,600.00"
2019-09-03,2019090301007657,NBL,25,45,101,320.00,"32,320.00"
2019-09-03,2019090301007656,NBL,5,45,200,320.00,"64,000.00"
2019-09-03,2019090301007655,NBL,41,45,500,320.00,"160,000.00"
2019-09-03,2019090301007654,NBL,45,45,100,320.00,"32,000.00"
2019-09-03,2019090301007653,NBL,51,45,300,320.00,"96,000.00"
2019-09-03,2019090301007460,NBL,51,25,200,320.00,"64,000.00"
2019-09-03,2019090301007812,NCCB,58,40,10,204.00,"2,040.00"
2019-09-03,2019090301007706,NCCB,40,16,100,203.00,"20,300.00"
2019-09-03,2019090301007420,NCCB,44,45,31,204.00,"6,324.00"
2019-09-03,2019090301007419,NCCB,44,57,100,204.00,"20,400.00"
2019-09-03,2019090301007418,NCCB,44,45,200,204.00,"40,800.00"
2019-09-03,2019090301007417,NCCB,44,42,19,204.00,"3,876.00"
2019-09-03,2019090301007647,NHPC,7,51,10,59.00,590.00
2019-09-03,2019090301007345,NHPC,58,7,10,60.00,600.00
2019-09-03,2019090301007669,NIB,52,52,9,450.00,"4,050.00"
2019-09-03,2019090301007601,NIB,52,52,9,450.00,"4,050.00"
2019-09-03,2019090301007589,NIB,1,57,14,459.00,"6,426.00"
2019-09-03,2019090301007588,NIB,1,45,42,459.00,"19,278.00"
2019-09-03,2019090301007576,NIB,52,52,9,450.00,"4,050.00"
2019-09-03,2019090301007480,NIB,52,52,9,450.00,"4,050.00"
2019-09-03,2019090301007444,NIB,52,52,9,450.00,"4,050.00"
2019-09-03,2019090301007615,NICA,17,45,310,449.00,"139,190.00"
2019-09-03,2019090301007614,NICA,17,18,190,449.00,"85,310.00"
2019-09-03,2019090301007566,NICA,59,18,10,449.00,"4,490.00"
2019-09-03,2019090301007565,NICA,59,51,52,447.00,"23,244.00"
2019-09-03,2019090301007320,NICL,1,22,70,289.00,"20,230.00"
2019-09-03,2019090301007587,NLBBL,33,17,10,535.00,"5,350.00"
2019-09-03,2019090301007526,NLBBL,38,1,300,529.00,"158,700.00"
2019-09-03,2019090301007815,NLIC,41,4,20,810.00,"16,200.00"
2019-09-03,2019090301007802,NLIC,44,56,10,820.00,"8,200.00"
2019-09-03,2019090301007769,NLIC,41,53,100,810.00,"81,000.00"
2019-09-03,2019090301007691,NLIC,42,4,20,806.00,"16,120.00"
2019-09-03,2019090301007662,NLIC,25,4,200,810.00,"162,000.00"
2019-09-03,2019090301007646,NLIC,58,56,205,810.00,"166,050.00"
2019-09-03,2019090301007448,NLIC,14,28,100,805.00,"80,500.00"
2019-09-03,2019090301007447,NLIC,25,28,30,805.00,"24,150.00"
2019-09-03,2019090301007409,NLIC,59,28,300,806.00,"241,800.00"
2019-09-03,2019090301007370,NLIC,29,28,100,808.00,"80,800.00"
2019-09-03,2019090301007369,NLIC,36,28,45,808.00,"36,360.00"
2019-09-03,2019090301007353,NLIC,48,28,50,809.00,"40,450.00"
2019-09-03,2019090301007505,NLIC,6,17,150,810.00,"121,500.00"
2019-09-03,2019090301007492,NLIC,33,28,29,805.00,"23,345.00"
2019-09-03,2019090301007487,NLIC,49,28,20,805.00,"16,100.00"
2019-09-03,2019090301007471,NLIC,39,28,277,805.00,"222,985.00"
2019-09-03,2019090301007470,NLIC,42,28,30,806.00,"24,180.00"
2019-09-03,2019090301007449,NLIC,39,28,23,805.00,"18,515.00"
2019-09-03,2019090301007597,NLIC,58,10,50,810.00,"40,500.00"
2019-09-03,2019090301007590,NLIC,58,4,10,810.00,"8,100.00"
2019-09-03,2019090301007574,NLIC,44,56,10,820.00,"8,200.00"
2019-09-03,2019090301007569,NLIC,58,17,159,810.00,"128,790.00"
2019-09-03,2019090301007568,NLIC,58,28,576,809.00,"465,984.00"
2019-09-03,2019090301007562,NLIC,1,28,24,809.00,"19,416.00"
2019-09-03,2019090301007690,NLICL,43,56,10,550.00,"5,500.00"
2019-09-03,2019090301007613,NLICL,43,14,30,540.00,"16,200.00"
2019-09-03,2019090301007612,NLICL,43,56,100,540.00,"54,000.00"
2019-09-03,2019090301007611,NLICL,43,56,100,534.00,"53,400.00"
2019-09-03,2019090301007610,NLICL,43,6,86,533.00,"45,838.00"
2019-09-03,2019090301007609,NLICL,43,56,100,532.00,"53,200.00"
2019-09-03,2019090301007446,NMFBS,33,48,10,"1,493.00","14,930.00"
2019-09-03,2019090301007545,NNLB,57,25,50,440.00,"22,000.00"
2019-09-03,2019090301007512,NNLB,57,45,50,438.00,"21,900.00"
2019-09-03,2019090301007732,NTC,59,22,10,655.00,"6,550.00"
2019-09-03,2019090301007726,NTC,43,22,10,655.00,"6,550.00"
2019-09-03,2019090301007703,NTC,45,46,20,651.00,"13,020.00"
2019-09-03,2019090301007702,NTC,6,46,20,651.00,"13,020.00"
2019-09-03,2019090301007481,PCBL,33,58,982,271.00,"266,122.00"
2019-09-03,2019090301007462,PCBL,33,58,"1,000",271.00,"271,000.00"
2019-09-03,2019090301007731,PIC,8,43,10,399.00,"3,990.00"
2019-09-03,2019090301007730,PIC,8,45,30,397.00,"11,910.00"
2019-09-03,2019090301007687,PIC,8,45,10,397.00,"3,970.00"
2019-09-03,2019090301007670,PIC,37,3,106,396.00,"41,976.00"
2019-09-03,2019090301007741,PLIC,5,54,90,409.00,"36,810.00"
2019-09-03,2019090301007740,PLIC,5,16,80,405.00,"32,400.00"
2019-09-03,2019090301007473,PLIC,29,54,10,409.00,"4,090.00"
2019-09-03,2019090301007701,PMHPL,4,58,10,97.00,970.00
2019-09-03,2019090301007682,PPCL,3,42,10,97.00,970.00
2019-09-03,2019090301007531,PPCL,13,3,10,96.00,960.00
2019-09-03,2019090301007816,PRVU,6,45,500,264.00,"132,000.00"
2019-09-03,2019090301007811,PRVU,39,45,200,264.00,"52,800.00"
2019-09-03,2019090301007797,PRVU,49,16,100,263.00,"26,300.00"
2019-09-03,2019090301007509,PRVU,49,55,535,263.00,"140,705.00"
2019-09-03,2019090301007508,PRVU,34,55,100,263.00,"26,300.00"
2019-09-03,2019090301007507,PRVU,48,55,100,263.00,"26,300.00"
2019-09-03,2019090301007506,PRVU,13,55,200,263.00,"52,600.00"
2019-09-03,2019090301007347,PRVU,33,45,500,264.00,"132,000.00"
2019-09-03,2019090301007346,PRVU,49,45,"1,299",264.00,"342,936.00"
2019-09-03,2019090301007805,RHPL,14,34,30,179.00,"5,370.00"
2019-09-03,2019090301007803,RHPL,35,34,10,179.00,"1,790.00"
2019-09-03,2019090301007800,RHPL,59,58,30,177.00,"5,310.00"
2019-09-03,2019090301007744,RHPL,59,39,30,177.00,"5,310.00"
2019-09-03,2019090301007734,RHPL,59,58,30,177.00,"5,310.00"
2019-09-03,2019090301007714,RHPL,59,34,55,179.00,"9,845.00"
2019-09-03,2019090301007454,RHPL,45,59,20,178.00,"3,560.00"
2019-09-03,2019090301007453,RHPL,13,59,10,178.00,"1,780.00"
2019-09-03,2019090301007451,RHPL,13,17,40,178.00,"7,120.00"
2019-09-03,2019090301007439,RHPL,13,33,100,178.00,"17,800.00"
2019-09-03,2019090301007349,RHPL,13,6,50,178.00,"8,900.00"
2019-09-03,2019090301007539,RHPL,29,52,50,179.00,"8,950.00"
2019-09-03,2019090301007538,RHPL,29,56,800,179.00,"143,200.00"
2019-09-03,2019090301007537,RHPL,29,28,65,179.00,"11,635.00"
2019-09-03,2019090301007536,RHPL,29,43,30,178.00,"5,340.00"
2019-09-03,2019090301007504,RHPL,38,28,50,178.00,"8,900.00"
2019-09-03,2019090301007503,RHPL,45,28,150,178.00,"26,700.00"
2019-09-03,2019090301007713,RHPL,59,21,945,179.00,"169,155.00"
2019-09-03,2019090301007700,RHPL,59,39,20,177.00,"3,540.00"
2019-09-03,2019090301007665,RHPL,59,21,300,177.00,"53,100.00"
2019-09-03,2019090301007664,RHPL,29,21,500,177.00,"88,500.00"
2019-09-03,2019090301007663,RHPL,11,21,200,178.00,"35,600.00"
2019-09-03,2019090301007540,RHPL,29,21,55,179.00,"9,845.00"
2019-09-03,2019090301007724,RSDC,46,35,50,354.00,"17,700.00"
2019-09-03,2019090301007675,RSDC,46,43,20,352.00,"7,040.00"
2019-09-03,2019090301007814,SABSL,5,26,10,520.00,"5,200.00"
2019-09-03,2019090301007799,SABSL,57,42,10,530.00,"5,300.00"
2019-09-03,2019090301007794,SABSL,5,42,10,530.00,"5,300.00"
2019-09-03,2019090301007776,SABSL,5,47,10,520.00,"5,200.00"
2019-09-03,2019090301007775,SABSL,5,7,10,520.00,"5,200.00"
2019-09-03,2019090301007754,SABSL,20,38,10,514.00,"5,140.00"
2019-09-03,2019090301007330,SABSL,38,51,10,509.00,"5,090.00"
2019-09-03,2019090301007329,SABSL,38,13,10,509.00,"5,090.00"
2019-09-03,2019090301007328,SABSL,38,13,10,509.00,"5,090.00"
2019-09-03,2019090301007324,SABSL,32,59,10,507.00,"5,070.00"
2019-09-03,2019090301007374,SABSL,40,45,90,510.00,"45,900.00"
2019-09-03,2019090301007373,SABSL,40,40,10,509.00,"5,090.00"
2019-09-03,2019090301007368,SABSL,21,59,10,508.00,"5,080.00"
2019-09-03,2019090301007348,SABSL,21,59,10,508.00,"5,080.00"
2019-09-03,2019090301007332,SABSL,38,45,20,510.00,"10,200.00"
2019-09-03,2019090301007331,SABSL,38,58,10,509.00,"5,090.00"
2019-09-03,2019090301007397,SABSL,21,59,10,508.00,"5,080.00"
2019-09-03,2019090301007379,SABSL,40,8,10,510.00,"5,100.00"
2019-09-03,2019090301007378,SABSL,40,29,10,510.00,"5,100.00"
2019-09-03,2019090301007377,SABSL,40,8,10,510.00,"5,100.00"
2019-09-03,2019090301007376,SABSL,40,44,10,510.00,"5,100.00"
2019-09-03,2019090301007375,SABSL,40,47,10,510.00,"5,100.00"
2019-09-03,2019090301007404,SABSL,49,58,120,510.00,"61,200.00"
2019-09-03,2019090301007403,SABSL,49,55,10,510.00,"5,100.00"
2019-09-03,2019090301007402,SABSL,49,32,10,510.00,"5,100.00"
2019-09-03,2019090301007401,SABSL,49,25,10,510.00,"5,100.00"
2019-09-03,2019090301007400,SABSL,49,40,10,509.00,"5,090.00"
2019-09-03,2019090301007399,SABSL,49,40,10,509.00,"5,090.00"
2019-09-03,2019090301007427,SABSL,49,40,10,509.00,"5,090.00"
2019-09-03,2019090301007426,SABSL,49,34,10,509.00,"5,090.00"
2019-09-03,2019090301007416,SABSL,21,59,10,508.00,"5,080.00"
2019-09-03,2019090301007407,SABSL,49,50,10,510.00,"5,100.00"
2019-09-03,2019090301007406,SABSL,49,46,10,510.00,"5,100.00"
2019-09-03,2019090301007405,SABSL,49,46,10,510.00,"5,100.00"
2019-09-03,2019090301007497,SABSL,49,40,10,510.00,"5,100.00"
2019-09-03,2019090301007459,SABSL,49,40,10,510.00,"5,100.00"
2019-09-03,2019090301007450,SABSL,49,40,10,510.00,"5,100.00"
2019-09-03,2019090301007435,SABSL,49,40,10,510.00,"5,100.00"
2019-09-03,2019090301007434,SABSL,49,59,10,510.00,"5,100.00"
2019-09-03,2019090301007428,SABSL,49,6,10,510.00,"5,100.00"
2019-09-03,2019090301007550,SABSL,34,34,10,513.00,"5,130.00"
2019-09-03,2019090301007549,SABSL,34,46,10,513.00,"5,130.00"
2019-09-03,2019090301007548,SABSL,34,25,10,512.00,"5,120.00"
2019-09-03,2019090301007514,SABSL,5,46,10,511.00,"5,110.00"
2019-09-03,2019090301007513,SABSL,5,46,10,511.00,"5,110.00"
2019-09-03,2019090301007510,SABSL,49,40,10,510.00,"5,100.00"
2019-09-03,2019090301007618,SABSL,49,28,30,515.00,"15,450.00"
2019-09-03,2019090301007617,SABSL,49,54,10,514.00,"5,140.00"
2019-09-03,2019090301007558,SABSL,49,39,10,510.00,"5,100.00"
2019-09-03,2019090301007553,SABSL,34,57,100,515.00,"51,500.00"
2019-09-03,2019090301007552,SABSL,34,46,10,514.00,"5,140.00"
2019-09-03,2019090301007551,SABSL,34,47,10,513.00,"5,130.00"
2019-09-03,2019090301007624,SABSL,49,45,10,517.00,"5,170.00"
2019-09-03,2019090301007623,SABSL,49,45,10,517.00,"5,170.00"
2019-09-03,2019090301007622,SABSL,49,4,10,517.00,"5,170.00"
2019-09-03,2019090301007621,SABSL,49,17,10,517.00,"5,170.00"
2019-09-03,2019090301007620,SABSL,49,51,50,517.00,"25,850.00"
2019-09-03,2019090301007619,SABSL,49,46,10,516.00,"5,160.00"
2019-09-03,2019090301007630,SABSL,49,46,10,520.00,"5,200.00"
2019-09-03,2019090301007629,SABSL,49,1,100,520.00,"52,000.00"
2019-09-03,2019090301007628,SABSL,49,34,10,519.00,"5,190.00"
2019-09-03,2019090301007627,SABSL,49,28,50,519.00,"25,950.00"
2019-09-03,2019090301007626,SABSL,49,45,10,517.00,"5,170.00"
2019-09-03,2019090301007625,SABSL,49,45,10,517.00,"5,170.00"
2019-09-03,2019090301007729,SABSL,5,44,10,520.00,"5,200.00"
2019-09-03,2019090301007716,SABSL,49,48,10,520.00,"5,200.00"
2019-09-03,2019090301007715,SABSL,49,48,10,520.00,"5,200.00"
2019-09-03,2019090301007685,SABSL,32,19,10,520.00,"5,200.00"
2019-09-03,2019090301007661,SABSL,40,39,10,511.00,"5,110.00"
2019-09-03,2019090301007631,SABSL,49,46,10,520.00,"5,200.00"
2019-09-03,2019090301007564,SADBL,25,4,637,143.00,"91,091.00"
2019-09-03,2019090301007436,SADBL,14,4,100,143.00,"14,300.00"
2019-09-03,2019090301007371,SADBL,58,4,33,143.00,"4,719.00"
2019-09-03,2019090301007362,SADBL,58,4,832,142.00,"118,144.00"
2019-09-03,2019090301007361,SADBL,58,4,145,142.00,"20,590.00"
2019-09-03,2019090301007335,SADBL,59,4,10,142.00,"1,420.00"
2019-09-03,2019090301007334,SADBL,59,4,90,142.00,"12,780.00"
2019-09-03,2019090301007795,SANIMA,7,58,"1,000",355.00,"355,000.00"
2019-09-03,2019090301007727,SANIMA,7,58,"1,000",355.00,"355,000.00"
2019-09-03,2019090301007686,SANIMA,38,38,200,355.00,"71,000.00"
2019-09-03,2019090301007530,SANIMA,19,42,"2,000",353.00,"706,000.00"
2019-09-03,2019090301007489,SANIMA,19,16,100,353.00,"35,300.00"
2019-09-03,2019090301007488,SANIMA,19,45,700,353.00,"247,100.00"
2019-09-03,2019090301007468,SANIMA,11,45,470,353.00,"165,910.00"
2019-09-03,2019090301007467,SANIMA,11,25,500,353.00,"176,500.00"
2019-09-03,2019090301007466,SANIMA,11,32,150,352.00,"52,800.00"
2019-09-03,2019090301007465,SANIMA,11,22,300,352.00,"105,600.00"
2019-09-03,2019090301007464,SANIMA,11,58,80,352.00,"28,160.00"
2019-09-03,2019090301007352,SANIMA,58,58,20,352.00,"7,040.00"
2019-09-03,2019090301007697,SBI,34,16,200,440.00,"88,000.00"
2019-09-03,2019090301007762,SBL,35,32,349,315.00,"109,935.00"
2019-09-03,2019090301007761,SBL,10,32,188,315.00,"59,220.00"
2019-09-03,2019090301007733,SBL,10,39,112,315.00,"35,280.00"
2019-09-03,2019090301007660,SBL,10,39,700,315.00,"220,500.00"
2019-09-03,2019090301007476,SDESI,10,34,200,632.00,"126,400.00"
2019-09-03,2019090301007668,SHINE,28,40,20,255.00,"5,100.00"
2019-09-03,2019090301007789,SHIVM,58,54,200,552.00,"110,400.00"
2019-09-03,2019090301007777,SHIVM,34,22,50,549.00,"27,450.00"
2019-09-03,2019090301007760,SHIVM,38,50,100,550.00,"55,000.00"
2019-09-03,2019090301007759,SHIVM,38,48,224,550.00,"123,200.00"
2019-09-03,2019090301007737,SHIVM,58,48,50,550.00,"27,500.00"
2019-09-03,2019090301007736,SHIVM,58,19,50,550.00,"27,500.00"
2019-09-03,2019090301007364,SHIVM,25,48,100,548.00,"54,800.00"
2019-09-03,2019090301007363,SHIVM,1,48,50,549.00,"27,450.00"
2019-09-03,2019090301007344,SHIVM,1,22,100,549.00,"54,900.00"
2019-09-03,2019090301007322,SHIVM,1,32,50,549.00,"27,450.00"
2019-09-03,2019090301007649,SHIVM,38,48,150,549.00,"82,350.00"
2019-09-03,2019090301007604,SHIVM,16,22,100,549.00,"54,900.00"
2019-09-03,2019090301007456,SHIVM,29,56,50,548.00,"27,400.00"
2019-09-03,2019090301007429,SHIVM,49,56,100,548.00,"54,800.00"
2019-09-03,2019090301007735,SHIVM,58,25,400,550.00,"220,000.00"
2019-09-03,2019090301007723,SHIVM,38,25,100,550.00,"55,000.00"
2019-09-03,2019090301007722,SHIVM,38,21,50,550.00,"27,500.00"
2019-09-03,2019090301007721,SHIVM,38,36,50,550.00,"27,500.00"
2019-09-03,2019090301007689,SHIVM,38,36,200,550.00,"110,000.00"
2019-09-03,2019090301007650,SHIVM,38,55,100,549.00,"54,900.00"
2019-09-03,2019090301007541,SHL,29,4,100,225.00,"22,500.00"
2019-09-03,2019090301007321,SHL,7,4,225,222.00,"49,950.00"
2019-09-03,2019090301007652,SIL,34,55,50,416.00,"20,800.00"
2019-09-03,2019090301007808,SJCL,59,32,10,191.00,"1,910.00"
2019-09-03,2019090301007793,SJCL,29,38,20,191.00,"3,820.00"
2019-09-03,2019090301007791,SJCL,14,39,20,190.00,"3,800.00"
2019-09-03,2019090301007763,SJCL,14,58,10,190.00,"1,900.00"
2019-09-03,2019090301007728,SJCL,51,39,120,190.00,"22,800.00"
2019-09-03,2019090301007683,SJCL,51,43,20,190.00,"3,800.00"
2019-09-03,2019090301007433,SJCL,38,38,20,193.00,"3,860.00"
2019-09-03,2019090301007423,SJCL,38,43,10,193.00,"1,930.00"
2019-09-03,2019090301007415,SJCL,38,38,20,193.00,"3,860.00"
2019-09-03,2019090301007408,SJCL,38,43,10,193.00,"1,930.00"
2019-09-03,2019090301007461,SJCL,42,43,20,191.00,"3,820.00"
2019-09-03,2019090301007445,SJCL,59,57,30,192.00,"5,760.00"
2019-09-03,2019090301007443,SJCL,38,57,50,192.00,"9,600.00"
2019-09-03,2019090301007442,SJCL,56,57,400,192.00,"76,800.00"
2019-09-03,2019090301007441,SJCL,59,57,420,192.00,"80,640.00"
2019-09-03,2019090301007440,SJCL,38,57,110,193.00,"21,230.00"
2019-09-03,2019090301007502,SJCL,42,38,20,191.00,"3,820.00"
2019-09-03,2019090301007478,SJCL,42,43,10,191.00,"1,910.00"
2019-09-03,2019090301007469,SJCL,42,59,20,191.00,"3,820.00"
2019-09-03,2019090301007463,SJCL,42,17,20,191.00,"3,820.00"
2019-09-03,2019090301007571,SJCL,42,21,800,191.00,"152,800.00"
2019-09-03,2019090301007563,SJCL,42,38,10,191.00,"1,910.00"
2019-09-03,2019090301007546,SJCL,42,38,20,191.00,"3,820.00"
2019-09-03,2019090301007529,SJCL,42,38,20,191.00,"3,820.00"
2019-09-03,2019090301007603,SJCL,51,43,20,190.00,"3,800.00"
2019-09-03,2019090301007602,SJCL,14,57,"2,000",192.00,"384,000.00"
2019-09-03,2019090301007599,SJCL,59,57,10,192.00,"1,920.00"
2019-09-03,2019090301007575,SJCL,32,57,100,192.00,"19,200.00"
2019-09-03,2019090301007707,SKBBL,58,45,500,962.00,"481,000.00"
2019-09-03,2019090301007704,SKBBL,34,52,500,963.00,"481,500.00"
2019-09-03,2019090301007501,SKBBL,29,34,25,969.00,"24,225.00"
2019-09-03,2019090301007796,SLBBL,26,49,100,565.00,"56,500.00"
2019-09-03,2019090301007543,SLBBL,39,49,100,567.00,"56,700.00"
2019-09-03,2019090301007413,SLBBL,58,7,20,570.00,"11,400.00"
2019-09-03,2019090301007398,SLBSL,52,33,200,741.00,"148,200.00"
2019-09-03,2019090301007319,SLBSL,52,26,10,741.00,"7,410.00"
2019-09-03,2019090301007768,SMATA,18,28,100,"1,285.00","128,500.00"
2019-09-03,2019090301007767,SMATA,47,28,50,"1,286.00","64,300.00"
2019-09-03,2019090301007766,SMATA,48,28,38,"1,300.00","49,400.00"
2019-09-03,2019090301007367,SMATA,16,16,2,"1,309.00","2,618.00"
2019-09-03,2019090301007323,SMATA,16,16,2,"1,310.00","2,620.00"
2019-09-03,2019090301007804,SPARS,25,25,10,611.00,"6,110.00"
2019-09-03,2019090301007458,SPARS,34,21,10,604.00,"6,040.00"
2019-09-03,2019090301007457,SPARS,34,11,10,599.00,"5,990.00"
2019-09-03,2019090301007325,SRBL,45,44,100,236.00,"23,600.00"
2019-09-03,2019090301007351,UIC,46,48,90,288.00,"25,920.00"
2019-09-03,2019090301007350,UIC,46,51,10,288.00,"2,880.00"
2019-09-03,2019090301007412,UPCL,6,13,100,81.00,"8,100.00"
2019-09-03,2019090301007411,UPCL,6,13,50,81.00,"4,050.00"
2019-09-03,2019090301007783,UPPER,13,1,80,245.00,"19,600.00"
2019-09-03,2019090301007782,UPPER,6,1,60,246.00,"14,760.00"
2019-09-03,2019090301007781,UPPER,34,1,10,246.00,"2,460.00"
2019-09-03,2019090301007635,UPPER,6,59,300,247.00,"74,100.00"
2019-09-03,2019090301007634,UPPER,6,48,356,247.00,"87,932.00"
2019-09-03,2019090301007633,UPPER,6,33,952,247.00,"235,144.00"
2019-09-03,2019090301007484,UPPER,34,54,40,246.00,"9,840.00"
2019-09-03,2019090301007343,VLBS,39,33,100,560.00,"56,000.00"
2019-09-03,2019090301007342,VLBS,17,33,35,560.00,"19,600.00"
2019-09-03,2019090301007496,VLBS,17,22,10,581.00,"5,810.00"
2019-09-03,2019090301007384,VLBS,33,33,100,570.00,"57,000.00"
2019-09-03,2019090301007128,ADBL,53,20,500,425.00,"212,500.00"
2019-09-03,2019090301007117,ADBL,39,20,100,425.00,"42,500.00"
2019-09-03,2019090301007066,ADBL,34,48,250,425.00,"106,250.00"
2019-09-03,2019090301007065,ADBL,34,44,"1,000",425.00,"425,000.00"
2019-09-03,2019090301006935,ADBL,49,45,425,426.00,"181,050.00"
2019-09-03,2019090301006934,ADBL,49,17,75,426.00,"31,950.00"
2019-09-03,2019090301006838,ADBL,34,44,20,423.00,"8,460.00"
2019-09-03,2019090301006882,ADBL,39,17,125,426.00,"53,250.00"
2019-09-03,2019090301006881,ADBL,39,34,150,426.00,"63,900.00"
2019-09-03,2019090301006880,ADBL,39,51,63,425.00,"26,775.00"
2019-09-03,2019090301006879,ADBL,39,6,362,425.00,"153,850.00"
2019-09-03,2019090301006878,ADBL,39,8,300,425.00,"127,500.00"
2019-09-03,2019090301006839,ADBL,34,44,"1,000",424.00,"424,000.00"
2019-09-03,2019090301007131,AHPC,42,21,10,102.00,"1,020.00"
2019-09-03,2019090301007004,AHPC,34,21,10,102.00,"1,020.00"
2019-09-03,2019090301006995,AHPC,35,45,346,100.00,"34,600.00"
2019-09-03,2019090301006919,AHPC,39,45,204,100.00,"20,400.00"
2019-09-03,2019090301006918,AHPC,39,21,273,100.00,"27,300.00"
2019-09-03,2019090301006917,AHPC,39,6,23,100.00,"2,300.00"
2019-09-03,2019090301006853,AHPC,49,55,197,100.00,"19,700.00"
2019-09-03,2019090301006819,AHPC,43,55,300,100.00,"30,000.00"
2019-09-03,2019090301007261,AKPL,25,7,10,153.00,"1,530.00"
2019-09-03,2019090301007076,AKPL,58,39,777,150.00,"116,550.00"
2019-09-03,2019090301007181,ALBSL,37,25,20,453.00,"9,060.00"
2019-09-03,2019090301007180,ALBSL,37,35,50,450.00,"22,500.00"
2019-09-03,2019090301007179,ALBSL,37,25,100,448.00,"44,800.00"
2019-09-03,2019090301007178,ALBSL,37,25,15,448.00,"6,720.00"
2019-09-03,2019090301007177,ALBSL,37,25,300,447.00,"134,100.00"
2019-09-03,2019090301007103,ALBSL,25,32,10,445.00,"4,450.00"
2019-09-03,2019090301007092,ALBSL,37,25,400,439.00,"175,600.00"
2019-09-03,2019090301006864,ALBSL,25,34,10,445.00,"4,450.00"
2019-09-03,2019090301007226,ALICL,14,8,100,329.00,"32,900.00"
2019-09-03,2019090301007225,ALICL,14,45,20,328.00,"6,560.00"
2019-09-03,2019090301007224,ALICL,14,43,50,328.00,"16,400.00"
2019-09-03,2019090301007135,ALICL,39,25,100,327.00,"32,700.00"
2019-09-03,2019090301007106,ALICL,59,17,100,327.00,"32,700.00"
2019-09-03,2019090301007078,ALICL,59,51,200,327.00,"65,400.00"
2019-09-03,2019090301007306,API,34,25,"1,000",116.00,"116,000.00"
2019-09-03,2019090301007297,API,58,32,85,117.00,"9,945.00"
2019-09-03,2019090301007275,API,57,32,50,117.00,"5,850.00"
2019-09-03,2019090301007211,API,22,32,500,117.00,"58,500.00"
2019-09-03,2019090301007140,API,25,32,50,117.00,"5,850.00"
2019-09-03,2019090301007108,API,7,32,200,117.00,"23,400.00"
2019-09-03,2019090301007061,API,25,32,150,117.00,"17,550.00"
2019-09-03,2019090301006964,API,25,32,30,117.00,"3,510.00"
2019-09-03,2019090301006905,API,41,32,700,117.00,"81,900.00"
2019-09-03,2019090301006904,API,29,32,700,117.00,"81,900.00"
2019-09-03,2019090301006903,API,16,32,50,117.00,"5,850.00"
2019-09-03,2019090301006957,BARUN,56,46,10,84.00,840.00
2019-09-03,2019090301006956,BARUN,56,56,20,84.00,"1,680.00"
2019-09-03,2019090301006955,BARUN,56,39,10,83.00,830.00
2019-09-03,2019090301006954,BARUN,56,39,10,83.00,830.00
2019-09-03,2019090301006953,BARUN,56,39,10,83.00,830.00
2019-09-03,2019090301006952,BARUN,56,21,10,82.00,820.00
2019-09-03,2019090301006986,BOKL,6,47,100,259.00,"25,900.00"
2019-09-03,2019090301007062,BPCL,33,51,10,393.00,"3,930.00"
2019-09-03,2019090301006998,BPCL,33,7,85,387.00,"32,895.00"
2019-09-03,2019090301006961,BPCL,33,52,200,387.00,"77,400.00"
2019-09-03,2019090301006960,BPCL,33,42,100,387.00,"38,700.00"
2019-09-03,2019090301006959,BPCL,33,28,15,387.00,"5,805.00"
2019-09-03,2019090301006958,BPCL,33,22,100,386.00,"38,600.00"
2019-09-03,2019090301006888,BPCL,14,22,50,385.00,"19,250.00"
2019-09-03,2019090301006858,BPCL,14,37,11,384.00,"4,224.00"
2019-09-03,2019090301006988,CBBL,47,53,50,977.00,"48,850.00"
2019-09-03,2019090301006876,CBBL,34,33,684,975.00,"666,900.00"
2019-09-03,2019090301007187,CBL,1,26,950,148.00,"140,600.00"
2019-09-03,2019090301007073,CBL,26,26,50,148.00,"7,400.00"
2019-09-03,2019090301007277,CCBL,5,16,200,158.00,"31,600.00"
2019-09-03,2019090301007192,CCBL,45,32,200,159.00,"31,800.00"
2019-09-03,2019090301007183,CCBL,32,32,300,159.00,"47,700.00"
2019-09-03,2019090301007104,CCBL,42,32,200,159.00,"31,800.00"
2019-09-03,2019090301007046,CCBL,53,32,100,159.00,"15,900.00"
2019-09-03,2019090301007015,CCBL,45,32,100,159.00,"15,900.00"
2019-09-03,2019090301006999,CCBL,59,32,60,159.00,"9,540.00"
2019-09-03,2019090301006872,CCBL,46,32,"1,000",159.00,"159,000.00"
2019-09-03,2019090301007137,CFCL,7,4,61,115.00,"7,015.00"
2019-09-03,2019090301007244,CIT,38,57,20,"2,280.00","45,600.00"
2019-09-03,2019090301007215,CIT,16,57,100,"2,280.00","228,000.00"
2019-09-03,2019090301007149,CIT,56,57,200,"2,280.00","456,000.00"
2019-09-03,2019090301007054,CIT,56,57,100,"2,280.00","228,000.00"
2019-09-03,2019090301007033,CIT,53,57,100,"2,280.00","228,000.00"
2019-09-03,2019090301006846,CIT,45,41,80,"2,280.00","182,400.00"
2019-09-03,2019090301006845,CIT,45,32,119,"2,279.00","271,201.00"
2019-09-03,2019090301006844,CIT,45,32,10,"2,275.00","22,750.00"
2019-09-03,2019090301007232,CORBL,25,57,200,116.00,"23,200.00"
2019-09-03,2019090301007139,CZBIL,21,45,200,220.00,"44,000.00"
2019-09-03,2019090301007136,CZBIL,21,45,200,220.00,"44,000.00"
2019-09-03,2019090301007077,CZBIL,34,52,70,219.00,"15,330.00"
2019-09-03,2019090301007302,DBBL,21,56,500,133.00,"66,500.00"
2019-09-03,2019090301007014,DBBL,49,26,500,132.00,"66,000.00"
2019-09-03,2019090301007246,EBL,38,8,100,625.00,"62,500.00"
2019-09-03,2019090301007205,EIC,57,17,100,310.00,"31,000.00"
2019-09-03,2019090301007122,FMDBL,42,39,10,387.00,"3,870.00"
2019-09-03,2019090301006841,FMDBL,25,26,58,385.00,"22,330.00"
2019-09-03,2019090301006840,FMDBL,25,59,120,384.00,"46,080.00"
2019-09-03,2019090301007098,GBBL,50,44,111,216.00,"23,976.00"
2019-09-03,2019090301007097,GBBL,50,39,39,216.00,"8,424.00"
2019-09-03,2019090301006856,GBBL,57,39,10,216.00,"2,160.00"
2019-09-03,2019090301007294,GBLBS,32,19,100,339.00,"33,900.00"
2019-09-03,2019090301007012,GBLBS,42,49,100,340.00,"34,000.00"
2019-09-03,2019090301006976,GBLBS,58,49,500,340.00,"170,000.00"
2019-09-03,2019090301006972,GBLBS,38,52,10,338.00,"3,380.00"
2019-09-03,2019090301006932,GBLBS,16,44,363,340.00,"123,420.00"
2019-09-03,2019090301006931,GBLBS,16,58,124,340.00,"42,160.00"
2019-09-03,2019090301006930,GBLBS,16,21,15,339.00,"5,085.00"
2019-09-03,2019090301007159,GDBL,21,53,100,208.00,"20,800.00"
2019-09-03,2019090301007138,GDBL,21,26,100,208.00,"20,800.00"
2019-09-03,2019090301007132,GDBL,35,26,200,208.00,"41,600.00"
2019-09-03,2019090301007305,GILB,7,36,10,728.00,"7,280.00"
2019-09-03,2019090301007074,GLBSL,32,44,10,467.00,"4,670.00"
2019-09-03,2019090301006843,GLBSL,7,38,130,476.00,"61,880.00"
2019-09-03,2019090301007126,GLICL,42,39,10,399.00,"3,990.00"
2019-09-03,2019090301007145,GUFL,3,49,100,118.00,"11,800.00"
2019-09-03,2019090301007210,HBL,13,58,50,524.00,"26,200.00"
2019-09-03,2019090301007249,HDL,34,38,10,"1,529.00","15,290.00"
2019-09-03,2019090301007216,HDL,34,38,100,"1,529.00","152,900.00"
2019-09-03,2019090301007191,HDL,56,38,90,"1,529.00","137,610.00"
2019-09-03,2019090301007079,HDL,45,38,200,"1,525.00","305,000.00"
2019-09-03,2019090301006974,HDL,49,38,190,"1,525.00","289,750.00"
2019-09-03,2019090301007041,HGI,34,5,500,305.00,"152,500.00"
2019-09-03,2019090301007025,HGI,39,3,100,307.00,"30,700.00"
2019-09-03,2019090301007024,HGI,39,58,100,307.00,"30,700.00"
2019-09-03,2019090301007028,HIDCL,44,50,10,145.00,"1,450.00"
2019-09-03,2019090301007027,HIDCL,44,53,10,144.00,"1,440.00"
2019-09-03,2019090301006943,HIDCL,51,26,180,144.00,"25,920.00"
2019-09-03,2019090301006942,HIDCL,51,25,200,144.00,"28,800.00"
2019-09-03,2019090301006926,HIDCL,51,6,61,143.00,"8,723.00"
2019-09-03,2019090301006925,HIDCL,51,43,470,143.00,"67,210.00"
2019-09-03,2019090301006866,HIDCL,51,50,200,142.00,"28,400.00"
2019-09-03,2019090301007266,ICFC,49,49,500,163.00,"81,500.00"
2019-09-03,2019090301007265,ICFC,49,49,500,163.00,"81,500.00"
2019-09-03,2019090301007264,ICFC,49,39,500,162.00,"81,000.00"
2019-09-03,2019090301007263,ICFC,49,50,800,161.00,"128,800.00"
2019-09-03,2019090301007300,ILBS,38,38,10,453.00,"4,530.00"
2019-09-03,2019090301007227,ILBS,38,38,10,454.00,"4,540.00"
2019-09-03,2019090301006901,ILBS,32,16,50,455.00,"22,750.00"
2019-09-03,2019090301006900,ILBS,32,42,10,455.00,"4,550.00"
2019-09-03,2019090301006899,ILBS,32,42,10,455.00,"4,550.00"
2019-09-03,2019090301006898,ILBS,32,26,10,453.00,"4,530.00"
2019-09-03,2019090301006867,ILBS,14,51,10,449.00,"4,490.00"
2019-09-03,2019090301006818,ILBS,56,52,10,444.00,"4,440.00"
2019-09-03,2019090301006897,ILBS,32,43,50,453.00,"22,650.00"
2019-09-03,2019090301006896,ILBS,32,17,70,452.00,"31,640.00"
2019-09-03,2019090301006871,ILBS,14,41,10,450.00,"4,500.00"
2019-09-03,2019090301006870,ILBS,14,29,10,450.00,"4,500.00"
2019-09-03,2019090301006869,ILBS,14,59,10,449.00,"4,490.00"
2019-09-03,2019090301006868,ILBS,14,51,10,449.00,"4,490.00"
2019-09-03,2019090301007048,JBBL,42,39,100,166.00,"16,600.00"
2019-09-03,2019090301007001,JFL,42,52,25,189.00,"4,725.00"
2019-09-03,2019090301007000,JFL,42,39,20,188.00,"3,760.00"
2019-09-03,2019090301007274,KBL,50,22,250,204.00,"51,000.00"
2019-09-03,2019090301007231,KBL,46,43,"1,000",203.00,"203,000.00"
2019-09-03,2019090301007221,KBL,46,43,370,203.00,"75,110.00"
2019-09-03,2019090301007220,KBL,32,43,630,203.00,"127,890.00"
2019-09-03,2019090301007147,KBL,49,22,50,204.00,"10,200.00"
2019-09-03,2019090301007144,KBL,32,43,370,203.00,"75,110.00"
2019-09-03,2019090301006971,KBL,22,40,100,203.00,"20,300.00"
2019-09-03,2019090301006970,KBL,6,40,500,203.00,"101,500.00"
2019-09-03,2019090301006969,KBL,5,40,500,203.00,"101,500.00"
2019-09-03,2019090301007143,KBL,17,43,250,203.00,"50,750.00"
2019-09-03,2019090301007142,KBL,14,43,380,203.00,"77,140.00"
2019-09-03,2019090301007082,KBL,14,45,120,203.00,"24,360.00"
2019-09-03,2019090301007035,KBL,21,22,150,204.00,"30,600.00"
2019-09-03,2019090301007034,KBL,21,32,50,204.00,"10,200.00"
2019-09-03,2019090301007017,KBL,21,32,200,204.00,"40,800.00"
2019-09-03,2019090301007189,KKHC,32,6,16,56.00,896.00
2019-09-03,2019090301006989,KPCL,55,59,290,84.00,"24,360.00"
2019-09-03,2019090301006941,KPCL,55,25,200,84.00,"16,800.00"
2019-09-03,2019090301006831,KSBBL,14,21,"1,406",145.00,"203,870.00"
2019-09-03,2019090301007058,LBBL,40,59,266,178.00,"47,348.00"
2019-09-03,2019090301007057,LBBL,40,53,"1,500",178.00,"267,000.00"
2019-09-03,2019090301007056,LBBL,40,45,200,178.00,"35,600.00"
2019-09-03,2019090301007055,LBBL,40,52,34,178.00,"6,052.00"
2019-09-03,2019090301007253,LBL,8,22,500,215.00,"107,500.00"
2019-09-03,2019090301007217,LGIL,42,52,67,383.00,"25,661.00"
2019-09-03,2019090301007255,LICN,34,43,50,"1,017.00","50,850.00"
2019-09-03,2019090301007317,MBL,14,55,200,251.00,"50,200.00"
2019-09-03,2019090301007254,MBL,18,16,100,253.00,"25,300.00"
2019-09-03,2019090301007209,MBL,34,26,124,252.00,"31,248.00"
2019-09-03,2019090301007154,MBL,53,26,200,252.00,"50,400.00"
2019-09-03,2019090301007153,MBL,11,26,200,252.00,"50,400.00"
2019-09-03,2019090301007152,MBL,44,26,10,252.00,"2,520.00"
2019-09-03,2019090301006939,MEGA,42,48,20,201.00,"4,020.00"
2019-09-03,2019090301006883,MEGA,58,48,50,201.00,"10,050.00"
2019-09-03,2019090301006865,MEGA,45,48,38,201.00,"7,638.00"
2019-09-03,2019090301007233,MEGA,39,48,10,201.00,"2,010.00"
2019-09-03,2019090301007250,MEGA,38,17,61,200.00,"12,200.00"
2019-09-03,2019090301007270,MEGA,38,17,12,200.00,"2,400.00"
2019-09-03,2019090301006985,MERO,34,52,13,557.00,"7,241.00"
2019-09-03,2019090301006984,MERO,55,52,20,560.00,"11,200.00"
2019-09-03,2019090301007157,MFIL,56,37,100,129.00,"12,900.00"
2019-09-03,2019090301007292,MHNL,52,39,10,89.00,890.00
2019-09-03,2019090301007146,MLBBL,34,55,50,465.00,"23,250.00"
2019-09-03,2019090301007094,MLBBL,22,35,150,464.00,"69,600.00"
2019-09-03,2019090301007093,MLBBL,22,35,100,464.00,"46,400.00"
2019-09-03,2019090301007304,MLBL,14,13,200,213.00,"42,600.00"
2019-09-03,2019090301007291,MLBL,14,13,800,213.00,"170,400.00"
2019-09-03,2019090301007197,MLBL,40,26,323,211.00,"68,153.00"
2019-09-03,2019090301007196,MLBL,42,26,100,211.00,"21,100.00"
2019-09-03,2019090301007195,MLBL,34,26,100,211.00,"21,100.00"
2019-09-03,2019090301007194,MLBL,49,26,100,211.00,"21,100.00"
2019-09-03,2019090301007193,MLBL,33,26,70,212.00,"14,840.00"
2019-09-03,2019090301007133,MLBL,14,13,200,213.00,"42,600.00"
2019-09-03,2019090301007141,NABIL,34,11,200,774.00,"154,800.00"
2019-09-03,2019090301006973,NABIL,5,45,15,775.00,"11,625.00"
2019-09-03,2019090301006829,NABIL,58,45,100,771.00,"77,100.00"
2019-09-03,2019090301006828,NABIL,58,4,101,771.00,"77,871.00"
2019-09-03,2019090301007243,NAGRO,41,34,100,780.00,"78,000.00"
2019-09-03,2019090301007242,NAGRO,41,57,10,780.00,"7,800.00"
2019-09-03,2019090301007241,NAGRO,41,51,60,778.00,"46,680.00"
2019-09-03,2019090301007009,NAGRO,34,29,10,778.00,"7,780.00"
2019-09-03,2019090301007008,NAGRO,34,40,10,775.00,"7,750.00"
2019-09-03,2019090301007007,NAGRO,34,21,10,767.00,"7,670.00"
2019-09-03,2019090301007006,NAGRO,34,25,10,766.00,"7,660.00"
2019-09-03,2019090301007238,NBB,29,22,100,213.00,"21,300.00"
2019-09-03,2019090301007167,NBL,51,56,170,321.00,"54,570.00"
2019-09-03,2019090301007123,NBL,51,1,100,321.00,"32,100.00"
2019-09-03,2019090301007011,NBL,42,58,100,322.00,"32,200.00"
2019-09-03,2019090301007010,NBL,42,26,100,321.00,"32,100.00"
2019-09-03,2019090301006916,NBL,29,58,255,322.00,"82,110.00"
2019-09-03,2019090301006915,NBL,29,43,100,322.00,"32,200.00"
2019-09-03,2019090301006914,NBL,29,44,300,322.00,"96,600.00"
2019-09-03,2019090301006913,NBL,29,47,100,322.00,"32,200.00"
2019-09-03,2019090301006912,NBL,29,4,295,322.00,"94,990.00"
2019-09-03,2019090301006911,NBL,29,38,50,322.00,"16,100.00"
2019-09-03,2019090301006877,NBL,53,45,"1,000",321.00,"321,000.00"
2019-09-03,2019090301007120,NCCB,58,3,10,204.00,"2,040.00"
2019-09-03,2019090301007114,NCCB,44,26,750,203.00,"152,250.00"
2019-09-03,2019090301007113,NCCB,44,40,"1,500",203.00,"304,500.00"
2019-09-03,2019090301007112,NCCB,44,11,100,203.00,"20,300.00"
2019-09-03,2019090301007111,NCCB,44,3,100,203.00,"20,300.00"
2019-09-03,2019090301007110,NCCB,44,4,115,203.00,"23,345.00"
2019-09-03,2019090301007021,NCCB,51,4,100,203.00,"20,300.00"
2019-09-03,2019090301006929,NCCB,58,4,300,203.00,"60,900.00"
2019-09-03,2019090301006887,NCCB,34,4,100,203.00,"20,300.00"
2019-09-03,2019090301006885,NCCB,25,26,100,202.00,"20,200.00"
2019-09-03,2019090301007020,NEF,17,47,"16,323",7.80,"127,319.40"
2019-09-03,2019090301006851,NEF,17,47,"10,000",7.80,"78,000.00"
2019-09-03,2019090301007207,NHPC,33,19,300,59.00,"17,700.00"
2019-09-03,2019090301007173,NHPC,33,56,"1,000",59.00,"59,000.00"
2019-09-03,2019090301007235,NIB,55,45,100,459.00,"45,900.00"
2019-09-03,2019090301007219,NIB,42,8,100,457.00,"45,700.00"
2019-09-03,2019090301007218,NIB,42,21,110,457.00,"50,270.00"
2019-09-03,2019090301007095,NIB,1,45,50,456.00,"22,800.00"
2019-09-03,2019090301007316,NICA,45,14,11,447.00,"4,917.00"
2019-09-03,2019090301007165,NICA,11,33,500,446.00,"223,000.00"
2019-09-03,2019090301007164,NICA,11,49,"1,000",445.00,"445,000.00"
2019-09-03,2019090301007163,NICA,11,45,300,445.00,"133,500.00"
2019-09-03,2019090301007115,NICA,29,45,500,445.00,"222,500.00"
2019-09-03,2019090301007091,NICA,14,45,200,445.00,"89,000.00"
2019-09-03,2019090301007088,NICA,29,18,50,444.00,"22,200.00"
2019-09-03,2019090301007072,NICA,29,22,500,444.00,"222,000.00"
2019-09-03,2019090301007071,NICA,29,33,350,444.00,"155,400.00"
2019-09-03,2019090301007067,NICA,14,33,100,444.00,"44,400.00"
2019-09-03,2019090301006946,NICA,17,33,50,444.00,"22,200.00"
2019-09-03,2019090301006945,NICA,17,46,200,444.00,"88,800.00"
2019-09-03,2019090301007273,NICL,1,7,130,289.00,"37,570.00"
2019-09-03,2019090301007272,NICL,42,7,50,289.00,"14,450.00"
2019-09-03,2019090301007271,NICL,3,7,10,289.00,"2,890.00"
2019-09-03,2019090301007223,NICL,25,58,150,290.00,"43,500.00"
2019-09-03,2019090301006909,NIL,39,38,10,394.00,"3,940.00"
2019-09-03,2019090301007203,NLIC,42,21,20,808.00,"16,160.00"
2019-09-03,2019090301007202,NLIC,42,42,25,808.00,"20,200.00"
2019-09-03,2019090301007059,NLIC,42,42,100,808.00,"80,800.00"
2019-09-03,2019090301006962,NNLB,39,25,50,433.00,"21,650.00"
2019-09-03,2019090301007107,NTC,22,22,300,655.00,"196,500.00"
2019-09-03,2019090301007086,NTC,59,46,10,655.00,"6,550.00"
2019-09-03,2019090301007085,NTC,59,38,30,654.00,"19,620.00"
2019-09-03,2019090301007084,NTC,59,17,180,652.00,"117,360.00"
2019-09-03,2019090301007083,NTC,59,21,100,651.00,"65,100.00"
2019-09-03,2019090301007053,NTC,59,43,110,650.00,"71,500.00"
2019-09-03,2019090301007026,NTC,38,43,100,650.00,"65,000.00"
2019-09-03,2019090301006927,NTC,36,17,20,652.00,"13,040.00"
2019-09-03,2019090301006983,NUBL,34,28,500,857.00,"428,500.00"
2019-09-03,2019090301006982,NUBL,34,45,100,857.00,"85,700.00"
2019-09-03,2019090301006947,OHL,38,26,10,577.00,"5,770.00"
2019-09-03,2019090301007121,OHL,14,52,100,580.00,"58,000.00"
2019-09-03,2019090301007101,OHL,42,52,10,580.00,"5,800.00"
2019-09-03,2019090301007100,OHL,42,38,40,578.00,"23,120.00"
2019-09-03,2019090301007099,OHL,42,26,90,577.00,"51,930.00"
2019-09-03,2019090301007184,PCBL,42,58,18,271.00,"4,878.00"
2019-09-03,2019090301006940,PCBL,7,58,805,270.00,"217,350.00"
2019-09-03,2019090301006863,PCBL,53,58,500,270.00,"135,000.00"
2019-09-03,2019090301007230,PFL,52,1,20,136.00,"2,720.00"
2019-09-03,2019090301007160,PIC,5,50,200,400.00,"80,000.00"
2019-09-03,2019090301006987,PIC,20,52,19,395.00,"7,505.00"
2019-09-03,2019090301006874,PIC,20,52,20,395.00,"7,900.00"
2019-09-03,2019090301006981,PLIC,49,25,500,406.00,"203,000.00"
2019-09-03,2019090301006830,PLIC,43,35,150,404.00,"60,600.00"
2019-09-03,2019090301007127,PMHPL,29,44,10,96.00,960.00
2019-09-03,2019090301007119,PRIN,44,32,78,338.00,"26,364.00"
2019-09-03,2019090301007170,PRVU,49,26,201,264.00,"53,064.00"
2019-09-03,2019090301007169,PRVU,53,26,100,264.00,"26,400.00"
2019-09-03,2019090301007168,PRVU,38,26,82,264.00,"21,648.00"
2019-09-03,2019090301006938,PRVU,1,44,100,265.00,"26,500.00"
2019-09-03,2019090301006920,PRVU,58,44,115,265.00,"30,475.00"
2019-09-03,2019090301006859,PRVU,58,50,23,266.00,"6,118.00"
2019-09-03,2019090301007090,PRVU,38,42,100,265.00,"26,500.00"
2019-09-03,2019090301007089,PRVU,38,44,785,265.00,"208,025.00"
2019-09-03,2019090301007262,RADHI,7,57,11,136.00,"1,496.00"
2019-09-03,2019090301007258,RHPL,13,29,10,178.00,"1,780.00"
2019-09-03,2019090301007229,RHPL,57,32,40,178.00,"7,120.00"
2019-09-03,2019090301007206,RHPL,1,28,30,179.00,"5,370.00"
2019-09-03,2019090301007151,RHPL,35,28,10,179.00,"1,790.00"
2019-09-03,2019090301006991,RHPL,57,52,40,178.00,"7,120.00"
2019-09-03,2019090301006980,RHPL,57,39,100,178.00,"17,800.00"
2019-09-03,2019090301006836,RHPL,38,38,50,177.00,"8,850.00"
2019-09-03,2019090301006835,RHPL,38,38,50,177.00,"8,850.00"
2019-09-03,2019090301006834,RHPL,38,38,40,177.00,"7,080.00"
2019-09-03,2019090301006833,RHPL,38,38,50,177.00,"8,850.00"
2019-09-03,2019090301006832,RHPL,38,18,30,177.00,"5,310.00"
2019-09-03,2019090301006979,RHPL,57,25,10,178.00,"1,780.00"
2019-09-03,2019090301006978,RHPL,57,25,100,178.00,"17,800.00"
2019-09-03,2019090301006889,RHPL,26,22,50,176.00,"8,800.00"
2019-09-03,2019090301006884,RHPL,26,52,40,176.00,"7,040.00"
2019-09-03,2019090301006860,RHPL,26,38,30,176.00,"5,280.00"
2019-09-03,2019090301006837,RHPL,38,38,10,177.00,"1,770.00"
2019-09-03,2019090301007201,RSDC,51,5,13,348.00,"4,524.00"
2019-09-03,2019090301006963,RSDC,6,49,10,354.00,"3,540.00"
2019-09-03,2019090301007311,SABSL,32,5,10,507.00,"5,070.00"
2019-09-03,2019090301007308,SABSL,32,59,10,507.00,"5,070.00"
2019-09-03,2019090301007301,SABSL,32,59,10,507.00,"5,070.00"
2019-09-03,2019090301007282,SABSL,57,41,10,506.00,"5,060.00"
2019-09-03,2019090301007279,SABSL,57,59,10,506.00,"5,060.00"
2019-09-03,2019090301007276,SABSL,57,21,10,506.00,"5,060.00"
2019-09-03,2019090301006825,SABSL,5,21,60,503.00,"30,180.00"
2019-09-03,2019090301006821,SABSL,5,28,10,507.00,"5,070.00"
2019-09-03,2019090301006820,SABSL,5,28,10,506.00,"5,060.00"
2019-09-03,2019090301006862,SABSL,38,4,10,502.00,"5,020.00"
2019-09-03,2019090301006861,SABSL,5,38,10,508.00,"5,080.00"
2019-09-03,2019090301006855,SABSL,38,4,10,502.00,"5,020.00"
2019-09-03,2019090301006854,SABSL,38,22,10,502.00,"5,020.00"
2019-09-03,2019090301006852,SABSL,38,4,10,502.00,"5,020.00"
2019-09-03,2019090301006847,SABSL,38,45,10,502.00,"5,020.00"
2019-09-03,2019090301006933,SABSL,38,18,10,502.00,"5,020.00"
2019-09-03,2019090301006924,SABSL,5,4,10,503.00,"5,030.00"
2019-09-03,2019090301006908,SABSL,5,4,10,503.00,"5,030.00"
2019-09-03,2019090301006890,SABSL,5,52,10,503.00,"5,030.00"
2019-09-03,2019090301006886,SABSL,5,4,10,503.00,"5,030.00"
2019-09-03,2019090301006873,SABSL,5,4,10,503.00,"5,030.00"
2019-09-03,2019090301007013,SABSL,8,42,10,504.00,"5,040.00"
2019-09-03,2019090301007005,SABSL,8,56,10,504.00,"5,040.00"
2019-09-03,2019090301006990,SABSL,8,18,10,504.00,"5,040.00"
2019-09-03,2019090301006977,SABSL,8,56,10,504.00,"5,040.00"
2019-09-03,2019090301006975,SABSL,8,18,10,504.00,"5,040.00"
2019-09-03,2019090301006944,SABSL,34,56,10,503.00,"5,030.00"
2019-09-03,2019090301007070,SABSL,16,17,10,504.00,"5,040.00"
2019-09-03,2019090301007045,SABSL,16,42,10,504.00,"5,040.00"
2019-09-03,2019090301007042,SABSL,16,42,10,504.00,"5,040.00"
2019-09-03,2019090301007040,SABSL,16,56,10,504.00,"5,040.00"
2019-09-03,2019090301007023,SABSL,8,1,10,504.00,"5,040.00"
2019-09-03,2019090301007022,SABSL,8,56,10,504.00,"5,040.00"
2019-09-03,2019090301007174,SABSL,57,44,10,506.00,"5,060.00"
2019-09-03,2019090301007158,SABSL,52,6,10,505.00,"5,050.00"
2019-09-03,2019090301007156,SABSL,52,42,10,505.00,"5,050.00"
2019-09-03,2019090301007148,SABSL,34,42,10,503.00,"5,030.00"
2019-09-03,2019090301007096,SABSL,34,42,10,503.00,"5,030.00"
2019-09-03,2019090301007087,SABSL,16,42,10,504.00,"5,040.00"
2019-09-03,2019090301007214,SABSL,5,13,10,509.00,"5,090.00"
2019-09-03,2019090301007213,SABSL,5,46,10,508.00,"5,080.00"
2019-09-03,2019090301007212,SABSL,5,38,10,508.00,"5,080.00"
2019-09-03,2019090301007190,SABSL,5,38,10,507.00,"5,070.00"
2019-09-03,2019090301007176,SABSL,57,44,10,506.00,"5,060.00"
2019-09-03,2019090301007175,SABSL,57,44,10,506.00,"5,060.00"
2019-09-03,2019090301007116,SADBL,41,4,120,142.00,"17,040.00"
2019-09-03,2019090301007312,SANIMA,21,14,100,352.00,"35,200.00"
2019-09-03,2019090301007247,SANIMA,49,14,100,352.00,"35,200.00"
2019-09-03,2019090301007222,SANIMA,41,14,100,352.00,"35,200.00"
2019-09-03,2019090301007199,SANIMA,34,45,150,351.00,"52,650.00"
2019-09-03,2019090301007198,SANIMA,34,40,91,351.00,"31,941.00"
2019-09-03,2019090301007134,SANIMA,49,40,609,351.00,"213,759.00"
2019-09-03,2019090301006824,SANIMA,49,26,746,349.00,"260,354.00"
2019-09-03,2019090301006823,SANIMA,1,26,200,349.00,"69,800.00"
2019-09-03,2019090301006822,SANIMA,14,26,43,349.00,"15,007.00"
2019-09-03,2019090301006966,SANIMA,19,29,39,350.00,"13,650.00"
2019-09-03,2019090301006965,SANIMA,19,32,200,350.00,"70,000.00"
2019-09-03,2019090301006907,SANIMA,56,32,300,350.00,"105,000.00"
2019-09-03,2019090301006906,SANIMA,56,58,200,350.00,"70,000.00"
2019-09-03,2019090301006875,SANIMA,50,58,500,350.00,"175,000.00"
2019-09-03,2019090301006857,SANIMA,49,36,145,349.00,"50,605.00"
2019-09-03,2019090301007130,SANIMA,44,40,100,351.00,"35,100.00"
2019-09-03,2019090301007064,SANIMA,21,40,200,351.00,"70,200.00"
2019-09-03,2019090301007050,SANIMA,21,40,200,351.00,"70,200.00"
2019-09-03,2019090301007049,SANIMA,52,52,100,351.00,"35,100.00"
2019-09-03,2019090301006968,SANIMA,19,11,360,350.00,"126,000.00"
2019-09-03,2019090301006967,SANIMA,19,39,500,350.00,"175,000.00"
2019-09-03,2019090301006902,SBI,32,45,161,447.00,"71,967.00"
2019-09-03,2019090301006850,SBI,32,25,991,445.00,"440,995.00"
2019-09-03,2019090301006849,SBI,32,39,148,445.00,"65,860.00"
2019-09-03,2019090301006848,SBI,32,22,200,444.00,"88,800.00"
2019-09-03,2019090301007315,SBL,41,32,200,315.00,"63,000.00"
2019-09-03,2019090301007314,SBL,46,32,"2,000",315.00,"630,000.00"
2019-09-03,2019090301007313,SBL,14,32,158,315.00,"49,770.00"
2019-09-03,2019090301007236,SBL,40,32,"1,000",316.00,"316,000.00"
2019-09-03,2019090301007188,SBL,40,32,350,316.00,"110,600.00"
2019-09-03,2019090301007172,SBL,40,8,150,316.00,"47,400.00"
2019-09-03,2019090301007171,SBL,40,32,500,316.00,"158,000.00"
2019-09-03,2019090301007081,SBL,14,26,42,315.00,"13,230.00"
2019-09-03,2019090301006922,SBL,58,32,500,315.00,"157,500.00"
2019-09-03,2019090301007228,SCB,58,5,10,622.00,"6,220.00"
2019-09-03,2019090301007069,SDESI,10,34,148,632.00,"93,536.00"
2019-09-03,2019090301007068,SDESI,10,1,200,630.00,"126,000.00"
2019-09-03,2019090301007030,SDESI,49,41,100,626.00,"62,600.00"
2019-09-03,2019090301007029,SDESI,49,59,23,625.00,"14,375.00"
2019-09-03,2019090301006921,SDESI,20,5,100,624.00,"62,400.00"
2019-09-03,2019090301007186,SEF,3,49,"14,300",9.06,"129,558.00"
2019-09-03,2019090301007307,SHINE,10,58,11,250.00,"2,750.00"
2019-09-03,2019090301007310,SHIVM,39,32,50,549.00,"27,450.00"
2019-09-03,2019090301007259,SHIVM,45,36,150,550.00,"82,500.00"
2019-09-03,2019090301007208,SHIVM,34,36,100,550.00,"55,000.00"
2019-09-03,2019090301007162,SHIVM,38,52,100,549.00,"54,900.00"
2019-09-03,2019090301007129,SHIVM,25,33,195,549.00,"107,055.00"
2019-09-03,2019090301007118,SHIVM,32,19,50,547.00,"27,350.00"
2019-09-03,2019090301006949,SHIVM,57,22,25,547.00,"13,675.00"
2019-09-03,2019090301006948,SHIVM,57,32,50,547.00,"27,350.00"
2019-09-03,2019090301007075,SHIVM,47,33,180,549.00,"98,820.00"
2019-09-03,2019090301006994,SHIVM,28,33,275,549.00,"150,975.00"
2019-09-03,2019090301006993,SHIVM,28,44,50,549.00,"27,450.00"
2019-09-03,2019090301006992,SHIVM,28,22,175,548.00,"95,900.00"
2019-09-03,2019090301006951,SHIVM,57,22,25,548.00,"13,700.00"
2019-09-03,2019090301006950,SHIVM,57,43,50,548.00,"27,400.00"
2019-09-03,2019090301007080,SHL,57,4,200,225.00,"45,000.00"
2019-09-03,2019090301006997,SHL,42,42,100,221.00,"22,100.00"
2019-09-03,2019090301006996,SHL,25,42,100,222.00,"22,200.00"
2019-09-03,2019090301007102,SHPC,53,7,300,216.00,"64,800.00"
2019-09-03,2019090301007109,SINDU,59,29,10,135.00,"1,350.00"
2019-09-03,2019090301007309,SJCL,38,38,20,193.00,"3,860.00"
2019-09-03,2019090301007303,SJCL,38,28,20,194.00,"3,880.00"
2019-09-03,2019090301007293,SJCL,38,6,20,193.00,"3,860.00"
2019-09-03,2019090301007290,SJCL,38,32,100,193.00,"19,300.00"
2019-09-03,2019090301007289,SJCL,38,52,80,193.00,"15,440.00"
2019-09-03,2019090301007288,SJCL,38,29,20,193.00,"3,860.00"
2019-09-03,2019090301006923,SJCL,42,22,20,191.00,"3,820.00"
2019-09-03,2019090301006910,SJCL,42,52,20,191.00,"3,820.00"
2019-09-03,2019090301006827,SJCL,22,34,300,193.00,"57,900.00"
2019-09-03,2019090301007237,SJCL,59,38,20,192.00,"3,840.00"
2019-09-03,2019090301007234,SJCL,59,32,20,192.00,"3,840.00"
2019-09-03,2019090301007155,SJCL,38,38,20,192.00,"3,840.00"
2019-09-03,2019090301007124,SJCL,59,29,10,193.00,"1,930.00"
2019-09-03,2019090301007002,SJCL,42,52,20,191.00,"3,820.00"
2019-09-03,2019090301007260,SJCL,59,38,20,192.00,"3,840.00"
2019-09-03,2019090301007252,SJCL,38,29,10,193.00,"1,930.00"
2019-09-03,2019090301007251,SJCL,38,29,10,193.00,"1,930.00"
2019-09-03,2019090301007240,SJCL,38,29,10,193.00,"1,930.00"
2019-09-03,2019090301007239,SJCL,38,29,10,193.00,"1,930.00"
2019-09-03,2019090301007280,SJCL,38,29,10,193.00,"1,930.00"
2019-09-03,2019090301007278,SJCL,59,38,20,192.00,"3,840.00"
2019-09-03,2019090301007269,SJCL,34,29,10,193.00,"1,930.00"
2019-09-03,2019090301007268,SJCL,34,38,10,193.00,"1,930.00"
2019-09-03,2019090301007267,SJCL,34,29,10,193.00,"1,930.00"
2019-09-03,2019090301007287,SJCL,38,29,20,193.00,"3,860.00"
2019-09-03,2019090301007286,SJCL,38,29,20,193.00,"3,860.00"
2019-09-03,2019090301007285,SJCL,38,29,20,193.00,"3,860.00"
2019-09-03,2019090301007284,SJCL,38,29,20,193.00,"3,860.00"
2019-09-03,2019090301007283,SJCL,38,38,10,193.00,"1,930.00"
2019-09-03,2019090301007281,SJCL,38,38,10,193.00,"1,930.00"
2019-09-03,2019090301007105,SKBBL,34,22,293,965.00,"282,745.00"
2019-09-03,2019090301007200,SLBBL,47,7,50,570.00,"28,500.00"
2019-09-03,2019090301007182,SLBBL,22,7,100,570.00,"57,000.00"
2019-09-03,2019090301007245,SLBSL,52,47,50,741.00,"37,050.00"
2019-09-03,2019090301006826,SLICL,16,44,10,297.00,"2,970.00"
2019-09-03,2019090301007299,SMATA,48,16,12,"1,300.00","15,600.00"
2019-09-03,2019090301007298,SMATA,21,16,10,"1,309.00","13,090.00"
2019-09-03,2019090301006928,SMB,45,52,10,436.00,"4,360.00"
2019-09-03,2019090301007044,SMFDB,32,32,50,530.00,"26,500.00"
2019-09-03,2019090301007052,SPARS,34,41,100,600.00,"60,000.00"
2019-09-03,2019090301007051,SPARS,34,22,27,598.00,"16,146.00"
2019-09-03,2019090301006895,SPARS,34,39,30,594.00,"17,820.00"
2019-09-03,2019090301006894,SPARS,34,51,10,594.00,"5,940.00"
2019-09-03,2019090301006893,SPARS,34,55,10,590.00,"5,900.00"
2019-09-03,2019090301006892,SPARS,34,45,10,590.00,"5,900.00"
2019-09-03,2019090301006891,SPARS,34,21,10,585.00,"5,850.00"
2019-09-03,2019090301007039,SWBBL,34,56,60,928.00,"55,680.00"
2019-09-03,2019090301007038,SWBBL,34,17,75,928.00,"69,600.00"
2019-09-03,2019090301007037,SWBBL,34,28,300,928.00,"278,400.00"
2019-09-03,2019090301007036,SWBBL,34,44,500,926.00,"463,000.00"
2019-09-03,2019090301007204,UFL,22,28,220,186.00,"40,920.00"
2019-09-03,2019090301007296,UIC,56,48,40,284.00,"11,360.00"
2019-09-03,2019090301007295,UIC,5,51,100,288.00,"28,800.00"
2019-09-03,2019090301007043,UIC,56,51,10,288.00,"2,880.00"
2019-09-03,2019090301007032,UIC,56,34,100,283.00,"28,300.00"
2019-09-03,2019090301007031,UIC,56,35,100,283.00,"28,300.00"
2019-09-03,2019090301007003,UIC,56,35,100,283.00,"28,300.00"
2019-09-03,2019090301007166,UNHPL,38,38,50,62.00,"3,100.00"
2019-09-03,2019090301007047,UPCL,22,13,100,81.00,"8,100.00"
2019-09-03,2019090301007257,UPPER,58,32,15,246.00,"3,690.00"
2019-09-03,2019090301007256,UPPER,48,32,25,246.00,"6,150.00"
2019-09-03,2019090301007248,UPPER,48,42,50,246.00,"12,300.00"
2019-09-03,2019090301007185,UPPER,35,33,20,247.00,"4,940.00"
2019-09-03,2019090301007016,UPPER,55,54,20,245.00,"4,900.00"
2019-09-03,2019090301006937,UPPER,29,52,30,244.00,"7,320.00"
2019-09-03,2019090301006936,UPPER,13,52,20,244.00,"4,880.00"
2019-09-03,2019090301006842,UPPER,55,54,20,245.00,"4,900.00"
2019-09-03,2019090301007161,UPPER,48,29,25,246.00,"6,150.00"
2019-09-03,2019090301007150,UPPER,38,33,10,247.00,"2,470.00"
2019-09-03,2019090301007063,UPPER,16,33,18,247.00,"4,446.00"
2019-09-03,2019090301007060,UPPER,16,43,82,247.00,"20,254.00"
2019-09-03,2019090301007019,UPPER,59,43,90,247.00,"22,230.00"
2019-09-03,2019090301007018,UPPER,59,54,10,245.00,"2,450.00"
2019-09-03,2019090301006802,ADBL,34,44,980,423.00,"414,540.00"
2019-09-03,2019090301006801,ADBL,34,8,300,423.00,"126,900.00"
2019-09-03,2019090301006800,ADBL,34,45,220,422.00,"92,840.00"
2019-09-03,2019090301006799,ADBL,34,56,500,421.00,"210,500.00"
2019-09-03,2019090301006577,ADBL,22,45,30,422.00,"12,660.00"
2019-09-03,2019090301006517,ADBL,22,17,270,421.00,"113,670.00"
2019-09-03,2019090301006439,ADBL,50,44,600,420.00,"252,000.00"
2019-09-03,2019090301006395,ADBL,22,44,200,420.00,"84,000.00"
2019-09-03,2019090301006342,ADBL,54,44,200,420.00,"84,000.00"
2019-09-03,2019090301006320,ADBL,51,6,32,420.00,"13,440.00"
2019-09-03,2019090301006469,AHPC,21,55,200,100.00,"20,000.00"
2019-09-03,2019090301006456,AHPC,52,55,53,100.00,"5,300.00"
2019-09-03,2019090301006759,AKPL,56,46,168,149.00,"25,032.00"
2019-09-03,2019090301006499,AKPL,35,46,10,149.00,"1,490.00"
2019-09-03,2019090301006762,ALBSL,7,18,10,440.00,"4,400.00"
2019-09-03,2019090301006688,ALBSL,25,34,10,445.00,"4,450.00"
2019-09-03,2019090301006677,ALBSL,7,18,10,440.00,"4,400.00"
2019-09-03,2019090301006602,ALBSL,7,18,10,440.00,"4,400.00"
2019-09-03,2019090301006382,ALBSL,7,25,10,440.00,"4,400.00"
2019-09-03,2019090301006381,ALBSL,37,25,90,440.00,"39,600.00"
2019-09-03,2019090301006393,ALBSL,35,34,20,445.00,"8,900.00"
2019-09-03,2019090301006392,ALBSL,35,17,10,443.00,"4,430.00"
2019-09-03,2019090301006391,ALBSL,35,17,10,443.00,"4,430.00"
2019-09-03,2019090301006390,ALBSL,35,17,10,443.00,"4,430.00"
2019-09-03,2019090301006389,ALBSL,35,57,10,442.00,"4,420.00"
2019-09-03,2019090301006388,ALBSL,35,38,20,442.00,"8,840.00"
2019-09-03,2019090301006531,ALICL,39,8,100,329.00,"32,900.00"
2019-09-03,2019090301006530,ALICL,39,40,200,329.00,"65,800.00"
2019-09-03,2019090301006741,API,6,32,20,118.00,"2,360.00"
2019-09-03,2019090301006633,API,29,32,150,118.00,"17,700.00"
2019-09-03,2019090301006529,API,25,32,50,118.00,"5,900.00"
2019-09-03,2019090301006454,API,17,17,1,116.00,116.00
2019-09-03,2019090301006678,BOKL,59,47,500,259.00,"129,500.00"
2019-09-03,2019090301006443,BOKL,39,47,300,259.00,"77,700.00"
2019-09-03,2019090301006814,BPCL,53,49,80,380.00,"30,400.00"
2019-09-03,2019090301006665,BPCL,53,7,40,378.00,"15,120.00"
2019-09-03,2019090301006366,CBBL,42,19,214,975.00,"208,650.00"
2019-09-03,2019090301006728,CBL,58,54,10,149.00,"1,490.00"
2019-09-03,2019090301006727,CBL,58,4,"1,032",148.00,"152,736.00"
2019-09-03,2019090301006697,CBL,58,32,"4,587",147.00,"674,289.00"
2019-09-03,2019090301006680,CBL,51,32,413,147.00,"60,711.00"
2019-09-03,2019090301006673,CBL,51,4,50,148.00,"7,400.00"
2019-09-03,2019090301006672,CBL,51,11,100,148.00,"14,800.00"
2019-09-03,2019090301006619,CBL,51,4,87,147.00,"12,789.00"
2019-09-03,2019090301006438,CBL,16,26,"1,000",147.00,"147,000.00"
2019-09-03,2019090301006427,CBL,41,4,50,148.00,"7,400.00"
2019-09-03,2019090301006648,CCBL,58,4,246,159.00,"39,114.00"
2019-09-03,2019090301006647,CCBL,58,42,106,159.00,"16,854.00"
2019-09-03,2019090301006646,CCBL,58,45,870,159.00,"138,330.00"
2019-09-03,2019090301006403,CCBL,19,45,100,159.00,"15,900.00"
2019-09-03,2019090301006371,CHCL,48,7,265,442.00,"117,130.00"
2019-09-03,2019090301006788,CIT,43,32,50,"2,260.00","113,000.00"
2019-09-03,2019090301006787,CIT,14,32,15,"2,266.00","33,990.00"
2019-09-03,2019090301006786,CIT,42,32,50,"2,270.00","113,500.00"
2019-09-03,2019090301006730,CIT,11,32,50,"2,279.00","113,950.00"
2019-09-03,2019090301006700,CIT,21,32,10,"2,279.00","22,790.00"
2019-09-03,2019090301006578,CIT,21,41,10,"2,280.00","22,800.00"
2019-09-03,2019090301006335,CIT,22,14,45,"2,284.00","102,780.00"
2019-09-03,2019090301006334,CIT,22,59,15,"2,284.00","34,260.00"
2019-09-03,2019090301006566,CIT,21,41,10,"2,280.00","22,800.00"
2019-09-03,2019090301006508,CIT,45,41,100,"2,280.00","228,000.00"
2019-09-03,2019090301006360,CIT,42,32,10,"2,275.00","22,750.00"
2019-09-03,2019090301006359,CIT,37,32,100,"2,275.00","227,500.00"
2019-09-03,2019090301006358,CIT,50,32,21,"2,276.00","47,796.00"
2019-09-03,2019090301006346,CIT,50,50,29,"2,276.00","66,004.00"
2019-09-03,2019090301006464,CLBSL,8,57,50,508.00,"25,400.00"
2019-09-03,2019090301006739,CZBIL,45,52,430,219.00,"94,170.00"
2019-09-03,2019090301006738,CZBIL,45,55,70,219.00,"15,330.00"
2019-09-03,2019090301006657,CZBIL,1,55,30,219.00,"6,570.00"
2019-09-03,2019090301006387,CZBIL,58,42,300,218.00,"65,400.00"
2019-09-03,2019090301006558,DBBL,36,52,111,133.00,"14,763.00"
2019-09-03,2019090301006526,DBBL,36,40,299,132.00,"39,468.00"
2019-09-03,2019090301006354,DBBL,48,40,110,132.00,"14,520.00"
2019-09-03,2019090301006505,EBL,38,37,133,620.00,"82,460.00"
2019-09-03,2019090301006490,EBL,38,1,87,619.00,"53,853.00"
2019-09-03,2019090301006338,EBL,38,42,100,618.00,"61,800.00"
2019-09-03,2019090301006676,FMDBL,41,59,80,384.00,"30,720.00"
2019-09-03,2019090301006542,FMDBL,21,59,100,384.00,"38,400.00"
2019-09-03,2019090301006555,GBBL,34,19,305,214.00,"65,270.00"
2019-09-03,2019090301006554,GBBL,34,14,371,213.00,"79,023.00"
2019-09-03,2019090301006337,GBLBS,8,7,500,338.00,"169,000.00"
2019-09-03,2019090301006336,GBLBS,6,7,500,339.00,"169,500.00"
2019-09-03,2019090301006379,GDBL,47,44,100,207.00,"20,700.00"
2019-09-03,2019090301006559,GDBL,40,14,106,207.00,"21,942.00"
2019-09-03,2019090301006794,GLBSL,32,52,10,467.00,"4,670.00"
2019-09-03,2019090301006629,GLICL,49,57,80,395.00,"31,600.00"
2019-09-03,2019090301006442,GLICL,38,57,20,395.00,"7,900.00"
2019-09-03,2019090301006380,GLICL,5,26,200,389.00,"77,800.00"
2019-09-03,2019090301006364,GLICL,22,26,200,389.00,"77,800.00"
2019-09-03,2019090301006361,GLICL,34,26,60,389.00,"23,340.00"
2019-09-03,2019090301006764,GRDBL,52,57,80,107.00,"8,560.00"
2019-09-03,2019090301006509,HBL,41,58,400,523.00,"209,200.00"
2019-09-03,2019090301006470,HBL,38,58,100,523.00,"52,300.00"
2019-09-03,2019090301006331,HBL,32,59,256,520.00,"133,120.00"
2019-09-03,2019090301006330,HBL,32,58,410,520.00,"213,200.00"
2019-09-03,2019090301006468,HDL,16,38,10,"1,525.00","15,250.00"
2019-09-03,2019090301006785,HGI,39,51,"1,000",305.00,"305,000.00"
2019-09-03,2019090301006670,HIDCL,29,43,30,143.00,"4,290.00"
2019-09-03,2019090301006669,HIDCL,29,3,100,142.00,"14,200.00"
2019-09-03,2019090301006668,HIDCL,29,4,274,142.00,"38,908.00"
2019-09-03,2019090301006783,HPPL,35,25,10,142.00,"1,420.00"
2019-09-03,2019090301006584,IGI,37,4,251,333.00,"83,583.00"
2019-09-03,2019090301006652,ILBS,43,51,10,449.00,"4,490.00"
2019-09-03,2019090301006651,ILBS,43,51,10,449.00,"4,490.00"
2019-09-03,2019090301006650,ILBS,43,45,20,448.00,"8,960.00"
2019-09-03,2019090301006649,ILBS,43,59,10,445.00,"4,450.00"
2019-09-03,2019090301006515,ILBS,17,25,10,441.00,"4,410.00"
2019-09-03,2019090301006816,JBBL,57,14,10,168.00,"1,680.00"
2019-09-03,2019090301006635,JBBL,36,25,300,165.00,"49,500.00"
2019-09-03,2019090301006634,JBBL,36,41,500,164.00,"82,000.00"
2019-09-03,2019090301006565,JBBL,22,41,100,164.00,"16,400.00"
2019-09-03,2019090301006564,JBBL,22,28,10,164.00,"1,640.00"
2019-09-03,2019090301006563,JBBL,22,44,290,164.00,"47,560.00"
2019-09-03,2019090301006533,JBBL,22,7,100,163.00,"16,300.00"
2019-09-03,2019090301006441,JBBL,47,28,"1,100",162.00,"178,200.00"
2019-09-03,2019090301006440,JBBL,47,47,404,162.00,"65,448.00"
2019-09-03,2019090301006434,JBBL,47,47,"1,396",162.00,"226,152.00"
2019-09-03,2019090301006433,JBBL,47,14,804,162.00,"130,248.00"
2019-09-03,2019090301006815,JFL,49,39,100,188.00,"18,800.00"
2019-09-03,2019090301006691,JFL,3,43,366,187.00,"68,442.00"
2019-09-03,2019090301006479,JOSHI,22,35,10,62.00,620.00
2019-09-03,2019090301006365,JSLBB,55,47,50,909.00,"45,450.00"
2019-09-03,2019090301006717,KBL,35,32,250,204.00,"51,000.00"
2019-09-03,2019090301006683,KBL,22,43,"1,000",203.00,"203,000.00"
2019-09-03,2019090301006682,KBL,22,43,870,203.00,"176,610.00"
2019-09-03,2019090301006658,KBL,1,43,100,203.00,"20,300.00"
2019-09-03,2019090301006595,KBL,22,43,30,203.00,"6,090.00"
2019-09-03,2019090301006594,KBL,22,22,470,203.00,"95,410.00"
2019-09-03,2019090301006445,KBL,22,22,30,203.00,"6,090.00"
2019-09-03,2019090301006344,KBL,18,22,"1,000",203.00,"203,000.00"
2019-09-03,2019090301006817,KPCL,55,18,10,84.00,840.00
2019-09-03,2019090301006548,KPCL,55,25,10,83.00,830.00
2019-09-03,2019090301006537,KPCL,55,18,10,82.00,820.00
2019-09-03,2019090301006591,KPCL,55,59,100,84.00,"8,400.00"
2019-09-03,2019090301006590,KPCL,55,59,55,84.00,"4,620.00"
2019-09-03,2019090301006719,LBBL,45,52,200,178.00,"35,600.00"
2019-09-03,2019090301006465,LBBL,26,41,200,176.00,"35,200.00"
2019-09-03,2019090301006560,LBL,32,43,935,217.00,"202,895.00"
2019-09-03,2019090301006453,LBL,22,43,20,217.00,"4,340.00"
2019-09-03,2019090301006603,LICN,33,43,40,"1,017.00","40,680.00"
2019-09-03,2019090301006561,LICN,56,45,40,"1,014.00","40,560.00"
2019-09-03,2019090301006318,LLBS,11,45,320,714.00,"228,480.00"
2019-09-03,2019090301006768,MBL,44,32,490,252.00,"123,480.00"
2019-09-03,2019090301006767,MBL,22,32,10,252.00,"2,520.00"
2019-09-03,2019090301006769,MDB,57,49,59,230.00,"13,570.00"
2019-09-03,2019090301006502,MEGA,1,40,100,202.00,"20,200.00"
2019-09-03,2019090301006485,MEGA,45,45,62,201.00,"12,462.00"
2019-09-03,2019090301006460,MEGA,48,40,100,202.00,"20,200.00"
2019-09-03,2019090301006535,MEGA,33,3,100,202.00,"20,200.00"
2019-09-03,2019090301006534,MEGA,33,40,800,202.00,"161,600.00"
2019-09-03,2019090301006693,MERO,34,34,100,563.00,"56,300.00"
2019-09-03,2019090301006692,MERO,34,57,53,563.00,"29,839.00"
2019-09-03,2019090301006662,MERO,34,1,200,561.00,"112,200.00"
2019-09-03,2019090301006661,MERO,34,59,200,560.00,"112,000.00"
2019-09-03,2019090301006660,MERO,34,17,100,560.00,"56,000.00"
2019-09-03,2019090301006520,MFIL,3,58,920,129.00,"118,680.00"
2019-09-03,2019090301006519,MFIL,3,57,"1,000",129.00,"129,000.00"
2019-09-03,2019090301006791,MLBL,33,37,30,212.00,"6,360.00"
2019-09-03,2019090301006725,MLBL,5,49,414,213.00,"88,182.00"
2019-09-03,2019090301006589,MLBL,33,56,900,212.00,"190,800.00"
2019-09-03,2019090301006386,MLBL,3,43,100,212.00,"21,200.00"
2019-09-03,2019090301006567,MNBBL,21,59,50,319.00,"15,950.00"
2019-09-03,2019090301006674,MSLB,48,1,25,950.00,"23,750.00"
2019-09-03,2019090301006436,MSLB,14,1,10,950.00,"9,500.00"
2019-09-03,2019090301006332,MSLB,14,5,25,945.00,"23,625.00"
2019-09-03,2019090301006653,MSMBS,32,51,50,497.00,"24,850.00"
2019-09-03,2019090301006491,NABIL,32,45,480,773.00,"371,040.00"
2019-09-03,2019090301006362,NABIL,14,45,20,773.00,"15,460.00"
2019-09-03,2019090301006709,NBB,29,35,100,213.00,"21,300.00"
2019-09-03,2019090301006708,NBB,29,56,50,213.00,"10,650.00"
2019-09-03,2019090301006446,NBB,38,4,113,212.00,"23,956.00"
2019-09-03,2019090301006406,NBB,57,4,605,212.00,"128,260.00"
2019-09-03,2019090301006405,NBB,57,4,287,212.00,"60,844.00"
2019-09-03,2019090301006404,NBB,57,4,108,212.00,"22,896.00"
2019-09-03,2019090301006722,NBL,42,45,"2,000",322.00,"644,000.00"
2019-09-03,2019090301006710,NBL,21,44,225,321.00,"72,225.00"
2019-09-03,2019090301006684,NBL,25,44,400,321.00,"128,400.00"
2019-09-03,2019090301006667,NBL,11,44,375,321.00,"120,375.00"
2019-09-03,2019090301006666,NBL,11,4,125,321.00,"40,125.00"
2019-09-03,2019090301006656,NBL,40,49,100,320.00,"32,000.00"
2019-09-03,2019090301006497,NBL,34,45,"2,000",319.00,"638,000.00"
2019-09-03,2019090301006496,NBL,34,56,200,319.00,"63,800.00"
2019-09-03,2019090301006495,NBL,34,47,100,319.00,"31,900.00"
2019-09-03,2019090301006494,NBL,34,19,500,319.00,"159,500.00"
2019-09-03,2019090301006546,NBL,34,45,"1,000",320.00,"320,000.00"
2019-09-03,2019090301006527,NBL,34,46,500,320.00,"160,000.00"
2019-09-03,2019090301006514,NBL,34,37,250,320.00,"80,000.00"
2019-09-03,2019090301006513,NBL,34,34,50,320.00,"16,000.00"
2019-09-03,2019090301006512,NBL,34,45,500,320.00,"160,000.00"
2019-09-03,2019090301006511,NBL,34,47,100,319.00,"31,900.00"
2019-09-03,2019090301006655,NBL,40,42,400,320.00,"128,000.00"
2019-09-03,2019090301006642,NBL,3,32,150,320.00,"48,000.00"
2019-09-03,2019090301006606,NBL,3,45,150,320.00,"48,000.00"
2019-09-03,2019090301006605,NBL,38,45,350,320.00,"112,000.00"
2019-09-03,2019090301006585,NBL,34,45,500,320.00,"160,000.00"
2019-09-03,2019090301006571,NBL,34,56,100,320.00,"32,000.00"
2019-09-03,2019090301006367,NCCB,58,4,10,203.00,"2,030.00"
2019-09-03,2019090301006356,NCCB,42,29,246,202.00,"49,692.00"
2019-09-03,2019090301006345,NCCB,50,29,20,202.00,"4,040.00"
2019-09-03,2019090301006528,NGPL,45,45,10,110.00,"1,100.00"
2019-09-03,2019090301006500,NGPL,57,28,95,108.00,"10,260.00"
2019-09-03,2019090301006449,NGPL,45,28,10,108.00,"1,080.00"
2019-09-03,2019090301006437,NGPL,45,17,13,106.00,"1,378.00"
2019-09-03,2019090301006394,NGPL,59,45,10,105.00,"1,050.00"
2019-09-03,2019090301006618,NIB,38,21,20,457.00,"9,140.00"
2019-09-03,2019090301006593,NIB,42,21,20,457.00,"9,140.00"
2019-09-03,2019090301006538,NIB,20,32,"1,001",456.00,"456,456.00"
2019-09-03,2019090301006525,NIB,39,38,51,455.00,"23,205.00"
2019-09-03,2019090301006524,NIB,14,38,50,455.00,"22,750.00"
2019-09-03,2019090301006523,NIB,36,38,10,455.00,"4,550.00"
2019-09-03,2019090301006522,NIB,26,38,100,455.00,"45,500.00"
2019-09-03,2019090301006793,NICA,14,29,100,443.00,"44,300.00"
2019-09-03,2019090301006729,NICA,14,29,100,443.00,"44,300.00"
2019-09-03,2019090301006724,NICA,58,29,50,443.00,"22,150.00"
2019-09-03,2019090301006723,NICA,58,48,150,443.00,"66,450.00"
2019-09-03,2019090301006685,NICA,33,1,100,444.00,"44,400.00"
2019-09-03,2019090301006628,NICA,34,52,100,440.00,"44,000.00"
2019-09-03,2019090301006448,NICA,26,45,385,436.00,"167,860.00"
2019-09-03,2019090301006447,NICA,44,45,115,437.00,"50,255.00"
2019-09-03,2019090301006627,NICA,34,47,500,440.00,"220,000.00"
2019-09-03,2019090301006626,NICA,34,11,"1,000",440.00,"440,000.00"
2019-09-03,2019090301006625,NICA,34,45,500,439.00,"219,500.00"
2019-09-03,2019090301006624,NICA,34,38,319,439.00,"140,041.00"
2019-09-03,2019090301006623,NICA,34,26,200,439.00,"87,800.00"
2019-09-03,2019090301006472,NICA,48,26,100,439.00,"43,900.00"
2019-09-03,2019090301006478,NICL,25,43,11,294.00,"3,234.00"
2019-09-03,2019090301006363,NICL,56,1,50,290.00,"14,500.00"
2019-09-03,2019090301006659,NLBBL,33,58,10,528.00,"5,280.00"
2019-09-03,2019090301006638,NLG,25,46,10,602.00,"6,020.00"
2019-09-03,2019090301006795,NLIC,42,28,144,809.00,"116,496.00"
2019-09-03,2019090301006746,NLIC,51,56,40,805.00,"32,200.00"
2019-09-03,2019090301006745,NLIC,5,56,50,805.00,"40,250.00"
2019-09-03,2019090301006744,NLIC,58,56,37,805.00,"29,785.00"
2019-09-03,2019090301006743,NLIC,14,56,60,806.00,"48,360.00"
2019-09-03,2019090301006742,NLIC,34,56,40,806.00,"32,240.00"
2019-09-03,2019090301006339,NLIC,35,19,25,810.00,"20,250.00"
2019-09-03,2019090301006740,NLIC,49,28,50,809.00,"40,450.00"
2019-09-03,2019090301006604,NLIC,26,56,10,807.00,"8,070.00"
2019-09-03,2019090301006579,NLIC,39,56,50,809.00,"40,450.00"
2019-09-03,2019090301006401,NLIC,11,28,150,809.00,"121,350.00"
2019-09-03,2019090301006341,NLIC,25,33,127,809.00,"102,743.00"
2019-09-03,2019090301006340,NLIC,35,17,79,810.00,"63,990.00"
2019-09-03,2019090301006789,NLICL,44,57,142,530.00,"75,260.00"
2019-09-03,2019090301006782,NLICL,39,38,500,529.00,"264,500.00"
2019-09-03,2019090301006763,NLICL,28,56,114,528.00,"60,192.00"
2019-09-03,2019090301006758,NLICL,28,22,300,528.00,"158,400.00"
2019-09-03,2019090301006757,NLICL,28,56,86,528.00,"45,408.00"
2019-09-03,2019090301006754,NLICL,29,50,50,527.00,"26,350.00"
2019-09-03,2019090301006521,NLICL,29,1,150,525.00,"78,750.00"
2019-09-03,2019090301006753,NLICL,29,4,100,527.00,"52,700.00"
2019-09-03,2019090301006721,NLICL,32,56,50,525.00,"26,250.00"
2019-09-03,2019090301006698,NLICL,20,56,450,525.00,"236,250.00"
2019-09-03,2019090301006690,NLICL,20,43,50,525.00,"26,250.00"
2019-09-03,2019090301006632,NLICL,25,1,182,525.00,"95,550.00"
2019-09-03,2019090301006576,NLICL,42,1,25,525.00,"13,125.00"
2019-09-03,2019090301006784,NMBSF1,58,47,"1,150",11.00,"12,650.00"
2019-09-03,2019090301006352,NMFBS,33,51,28,"1,489.00","41,692.00"
2019-09-03,2019090301006351,NMFBS,33,48,40,"1,483.00","59,320.00"
2019-09-03,2019090301006350,NMFBS,33,41,10,"1,482.00","14,820.00"
2019-09-03,2019090301006349,NMFBS,33,48,10,"1,481.00","14,810.00"
2019-09-03,2019090301006543,OHL,50,25,25,569.00,"14,225.00"
2019-09-03,2019090301006777,PCBL,49,58,695,270.00,"187,650.00"
2019-09-03,2019090301006736,PCBL,49,37,135,270.00,"36,450.00"
2019-09-03,2019090301006378,PCBL,49,51,"1,000",270.00,"270,000.00"
2019-09-03,2019090301006377,PCBL,49,58,"1,920",270.00,"518,400.00"
2019-09-03,2019090301006376,PCBL,49,55,"1,000",269.00,"269,000.00"
2019-09-03,2019090301006375,PCBL,49,43,250,269.00,"67,250.00"
2019-09-03,2019090301006696,PFL,52,6,11,135.00,"1,485.00"
2019-09-03,2019090301006686,PFL,52,35,11,134.00,"1,474.00"
2019-09-03,2019090301006748,PIC,11,34,100,397.00,"39,700.00"
2019-09-03,2019090301006598,PIC,20,41,101,395.00,"39,895.00"
2019-09-03,2019090301006597,PIC,20,41,20,395.00,"7,900.00"
2019-09-03,2019090301006596,PIC,26,41,19,396.00,"7,524.00"
2019-09-03,2019090301006549,PIC,26,37,11,396.00,"4,356.00"
2019-09-03,2019090301006369,PICL,1,6,10,460.00,"4,600.00"
2019-09-03,2019090301006343,PICL,1,38,110,451.00,"49,610.00"
2019-09-03,2019090301006489,PLIC,35,35,50,404.00,"20,200.00"
2019-09-03,2019090301006458,PLIC,37,37,196,403.00,"78,988.00"
2019-09-03,2019090301006431,PLIC,57,52,51,402.00,"20,502.00"
2019-09-03,2019090301006776,PRVU,3,50,200,266.00,"53,200.00"
2019-09-03,2019090301006622,PRVU,42,50,20,266.00,"5,320.00"
2019-09-03,2019090301006601,PRVU,42,8,200,266.00,"53,200.00"
2019-09-03,2019090301006600,PRVU,42,46,400,266.00,"106,400.00"
2019-09-03,2019090301006599,PRVU,42,5,380,266.00,"101,080.00"
2019-09-03,2019090301006592,PRVU,36,50,200,265.00,"53,000.00"
2019-09-03,2019090301006488,PRVU,1,56,200,266.00,"53,200.00"
2019-09-03,2019090301006581,PRVU,26,5,20,266.00,"5,320.00"
2019-09-03,2019090301006562,PRVU,42,5,50,266.00,"13,300.00"
2019-09-03,2019090301006550,PRVU,21,5,50,266.00,"13,300.00"
2019-09-03,2019090301006547,PRVU,22,5,500,266.00,"133,000.00"
2019-09-03,2019090301006720,RHPL,57,52,40,175.00,"7,000.00"
2019-09-03,2019090301006580,RHPL,57,18,30,175.00,"5,250.00"
2019-09-03,2019090301006551,RHPL,35,13,20,178.00,"3,560.00"
2019-09-03,2019090301006540,RHPL,57,25,80,175.00,"14,000.00"
2019-09-03,2019090301006518,RHPL,57,45,40,175.00,"7,000.00"
2019-09-03,2019090301006467,RHPL,57,18,20,175.00,"3,500.00"
2019-09-03,2019090301006466,RHPL,52,18,20,175.00,"3,500.00"
2019-09-03,2019090301006451,RHPL,6,43,10,178.00,"1,780.00"
2019-09-03,2019090301006450,RHPL,6,28,23,178.00,"4,094.00"
2019-09-03,2019090301006322,RHPL,35,28,10,178.00,"1,780.00"
2019-09-03,2019090301006383,RLFL,39,57,300,118.00,"35,400.00"
2019-09-03,2019090301006726,RRHP,38,52,10,102.00,"1,020.00"
2019-09-03,2019090301006556,RRHP,38,25,10,102.00,"1,020.00"
2019-09-03,2019090301006516,RRHP,38,18,10,102.00,"1,020.00"
2019-09-03,2019090301006587,RSDC,6,44,63,348.00,"21,924.00"
2019-09-03,2019090301006586,RSDC,6,49,176,348.00,"61,248.00"
2019-09-03,2019090301006504,RSDC,43,16,50,346.00,"17,300.00"
2019-09-03,2019090301006503,RSDC,43,38,76,346.00,"26,296.00"
2019-09-03,2019090301006501,RSDC,6,29,121,344.00,"41,624.00"
2019-09-03,2019090301006812,SABSL,52,45,10,505.00,"5,050.00"
2019-09-03,2019090301006811,SABSL,52,35,10,505.00,"5,050.00"
2019-09-03,2019090301006810,SABSL,52,29,10,505.00,"5,050.00"
2019-09-03,2019090301006809,SABSL,52,14,10,505.00,"5,050.00"
2019-09-03,2019090301006808,SABSL,52,14,10,505.00,"5,050.00"
2019-09-03,2019090301006806,SABSL,5,52,10,503.00,"5,030.00"
2019-09-03,2019090301006323,SABSL,52,39,10,501.00,"5,010.00"
2019-09-03,2019090301006329,SABSL,52,42,10,503.00,"5,030.00"
2019-09-03,2019090301006328,SABSL,52,13,10,502.00,"5,020.00"
2019-09-03,2019090301006327,SABSL,52,13,10,502.00,"5,020.00"
2019-09-03,2019090301006326,SABSL,52,13,10,502.00,"5,020.00"
2019-09-03,2019090301006325,SABSL,52,44,10,502.00,"5,020.00"
2019-09-03,2019090301006324,SABSL,52,39,10,501.00,"5,010.00"
2019-09-03,2019090301006413,SABSL,32,1,100,505.00,"50,500.00"
2019-09-03,2019090301006412,SABSL,32,47,10,505.00,"5,050.00"
2019-09-03,2019090301006411,SABSL,32,28,10,504.00,"5,040.00"
2019-09-03,2019090301006410,SABSL,32,28,10,504.00,"5,040.00"
2019-09-03,2019090301006409,SABSL,32,28,10,504.00,"5,040.00"
2019-09-03,2019090301006408,SABSL,32,28,10,504.00,"5,040.00"
2019-09-03,2019090301006614,SABSL,38,42,10,502.00,"5,020.00"
2019-09-03,2019090301006613,SABSL,38,52,10,502.00,"5,020.00"
2019-09-03,2019090301006612,SABSL,38,42,10,502.00,"5,020.00"
2019-09-03,2019090301006611,SABSL,38,4,10,501.00,"5,010.00"
2019-09-03,2019090301006553,SABSL,52,46,10,500.00,"5,000.00"
2019-09-03,2019090301006484,SABSL,52,42,10,502.00,"5,020.00"
2019-09-03,2019090301006639,SABSL,57,8,10,503.00,"5,030.00"
2019-09-03,2019090301006637,SABSL,57,36,10,503.00,"5,030.00"
2019-09-03,2019090301006631,SABSL,38,42,10,502.00,"5,020.00"
2019-09-03,2019090301006617,SABSL,38,42,10,502.00,"5,020.00"
2019-09-03,2019090301006616,SABSL,38,42,10,502.00,"5,020.00"
2019-09-03,2019090301006615,SABSL,38,42,10,502.00,"5,020.00"
2019-09-03,2019090301006747,SABSL,5,14,10,505.00,"5,050.00"
2019-09-03,2019090301006737,SABSL,57,52,10,503.00,"5,030.00"
2019-09-03,2019090301006699,SABSL,57,42,10,503.00,"5,030.00"
2019-09-03,2019090301006681,SABSL,57,42,10,503.00,"5,030.00"
2019-09-03,2019090301006654,SABSL,57,42,10,503.00,"5,030.00"
2019-09-03,2019090301006640,SABSL,57,42,10,503.00,"5,030.00"
2019-09-03,2019090301006780,SABSL,5,21,10,503.00,"5,030.00"
2019-09-03,2019090301006778,SABSL,5,56,10,503.00,"5,030.00"
2019-09-03,2019090301006775,SABSL,5,37,10,503.00,"5,030.00"
2019-09-03,2019090301006771,SABSL,57,1,10,503.00,"5,030.00"
2019-09-03,2019090301006770,SABSL,57,21,10,503.00,"5,030.00"
2019-09-03,2019090301006761,SABSL,57,1,10,503.00,"5,030.00"
2019-09-03,2019090301006711,SANIMA,19,58,150,350.00,"52,500.00"
2019-09-03,2019090301006704,SANIMA,41,58,50,350.00,"17,500.00"
2019-09-03,2019090301006539,SANIMA,21,58,50,350.00,"17,500.00"
2019-09-03,2019090301006493,SANIMA,14,40,800,349.00,"279,200.00"
2019-09-03,2019090301006492,SANIMA,14,14,157,349.00,"54,793.00"
2019-09-03,2019090301006452,SANIMA,8,14,300,349.00,"104,700.00"
2019-09-03,2019090301006407,SANIMA,8,14,100,349.00,"34,900.00"
2019-09-03,2019090301006396,SANIMA,1,14,300,349.00,"104,700.00"
2019-09-03,2019090301006664,SBI,34,14,42,440.00,"18,480.00"
2019-09-03,2019090301006663,SBI,34,13,90,440.00,"39,600.00"
2019-09-03,2019090301006588,SBI,16,38,144,438.00,"63,072.00"
2019-09-03,2019090301006536,SBI,55,38,500,438.00,"219,000.00"
2019-09-03,2019090301006457,SBI,50,38,56,438.00,"24,528.00"
2019-09-03,2019090301006435,SBI,19,39,50,438.00,"21,900.00"
2019-09-03,2019090301006774,SBL,35,32,"2,000",315.00,"630,000.00"
2019-09-03,2019090301006773,SBL,34,32,755,315.00,"237,825.00"
2019-09-03,2019090301006772,SBL,40,32,"2,000",316.00,"632,000.00"
2019-09-03,2019090301006541,SBL,34,58,55,316.00,"17,380.00"
2019-09-03,2019090301006370,SBL,34,21,95,316.00,"30,020.00"
2019-09-03,2019090301006348,SBL,50,21,105,316.00,"33,180.00"
2019-09-03,2019090301006347,SBL,50,37,130,316.00,"41,080.00"
2019-09-03,2019090301006707,SCB,34,39,100,620.00,"62,000.00"
2019-09-03,2019090301006706,SCB,34,44,900,619.00,"557,100.00"
2019-09-03,2019090301006705,SCB,34,45,200,618.00,"123,600.00"
2019-09-03,2019090301006572,SCB,38,44,100,619.00,"61,900.00"
2019-09-03,2019090301006402,SCB,38,44,"1,000",617.00,"617,000.00"
2019-09-03,2019090301006355,SCB,38,47,100,615.00,"61,500.00"
2019-09-03,2019090301006792,SHIVM,29,21,100,546.00,"54,600.00"
2019-09-03,2019090301006779,SHIVM,38,26,100,546.00,"54,600.00"
2019-09-03,2019090301006695,SHIVM,38,58,338,545.00,"184,210.00"
2019-09-03,2019090301006671,SHIVM,36,32,50,547.00,"27,350.00"
2019-09-03,2019090301006641,SHIVM,29,21,50,544.00,"27,200.00"
2019-09-03,2019090301006432,SHIVM,21,48,50,543.00,"27,150.00"
2019-09-03,2019090301006385,SHIVM,32,42,200,545.00,"109,000.00"
2019-09-03,2019090301006384,SHIVM,32,48,50,545.00,"27,250.00"
2019-09-03,2019090301006368,SHIVM,52,35,110,543.00,"59,730.00"
2019-09-03,2019090301006353,SHIVM,54,35,90,543.00,"48,870.00"
2019-09-03,2019090301006557,SHL,14,4,250,225.00,"56,250.00"
2019-09-03,2019090301006321,SHL,25,45,635,222.00,"140,970.00"
2019-09-03,2019090301006319,SHL,34,45,100,222.00,"22,200.00"
2019-09-03,2019090301006756,SHPC,7,28,438,214.00,"93,732.00"
2019-09-03,2019090301006805,SICL,42,56,10,770.00,"7,700.00"
2019-09-03,2019090301006735,SIFC,34,17,"1,000",157.00,"157,000.00"
2019-09-03,2019090301006734,SIFC,34,26,500,157.00,"78,500.00"
2019-09-03,2019090301006733,SIFC,34,7,90,156.00,"14,040.00"
2019-09-03,2019090301006732,SIFC,34,26,47,155.00,"7,285.00"
2019-09-03,2019090301006731,SIFC,34,43,172,155.00,"26,660.00"
2019-09-03,2019090301006798,SINDU,29,34,10,134.00,"1,340.00"
2019-09-03,2019090301006797,SINDU,29,44,200,132.00,"26,400.00"
2019-09-03,2019090301006796,SINDU,29,1,97,132.00,"12,804.00"
2019-09-03,2019090301006583,SINDU,34,1,110,134.00,"14,740.00"
2019-09-03,2019090301006569,SINDU,34,51,74,134.00,"9,916.00"
2019-09-03,2019090301006568,SINDU,34,1,23,134.00,"3,082.00"
2019-09-03,2019090301006545,SINDU,34,1,300,132.00,"39,600.00"
2019-09-03,2019090301006544,SINDU,34,49,"1,489",130.00,"193,570.00"
2019-09-03,2019090301006444,SINDU,39,49,100,130.00,"13,000.00"
2019-09-03,2019090301006813,SJCL,38,38,10,193.00,"1,930.00"
2019-09-03,2019090301006766,SJCL,51,52,20,190.00,"3,800.00"
2019-09-03,2019090301006765,SJCL,51,18,20,190.00,"3,800.00"
2019-09-03,2019090301006716,SJCL,38,39,100,193.00,"19,300.00"
2019-09-03,2019090301006715,SJCL,38,52,100,193.00,"19,300.00"
2019-09-03,2019090301006714,SJCL,38,43,200,193.00,"38,600.00"
2019-09-03,2019090301006333,SJCL,40,45,500,190.00,"95,000.00"
2019-09-03,2019090301006487,SJCL,38,38,480,190.00,"91,200.00"
2019-09-03,2019090301006486,SJCL,38,45,20,190.00,"3,800.00"
2019-09-03,2019090301006459,SJCL,46,18,20,189.00,"3,780.00"
2019-09-03,2019090301006570,SJCL,57,49,20,188.00,"3,760.00"
2019-09-03,2019090301006532,SJCL,57,45,10,188.00,"1,880.00"
2019-09-03,2019090301006507,SJCL,6,52,10,190.00,"1,900.00"
2019-09-03,2019090301006506,SJCL,6,38,20,190.00,"3,800.00"
2019-09-03,2019090301006610,SJCL,14,47,20,191.00,"3,820.00"
2019-09-03,2019090301006609,SJCL,14,38,920,191.00,"175,720.00"
2019-09-03,2019090301006608,SJCL,14,28,105,190.00,"19,950.00"
2019-09-03,2019090301006607,SJCL,14,52,60,190.00,"11,400.00"
2019-09-03,2019090301006582,SJCL,57,39,10,188.00,"1,880.00"
2019-09-03,2019090301006575,SJCL,57,18,20,188.00,"3,760.00"
2019-09-03,2019090301006713,SJCL,38,56,300,193.00,"57,900.00"
2019-09-03,2019090301006712,SJCL,38,32,20,193.00,"3,860.00"
2019-09-03,2019090301006703,SJCL,38,25,10,192.00,"1,920.00"
2019-09-03,2019090301006694,SJCL,38,28,85,191.00,"16,235.00"
2019-09-03,2019090301006689,SJCL,35,28,20,191.00,"3,820.00"
2019-09-03,2019090301006645,SJCL,57,18,20,188.00,"3,760.00"
2019-09-03,2019090301006455,SLBBL,49,16,150,565.00,"84,750.00"
2019-09-03,2019090301006373,SLBBL,14,51,307,564.00,"173,148.00"
2019-09-03,2019090301006372,SLBBL,14,57,50,563.00,"28,150.00"
2019-09-03,2019090301006471,SLBBL,43,1,50,569.00,"28,450.00"
2019-09-03,2019090301006498,SLBBL,6,28,100,573.00,"57,300.00"
2019-09-03,2019090301006718,SLBSL,18,38,90,742.00,"66,780.00"
2019-09-03,2019090301006702,SLBSL,52,38,150,741.00,"111,150.00"
2019-09-03,2019090301006701,SLBSL,41,38,50,741.00,"37,050.00"
2019-09-03,2019090301006621,SLBSL,26,38,10,742.00,"7,420.00"
2019-09-03,2019090301006620,SLBSL,26,17,10,742.00,"7,420.00"
2019-09-03,2019090301006807,SLICL,16,39,144,292.00,"42,048.00"
2019-09-03,2019090301006675,SLICL,34,34,55,287.00,"15,785.00"
2019-09-03,2019090301006644,SLICL,38,1,50,292.00,"14,600.00"
2019-09-03,2019090301006643,SLICL,38,44,10,292.00,"2,920.00"
2019-09-03,2019090301006483,SLICL,34,32,86,287.00,"24,682.00"
2019-09-03,2019090301006482,SLICL,34,1,50,284.00,"14,200.00"
2019-09-03,2019090301006397,SLICL,34,41,103,281.00,"28,943.00"
2019-09-03,2019090301006481,SLICL,34,48,100,284.00,"28,400.00"
2019-09-03,2019090301006480,SLICL,34,41,209,283.00,"59,147.00"
2019-09-03,2019090301006430,SLICL,36,51,100,282.00,"28,200.00"
2019-09-03,2019090301006429,SLICL,36,46,372,282.00,"104,904.00"
2019-09-03,2019090301006399,SLICL,34,44,980,281.00,"275,380.00"
2019-09-03,2019090301006398,SLICL,34,41,103,281.00,"28,943.00"
2019-09-03,2019090301006781,SMB,45,52,10,436.00,"4,360.00"
2019-09-03,2019090301006790,SPARS,45,32,80,583.00,"46,640.00"
2019-09-03,2019090301006426,SPARS,51,35,10,583.00,"5,830.00"
2019-09-03,2019090301006425,SPARS,51,53,10,583.00,"5,830.00"
2019-09-03,2019090301006424,SPARS,51,20,10,583.00,"5,830.00"
2019-09-03,2019090301006423,SPARS,51,28,10,583.00,"5,830.00"
2019-09-03,2019090301006422,SPARS,51,58,10,583.00,"5,830.00"
2019-09-03,2019090301006415,SPARS,51,41,10,583.00,"5,830.00"
2019-09-03,2019090301006414,SPARS,51,32,10,583.00,"5,830.00"
2019-09-03,2019090301006421,SPARS,51,46,10,583.00,"5,830.00"
2019-09-03,2019090301006420,SPARS,51,34,10,583.00,"5,830.00"
2019-09-03,2019090301006419,SPARS,51,53,10,583.00,"5,830.00"
2019-09-03,2019090301006418,SPARS,51,38,10,583.00,"5,830.00"
2019-09-03,2019090301006417,SPARS,51,38,10,583.00,"5,830.00"
2019-09-03,2019090301006416,SPARS,51,38,10,583.00,"5,830.00"
2019-09-03,2019090301006428,SRBL,38,18,300,236.00,"70,800.00"
2019-09-03,2019090301006357,SRBL,18,18,15,236.00,"3,540.00"
2019-09-03,2019090301006679,TRH,3,22,180,302.00,"54,360.00"
2019-09-03,2019090301006752,UFL,32,28,780,186.00,"145,080.00"
2019-09-03,2019090301006751,UFL,32,6,20,186.00,"3,720.00"
2019-09-03,2019090301006374,UFL,32,28,200,184.00,"36,800.00"
2019-09-03,2019090301006400,UIC,41,49,200,278.00,"55,600.00"
2019-09-03,2019090301006750,UPCL,58,3,50,81.00,"4,050.00"
2019-09-03,2019090301006749,UPCL,58,59,100,81.00,"8,100.00"
2019-09-03,2019090301006463,UPCL,52,59,300,81.00,"24,300.00"
2019-09-03,2019090301006462,UPCL,52,34,100,81.00,"8,100.00"
2019-09-03,2019090301006461,UPCL,52,32,100,80.00,"8,000.00"
2019-09-03,2019090301006804,UPPER,55,18,30,245.00,"7,350.00"
2019-09-03,2019090301006803,UPPER,55,18,10,245.00,"2,450.00"
2019-09-03,2019090301006760,UPPER,26,59,50,246.00,"12,300.00"
2019-09-03,2019090301006755,UPPER,6,59,250,246.00,"61,500.00"
2019-09-03,2019090301006687,UPPER,55,18,40,245.00,"9,800.00"
2019-09-03,2019090301006477,UPPER,16,32,400,246.00,"98,400.00"
2019-09-03,2019090301006476,UPPER,16,59,300,246.00,"73,800.00"
2019-09-03,2019090301006475,UPPER,16,32,10,246.00,"2,460.00"
2019-09-03,2019090301006474,UPPER,6,59,200,245.00,"49,000.00"
2019-09-03,2019090301006473,UPPER,45,59,400,245.00,"98,000.00"
2019-09-03,2019090301006573,UPPER,26,25,10,244.00,"2,440.00"
2019-09-03,2019090301006552,UPPER,26,18,40,244.00,"9,760.00"
2019-09-03,2019090301006510,UPPER,26,18,50,244.00,"12,200.00"
2019-09-03,2019090301006636,UPPER,55,18,50,245.00,"12,250.00"
2019-09-03,2019090301006630,UPPER,13,18,50,244.00,"12,200.00"
2019-09-03,2019090301006574,UPPER,13,25,30,244.00,"7,320.00"
2019-09-03,2019090301005934,ADBL,29,6,"1,000",420.00,"420,000.00"
2019-09-03,2019090301005901,ADBL,29,6,"1,000",420.00,"420,000.00"
2019-09-03,2019090301006128,AHPC,58,55,250,100.00,"25,000.00"
2019-09-03,2019090301006181,AKPL,46,39,295,147.00,"43,365.00"
2019-09-03,2019090301006110,AKPL,57,39,196,145.00,"28,420.00"
2019-09-03,2019090301006235,ALBSL,37,25,10,440.00,"4,400.00"
2019-09-03,2019090301006142,ALBSL,55,38,30,442.00,"13,260.00"
2019-09-03,2019090301006302,ALICL,34,25,200,323.00,"64,600.00"
2019-09-03,2019090301006301,ALICL,34,25,142,321.00,"45,582.00"
2019-09-03,2019090301006170,ALICL,48,28,100,317.00,"31,700.00"
2019-09-03,2019090301006163,ALICL,51,4,200,317.00,"63,400.00"
2019-09-03,2019090301006021,ALICL,35,4,20,317.00,"6,340.00"
2019-09-03,2019090301005939,ALICL,37,4,50,317.00,"15,850.00"
2019-09-03,2019090301006275,API,25,48,100,118.00,"11,800.00"
2019-09-03,2019090301006189,API,16,33,350,117.00,"40,950.00"
2019-09-03,2019090301006064,API,42,33,200,117.00,"23,400.00"
2019-09-03,2019090301006001,API,53,33,500,117.00,"58,500.00"
2019-09-03,2019090301005873,API,25,33,30,117.00,"3,510.00"
2019-09-03,2019090301005840,API,51,32,500,116.00,"58,000.00"
2019-09-03,2019090301005838,API,34,32,"2,000",116.00,"232,000.00"
2019-09-03,2019090301006296,BOKL,22,47,100,259.00,"25,900.00"
2019-09-03,2019090301006227,BOKL,39,45,100,258.00,"25,800.00"
2019-09-03,2019090301005904,BOKL,36,6,"1,386",257.00,"356,202.00"
2019-09-03,2019090301005871,BOKL,21,6,200,257.00,"51,400.00"
2019-09-03,2019090301006202,BPCL,58,7,160,378.00,"60,480.00"
2019-09-03,2019090301006314,CBBL,39,33,40,978.00,"39,120.00"
2019-09-03,2019090301006169,CBBL,49,33,50,969.00,"48,450.00"
2019-09-03,2019090301006161,CBBL,49,33,450,969.00,"436,050.00"
2019-09-03,2019090301006160,CBBL,49,45,50,969.00,"48,450.00"
2019-09-03,2019090301005833,CBBL,38,45,140,962.00,"134,680.00"
2019-09-03,2019090301006306,CBL,59,38,"1,102",147.00,"161,994.00"
2019-09-03,2019090301006305,CBL,59,59,420,147.00,"61,740.00"
2019-09-03,2019090301006289,CBL,22,59,488,147.00,"71,736.00"
2019-09-03,2019090301006288,CBL,22,32,"1,512",147.00,"222,264.00"
2019-09-03,2019090301006257,CBL,34,32,"1,488",147.00,"218,736.00"
2019-09-03,2019090301006256,CBL,34,29,157,147.00,"23,079.00"
2019-09-03,2019090301006255,CBL,34,26,355,147.00,"52,185.00"
2019-09-03,2019090301006198,CBL,56,26,100,147.00,"14,700.00"
2019-09-03,2019090301006171,CCBL,59,45,30,159.00,"4,770.00"
2019-09-03,2019090301005886,CCBL,38,33,432,159.00,"68,688.00"
2019-09-03,2019090301005885,CCBL,38,4,68,159.00,"10,812.00"
2019-09-03,2019090301006217,CHCL,58,7,135,442.00,"59,670.00"
2019-09-03,2019090301006086,CHCL,44,1,"1,000",440.00,"440,000.00"
2019-09-03,2019090301006085,CHCL,44,10,100,440.00,"44,000.00"
2019-09-03,2019090301005933,CHCL,36,32,120,437.00,"52,440.00"
2019-09-03,2019090301005932,CHCL,36,41,80,437.00,"34,960.00"
2019-09-03,2019090301006283,CIT,51,14,10,"2,284.00","22,840.00"
2019-09-03,2019090301006133,CIT,33,5,50,"2,285.00","114,250.00"
2019-09-03,2019090301006060,CIT,6,5,50,"2,285.00","114,250.00"
2019-09-03,2019090301006046,CIT,6,5,50,"2,285.00","114,250.00"
2019-09-03,2019090301005868,CIT,37,22,10,"2,288.00","22,880.00"
2019-09-03,2019090301006190,CZBIL,42,55,100,219.00,"21,900.00"
2019-09-03,2019090301006047,CZBIL,6,25,741,218.00,"161,538.00"
2019-09-03,2019090301006000,DBBL,21,40,91,132.00,"12,012.00"
2019-09-03,2019090301005907,DBBL,21,38,759,132.00,"100,188.00"
2019-09-03,2019090301006012,DDBL,28,5,100,730.00,"73,000.00"
2019-09-03,2019090301006004,DDBL,50,17,199,727.00,"144,673.00"
2019-09-03,2019090301005954,DDBL,53,28,127,726.00,"92,202.00"
2019-09-03,2019090301005931,DDBL,28,47,200,724.00,"144,800.00"
2019-09-03,2019090301005922,DDBL,28,45,900,723.00,"650,700.00"
2019-09-03,2019090301005909,DDBL,43,45,100,723.00,"72,300.00"
2019-09-03,2019090301005841,DHPL,45,44,165,58.00,"9,570.00"
2019-09-03,2019090301005930,EBL,34,34,100,615.00,"61,500.00"
2019-09-03,2019090301005929,EBL,34,52,"1,003",615.00,"616,845.00"
2019-09-03,2019090301005928,EBL,34,45,108,615.00,"66,420.00"
2019-09-03,2019090301005915,EBL,34,45,"1,484",615.00,"912,660.00"
2019-09-03,2019090301005914,EBL,34,18,10,614.00,"6,140.00"
2019-09-03,2019090301005890,EBL,38,18,20,614.00,"12,280.00"
2019-09-03,2019090301006229,EIC,57,18,90,304.00,"27,360.00"
2019-09-03,2019090301006228,EIC,57,21,31,304.00,"9,424.00"
2019-09-03,2019090301006205,EIC,57,43,270,300.00,"81,000.00"
2019-09-03,2019090301006015,EIC,5,43,100,300.00,"30,000.00"
2019-09-03,2019090301006014,EIC,25,43,30,300.00,"9,000.00"
2019-09-03,2019090301006013,EIC,35,43,100,300.00,"30,000.00"
2019-09-03,2019090301006180,FMDBL,56,4,260,383.00,"99,580.00"
2019-09-03,2019090301006179,FMDBL,56,13,50,382.00,"19,100.00"
2019-09-03,2019090301006039,FMDBL,58,47,300,380.00,"114,000.00"
2019-09-03,2019090301006196,FOWAD,14,39,30,"1,320.00","39,600.00"
2019-09-03,2019090301006246,GBLBS,33,44,265,342.00,"90,630.00"
2019-09-03,2019090301006185,GBLBS,33,34,100,342.00,"34,200.00"
2019-09-03,2019090301006184,GBLBS,33,58,135,342.00,"46,170.00"
2019-09-03,2019090301006158,GBLBS,53,58,365,342.00,"124,830.00"
2019-09-03,2019090301006157,GBLBS,53,19,15,341.00,"5,115.00"
2019-09-03,2019090301006156,GBLBS,53,1,100,341.00,"34,100.00"
2019-09-03,2019090301006155,GBLBS,53,47,20,341.00,"6,820.00"
2019-09-03,2019090301006122,GBLBS,25,21,10,337.00,"3,370.00"
2019-09-03,2019090301006067,GDBL,49,49,"3,000",204.00,"612,000.00"
2019-09-03,2019090301006174,GFCL,59,17,51,139.00,"7,089.00"
2019-09-03,2019090301006137,GFCL,59,17,49,139.00,"6,811.00"
2019-09-03,2019090301006136,GFCL,59,13,51,138.00,"7,038.00"
2019-09-03,2019090301005905,GHL,51,35,20,71.00,"1,420.00"
2019-09-03,2019090301005819,GLBSL,39,38,10,475.00,"4,750.00"
2019-09-03,2019090301006313,GLICL,26,26,30,389.00,"11,670.00"
2019-09-03,2019090301006307,GLICL,57,26,321,389.00,"124,869.00"
2019-09-03,2019090301006286,GLICL,42,26,10,389.00,"3,890.00"
2019-09-03,2019090301006065,GLICL,38,46,200,388.00,"77,600.00"
2019-09-03,2019090301005962,GLICL,35,26,21,389.00,"8,169.00"
2019-09-03,2019090301005851,GLICL,21,26,10,389.00,"3,890.00"
2019-09-03,2019090301006075,GMFBS,43,1,50,515.00,"25,750.00"
2019-09-03,2019090301006152,GMFIL,43,21,10,119.00,"1,190.00"
2019-09-03,2019090301006266,GRDBL,8,57,100,107.00,"10,700.00"
2019-09-03,2019090301006135,GRDBL,43,57,20,107.00,"2,140.00"
2019-09-03,2019090301006225,HBL,38,58,90,520.00,"46,800.00"
2019-09-03,2019090301006224,HBL,38,43,10,520.00,"5,200.00"
2019-09-03,2019090301006141,HDL,33,32,250,"1,501.00","375,250.00"
2019-09-03,2019090301006140,HDL,33,58,30,"1,501.00","45,030.00"
2019-09-03,2019090301006125,HDL,35,58,20,"1,501.00","30,020.00"
2019-09-03,2019090301006115,HDL,38,38,200,"1,500.00","300,000.00"
2019-09-03,2019090301006208,HGI,34,46,50,307.00,"15,350.00"
2019-09-03,2019090301006207,HGI,34,41,200,306.00,"61,200.00"
2019-09-03,2019090301006186,HGI,34,35,20,304.00,"6,080.00"
2019-09-03,2019090301006164,HGI,25,54,14,300.00,"4,200.00"
2019-09-03,2019090301006019,HGI,1,3,20,299.00,"5,980.00"
2019-09-03,2019090301006218,HIDCL,36,50,100,141.00,"14,100.00"
2019-09-03,2019090301006168,HIDCL,51,4,200,142.00,"28,400.00"
2019-09-03,2019090301006035,HIDCL,29,26,20,142.00,"2,840.00"
2019-09-03,2019090301006034,HIDCL,29,47,100,141.00,"14,100.00"
2019-09-03,2019090301005975,HIDCL,13,50,961,140.00,"134,540.00"
2019-09-03,2019090301005953,HPPL,45,58,10,142.00,"1,420.00"
2019-09-03,2019090301005952,HPPL,45,43,300,140.00,"42,000.00"
2019-09-03,2019090301005951,HPPL,45,58,10,140.00,"1,400.00"
2019-09-03,2019090301005876,IGI,34,4,250,327.00,"81,750.00"
2019-09-03,2019090301005875,IGI,34,4,141,326.00,"45,966.00"
2019-09-03,2019090301005874,IGI,34,4,110,326.00,"35,860.00"
2019-09-03,2019090301006002,ILBS,16,56,10,441.00,"4,410.00"
2019-09-03,2019090301006309,JBBL,38,47,300,162.00,"48,600.00"
