Date,Transact. No.,Symbol,Buyer,Seller,Quantity,Rate,Amount
2019-05-16,2019051601010577,ADBL,17,58,414,421.00,"174,294.00"
2019-05-16,2019051601010576,ADBL,42,58,100,421.00,"42,100.00"
2019-05-16,2019051601010575,ADBL,42,58,100,421.00,"42,100.00"
2019-05-16,2019051601010574,ADBL,59,58,300,421.00,"126,300.00"
2019-05-16,2019051601010573,ADBL,50,58,300,422.00,"126,600.00"
2019-05-16,2019051601010572,ADBL,49,58,500,422.00,"211,000.00"
2019-05-16,2019051601010342,ADBL,14,58,500,424.00,"212,000.00"
2019-05-16,2019051601010315,ADBL,42,58,500,424.00,"212,000.00"
2019-05-16,2019051601010302,ADBL,6,58,"2,000",424.00,"848,000.00"
2019-05-16,2019051601010144,ADBL,33,29,200,425.00,"85,000.00"
2019-05-16,2019051601010474,ADBL,25,28,200,423.00,"84,600.00"
2019-05-16,2019051601010473,ADBL,42,28,200,423.00,"84,600.00"
2019-05-16,2019051601010472,ADBL,57,28,500,423.00,"211,500.00"
2019-05-16,2019051601010471,ADBL,38,28,100,423.00,"42,300.00"
2019-05-16,2019051601010470,ADBL,21,28,263,423.00,"111,249.00"
2019-05-16,2019051601010395,ADBL,45,58,76,424.00,"32,224.00"
2019-05-16,2019051601010571,ADBL,53,58,200,422.00,"84,400.00"
2019-05-16,2019051601010542,ADBL,45,22,"1,000",423.00,"423,000.00"
2019-05-16,2019051601010541,ADBL,50,22,63,423.00,"26,649.00"
2019-05-16,2019051601010528,ADBL,34,58,10,424.00,"4,240.00"
2019-05-16,2019051601010476,ADBL,50,28,37,423.00,"15,651.00"
2019-05-16,2019051601010475,ADBL,45,28,700,423.00,"296,100.00"
2019-05-16,2019051601010533,AHPC,43,41,"1,450",105.00,"152,250.00"
2019-05-16,2019051601010532,AHPC,6,41,500,106.00,"53,000.00"
2019-05-16,2019051601010531,AHPC,45,41,500,106.00,"53,000.00"
2019-05-16,2019051601010530,AHPC,41,41,100,106.00,"10,600.00"
2019-05-16,2019051601010634,AKJCL,11,42,20,77.00,"1,540.00"
2019-05-16,2019051601010606,AKPL,41,25,298,200.00,"59,600.00"
2019-05-16,2019051601010356,ALBSL,41,17,10,455.00,"4,550.00"
2019-05-16,2019051601010614,API,29,25,20,147.00,"2,940.00"
2019-05-16,2019051601010384,API,6,36,543,145.00,"78,735.00"
2019-05-16,2019051601010281,API,36,36,927,146.00,"135,342.00"
2019-05-16,2019051601010280,API,25,21,17,148.00,"2,516.00"
2019-05-16,2019051601010279,API,25,45,38,148.00,"5,624.00"
2019-05-16,2019051601010250,API,36,51,73,146.00,"10,658.00"
2019-05-16,2019051601010495,BOKL,57,25,900,280.00,"252,000.00"
2019-05-16,2019051601010494,BOKL,28,25,100,280.00,"28,000.00"
2019-05-16,2019051601010357,BOKL,28,49,200,280.00,"56,000.00"
2019-05-16,2019051601010325,BOKL,42,52,145,280.00,"40,600.00"
2019-05-16,2019051601010324,BOKL,13,52,212,280.00,"59,360.00"
2019-05-16,2019051601010276,BOKL,57,13,200,281.00,"56,200.00"
2019-05-16,2019051601010268,BOKL,13,17,138,280.00,"38,640.00"
2019-05-16,2019051601010267,BOKL,36,17,362,280.00,"101,360.00"
2019-05-16,2019051601010580,BPCL,42,49,100,388.00,"38,800.00"
2019-05-16,2019051601010566,BPCL,42,58,500,388.00,"194,000.00"
2019-05-16,2019051601010565,BPCL,32,58,500,389.00,"194,500.00"
2019-05-16,2019051601010148,BPCL,35,48,114,390.00,"44,460.00"
2019-05-16,2019051601010331,CBBL,4,17,200,954.00,"190,800.00"
2019-05-16,2019051601010330,CBBL,4,58,130,953.00,"123,890.00"
2019-05-16,2019051601010537,CBL,47,43,25,148.00,"3,700.00"
2019-05-16,2019051601010536,CBL,55,43,500,148.00,"74,000.00"
2019-05-16,2019051601010535,CBL,51,43,100,148.00,"14,800.00"
2019-05-16,2019051601010534,CBL,6,43,375,148.00,"55,500.00"
2019-05-16,2019051601010521,CBL,14,58,30,149.00,"4,470.00"
2019-05-16,2019051601010461,CBL,53,58,800,149.00,"119,200.00"
2019-05-16,2019051601010220,CBL,6,37,100,148.00,"14,800.00"
2019-05-16,2019051601010195,CBL,6,43,25,148.00,"3,700.00"
2019-05-16,2019051601010194,CBL,1,43,975,148.00,"144,300.00"
2019-05-16,2019051601010360,CCBL,19,39,306,169.00,"51,714.00"
2019-05-16,2019051601010352,CCBL,19,4,694,169.00,"117,286.00"
2019-05-16,2019051601010351,CCBL,42,4,"1,500",169.00,"253,500.00"
2019-05-16,2019051601010350,CCBL,58,4,"5,000",169.00,"845,000.00"
2019-05-16,2019051601010349,CCBL,26,4,150,169.00,"25,350.00"
2019-05-16,2019051601010348,CCBL,55,4,50,169.00,"8,450.00"
2019-05-16,2019051601010347,CCBL,43,4,100,169.00,"16,900.00"
2019-05-16,2019051601010346,CCBL,32,4,100,169.00,"16,900.00"
2019-05-16,2019051601010345,CCBL,32,4,406,169.00,"68,614.00"
2019-05-16,2019051601010429,CFCL,16,36,"1,366",113.00,"154,358.00"
2019-05-16,2019051601010625,CHCL,28,28,150,523.00,"78,450.00"
2019-05-16,2019051601010624,CHCL,39,28,150,523.00,"78,450.00"
2019-05-16,2019051601010304,CHCL,39,45,50,523.00,"26,150.00"
2019-05-16,2019051601010303,CHCL,52,45,50,523.00,"26,150.00"
2019-05-16,2019051601010391,CHLBS,55,17,10,444.00,"4,440.00"
2019-05-16,2019051601010190,CHLBS,55,38,10,444.00,"4,440.00"
2019-05-16,2019051601010183,CHLBS,11,32,50,445.00,"22,250.00"
2019-05-16,2019051601010465,CIT,45,39,152,"2,655.00","403,560.00"
2019-05-16,2019051601010312,CIT,49,49,"1,000","2,642.00","2,642,000.00"
2019-05-16,2019051601010463,CZBIL,28,58,100,235.00,"23,500.00"
2019-05-16,2019051601010611,DBBL,42,58,100,150.00,"15,000.00"
2019-05-16,2019051601010529,DBBL,25,32,200,148.00,"29,600.00"
2019-05-16,2019051601010386,DBBL,38,58,300,148.00,"44,400.00"
2019-05-16,2019051601010353,DBBL,6,58,500,150.00,"75,000.00"
2019-05-16,2019051601010338,DBBL,20,58,"3,000",149.00,"447,000.00"
2019-05-16,2019051601010247,DBBL,20,52,"1,000",149.00,"149,000.00"
2019-05-16,2019051601010246,DBBL,20,58,"1,000",149.00,"149,000.00"
2019-05-16,2019051601010239,DDBL,6,7,200,743.00,"148,600.00"
2019-05-16,2019051601010238,DDBL,53,7,363,745.00,"270,435.00"
2019-05-16,2019051601010237,DDBL,50,7,50,746.00,"37,300.00"
2019-05-16,2019051601010579,EBL,49,42,10,677.00,"6,770.00"
2019-05-16,2019051601010415,EBL,33,52,45,674.00,"30,330.00"
2019-05-16,2019051601010414,EBL,33,17,100,674.00,"67,400.00"
2019-05-16,2019051601010413,EBL,33,25,355,674.00,"239,270.00"
2019-05-16,2019051601010397,EBL,7,25,50,674.00,"33,700.00"
2019-05-16,2019051601010248,EBL,14,14,133,673.00,"89,509.00"
2019-05-16,2019051601010559,FOWAD,36,47,26,"1,572.00","40,872.00"
2019-05-16,2019051601010558,FOWAD,36,47,24,"1,570.00","37,680.00"
2019-05-16,2019051601010543,FOWAD,25,47,10,"1,570.00","15,700.00"
2019-05-16,2019051601010603,GBBL,26,57,50,238.00,"11,900.00"
2019-05-16,2019051601010456,GBBL,35,39,26,235.00,"6,110.00"
2019-05-16,2019051601010174,GBBL,19,39,165,237.00,"39,105.00"
2019-05-16,2019051601010170,GBBL,19,32,200,237.00,"47,400.00"
2019-05-16,2019051601010169,GBBL,19,25,50,237.00,"11,850.00"
2019-05-16,2019051601010168,GBBL,19,39,110,237.00,"26,070.00"
2019-05-16,2019051601010161,GBBL,19,13,400,235.00,"94,000.00"
2019-05-16,2019051601010167,GBBL,19,48,"1,000",237.00,"237,000.00"
2019-05-16,2019051601010166,GBBL,19,51,25,237.00,"5,925.00"
2019-05-16,2019051601010165,GBBL,19,14,100,236.00,"23,600.00"
2019-05-16,2019051601010164,GBBL,19,48,200,236.00,"47,200.00"
2019-05-16,2019051601010163,GBBL,19,11,250,236.00,"59,000.00"
2019-05-16,2019051601010162,GBBL,19,4,500,236.00,"118,000.00"
2019-05-16,2019051601010525,GBIME,35,7,174,311.00,"54,114.00"
2019-05-16,2019051601010464,GBIME,35,43,"1,000",311.00,"311,000.00"
2019-05-16,2019051601010275,GBIME,16,29,800,313.00,"250,400.00"
2019-05-16,2019051601010245,GBIME,21,44,46,312.00,"14,352.00"
2019-05-16,2019051601010244,GBIME,21,44,46,312.00,"14,352.00"
2019-05-16,2019051601010243,GBIME,21,4,39,312.00,"12,168.00"
2019-05-16,2019051601010560,GBLBS,29,42,100,363.00,"36,300.00"
2019-05-16,2019051601010437,GBLBS,29,56,750,363.00,"272,250.00"
2019-05-16,2019051601010629,GDBL,26,25,50,220.00,"11,000.00"
2019-05-16,2019051601010587,GDBL,42,25,224,220.00,"49,280.00"
2019-05-16,2019051601010586,GDBL,42,25,300,220.00,"66,000.00"
2019-05-16,2019051601010585,GDBL,42,1,200,220.00,"44,000.00"
2019-05-16,2019051601010584,GDBL,42,7,59,220.00,"12,980.00"
2019-05-16,2019051601010583,GDBL,42,58,547,220.00,"120,340.00"
2019-05-16,2019051601010412,GDBL,28,37,30,220.00,"6,600.00"
2019-05-16,2019051601010411,GDBL,28,37,309,219.00,"67,671.00"
2019-05-16,2019051601010410,GDBL,28,22,200,219.00,"43,800.00"
2019-05-16,2019051601010409,GDBL,28,51,461,219.00,"100,959.00"
2019-05-16,2019051601010582,GDBL,42,14,150,220.00,"33,000.00"
2019-05-16,2019051601010581,GDBL,42,37,20,220.00,"4,400.00"
2019-05-16,2019051601010636,GLICL,42,51,180,570.00,"102,600.00"
2019-05-16,2019051601010635,GLICL,16,51,20,572.00,"11,440.00"
2019-05-16,2019051601010466,GLICL,16,51,80,572.00,"45,760.00"
2019-05-16,2019051601010249,GLICL,49,10,100,571.00,"57,100.00"
2019-05-16,2019051601010416,GUFL,41,51,500,110.00,"55,000.00"
2019-05-16,2019051601010503,HGI,45,25,100,390.00,"39,000.00"
2019-05-16,2019051601010467,HIDCL,39,33,61,161.00,"9,821.00"
2019-05-16,2019051601010392,HIDCL,39,21,143,161.00,"23,023.00"
2019-05-16,2019051601010181,HIDCL,35,49,50,162.00,"8,100.00"
2019-05-16,2019051601010180,HIDCL,8,49,610,162.00,"98,820.00"
2019-05-16,2019051601010526,HPPL,42,33,10,179.00,"1,790.00"
2019-05-16,2019051601010632,JBBL,58,45,48,153.00,"7,344.00"
2019-05-16,2019051601010631,JBBL,58,42,28,153.00,"4,284.00"
2019-05-16,2019051601010630,JBBL,58,39,124,153.00,"18,972.00"
2019-05-16,2019051601010564,JBBL,19,39,176,153.00,"26,928.00"
2019-05-16,2019051601010563,JBBL,19,6,74,153.00,"11,322.00"
2019-05-16,2019051601010524,JBNL,6,38,279,205.00,"57,195.00"
2019-05-16,2019051601010420,JBNL,6,58,"1,465",205.00,"300,325.00"
2019-05-16,2019051601010419,JBNL,6,25,109,205.00,"22,345.00"
2019-05-16,2019051601010418,JBNL,6,45,100,205.00,"20,500.00"
2019-05-16,2019051601010417,JBNL,6,58,547,205.00,"112,135.00"
2019-05-16,2019051601010189,JBNL,39,38,"1,000",204.00,"204,000.00"
2019-05-16,2019051601010154,JBNL,39,58,600,204.00,"122,400.00"
2019-05-16,2019051601010641,KBBL,42,54,"2,000",231.00,"462,000.00"
2019-05-16,2019051601010640,KBBL,19,54,500,232.00,"116,000.00"
2019-05-16,2019051601010639,KBBL,1,54,400,233.00,"93,200.00"
2019-05-16,2019051601010600,KNBL,42,33,10,139.00,"1,390.00"
2019-05-16,2019051601010262,KPCL,42,32,10,92.00,920.00
2019-05-16,2019051601010255,KSBBL,33,13,569,157.00,"89,333.00"
2019-05-16,2019051601010254,KSBBL,26,13,160,157.00,"25,120.00"
2019-05-16,2019051601010253,KSBBL,50,13,200,157.00,"31,400.00"
2019-05-16,2019051601010252,KSBBL,33,13,571,157.00,"89,647.00"
2019-05-16,2019051601010142,KSBBL,26,37,600,158.00,"94,800.00"
2019-05-16,2019051601010198,LBBL,56,39,500,197.00,"98,500.00"
2019-05-16,2019051601010197,LBBL,6,39,500,197.00,"98,500.00"
2019-05-16,2019051601010196,LBBL,29,39,348,197.00,"68,556.00"
2019-05-16,2019051601010440,LBBL,29,39,952,197.00,"187,544.00"
2019-05-16,2019051601010443,LBBL,29,7,548,198.00,"108,504.00"
2019-05-16,2019051601010442,LBBL,29,50,"1,000",197.00,"197,000.00"
2019-05-16,2019051601010441,LBBL,29,25,"1,000",197.00,"197,000.00"
2019-05-16,2019051601010598,LBL,39,43,700,230.00,"161,000.00"
2019-05-16,2019051601010597,LBL,39,57,100,230.00,"23,000.00"
2019-05-16,2019051601010596,LBL,39,21,200,229.00,"45,800.00"
2019-05-16,2019051601010172,LBL,39,32,234,229.00,"53,586.00"
2019-05-16,2019051601010171,LBL,39,34,66,228.00,"15,048.00"
2019-05-16,2019051601010618,LGIL,17,48,35,506.00,"17,710.00"
2019-05-16,2019051601010617,LGIL,14,48,15,507.00,"7,605.00"
2019-05-16,2019051601010602,LGIL,14,39,185,507.00,"93,795.00"
2019-05-16,2019051601010601,LGIL,35,39,115,507.00,"58,305.00"
2019-05-16,2019051601010305,LGIL,35,19,345,507.00,"174,915.00"
2019-05-16,2019051601010264,LGIL,22,42,150,508.00,"76,200.00"
2019-05-16,2019051601010202,LICN,28,14,70,"1,895.00","132,650.00"
2019-05-16,2019051601010155,LICN,28,14,100,"1,895.00","189,500.00"
2019-05-16,2019051601010379,MBL,22,57,83,271.00,"22,493.00"
2019-05-16,2019051601010378,MBL,50,57,367,271.00,"99,457.00"
2019-05-16,2019051601010613,MEGA,14,39,"1,810",199.00,"360,190.00"
2019-05-16,2019051601010612,MEGA,14,21,190,199.00,"37,810.00"
2019-05-16,2019051601010592,MEGA,43,21,10,199.00,"1,990.00"
2019-05-16,2019051601010591,MEGA,43,28,100,198.00,"19,800.00"
2019-05-16,2019051601010590,MEGA,43,35,128,198.00,"25,344.00"
2019-05-16,2019051601010278,MEGA,53,35,250,198.00,"49,500.00"
2019-05-16,2019051601010390,MFIL,32,38,10,116.00,"1,160.00"
2019-05-16,2019051601010265,MFIL,38,34,"1,209",117.00,"141,453.00"
2019-05-16,2019051601010493,MLBL,58,48,50,202.00,"10,100.00"
2019-05-16,2019051601010406,MLBL,58,41,190,198.00,"37,620.00"
2019-05-16,2019051601010405,MLBL,58,41,10,199.00,"1,990.00"
2019-05-16,2019051601010385,MLBL,44,48,10,202.00,"2,020.00"
2019-05-16,2019051601010520,MNBBL,43,34,50,382.00,"19,100.00"
2019-05-16,2019051601010519,MNBBL,43,34,80,382.00,"30,560.00"
2019-05-16,2019051601010518,MNBBL,43,34,50,382.00,"19,100.00"
2019-05-16,2019051601010517,MNBBL,43,34,50,382.00,"19,100.00"
2019-05-16,2019051601010516,MNBBL,43,34,50,382.00,"19,100.00"
2019-05-16,2019051601010515,MNBBL,43,34,50,382.00,"19,100.00"
2019-05-16,2019051601010370,MNBBL,56,34,400,385.00,"154,000.00"
2019-05-16,2019051601010369,MNBBL,17,34,245,385.00,"94,325.00"
2019-05-16,2019051601010375,MNBBL,45,34,55,384.00,"21,120.00"
2019-05-16,2019051601010374,MNBBL,52,34,100,384.00,"38,400.00"
2019-05-16,2019051601010373,MNBBL,14,34,"1,000",384.00,"384,000.00"
2019-05-16,2019051601010372,MNBBL,14,34,150,385.00,"57,750.00"
2019-05-16,2019051601010371,MNBBL,48,34,50,385.00,"19,250.00"
2019-05-16,2019051601010508,MNBBL,43,34,50,383.00,"19,150.00"
2019-05-16,2019051601010507,MNBBL,43,34,40,383.00,"15,320.00"
2019-05-16,2019051601010506,MNBBL,45,34,45,384.00,"17,280.00"
2019-05-16,2019051601010514,MNBBL,38,34,696,382.00,"265,872.00"
2019-05-16,2019051601010513,MNBBL,21,34,500,383.00,"191,500.00"
2019-05-16,2019051601010512,MNBBL,43,34,30,383.00,"11,490.00"
2019-05-16,2019051601010511,MNBBL,43,34,100,383.00,"38,300.00"
2019-05-16,2019051601010510,MNBBL,43,34,50,383.00,"19,150.00"
2019-05-16,2019051601010509,MNBBL,43,34,50,383.00,"19,150.00"
2019-05-16,2019051601010323,NABIL,52,6,46,845.00,"38,870.00"
2019-05-16,2019051601010322,NABIL,39,6,100,845.00,"84,500.00"
2019-05-16,2019051601010321,NABIL,32,6,50,845.00,"42,250.00"
2019-05-16,2019051601010320,NABIL,14,6,500,845.00,"422,500.00"
2019-05-16,2019051601010319,NABIL,14,6,500,845.00,"422,500.00"
2019-05-16,2019051601010318,NABIL,56,6,400,845.00,"338,000.00"
2019-05-16,2019051601010317,NABIL,41,6,30,845.00,"25,350.00"
2019-05-16,2019051601010266,NABIL,43,6,74,846.00,"62,604.00"
2019-05-16,2019051601010203,NABIL,42,6,30,847.00,"25,410.00"
2019-05-16,2019051601010609,NABILP,59,49,10,825.00,"8,250.00"
2019-05-16,2019051601010547,NABILP,35,59,250,815.00,"203,750.00"
2019-05-16,2019051601010546,NABILP,28,59,"1,000",815.00,"815,000.00"
2019-05-16,2019051601010545,NABILP,34,59,100,819.00,"81,900.00"
2019-05-16,2019051601010231,NABILP,6,59,"1,420",820.00,"1,164,400.00"
2019-05-16,2019051601010230,NABILP,28,59,200,820.00,"164,000.00"
2019-05-16,2019051601010229,NABILP,39,59,80,820.00,"65,600.00"
2019-05-16,2019051601010544,NABILP,6,59,80,820.00,"65,600.00"
2019-05-16,2019051601010589,NBB,28,48,100,228.00,"22,800.00"
2019-05-16,2019051601010240,NBB,28,1,500,228.00,"114,000.00"
2019-05-16,2019051601010179,NBB,28,41,61,228.00,"13,908.00"
2019-05-16,2019051601010178,NBB,41,41,50,228.00,"11,400.00"
2019-05-16,2019051601010177,NBB,46,41,703,228.00,"160,284.00"
2019-05-16,2019051601010176,NBB,17,41,"1,000",228.00,"228,000.00"
2019-05-16,2019051601010175,NBB,28,41,186,228.00,"42,408.00"
2019-05-16,2019051601010638,NBL,47,17,450,319.00,"143,550.00"
2019-05-16,2019051601010637,NBL,33,17,100,319.00,"31,900.00"
2019-05-16,2019051601010599,NBL,58,17,100,319.00,"31,900.00"
2019-05-16,2019051601010549,NBL,14,17,100,319.00,"31,900.00"
2019-05-16,2019051601010505,NBL,14,17,100,319.00,"31,900.00"
2019-05-16,2019051601010393,NBL,4,17,"1,000",319.00,"319,000.00"
2019-05-16,2019051601010185,NBL,14,32,100,319.00,"31,900.00"
2019-05-16,2019051601010362,NBL,49,17,"1,100",319.00,"350,900.00"
2019-05-16,2019051601010361,NBL,49,33,900,319.00,"287,100.00"
2019-05-16,2019051601010277,NBL,14,33,"1,000",319.00,"319,000.00"
2019-05-16,2019051601010234,NBL,33,41,"1,000",318.00,"318,000.00"
2019-05-16,2019051601010187,NBL,14,33,100,319.00,"31,900.00"
2019-05-16,2019051601010186,NBL,14,8,800,319.00,"255,200.00"
2019-05-16,2019051601010628,NCCB,33,17,10,260.00,"2,600.00"
2019-05-16,2019051601010454,NCCB,1,49,100,259.00,"25,900.00"
2019-05-16,2019051601010453,NCCB,1,17,151,259.00,"39,109.00"
2019-05-16,2019051601010436,NCCB,28,33,200,258.00,"51,600.00"
2019-05-16,2019051601010432,NCCB,50,17,100,259.00,"25,900.00"
2019-05-16,2019051601010404,NCCB,14,17,249,259.00,"64,491.00"
2019-05-16,2019051601010403,NCCB,14,52,251,259.00,"65,009.00"
2019-05-16,2019051601010287,NCCB,28,41,607,258.00,"156,606.00"
2019-05-16,2019051601010286,NCCB,32,41,300,258.00,"77,400.00"
2019-05-16,2019051601010285,NCCB,34,41,137,258.00,"35,346.00"
2019-05-16,2019051601010199,NCCB,19,52,300,259.00,"77,700.00"
2019-05-16,2019051601010343,NEF,17,34,"4,345",8.61,"37,410.45"
2019-05-16,2019051601010233,NHPC,56,38,"1,000",67.00,"67,000.00"
2019-05-16,2019051601010232,NHPC,56,29,"1,000",67.00,"67,000.00"
2019-05-16,2019051601010562,NIB,43,33,43,546.00,"23,478.00"
2019-05-16,2019051601010359,NIB,57,44,35,548.00,"19,180.00"
2019-05-16,2019051601010358,NIB,57,39,325,547.00,"177,775.00"
2019-05-16,2019051601010355,NIB,43,8,11,546.00,"6,006.00"
2019-05-16,2019051601010354,NIB,41,8,33,546.00,"18,018.00"
2019-05-16,2019051601010314,NIB,19,39,100,547.00,"54,700.00"
2019-05-16,2019051601010313,NIB,38,39,75,547.00,"41,025.00"
2019-05-16,2019051601010182,NIB,38,35,49,547.00,"26,803.00"
2019-05-16,2019051601010447,NIBPO,52,19,77,518.00,"39,886.00"
2019-05-16,2019051601010446,NIBPO,43,19,23,518.00,"11,914.00"
2019-05-16,2019051601010387,NIBPO,35,52,30,521.00,"15,630.00"
2019-05-16,2019051601010207,NIBPO,43,35,28,518.00,"14,504.00"
2019-05-16,2019051601010500,NICA,26,52,100,490.00,"49,000.00"
2019-05-16,2019051601010344,NICA,55,48,40,487.00,"19,480.00"
2019-05-16,2019051601010311,NICA,6,33,53,489.00,"25,917.00"
2019-05-16,2019051601010274,NICA,25,8,125,488.00,"61,000.00"
2019-05-16,2019051601010273,NICA,28,8,200,488.00,"97,600.00"
2019-05-16,2019051601010272,NICA,53,8,500,488.00,"244,000.00"
2019-05-16,2019051601010271,NICA,59,8,200,488.00,"97,600.00"
2019-05-16,2019051601010270,NICA,8,8,100,488.00,"48,800.00"
2019-05-16,2019051601010462,NICGF,36,32,"1,900",9.75,"18,525.00"
2019-05-16,2019051601010455,NICGF,36,8,100,9.75,975.00
2019-05-16,2019051601010188,NICL,29,51,100,400.00,"40,000.00"
2019-05-16,2019051601010468,NIL,34,38,100,523.00,"52,300.00"
2019-05-16,2019051601010310,NIL,55,38,155,520.00,"80,600.00"
2019-05-16,2019051601010309,NIL,58,38,45,521.00,"23,445.00"
2019-05-16,2019051601010308,NIL,57,38,500,521.00,"260,500.00"
2019-05-16,2019051601010307,NIL,43,38,200,521.00,"104,200.00"
2019-05-16,2019051601010306,NIL,56,38,50,521.00,"26,050.00"
2019-05-16,2019051601010556,NLG,49,54,288,817.00,"235,296.00"
2019-05-16,2019051601010555,NLG,38,54,35,817.00,"28,595.00"
2019-05-16,2019051601010554,NLG,49,54,200,818.00,"163,600.00"
2019-05-16,2019051601010335,NLG,49,14,16,820.00,"13,120.00"
2019-05-16,2019051601010334,NLG,33,14,28,821.00,"22,988.00"
2019-05-16,2019051601010553,NLG,25,54,400,820.00,"328,000.00"
2019-05-16,2019051601010552,NLG,57,54,30,820.00,"24,600.00"
2019-05-16,2019051601010551,NLG,41,54,22,820.00,"18,040.00"
2019-05-16,2019051601010550,NLG,34,54,25,822.00,"20,550.00"
2019-05-16,2019051601010339,NLG,25,6,10,827.00,"8,270.00"
2019-05-16,2019051601010336,NLG,41,14,28,820.00,"22,960.00"
2019-05-16,2019051601010548,NLIC,6,47,304,962.00,"292,448.00"
2019-05-16,2019051601010497,NLIC,48,36,150,961.00,"144,150.00"
2019-05-16,2019051601010496,NLIC,48,28,179,961.00,"172,019.00"
2019-05-16,2019051601010235,NLIC,6,35,36,960.00,"34,560.00"
2019-05-16,2019051601010184,NLIC,6,48,100,960.00,"96,000.00"
2019-05-16,2019051601010377,NLICL,8,29,90,669.00,"60,210.00"
2019-05-16,2019051601010376,NLICL,8,34,400,669.00,"267,600.00"
2019-05-16,2019051601010433,NMB,33,36,"1,000",382.00,"382,000.00"
2019-05-16,2019051601010366,NMB,33,38,"1,000",382.00,"382,000.00"
2019-05-16,2019051601010364,NMB,33,49,100,382.00,"38,200.00"
2019-05-16,2019051601010284,NMB,33,25,500,382.00,"191,000.00"
2019-05-16,2019051601010283,NMB,33,37,500,382.00,"191,000.00"
2019-05-16,2019051601010282,NMB,33,37,375,382.00,"143,250.00"
2019-05-16,2019051601010205,NMB,29,37,125,382.00,"47,750.00"
2019-05-16,2019051601010402,NMBMF,40,18,200,"1,030.00","206,000.00"
2019-05-16,2019051601010401,NMBMF,40,57,50,"1,029.00","51,450.00"
2019-05-16,2019051601010383,NMBMF,40,18,100,"1,025.00","102,500.00"
2019-05-16,2019051601010382,NMBMF,40,28,97,"1,010.00","97,970.00"
2019-05-16,2019051601010381,NMBMF,40,7,35,"1,010.00","35,350.00"
2019-05-16,2019051601010380,NMBMF,40,41,21,"1,010.00","21,210.00"
2019-05-16,2019051601010434,NSEWA,14,6,10,470.00,"4,700.00"
2019-05-16,2019051601010328,NSEWA,48,45,10,465.00,"4,650.00"
2019-05-16,2019051601010502,NTC,42,26,10,723.00,"7,230.00"
2019-05-16,2019051601010341,NUBL,58,32,10,871.00,"8,710.00"
2019-05-16,2019051601010260,NUBL,42,32,150,874.00,"131,100.00"
2019-05-16,2019051601010259,NUBL,6,32,290,875.00,"253,750.00"
2019-05-16,2019051601010223,OHL,45,16,100,645.00,"64,500.00"
2019-05-16,2019051601010208,OHL,57,16,40,645.00,"25,800.00"
2019-05-16,2019051601010439,OHL,45,33,400,645.00,"258,000.00"
2019-05-16,2019051601010570,PCBL,51,43,100,377.00,"37,700.00"
2019-05-16,2019051601010569,PCBL,51,38,300,376.00,"112,800.00"
2019-05-16,2019051601010568,PCBL,51,14,500,375.00,"187,500.00"
2019-05-16,2019051601010567,PCBL,51,14,100,375.00,"37,500.00"
2019-05-16,2019051601010523,PCBL,13,58,50,371.00,"18,550.00"
2019-05-16,2019051601010492,PCBL,13,58,"1,000",371.00,"371,000.00"
2019-05-16,2019051601010147,PCBL,55,43,167,373.00,"62,291.00"
2019-05-16,2019051601010146,PCBL,29,43,200,373.00,"74,600.00"
2019-05-16,2019051601010145,PCBL,42,43,133,373.00,"49,609.00"
2019-05-16,2019051601010143,PCBL,42,42,100,373.00,"37,300.00"
2019-05-16,2019051601010424,PCBL,4,58,300,372.00,"111,600.00"
2019-05-16,2019051601010423,PCBL,53,58,200,372.00,"74,400.00"
2019-05-16,2019051601010422,PCBL,57,58,100,373.00,"37,300.00"
2019-05-16,2019051601010421,PCBL,55,58,"1,643",373.00,"612,839.00"
2019-05-16,2019051601010288,PCBL,55,45,190,373.00,"70,870.00"
2019-05-16,2019051601010173,PCBL,42,14,300,375.00,"112,500.00"
2019-05-16,2019051601010450,PCBL,4,39,200,371.00,"74,200.00"
2019-05-16,2019051601010449,PCBL,35,39,100,371.00,"37,100.00"
2019-05-16,2019051601010448,PCBL,11,39,50,371.00,"18,550.00"
2019-05-16,2019051601010427,PCBL,25,58,500,372.00,"186,000.00"
2019-05-16,2019051601010426,PCBL,57,58,100,372.00,"37,200.00"
2019-05-16,2019051601010425,PCBL,4,58,500,372.00,"186,000.00"
2019-05-16,2019051601010460,PCBL,21,58,200,371.00,"74,200.00"
2019-05-16,2019051601010459,PCBL,44,58,400,371.00,"148,400.00"
2019-05-16,2019051601010458,PCBL,22,58,100,371.00,"37,100.00"
2019-05-16,2019051601010457,PCBL,45,58,600,371.00,"222,600.00"
2019-05-16,2019051601010452,PCBL,45,39,400,371.00,"148,400.00"
2019-05-16,2019051601010451,PCBL,57,39,300,371.00,"111,300.00"
2019-05-16,2019051601010633,PIC,58,4,10,"1,240.00","12,400.00"
2019-05-16,2019051601010627,PIC,58,4,10,"1,240.00","12,400.00"
2019-05-16,2019051601010623,PIC,48,4,61,"1,229.00","74,969.00"
2019-05-16,2019051601010622,PIC,45,4,200,"1,229.00","245,800.00"
2019-05-16,2019051601010621,PIC,28,4,100,"1,229.00","122,900.00"
2019-05-16,2019051601010620,PIC,21,4,139,"1,229.00","170,831.00"
2019-05-16,2019051601010289,PIC,49,5,439,"1,232.00","540,848.00"
2019-05-16,2019051601010269,PIC,49,47,50,"1,232.00","61,600.00"
2019-05-16,2019051601010257,PIC,58,4,10,"1,240.00","12,400.00"
2019-05-16,2019051601010256,PIC,58,35,93,"1,233.00","114,669.00"
2019-05-16,2019051601010219,PIC,49,47,11,"1,232.00","13,552.00"
2019-05-16,2019051601010295,PIC,58,5,139,"1,230.00","170,970.00"
2019-05-16,2019051601010294,PIC,44,5,20,"1,231.00","24,620.00"
2019-05-16,2019051601010293,PIC,50,5,50,"1,231.00","61,550.00"
2019-05-16,2019051601010292,PIC,10,5,50,"1,231.00","61,550.00"
2019-05-16,2019051601010291,PIC,38,5,16,"1,232.00","19,712.00"
2019-05-16,2019051601010290,PIC,6,5,100,"1,232.00","123,200.00"
2019-05-16,2019051601010301,PIC,58,5,100,"1,230.00","123,000.00"
2019-05-16,2019051601010300,PIC,48,5,30,"1,230.00","36,900.00"
2019-05-16,2019051601010299,PIC,47,5,200,"1,230.00","246,000.00"
2019-05-16,2019051601010298,PIC,35,5,100,"1,230.00","123,000.00"
2019-05-16,2019051601010297,PIC,37,5,300,"1,230.00","369,000.00"
2019-05-16,2019051601010296,PIC,56,5,50,"1,230.00","61,500.00"
2019-05-16,2019051601010619,PIC,7,4,200,"1,240.00","248,000.00"
2019-05-16,2019051601010594,PIC,21,47,61,"1,229.00","74,969.00"
2019-05-16,2019051601010527,PIC,58,4,10,"1,240.00","12,400.00"
2019-05-16,2019051601010498,PIC,21,47,50,"1,229.00","61,450.00"
2019-05-16,2019051601010365,PIC,21,47,50,"1,229.00","61,450.00"
2019-05-16,2019051601010363,PIC,7,5,169,"1,230.00","207,870.00"
2019-05-16,2019051601010605,PICL,6,29,50,719.00,"35,950.00"
2019-05-16,2019051601010400,PICL,11,38,60,728.00,"43,680.00"
2019-05-16,2019051601010399,PICL,55,14,46,720.00,"33,120.00"
2019-05-16,2019051601010398,PICL,34,14,170,721.00,"122,570.00"
2019-05-16,2019051601010316,PLIC,46,1,300,483.00,"144,900.00"
2019-05-16,2019051601010192,PLIC,46,49,100,483.00,"48,300.00"
2019-05-16,2019051601010191,PLIC,46,7,50,483.00,"24,150.00"
2019-05-16,2019051601010152,PLIC,52,7,200,484.00,"96,800.00"
2019-05-16,2019051601010226,PRVU,57,20,80,284.00,"22,720.00"
2019-05-16,2019051601010151,PRVU,29,56,30,283.00,"8,490.00"
2019-05-16,2019051601010228,PRVU,57,43,20,284.00,"5,680.00"
2019-05-16,2019051601010227,PRVU,57,6,170,284.00,"48,280.00"
2019-05-16,2019051601010481,PRVU,55,54,150,282.00,"42,300.00"
2019-05-16,2019051601010480,PRVU,42,54,50,282.00,"14,100.00"
2019-05-16,2019051601010479,PRVU,42,54,624,282.00,"175,968.00"
2019-05-16,2019051601010478,PRVU,29,54,334,283.00,"94,522.00"
2019-05-16,2019051601010477,PRVU,33,54,200,284.00,"56,800.00"
2019-05-16,2019051601010487,PRVU,59,54,300,281.00,"84,300.00"
2019-05-16,2019051601010486,PRVU,4,54,400,281.00,"112,400.00"
2019-05-16,2019051601010485,PRVU,16,54,500,281.00,"140,500.00"
2019-05-16,2019051601010484,PRVU,59,54,300,281.00,"84,300.00"
2019-05-16,2019051601010483,PRVU,32,54,"1,000",281.00,"281,000.00"
2019-05-16,2019051601010482,PRVU,57,54,230,282.00,"64,860.00"
2019-05-16,2019051601010491,PRVU,34,54,262,281.00,"73,622.00"
2019-05-16,2019051601010490,PRVU,39,54,300,281.00,"84,300.00"
2019-05-16,2019051601010489,PRVU,1,54,150,281.00,"42,150.00"
2019-05-16,2019051601010488,PRVU,55,54,200,281.00,"56,200.00"
2019-05-16,2019051601010588,RBCL,48,39,10,"11,368.00","113,680.00"
2019-05-16,2019051601010160,RHPC,35,55,147,99.00,"14,553.00"
2019-05-16,2019051601010159,RHPC,35,32,500,99.00,"49,500.00"
2019-05-16,2019051601010158,RHPC,35,45,"1,000",99.00,"99,000.00"
2019-05-16,2019051601010157,RHPC,35,35,100,99.00,"9,900.00"
2019-05-16,2019051601010156,RHPC,35,17,"2,000",98.00,"196,000.00"
2019-05-16,2019051601010332,RLFL,38,25,90,129.00,"11,610.00"
2019-05-16,2019051601010607,RMDC,6,14,111,674.00,"74,814.00"
2019-05-16,2019051601010578,RMDC,53,14,116,670.00,"77,720.00"
2019-05-16,2019051601010394,RRHP,47,32,10,93.00,930.00
2019-05-16,2019051601010499,SADBL,16,51,10,158.00,"1,580.00"
2019-05-16,2019051601010610,SANIMA,14,52,47,362.00,"17,014.00"
2019-05-16,2019051601010469,SBI,48,53,150,489.00,"73,350.00"
2019-05-16,2019051601010327,SBI,48,41,300,490.00,"147,000.00"
2019-05-16,2019051601010326,SBI,16,41,22,490.00,"10,780.00"
2019-05-16,2019051601010222,SBI,16,53,278,490.00,"136,220.00"
2019-05-16,2019051601010540,SBL,49,17,10,343.00,"3,430.00"
2019-05-16,2019051601010408,SBL,6,59,500,342.00,"171,000.00"
2019-05-16,2019051601010258,SBL,6,13,62,342.00,"21,204.00"
2019-05-16,2019051601010225,SBL,21,17,103,343.00,"35,329.00"
2019-05-16,2019051601010224,SBL,21,32,200,343.00,"68,600.00"
2019-05-16,2019051601010204,SBL,6,59,490,342.00,"167,580.00"
2019-05-16,2019051601010201,SBL,34,6,250,341.00,"85,250.00"
2019-05-16,2019051601010200,SBL,32,6,50,341.00,"17,050.00"
2019-05-16,2019051601010193,SBL,32,59,10,342.00,"3,420.00"
2019-05-16,2019051601010604,SCB,29,33,20,689.00,"13,780.00"
2019-05-16,2019051601010261,SCB,29,35,20,689.00,"13,780.00"
2019-05-16,2019051601010251,SCB,29,8,20,689.00,"13,780.00"
2019-05-16,2019051601010209,SCB,29,8,20,689.00,"13,780.00"
2019-05-16,2019051601010263,SDESI,21,35,10,625.00,"6,250.00"
2019-05-16,2019051601010557,SHINE,6,38,50,261.00,"13,050.00"
2019-05-16,2019051601010593,SHIVM,33,32,50,572.00,"28,600.00"
2019-05-16,2019051601010206,SHIVM,33,6,50,572.00,"28,600.00"
2019-05-16,2019051601010150,SHIVM,33,6,50,572.00,"28,600.00"
2019-05-16,2019051601010615,SHL,17,49,100,239.00,"23,900.00"
2019-05-16,2019051601010333,SHL,17,43,100,243.00,"24,300.00"
2019-05-16,2019051601010218,SHL,17,58,594,239.00,"141,966.00"
2019-05-16,2019051601010217,SHL,26,58,100,239.00,"23,900.00"
2019-05-16,2019051601010216,SHL,58,58,100,239.00,"23,900.00"
2019-05-16,2019051601010215,SHL,43,58,100,239.00,"23,900.00"
2019-05-16,2019051601010214,SHL,46,58,100,240.00,"24,000.00"
2019-05-16,2019051601010438,SHPC,43,28,50,271.00,"13,550.00"
2019-05-16,2019051601010368,SHPC,45,6,977,269.00,"262,813.00"
2019-05-16,2019051601010367,SHPC,10,6,23,269.00,"6,187.00"
2019-05-16,2019051601010445,SIC,41,21,80,"1,451.00","116,080.00"
2019-05-16,2019051601010444,SIC,17,21,20,"1,451.00","29,020.00"
2019-05-16,2019051601010242,SICL,55,44,100,872.00,"87,200.00"
2019-05-16,2019051601010241,SICL,25,44,120,873.00,"104,760.00"
2019-05-16,2019051601010595,SIFC,11,51,56,150.00,"8,400.00"
2019-05-16,2019051601010616,SIL,44,56,10,603.00,"6,030.00"
2019-05-16,2019051601010430,SIL,44,56,200,600.00,"120,000.00"
2019-05-16,2019051601010153,SIL,36,32,194,602.00,"116,788.00"
2019-05-16,2019051601010340,SKBBL,44,52,27,999.00,"26,973.00"
2019-05-16,2019051601010213,SLBBL,25,29,32,476.00,"15,232.00"
2019-05-16,2019051601010212,SLBBL,6,29,92,476.00,"43,792.00"
2019-05-16,2019051601010211,SLBBL,49,29,20,477.00,"9,540.00"
2019-05-16,2019051601010210,SLBBL,58,29,56,477.00,"26,712.00"
2019-05-16,2019051601010501,SLBSL,48,42,10,575.00,"5,750.00"
2019-05-16,2019051601010539,SLICL,34,35,10,608.00,"6,080.00"
2019-05-16,2019051601010538,SLICL,34,53,60,606.00,"36,360.00"
2019-05-16,2019051601010504,SLICL,44,5,500,605.00,"302,500.00"
2019-05-16,2019051601010431,SLICL,57,53,40,606.00,"24,240.00"
2019-05-16,2019051601010428,SLICL,57,36,200,606.00,"121,200.00"
2019-05-16,2019051601010407,SLICL,57,32,50,606.00,"30,300.00"
2019-05-16,2019051601010626,SRBL,44,7,56,258.00,"14,448.00"
2019-05-16,2019051601010435,SRBL,44,49,10,258.00,"2,580.00"
2019-05-16,2019051601010329,SRBL,18,44,"1,397",260.00,"363,220.00"
2019-05-16,2019051601010389,SWBBL,44,36,100,932.00,"93,200.00"
2019-05-16,2019051601010388,SWBBL,44,26,10,932.00,"9,320.00"
2019-05-16,2019051601010221,SWBBL,44,32,200,920.00,"184,000.00"
2019-05-16,2019051601010561,UMHL,59,40,986,117.00,"115,362.00"
2019-05-16,2019051601010337,UMHL,59,42,14,117.00,"1,638.00"
2019-05-16,2019051601010608,UPPER,45,45,500,246.00,"123,000.00"
2019-05-16,2019051601010522,UPPER,45,58,40,246.00,"9,840.00"
2019-05-16,2019051601010396,UPPER,8,33,"2,000",246.00,"492,000.00"
2019-05-16,2019051601010236,UPPER,6,16,693,245.00,"169,785.00"
2019-05-16,2019051601010149,UPPER,6,49,191,245.00,"46,795.00"
2019-05-16,2019051601010013,ADBL,6,58,810,426.00,"345,060.00"
2019-05-16,2019051601010002,ADBL,42,14,50,427.00,"21,350.00"
2019-05-16,2019051601009926,ADBL,6,54,"1,190",424.00,"504,560.00"
2019-05-16,2019051601009913,ADBL,53,54,200,424.00,"84,800.00"
2019-05-16,2019051601009903,ADBL,17,54,610,424.00,"258,640.00"
2019-05-16,2019051601009870,ADBL,32,42,400,425.00,"170,000.00"
2019-05-16,2019051601009703,ADBL,45,56,50,426.00,"21,300.00"
2019-05-16,2019051601009777,ADBL,38,58,15,425.00,"6,375.00"
2019-05-16,2019051601009776,ADBL,45,58,500,425.00,"212,500.00"
2019-05-16,2019051601009775,ADBL,42,58,300,425.00,"127,500.00"
2019-05-16,2019051601009774,ADBL,53,58,226,425.00,"96,050.00"
2019-05-16,2019051601009726,ADBL,53,56,10,425.00,"4,250.00"
2019-05-16,2019051601009704,ADBL,7,56,46,426.00,"19,596.00"
2019-05-16,2019051601009783,ADBL,17,58,"1,390",424.00,"589,360.00"
2019-05-16,2019051601009782,ADBL,45,58,100,424.00,"42,400.00"
2019-05-16,2019051601009781,ADBL,54,58,"1,000",425.00,"425,000.00"
2019-05-16,2019051601009780,ADBL,25,58,"1,000",425.00,"425,000.00"
2019-05-16,2019051601009779,ADBL,49,58,169,425.00,"71,825.00"
2019-05-16,2019051601009778,ADBL,8,58,300,425.00,"127,500.00"
2019-05-16,2019051601009854,ADBL,45,42,100,425.00,"42,500.00"
2019-05-16,2019051601009838,ADBL,38,14,100,427.00,"42,700.00"
2019-05-16,2019051601009837,ADBL,38,14,150,427.00,"64,050.00"
2019-05-16,2019051601009836,ADBL,38,56,50,427.00,"21,350.00"
2019-05-16,2019051601009824,ADBL,42,56,200,427.00,"85,400.00"
2019-05-16,2019051601009810,ADBL,32,56,50,427.00,"21,350.00"
2019-05-16,2019051601010003,AKJCL,11,42,20,77.00,"1,540.00"
2019-05-16,2019051601009806,AKPL,41,49,"1,000",200.00,"200,000.00"
2019-05-16,2019051601009805,AKPL,41,45,13,200.00,"2,600.00"
2019-05-16,2019051601009804,AKPL,41,45,13,200.00,"2,600.00"
2019-05-16,2019051601009790,AKPL,41,37,55,199.00,"10,945.00"
2019-05-16,2019051601009789,AKPL,41,42,59,199.00,"11,741.00"
2019-05-16,2019051601010018,ALBSL,11,47,382,458.00,"174,956.00"
2019-05-16,2019051601010131,ALICL,50,52,260,438.00,"113,880.00"
2019-05-16,2019051601010046,ALICL,10,52,100,438.00,"43,800.00"
2019-05-16,2019051601009734,ALICL,49,49,200,434.00,"86,800.00"
2019-05-16,2019051601010056,API,25,21,33,148.00,"4,884.00"
2019-05-16,2019051601009871,API,49,42,71,147.00,"10,437.00"
2019-05-16,2019051601009705,API,25,25,50,149.00,"7,450.00"
2019-05-16,2019051601010012,BOKL,57,29,470,281.00,"132,070.00"
2019-05-16,2019051601009911,BOKL,36,29,100,280.00,"28,000.00"
2019-05-16,2019051601009696,BOKL,43,43,"3,000",281.00,"843,000.00"
2019-05-16,2019051601010008,BPCL,35,58,886,390.00,"345,540.00"
2019-05-16,2019051601010007,BPCL,29,58,114,390.00,"44,460.00"
2019-05-16,2019051601010041,CBBL,37,36,211,948.00,"200,028.00"
2019-05-16,2019051601010040,CBBL,47,36,50,949.00,"47,450.00"
2019-05-16,2019051601010039,CBBL,4,36,39,949.00,"37,011.00"
2019-05-16,2019051601009722,CBBL,4,44,11,949.00,"10,439.00"
2019-05-16,2019051601009721,CBBL,33,44,39,950.00,"37,050.00"
2019-05-16,2019051601009699,CBBL,42,58,100,953.00,"95,300.00"
2019-05-16,2019051601010064,CBL,1,59,365,148.00,"54,020.00"
2019-05-16,2019051601010063,CBL,41,59,100,148.00,"14,800.00"
2019-05-16,2019051601010062,CBL,56,59,500,148.00,"74,000.00"
2019-05-16,2019051601010061,CBL,39,59,35,148.00,"5,180.00"
2019-05-16,2019051601010051,CBL,56,58,500,149.00,"74,500.00"
2019-05-16,2019051601009924,CBL,39,52,15,148.00,"2,220.00"
2019-05-16,2019051601009923,CBL,17,52,141,148.00,"20,868.00"
2019-05-16,2019051601009922,CBL,34,52,80,148.00,"11,840.00"
2019-05-16,2019051601009921,CBL,6,52,764,148.00,"113,072.00"
2019-05-16,2019051601009706,CBL,6,38,350,148.00,"51,800.00"
2019-05-16,2019051601009701,CBL,6,40,300,148.00,"44,400.00"
2019-05-16,2019051601009959,CCBL,32,56,200,169.00,"33,800.00"
2019-05-16,2019051601009848,CCBL,32,50,300,169.00,"50,700.00"
2019-05-16,2019051601009733,CCBL,32,33,94,169.00,"15,886.00"
2019-05-16,2019051601009732,CCBL,55,33,32,169.00,"5,408.00"
2019-05-16,2019051601009853,CHCL,38,52,181,524.00,"94,844.00"
2019-05-16,2019051601009668,CHCL,38,51,19,524.00,"9,956.00"
2019-05-16,2019051601009667,CHCL,51,51,25,525.00,"13,125.00"
2019-05-16,2019051601009888,CHLBS,17,32,100,445.00,"44,500.00"
2019-05-16,2019051601009887,CHLBS,32,32,20,445.00,"8,900.00"
2019-05-16,2019051601009886,CHLBS,52,32,20,445.00,"8,900.00"
2019-05-16,2019051601009885,CHLBS,21,32,100,446.00,"44,600.00"
2019-05-16,2019051601009884,CHLBS,7,32,60,446.00,"26,760.00"
2019-05-16,2019051601009883,CHLBS,41,32,40,447.00,"17,880.00"
2019-05-16,2019051601010014,CIT,28,5,100,"2,658.00","265,800.00"
2019-05-16,2019051601009953,CIT,45,14,64,"2,637.00","168,768.00"
2019-05-16,2019051601009952,CIT,36,14,20,"2,637.00","52,740.00"
2019-05-16,2019051601009951,CIT,39,14,10,"2,638.00","26,380.00"
2019-05-16,2019051601009950,CIT,55,14,20,"2,640.00","52,800.00"
2019-05-16,2019051601009845,CIT,22,52,20,"2,650.00","53,000.00"
2019-05-16,2019051601009844,CMF1,13,10,"2,200",9.89,"21,758.00"
2019-05-16,2019051601009980,CZBIL,8,38,481,233.00,"112,073.00"
2019-05-16,2019051601009979,CZBIL,43,38,19,233.00,"4,427.00"
2019-05-16,2019051601009892,CZBIL,43,55,513,233.00,"119,529.00"
2019-05-16,2019051601009739,CZBIL,28,21,887,234.00,"207,558.00"
2019-05-16,2019051601009738,CZBIL,28,28,"1,000",234.00,"234,000.00"
2019-05-16,2019051601009661,CZBIL,43,16,10,233.00,"2,330.00"
2019-05-16,2019051601010045,DBBL,42,58,294,150.00,"44,100.00"
2019-05-16,2019051601010009,DBBL,42,56,49,150.00,"7,350.00"
2019-05-16,2019051601009999,DBBL,42,49,"5,000",150.00,"750,000.00"
2019-05-16,2019051601009998,DBBL,42,54,400,150.00,"60,000.00"
2019-05-16,2019051601009997,DBBL,42,22,644,150.00,"96,600.00"
2019-05-16,2019051601009996,DBBL,42,42,100,149.00,"14,900.00"
2019-05-16,2019051601009917,DBBL,49,39,500,148.00,"74,000.00"
2019-05-16,2019051601009702,DBBL,22,39,500,148.00,"74,000.00"
2019-05-16,2019051601009995,DBBL,42,57,500,149.00,"74,500.00"
2019-05-16,2019051601009994,DBBL,42,17,759,149.00,"113,091.00"
2019-05-16,2019051601009993,DBBL,42,32,500,149.00,"74,500.00"
2019-05-16,2019051601009992,DBBL,42,14,300,149.00,"44,700.00"
2019-05-16,2019051601009991,DBBL,42,39,254,149.00,"37,846.00"
2019-05-16,2019051601009990,DBBL,42,32,200,148.00,"29,600.00"
2019-05-16,2019051601010028,EBL,19,25,50,674.00,"33,700.00"
2019-05-16,2019051601009897,EBL,14,35,40,673.00,"26,920.00"
2019-05-16,2019051601009826,EBL,33,25,104,674.00,"70,096.00"
2019-05-16,2019051601009690,EBL,33,25,150,674.00,"101,100.00"
2019-05-16,2019051601009879,EDBL,43,43,610,292.00,"178,120.00"
2019-05-16,2019051601010098,EIC,48,41,100,423.00,"42,300.00"
2019-05-16,2019051601010130,GBBL,26,49,100,234.00,"23,400.00"
2019-05-16,2019051601010128,GBBL,42,35,40,233.00,"9,320.00"
2019-05-16,2019051601009984,GBBL,42,48,316,233.00,"73,628.00"
2019-05-16,2019051601009983,GBBL,50,48,200,233.00,"46,600.00"
2019-05-16,2019051601009982,GBBL,21,48,"1,184",233.00,"275,872.00"
2019-05-16,2019051601009954,GBBL,21,4,186,233.00,"43,338.00"
2019-05-16,2019051601009931,GBBL,21,4,130,233.00,"30,290.00"
2019-05-16,2019051601009916,GBBL,39,4,195,233.00,"45,435.00"
2019-05-16,2019051601009915,GBBL,54,4,80,233.00,"18,640.00"
2019-05-16,2019051601009891,GBBL,54,4,330,233.00,"76,890.00"
2019-05-16,2019051601009877,GBBL,54,50,100,233.00,"23,300.00"
2019-05-16,2019051601009934,GBIME,42,4,50,312.00,"15,600.00"
2019-05-16,2019051601009909,GBIME,35,57,115,311.00,"35,765.00"
2019-05-16,2019051601009713,GBIME,59,4,200,312.00,"62,400.00"
2019-05-16,2019051601009927,GLICL,42,51,150,571.00,"85,650.00"
2019-05-16,2019051601009872,GLICL,42,51,800,571.00,"456,800.00"
2019-05-16,2019051601009835,GLICL,42,25,"1,000",571.00,"571,000.00"
2019-05-16,2019051601009815,GLICL,42,39,50,571.00,"28,550.00"
2019-05-16,2019051601009773,GLICL,46,51,100,572.00,"57,200.00"
2019-05-16,2019051601009772,GLICL,54,51,20,572.00,"11,440.00"
2019-05-16,2019051601009697,GRDBL,59,6,250,113.00,"28,250.00"
2019-05-16,2019051601009678,GRDBL,59,6,50,113.00,"5,650.00"
2019-05-16,2019051601009889,GUFL,51,25,63,109.00,"6,867.00"
2019-05-16,2019051601009725,HGI,45,43,50,390.00,"19,500.00"
2019-05-16,2019051601009724,HGI,45,34,60,390.00,"23,400.00"
2019-05-16,2019051601009723,HGI,45,25,50,390.00,"19,500.00"
2019-05-16,2019051601009645,HGI,35,40,138,388.00,"53,544.00"
2019-05-16,2019051601009644,HGI,55,40,300,388.00,"116,400.00"
2019-05-16,2019051601009643,HGI,42,40,100,389.00,"38,900.00"
2019-05-16,2019051601009642,HGI,42,40,87,389.00,"33,843.00"
2019-05-16,2019051601009919,HIDCL,8,25,159,162.00,"25,758.00"
2019-05-16,2019051601009847,HIDCL,8,45,"1,000",162.00,"162,000.00"
2019-05-16,2019051601009695,HIDCL,8,16,31,162.00,"5,022.00"
2019-05-16,2019051601009737,HPPL,42,16,10,179.00,"1,790.00"
2019-05-16,2019051601010129,JBBL,51,6,360,153.00,"55,080.00"
2019-05-16,2019051601009985,JBBL,41,6,500,153.00,"76,500.00"
2019-05-16,2019051601009935,JBBL,58,6,100,153.00,"15,300.00"
2019-05-16,2019051601009929,JBBL,22,6,100,153.00,"15,300.00"
2019-05-16,2019051601009814,JBBL,46,56,200,152.00,"30,400.00"
2019-05-16,2019051601009766,JBBL,58,6,100,153.00,"15,300.00"
2019-05-16,2019051601010127,JBNL,39,52,500,204.00,"102,000.00"
2019-05-16,2019051601009866,JBNL,39,42,500,204.00,"102,000.00"
2019-05-16,2019051601009841,JBNL,39,42,100,204.00,"20,400.00"
2019-05-16,2019051601009912,JSLBB,48,21,18,"2,119.00","38,142.00"
2019-05-16,2019051601009937,KADBL,22,19,152,181.00,"27,512.00"
2019-05-16,2019051601010097,KBBL,42,52,500,235.00,"117,500.00"
2019-05-16,2019051601010096,KBBL,42,34,100,235.00,"23,500.00"
2019-05-16,2019051601010095,KBBL,42,53,500,235.00,"117,500.00"
2019-05-16,2019051601010094,KBBL,42,28,220,235.00,"51,700.00"
2019-05-16,2019051601010093,KBBL,42,6,100,235.00,"23,500.00"
2019-05-16,2019051601010092,KBBL,42,6,200,235.00,"47,000.00"
2019-05-16,2019051601010091,KBBL,42,56,100,235.00,"23,500.00"
2019-05-16,2019051601010090,KBBL,42,49,349,234.00,"81,666.00"
2019-05-16,2019051601010086,KBL,1,41,256,221.00,"56,576.00"
2019-05-16,2019051601010085,KBL,36,41,"1,744",221.00,"385,424.00"
2019-05-16,2019051601010016,KBL,33,32,310,222.00,"68,820.00"
2019-05-16,2019051601009936,KBL,36,35,39,221.00,"8,619.00"
2019-05-16,2019051601009813,KBL,43,43,"3,946",222.00,"876,012.00"
2019-05-16,2019051601009955,KNBL,34,38,"3,000",138.00,"414,000.00"
2019-05-16,2019051601009748,KNBL,34,33,250,139.00,"34,750.00"
2019-05-16,2019051601010053,KPCL,42,42,10,91.00,910.00
2019-05-16,2019051601010141,KSBBL,26,1,200,158.00,"31,600.00"
2019-05-16,2019051601010140,KSBBL,26,57,100,158.00,"15,800.00"
2019-05-16,2019051601010139,KSBBL,26,6,"1,000",158.00,"158,000.00"
2019-05-16,2019051601010138,KSBBL,26,57,909,158.00,"143,622.00"
2019-05-16,2019051601010137,KSBBL,26,25,200,158.00,"31,600.00"
2019-05-16,2019051601010136,KSBBL,26,51,847,158.00,"133,826.00"
2019-05-16,2019051601009684,KSBBL,22,51,500,158.00,"79,000.00"
2019-05-16,2019051601010026,LBBL,29,16,152,197.00,"29,944.00"
2019-05-16,2019051601010025,LBBL,49,16,448,197.00,"88,256.00"
2019-05-16,2019051601009682,LBBL,49,50,552,197.00,"108,744.00"
2019-05-16,2019051601009681,LBBL,21,50,20,197.00,"3,940.00"
2019-05-16,2019051601009680,LBBL,49,50,200,197.00,"39,400.00"
2019-05-16,2019051601009679,LBBL,1,50,379,197.00,"74,663.00"
2019-05-16,2019051601010052,LBL,39,33,200,227.00,"45,400.00"
2019-05-16,2019051601009834,MBL,14,40,500,272.00,"136,000.00"
2019-05-16,2019051601009653,MBL,14,40,500,272.00,"136,000.00"
2019-05-16,2019051601010015,MEGA,20,35,150,198.00,"29,700.00"
2019-05-16,2019051601009944,MEGA,42,35,200,198.00,"39,600.00"
2019-05-16,2019051601009902,MEGA,14,42,89,197.00,"17,533.00"
2019-05-16,2019051601009901,MEGA,47,42,50,197.00,"9,850.00"
2019-05-16,2019051601009900,MEGA,4,42,250,197.00,"49,250.00"
2019-05-16,2019051601009899,MEGA,58,42,100,197.00,"19,700.00"
2019-05-16,2019051601009898,MEGA,55,42,11,197.00,"2,167.00"
2019-05-16,2019051601009807,MEGA,44,35,772,198.00,"152,856.00"
2019-05-16,2019051601009793,MEGA,44,52,228,198.00,"45,144.00"
2019-05-16,2019051601009792,MEGA,44,52,772,198.00,"152,856.00"
2019-05-16,2019051601009771,MEGA,44,17,"1,204",198.00,"238,392.00"
2019-05-16,2019051601009767,MEGA,44,56,24,198.00,"4,752.00"
2019-05-16,2019051601009957,MFIL,13,34,50,117.00,"5,850.00"
2019-05-16,2019051601010089,MLBL,49,49,"1,000",201.00,"201,000.00"
2019-05-16,2019051601009787,MLBL,58,49,490,199.00,"97,510.00"
2019-05-16,2019051601009786,MLBL,28,49,"2,000",199.00,"398,000.00"
2019-05-16,2019051601009765,MLBL,22,49,500,200.00,"100,000.00"
2019-05-16,2019051601009764,MLBL,46,49,10,200.00,"2,000.00"
2019-05-16,2019051601010083,NABIL,43,13,436,846.00,"368,856.00"
2019-05-16,2019051601010049,NABIL,58,6,100,847.00,"84,700.00"
2019-05-16,2019051601009855,NABIL,58,6,20,847.00,"16,940.00"
2019-05-16,2019051601009825,NABIL,45,6,100,847.00,"84,700.00"
2019-05-16,2019051601009770,NABIL,33,6,50,847.00,"42,350.00"
2019-05-16,2019051601009867,NADEP,16,5,10,498.00,"4,980.00"
2019-05-16,2019051601009670,NADEP,16,39,20,498.00,"9,960.00"
2019-05-16,2019051601009731,NBB,28,19,374,228.00,"85,272.00"
2019-05-16,2019051601009730,NBB,17,19,126,229.00,"28,854.00"
2019-05-16,2019051601010116,NBL,14,36,850,318.00,"270,300.00"
2019-05-16,2019051601010067,NBL,22,36,"1,000",318.00,"318,000.00"
2019-05-16,2019051601010066,NBL,40,36,150,318.00,"47,700.00"
2019-05-16,2019051601010048,NBL,34,36,100,319.00,"31,900.00"
2019-05-16,2019051601010010,NBL,34,36,100,319.00,"31,900.00"
2019-05-16,2019051601009823,NBL,40,42,"2,850",318.00,"906,300.00"
2019-05-16,2019051601009717,NBL,56,55,200,318.00,"63,600.00"
2019-05-16,2019051601009822,NBL,59,42,"2,000",318.00,"636,000.00"
2019-05-16,2019051601009821,NBL,59,42,250,318.00,"79,500.00"
2019-05-16,2019051601009820,NBL,34,42,500,318.00,"159,000.00"
2019-05-16,2019051601009819,NBL,56,42,"4,400",318.00,"1,399,200.00"
2019-05-16,2019051601009719,NBL,56,55,600,318.00,"190,800.00"
2019-05-16,2019051601009718,NBL,40,55,200,318.00,"63,600.00"
2019-05-16,2019051601010115,NCCB,34,50,163,258.00,"42,054.00"
2019-05-16,2019051601010114,NCCB,41,50,200,258.00,"51,600.00"
2019-05-16,2019051601010113,NCCB,16,50,200,258.00,"51,600.00"
2019-05-16,2019051601010112,NCCB,37,50,500,258.00,"129,000.00"
2019-05-16,2019051601010111,NCCB,25,50,437,258.00,"112,746.00"
2019-05-16,2019051601010070,NCCB,45,52,350,259.00,"90,650.00"
2019-05-16,2019051601009842,NCCB,1,4,79,259.00,"20,461.00"
2019-05-16,2019051601009831,NCCB,52,5,163,258.00,"42,054.00"
2019-05-16,2019051601009693,NCCB,4,4,650,259.00,"168,350.00"
2019-05-16,2019051601009692,NCCB,1,4,"2,000",259.00,"518,000.00"
2019-05-16,2019051601009691,NCCB,52,4,271,259.00,"70,189.00"
2019-05-16,2019051601009868,NCCB,34,5,937,258.00,"241,746.00"
2019-05-16,2019051601009852,NCCB,34,5,63,258.00,"16,254.00"
2019-05-16,2019051601009851,NCCB,35,5,500,258.00,"129,000.00"
2019-05-16,2019051601009850,NCCB,17,5,100,258.00,"25,800.00"
2019-05-16,2019051601009849,NCCB,52,5,337,258.00,"86,946.00"
2019-05-16,2019051601009843,NCCB,1,49,200,259.00,"51,800.00"
2019-05-16,2019051601010069,NCCB,38,52,99,259.00,"25,641.00"
2019-05-16,2019051601010001,NCCB,38,37,401,259.00,"103,859.00"
2019-05-16,2019051601010000,NCCB,29,37,300,259.00,"77,700.00"
2019-05-16,2019051601009961,NCCB,42,37,50,259.00,"12,950.00"
2019-05-16,2019051601009878,NCCB,49,49,200,260.00,"52,000.00"
2019-05-16,2019051601009869,NCCB,25,5,63,258.00,"16,254.00"
2019-05-16,2019051601009672,NGPL,1,56,10,122.00,"1,220.00"
2019-05-16,2019051601009651,NGPL,1,45,25,120.00,"3,000.00"
2019-05-16,2019051601010118,NIB,38,13,102,547.00,"55,794.00"
2019-05-16,2019051601010117,NIB,59,13,100,547.00,"54,700.00"
2019-05-16,2019051601010054,NIB,32,51,100,547.00,"54,700.00"
2019-05-16,2019051601009818,NIB,45,44,200,548.00,"109,600.00"
2019-05-16,2019051601009817,NIB,25,44,10,548.00,"5,480.00"
2019-05-16,2019051601009816,NIB,7,44,47,549.00,"25,803.00"
2019-05-16,2019051601009716,NIB,17,17,1,548.00,548.00
2019-05-16,2019051601009652,NIB,7,25,150,550.00,"82,500.00"
2019-05-16,2019051601009865,NICA,39,33,100,489.00,"48,900.00"
2019-05-16,2019051601009864,NICA,54,33,"1,000",489.00,"489,000.00"
2019-05-16,2019051601009863,NICA,7,33,50,490.00,"24,500.00"
2019-05-16,2019051601009862,NICA,45,33,300,490.00,"147,000.00"
2019-05-16,2019051601009861,NICA,5,33,50,490.00,"24,500.00"
2019-05-16,2019051601009860,NICA,19,33,247,490.00,"121,030.00"
2019-05-16,2019051601009650,NICA,58,14,100,492.00,"49,200.00"
2019-05-16,2019051601009720,NICL,29,51,400,400.00,"160,000.00"
2019-05-16,2019051601009803,NIL,56,57,50,521.00,"26,050.00"
2019-05-16,2019051601009802,NIL,6,57,50,521.00,"26,050.00"
2019-05-16,2019051601009801,NIL,19,57,200,522.00,"104,400.00"
2019-05-16,2019051601009800,NIL,42,57,100,522.00,"52,200.00"
2019-05-16,2019051601009683,NIL,36,38,500,523.00,"261,500.00"
2019-05-16,2019051601009677,NIL,44,38,50,524.00,"26,200.00"
2019-05-16,2019051601010047,NLG,33,57,22,820.00,"18,040.00"
2019-05-16,2019051601010031,NLG,49,14,62,820.00,"50,840.00"
2019-05-16,2019051601009715,NLG,49,35,422,820.00,"346,040.00"
2019-05-16,2019051601009714,NLG,52,35,28,820.00,"22,960.00"
2019-05-16,2019051601010109,NLIC,45,28,50,961.00,"48,050.00"
2019-05-16,2019051601010027,NLIC,6,35,27,960.00,"25,920.00"
2019-05-16,2019051601009882,NLIC,6,45,533,960.00,"511,680.00"
2019-05-16,2019051601009881,NLIC,39,45,100,960.00,"96,000.00"
2019-05-16,2019051601009880,NLIC,45,45,50,960.00,"48,000.00"
2019-05-16,2019051601009728,NLIC,6,28,60,961.00,"57,660.00"
2019-05-16,2019051601009727,NLIC,6,32,53,961.00,"50,933.00"
2019-05-16,2019051601009673,NLIC,42,32,50,961.00,"48,050.00"
2019-05-16,2019051601009989,NLICL,46,48,125,670.00,"83,750.00"
2019-05-16,2019051601009988,NLICL,46,39,100,670.00,"67,000.00"
2019-05-16,2019051601010084,NMB,29,38,25,382.00,"9,550.00"
2019-05-16,2019051601009938,NMB,33,49,300,382.00,"114,600.00"
2019-05-16,2019051601009914,NMB,32,49,100,381.00,"38,100.00"
2019-05-16,2019051601009908,NMB,32,33,"1,920",381.00,"731,520.00"
2019-05-16,2019051601009907,NMB,48,33,10,381.00,"3,810.00"
2019-05-16,2019051601009906,NMB,26,33,"1,000",381.00,"381,000.00"
2019-05-16,2019051601009768,NMB,14,1,96,381.00,"36,576.00"
2019-05-16,2019051601009751,NMB,14,25,304,381.00,"115,824.00"
2019-05-16,2019051601009750,NMB,49,25,200,381.00,"76,200.00"
2019-05-16,2019051601009749,NMB,58,25,400,381.00,"152,400.00"
2019-05-16,2019051601009659,NMB,58,38,100,382.00,"38,200.00"
2019-05-16,2019051601009905,NMB,40,33,50,381.00,"19,050.00"
2019-05-16,2019051601009859,NMB,40,35,150,381.00,"57,150.00"
2019-05-16,2019051601009858,NMB,14,35,250,381.00,"95,250.00"
2019-05-16,2019051601009857,NMB,58,35,600,381.00,"228,600.00"
2019-05-16,2019051601009828,NMB,58,19,400,381.00,"152,400.00"
2019-05-16,2019051601009827,NMB,14,19,600,381.00,"228,600.00"
2019-05-16,2019051601010119,NTC,33,44,10,724.00,"7,240.00"
2019-05-16,2019051601009708,NTC,33,56,90,724.00,"65,160.00"
2019-05-16,2019051601009707,NTC,33,56,10,724.00,"7,240.00"
2019-05-16,2019051601009669,NUBL,28,21,100,875.00,"87,500.00"
2019-05-16,2019051601010038,OHL,45,1,"1,000",634.00,"634,000.00"
2019-05-16,2019051601010037,OHL,45,1,"1,000",634.00,"634,000.00"
2019-05-16,2019051601010036,OHL,25,1,300,635.00,"190,500.00"
2019-05-16,2019051601010035,OHL,39,1,300,635.00,"190,500.00"
2019-05-16,2019051601009978,OHL,45,1,"2,000",637.00,"1,274,000.00"
2019-05-16,2019051601009796,OHL,34,54,146,642.00,"93,732.00"
2019-05-16,2019051601009795,OHL,57,54,158,643.00,"101,594.00"
2019-05-16,2019051601009794,OHL,5,54,96,644.00,"61,824.00"
2019-05-16,2019051601009971,OHL,45,1,100,640.00,"64,000.00"
2019-05-16,2019051601009970,OHL,45,1,100,640.00,"64,000.00"
2019-05-16,2019051601009969,OHL,45,1,100,640.00,"64,000.00"
2019-05-16,2019051601009968,OHL,16,1,200,641.00,"128,200.00"
2019-05-16,2019051601009967,OHL,34,1,854,642.00,"548,268.00"
2019-05-16,2019051601009966,OHL,57,1,100,643.00,"64,300.00"
2019-05-16,2019051601009977,OHL,42,1,100,637.00,"63,700.00"
2019-05-16,2019051601009976,OHL,45,1,100,640.00,"64,000.00"
2019-05-16,2019051601009975,OHL,45,1,100,640.00,"64,000.00"
2019-05-16,2019051601009974,OHL,45,1,100,640.00,"64,000.00"
2019-05-16,2019051601009973,OHL,45,1,100,640.00,"64,000.00"
2019-05-16,2019051601009972,OHL,45,1,100,640.00,"64,000.00"
2019-05-16,2019051601010103,PCBL,42,43,267,373.00,"99,591.00"
2019-05-16,2019051601010102,PCBL,46,43,200,373.00,"74,600.00"
2019-05-16,2019051601010101,PCBL,25,43,500,373.00,"186,500.00"
2019-05-16,2019051601010100,PCBL,32,43,10,374.00,"3,740.00"
2019-05-16,2019051601010099,PCBL,35,43,23,374.00,"8,602.00"
2019-05-16,2019051601010005,PCBL,35,58,12,374.00,"4,488.00"
2019-05-16,2019051601010004,PCBL,25,58,300,374.00,"112,200.00"
2019-05-16,2019051601009943,PCBL,43,43,810,374.00,"302,940.00"
2019-05-16,2019051601009904,PCBL,8,14,100,375.00,"37,500.00"
2019-05-16,2019051601010134,PIC,45,35,10,"1,233.00","12,330.00"
2019-05-16,2019051601010123,PIC,6,35,500,"1,233.00","616,500.00"
2019-05-16,2019051601010122,PIC,58,35,289,"1,233.00","356,337.00"
2019-05-16,2019051601010121,PIC,39,35,50,"1,234.00","61,700.00"
2019-05-16,2019051601010120,PIC,6,35,33,"1,235.00","40,755.00"
2019-05-16,2019051601010110,PIC,6,47,11,"1,235.00","13,585.00"
2019-05-16,2019051601009752,PIC,38,10,99,"1,236.00","122,364.00"
2019-05-16,2019051601009665,PIC,38,45,11,"1,236.00","13,596.00"
2019-05-16,2019051601010030,PIC,6,47,50,"1,235.00","61,750.00"
2019-05-16,2019051601009962,PIC,6,47,50,"1,235.00","61,750.00"
2019-05-16,2019051601009876,PIC,6,6,836,"1,235.00","1,032,460.00"
2019-05-16,2019051601009875,PIC,42,6,40,"1,236.00","49,440.00"
2019-05-16,2019051601009874,PIC,35,6,100,"1,236.00","123,600.00"
2019-05-16,2019051601009873,PIC,38,6,24,"1,236.00","29,664.00"
2019-05-16,2019051601009946,PICL,34,45,30,721.00,"21,630.00"
2019-05-16,2019051601009945,PICL,58,45,150,721.00,"108,150.00"
2019-05-16,2019051601010088,PMHPL,44,42,10,111.00,"1,110.00"
2019-05-16,2019051601010076,PMHPL,44,14,10,111.00,"1,110.00"
2019-05-16,2019051601009930,PRIN,10,16,159,420.00,"66,780.00"
2019-05-16,2019051601009735,PRIN,10,32,180,416.00,"74,880.00"
2019-05-16,2019051601009811,PROFL,25,51,100,102.00,"10,200.00"
2019-05-16,2019051601010071,PRVU,29,56,36,283.00,"10,188.00"
2019-05-16,2019051601009664,PRVU,57,17,450,283.00,"127,350.00"
2019-05-16,2019051601009663,PRVU,57,1,99,283.00,"28,017.00"
2019-05-16,2019051601009660,PRVU,57,1,100,283.00,"28,300.00"
2019-05-16,2019051601009743,PRVU,37,8,60,282.00,"16,920.00"
2019-05-16,2019051601009742,PRVU,38,8,20,282.00,"5,640.00"
2019-05-16,2019051601009741,PRVU,43,8,12,282.00,"3,384.00"
2019-05-16,2019051601009740,PRVU,11,8,"1,122",282.00,"316,404.00"
2019-05-16,2019051601009694,PRVU,57,43,496,283.00,"140,368.00"
2019-05-16,2019051601009685,PRVU,57,13,455,283.00,"128,765.00"
2019-05-16,2019051601009928,PRVU,42,33,"1,620",282.00,"456,840.00"
2019-05-16,2019051601009745,PRVU,42,8,"2,756",282.00,"777,192.00"
2019-05-16,2019051601009744,PRVU,17,8,"1,000",282.00,"282,000.00"
2019-05-16,2019051601010044,RBCL,8,25,10,"11,600.00","116,000.00"
2019-05-16,2019051601010043,RBCL,8,7,10,"11,582.00","115,820.00"
2019-05-16,2019051601010042,RBCL,8,17,10,"11,500.00","115,000.00"
2019-05-16,2019051601009949,RBCL,8,41,10,"11,417.00","114,170.00"
2019-05-16,2019051601009948,RBCL,8,7,10,"11,417.00","114,170.00"
2019-05-16,2019051601009947,RBCL,8,58,50,"11,416.00","570,800.00"
2019-05-16,2019051601009675,RBCL,28,16,10,"11,400.00","114,000.00"
2019-05-16,2019051601009655,RBCL,48,18,30,"11,399.00","341,970.00"
2019-05-16,2019051601009654,RBCL,48,26,15,"11,398.00","170,970.00"
2019-05-16,2019051601009812,RBCL,35,42,10,"11,405.00","114,050.00"
2019-05-16,2019051601009798,RBCL,35,6,20,"11,405.00","228,100.00"
2019-05-16,2019051601009797,RBCL,50,6,10,"11,404.00","114,040.00"
2019-05-16,2019051601009747,RBCL,41,16,20,"11,403.00","228,060.00"
2019-05-16,2019051601009746,RBCL,41,58,20,"11,399.00","227,980.00"
2019-05-16,2019051601009676,RBCL,28,22,10,"11,400.00","114,000.00"
2019-05-16,2019051601009674,RHPC,33,14,19,98.00,"1,862.00"
2019-05-16,2019051601009769,RMDC,6,14,384,670.00,"257,280.00"
2019-05-16,2019051601009686,RMDC,6,25,71,674.00,"47,854.00"
2019-05-16,2019051601009657,RMDC,6,21,62,673.00,"41,726.00"
2019-05-16,2019051601009656,RMDC,6,53,120,673.00,"80,760.00"
2019-05-16,2019051601010006,RSDC,36,45,13,391.00,"5,083.00"
2019-05-16,2019051601009788,RSDC,36,14,17,391.00,"6,647.00"
2019-05-16,2019051601009981,SADBL,51,52,395,156.00,"61,620.00"
2019-05-16,2019051601009658,SADBL,51,19,650,156.00,"101,400.00"
2019-05-16,2019051601009965,SANIMA,17,49,200,361.00,"72,200.00"
2019-05-16,2019051601009964,SANIMA,14,49,20,362.00,"7,240.00"
2019-05-16,2019051601009963,SANIMA,19,49,180,362.00,"65,160.00"
2019-05-16,2019051601009856,SBBLJ,33,20,400,202.00,"80,800.00"
2019-05-16,2019051601009830,SBBLJ,1,20,200,204.00,"40,800.00"
2019-05-16,2019051601009829,SBBLJ,17,20,100,204.00,"20,400.00"
2019-05-16,2019051601010126,SBI,48,33,451,489.00,"220,539.00"
2019-05-16,2019051601010125,SBI,40,33,100,490.00,"49,000.00"
2019-05-16,2019051601010124,SBI,14,33,49,490.00,"24,010.00"
2019-05-16,2019051601010106,SBI,14,4,99,490.00,"48,510.00"
2019-05-16,2019051601010105,SBI,37,4,500,490.00,"245,000.00"
2019-05-16,2019051601010104,SBI,52,4,74,490.00,"36,260.00"
2019-05-16,2019051601010055,SBI,19,53,50,494.00,"24,700.00"
2019-05-16,2019051601010082,SBI,52,58,111,490.00,"54,390.00"
2019-05-16,2019051601010081,SBI,44,58,100,491.00,"49,100.00"
2019-05-16,2019051601010080,SBI,41,58,400,491.00,"196,400.00"
2019-05-16,2019051601010079,SBI,7,58,50,491.00,"24,550.00"
2019-05-16,2019051601010078,SBI,28,58,350,491.00,"171,850.00"
2019-05-16,2019051601010077,SBI,5,58,10,492.00,"4,920.00"
2019-05-16,2019051601010011,SBL,32,33,200,341.00,"68,200.00"
2019-05-16,2019051601009671,SBL,32,19,131,341.00,"44,671.00"
2019-05-16,2019051601009958,SCB,29,21,190,689.00,"130,910.00"
2019-05-16,2019051601009698,SCB,14,10,70,690.00,"48,300.00"
2019-05-16,2019051601010029,SDESI,21,34,10,625.00,"6,250.00"
2019-05-16,2019051601009754,SEF,42,56,"4,500",9.77,"43,965.00"
2019-05-16,2019051601009753,SEF,26,56,500,9.77,"4,885.00"
2019-05-16,2019051601009799,SHINE,58,29,65,260.00,"16,900.00"
2019-05-16,2019051601009932,SHIVM,33,49,30,572.00,"17,160.00"
2019-05-16,2019051601009910,SHIVM,33,5,20,572.00,"11,440.00"
2019-05-16,2019051601009933,SHL,42,4,236,240.00,"56,640.00"
2019-05-16,2019051601009918,SHPC,59,29,500,270.00,"135,000.00"
2019-05-16,2019051601009736,SHPC,43,28,100,271.00,"27,100.00"
2019-05-16,2019051601010087,SIC,17,7,20,"1,451.00","29,020.00"
2019-05-16,2019051601010060,SIC,35,7,367,"1,452.00","532,884.00"
2019-05-16,2019051601010059,SIC,41,7,50,"1,453.00","72,650.00"
2019-05-16,2019051601010058,SIC,40,7,21,"1,453.00","30,513.00"
2019-05-16,2019051601009840,SIC,40,56,70,"1,453.00","101,710.00"
2019-05-16,2019051601009688,SIC,40,41,89,"1,453.00","129,317.00"
2019-05-16,2019051601009687,SIC,35,41,11,"1,454.00","15,994.00"
2019-05-16,2019051601009711,SIFC,11,43,800,150.00,"120,000.00"
2019-05-16,2019051601009710,SIFC,11,11,100,150.00,"15,000.00"
2019-05-16,2019051601009709,SIFC,11,54,44,150.00,"6,600.00"
2019-05-16,2019051601009896,SIL,25,14,155,599.00,"92,845.00"
2019-05-16,2019051601009895,SIL,56,14,30,599.00,"17,970.00"
2019-05-16,2019051601009894,SIL,43,14,250,599.00,"149,750.00"
2019-05-16,2019051601009893,SIL,48,14,100,600.00,"60,000.00"
2019-05-16,2019051601010034,SINDU,49,40,"1,000",136.00,"136,000.00"
2019-05-16,2019051601010033,SINDU,49,29,500,136.00,"68,000.00"
2019-05-16,2019051601010032,SINDU,49,21,250,134.00,"33,500.00"
2019-05-16,2019051601009647,SINDU,48,21,200,134.00,"26,800.00"
2019-05-16,2019051601009646,SINDU,55,21,50,134.00,"6,700.00"
2019-05-16,2019051601010065,SLBBL,51,58,88,478.00,"42,064.00"
2019-05-16,2019051601009791,SLBBL,58,17,50,477.00,"23,850.00"
2019-05-16,2019051601010135,SLBSL,52,42,10,570.00,"5,700.00"
2019-05-16,2019051601009712,SLBSL,52,17,10,570.00,"5,700.00"
2019-05-16,2019051601009662,SLBSL,52,41,10,570.00,"5,700.00"
2019-05-16,2019051601009956,SLICL,57,57,165,606.00,"99,990.00"
2019-05-16,2019051601009920,SLICL,10,35,100,608.00,"60,800.00"
2019-05-16,2019051601009833,SLICL,57,49,100,606.00,"60,600.00"
2019-05-16,2019051601009763,SLICL,57,48,200,607.00,"121,400.00"
2019-05-16,2019051601009762,SLICL,57,6,245,607.00,"148,715.00"
2019-05-16,2019051601010068,SMB,49,41,50,465.00,"23,250.00"
2019-05-16,2019051601010075,SMFDB,32,22,200,576.00,"115,200.00"
2019-05-16,2019051601010074,SMFDB,1,22,50,577.00,"28,850.00"
2019-05-16,2019051601010073,SMFDB,45,22,13,578.00,"7,514.00"
2019-05-16,2019051601010072,SMFDB,41,22,200,580.00,"116,000.00"
2019-05-16,2019051601009785,SMFDB,57,20,200,578.00,"115,600.00"
2019-05-16,2019051601010057,SRBL,6,44,203,261.00,"52,983.00"
2019-05-16,2019051601010024,SRBL,6,51,"1,000",261.00,"261,000.00"
2019-05-16,2019051601010023,SRBL,6,44,230,261.00,"60,030.00"
2019-05-16,2019051601010022,SRBL,6,41,37,261.00,"9,657.00"
2019-05-16,2019051601010021,SRBL,6,34,80,261.00,"20,880.00"
2019-05-16,2019051601010020,SRBL,6,19,368,260.00,"95,680.00"
2019-05-16,2019051601010019,SRBL,6,17,82,260.00,"21,320.00"
2019-05-16,2019051601009942,SRBL,14,48,295,257.00,"75,815.00"
2019-05-16,2019051601009941,SRBL,38,48,290,257.00,"74,530.00"
2019-05-16,2019051601009940,SRBL,35,48,100,258.00,"25,800.00"
2019-05-16,2019051601009939,SRBL,16,48,315,258.00,"81,270.00"
2019-05-16,2019051601009890,SRBL,14,32,100,259.00,"25,900.00"
2019-05-16,2019051601009761,UFL,17,28,200,186.00,"37,200.00"
2019-05-16,2019051601009760,UFL,32,28,20,186.00,"3,720.00"
2019-05-16,2019051601009759,UFL,17,28,500,187.00,"93,500.00"
2019-05-16,2019051601009758,UFL,21,28,500,187.00,"93,500.00"
2019-05-16,2019051601009757,UFL,20,28,400,188.00,"75,200.00"
2019-05-16,2019051601009756,UFL,17,28,300,189.00,"56,700.00"
2019-05-16,2019051601009755,UFL,43,28,51,189.00,"9,639.00"
2019-05-16,2019051601010133,UMHL,59,40,"1,000",118.00,"118,000.00"
2019-05-16,2019051601010132,UMHL,13,40,468,118.00,"55,224.00"
2019-05-16,2019051601009987,UPCL,41,33,30,93.00,"2,790.00"
2019-05-16,2019051601009986,UPCL,5,33,10,94.00,940.00
2019-05-16,2019051601009689,UPCL,5,42,30,94.00,"2,820.00"
2019-05-16,2019051601010108,UPPER,8,49,570,246.00,"140,220.00"
2019-05-16,2019051601010107,UPPER,8,49,666,246.00,"163,836.00"
2019-05-16,2019051601010050,UPPER,6,50,200,245.00,"49,000.00"
2019-05-16,2019051601009960,UPPER,6,25,300,245.00,"73,500.00"
2019-05-16,2019051601009648,UPPER,6,41,66,246.00,"16,236.00"
2019-05-16,2019051601009784,UPPER,39,47,20,246.00,"4,920.00"
2019-05-16,2019051601009729,UPPER,39,47,40,246.00,"9,840.00"
2019-05-16,2019051601009700,UPPER,39,50,66,246.00,"16,236.00"
2019-05-16,2019051601009666,UPPER,6,51,40,245.00,"9,800.00"
2019-05-16,2019051601009649,UPPER,6,50,34,246.00,"8,364.00"
2019-05-16,2019051601009925,UPPER,49,49,100,246.00,"24,600.00"
2019-05-16,2019051601009846,UPPER,39,49,234,246.00,"57,564.00"
2019-05-16,2019051601009839,UPPER,39,47,50,246.00,"12,300.00"
2019-05-16,2019051601009832,UPPER,39,47,20,246.00,"4,920.00"
2019-05-16,2019051601009809,UPPER,39,47,20,246.00,"4,920.00"
2019-05-16,2019051601009808,UPPER,39,36,50,246.00,"12,300.00"
2019-05-16,2019051601009632,ADBL,45,16,150,426.00,"63,900.00"
2019-05-16,2019051601009631,ADBL,35,16,35,426.00,"14,910.00"
2019-05-16,2019051601009599,ADBL,56,42,500,427.00,"213,500.00"
2019-05-16,2019051601009585,ADBL,35,51,15,426.00,"6,390.00"
2019-05-16,2019051601009481,ADBL,35,58,250,426.00,"106,500.00"
2019-05-16,2019051601009480,ADBL,52,58,250,426.00,"106,500.00"
2019-05-16,2019051601009212,ADBL,45,19,94,426.00,"40,044.00"
2019-05-16,2019051601009468,ADBL,51,22,150,427.00,"64,050.00"
2019-05-16,2019051601009390,ADBL,45,58,100,427.00,"42,700.00"
2019-05-16,2019051601009216,ADBL,53,19,225,425.00,"95,625.00"
2019-05-16,2019051601009215,ADBL,8,19,265,426.00,"112,890.00"
2019-05-16,2019051601009214,ADBL,53,19,300,426.00,"127,800.00"
2019-05-16,2019051601009213,ADBL,53,19,200,426.00,"85,200.00"
2019-05-16,2019051601009324,AHPC,41,29,100,106.00,"10,600.00"
2019-05-16,2019051601009323,AHPC,39,29,900,106.00,"95,400.00"
2019-05-16,2019051601009588,AKJCL,11,14,10,77.00,770.00
2019-05-16,2019051601009282,AKPL,45,58,"1,000",196.00,"196,000.00"
2019-05-16,2019051601009281,AKPL,41,58,"2,000",197.00,"394,000.00"
2019-05-16,2019051601009591,ALBSL,57,52,400,456.00,"182,400.00"
2019-05-16,2019051601009448,ALBSL,41,34,150,455.00,"68,250.00"
2019-05-16,2019051601009339,ALBSL,57,8,10,453.00,"4,530.00"
2019-05-16,2019051601009406,ALICL,8,48,50,435.00,"21,750.00"
2019-05-16,2019051601009325,ALICL,16,48,50,435.00,"21,750.00"
2019-05-16,2019051601009229,ALICL,16,49,200,437.00,"87,400.00"
2019-05-16,2019051601009231,AMFI,36,21,10,560.00,"5,600.00"
2019-05-16,2019051601009561,API,49,51,18,147.00,"2,646.00"
2019-05-16,2019051601009536,API,44,35,500,148.00,"74,000.00"
2019-05-16,2019051601009535,API,44,49,"1,000",148.00,"148,000.00"
2019-05-16,2019051601009534,API,44,16,200,148.00,"29,600.00"
2019-05-16,2019051601009292,API,42,16,100,148.00,"14,800.00"
2019-05-16,2019051601009269,API,25,16,100,148.00,"14,800.00"
2019-05-16,2019051601009232,API,49,25,"1,900",147.00,"279,300.00"
2019-05-16,2019051601009640,BOKL,28,1,200,281.00,"56,200.00"
2019-05-16,2019051601009570,BOKL,36,52,43,280.00,"12,040.00"
2019-05-16,2019051601009362,BOKL,36,21,100,280.00,"28,000.00"
2019-05-16,2019051601009199,BOKL,36,16,20,280.00,"5,600.00"
2019-05-16,2019051601009320,BPCL,29,29,86,390.00,"33,540.00"
2019-05-16,2019051601009284,BPCL,58,29,750,390.00,"292,500.00"
2019-05-16,2019051601009283,BPCL,36,29,189,390.00,"73,710.00"
2019-05-16,2019051601009226,BPCL,36,45,300,390.00,"117,000.00"
2019-05-16,2019051601009463,CBL,6,40,586,148.00,"86,728.00"
2019-05-16,2019051601009462,CBL,43,40,200,148.00,"29,600.00"
2019-05-16,2019051601009461,CBL,17,40,200,148.00,"29,600.00"
2019-05-16,2019051601009460,CBL,17,40,14,148.00,"2,072.00"
2019-05-16,2019051601009410,CBL,26,58,200,149.00,"29,800.00"
2019-05-16,2019051601009340,CBL,17,56,100,148.00,"14,800.00"
2019-05-16,2019051601009254,CBL,17,34,27,148.00,"3,996.00"
2019-05-16,2019051601009253,CBL,1,34,973,148.00,"144,004.00"
2019-05-16,2019051601009194,CBL,51,58,360,149.00,"53,640.00"
2019-05-16,2019051601009179,CBL,22,58,"1,000",149.00,"149,000.00"
2019-05-16,2019051601009151,CBL,1,41,27,148.00,"3,996.00"
2019-05-16,2019051601009568,CCBL,41,49,100,170.00,"17,000.00"
2019-05-16,2019051601009363,CCBL,55,56,100,169.00,"16,900.00"
2019-05-16,2019051601009350,CCBL,56,49,200,170.00,"34,000.00"
2019-05-16,2019051601009349,CCBL,21,49,100,170.00,"17,000.00"
2019-05-16,2019051601009607,CFCL,16,51,500,113.00,"56,500.00"
2019-05-16,2019051601009167,CFCL,16,16,134,113.00,"15,142.00"
2019-05-16,2019051601009239,CHCL,35,52,265,530.00,"140,450.00"
2019-05-16,2019051601009238,CHCL,35,54,14,530.00,"7,420.00"
2019-05-16,2019051601009237,CHCL,35,34,33,530.00,"17,490.00"
2019-05-16,2019051601009236,CHCL,35,22,400,530.00,"212,000.00"
2019-05-16,2019051601009235,CHCL,35,50,806,530.00,"427,180.00"
2019-05-16,2019051601009234,CHCL,35,14,100,529.00,"52,900.00"
2019-05-16,2019051601009223,CHCL,14,16,20,525.00,"10,500.00"
2019-05-16,2019051601009571,CHL,58,45,401,99.00,"39,699.00"
2019-05-16,2019051601009490,CHLBS,41,25,60,447.00,"26,820.00"
2019-05-16,2019051601009489,CHLBS,32,25,40,447.00,"17,880.00"
2019-05-16,2019051601009240,CHLBS,32,21,10,447.00,"4,470.00"
2019-05-16,2019051601009609,CIT,22,52,10,"2,650.00","26,500.00"
2019-05-16,2019051601009161,CIT,7,22,90,"2,640.00","237,600.00"
2019-05-16,2019051601009160,CIT,45,22,12,"2,640.00","31,680.00"
2019-05-16,2019051601009452,CMF1,16,10,"2,400",9.90,"23,760.00"
2019-05-16,2019051601009152,CMF1,16,42,100,9.90,990.00
2019-05-16,2019051601009619,CZBIL,43,1,100,233.00,"23,300.00"
2019-05-16,2019051601009499,CZBIL,8,33,216,234.00,"50,544.00"
2019-05-16,2019051601009464,CZBIL,43,49,700,233.00,"163,100.00"
2019-05-16,2019051601009389,CZBIL,8,33,984,234.00,"230,256.00"
2019-05-16,2019051601009388,CZBIL,8,33,200,234.00,"46,800.00"
2019-05-16,2019051601009387,CZBIL,8,39,500,234.00,"117,000.00"
2019-05-16,2019051601009386,CZBIL,8,58,316,234.00,"73,944.00"
2019-05-16,2019051601009190,CZBIL,43,28,10,233.00,"2,330.00"
2019-05-16,2019051601009174,CZBIL,43,42,500,233.00,"116,500.00"
2019-05-16,2019051601009169,CZBIL,43,16,148,233.00,"34,484.00"
2019-05-16,2019051601009168,CZBIL,28,16,11,233.00,"2,563.00"
2019-05-16,2019051601009436,DBBL,38,56,49,147.00,"7,203.00"
2019-05-16,2019051601009345,DBBL,39,58,300,148.00,"44,400.00"
2019-05-16,2019051601009344,DBBL,1,58,"1,000",148.00,"148,000.00"
2019-05-16,2019051601009343,DBBL,32,58,500,148.00,"74,000.00"
2019-05-16,2019051601009342,DBBL,42,58,40,149.00,"5,960.00"
2019-05-16,2019051601009218,DBBL,42,1,10,149.00,"1,490.00"
2019-05-16,2019051601009630,EBL,33,38,50,674.00,"33,700.00"
2019-05-16,2019051601009629,EBL,21,38,50,674.00,"33,700.00"
2019-05-16,2019051601009491,EBL,28,48,199,676.00,"134,524.00"
2019-05-16,2019051601009434,EBL,33,42,46,675.00,"31,050.00"
2019-05-16,2019051601009252,EDBL,53,38,100,290.00,"29,000.00"
2019-05-16,2019051601009251,EDBL,55,38,400,291.00,"116,400.00"
2019-05-16,2019051601009250,EDBL,57,38,300,291.00,"87,300.00"
2019-05-16,2019051601009504,EIC,20,19,163,422.00,"68,786.00"
2019-05-16,2019051601009506,FMDBL,41,49,20,413.00,"8,260.00"
2019-05-16,2019051601009244,FOWAD,51,16,10,"1,542.00","15,420.00"
2019-05-16,2019051601009278,GBBL,22,48,300,234.00,"70,200.00"
2019-05-16,2019051601009277,GBBL,42,48,500,234.00,"117,000.00"
2019-05-16,2019051601009276,GBBL,49,48,"1,000",234.00,"234,000.00"
2019-05-16,2019051601009275,GBBL,26,48,"1,000",234.00,"234,000.00"
2019-05-16,2019051601009274,GBBL,28,48,500,234.00,"117,000.00"
2019-05-16,2019051601009186,GBBL,35,4,200,235.00,"47,000.00"
2019-05-16,2019051601009185,GBBL,37,4,75,235.00,"17,625.00"
2019-05-16,2019051601009173,GBBL,37,4,161,235.00,"37,835.00"
2019-05-16,2019051601009163,GBBL,37,4,55,235.00,"12,925.00"
2019-05-16,2019051601009633,GBIME,35,4,30,312.00,"9,360.00"
2019-05-16,2019051601009458,GBIME,35,56,50,311.00,"15,550.00"
2019-05-16,2019051601009367,GBIME,35,19,"1,000",311.00,"311,000.00"
2019-05-16,2019051601009471,GDBL,59,32,280,218.00,"61,040.00"
2019-05-16,2019051601009470,GDBL,50,32,200,218.00,"43,600.00"
2019-05-16,2019051601009469,GDBL,52,32,30,218.00,"6,540.00"
2019-05-16,2019051601009395,GDBL,58,51,39,219.00,"8,541.00"
2019-05-16,2019051601009517,GDBLPO,35,25,"16,699",120.00,"2,003,880.00"
2019-05-16,2019051601009473,GUFL,37,51,200,110.00,"22,000.00"
2019-05-16,2019051601009472,GUFL,52,51,200,110.00,"22,000.00"
2019-05-16,2019051601009385,HBL,56,52,70,612.00,"42,840.00"
2019-05-16,2019051601009371,HBL,56,52,130,612.00,"79,560.00"
2019-05-16,2019051601009370,HBL,16,52,70,613.00,"42,910.00"
2019-05-16,2019051601009196,HBL,16,48,30,613.00,"18,390.00"
2019-05-16,2019051601009195,HBL,11,48,68,613.00,"41,684.00"
2019-05-16,2019051601009641,HGI,42,40,150,389.00,"58,350.00"
2019-05-16,2019051601009595,HIDCL,39,51,61,161.00,"9,821.00"
2019-05-16,2019051601009579,HIDCL,39,58,924,161.00,"148,764.00"
2019-05-16,2019051601009288,HPPL,29,35,104,181.00,"18,824.00"
2019-05-16,2019051601009287,HPPL,29,21,10,181.00,"1,810.00"
2019-05-16,2019051601009286,HPPL,29,45,10,181.00,"1,810.00"
2019-05-16,2019051601009285,HPPL,29,39,10,181.00,"1,810.00"
2019-05-16,2019051601009564,ICFC,55,57,160,163.00,"26,080.00"
2019-05-16,2019051601009563,ICFC,55,40,21,163.00,"3,423.00"
2019-05-16,2019051601009562,ICFC,55,4,100,163.00,"16,300.00"
2019-05-16,2019051601009475,JBBL,35,6,500,153.00,"76,500.00"
2019-05-16,2019051601009442,JBBL,46,32,162,152.00,"24,624.00"
2019-05-16,2019051601009441,JBBL,32,32,100,152.00,"15,200.00"
2019-05-16,2019051601009440,JBBL,58,32,"2,000",152.00,"304,000.00"
2019-05-16,2019051601009439,JBBL,28,32,200,152.00,"30,400.00"
2019-05-16,2019051601009438,JBBL,48,32,10,152.00,"1,520.00"
2019-05-16,2019051601009245,JBBL,58,6,100,153.00,"15,300.00"
2019-05-16,2019051601009221,JBBL,58,6,50,153.00,"7,650.00"
2019-05-16,2019051601009513,JBNL,37,58,300,205.00,"61,500.00"
2019-05-16,2019051601009456,JBNL,39,42,300,204.00,"61,200.00"
2019-05-16,2019051601009165,JBNL,42,58,"1,000",205.00,"205,000.00"
2019-05-16,2019051601009566,KADBL,22,19,990,183.00,"181,170.00"
2019-05-16,2019051601009518,KBBL,1,49,100,233.00,"23,300.00"
2019-05-16,2019051601009198,KBBL,52,49,100,234.00,"23,400.00"
2019-05-16,2019051601009418,KBL,20,43,"1,000",222.00,"222,000.00"
2019-05-16,2019051601009265,KBL,36,29,500,222.00,"111,000.00"
2019-05-16,2019051601009264,KBL,36,34,500,222.00,"111,000.00"
2019-05-16,2019051601009263,KBL,36,43,563,222.00,"124,986.00"
2019-05-16,2019051601009262,KBL,36,37,324,222.00,"71,928.00"
2019-05-16,2019051601009261,KBL,36,4,300,222.00,"66,600.00"
2019-05-16,2019051601009260,KBL,36,43,"1,000",221.00,"221,000.00"
2019-05-16,2019051601009259,KBL,36,3,30,221.00,"6,630.00"
2019-05-16,2019051601009193,KBL,32,16,295,220.00,"64,900.00"
2019-05-16,2019051601009192,KBL,32,16,100,220.00,"22,000.00"
2019-05-16,2019051601009191,KBL,45,16,45,220.00,"9,900.00"
2019-05-16,2019051601009183,KNBL,34,6,750,139.00,"104,250.00"
2019-05-16,2019051601009182,KNBL,17,6,750,140.00,"105,000.00"
2019-05-16,2019051601009467,KPCL,42,8,10,91.00,910.00
2019-05-16,2019051601009149,KPCL,42,14,10,91.00,910.00
2019-05-16,2019051601009317,KPCL,42,8,10,91.00,910.00
2019-05-16,2019051601009142,KRBL,51,41,325,107.00,"34,775.00"
2019-05-16,2019051601009627,KSBBL,33,48,800,157.00,"125,600.00"
2019-05-16,2019051601009529,KSBBL,33,29,150,157.00,"23,550.00"
2019-05-16,2019051601009383,KSBBL,58,51,100,158.00,"15,800.00"
2019-05-16,2019051601009366,KSBBL,33,32,428,157.00,"67,196.00"
2019-05-16,2019051601009326,KSBBL,41,51,590,158.00,"93,220.00"
2019-05-16,2019051601009267,KSBBL,41,34,200,158.00,"31,600.00"
2019-05-16,2019051601009162,KSBBL,41,39,210,158.00,"33,180.00"
2019-05-16,2019051601009608,LBBL,19,39,150,198.00,"29,700.00"
2019-05-16,2019051601009396,LBBL,1,42,50,197.00,"9,850.00"
2019-05-16,2019051601009230,LBBL,29,50,"1,984",198.00,"392,832.00"
2019-05-16,2019051601009636,LBL,41,34,21,228.00,"4,788.00"
2019-05-16,2019051601009635,LBL,19,34,50,228.00,"11,400.00"
2019-05-16,2019051601009634,LBL,41,34,163,228.00,"37,164.00"
2019-05-16,2019051601009530,LBL,41,49,100,228.00,"22,800.00"
2019-05-16,2019051601009512,LBL,41,40,200,228.00,"45,600.00"
2019-05-16,2019051601009620,LEMF,17,42,"4,000",8.24,"32,960.00"
2019-05-16,2019051601009525,LGIL,35,25,40,507.00,"20,280.00"
2019-05-16,2019051601009524,LGIL,19,25,10,507.00,"5,070.00"
2019-05-16,2019051601009428,MBL,50,34,120,271.00,"32,520.00"
2019-05-16,2019051601009405,MBL,22,34,788,272.00,"214,336.00"
2019-05-16,2019051601009268,MBL,51,34,100,272.00,"27,200.00"
2019-05-16,2019051601009171,MBL,38,34,365,272.00,"99,280.00"
2019-05-16,2019051601009626,MEGA,55,10,94,197.00,"18,518.00"
2019-05-16,2019051601009625,MEGA,44,10,15,198.00,"2,970.00"
2019-05-16,2019051601009612,MEGA,57,17,136,199.00,"27,064.00"
2019-05-16,2019051601009611,MEGA,57,8,64,199.00,"12,736.00"
2019-05-16,2019051601009493,MEGA,44,56,100,198.00,"19,800.00"
2019-05-16,2019051601009364,MEGA,44,10,109,198.00,"21,582.00"
2019-05-16,2019051601009355,MEGA,44,16,84,198.00,"16,632.00"
2019-05-16,2019051601009310,MEGA,44,49,300,198.00,"59,400.00"
2019-05-16,2019051601009241,MEGA,44,22,200,198.00,"39,600.00"
2019-05-16,2019051601009228,MEGA,44,10,106,198.00,"20,988.00"
2019-05-16,2019051601009219,MEGA,44,34,180,198.00,"35,640.00"
2019-05-16,2019051601009492,MERO,16,51,10,627.00,"6,270.00"
2019-05-16,2019051601009476,MHNL,29,41,30,92.00,"2,760.00"
2019-05-16,2019051601009457,MHNL,29,43,30,91.00,"2,730.00"
2019-05-16,2019051601009638,MNBBL,17,33,105,385.00,"40,425.00"
2019-05-16,2019051601009637,MNBBL,56,33,45,385.00,"17,325.00"
2019-05-16,2019051601009521,MNBBL,56,32,22,385.00,"8,470.00"
2019-05-16,2019051601009459,MNBBL,56,51,345,385.00,"132,825.00"
2019-05-16,2019051601009398,MNBBL,16,33,200,386.00,"77,200.00"
2019-05-16,2019051601009597,NABIL,14,16,50,848.00,"42,400.00"
2019-05-16,2019051601009624,NADEP,16,28,120,495.00,"59,400.00"
2019-05-16,2019051601009623,NADEP,16,8,20,491.00,"9,820.00"
2019-05-16,2019051601009622,NADEP,16,42,40,490.00,"19,600.00"
2019-05-16,2019051601009621,NADEP,16,35,10,489.00,"4,890.00"
2019-05-16,2019051601009272,NADEP,56,8,20,486.00,"9,720.00"
2019-05-16,2019051601009204,NADEP,17,42,10,490.00,"4,900.00"
2019-05-16,2019051601009577,NBB,17,25,800,229.00,"183,200.00"
2019-05-16,2019051601009576,NBB,17,25,74,229.00,"16,946.00"
2019-05-16,2019051601009417,NBB,22,25,500,229.00,"114,500.00"
2019-05-16,2019051601009416,NBB,22,25,500,229.00,"114,500.00"
2019-05-16,2019051601009415,NBB,13,25,476,229.00,"109,004.00"
2019-05-16,2019051601009394,NBB,13,1,50,229.00,"11,450.00"
2019-05-16,2019051601009610,NBL,56,48,500,318.00,"159,000.00"
2019-05-16,2019051601009587,NBL,49,36,376,319.00,"119,944.00"
2019-05-16,2019051601009586,NBL,49,45,624,319.00,"199,056.00"
2019-05-16,2019051601009584,NBL,47,45,800,319.00,"255,200.00"
2019-05-16,2019051601009575,NBL,56,49,100,318.00,"31,800.00"
2019-05-16,2019051601009527,NBL,56,16,500,318.00,"159,000.00"
2019-05-16,2019051601009295,NBL,26,42,"1,000",318.00,"318,000.00"
2019-05-16,2019051601009294,NBL,25,42,50,318.00,"15,900.00"
2019-05-16,2019051601009289,NBL,25,49,950,319.00,"303,050.00"
2019-05-16,2019051601009208,NBL,56,49,"3,026",319.00,"965,294.00"
2019-05-16,2019051601009207,NBL,56,5,974,319.00,"310,706.00"
2019-05-16,2019051601009197,NBL,22,5,150,319.00,"47,850.00"
2019-05-16,2019051601009301,NBL,6,42,"5,000",318.00,"1,590,000.00"
2019-05-16,2019051601009300,NBL,3,42,150,318.00,"47,700.00"
2019-05-16,2019051601009299,NBL,28,42,350,318.00,"111,300.00"
2019-05-16,2019051601009298,NBL,21,42,150,318.00,"47,700.00"
2019-05-16,2019051601009297,NBL,7,42,"2,000",318.00,"636,000.00"
2019-05-16,2019051601009296,NBL,28,42,"1,000",318.00,"318,000.00"
2019-05-16,2019051601009307,NBL,40,42,700,318.00,"222,600.00"
2019-05-16,2019051601009306,NBL,56,42,"1,000",318.00,"318,000.00"
2019-05-16,2019051601009305,NBL,59,42,"3,000",318.00,"954,000.00"
2019-05-16,2019051601009304,NBL,55,42,500,318.00,"159,000.00"
2019-05-16,2019051601009303,NBL,38,42,786,318.00,"249,948.00"
2019-05-16,2019051601009302,NBL,59,42,"1,000",318.00,"318,000.00"
2019-05-16,2019051601009510,NBL,47,45,76,319.00,"24,244.00"
2019-05-16,2019051601009509,NBL,47,49,"2,024",319.00,"645,656.00"
2019-05-16,2019051601009478,NBL,56,25,700,318.00,"222,600.00"
2019-05-16,2019051601009477,NBL,40,25,300,318.00,"95,400.00"
2019-05-16,2019051601009466,NBL,47,49,"2,000",319.00,"638,000.00"
2019-05-16,2019051601009309,NBL,56,49,"2,000",319.00,"638,000.00"
2019-05-16,2019051601009592,NCCB,1,5,500,260.00,"130,000.00"
2019-05-16,2019051601009558,NCCB,52,33,729,259.00,"188,811.00"
2019-05-16,2019051601009557,NCCB,57,33,20,259.00,"5,180.00"
2019-05-16,2019051601009556,NCCB,44,33,315,259.00,"81,585.00"
2019-05-16,2019051601009555,NCCB,39,33,200,259.00,"51,800.00"
2019-05-16,2019051601009554,NCCB,41,33,350,259.00,"90,650.00"
2019-05-16,2019051601009170,NCCB,14,5,200,260.00,"52,000.00"
2019-05-16,2019051601009166,NCCB,10,5,580,259.00,"150,220.00"
2019-05-16,2019051601009148,NCCB,10,16,29,259.00,"7,511.00"
2019-05-16,2019051601009242,NCCB,22,45,10,260.00,"2,600.00"
2019-05-16,2019051601009225,NCCB,42,45,450,260.00,"117,000.00"
2019-05-16,2019051601009205,NCCB,22,45,150,260.00,"39,000.00"
2019-05-16,2019051601009189,NCCB,16,45,800,260.00,"208,000.00"
2019-05-16,2019051601009188,NCCB,16,5,800,260.00,"208,000.00"
2019-05-16,2019051601009187,NCCB,16,41,400,260.00,"104,000.00"
2019-05-16,2019051601009404,NCCB,34,14,500,260.00,"130,000.00"
2019-05-16,2019051601009403,NCCB,34,29,"1,000",260.00,"260,000.00"
2019-05-16,2019051601009402,NCCB,34,29,590,260.00,"153,400.00"
2019-05-16,2019051601009357,NCCB,10,33,300,259.00,"77,700.00"
2019-05-16,2019051601009352,NCCB,40,29,410,260.00,"106,600.00"
2019-05-16,2019051601009351,NCCB,40,45,90,260.00,"23,400.00"
2019-05-16,2019051601009500,NCCB,10,40,600,259.00,"155,400.00"
2019-05-16,2019051601009425,NCCB,13,5,50,260.00,"13,000.00"
2019-05-16,2019051601009424,NCCB,49,5,87,260.00,"22,620.00"
2019-05-16,2019051601009409,NCCB,49,7,13,260.00,"3,380.00"
2019-05-16,2019051601009408,NCCB,29,7,500,260.00,"130,000.00"
2019-05-16,2019051601009407,NCCB,34,7,410,260.00,"106,600.00"
2019-05-16,2019051601009541,NCCB,34,33,250,259.00,"64,750.00"
2019-05-16,2019051601009540,NCCB,41,33,200,259.00,"51,800.00"
2019-05-16,2019051601009539,NCCB,56,33,300,259.00,"77,700.00"
2019-05-16,2019051601009538,NCCB,10,33,"1,286",259.00,"333,074.00"
2019-05-16,2019051601009526,NCCB,10,25,"2,000",259.00,"518,000.00"
2019-05-16,2019051601009514,NCCB,19,5,200,260.00,"52,000.00"
2019-05-16,2019051601009547,NCCB,29,33,500,259.00,"129,500.00"
2019-05-16,2019051601009546,NCCB,20,33,"1,000",259.00,"259,000.00"
2019-05-16,2019051601009545,NCCB,6,33,200,259.00,"51,800.00"
2019-05-16,2019051601009544,NCCB,34,33,"2,000",259.00,"518,000.00"
2019-05-16,2019051601009543,NCCB,26,33,500,259.00,"129,500.00"
2019-05-16,2019051601009542,NCCB,29,33,350,259.00,"90,650.00"
2019-05-16,2019051601009553,NCCB,38,33,100,259.00,"25,900.00"
2019-05-16,2019051601009552,NCCB,35,33,100,259.00,"25,900.00"
2019-05-16,2019051601009551,NCCB,59,33,500,259.00,"129,500.00"
2019-05-16,2019051601009550,NCCB,43,33,500,259.00,"129,500.00"
2019-05-16,2019051601009549,NCCB,11,33,100,259.00,"25,900.00"
2019-05-16,2019051601009548,NCCB,41,33,500,259.00,"129,500.00"
2019-05-16,2019051601009382,NGPL,1,19,35,118.00,"4,130.00"
2019-05-16,2019051601009381,NGPL,20,19,11,119.00,"1,309.00"
2019-05-16,2019051601009380,NGPL,33,19,11,120.00,"1,320.00"
2019-05-16,2019051601009533,NHPC,1,29,500,67.00,"33,500.00"
2019-05-16,2019051601009532,NHPC,47,29,500,67.00,"33,500.00"
2019-05-16,2019051601009531,NHPC,22,29,530,67.00,"35,510.00"
2019-05-16,2019051601009495,NHPC,22,29,"1,470",67.00,"98,490.00"
2019-05-16,2019051601009494,NHPC,49,29,530,67.00,"35,510.00"
2019-05-16,2019051601009178,NHPC,49,51,470,67.00,"31,490.00"
2019-05-16,2019051601009177,NHPC,42,51,"2,000",67.00,"134,000.00"
2019-05-16,2019051601009176,NHPC,52,51,"2,000",67.00,"134,000.00"
2019-05-16,2019051601009175,NHPC,49,51,"4,500",67.00,"301,500.00"
2019-05-16,2019051601009593,NIB,7,16,44,549.00,"24,156.00"
2019-05-16,2019051601009560,NIB,57,25,150,550.00,"82,500.00"
2019-05-16,2019051601009498,NIB,7,36,48,549.00,"26,352.00"
2019-05-16,2019051601009497,NIB,7,58,11,549.00,"6,039.00"
2019-05-16,2019051601009336,NIB,22,17,62,548.00,"33,976.00"
2019-05-16,2019051601009335,NIB,16,17,437,548.00,"239,476.00"
2019-05-16,2019051601009233,NIB,16,6,101,548.00,"55,348.00"
2019-05-16,2019051601009159,NIB,16,51,100,548.00,"54,800.00"
2019-05-16,2019051601009474,NIBPO,43,59,500,520.00,"260,000.00"
2019-05-16,2019051601009616,NICA,19,57,41,490.00,"20,090.00"
2019-05-16,2019051601009257,NICL,48,17,100,401.00,"40,100.00"
2019-05-16,2019051601009256,NICL,48,26,400,401.00,"160,400.00"
2019-05-16,2019051601009598,NIL,36,38,500,523.00,"261,500.00"
2019-05-16,2019051601009279,NLBBL,43,37,235,537.00,"126,195.00"
2019-05-16,2019051601009574,NLG,52,54,72,820.00,"59,040.00"
2019-05-16,2019051601009573,NLG,49,54,336,821.00,"275,856.00"
2019-05-16,2019051601009312,NLG,49,6,164,821.00,"134,644.00"
2019-05-16,2019051601009311,NLG,28,6,81,825.00,"66,825.00"
2019-05-16,2019051601009164,NLIC,6,41,200,961.00,"192,200.00"
2019-05-16,2019051601009583,NLICL,46,49,100,669.00,"66,900.00"
2019-05-16,2019051601009582,NLICL,13,49,200,669.00,"133,800.00"
2019-05-16,2019051601009581,NLICL,28,49,50,669.00,"33,450.00"
2019-05-16,2019051601009580,NLICL,44,49,50,670.00,"33,500.00"
2019-05-16,2019051601009293,NLICL,42,49,50,671.00,"33,550.00"
2019-05-16,2019051601009615,NMB,58,29,100,381.00,"38,100.00"
2019-05-16,2019051601009430,NMB,28,8,10,383.00,"3,830.00"
2019-05-16,2019051601009429,NMB,28,25,169,382.00,"64,558.00"
2019-05-16,2019051601009369,NMB,49,25,200,382.00,"76,400.00"
2019-05-16,2019051601009368,NMB,13,25,50,382.00,"19,100.00"
2019-05-16,2019051601009206,NTC,28,28,500,721.00,"360,500.00"
2019-05-16,2019051601009565,NUBL,48,57,25,885.00,"22,125.00"
2019-05-16,2019051601009314,NUBL,42,42,50,874.00,"43,700.00"
2019-05-16,2019051601009313,NUBL,17,42,250,874.00,"218,500.00"
2019-05-16,2019051601009508,OHL,5,55,54,644.00,"34,776.00"
2019-05-16,2019051601009507,OHL,44,55,46,645.00,"29,670.00"
2019-05-16,2019051601009220,OHL,5,47,250,644.00,"161,000.00"
2019-05-16,2019051601009365,OHL,44,14,454,645.00,"292,830.00"
2019-05-16,2019051601009590,PCBL,8,58,"1,000",376.00,"376,000.00"
2019-05-16,2019051601009589,PCBL,8,58,51,375.00,"19,125.00"
2019-05-16,2019051601009578,PCBL,42,58,100,375.00,"37,500.00"
2019-05-16,2019051601009537,PCBL,42,58,200,375.00,"75,000.00"
2019-05-16,2019051601009511,PCBL,42,58,500,375.00,"187,500.00"
2019-05-16,2019051601009488,PCBL,50,49,200,374.00,"74,800.00"
2019-05-16,2019051601009156,PCBL,4,35,75,377.00,"28,275.00"
2019-05-16,2019051601009155,PCBL,4,13,200,377.00,"75,400.00"
2019-05-16,2019051601009154,PCBL,4,19,407,377.00,"153,439.00"
2019-05-16,2019051601009153,PCBL,4,58,920,376.00,"345,920.00"
2019-05-16,2019051601009143,PCBL,35,58,30,376.00,"11,280.00"
2019-05-16,2019051601009487,PCBL,54,49,200,374.00,"74,800.00"
2019-05-16,2019051601009360,PCBL,37,58,60,375.00,"22,500.00"
2019-05-16,2019051601009211,PCBL,35,58,25,375.00,"9,375.00"
2019-05-16,2019051601009210,PCBL,51,58,100,375.00,"37,500.00"
2019-05-16,2019051601009209,PCBL,17,58,21,375.00,"7,875.00"
2019-05-16,2019051601009157,PCBL,4,43,398,377.00,"150,046.00"
2019-05-16,2019051601009618,PFL,32,36,148,137.00,"20,276.00"
2019-05-16,2019051601009628,PIC,38,45,11,"1,236.00","13,596.00"
2019-05-16,2019051601009606,PIC,38,45,11,"1,236.00","13,596.00"
2019-05-16,2019051601009601,PIC,39,4,200,"1,240.00","248,000.00"
2019-05-16,2019051601009600,PIC,39,7,100,"1,239.00","123,900.00"
2019-05-16,2019051601009567,PIC,38,45,11,"1,236.00","13,596.00"
2019-05-16,2019051601009519,PIC,38,45,11,"1,236.00","13,596.00"
2019-05-16,2019051601009421,PIC,58,16,100,"1,240.00","124,000.00"
2019-05-16,2019051601009420,PIC,58,34,200,"1,240.00","248,000.00"
2019-05-16,2019051601009399,PIC,38,56,11,"1,236.00","13,596.00"
2019-05-16,2019051601009150,PIC,21,21,1,"1,230.00","1,230.00"
2019-05-16,2019051601009505,PIC,38,43,11,"1,236.00","13,596.00"
2019-05-16,2019051601009449,PIC,58,32,51,"1,241.00","63,291.00"
2019-05-16,2019051601009446,PIC,58,42,11,"1,241.00","13,651.00"
2019-05-16,2019051601009445,PIC,58,48,25,"1,241.00","31,025.00"
2019-05-16,2019051601009423,PIC,58,44,113,"1,241.00","140,233.00"
2019-05-16,2019051601009422,PIC,58,44,500,"1,241.00","620,500.00"
2019-05-16,2019051601009361,PMHPL,44,21,10,111.00,"1,110.00"
2019-05-16,2019051601009348,PMHPL,44,47,10,111.00,"1,110.00"
2019-05-16,2019051601009201,PROFL,25,11,50,102.00,"5,100.00"
2019-05-16,2019051601009639,PRVU,11,51,172,282.00,"48,504.00"
2019-05-16,2019051601009523,PRVU,57,1,151,283.00,"42,733.00"
2019-05-16,2019051601009479,PRVU,57,38,824,283.00,"233,192.00"
2019-05-16,2019051601009392,PRVU,48,17,100,283.00,"28,300.00"
2019-05-16,2019051601009391,PRVU,57,17,135,283.00,"38,205.00"
2019-05-16,2019051601009346,PRVU,57,25,520,283.00,"147,160.00"
2019-05-16,2019051601009319,PRVU,57,25,845,283.00,"239,135.00"
2019-05-16,2019051601009318,PRVU,57,25,155,283.00,"43,865.00"
2019-05-16,2019051601009455,PRVU,57,25,100,283.00,"28,300.00"
2019-05-16,2019051601009400,PRVU,57,37,160,283.00,"45,280.00"
2019-05-16,2019051601009393,PRVU,57,17,265,283.00,"74,995.00"
2019-05-16,2019051601009401,RADHI,13,19,44,158.00,"6,952.00"
2019-05-16,2019051601009316,RADHI,29,14,10,159.00,"1,590.00"
2019-05-16,2019051601009144,RADHI,13,42,11,158.00,"1,738.00"
2019-05-16,2019051601009617,RBCL,59,11,10,"11,390.00","113,900.00"
2019-05-16,2019051601009594,RBCL,28,22,30,"11,300.00","339,000.00"
2019-05-16,2019051601009522,RBCL,28,22,20,"11,300.00","226,000.00"
2019-05-16,2019051601009353,RBCL,6,11,10,"11,200.00","112,000.00"
2019-05-16,2019051601009516,RBCLPO,59,58,10,"10,809.00","108,090.00"
2019-05-16,2019051601009379,RBCLPO,59,48,10,"10,599.00","105,990.00"
2019-05-16,2019051601009378,RBCLPO,59,42,100,"10,599.00","1,059,900.00"
2019-05-16,2019051601009377,RBCLPO,59,16,30,"10,599.00","317,970.00"
2019-05-16,2019051601009332,RBCLPO,59,28,20,"10,580.00","211,600.00"
2019-05-16,2019051601009331,RBCLPO,59,26,90,"10,400.00","936,000.00"
2019-05-16,2019051601009330,RBCLPO,59,51,45,"10,400.00","468,000.00"
2019-05-16,2019051601009329,RBCLPO,59,6,20,"10,395.00","207,900.00"
2019-05-16,2019051601009328,RBCLPO,59,33,40,"10,390.00","415,600.00"
2019-05-16,2019051601009327,RBCLPO,59,14,29,"10,385.00","301,165.00"
2019-05-16,2019051601009376,RBCLPO,59,42,40,"10,599.00","423,960.00"
2019-05-16,2019051601009375,RBCLPO,59,48,20,"10,599.00","211,980.00"
2019-05-16,2019051601009374,RBCLPO,59,56,10,"10,598.00","105,980.00"
2019-05-16,2019051601009373,RBCLPO,59,42,20,"10,597.00","211,940.00"
2019-05-16,2019051601009333,RBCLPO,59,44,10,"10,597.00","105,970.00"
2019-05-16,2019051601009172,RHPC,35,17,"1,890",97.00,"183,330.00"
2019-05-16,2019051601009605,RMDC,6,53,215,673.00,"144,695.00"
2019-05-16,2019051601009604,RMDC,6,59,30,673.00,"20,190.00"
2019-05-16,2019051601009603,RMDC,6,42,55,672.00,"36,960.00"
2019-05-16,2019051601009435,RRHP,47,8,10,93.00,930.00
2019-05-16,2019051601009334,RSDC,49,16,10,395.00,"3,950.00"
2019-05-16,2019051601009321,SADBL,51,39,180,156.00,"28,080.00"
2019-05-16,2019051601009145,SAEF,10,8,"1,000",9.70,"9,700.00"
2019-05-16,2019051601009486,SANIMA,48,42,32,364.00,"11,648.00"
2019-05-16,2019051601009485,SANIMA,48,57,52,363.00,"18,876.00"
2019-05-16,2019051601009484,SANIMA,48,44,70,363.00,"25,410.00"
2019-05-16,2019051601009483,SANIMA,48,28,216,363.00,"78,408.00"
2019-05-16,2019051601009255,SBBLJ,1,46,200,208.00,"41,600.00"
2019-05-16,2019051601009496,SCB,48,10,"1,100",690.00,"759,000.00"
2019-05-16,2019051601009437,SCB,29,51,400,689.00,"275,600.00"
2019-05-16,2019051601009414,SCB,29,39,200,689.00,"137,800.00"
2019-05-16,2019051601009413,SCB,10,10,10,690.00,"6,900.00"
2019-05-16,2019051601009338,SCB,29,40,38,689.00,"26,182.00"
2019-05-16,2019051601009337,SCB,41,40,52,689.00,"35,828.00"
2019-05-16,2019051601009200,SDESI,43,14,23,621.00,"14,283.00"
2019-05-16,2019051601009412,SHINE,58,48,455,260.00,"118,300.00"
2019-05-16,2019051601009411,SHINE,16,48,95,261.00,"24,795.00"
2019-05-16,2019051601009569,SHIVM,33,17,100,572.00,"57,200.00"
2019-05-16,2019051601009447,SHIVM,33,39,100,572.00,"57,200.00"
2019-05-16,2019051601009419,SHIVM,33,48,410,572.00,"234,520.00"
2019-05-16,2019051601009384,SHIVM,33,48,500,572.00,"286,000.00"
2019-05-16,2019051601009359,SHIVM,33,35,50,572.00,"28,600.00"
2019-05-16,2019051601009290,SHIVM,33,26,50,572.00,"28,600.00"
2019-05-16,2019051601009266,SHIVM,33,22,50,572.00,"28,600.00"
2019-05-16,2019051601009243,SHIVM,33,36,200,572.00,"114,400.00"
2019-05-16,2019051601009224,SHIVM,33,35,70,572.00,"40,040.00"
2019-05-16,2019051601009502,SHL,43,1,100,239.00,"23,900.00"
2019-05-16,2019051601009501,SHL,39,1,100,240.00,"24,000.00"
2019-05-16,2019051601009465,SHL,39,32,900,240.00,"216,000.00"
2019-05-16,2019051601009602,SHPC,10,34,600,269.00,"161,400.00"
2019-05-16,2019051601009520,SHPC,43,28,50,271.00,"13,550.00"
2019-05-16,2019051601009347,SHPC,39,19,300,270.00,"81,000.00"
2019-05-16,2019051601009454,SIC,35,8,83,"1,452.00","120,516.00"
2019-05-16,2019051601009444,SIC,35,1,50,"1,452.00","72,600.00"
2019-05-16,2019051601009443,SIC,48,1,50,"1,452.00","72,600.00"
2019-05-16,2019051601009433,SIC,50,8,10,"1,453.00","14,530.00"
2019-05-16,2019051601009432,SIC,35,8,30,"1,453.00","43,590.00"
2019-05-16,2019051601009431,SIC,58,8,27,"1,456.00","39,312.00"
2019-05-16,2019051601009354,SIL,57,56,250,600.00,"150,000.00"
2019-05-16,2019051601009614,SKBBL,44,36,50,"1,004.00","50,200.00"
2019-05-16,2019051601009613,SKBBL,44,11,150,"1,000.00","150,000.00"
2019-05-16,2019051601009503,SKBBL,58,32,138,"1,000.00","138,000.00"
2019-05-16,2019051601009358,SKBBL,58,22,62,"1,000.00","62,000.00"
2019-05-16,2019051601009559,SLBBL,26,58,50,478.00,"23,900.00"
2019-05-16,2019051601009280,SLBBL,58,16,24,477.00,"11,448.00"
2019-05-16,2019051601009482,SLICL,44,4,"1,000",606.00,"606,000.00"
2019-05-16,2019051601009158,SLICL,22,59,400,605.00,"242,000.00"
2019-05-16,2019051601009372,SMATA,21,41,10,"1,255.00","12,550.00"
2019-05-16,2019051601009217,SMB,34,14,10,464.00,"4,640.00"
2019-05-16,2019051601009427,SRBL,16,22,56,259.00,"14,504.00"
2019-05-16,2019051601009426,SRBL,16,41,129,259.00,"33,411.00"
2019-05-16,2019051601009249,SRBL,38,19,210,257.00,"53,970.00"
2019-05-16,2019051601009248,SRBL,14,19,500,257.00,"128,500.00"
2019-05-16,2019051601009247,SRBL,25,19,250,257.00,"64,250.00"
2019-05-16,2019051601009246,SRBL,45,19,40,258.00,"10,320.00"
2019-05-16,2019051601009341,SWBBL,44,17,87,933.00,"81,171.00"
2019-05-16,2019051601009184,SWBBL,44,14,100,933.00,"93,300.00"
2019-05-16,2019051601009180,SWBBL,44,54,500,935.00,"467,500.00"
2019-05-16,2019051601009203,UIC,17,48,290,965.00,"279,850.00"
2019-05-16,2019051601009202,UIC,17,45,10,965.00,"9,650.00"
2019-05-16,2019051601009270,UMHL,13,44,14,118.00,"1,652.00"
2019-05-16,2019051601009315,UPCL,5,48,50,94.00,"4,700.00"
2019-05-16,2019051601009273,UPCL,5,48,50,94.00,"4,700.00"
2019-05-16,2019051601009596,UPPER,6,52,40,245.00,"9,800.00"
2019-05-16,2019051601009572,UPPER,6,52,50,245.00,"12,250.00"
2019-05-16,2019051601009528,UPPER,1,41,474,246.00,"116,604.00"
2019-05-16,2019051601009515,UPPER,1,34,40,246.00,"9,840.00"
2019-05-16,2019051601009227,UPPER,6,14,40,245.00,"9,800.00"
2019-05-16,2019051601009222,UPPER,26,20,50,246.00,"12,300.00"
2019-05-16,2019051601009147,UPPER,26,46,40,246.00,"9,840.00"
2019-05-16,2019051601009146,UPPER,26,45,10,246.00,"2,460.00"
2019-05-16,2019051601009308,UPPER,32,19,128,246.00,"31,488.00"
2019-05-16,2019051601009291,UPPER,32,8,50,246.00,"12,300.00"
2019-05-16,2019051601009271,UPPER,32,20,50,246.00,"12,300.00"
2019-05-16,2019051601009258,UPPER,32,21,40,246.00,"9,840.00"
2019-05-16,2019051601009453,UPPER,1,8,50,246.00,"12,300.00"
2019-05-16,2019051601009451,UPPER,1,52,436,246.00,"107,256.00"
2019-05-16,2019051601009450,UPPER,1,52,64,246.00,"15,744.00"
2019-05-16,2019051601009397,UPPER,1,32,274,246.00,"67,404.00"
2019-05-16,2019051601009356,UPPER,1,21,40,246.00,"9,840.00"
2019-05-16,2019051601009322,UPPER,1,19,72,246.00,"17,712.00"
2019-05-16,2019051601009099,ADBL,53,16,314,430.00,"135,020.00"
2019-05-16,2019051601009074,ADBL,53,34,275,430.00,"118,250.00"
2019-05-16,2019051601009073,ADBL,53,37,300,430.00,"129,000.00"
2019-05-16,2019051601009072,ADBL,53,43,111,429.00,"47,619.00"
2019-05-16,2019051601009021,ADBL,45,34,906,426.00,"385,956.00"
2019-05-16,2019051601009020,ADBL,34,34,200,426.00,"85,200.00"
2019-05-16,2019051601008971,ADBL,57,34,300,428.00,"128,400.00"
2019-05-16,2019051601008970,ADBL,16,34,50,428.00,"21,400.00"
2019-05-16,2019051601008888,ADBL,1,42,500,428.00,"214,000.00"
2019-05-16,2019051601009019,ADBL,54,34,210,426.00,"89,460.00"
2019-05-16,2019051601008976,ADBL,54,34,790,426.00,"336,540.00"
2019-05-16,2019051601008975,ADBL,45,34,110,426.00,"46,860.00"
2019-05-16,2019051601008974,ADBL,49,34,50,427.00,"21,350.00"
2019-05-16,2019051601008973,ADBL,10,34,"1,000",427.00,"427,000.00"
2019-05-16,2019051601008972,ADBL,29,34,200,427.00,"85,400.00"
2019-05-16,2019051601009064,AKJCL,11,42,10,77.00,770.00
2019-05-16,2019051601009063,AKJCL,52,42,10,78.00,780.00
2019-05-16,2019051601008648,AKJCL,52,51,40,78.00,"3,120.00"
2019-05-16,2019051601008872,ALBSL,17,34,150,454.00,"68,100.00"
2019-05-16,2019051601008946,ALICL,8,48,158,436.00,"68,888.00"
2019-05-16,2019051601008694,ALICL,32,48,50,436.00,"21,800.00"
2019-05-16,2019051601009100,AMFI,36,17,10,560.00,"5,600.00"
2019-05-16,2019051601009093,API,49,42,11,147.00,"1,617.00"
2019-05-16,2019051601009027,API,25,25,50,149.00,"7,450.00"
2019-05-16,2019051601009026,API,25,14,157,148.00,"23,236.00"
2019-05-16,2019051601008997,API,55,14,343,148.00,"50,764.00"
2019-05-16,2019051601008995,API,25,25,90,149.00,"13,410.00"
2019-05-16,2019051601008934,API,55,41,28,148.00,"4,144.00"
2019-05-16,2019051601008790,API,55,44,29,148.00,"4,292.00"
2019-05-16,2019051601008754,API,55,56,100,149.00,"14,900.00"
2019-05-16,2019051601008753,API,55,36,500,149.00,"74,500.00"
2019-05-16,2019051601009018,BOKL,36,8,375,280.00,"105,000.00"
2019-05-16,2019051601009017,BOKL,22,8,100,280.00,"28,000.00"
2019-05-16,2019051601009121,BPCL,36,42,11,390.00,"4,290.00"
2019-05-16,2019051601009037,BPCL,40,50,"1,000",393.00,"393,000.00"
2019-05-16,2019051601009036,BPCL,40,58,700,393.00,"275,100.00"
2019-05-16,2019051601008838,BPCL,52,58,27,393.00,"10,611.00"
2019-05-16,2019051601008752,BPCL,36,58,500,392.00,"196,000.00"
2019-05-16,2019051601008715,BPCL,17,58,83,393.00,"32,619.00"
2019-05-16,2019051601008714,BPCL,17,6,117,392.00,"45,864.00"
2019-05-16,2019051601008706,CBBL,33,42,81,950.00,"76,950.00"
2019-05-16,2019051601008705,CBBL,54,42,19,950.00,"18,050.00"
2019-05-16,2019051601008954,CBL,41,58,100,149.00,"14,900.00"
2019-05-16,2019051601008730,CBL,26,34,144,149.00,"21,456.00"
2019-05-16,2019051601008729,CBL,53,34,500,149.00,"74,500.00"
2019-05-16,2019051601008728,CBL,55,34,50,149.00,"7,450.00"
2019-05-16,2019051601008727,CBL,10,34,"1,200",149.00,"178,800.00"
2019-05-16,2019051601008726,CBL,43,34,100,149.00,"14,900.00"
2019-05-16,2019051601008725,CBL,48,34,50,149.00,"7,450.00"
2019-05-16,2019051601008724,CBL,38,34,956,149.00,"142,444.00"
2019-05-16,2019051601008686,CBL,38,13,44,149.00,"6,556.00"
2019-05-16,2019051601008685,CBL,5,13,200,149.00,"29,800.00"
2019-05-16,2019051601008684,CBL,53,13,100,149.00,"14,900.00"
2019-05-16,2019051601008683,CBL,34,13,156,149.00,"23,244.00"
2019-05-16,2019051601008980,CCBL,32,41,115,170.00,"19,550.00"
2019-05-16,2019051601008747,CHCL,45,55,44,529.00,"23,276.00"
2019-05-16,2019051601008695,CHLBS,7,57,10,446.00,"4,460.00"
2019-05-16,2019051601008687,CHLBS,7,19,10,446.00,"4,460.00"
2019-05-16,2019051601008656,CHLBS,7,19,10,446.00,"4,460.00"
2019-05-16,2019051601009117,CIT,51,48,20,"2,641.00","52,820.00"
2019-05-16,2019051601009116,CIT,52,48,50,"2,642.00","132,100.00"
2019-05-16,2019051601009050,CIT,35,52,20,"2,650.00","53,000.00"
2019-05-16,2019051601009134,CLBSL,21,16,10,575.00,"5,750.00"
2019-05-16,2019051601008998,CZBIL,28,38,480,233.00,"111,840.00"
2019-05-16,2019051601008942,CZBIL,28,41,40,233.00,"9,320.00"
2019-05-16,2019051601008778,CZBIL,8,58,384,234.00,"89,856.00"
2019-05-16,2019051601008777,CZBIL,8,52,300,234.00,"70,200.00"
2019-05-16,2019051601008776,CZBIL,8,41,10,234.00,"2,340.00"
2019-05-16,2019051601008775,CZBIL,8,52,60,234.00,"14,040.00"
2019-05-16,2019051601008774,CZBIL,8,33,746,234.00,"174,564.00"
2019-05-16,2019051601008769,CZBIL,28,39,100,233.00,"23,300.00"
2019-05-16,2019051601008875,DBBL,36,21,257,151.00,"38,807.00"
2019-05-16,2019051601008874,DBBL,36,58,243,151.00,"36,693.00"
2019-05-16,2019051601008868,DBBL,36,58,500,151.00,"75,500.00"
2019-05-16,2019051601008849,DBBL,36,58,"2,257",151.00,"340,807.00"
2019-05-16,2019051601008848,DBBL,36,48,343,150.00,"51,450.00"
2019-05-16,2019051601009110,DDBL,42,42,137,750.00,"102,750.00"
2019-05-16,2019051601009109,DDBL,42,32,110,749.00,"82,390.00"
2019-05-16,2019051601009108,DDBL,42,10,300,748.00,"224,400.00"
2019-05-16,2019051601009107,DDBL,42,17,20,746.00,"14,920.00"
2019-05-16,2019051601009102,DDBL,53,6,137,745.00,"102,065.00"
2019-05-16,2019051601008722,EBL,21,42,20,675.00,"13,500.00"
2019-05-16,2019051601008721,EBL,33,42,34,675.00,"22,950.00"
2019-05-16,2019051601008990,FMDBL,42,26,250,418.00,"104,500.00"
2019-05-16,2019051601008989,FMDBL,42,26,500,417.00,"208,500.00"
2019-05-16,2019051601008922,FMDBL,41,38,34,413.00,"14,042.00"
2019-05-16,2019051601008921,FMDBL,11,38,200,413.00,"82,600.00"
2019-05-16,2019051601008920,FMDBL,6,38,100,414.00,"41,400.00"
2019-05-16,2019051601008919,FMDBL,6,38,11,414.00,"4,554.00"
2019-05-16,2019051601008882,FMDBL,6,16,74,414.00,"30,636.00"
2019-05-16,2019051601008719,FMDBL,6,26,185,414.00,"76,590.00"
2019-05-16,2019051601008718,FMDBL,48,26,250,414.00,"103,500.00"
2019-05-16,2019051601008717,FMDBL,47,26,65,415.00,"26,975.00"
2019-05-16,2019051601008965,GBBL,37,17,39,235.00,"9,165.00"
2019-05-16,2019051601008964,GBBL,16,17,24,235.00,"5,640.00"
2019-05-16,2019051601008925,GBBL,16,17,63,235.00,"14,805.00"
2019-05-16,2019051601008647,GBBL,16,10,913,235.00,"214,555.00"
2019-05-16,2019051601009033,GBIME,55,38,290,310.00,"89,900.00"
2019-05-16,2019051601009032,GBIME,38,38,130,311.00,"40,430.00"
2019-05-16,2019051601009031,GBIME,50,38,200,311.00,"62,200.00"
2019-05-16,2019051601008837,GBIME,28,49,"1,000",311.00,"311,000.00"
2019-05-16,2019051601009025,GBLBS,29,4,"1,000",364.00,"364,000.00"
2019-05-16,2019051601009024,GBLBS,29,25,300,364.00,"109,200.00"
2019-05-16,2019051601009023,GBLBS,29,55,130,363.00,"47,190.00"
2019-05-16,2019051601008885,GBLBS,26,55,40,363.00,"14,520.00"
2019-05-16,2019051601008884,GBLBS,52,55,30,363.00,"10,890.00"
2019-05-16,2019051601008963,GDBL,58,32,59,219.00,"12,921.00"
2019-05-16,2019051601008823,GILB,39,26,20,"1,298.00","25,960.00"
2019-05-16,2019051601008808,GRDBL,59,19,500,113.00,"56,500.00"
2019-05-16,2019051601009091,HBL,11,44,932,613.00,"571,316.00"
2019-05-16,2019051601009090,HBL,50,44,200,613.00,"122,600.00"
