Date,Transact. No.,Symbol,Buyer,Seller,Quantity,Rate,Amount
2019-01-10,2019011001003823,ADBL,46,57,500,350.00,"175,000.00"
2019-01-10,2019011001003772,ADBL,59,52,100,349.00,"34,900.00"
2019-01-10,2019011001003771,ADBL,6,52,40,349.00,"13,960.00"
2019-01-10,2019011001003770,ADBL,35,52,30,349.00,"10,470.00"
2019-01-10,2019011001003769,ADBL,26,52,405,349.00,"141,345.00"
2019-01-10,2019011001003768,ADBL,22,52,319,350.00,"111,650.00"
2019-01-10,2019011001003504,AHPC,44,39,500,105.00,"52,500.00"
2019-01-10,2019011001003459,AHPC,44,28,312,105.00,"32,760.00"
2019-01-10,2019011001003458,AHPC,52,28,500,105.00,"52,500.00"
2019-01-10,2019011001003784,ALICL,49,35,36,620.00,"22,320.00"
2019-01-10,2019011001003746,ALICL,49,34,60,620.00,"37,200.00"
2019-01-10,2019011001003745,ALICL,49,34,272,620.00,"168,640.00"
2019-01-10,2019011001003744,ALICL,49,16,11,619.00,"6,809.00"
2019-01-10,2019011001003743,ALICL,49,26,135,619.00,"83,565.00"
2019-01-10,2019011001003742,ALICL,49,33,62,619.00,"38,378.00"
2019-01-10,2019011001003482,ALICL,34,26,60,616.00,"36,960.00"
2019-01-10,2019011001003420,ALICL,34,25,26,616.00,"16,016.00"
2019-01-10,2019011001003664,API,58,50,"1,000",153.00,"153,000.00"
2019-01-10,2019011001003426,API,28,45,300,154.00,"46,200.00"
2019-01-10,2019011001003833,BOKL,46,26,350,332.00,"116,200.00"
2019-01-10,2019011001003831,BOKL,46,13,600,331.00,"198,600.00"
2019-01-10,2019011001003738,BOKL,1,38,40,333.00,"13,320.00"
2019-01-10,2019011001003718,BOKL,46,38,266,331.00,"88,046.00"
2019-01-10,2019011001003717,BOKL,48,38,500,331.00,"165,500.00"
2019-01-10,2019011001003716,BOKL,22,38,234,331.00,"77,454.00"
2019-01-10,2019011001003465,BOKL,22,51,133,332.00,"44,156.00"
2019-01-10,2019011001003464,BOKL,22,51,322,332.00,"106,904.00"
2019-01-10,2019011001003463,BOKL,22,17,45,332.00,"14,940.00"
2019-01-10,2019011001003435,BOKL,56,42,10,331.00,"3,310.00"
2019-01-10,2019011001003575,BOKL,54,49,201,332.00,"66,732.00"
2019-01-10,2019011001003574,BOKL,54,26,100,332.00,"33,200.00"
2019-01-10,2019011001003569,BOKL,43,26,200,332.00,"66,400.00"
2019-01-10,2019011001003531,BOKL,22,26,266,332.00,"88,312.00"
2019-01-10,2019011001003530,BOKL,22,51,34,332.00,"11,288.00"
2019-01-10,2019011001003507,BOKL,43,51,71,332.00,"23,572.00"
2019-01-10,2019011001003661,BOKL,22,54,66,331.00,"21,846.00"
2019-01-10,2019011001003660,BOKL,47,54,100,331.00,"33,100.00"
2019-01-10,2019011001003659,BOKL,56,54,49,331.00,"16,219.00"
2019-01-10,2019011001003658,BOKL,54,54,360,332.00,"119,520.00"
2019-01-10,2019011001003626,BOKL,54,32,200,332.00,"66,400.00"
2019-01-10,2019011001003580,BOKL,54,21,139,332.00,"46,148.00"
2019-01-10,2019011001003599,BPCL,43,17,150,369.00,"55,350.00"
2019-01-10,2019011001003441,BPCL,38,37,500,370.00,"185,000.00"
2019-01-10,2019011001003861,CBBL,34,48,100,846.00,"84,600.00"
2019-01-10,2019011001003845,CBBL,4,49,41,851.00,"34,891.00"
2019-01-10,2019011001003844,CBBL,4,38,50,851.00,"42,550.00"
2019-01-10,2019011001003843,CBBL,4,38,30,851.00,"25,530.00"
2019-01-10,2019011001003842,CBBL,4,57,100,850.00,"85,000.00"
2019-01-10,2019011001003549,CBBL,1,4,40,845.00,"33,800.00"
2019-01-10,2019011001003529,CBBL,48,32,10,850.00,"8,500.00"
2019-01-10,2019011001003528,CBBL,48,17,10,850.00,"8,500.00"
2019-01-10,2019011001003841,CBBL,4,49,50,850.00,"42,500.00"
2019-01-10,2019011001003840,CBBL,4,32,229,850.00,"194,650.00"
2019-01-10,2019011001003857,CBL,52,57,20,163.00,"3,260.00"
2019-01-10,2019011001003790,CBL,43,57,10,163.00,"1,630.00"
2019-01-10,2019011001003776,CBL,25,17,500,162.00,"81,000.00"
2019-01-10,2019011001003454,CCBL,34,21,300,172.00,"51,600.00"
2019-01-10,2019011001003430,CEFL,45,7,50,109.00,"5,450.00"
2019-01-10,2019011001003712,CHCL,56,3,100,545.00,"54,500.00"
2019-01-10,2019011001003471,CHCL,32,48,536,544.00,"291,584.00"
2019-01-10,2019011001003470,CHCL,10,48,64,544.00,"34,816.00"
2019-01-10,2019011001003670,CHL,13,8,141,101.00,"14,241.00"
2019-01-10,2019011001003788,CIT,57,4,215,"2,275.00","489,125.00"
2019-01-10,2019011001003787,CIT,57,6,85,"2,273.00","193,205.00"
2019-01-10,2019011001003739,CIT,10,43,50,"2,272.00","113,600.00"
2019-01-10,2019011001003643,CIT,41,6,100,"2,266.00","226,600.00"
2019-01-10,2019011001003642,CIT,34,6,10,"2,267.00","22,670.00"
2019-01-10,2019011001003501,CLBSL,11,28,20,657.00,"13,140.00"
2019-01-10,2019011001003500,CLBSL,34,28,100,657.00,"65,700.00"
2019-01-10,2019011001003499,CLBSL,45,28,50,659.00,"32,950.00"
2019-01-10,2019011001003498,CLBSL,45,28,40,659.00,"26,360.00"
2019-01-10,2019011001003497,CLBSL,11,28,50,660.00,"33,000.00"
2019-01-10,2019011001003675,CZBIL,28,40,751,214.00,"160,714.00"
2019-01-10,2019011001003674,CZBIL,49,40,20,214.00,"4,280.00"
2019-01-10,2019011001003673,CZBIL,55,40,20,214.00,"4,280.00"
2019-01-10,2019011001003672,CZBIL,57,40,209,214.00,"44,726.00"
2019-01-10,2019011001003623,CZBIL,57,40,"1,000",214.00,"214,000.00"
2019-01-10,2019011001003570,CZBIL,57,25,500,214.00,"107,000.00"
2019-01-10,2019011001003443,EBL,14,14,60,536.00,"32,160.00"
2019-01-10,2019011001003442,EBL,14,39,40,536.00,"21,440.00"
2019-01-10,2019011001003650,FOWAD,19,41,60,"1,481.00","88,860.00"
2019-01-10,2019011001003649,FOWAD,51,41,20,"1,485.00","29,700.00"
2019-01-10,2019011001003648,FOWAD,18,41,20,"1,486.00","29,720.00"
2019-01-10,2019011001003830,GBBL,34,37,100,188.00,"18,800.00"
2019-01-10,2019011001003456,GBBL,34,1,11,188.00,"2,068.00"
2019-01-10,2019011001003455,GBBL,56,1,190,188.00,"35,720.00"
2019-01-10,2019011001003862,GBIME,28,21,17,269.00,"4,573.00"
2019-01-10,2019011001003810,GBIME,28,35,183,269.00,"49,227.00"
2019-01-10,2019011001003809,GBIME,28,35,200,269.00,"53,800.00"
2019-01-10,2019011001003808,GBIME,47,35,20,269.00,"5,380.00"
2019-01-10,2019011001003807,GBIME,26,35,164,269.00,"44,116.00"
2019-01-10,2019011001003806,GBIME,26,35,120,269.00,"32,280.00"
2019-01-10,2019011001003514,GBIME,35,49,162,270.00,"43,740.00"
2019-01-10,2019011001003805,GBIME,16,35,13,269.00,"3,497.00"
2019-01-10,2019011001003711,GBIME,16,25,187,269.00,"50,303.00"
2019-01-10,2019011001003710,GBIME,29,25,62,269.00,"16,678.00"
2019-01-10,2019011001003654,GBIME,42,35,200,270.00,"54,000.00"
2019-01-10,2019011001003516,GBIME,29,49,238,269.00,"64,022.00"
2019-01-10,2019011001003515,GBIME,34,49,80,269.00,"21,520.00"
2019-01-10,2019011001003815,GBLBS,37,45,20,435.00,"8,700.00"
2019-01-10,2019011001003764,GBLBS,33,6,10,434.00,"4,340.00"
2019-01-10,2019011001003859,HBL,1,35,45,460.00,"20,700.00"
2019-01-10,2019011001003858,HBL,1,17,55,460.00,"25,300.00"
2019-01-10,2019011001003625,HBL,45,34,32,458.00,"14,656.00"
2019-01-10,2019011001003624,HBL,1,34,41,458.00,"18,778.00"
2019-01-10,2019011001003621,HBL,21,17,50,460.00,"23,000.00"
2019-01-10,2019011001003562,HBL,1,21,15,458.00,"6,870.00"
2019-01-10,2019011001003487,HBL,29,21,13,459.00,"5,967.00"
2019-01-10,2019011001003754,HGI,6,29,100,405.00,"40,500.00"
2019-01-10,2019011001003733,HIDCL,34,26,10,152.00,"1,520.00"
2019-01-10,2019011001003462,HIDCL,38,16,802,151.00,"121,102.00"
2019-01-10,2019011001003399,HIDCL,34,16,20,151.00,"3,020.00"
2019-01-10,2019011001003827,HPPL,42,39,10,187.00,"1,870.00"
2019-01-10,2019011001003860,ICFC,13,52,40,157.00,"6,280.00"
2019-01-10,2019011001003475,ICFC,34,58,100,158.00,"15,800.00"
2019-01-10,2019011001003403,ICFC,40,38,100,155.00,"15,500.00"
2019-01-10,2019011001003786,JBBL,59,46,287,138.00,"39,606.00"
2019-01-10,2019011001003724,JBBL,59,26,544,138.00,"75,072.00"
2019-01-10,2019011001003723,JBBL,45,26,"2,000",138.00,"276,000.00"
2019-01-10,2019011001003609,JBNL,41,17,72,168.00,"12,096.00"
2019-01-10,2019011001003608,JBNL,58,17,"1,500",168.00,"252,000.00"
2019-01-10,2019011001003607,JBNL,42,17,100,168.00,"16,800.00"
2019-01-10,2019011001003606,JBNL,54,17,"1,000",168.00,"168,000.00"
2019-01-10,2019011001003605,JBNL,52,17,200,168.00,"33,600.00"
2019-01-10,2019011001003604,JBNL,4,17,"1,000",168.00,"168,000.00"
2019-01-10,2019011001003603,JBNL,28,17,497,168.00,"83,496.00"
2019-01-10,2019011001003602,JBNL,34,17,128,169.00,"21,632.00"
2019-01-10,2019011001003505,JBNL,34,48,500,169.00,"84,500.00"
2019-01-10,2019011001003460,JBNL,34,33,794,169.00,"134,186.00"
2019-01-10,2019011001003445,JBNL,34,44,578,169.00,"97,682.00"
2019-01-10,2019011001003548,JEFL,39,16,10,126.00,"1,260.00"
2019-01-10,2019011001003715,KBBL,17,11,11,213.00,"2,343.00"
2019-01-10,2019011001003714,KBBL,54,11,46,214.00,"9,844.00"
2019-01-10,2019011001003440,KBBL,58,32,50,215.00,"10,750.00"
2019-01-10,2019011001003822,KBL,59,17,40,253.00,"10,120.00"
2019-01-10,2019011001003669,KBL,51,17,100,253.00,"25,300.00"
2019-01-10,2019011001003662,KBL,48,17,100,253.00,"25,300.00"
2019-01-10,2019011001003637,KBL,17,52,449,252.00,"113,148.00"
2019-01-10,2019011001003636,KBL,32,52,100,252.00,"25,200.00"
2019-01-10,2019011001003635,KBL,19,52,138,252.00,"34,776.00"
2019-01-10,2019011001003423,KBL,6,43,49,253.00,"12,397.00"
2019-01-10,2019011001003422,KBL,6,29,600,253.00,"151,800.00"
2019-01-10,2019011001003421,KBL,6,14,351,253.00,"88,803.00"
2019-01-10,2019011001003521,KBL,6,17,50,253.00,"12,650.00"
2019-01-10,2019011001003509,KBL,1,17,309,253.00,"78,177.00"
2019-01-10,2019011001003492,KBL,1,17,180,253.00,"45,540.00"
2019-01-10,2019011001003484,KBL,39,14,200,254.00,"50,800.00"
2019-01-10,2019011001003469,KBL,13,14,500,254.00,"127,000.00"
2019-01-10,2019011001003434,KBL,1,43,11,253.00,"2,783.00"
2019-01-10,2019011001003634,KBL,44,52,500,252.00,"126,000.00"
2019-01-10,2019011001003633,KBL,6,52,300,252.00,"75,600.00"
2019-01-10,2019011001003632,KBL,16,52,500,252.00,"126,000.00"
2019-01-10,2019011001003631,KBL,59,52,100,252.00,"25,200.00"
2019-01-10,2019011001003630,KBL,49,52,139,252.00,"35,028.00"
2019-01-10,2019011001003627,KBL,33,17,300,253.00,"75,900.00"
2019-01-10,2019011001003853,KMCDB,48,57,10,985.00,"9,850.00"
2019-01-10,2019011001003813,KMCDB,34,58,265,971.00,"257,315.00"
2019-01-10,2019011001003812,KMCDB,55,58,30,972.00,"29,160.00"
2019-01-10,2019011001003781,KMCDB,55,26,70,972.00,"68,040.00"
2019-01-10,2019011001003780,KMCDB,22,26,30,975.00,"29,250.00"
2019-01-10,2019011001003542,KMCDB,48,49,12,980.00,"11,760.00"
2019-01-10,2019011001003472,KMCDB,22,32,100,975.00,"97,500.00"
2019-01-10,2019011001003425,KMCDB,29,10,18,975.00,"17,550.00"
2019-01-10,2019011001003546,KMCDB,57,58,125,987.00,"123,375.00"
2019-01-10,2019011001003568,KPCL,1,7,10,100.00,"1,000.00"
2019-01-10,2019011001003535,KPCL,1,7,10,100.00,"1,000.00"
2019-01-10,2019011001003468,KPCL,1,7,10,100.00,"1,000.00"
2019-01-10,2019011001003444,KPCL,1,7,10,100.00,"1,000.00"
2019-01-10,2019011001003866,KSBBL,57,32,472,136.00,"64,192.00"
2019-01-10,2019011001003865,KSBBL,34,32,28,136.00,"3,808.00"
2019-01-10,2019011001003758,KSBBL,34,32,803,136.00,"109,208.00"
2019-01-10,2019011001003726,KSBBL,52,32,20,137.00,"2,740.00"
2019-01-10,2019011001003481,KSBBL,1,32,100,137.00,"13,700.00"
2019-01-10,2019011001003796,LBBL,33,58,"2,000",171.00,"342,000.00"
2019-01-10,2019011001003785,LBBL,33,58,94,171.00,"16,074.00"
2019-01-10,2019011001003709,LBL,32,10,341,225.00,"76,725.00"
2019-01-10,2019011001003708,LBL,1,10,200,225.00,"45,000.00"
2019-01-10,2019011001003707,LBL,35,10,18,225.00,"4,050.00"
2019-01-10,2019011001003706,LBL,50,10,238,225.00,"53,550.00"
2019-01-10,2019011001003679,LBL,5,26,15,226.00,"3,390.00"
2019-01-10,2019011001003678,LBL,5,5,985,226.00,"222,610.00"
2019-01-10,2019011001003596,LBL,45,29,20,225.00,"4,500.00"
2019-01-10,2019011001003595,LBL,43,29,186,225.00,"41,850.00"
2019-01-10,2019011001003511,LBL,43,47,14,225.00,"3,150.00"
2019-01-10,2019011001003510,LBL,11,47,87,225.00,"19,575.00"
2019-01-10,2019011001003646,LBL,50,10,30,225.00,"6,750.00"
2019-01-10,2019011001003645,LBL,54,10,170,225.00,"38,250.00"
2019-01-10,2019011001003619,LBL,51,5,100,226.00,"22,600.00"
2019-01-10,2019011001003598,LBL,54,29,230,225.00,"51,750.00"
2019-01-10,2019011001003597,LBL,39,29,64,225.00,"14,400.00"
2019-01-10,2019011001003750,LGIL,43,28,10,542.00,"5,420.00"
2019-01-10,2019011001003690,LICN,49,6,100,"1,695.00","169,500.00"
2019-01-10,2019011001003622,LICN,49,35,500,"1,695.00","847,500.00"
2019-01-10,2019011001003620,LICN,49,16,100,"1,695.00","169,500.00"
2019-01-10,2019011001003536,LICN,59,16,100,"1,690.00","169,000.00"
2019-01-10,2019011001003671,MBL,16,11,240,208.00,"49,920.00"
2019-01-10,2019011001003763,MDB,17,49,10,295.00,"2,950.00"
2019-01-10,2019011001003405,MDB,17,49,90,295.00,"26,550.00"
2019-01-10,2019011001003404,MDB,40,49,10,296.00,"2,960.00"
2019-01-10,2019011001003839,MEGA,22,37,100,171.00,"17,100.00"
2019-01-10,2019011001003816,MEGA,43,48,10,172.00,"1,720.00"
2019-01-10,2019011001003686,MEGA,17,17,100,171.00,"17,100.00"
2019-01-10,2019011001003685,MEGA,20,17,400,171.00,"68,400.00"
2019-01-10,2019011001003684,MEGA,17,17,"1,000",171.00,"171,000.00"
2019-01-10,2019011001003683,MEGA,36,17,99,171.00,"16,929.00"
2019-01-10,2019011001003451,MEGA,25,47,99,170.00,"16,830.00"
2019-01-10,2019011001003762,MERO,25,34,16,"1,071.00","17,136.00"
2019-01-10,2019011001003761,MERO,25,42,27,"1,060.00","28,620.00"
2019-01-10,2019011001003760,MERO,25,51,50,"1,052.00","52,600.00"
2019-01-10,2019011001003759,MERO,25,18,50,"1,051.00","52,550.00"
2019-01-10,2019011001003689,MERO,18,18,50,"1,051.00","52,550.00"
2019-01-10,2019011001003571,MLBBL,42,42,20,939.00,"18,780.00"
2019-01-10,2019011001003489,MLBBL,19,42,50,939.00,"46,950.00"
2019-01-10,2019011001003418,MLBBL,28,42,130,939.00,"122,070.00"
2019-01-10,2019011001003417,MLBBL,28,21,70,939.00,"65,730.00"
2019-01-10,2019011001003757,MLBL,59,55,62,168.00,"10,416.00"
2019-01-10,2019011001003756,MLBL,34,55,180,168.00,"30,240.00"
2019-01-10,2019011001003436,MLBL,26,6,55,169.00,"9,295.00"
2019-01-10,2019011001003825,MNBBL,56,58,115,345.00,"39,675.00"
2019-01-10,2019011001003824,MNBBL,17,58,100,346.00,"34,600.00"
2019-01-10,2019011001003765,MNBBL,17,50,100,346.00,"34,600.00"
2019-01-10,2019011001003869,NABIL,7,29,55,835.00,"45,925.00"
2019-01-10,2019011001003864,NABIL,25,17,10,834.00,"8,340.00"
2019-01-10,2019011001003835,NABIL,25,17,20,834.00,"16,680.00"
2019-01-10,2019011001003834,NABIL,22,17,20,834.00,"16,680.00"
2019-01-10,2019011001003729,NABIL,13,29,25,835.00,"20,875.00"
2019-01-10,2019011001003728,NABIL,56,29,100,835.00,"83,500.00"
2019-01-10,2019011001003727,NABIL,58,29,20,835.00,"16,700.00"
2019-01-10,2019011001003663,NABIL,4,14,200,836.00,"167,200.00"
2019-01-10,2019011001003644,NABIL,32,39,60,837.00,"50,220.00"
2019-01-10,2019011001003544,NABIL,34,39,10,837.00,"8,370.00"
2019-01-10,2019011001003428,NABIL,57,42,10,835.00,"8,350.00"
2019-01-10,2019011001003829,NABILP,35,6,300,718.00,"215,400.00"
2019-01-10,2019011001003594,NADEP,42,25,10,796.00,"7,960.00"
2019-01-10,2019011001003777,NBB,28,54,50,193.00,"9,650.00"
2019-01-10,2019011001003476,NBB,25,38,"1,033",192.00,"198,336.00"
2019-01-10,2019011001003586,NBB,37,54,10,193.00,"1,930.00"
2019-01-10,2019011001003508,NBB,25,19,200,191.00,"38,200.00"
2019-01-10,2019011001003480,NBB,25,45,"1,000",192.00,"192,000.00"
2019-01-10,2019011001003479,NBB,25,45,"1,000",192.00,"192,000.00"
2019-01-10,2019011001003478,NBB,25,45,"1,000",192.00,"192,000.00"
2019-01-10,2019011001003477,NBB,25,50,401,192.00,"76,992.00"
2019-01-10,2019011001003848,NBL,32,44,20,307.00,"6,140.00"
2019-01-10,2019011001003779,NBL,10,42,590,306.00,"180,540.00"
2019-01-10,2019011001003778,NBL,17,42,10,306.00,"3,060.00"
2019-01-10,2019011001003593,NBL,17,42,"1,990",306.00,"608,940.00"
2019-01-10,2019011001003592,NBL,49,42,"1,000",306.00,"306,000.00"
2019-01-10,2019011001003591,NBL,17,42,200,306.00,"61,200.00"
2019-01-10,2019011001003373,NBL,36,42,"1,500",306.00,"459,000.00"
2019-01-10,2019011001003379,NBL,16,42,"2,000",306.00,"612,000.00"
2019-01-10,2019011001003378,NBL,4,42,400,306.00,"122,400.00"
2019-01-10,2019011001003377,NBL,58,42,"5,000",306.00,"1,530,000.00"
2019-01-10,2019011001003376,NBL,38,42,"5,000",306.00,"1,530,000.00"
2019-01-10,2019011001003375,NBL,6,42,"10,000",306.00,"3,060,000.00"
2019-01-10,2019011001003374,NBL,34,42,200,306.00,"61,200.00"
2019-01-10,2019011001003385,NBL,33,42,"1,000",306.00,"306,000.00"
2019-01-10,2019011001003384,NBL,33,42,"2,000",306.00,"612,000.00"
2019-01-10,2019011001003383,NBL,56,42,"1,000",306.00,"306,000.00"
2019-01-10,2019011001003382,NBL,58,42,"1,000",306.00,"306,000.00"
2019-01-10,2019011001003381,NBL,25,42,500,306.00,"153,000.00"
2019-01-10,2019011001003380,NBL,16,42,600,306.00,"183,600.00"
2019-01-10,2019011001003411,NBL,14,28,100,306.00,"30,600.00"
2019-01-10,2019011001003394,NBL,36,44,"1,000",307.00,"307,000.00"
2019-01-10,2019011001003389,NBL,33,42,"3,000",306.00,"918,000.00"
2019-01-10,2019011001003388,NBL,41,42,100,306.00,"30,600.00"
2019-01-10,2019011001003387,NBL,33,42,"2,000",306.00,"612,000.00"
2019-01-10,2019011001003386,NBL,58,42,"2,000",306.00,"612,000.00"
2019-01-10,2019011001003582,NBL,21,42,300,306.00,"91,800.00"
2019-01-10,2019011001003581,NBL,35,42,60,306.00,"18,360.00"
2019-01-10,2019011001003541,NBL,35,39,40,306.00,"12,240.00"
2019-01-10,2019011001003537,NBL,25,44,"3,000",307.00,"921,000.00"
2019-01-10,2019011001003506,NBL,13,44,20,307.00,"6,140.00"
2019-01-10,2019011001003427,NBL,10,28,400,306.00,"122,400.00"
2019-01-10,2019011001003590,NBL,14,42,250,306.00,"76,500.00"
2019-01-10,2019011001003589,NBL,50,42,"2,000",306.00,"612,000.00"
2019-01-10,2019011001003588,NBL,49,42,360,306.00,"110,160.00"
2019-01-10,2019011001003585,NBL,49,42,"2,640",306.00,"807,840.00"
2019-01-10,2019011001003584,NBL,22,42,"2,000",306.00,"612,000.00"
2019-01-10,2019011001003583,NBL,58,42,"5,000",306.00,"1,530,000.00"
2019-01-10,2019011001003847,NCCB,21,54,"1,000",220.00,"220,000.00"
2019-01-10,2019011001003846,NCCB,21,44,500,220.00,"110,000.00"
2019-01-10,2019011001003818,NCCB,32,25,50,220.00,"11,000.00"
2019-01-10,2019011001003668,NCCB,37,54,516,219.00,"113,004.00"
2019-01-10,2019011001003667,NCCB,1,54,100,219.00,"21,900.00"
2019-01-10,2019011001003666,NCCB,42,54,"1,000",219.00,"219,000.00"
2019-01-10,2019011001003665,NCCB,14,54,182,219.00,"39,858.00"
2019-01-10,2019011001003402,NCCB,14,59,18,219.00,"3,942.00"
2019-01-10,2019011001003401,NCCB,47,59,82,219.00,"17,958.00"
2019-01-10,2019011001003854,NEF,8,10,100,8.50,850.00
2019-01-10,2019011001003682,NHPC,52,39,200,70.00,"14,000.00"
2019-01-10,2019011001003396,NHPC,55,58,"3,000",69.00,"207,000.00"
2019-01-10,2019011001003704,NIB,57,45,20,547.00,"10,940.00"
2019-01-10,2019011001003703,NIB,16,48,70,545.00,"38,150.00"
2019-01-10,2019011001003702,NIB,32,48,50,546.00,"27,300.00"
2019-01-10,2019011001003701,NIB,1,48,500,546.00,"273,000.00"
2019-01-10,2019011001003700,NIB,55,48,15,546.00,"8,190.00"
2019-01-10,2019011001003699,NIB,56,48,300,546.00,"163,800.00"
2019-01-10,2019011001003698,NIB,22,48,369,546.00,"201,474.00"
2019-01-10,2019011001003566,NIBPO,34,48,10,493.00,"4,930.00"
2019-01-10,2019011001003556,NIBPO,55,25,263,486.00,"127,818.00"
2019-01-10,2019011001003555,NIBPO,29,25,102,486.00,"49,572.00"
2019-01-10,2019011001003554,NIBPO,32,25,100,487.00,"48,700.00"
2019-01-10,2019011001003553,NIBPO,42,25,50,487.00,"24,350.00"
2019-01-10,2019011001003552,NIBPO,13,25,180,489.00,"88,020.00"
2019-01-10,2019011001003872,NICA,29,38,100,390.00,"39,000.00"
2019-01-10,2019011001003828,NICA,34,14,411,390.00,"160,290.00"
2019-01-10,2019011001003804,NICA,36,14,89,390.00,"34,710.00"
2019-01-10,2019011001003803,NICA,36,28,46,390.00,"17,940.00"
2019-01-10,2019011001003802,NICA,36,42,200,390.00,"78,000.00"
2019-01-10,2019011001003801,NICA,36,32,50,390.00,"19,500.00"
2019-01-10,2019011001003450,NICA,55,10,20,390.00,"7,800.00"
2019-01-10,2019011001003449,NICA,55,17,330,390.00,"128,700.00"
2019-01-10,2019011001003448,NICA,55,52,150,389.00,"58,350.00"
2019-01-10,2019011001003447,NICA,55,41,500,389.00,"194,500.00"
2019-01-10,2019011001003800,NICA,36,11,100,390.00,"39,000.00"
2019-01-10,2019011001003799,NICA,36,45,100,390.00,"39,000.00"
2019-01-10,2019011001003798,NICA,36,40,100,390.00,"39,000.00"
2019-01-10,2019011001003797,NICA,36,10,115,390.00,"44,850.00"
2019-01-10,2019011001003774,NICA,34,36,500,389.00,"194,500.00"
2019-01-10,2019011001003612,NICA,36,41,20,387.00,"7,740.00"
2019-01-10,2019011001003871,NICL,35,58,11,559.00,"6,149.00"
2019-01-10,2019011001003452,NICL,20,7,35,563.00,"19,705.00"
2019-01-10,2019011001003419,NICL,20,26,15,563.00,"8,445.00"
2019-01-10,2019011001003820,NICL,34,32,18,568.00,"10,224.00"
2019-01-10,2019011001003819,NICL,34,7,182,560.00,"101,920.00"
2019-01-10,2019011001003783,NICL,59,7,100,560.00,"56,000.00"
2019-01-10,2019011001003782,NICL,41,7,100,560.00,"56,000.00"
2019-01-10,2019011001003863,NIL,59,56,19,540.00,"10,260.00"
2019-01-10,2019011001003856,NIL,35,32,10,544.00,"5,440.00"
2019-01-10,2019011001003867,NLIC,57,42,144,"1,099.00","158,256.00"
2019-01-10,2019011001003517,NLIC,56,14,100,"1,102.00","110,200.00"
2019-01-10,2019011001003494,NLIC,35,42,25,"1,100.00","27,500.00"
2019-01-10,2019011001003493,NLIC,45,42,48,"1,100.00","52,800.00"
2019-01-10,2019011001003424,NLIC,45,39,35,"1,100.00","38,500.00"
2019-01-10,2019011001003395,NLIC,45,34,17,"1,100.00","18,700.00"
2019-01-10,2019011001003638,NLICL,32,29,20,714.00,"14,280.00"
2019-01-10,2019011001003540,NLICL,41,3,40,715.00,"28,600.00"
2019-01-10,2019011001003539,NLICL,41,41,160,715.00,"114,400.00"
2019-01-10,2019011001003538,NLICL,41,34,100,715.00,"71,500.00"
2019-01-10,2019011001003393,NLICL,33,39,380,714.00,"271,320.00"
2019-01-10,2019011001003392,NLICL,33,37,55,714.00,"39,270.00"
2019-01-10,2019011001003795,NMB,1,16,11,325.00,"3,575.00"
2019-01-10,2019011001003794,NMB,35,16,89,325.00,"28,925.00"
2019-01-10,2019011001003613,NMB,57,58,500,325.00,"162,500.00"
2019-01-10,2019011001003503,NMB,35,35,11,325.00,"3,575.00"
2019-01-10,2019011001003437,NMB,49,49,"1,000",325.00,"325,000.00"
2019-01-10,2019011001003681,NMFBS,33,55,10,"1,570.00","15,700.00"
2019-01-10,2019011001003641,NNLB,40,29,10,616.00,"6,160.00"
2019-01-10,2019011001003817,NSEWA,37,55,20,582.00,"11,640.00"
2019-01-10,2019011001003647,NSEWA,53,7,10,583.00,"5,830.00"
2019-01-10,2019011001003558,NSEWA,11,7,10,583.00,"5,830.00"
2019-01-10,2019011001003488,NSEWA,11,7,10,583.00,"5,830.00"
2019-01-10,2019011001003466,NSEWA,11,7,10,583.00,"5,830.00"
2019-01-10,2019011001003433,NSEWA,11,7,10,583.00,"5,830.00"
2019-01-10,2019011001003753,NTC,59,32,10,732.00,"7,320.00"
2019-01-10,2019011001003747,NTC,44,39,10,727.00,"7,270.00"
2019-01-10,2019011001003740,NTC,32,32,10,732.00,"7,320.00"
2019-01-10,2019011001003737,NTC,59,32,20,732.00,"14,640.00"
2019-01-10,2019011001003719,NTC,44,38,100,727.00,"72,700.00"
2019-01-10,2019011001003855,NUBL,53,45,200,770.00,"154,000.00"
2019-01-10,2019011001003601,NUBL,39,45,120,770.00,"92,400.00"
2019-01-10,2019011001003600,NUBL,39,7,60,769.00,"46,140.00"
2019-01-10,2019011001003573,NUBL,39,45,170,765.00,"130,050.00"
2019-01-10,2019011001003572,NUBL,39,57,100,764.00,"76,400.00"
2019-01-10,2019011001003751,OHL,55,18,100,442.00,"44,200.00"
2019-01-10,2019011001003416,OHL,33,16,15,441.00,"6,615.00"
2019-01-10,2019011001003415,OHL,55,16,88,443.00,"38,984.00"
2019-01-10,2019011001003398,OHL,55,16,12,443.00,"5,316.00"
2019-01-10,2019011001003752,PCBL,50,21,50,334.00,"16,700.00"
2019-01-10,2019011001003721,PCBL,50,21,30,334.00,"10,020.00"
2019-01-10,2019011001003705,PCBL,39,52,"5,000",335.00,"1,675,000.00"
2019-01-10,2019011001003640,PCBL,39,6,212,335.00,"71,020.00"
2019-01-10,2019011001003567,PCBL,50,17,100,334.00,"33,400.00"
2019-01-10,2019011001003557,PCBL,50,17,100,334.00,"33,400.00"
2019-01-10,2019011001003551,PCBL,50,17,100,334.00,"33,400.00"
2019-01-10,2019011001003527,PCBL,50,13,200,334.00,"66,800.00"
2019-01-10,2019011001003520,PCBL,50,17,"1,334",334.00,"445,556.00"
2019-01-10,2019011001003519,PCBL,39,17,200,334.00,"66,800.00"
2019-01-10,2019011001003518,PCBL,46,17,117,334.00,"39,078.00"
2019-01-10,2019011001003579,PIC,32,22,11,"1,030.00","11,330.00"
2019-01-10,2019011001003564,PIC,7,41,213,"1,025.00","218,325.00"
2019-01-10,2019011001003563,PIC,41,41,187,"1,026.00","191,862.00"
2019-01-10,2019011001003486,PIC,41,11,13,"1,026.00","13,338.00"
2019-01-10,2019011001003485,PIC,34,11,100,"1,026.00","102,600.00"
2019-01-10,2019011001003432,PIC,26,35,100,"1,028.00","102,800.00"
2019-01-10,2019011001003406,PIC,26,59,20,"1,027.00","20,540.00"
2019-01-10,2019011001003391,PIC,35,52,15,"1,027.00","15,405.00"
2019-01-10,2019011001003814,PICL,21,48,50,713.00,"35,650.00"
2019-01-10,2019011001003533,PICL,42,48,50,713.00,"35,650.00"
2019-01-10,2019011001003836,PLIC,35,14,50,503.00,"25,150.00"
2019-01-10,2019011001003713,PLIC,35,14,50,505.00,"25,250.00"
2019-01-10,2019011001003618,PLIC,35,48,300,503.00,"150,900.00"
2019-01-10,2019011001003617,PLIC,45,48,100,503.00,"50,300.00"
2019-01-10,2019011001003616,PLIC,29,48,"1,000",503.00,"503,000.00"
2019-01-10,2019011001003615,PLIC,52,48,100,503.00,"50,300.00"
2019-01-10,2019011001003614,PLIC,35,48,100,503.00,"50,300.00"
2019-01-10,2019011001003565,PLIC,19,38,50,506.00,"25,300.00"
2019-01-10,2019011001003534,PLIC,52,38,100,506.00,"50,600.00"
2019-01-10,2019011001003775,PMHPL,57,7,10,115.00,"1,150.00"
2019-01-10,2019011001003773,PMHPL,57,8,10,115.00,"1,150.00"
2019-01-10,2019011001003577,PMHPL,57,7,10,115.00,"1,150.00"
2019-01-10,2019011001003545,PMHPL,57,7,10,115.00,"1,150.00"
2019-01-10,2019011001003457,PMHPL,57,7,10,115.00,"1,150.00"
2019-01-10,2019011001003414,PMHPL,57,22,10,115.00,"1,150.00"
2019-01-10,2019011001003837,PRIN,28,33,12,460.00,"5,520.00"
2019-01-10,2019011001003767,PRIN,10,58,11,455.00,"5,005.00"
2019-01-10,2019011001003653,PRIN,28,33,21,460.00,"9,660.00"
2019-01-10,2019011001003652,PRIN,28,43,169,458.00,"77,402.00"
2019-01-10,2019011001003651,PRIN,28,22,50,458.00,"22,900.00"
2019-01-10,2019011001003523,PRIN,41,17,477,457.00,"217,989.00"
2019-01-10,2019011001003522,PRIN,41,33,19,457.00,"8,683.00"
2019-01-10,2019011001003639,PRVU,28,37,50,246.00,"12,300.00"
2019-01-10,2019011001003495,PRVU,28,19,100,246.00,"24,600.00"
2019-01-10,2019011001003474,PRVU,28,1,100,246.00,"24,600.00"
2019-01-10,2019011001003473,PRVU,28,42,322,246.00,"79,212.00"
2019-01-10,2019011001003461,PRVU,47,42,678,246.00,"166,788.00"
2019-01-10,2019011001003446,PRVU,47,42,122,246.00,"30,012.00"
2019-01-10,2019011001003412,PRVU,47,4,500,246.00,"123,000.00"
2019-01-10,2019011001003490,RHPC,49,54,10,101.00,"1,010.00"
2019-01-10,2019011001003431,RLFL,44,7,"1,000",117.00,"117,000.00"
2019-01-10,2019011001003725,RMDC,43,1,50,554.00,"27,700.00"
2019-01-10,2019011001003789,RRHP,22,7,10,103.00,"1,030.00"
2019-01-10,2019011001003587,RRHP,22,7,10,103.00,"1,030.00"
2019-01-10,2019011001003838,RSDC,53,35,20,393.00,"7,860.00"
2019-01-10,2019011001003680,RSDC,57,41,10,396.00,"3,960.00"
2019-01-10,2019011001003483,RSDC,53,19,50,393.00,"19,650.00"
2019-01-10,2019011001003410,RSDC,53,53,133,393.00,"52,269.00"
2019-01-10,2019011001003409,RSDC,40,53,82,394.00,"32,308.00"
2019-01-10,2019011001003408,RSDC,42,53,120,395.00,"47,400.00"
2019-01-10,2019011001003397,RSDC,42,52,40,395.00,"15,800.00"
2019-01-10,2019011001003390,RSDC,42,52,40,395.00,"15,800.00"
2019-01-10,2019011001003611,SANIMA,56,16,106,307.00,"32,542.00"
2019-01-10,2019011001003610,SANIMA,44,16,174,307.00,"53,418.00"
2019-01-10,2019011001003550,SANIMA,29,16,125,308.00,"38,500.00"
2019-01-10,2019011001003852,SBL,34,11,200,294.00,"58,800.00"
2019-01-10,2019011001003851,SBL,34,17,60,294.00,"17,640.00"
2019-01-10,2019011001003850,SBL,34,26,46,293.00,"13,478.00"
2019-01-10,2019011001003849,SBL,34,38,627,293.00,"183,711.00"
2019-01-10,2019011001003791,SBL,52,50,100,291.00,"29,100.00"
2019-01-10,2019011001003734,SBL,34,39,50,292.00,"14,600.00"
2019-01-10,2019011001003439,SBL,52,42,10,291.00,"2,910.00"
2019-01-10,2019011001003792,SCB,42,25,20,608.00,"12,160.00"
2019-01-10,2019011001003748,SCB,55,7,500,607.00,"303,500.00"
2019-01-10,2019011001003576,SCB,25,25,26,608.00,"15,808.00"
2019-01-10,2019011001003526,SCB,55,25,500,608.00,"304,000.00"
2019-01-10,2019011001003429,SCB,38,7,280,609.00,"170,520.00"
2019-01-10,2019011001003525,SCB,21,25,20,608.00,"12,160.00"
2019-01-10,2019011001003524,SCB,57,25,10,608.00,"6,080.00"
2019-01-10,2019011001003513,SCB,25,7,50,609.00,"30,450.00"
2019-01-10,2019011001003496,SCB,57,11,20,608.00,"12,160.00"
2019-01-10,2019011001003438,SEF,43,58,"1,000",9.32,"9,320.00"
2019-01-10,2019011001003755,SEOS,35,45,"5,000",10.10,"50,500.00"
2019-01-10,2019011001003629,SHINE,26,28,650,243.00,"157,950.00"
2019-01-10,2019011001003532,SHINE,14,33,15,242.00,"3,630.00"
2019-01-10,2019011001003512,SHINE,14,33,45,242.00,"10,890.00"
2019-01-10,2019011001003688,SHL,19,28,250,204.00,"51,000.00"
2019-01-10,2019011001003687,SHL,52,28,500,204.00,"102,000.00"
2019-01-10,2019011001003826,SHPC,28,41,25,232.00,"5,800.00"
2019-01-10,2019011001003749,SHPC,34,8,10,230.00,"2,300.00"
2019-01-10,2019011001003741,SHPC,47,50,36,230.00,"8,280.00"
2019-01-10,2019011001003732,SHPC,6,50,214,231.00,"49,434.00"
2019-01-10,2019011001003677,SHPC,6,37,500,231.00,"115,500.00"
2019-01-10,2019011001003676,SIC,33,5,50,"1,340.00","67,000.00"
2019-01-10,2019011001003731,SICL,21,25,320,935.00,"299,200.00"
2019-01-10,2019011001003730,SICL,21,16,200,933.00,"186,600.00"
2019-01-10,2019011001003656,SICL,21,16,300,933.00,"279,900.00"
2019-01-10,2019011001003655,SICL,21,29,20,930.00,"18,600.00"
2019-01-10,2019011001003453,SICL,36,11,45,921.00,"41,445.00"
2019-01-10,2019011001003766,SIL,37,44,193,655.00,"126,415.00"
2019-01-10,2019011001003561,SIL,37,35,307,653.00,"200,471.00"
2019-01-10,2019011001003560,SIL,22,35,173,653.00,"112,969.00"
2019-01-10,2019011001003559,SIL,45,35,20,655.00,"13,100.00"
2019-01-10,2019011001003832,SLICL,34,57,10,565.00,"5,650.00"
2019-01-10,2019011001003578,SMFDB,42,41,12,710.00,"8,520.00"
2019-01-10,2019011001003491,SMFDB,1,39,21,715.00,"15,015.00"
2019-01-10,2019011001003467,SMFDB,42,21,10,710.00,"7,100.00"
2019-01-10,2019011001003793,SRBL,28,32,10,216.00,"2,160.00"
2019-01-10,2019011001003543,SRBL,49,49,"10,211",213.00,"2,174,943.00"
2019-01-10,2019011001003413,SRBL,53,7,65,214.00,"13,910.00"
2019-01-10,2019011001003400,SRBL,34,7,18,215.00,"3,870.00"
2019-01-10,2019011001003870,UFL,39,44,50,170.00,"8,500.00"
2019-01-10,2019011001003868,UIC,16,1,10,789.00,"7,890.00"
2019-01-10,2019011001003547,UIC,29,38,150,774.00,"116,100.00"
2019-01-10,2019011001003811,VLBS,38,39,10,698.00,"6,980.00"
2019-01-10,2019011001003238,ADBL,22,37,131,350.00,"45,850.00"
2019-01-10,2019011001003237,ADBL,22,49,50,350.00,"17,500.00"
2019-01-10,2019011001003228,ALICL,34,17,35,616.00,"21,560.00"
2019-01-10,2019011001003218,ALICL,49,17,35,615.00,"21,525.00"
2019-01-10,2019011001003211,ALICL,34,37,162,618.00,"100,116.00"
2019-01-10,2019011001003205,ALICL,49,17,35,615.00,"21,525.00"
2019-01-10,2019011001003194,ALICL,49,17,35,615.00,"21,525.00"
2019-01-10,2019011001003189,ALICL,49,17,35,615.00,"21,525.00"
2019-01-10,2019011001003184,ALICL,49,17,35,615.00,"21,525.00"
2019-01-10,2019011001003181,ALICL,49,17,20,615.00,"12,300.00"
2019-01-10,2019011001003180,ALICL,45,17,15,616.00,"9,240.00"
2019-01-10,2019011001002935,AMFI,1,57,20,773.00,"15,460.00"
2019-01-10,2019011001002924,AMFI,1,34,10,765.00,"7,650.00"
2019-01-10,2019011001002923,AMFI,1,8,10,760.00,"7,600.00"
2019-01-10,2019011001002922,AMFI,1,8,10,760.00,"7,600.00"
2019-01-10,2019011001002921,AMFI,1,22,100,759.00,"75,900.00"
2019-01-10,2019011001002920,AMFI,1,48,10,759.00,"7,590.00"
2019-01-10,2019011001002919,AMFI,1,48,10,759.00,"7,590.00"
2019-01-10,2019011001003053,API,25,43,100,155.00,"15,500.00"
2019-01-10,2019011001003038,API,58,25,425,153.00,"65,025.00"
2019-01-10,2019011001003037,API,41,25,100,153.00,"15,300.00"
2019-01-10,2019011001003036,API,45,25,100,153.00,"15,300.00"
2019-01-10,2019011001003035,API,54,25,50,153.00,"7,650.00"
2019-01-10,2019011001003034,API,34,25,200,153.00,"30,600.00"
2019-01-10,2019011001003033,API,59,25,125,153.00,"19,125.00"
2019-01-10,2019011001002955,API,59,50,29,153.00,"4,437.00"
2019-01-10,2019011001002886,BBC,43,48,50,"1,730.00","86,500.00"
2019-01-10,2019011001003315,BOKL,47,17,85,332.00,"28,220.00"
2019-01-10,2019011001003314,BOKL,47,13,500,332.00,"166,000.00"
2019-01-10,2019011001003313,BOKL,47,22,415,332.00,"137,780.00"
2019-01-10,2019011001003279,BOKL,56,16,115,331.00,"38,065.00"
2019-01-10,2019011001003251,BOKL,37,22,100,332.00,"33,200.00"
2019-01-10,2019011001003249,BOKL,38,22,424,332.00,"140,768.00"
2019-01-10,2019011001002950,BOKL,6,40,51,332.00,"16,932.00"
2019-01-10,2019011001002942,BOKL,32,40,161,332.00,"53,452.00"
2019-01-10,2019011001002941,BOKL,32,26,45,332.00,"14,940.00"
2019-01-10,2019011001002940,BOKL,32,6,273,332.00,"90,636.00"
2019-01-10,2019011001002939,BOKL,32,21,500,332.00,"166,000.00"
2019-01-10,2019011001002938,BOKL,32,48,21,332.00,"6,972.00"
2019-01-10,2019011001003151,BOKL,55,32,226,331.00,"74,806.00"
2019-01-10,2019011001003133,BOKL,42,40,100,332.00,"33,200.00"
2019-01-10,2019011001003056,BOKL,48,40,11,332.00,"3,652.00"
2019-01-10,2019011001003009,BOKL,55,49,400,331.00,"132,400.00"
2019-01-10,2019011001002984,BOKL,28,40,51,332.00,"16,932.00"
2019-01-10,2019011001002969,BOKL,29,40,200,332.00,"66,400.00"
2019-01-10,2019011001003248,BOKL,38,40,576,332.00,"191,232.00"
2019-01-10,2019011001003231,BOKL,56,38,226,331.00,"74,806.00"
2019-01-10,2019011001003230,BOKL,55,38,96,331.00,"31,776.00"
2019-01-10,2019011001003179,BOKL,39,40,100,332.00,"33,200.00"
2019-01-10,2019011001003173,BOKL,45,40,50,332.00,"16,600.00"
2019-01-10,2019011001003158,BOKL,17,40,200,332.00,"66,400.00"
2019-01-10,2019011001003221,BPCL,34,37,200,370.00,"74,000.00"
2019-01-10,2019011001002998,BPCL,58,49,"1,000",370.00,"370,000.00"
2019-01-10,2019011001002884,BPCL,34,49,"1,000",370.00,"370,000.00"
2019-01-10,2019011001003347,CBBL,1,19,10,845.00,"8,450.00"
2019-01-10,2019011001002905,CBBL,4,38,20,851.00,"17,020.00"
2019-01-10,2019011001003278,CBL,58,58,830,162.00,"134,460.00"
2019-01-10,2019011001003123,CBL,58,51,500,162.00,"81,000.00"
2019-01-10,2019011001003075,CBL,58,37,500,162.00,"81,000.00"
2019-01-10,2019011001003163,CCBL,34,35,97,172.00,"16,684.00"
2019-01-10,2019011001003077,CCBL,34,25,15,172.00,"2,580.00"
2019-01-10,2019011001002908,CCBL,34,43,203,172.00,"34,916.00"
2019-01-10,2019011001003187,CHCL,10,42,14,544.00,"7,616.00"
2019-01-10,2019011001003327,CZBIL,57,40,291,214.00,"62,274.00"
2019-01-10,2019011001003326,CZBIL,57,40,84,214.00,"17,976.00"
2019-01-10,2019011001003234,CZBIL,57,29,137,214.00,"29,318.00"
2019-01-10,2019011001003105,CZBIL,57,37,100,214.00,"21,400.00"
2019-01-10,2019011001003027,CZBIL,57,50,78,214.00,"16,692.00"
2019-01-10,2019011001002963,CZBIL,50,40,250,215.00,"53,750.00"
2019-01-10,2019011001002911,CZBIL,57,35,50,214.00,"10,700.00"
2019-01-10,2019011001003244,EBL,33,39,30,536.00,"16,080.00"
2019-01-10,2019011001003115,EBL,33,14,170,536.00,"91,120.00"
2019-01-10,2019011001002927,EBL,58,1,50,536.00,"26,800.00"
2019-01-10,2019011001002917,EBL,32,8,20,535.00,"10,700.00"
2019-01-10,2019011001003013,EIC,16,51,40,855.00,"34,200.00"
2019-01-10,2019011001003012,EIC,16,35,50,850.00,"42,500.00"
2019-01-10,2019011001003011,EIC,16,5,100,850.00,"85,000.00"
2019-01-10,2019011001003010,EIC,16,35,12,850.00,"10,200.00"
2019-01-10,2019011001002960,EIC,19,35,50,850.00,"42,500.00"
2019-01-10,2019011001003094,FOWAD,21,39,15,"1,500.00","22,500.00"
2019-01-10,2019011001003093,FOWAD,21,39,15,"1,500.00","22,500.00"
2019-01-10,2019011001003092,FOWAD,21,8,50,"1,500.00","75,000.00"
2019-01-10,2019011001003091,FOWAD,21,14,45,"1,500.00","67,500.00"
2019-01-10,2019011001003090,FOWAD,21,32,200,"1,500.00","300,000.00"
2019-01-10,2019011001003089,FOWAD,21,43,50,"1,500.00","75,000.00"
2019-01-10,2019011001003032,FOWAD,48,56,40,"1,498.00","59,920.00"
2019-01-10,2019011001003142,GBBL,56,25,310,188.00,"58,280.00"
2019-01-10,2019011001003141,GBBL,48,25,100,188.00,"18,800.00"
2019-01-10,2019011001003140,GBBL,46,25,22,188.00,"4,136.00"
2019-01-10,2019011001003139,GBBL,17,25,200,189.00,"37,800.00"
2019-01-10,2019011001003118,GBBL,49,49,400,189.00,"75,600.00"
2019-01-10,2019011001002934,GBBL,46,35,100,188.00,"18,800.00"
2019-01-10,2019011001002901,GBBL,46,29,878,188.00,"165,064.00"
2019-01-10,2019011001002900,GBBL,1,29,285,188.00,"53,580.00"
2019-01-10,2019011001003325,GBIME,51,52,100,271.00,"27,100.00"
2019-01-10,2019011001003320,GBIME,35,46,188,270.00,"50,760.00"
2019-01-10,2019011001003319,GBIME,44,46,22,270.00,"5,940.00"
2019-01-10,2019011001003310,GBIME,43,52,25,271.00,"6,775.00"
2019-01-10,2019011001002947,GBIME,44,35,100,270.00,"27,000.00"
2019-01-10,2019011001003069,GBLBS,58,50,10,431.00,"4,310.00"
2019-01-10,2019011001003015,GBLBS,58,11,10,431.00,"4,310.00"
2019-01-10,2019011001003008,GBLBS,45,49,10,432.00,"4,320.00"
2019-01-10,2019011001003204,GMFIL,29,19,90,130.00,"11,700.00"
2019-01-10,2019011001003282,HDL,14,40,20,"1,389.00","27,780.00"
2019-01-10,2019011001003276,HDL,14,40,20,"1,389.00","27,780.00"
2019-01-10,2019011001003287,HGI,34,16,100,404.00,"40,400.00"
2019-01-10,2019011001003286,HGI,49,16,36,404.00,"14,544.00"
2019-01-10,2019011001003351,HIDCL,19,25,144,150.00,"21,600.00"
2019-01-10,2019011001003350,HIDCL,59,25,448,150.00,"67,200.00"
2019-01-10,2019011001003330,HIDCL,10,16,168,151.00,"25,368.00"
2019-01-10,2019011001003083,HIDCL,10,50,32,151.00,"4,832.00"
2019-01-10,2019011001003082,HIDCL,32,50,24,151.00,"3,624.00"
2019-01-10,2019011001003024,HIDCL,42,25,100,152.00,"15,200.00"
2019-01-10,2019011001002959,HIDCL,32,35,20,151.00,"3,020.00"
2019-01-10,2019011001003088,HPPL,53,50,20,185.00,"3,700.00"
2019-01-10,2019011001003354,JBBL,8,52,500,139.00,"69,500.00"
2019-01-10,2019011001003281,JBNL,34,44,"2,000",169.00,"338,000.00"
2019-01-10,2019011001003280,JBNL,34,44,"2,000",169.00,"338,000.00"
2019-01-10,2019011001003061,JBNL,16,48,25,170.00,"4,250.00"
2019-01-10,2019011001002873,JBNL,50,48,20,170.00,"3,400.00"
2019-01-10,2019011001003334,KBBL,39,11,30,216.00,"6,480.00"
2019-01-10,2019011001003333,KBL,35,14,300,253.00,"75,900.00"
2019-01-10,2019011001003288,KBL,49,26,260,252.00,"65,520.00"
2019-01-10,2019011001003203,KBL,49,42,101,252.00,"25,452.00"
2019-01-10,2019011001003202,KBL,16,42,50,252.00,"12,600.00"
2019-01-10,2019011001003201,KBL,42,42,83,252.00,"20,916.00"
2019-01-10,2019011001003191,KBL,41,14,19,253.00,"4,807.00"
2019-01-10,2019011001003017,KBL,34,35,174,252.00,"43,848.00"
2019-01-10,2019011001003016,KBL,52,35,350,253.00,"88,550.00"
2019-01-10,2019011001002946,KBL,19,34,224,253.00,"56,672.00"
2019-01-10,2019011001002945,KBL,19,33,76,253.00,"19,228.00"
2019-01-10,2019011001003023,KBL,42,35,217,252.00,"54,684.00"
2019-01-10,2019011001003022,KBL,48,35,50,252.00,"12,600.00"
2019-01-10,2019011001003021,KBL,29,35,"1,000",252.00,"252,000.00"
2019-01-10,2019011001003020,KBL,32,35,209,252.00,"52,668.00"
2019-01-10,2019011001003019,KBL,52,35,500,252.00,"126,000.00"
2019-01-10,2019011001003018,KBL,52,35,500,252.00,"126,000.00"
2019-01-10,2019011001003050,KBL,46,16,100,253.00,"25,300.00"
2019-01-10,2019011001003049,KBL,46,16,"1,000",253.00,"253,000.00"
2019-01-10,2019011001003048,KBL,46,13,700,253.00,"177,100.00"
2019-01-10,2019011001003047,KBL,46,50,300,253.00,"75,900.00"
2019-01-10,2019011001003046,KBL,46,36,"1,000",253.00,"253,000.00"
2019-01-10,2019011001003045,KBL,46,34,276,253.00,"69,828.00"
2019-01-10,2019011001003190,KBL,41,38,131,253.00,"33,143.00"
2019-01-10,2019011001003132,KBL,41,38,50,253.00,"12,650.00"
2019-01-10,2019011001003107,KBL,52,21,200,253.00,"50,600.00"
2019-01-10,2019011001003076,KBL,42,36,200,252.00,"50,400.00"
2019-01-10,2019011001003052,KBL,46,46,206,253.00,"52,118.00"
2019-01-10,2019011001003051,KBL,46,14,200,253.00,"50,600.00"
2019-01-10,2019011001003129,KKHC,50,14,304,95.00,"28,880.00"
2019-01-10,2019011001003265,KMCDB,57,17,10,970.00,"9,700.00"
2019-01-10,2019011001003214,KMCDB,57,22,24,970.00,"23,280.00"
2019-01-10,2019011001003213,KMCDB,57,58,111,970.00,"107,670.00"
2019-01-10,2019011001003164,KMCDB,42,58,20,970.00,"19,400.00"
2019-01-10,2019011001003152,KMCDB,14,58,19,970.00,"18,430.00"
2019-01-10,2019011001003145,KMCDB,25,6,50,967.00,"48,350.00"
2019-01-10,2019011001003116,KMCDB,25,57,50,967.00,"48,350.00"
2019-01-10,2019011001002999,KMCDB,19,58,100,970.00,"97,000.00"
2019-01-10,2019011001002928,KMCDB,25,18,10,967.00,"9,670.00"
2019-01-10,2019011001002916,KMCDB,13,18,50,970.00,"48,500.00"
2019-01-10,2019011001003192,KNBL,33,41,106,123.00,"13,038.00"
2019-01-10,2019011001003174,KNBL,33,32,120,122.00,"14,640.00"
2019-01-10,2019011001002974,KRBL,50,6,50,100.00,"5,000.00"
2019-01-10,2019011001003095,KSBBL,28,10,85,137.00,"11,645.00"
2019-01-10,2019011001002970,LBBL,8,58,75,172.00,"12,900.00"
2019-01-10,2019011001002944,LBBL,33,48,"1,000",171.00,"171,000.00"
2019-01-10,2019011001002881,LBBL,50,58,20,172.00,"3,440.00"
2019-01-10,2019011001003059,LBL,3,5,350,226.00,"79,100.00"
2019-01-10,2019011001003301,LGIL,28,38,20,539.00,"10,780.00"
2019-01-10,2019011001003300,LGIL,32,38,200,539.00,"107,800.00"
2019-01-10,2019011001003267,LGIL,34,16,500,540.00,"270,000.00"
2019-01-10,2019011001003266,LGIL,33,16,100,541.00,"54,100.00"
2019-01-10,2019011001003219,LICN,37,49,20,"1,695.00","33,900.00"
2019-01-10,2019011001003172,LICN,37,34,30,"1,695.00","50,850.00"
2019-01-10,2019011001003171,LICN,37,29,50,"1,694.00","84,700.00"
2019-01-10,2019011001003188,MBL,25,25,500,208.00,"104,000.00"
2019-01-10,2019011001003072,MBL,34,34,5,207.00,"1,035.00"
2019-01-10,2019011001002977,MBL,16,57,509,208.00,"105,872.00"
2019-01-10,2019011001003329,MEGA,26,47,60,171.00,"10,260.00"
2019-01-10,2019011001003226,MEGA,25,11,289,170.00,"49,130.00"
2019-01-10,2019011001003169,MEGA,14,47,21,171.00,"3,591.00"
2019-01-10,2019011001003168,MEGA,14,8,70,171.00,"11,970.00"
2019-01-10,2019011001003167,MEGA,14,43,65,171.00,"11,115.00"
2019-01-10,2019011001003166,MEGA,14,25,344,171.00,"58,824.00"
2019-01-10,2019011001003149,MEGA,45,25,100,171.00,"17,100.00"
2019-01-10,2019011001003096,MEGA,25,25,29,170.00,"4,930.00"
2019-01-10,2019011001003064,MEGA,32,25,100,171.00,"17,100.00"
2019-01-10,2019011001003182,MERO,18,56,12,"1,050.00","12,600.00"
2019-01-10,2019011001003283,MLBBL,42,28,17,930.00,"15,810.00"
2019-01-10,2019011001003178,MLBBL,48,29,10,927.00,"9,270.00"
2019-01-10,2019011001003177,MLBBL,49,29,25,928.00,"23,200.00"
2019-01-10,2019011001002937,MLBL,26,6,145,169.00,"24,505.00"
2019-01-10,2019011001003222,MNBBL,54,28,50,347.00,"17,350.00"
2019-01-10,2019011001003007,MNBBL,50,28,200,347.00,"69,400.00"
2019-01-10,2019011001003006,MNBBL,43,28,170,348.00,"59,160.00"
2019-01-10,2019011001003005,MNBBL,11,28,10,348.00,"3,480.00"
2019-01-10,2019011001003318,NABIL,1,3,100,838.00,"83,800.00"
2019-01-10,2019011001003317,NABIL,1,3,100,838.00,"83,800.00"
2019-01-10,2019011001003264,NABIL,32,36,10,837.00,"8,370.00"
2019-01-10,2019011001003259,NABIL,57,3,490,835.00,"409,150.00"
2019-01-10,2019011001003258,NABIL,28,3,35,835.00,"29,225.00"
2019-01-10,2019011001003257,NABIL,19,3,50,835.00,"41,750.00"
2019-01-10,2019011001003175,NABIL,55,36,20,837.00,"16,740.00"
2019-01-10,2019011001003256,NABIL,17,3,100,836.00,"83,600.00"
2019-01-10,2019011001003255,NABIL,13,3,100,836.00,"83,600.00"
2019-01-10,2019011001003254,NABIL,22,3,25,836.00,"20,900.00"
2019-01-10,2019011001003253,NABIL,13,3,200,836.00,"167,200.00"
2019-01-10,2019011001003195,NABIL,46,36,20,837.00,"16,740.00"
2019-01-10,2019011001003176,NABIL,46,36,30,837.00,"25,110.00"
2019-01-10,2019011001003274,NABILP,43,19,20,720.00,"14,400.00"
2019-01-10,2019011001003273,NABILP,59,19,40,720.00,"28,800.00"
2019-01-10,2019011001003247,NABILP,35,35,"1,269",718.00,"911,142.00"
2019-01-10,2019011001003246,NABILP,25,35,780,719.00,"560,820.00"
2019-01-10,2019011001003308,NADEP,42,26,30,796.00,"23,880.00"
2019-01-10,2019011001003307,NADEP,51,26,20,796.00,"15,920.00"
2019-01-10,2019011001003328,NBB,25,32,200,191.00,"38,200.00"
2019-01-10,2019011001002894,NBB,29,38,367,192.00,"70,464.00"
2019-01-10,2019011001002893,NBB,29,45,"1,000",192.00,"192,000.00"
2019-01-10,2019011001002892,NBB,29,13,133,192.00,"25,536.00"
2019-01-10,2019011001003372,NBL,29,42,500,306.00,"153,000.00"
2019-01-10,2019011001003371,NBL,40,42,200,306.00,"61,200.00"
2019-01-10,2019011001003370,NBL,35,42,"1,300",306.00,"397,800.00"
2019-01-10,2019011001003369,NBL,47,42,"2,000",306.00,"612,000.00"
2019-01-10,2019011001003368,NBL,47,42,500,306.00,"153,000.00"
2019-01-10,2019011001003367,NBL,25,42,"1,000",306.00,"306,000.00"
2019-01-10,2019011001002936,NBL,19,42,300,307.00,"92,100.00"
2019-01-10,2019011001002890,NBL,43,42,50,307.00,"15,350.00"
2019-01-10,2019011001002885,NBL,16,42,500,307.00,"153,500.00"
2019-01-10,2019011001003063,NBL,25,42,"1,000",307.00,"307,000.00"
2019-01-10,2019011001003062,NBL,38,42,200,307.00,"61,400.00"
2019-01-10,2019011001003055,NBL,59,42,500,307.00,"153,500.00"
2019-01-10,2019011001002987,NBL,52,42,"1,000",307.00,"307,000.00"
2019-01-10,2019011001002948,NBL,22,42,500,307.00,"153,500.00"
2019-01-10,2019011001002943,NBL,29,42,500,307.00,"153,500.00"
2019-01-10,2019011001003335,NBL,57,44,506,307.00,"155,342.00"
2019-01-10,2019011001003299,NBL,21,44,300,307.00,"92,100.00"
2019-01-10,2019011001003285,NBL,36,44,200,307.00,"61,400.00"
2019-01-10,2019011001003235,NBL,46,44,"1,000",307.00,"307,000.00"
2019-01-10,2019011001003131,NBL,50,44,792,307.00,"243,144.00"
2019-01-10,2019011001003130,NBL,50,42,708,307.00,"217,356.00"
2019-01-10,2019011001003360,NBL,49,42,500,306.00,"153,000.00"
2019-01-10,2019011001003359,NBL,55,42,500,306.00,"153,000.00"
2019-01-10,2019011001003358,NBL,28,42,"1,000",306.00,"306,000.00"
2019-01-10,2019011001003357,NBL,13,42,300,306.00,"91,800.00"
2019-01-10,2019011001003356,NBL,34,42,500,306.00,"153,000.00"
2019-01-10,2019011001003355,NBL,44,42,"1,153",306.00,"352,818.00"
2019-01-10,2019011001003366,NBL,25,42,500,306.00,"153,000.00"
2019-01-10,2019011001003365,NBL,11,42,"1,000",306.00,"306,000.00"
2019-01-10,2019011001003364,NBL,49,42,"5,000",306.00,"1,530,000.00"
2019-01-10,2019011001003363,NBL,45,42,500,306.00,"153,000.00"
2019-01-10,2019011001003362,NBL,49,42,"1,000",306.00,"306,000.00"
2019-01-10,2019011001003361,NBL,44,42,"10,000",306.00,"3,060,000.00"
2019-01-10,2019011001003306,NCCB,47,38,"1,918",219.00,"420,042.00"
2019-01-10,2019011001003272,NCCB,45,38,82,219.00,"17,958.00"
2019-01-10,2019011001003271,NCCB,45,45,"1,000",219.00,"219,000.00"
2019-01-10,2019011001003270,NCCB,45,1,"1,000",219.00,"219,000.00"
2019-01-10,2019011001003269,NCCB,45,21,"2,200",219.00,"481,800.00"
2019-01-10,2019011001003268,NCCB,45,38,718,219.00,"157,242.00"
2019-01-10,2019011001002877,NCCB,59,38,100,219.00,"21,900.00"
2019-01-10,2019011001003225,NCCB,34,38,50,219.00,"10,950.00"
2019-01-10,2019011001003124,NCCB,35,38,50,219.00,"10,950.00"
2019-01-10,2019011001003087,NCCB,39,36,200,218.00,"43,600.00"
2019-01-10,2019011001003079,NCCB,39,58,"1,299",218.00,"283,182.00"
2019-01-10,2019011001002958,NCCB,57,38,50,219.00,"10,950.00"
2019-01-10,2019011001002878,NCCB,56,38,20,219.00,"4,380.00"
2019-01-10,2019011001002914,NCDB,43,41,108,121.00,"13,068.00"
2019-01-10,2019011001003071,NGPL,1,19,10,133.00,"1,330.00"
2019-01-10,2019011001003070,NGPL,1,50,30,133.00,"3,990.00"
2019-01-10,2019011001003043,NGPL,5,50,272,133.00,"36,176.00"
2019-01-10,2019011001003042,NGPL,5,37,28,133.00,"3,724.00"
2019-01-10,2019011001003041,NGPL,5,34,100,133.00,"13,300.00"
2019-01-10,2019011001003030,NGPL,5,51,100,132.00,"13,200.00"
2019-01-10,2019011001003099,NHDL,48,50,10,124.00,"1,240.00"
2019-01-10,2019011001003073,NHDL,48,17,10,124.00,"1,240.00"
2019-01-10,2019011001003324,NIB,58,45,50,547.00,"27,350.00"
2019-01-10,2019011001003262,NIB,22,14,131,546.00,"71,526.00"
2019-01-10,2019011001003261,NIB,1,14,50,546.00,"27,300.00"
2019-01-10,2019011001003260,NIB,42,14,13,546.00,"7,098.00"
2019-01-10,2019011001003241,NIB,42,48,50,548.00,"27,400.00"
2019-01-10,2019011001003138,NIB,46,52,5,547.00,"2,735.00"
2019-01-10,2019011001002968,NIB,52,17,35,547.00,"19,145.00"
2019-01-10,2019011001002961,NIB,21,17,35,547.00,"19,145.00"
2019-01-10,2019011001002951,NIB,21,17,35,547.00,"19,145.00"
2019-01-10,2019011001002903,NIB,22,48,500,548.00,"274,000.00"
2019-01-10,2019011001002891,NIB,21,45,30,547.00,"16,410.00"
2019-01-10,2019011001003058,NIB,22,17,35,547.00,"19,145.00"
2019-01-10,2019011001003044,NIB,22,17,35,547.00,"19,145.00"
2019-01-10,2019011001003031,NIB,22,17,35,547.00,"19,145.00"
2019-01-10,2019011001002988,NIB,22,17,35,547.00,"19,145.00"
2019-01-10,2019011001002978,NIB,52,17,30,547.00,"16,410.00"
2019-01-10,2019011001002973,NIB,52,17,35,547.00,"19,145.00"
2019-01-10,2019011001003137,NIB,46,36,45,547.00,"24,615.00"
2019-01-10,2019011001003125,NIB,42,36,37,546.00,"20,202.00"
2019-01-10,2019011001003117,NIB,22,36,55,547.00,"30,085.00"
2019-01-10,2019011001003108,NIB,22,17,35,547.00,"19,145.00"
2019-01-10,2019011001003100,NIB,22,17,35,547.00,"19,145.00"
2019-01-10,2019011001003060,NIB,22,17,35,547.00,"19,145.00"
2019-01-10,2019011001003243,NICA,36,11,150,387.00,"58,050.00"
2019-01-10,2019011001003242,NICA,26,11,50,387.00,"19,350.00"
2019-01-10,2019011001003106,NICA,26,50,50,387.00,"19,350.00"
2019-01-10,2019011001003000,NICA,26,35,50,387.00,"19,350.00"
2019-01-10,2019011001002932,NICA,38,41,100,389.00,"38,900.00"
2019-01-10,2019011001002931,NICA,38,25,10,388.00,"3,880.00"
2019-01-10,2019011001002906,NICA,6,25,90,388.00,"34,920.00"
2019-01-10,2019011001002895,NICA,26,48,137,387.00,"53,019.00"
2019-01-10,2019011001003154,NICGF,34,38,"20,000",9.01,"180,200.00"
2019-01-10,2019011001003153,NICGF,21,38,"5,000",9.05,"45,250.00"
2019-01-10,2019011001003148,NICL,35,26,100,563.00,"56,300.00"
2019-01-10,2019011001003232,NIL,34,33,862,540.00,"465,480.00"
2019-01-10,2019011001003109,NIL,34,33,200,540.00,"108,000.00"
2019-01-10,2019011001003104,NIL,51,33,100,540.00,"54,000.00"
2019-01-10,2019011001003103,NIL,57,33,90,540.00,"48,600.00"
2019-01-10,2019011001003102,NIL,58,33,100,540.00,"54,000.00"
2019-01-10,2019011001003101,NIL,50,33,100,540.00,"54,000.00"
2019-01-10,2019011001002879,NIL,34,41,211,543.00,"114,573.00"
2019-01-10,2019011001003039,NIL,51,56,481,542.00,"260,702.00"
2019-01-10,2019011001003026,NIL,51,35,19,542.00,"10,298.00"
2019-01-10,2019011001003025,NIL,57,35,11,543.00,"5,973.00"
2019-01-10,2019011001002952,NIL,57,7,100,543.00,"54,300.00"
2019-01-10,2019011001002880,NIL,57,41,289,543.00,"156,927.00"
2019-01-10,2019011001003346,NLBBL,22,16,219,466.00,"102,054.00"
2019-01-10,2019011001003332,NLBBL,22,45,81,466.00,"37,746.00"
2019-01-10,2019011001003344,NLIC,57,58,184,"1,100.00","202,400.00"
2019-01-10,2019011001003343,NLIC,45,58,100,"1,100.00","110,000.00"
2019-01-10,2019011001003342,NLIC,6,58,50,"1,100.00","55,000.00"
2019-01-10,2019011001003341,NLIC,49,58,200,"1,100.00","220,000.00"
2019-01-10,2019011001003340,NLIC,8,58,166,"1,100.00","182,600.00"
2019-01-10,2019011001003339,NLIC,35,58,100,"1,101.00","110,100.00"
2019-01-10,2019011001002875,NLIC,29,17,83,"1,103.00","91,549.00"
2019-01-10,2019011001003054,NLIC,35,35,100,"1,101.00","110,100.00"
2019-01-10,2019011001003040,NLIC,35,17,205,"1,101.00","225,705.00"
2019-01-10,2019011001003001,NLIC,8,10,17,"1,100.00","18,700.00"
2019-01-10,2019011001002990,NLIC,55,17,300,"1,101.00","330,300.00"
2019-01-10,2019011001002902,NLIC,5,46,10,"1,101.00","11,010.00"
2019-01-10,2019011001002876,NLIC,33,58,100,"1,102.00","110,200.00"
2019-01-10,2019011001003322,NLIC,35,19,50,"1,101.00","55,050.00"
2019-01-10,2019011001003277,NLIC,29,29,1,"1,082.00","1,082.00"
2019-01-10,2019011001003196,NLIC,35,18,20,"1,101.00","22,020.00"
2019-01-10,2019011001003170,NLIC,35,41,100,"1,101.00","110,100.00"
2019-01-10,2019011001003146,NLIC,35,35,17,"1,101.00","18,717.00"
2019-01-10,2019011001003127,NLIC,28,58,100,"1,102.00","110,200.00"
2019-01-10,2019011001003263,NLICL,42,37,50,714.00,"35,700.00"
2019-01-10,2019011001003239,NLICL,48,37,75,714.00,"53,550.00"
2019-01-10,2019011001003233,NLICL,48,1,25,714.00,"17,850.00"
2019-01-10,2019011001002918,NLICL,34,3,100,714.00,"71,400.00"
2019-01-10,2019011001002910,NLICL,34,58,147,713.00,"104,811.00"
2019-01-10,2019011001002909,NLICL,28,58,133,713.00,"94,829.00"
2019-01-10,2019011001002904,NLICL,28,58,100,713.00,"71,300.00"
2019-01-10,2019011001003316,NMB,10,58,914,325.00,"297,050.00"
2019-01-10,2019011001003289,NMB,45,58,236,325.00,"76,700.00"
2019-01-10,2019011001003275,NMB,10,58,236,325.00,"76,700.00"
2019-01-10,2019011001003157,NMB,1,58,150,325.00,"48,750.00"
2019-01-10,2019011001003156,NMB,1,58,200,325.00,"65,000.00"
2019-01-10,2019011001003155,NMB,16,58,161,325.00,"52,325.00"
2019-01-10,2019011001003147,NMB,16,58,172,325.00,"55,900.00"
2019-01-10,2019011001003066,NMB,16,48,667,325.00,"216,775.00"
2019-01-10,2019011001003065,NMB,46,48,333,325.00,"108,225.00"
2019-01-10,2019011001003337,NTC,34,32,20,732.00,"14,640.00"
2019-01-10,2019011001003321,NTC,44,42,15,727.00,"10,905.00"
2019-01-10,2019011001002929,NTC,53,59,200,730.00,"146,000.00"
2019-01-10,2019011001003284,PCBL,46,29,656,334.00,"219,104.00"
2019-01-10,2019011001003212,PCBL,46,50,131,334.00,"43,754.00"
2019-01-10,2019011001003162,PCBL,52,6,38,335.00,"12,730.00"
2019-01-10,2019011001003161,PCBL,52,14,62,335.00,"20,770.00"
2019-01-10,2019011001003160,PCBL,52,22,"4,500",335.00,"1,507,500.00"
2019-01-10,2019011001003159,PCBL,52,38,400,335.00,"134,000.00"
2019-01-10,2019011001003122,PCBL,46,41,96,334.00,"32,064.00"
2019-01-10,2019011001003121,PCBL,45,41,200,334.00,"66,800.00"
2019-01-10,2019011001003120,PCBL,57,41,204,334.00,"68,136.00"
2019-01-10,2019011001002882,PCBL,57,48,148,334.00,"49,432.00"
2019-01-10,2019011001003002,PFL,32,38,309,135.00,"41,715.00"
2019-01-10,2019011001002976,PFL,34,6,132,135.00,"17,820.00"
2019-01-10,2019011001002953,PFL,26,6,68,135.00,"9,180.00"
2019-01-10,2019011001003004,PIC,35,41,23,"1,027.00","23,621.00"
2019-01-10,2019011001003003,PIC,35,45,12,"1,027.00","12,324.00"
2019-01-10,2019011001002991,PIC,34,44,300,"1,026.00","307,800.00"
2019-01-10,2019011001002989,PIC,41,44,100,"1,026.00","102,600.00"
2019-01-10,2019011001002975,PIC,41,44,100,"1,026.00","102,600.00"
2019-01-10,2019011001003304,PLIC,26,16,100,504.00,"50,400.00"
2019-01-10,2019011001003303,PLIC,35,16,100,504.00,"50,400.00"
2019-01-10,2019011001003302,PLIC,32,16,15,505.00,"7,575.00"
2019-01-10,2019011001003229,PLIC,32,14,100,505.00,"50,500.00"
2019-01-10,2019011001003086,PLIC,32,58,85,505.00,"42,925.00"
2019-01-10,2019011001003348,PMHPL,57,34,10,115.00,"1,150.00"
2019-01-10,2019011001003298,PRVU,47,25,700,246.00,"172,200.00"
2019-01-10,2019011001003210,PRVU,43,49,15,245.00,"3,675.00"
2019-01-10,2019011001003209,PRVU,43,49,200,245.00,"49,000.00"
2019-01-10,2019011001003208,PRVU,43,49,100,245.00,"24,500.00"
2019-01-10,2019011001003207,PRVU,43,49,100,245.00,"24,500.00"
2019-01-10,2019011001003206,PRVU,43,49,85,245.00,"20,825.00"
2019-01-10,2019011001002995,PRVU,57,42,500,246.00,"123,000.00"
2019-01-10,2019011001002994,PRVU,57,43,110,246.00,"27,060.00"
2019-01-10,2019011001002993,PRVU,57,22,56,246.00,"13,776.00"
2019-01-10,2019011001002889,PRVU,43,48,15,245.00,"3,675.00"
2019-01-10,2019011001002888,PRVU,43,48,50,245.00,"12,250.00"
2019-01-10,2019011001002887,PRVU,45,48,133,245.00,"32,585.00"
2019-01-10,2019011001003136,PRVU,43,36,115,245.00,"28,175.00"
2019-01-10,2019011001003135,PRVU,43,36,50,245.00,"12,250.00"
2019-01-10,2019011001003134,PRVU,43,36,35,245.00,"8,575.00"
2019-01-10,2019011001003126,PRVU,33,1,200,246.00,"49,200.00"
2019-01-10,2019011001002997,PRVU,57,29,200,246.00,"49,200.00"
2019-01-10,2019011001002996,PRVU,57,50,481,246.00,"118,326.00"
2019-01-10,2019011001003084,RBCL,19,33,10,"9,495.00","94,950.00"
2019-01-10,2019011001002883,RBCLPO,59,8,50,"8,700.00","435,000.00"
2019-01-10,2019011001002972,RHPC,52,54,100,100.00,"10,000.00"
2019-01-10,2019011001002971,RHPC,59,54,170,100.00,"17,000.00"
2019-01-10,2019011001003331,RSDC,40,19,18,394.00,"7,092.00"
2019-01-10,2019011001003227,SADBL,59,6,800,138.00,"110,400.00"
2019-01-10,2019011001003186,SANIMA,45,16,50,308.00,"15,400.00"
2019-01-10,2019011001003128,SANIMA,44,14,300,307.00,"92,100.00"
2019-01-10,2019011001003098,SANIMA,44,41,41,307.00,"12,587.00"
2019-01-10,2019011001003097,SANIMA,34,41,39,307.00,"11,973.00"
2019-01-10,2019011001003057,SANIMA,49,16,19,308.00,"5,852.00"
2019-01-10,2019011001002915,SANIMA,19,16,53,308.00,"16,324.00"
2019-01-10,2019011001002899,SANIMA,34,8,11,307.00,"3,377.00"
2019-01-10,2019011001002898,SANIMA,50,8,29,307.00,"8,903.00"
2019-01-10,2019011001003297,SBI,6,46,500,387.00,"193,500.00"
2019-01-10,2019011001003296,SBI,45,46,15,387.00,"5,805.00"
2019-01-10,2019011001003295,SBI,6,46,"1,069",388.00,"414,772.00"
2019-01-10,2019011001003294,SBI,29,46,50,390.00,"19,500.00"
2019-01-10,2019011001003293,SBI,49,46,350,390.00,"136,500.00"
2019-01-10,2019011001002897,SBI,49,16,100,390.00,"39,000.00"
2019-01-10,2019011001002896,SBI,49,34,50,390.00,"19,500.00"
2019-01-10,2019011001003323,SBL,52,36,72,291.00,"20,952.00"
2019-01-10,2019011001003183,SBL,45,38,50,293.00,"14,650.00"
2019-01-10,2019011001003028,SBL,34,17,74,292.00,"21,608.00"
2019-01-10,2019011001002962,SBL,38,38,74,293.00,"21,682.00"
2019-01-10,2019011001002949,SBL,38,38,94,293.00,"27,542.00"
2019-01-10,2019011001002933,SBL,49,43,200,292.00,"58,400.00"
2019-01-10,2019011001003349,SCB,57,43,20,608.00,"12,160.00"
2019-01-10,2019011001003345,SCB,42,7,100,609.00,"60,900.00"
2019-01-10,2019011001003338,SCB,21,7,20,609.00,"12,180.00"
2019-01-10,2019011001003068,SCB,25,41,10,608.00,"6,080.00"
2019-01-10,2019011001003067,SCB,21,41,20,608.00,"12,160.00"
2019-01-10,2019011001002992,SCB,21,11,20,608.00,"12,160.00"
2019-01-10,2019011001002954,SCB,50,45,22,608.00,"13,376.00"
2019-01-10,2019011001003113,SCB,21,38,20,607.00,"12,140.00"
2019-01-10,2019011001003112,SCB,32,38,50,607.00,"30,350.00"
2019-01-10,2019011001003111,SCB,21,38,20,608.00,"12,160.00"
2019-01-10,2019011001003110,SCB,25,38,190,608.00,"115,520.00"
2019-01-10,2019011001003081,SCB,42,38,10,609.00,"6,090.00"
2019-01-10,2019011001003080,SCB,42,38,20,609.00,"12,180.00"
2019-01-10,2019011001003305,SCB,35,7,500,609.00,"304,500.00"
2019-01-10,2019011001003250,SCB,42,7,50,609.00,"30,450.00"
2019-01-10,2019011001003185,SCB,14,16,200,609.00,"121,800.00"
2019-01-10,2019011001003150,SCB,21,3,20,610.00,"12,200.00"
2019-01-10,2019011001003119,SCB,21,38,10,609.00,"6,090.00"
2019-01-10,2019011001003114,SCB,38,38,220,607.00,"133,540.00"
2019-01-10,2019011001003217,SHPC,6,58,286,231.00,"66,066.00"
2019-01-10,2019011001003216,SHPC,1,58,100,231.00,"23,100.00"
2019-01-10,2019011001003215,SHPC,11,58,14,231.00,"3,234.00"
2019-01-10,2019011001003200,SHPC,21,41,450,232.00,"104,400.00"
2019-01-10,2019011001003085,SHPC,11,25,36,231.00,"8,316.00"
2019-01-10,2019011001003014,SHPC,28,41,400,232.00,"92,800.00"
2019-01-10,2019011001002912,SHPC,28,7,100,232.00,"23,200.00"
2019-01-10,2019011001003144,SIC,16,5,50,"1,340.00","67,000.00"
2019-01-10,2019011001003143,SIC,16,50,50,"1,339.00","66,950.00"
2019-01-10,2019011001003353,SICL,21,25,60,932.00,"55,920.00"
2019-01-10,2019011001003352,SICL,21,1,40,930.00,"37,200.00"
2019-01-10,2019011001003252,SICL,36,1,60,930.00,"55,800.00"
2019-01-10,2019011001003309,SIL,59,44,50,656.00,"32,800.00"
2019-01-10,2019011001003165,SIL,45,33,10,655.00,"6,550.00"
2019-01-10,2019011001003074,SIL,7,33,200,655.00,"131,000.00"
2019-01-10,2019011001002957,SIL,22,26,27,653.00,"17,631.00"
2019-01-10,2019011001002956,SIL,10,26,54,653.00,"35,262.00"
2019-01-10,2019011001002913,SIL,57,33,150,655.00,"98,250.00"
2019-01-10,2019011001003078,SINDU,29,32,180,120.00,"21,600.00"
2019-01-10,2019011001002986,SINDU,52,45,200,118.00,"23,600.00"
2019-01-10,2019011001002985,SINDU,43,45,200,118.00,"23,600.00"
2019-01-10,2019011001003197,SKBBL,42,41,17,"1,074.00","18,258.00"
2019-01-10,2019011001002983,SKBBL,32,11,30,"1,060.00","31,800.00"
2019-01-10,2019011001002982,SKBBL,49,11,200,"1,060.00","212,000.00"
2019-01-10,2019011001002981,SKBBL,41,11,100,"1,060.00","106,000.00"
2019-01-10,2019011001002980,SKBBL,1,11,50,"1,060.00","53,000.00"
2019-01-10,2019011001002979,SKBBL,6,11,20,"1,060.00","21,200.00"
2019-01-10,2019011001003220,SLBBL,26,57,50,545.00,"27,250.00"
2019-01-10,2019011001003029,SLICL,50,5,60,564.00,"33,840.00"
2019-01-10,2019011001002967,SLICL,16,57,96,562.00,"53,952.00"
2019-01-10,2019011001002966,SLICL,38,57,20,562.00,"11,240.00"
2019-01-10,2019011001002965,SLICL,47,57,130,563.00,"73,190.00"
2019-01-10,2019011001002964,SLICL,17,57,35,563.00,"19,705.00"
2019-01-10,2019011001003236,SMB,55,3,10,665.00,"6,650.00"
2019-01-10,2019011001003336,SMFDB,40,19,10,713.00,"7,130.00"
2019-01-10,2019011001003193,SPDL,8,39,15,93.00,"1,395.00"
2019-01-10,2019011001003224,SRBL,34,57,82,215.00,"17,630.00"
2019-01-10,2019011001003223,SRBL,56,57,118,215.00,"25,370.00"
2019-01-10,2019011001002907,SRBL,56,58,82,215.00,"17,630.00"
2019-01-10,2019011001003199,SWBBL,32,14,170,860.00,"146,200.00"
2019-01-10,2019011001003198,SWBBL,11,14,30,861.00,"25,830.00"
2019-01-10,2019011001003312,UIC,53,38,85,773.00,"65,705.00"
2019-01-10,2019011001003311,UIC,34,38,100,774.00,"77,400.00"
2019-01-10,2019011001003292,UIC,32,38,100,775.00,"77,500.00"
2019-01-10,2019011001003291,UIC,16,38,95,775.00,"73,625.00"
2019-01-10,2019011001003290,UIC,34,38,100,776.00,"77,600.00"
2019-01-10,2019011001003245,UIC,34,33,100,780.00,"78,000.00"
2019-01-10,2019011001002930,WOMI,45,53,11,965.00,"10,615.00"
2019-01-10,2019011001002926,WOMI,45,45,180,964.00,"173,520.00"
2019-01-10,2019011001002925,WOMI,45,38,13,960.00,"12,480.00"
2019-01-10,2019011001002492,ADBL,32,49,200,350.00,"70,000.00"
2019-01-10,2019011001002479,ADBL,26,16,105,349.00,"36,645.00"
2019-01-10,2019011001002377,ADBL,26,41,199,349.00,"69,451.00"
2019-01-10,2019011001002868,AHPC,38,39,200,106.00,"21,200.00"
2019-01-10,2019011001002746,AKJCL,26,26,20,94.00,"1,880.00"
2019-01-10,2019011001002629,AKJCL,53,14,30,94.00,"2,820.00"
2019-01-10,2019011001002609,AKJCL,53,14,40,94.00,"3,760.00"
2019-01-10,2019011001002601,AKJCL,53,14,30,94.00,"2,820.00"
2019-01-10,2019011001002782,ALICL,45,50,100,616.00,"61,600.00"
2019-01-10,2019011001002545,ALICL,45,35,50,616.00,"30,800.00"
2019-01-10,2019011001002742,API,58,25,500,154.00,"77,000.00"
2019-01-10,2019011001002726,API,48,25,"1,500",154.00,"231,000.00"
2019-01-10,2019011001002652,BARUN,13,28,10,103.00,"1,030.00"
2019-01-10,2019011001002578,BARUN,17,28,10,104.00,"1,040.00"
2019-01-10,2019011001002561,BARUN,17,28,10,104.00,"1,040.00"
2019-01-10,2019011001002666,BHBL,4,16,10,140.00,"1,400.00"
2019-01-10,2019011001002467,BHBL,4,50,200,142.00,"28,400.00"
2019-01-10,2019011001002764,BOKL,48,6,148,332.00,"49,136.00"
2019-01-10,2019011001002658,BOKL,55,57,278,331.00,"92,018.00"
2019-01-10,2019011001002657,BOKL,45,57,22,331.00,"7,282.00"
2019-01-10,2019011001002656,BOKL,45,6,30,332.00,"9,960.00"
2019-01-10,2019011001002615,BOKL,28,6,122,332.00,"40,504.00"
2019-01-10,2019011001002614,BOKL,28,50,524,332.00,"173,968.00"
2019-01-10,2019011001002476,BOKL,42,25,50,332.00,"16,600.00"
2019-01-10,2019011001002459,BOKL,44,25,215,332.00,"71,380.00"
2019-01-10,2019011001002446,BOKL,45,25,200,332.00,"66,400.00"
2019-01-10,2019011001002425,BOKL,33,38,400,331.00,"132,400.00"
2019-01-10,2019011001002375,BOKL,36,25,20,332.00,"6,640.00"
2019-01-10,2019011001002613,BOKL,28,32,354,332.00,"117,528.00"
2019-01-10,2019011001002507,BOKL,45,45,278,331.00,"92,018.00"
2019-01-10,2019011001002489,BOKL,58,32,100,332.00,"33,200.00"
2019-01-10,2019011001002485,BOKL,48,32,246,332.00,"81,672.00"
2019-01-10,2019011001002484,BOKL,48,25,114,332.00,"37,848.00"
2019-01-10,2019011001002480,BOKL,48,25,40,332.00,"13,280.00"
2019-01-10,2019011001002863,BPCL,58,49,"1,000",370.00,"370,000.00"
2019-01-10,2019011001002788,BPCL,58,6,10,370.00,"3,700.00"
2019-01-10,2019011001002787,BPCL,58,49,20,370.00,"7,400.00"
2019-01-10,2019011001002728,BPCL,58,49,500,370.00,"185,000.00"
2019-01-10,2019011001002694,BPCL,58,49,480,370.00,"177,600.00"
2019-01-10,2019011001002607,BPCL,58,35,20,370.00,"7,400.00"
2019-01-10,2019011001002520,BPCL,58,49,500,370.00,"185,000.00"
2019-01-10,2019011001002472,BPCL,58,42,100,370.00,"37,000.00"
2019-01-10,2019011001002471,BPCL,58,49,220,370.00,"81,400.00"
2019-01-10,2019011001002800,CBBL,4,16,500,850.00,"425,000.00"
2019-01-10,2019011001002799,CBBL,4,16,500,850.00,"425,000.00"
2019-01-10,2019011001002798,CBBL,4,44,980,849.00,"832,020.00"
2019-01-10,2019011001002771,CBBL,49,48,100,842.00,"84,200.00"
2019-01-10,2019011001002752,CBBL,35,44,20,849.00,"16,980.00"
2019-01-10,2019011001002570,CBBL,42,49,200,852.00,"170,400.00"
2019-01-10,2019011001002572,CBBL,42,43,300,853.00,"255,900.00"
2019-01-10,2019011001002571,CBBL,42,1,40,853.00,"34,120.00"
2019-01-10,2019011001002759,CBL,43,57,108,163.00,"17,604.00"
2019-01-10,2019011001002758,CBL,43,57,119,163.00,"19,397.00"
2019-01-10,2019011001002757,CBL,43,38,"1,273",163.00,"207,499.00"
2019-01-10,2019011001002528,CBL,45,38,50,163.00,"8,150.00"
2019-01-10,2019011001002860,CCBL,34,19,22,172.00,"3,784.00"
2019-01-10,2019011001002859,CCBL,34,6,17,172.00,"2,924.00"
2019-01-10,2019011001002858,CCBL,34,48,25,172.00,"4,300.00"
2019-01-10,2019011001002857,CCBL,34,32,80,172.00,"13,760.00"
2019-01-10,2019011001002795,CCBL,50,49,119,171.00,"20,349.00"
2019-01-10,2019011001002737,CCBL,59,32,50,172.00,"8,600.00"
2019-01-10,2019011001002511,CCBL,4,8,901,171.00,"154,071.00"
2019-01-10,2019011001002442,CCBL,4,42,347,171.00,"59,337.00"
2019-01-10,2019011001002430,CCBL,4,49,119,171.00,"20,349.00"
2019-01-10,2019011001002527,CCBL,57,50,20,172.00,"3,440.00"
2019-01-10,2019011001002519,CCBL,46,49,119,171.00,"20,349.00"
2019-01-10,2019011001002516,CCBL,46,45,100,171.00,"17,100.00"
2019-01-10,2019011001002513,CCBL,46,8,99,171.00,"16,929.00"
2019-01-10,2019011001002512,CCBL,22,8,500,171.00,"85,500.00"
2019-01-10,2019011001002670,CCBL,50,50,151,171.00,"25,821.00"
2019-01-10,2019011001002669,CCBL,46,50,333,171.00,"56,943.00"
2019-01-10,2019011001002634,CCBL,46,49,119,171.00,"20,349.00"
2019-01-10,2019011001002593,CCBL,46,49,119,171.00,"20,349.00"
2019-01-10,2019011001002580,CCBL,46,28,53,171.00,"9,063.00"
2019-01-10,2019011001002563,CCBL,46,28,58,171.00,"9,918.00"
2019-01-10,2019011001002434,CEFL,22,22,30,111.00,"3,330.00"
2019-01-10,2019011001002725,CHCL,42,16,100,546.00,"54,600.00"
2019-01-10,2019011001002549,CHCL,57,16,10,546.00,"5,460.00"
2019-01-10,2019011001002853,CIT,28,6,15,"2,273.00","34,095.00"
2019-01-10,2019011001002852,CIT,28,33,30,"2,272.00","68,160.00"
2019-01-10,2019011001002851,CIT,28,19,40,"2,270.00","90,800.00"
2019-01-10,2019011001002850,CIT,28,21,15,"2,270.00","34,050.00"
2019-01-10,2019011001002769,CIT,32,21,35,"2,270.00","79,450.00"
2019-01-10,2019011001002508,CZBIL,57,40,20,215.00,"4,300.00"
2019-01-10,2019011001002478,CZBIL,29,40,355,215.00,"76,325.00"
2019-01-10,2019011001002477,CZBIL,29,52,645,215.00,"138,675.00"
2019-01-10,2019011001002779,DBBL,35,17,37,127.00,"4,699.00"
2019-01-10,2019011001002767,DBBL,35,17,57,127.00,"7,239.00"
2019-01-10,2019011001002655,DBBL,6,49,21,126.00,"2,646.00"
2019-01-10,2019011001002659,EBL,33,8,400,536.00,"214,400.00"
2019-01-10,2019011001002825,EIC,41,35,38,850.00,"32,300.00"
2019-01-10,2019011001002608,EIC,45,35,100,850.00,"85,000.00"
2019-01-10,2019011001002830,FMDBL,57,33,685,380.00,"260,300.00"
2019-01-10,2019011001002794,FMDBL,42,33,50,380.00,"19,000.00"
2019-01-10,2019011001002540,GBBL,34,29,160,189.00,"30,240.00"
2019-01-10,2019011001002745,GBIME,44,22,50,270.00,"13,500.00"
2019-01-10,2019011001002679,GBIME,44,28,105,270.00,"28,350.00"
2019-01-10,2019011001002664,GBIME,44,28,24,270.00,"6,480.00"
2019-01-10,2019011001002650,GBIME,14,52,100,271.00,"27,100.00"
2019-01-10,2019011001002598,GBIME,44,17,699,270.00,"188,730.00"
2019-01-10,2019011001002595,GBIME,34,28,24,269.00,"6,456.00"
2019-01-10,2019011001002579,GBIME,41,17,92,270.00,"24,840.00"
2019-01-10,2019011001002533,GBIME,41,49,28,270.00,"7,560.00"
2019-01-10,2019011001002443,GBIME,41,49,28,270.00,"7,560.00"
2019-01-10,2019011001002440,GBIME,41,50,30,270.00,"8,100.00"
2019-01-10,2019011001002738,GBLBS,58,6,10,431.00,"4,310.00"
2019-01-10,2019011001002760,GDBL,58,14,150,190.00,"28,500.00"
2019-01-10,2019011001002583,GDBL,17,43,90,188.00,"16,920.00"
2019-01-10,2019011001002553,GLICL,1,36,83,713.00,"59,179.00"
2019-01-10,2019011001002552,GLICL,54,36,20,714.00,"14,280.00"
2019-01-10,2019011001002551,GLICL,50,36,50,714.00,"35,700.00"
2019-01-10,2019011001002550,GLICL,42,36,30,715.00,"21,450.00"
2019-01-10,2019011001002548,GLICL,58,49,35,714.00,"24,990.00"
2019-01-10,2019011001002748,HATH,4,29,140,121.00,"16,940.00"
2019-01-10,2019011001002749,HBL,59,17,25,460.00,"11,500.00"
2019-01-10,2019011001002406,HBL,48,17,50,460.00,"23,000.00"
2019-01-10,2019011001002678,HGI,22,47,124,405.00,"50,220.00"
2019-01-10,2019011001002576,HGI,49,32,27,404.00,"10,908.00"
2019-01-10,2019011001002530,HGI,49,35,200,404.00,"80,800.00"
2019-01-10,2019011001002400,HGI,49,46,237,404.00,"95,748.00"
2019-01-10,2019011001002399,HGI,39,46,50,404.00,"20,200.00"
2019-01-10,2019011001002398,HGI,34,46,748,405.00,"302,940.00"
2019-01-10,2019011001002381,HGI,34,46,"1,252",405.00,"507,060.00"
2019-01-10,2019011001002380,HGI,51,46,100,405.00,"40,500.00"
2019-01-10,2019011001002651,HIDCL,29,25,50,152.00,"7,600.00"
2019-01-10,2019011001002715,HPPL,53,41,20,185.00,"3,700.00"
2019-01-10,2019011001002706,HPPL,53,41,10,185.00,"1,850.00"
2019-01-10,2019011001002641,HPPL,29,39,10,187.00,"1,870.00"
2019-01-10,2019011001002640,HPPL,29,39,10,187.00,"1,870.00"
2019-01-10,2019011001002639,HPPL,29,39,10,187.00,"1,870.00"
2019-01-10,2019011001002638,HPPL,29,39,10,187.00,"1,870.00"
2019-01-10,2019011001002444,ICFC,39,50,10,153.00,"1,530.00"
2019-01-10,2019011001002714,JBBL,38,16,23,141.00,"3,243.00"
2019-01-10,2019011001002713,JBBL,38,7,77,141.00,"10,857.00"
2019-01-10,2019011001002693,JBBL,38,7,264,141.00,"37,224.00"
2019-01-10,2019011001002692,JBBL,38,19,86,141.00,"12,126.00"
2019-01-10,2019011001002687,JBBL,38,7,59,141.00,"8,319.00"
2019-01-10,2019011001002686,JBBL,38,19,21,141.00,"2,961.00"
2019-01-10,2019011001002610,JBBL,38,49,87,139.00,"12,093.00"
2019-01-10,2019011001002541,JBBL,45,49,100,139.00,"13,900.00"
2019-01-10,2019011001002439,JBBL,45,35,200,140.00,"28,000.00"
2019-01-10,2019011001002685,JBBL,38,29,100,140.00,"14,000.00"
2019-01-10,2019011001002668,JBBL,38,19,345,141.00,"48,645.00"
2019-01-10,2019011001002654,JBBL,38,19,93,141.00,"13,113.00"
2019-01-10,2019011001002628,JBBL,38,35,500,140.00,"70,000.00"
2019-01-10,2019011001002627,JBBL,38,41,400,140.00,"56,000.00"
2019-01-10,2019011001002626,JBBL,38,41,14,140.00,"1,960.00"
2019-01-10,2019011001002763,JBNL,25,48,210,169.00,"35,490.00"
2019-01-10,2019011001002700,JBNL,25,34,90,169.00,"15,210.00"
2019-01-10,2019011001002699,JBNL,34,34,"1,910",169.00,"322,790.00"
2019-01-10,2019011001002590,JBNL,34,22,90,169.00,"15,210.00"
2019-01-10,2019011001002565,JBNL,58,22,480,169.00,"81,120.00"
2019-01-10,2019011001002539,JBNL,45,48,50,170.00,"8,500.00"
2019-01-10,2019011001002538,JBNL,58,49,20,169.00,"3,380.00"
2019-01-10,2019011001002501,JBNL,38,54,400,169.00,"67,600.00"
2019-01-10,2019011001002460,JBNL,28,32,200,169.00,"33,800.00"
2019-01-10,2019011001002457,JBNL,28,32,200,169.00,"33,800.00"
2019-01-10,2019011001002451,JEFL,32,35,50,125.00,"6,250.00"
2019-01-10,2019011001002450,JEFL,32,35,50,125.00,"6,250.00"
2019-01-10,2019011001002449,JEFL,32,58,100,124.00,"12,400.00"
2019-01-10,2019011001002840,KBL,34,41,26,252.00,"6,552.00"
2019-01-10,2019011001002839,KBL,17,41,385,252.00,"97,020.00"
2019-01-10,2019011001002828,KBL,17,38,100,252.00,"25,200.00"
2019-01-10,2019011001002822,KBL,17,48,15,252.00,"3,780.00"
2019-01-10,2019011001002821,KBL,44,48,285,252.00,"71,820.00"
2019-01-10,2019011001002820,KBL,44,19,121,252.00,"30,492.00"
2019-01-10,2019011001002536,KBL,34,41,100,252.00,"25,200.00"
2019-01-10,2019011001002535,KBL,34,49,"2,203",252.00,"555,156.00"
2019-01-10,2019011001002526,KBL,34,49,797,252.00,"200,844.00"
2019-01-10,2019011001002525,KBL,34,35,203,252.00,"51,156.00"
2019-01-10,2019011001002523,KBL,49,35,27,252.00,"6,804.00"
2019-01-10,2019011001002420,KBL,52,35,100,252.00,"25,200.00"
2019-01-10,2019011001002683,KBL,49,5,61,252.00,"15,372.00"
2019-01-10,2019011001002674,KBL,49,39,300,252.00,"75,600.00"
2019-01-10,2019011001002673,KBL,49,5,139,252.00,"35,028.00"
2019-01-10,2019011001002606,KBL,21,5,61,252.00,"15,372.00"
2019-01-10,2019011001002605,KBL,21,56,361,252.00,"90,972.00"
2019-01-10,2019011001002582,KBL,21,56,50,252.00,"12,600.00"
2019-01-10,2019011001002792,KBL,44,26,29,252.00,"7,308.00"
2019-01-10,2019011001002775,KBL,44,5,65,252.00,"16,380.00"
2019-01-10,2019011001002774,KBL,52,5,100,252.00,"25,200.00"
2019-01-10,2019011001002773,KBL,21,5,709,252.00,"178,668.00"
2019-01-10,2019011001002729,KBL,21,21,291,252.00,"73,332.00"
2019-01-10,2019011001002684,KBL,55,5,300,252.00,"75,600.00"
2019-01-10,2019011001002426,KMCDB,13,48,50,970.00,"48,500.00"
2019-01-10,2019011001002410,KMCDB,47,59,15,965.00,"14,475.00"
2019-01-10,2019011001002409,KMCDB,26,59,100,965.00,"96,500.00"
2019-01-10,2019011001002838,KNBL,43,21,120,120.00,"14,400.00"
2019-01-10,2019011001002474,KPCL,1,42,70,100.00,"7,000.00"
2019-01-10,2019011001002473,KPCL,49,42,40,100.00,"4,000.00"
2019-01-10,2019011001002441,KPCL,49,10,10,100.00,"1,000.00"
2019-01-10,2019011001002435,KPCL,49,10,10,100.00,"1,000.00"
2019-01-10,2019011001002431,KPCL,49,10,10,100.00,"1,000.00"
2019-01-10,2019011001002416,KPCL,49,10,10,100.00,"1,000.00"
2019-01-10,2019011001002411,KPCL,49,10,10,100.00,"1,000.00"
2019-01-10,2019011001002405,KPCL,49,10,10,100.00,"1,000.00"
2019-01-10,2019011001002388,KPCL,49,10,10,100.00,"1,000.00"
2019-01-10,2019011001002401,KSBBL,34,13,854,136.00,"116,144.00"
2019-01-10,2019011001002847,LBBL,38,58,50,172.00,"8,600.00"
2019-01-10,2019011001002770,LBBL,33,46,709,171.00,"121,239.00"
2019-01-10,2019011001002500,LBBL,13,58,500,172.00,"86,000.00"
2019-01-10,2019011001002412,LBBL,33,16,855,171.00,"146,205.00"
2019-01-10,2019011001002815,LBL,29,5,30,226.00,"6,780.00"
2019-01-10,2019011001002560,LBL,25,5,100,226.00,"22,600.00"
2019-01-10,2019011001002462,LBL,32,5,100,226.00,"22,600.00"
2019-01-10,2019011001002447,LBL,56,5,100,226.00,"22,600.00"
2019-01-10,2019011001002445,LBL,26,5,235,226.00,"53,110.00"
2019-01-10,2019011001002378,LBL,25,25,100,226.00,"22,600.00"
2019-01-10,2019011001002786,LGIL,11,28,100,542.00,"54,200.00"
2019-01-10,2019011001002756,LGIL,26,16,200,540.00,"108,000.00"
2019-01-10,2019011001002750,LGIL,33,19,110,541.00,"59,510.00"
2019-01-10,2019011001002394,LGIL,34,16,100,540.00,"54,000.00"
2019-01-10,2019011001002393,LGIL,34,16,100,540.00,"54,000.00"
2019-01-10,2019011001002392,LGIL,6,16,50,540.00,"27,000.00"
2019-01-10,2019011001002391,LGIL,50,16,100,540.00,"54,000.00"
2019-01-10,2019011001002390,LGIL,34,16,500,540.00,"270,000.00"
2019-01-10,2019011001002389,LGIL,34,16,500,540.00,"270,000.00"
2019-01-10,2019011001002373,LGIL,45,16,200,541.00,"108,200.00"
2019-01-10,2019011001002514,LICN,59,19,101,"1,698.00","171,498.00"
2019-01-10,2019011001002487,LICN,49,19,76,"1,685.00","128,060.00"
2019-01-10,2019011001002486,LICN,49,47,100,"1,685.00","168,500.00"
2019-01-10,2019011001002671,LLBS,18,21,52,780.00,"40,560.00"
2019-01-10,2019011001002819,MBL,57,57,20,208.00,"4,160.00"
2019-01-10,2019011001002811,MBL,16,57,332,208.00,"69,056.00"
2019-01-10,2019011001002698,MBL,16,38,468,208.00,"97,344.00"
2019-01-10,2019011001002697,MBL,16,55,200,208.00,"41,600.00"
2019-01-10,2019011001002596,MBL,29,38,11,208.00,"2,288.00"
2019-01-10,2019011001002510,MBL,29,38,989,208.00,"205,712.00"
2019-01-10,2019011001002509,MBL,37,38,11,208.00,"2,288.00"
2019-01-10,2019011001002407,MBL,37,49,39,208.00,"8,112.00"
2019-01-10,2019011001002867,MEGA,50,25,20,171.00,"3,420.00"
2019-01-10,2019011001002826,MEGA,16,25,25,171.00,"4,275.00"
2019-01-10,2019011001002667,MEGA,25,28,49,170.00,"8,330.00"
2019-01-10,2019011001002631,MEGA,55,25,15,171.00,"2,565.00"
2019-01-10,2019011001002630,MEGA,55,45,85,171.00,"14,535.00"
2019-01-10,2019011001002555,MEGA,57,25,10,171.00,"1,710.00"
2019-01-10,2019011001002554,MEGA,57,39,10,171.00,"1,710.00"
2019-01-10,2019011001002544,MEGA,25,49,45,170.00,"7,650.00"
2019-01-10,2019011001002499,MEGA,7,39,200,171.00,"34,200.00"
2019-01-10,2019011001002498,MEGA,32,39,10,171.00,"1,710.00"
2019-01-10,2019011001002463,MEGA,32,49,45,171.00,"7,695.00"
2019-01-10,2019011001002376,MEGA,32,49,45,171.00,"7,695.00"
2019-01-10,2019011001002832,MLBBL,22,16,50,930.00,"46,500.00"
2019-01-10,2019011001002831,MLBBL,1,16,50,932.00,"46,600.00"
2019-01-10,2019011001002453,MNBBL,43,57,30,347.00,"10,410.00"
2019-01-10,2019011001002452,MNBBL,42,57,60,347.00,"20,820.00"
2019-01-10,2019011001002433,MNBBL,45,58,50,348.00,"17,400.00"
2019-01-10,2019011001002408,MNBBL,45,54,100,348.00,"34,800.00"
2019-01-10,2019011001002741,MSMBS,51,50,50,539.00,"26,950.00"
2019-01-10,2019011001002740,MSMBS,29,50,50,540.00,"27,000.00"
2019-01-10,2019011001002739,MSMBS,51,50,50,540.00,"27,000.00"
2019-01-10,2019011001002849,NABIL,13,19,22,838.00,"18,436.00"
2019-01-10,2019011001002848,NABIL,22,19,28,838.00,"23,464.00"
2019-01-10,2019011001002817,NABIL,29,45,40,839.00,"33,560.00"
2019-01-10,2019011001002816,NABIL,8,45,55,839.00,"46,145.00"
2019-01-10,2019011001002784,NABIL,22,11,25,840.00,"21,000.00"
2019-01-10,2019011001002569,NABIL,37,32,25,840.00,"21,000.00"
2019-01-10,2019011001002524,NABIL,19,32,50,840.00,"42,000.00"
2019-01-10,2019011001002437,NABIL,6,32,10,840.00,"8,400.00"
2019-01-10,2019011001002727,NABILP,25,49,100,716.00,"71,600.00"
2019-01-10,2019011001002387,NABILP,43,21,80,715.00,"57,200.00"
2019-01-10,2019011001002386,NABILP,36,21,20,715.00,"14,300.00"
2019-01-10,2019011001002385,NABILP,33,21,50,716.00,"35,800.00"
2019-01-10,2019011001002866,NADEP,50,45,30,800.00,"24,000.00"
2019-01-10,2019011001002721,NADEP,51,42,10,800.00,"8,000.00"
2019-01-10,2019011001002720,NADEP,51,37,10,800.00,"8,000.00"
2019-01-10,2019011001002719,NADEP,51,58,30,800.00,"24,000.00"
2019-01-10,2019011001002723,NADEP,51,45,70,800.00,"56,000.00"
2019-01-10,2019011001002722,NADEP,51,58,30,800.00,"24,000.00"
2019-01-10,2019011001002855,NBB,25,32,331,191.00,"63,221.00"
2019-01-10,2019011001002778,NBB,25,55,200,191.00,"38,200.00"
2019-01-10,2019011001002680,NBB,25,1,112,191.00,"21,392.00"
2019-01-10,2019011001002465,NBB,25,42,100,191.00,"19,100.00"
2019-01-10,2019011001002424,NBB,25,13,300,192.00,"57,600.00"
2019-01-10,2019011001002423,NBB,25,47,200,192.00,"38,400.00"
2019-01-10,2019011001002422,NBB,25,45,"1,000",192.00,"192,000.00"
2019-01-10,2019011001002421,NBB,25,38,"1,000",192.00,"192,000.00"
2019-01-10,2019011001002403,NBB,25,49,53,191.00,"10,123.00"
2019-01-10,2019011001002402,NBB,56,49,37,191.00,"7,067.00"
2019-01-10,2019011001002864,NBL,56,42,10,307.00,"3,070.00"
2019-01-10,2019011001002854,NBL,49,42,500,307.00,"153,500.00"
2019-01-10,2019011001002829,NBL,49,42,500,307.00,"153,500.00"
2019-01-10,2019011001002827,NBL,38,42,300,307.00,"92,100.00"
2019-01-10,2019011001002761,NBL,25,42,"1,500",307.00,"460,500.00"
2019-01-10,2019011001002744,NBL,56,42,"1,932",307.00,"593,124.00"
2019-01-10,2019011001002635,NBL,55,6,100,307.00,"30,700.00"
2019-01-10,2019011001002591,NBL,21,6,500,307.00,"153,500.00"
2019-01-10,2019011001002575,NBL,39,6,20,307.00,"6,140.00"
2019-01-10,2019011001002503,NBL,47,6,"1,000",307.00,"307,000.00"
2019-01-10,2019011001002488,NBL,19,6,90,307.00,"27,630.00"
2019-01-10,2019011001002384,NBL,49,6,100,307.00,"30,700.00"
2019-01-10,2019011001002743,NBL,56,44,68,307.00,"20,876.00"
2019-01-10,2019011001002662,NBL,25,44,432,307.00,"132,624.00"
2019-01-10,2019011001002661,NBL,25,56,100,307.00,"30,700.00"
2019-01-10,2019011001002660,NBL,25,42,468,307.00,"143,676.00"
2019-01-10,2019011001002637,NBL,25,42,32,307.00,"9,824.00"
2019-01-10,2019011001002636,NBL,25,6,"1,468",307.00,"450,676.00"
2019-01-10,2019011001002865,NCCB,39,19,25,218.00,"5,450.00"
2019-01-10,2019011001002837,NCCB,33,38,"1,012",219.00,"221,628.00"
2019-01-10,2019011001002836,NCCB,33,25,758,219.00,"166,002.00"
2019-01-10,2019011001002835,NCCB,33,1,100,219.00,"21,900.00"
2019-01-10,2019011001002834,NCCB,33,38,130,219.00,"28,470.00"
2019-01-10,2019011001002833,NCCB,57,38,50,219.00,"10,950.00"
2019-01-10,2019011001002517,NCCB,39,1,200,218.00,"43,600.00"
2019-01-10,2019011001002802,NCCB,33,38,500,219.00,"109,500.00"
2019-01-10,2019011001002776,NCCB,57,38,300,219.00,"65,700.00"
2019-01-10,2019011001002765,NCCB,33,38,500,219.00,"109,500.00"
2019-01-10,2019011001002731,NCCB,39,22,50,218.00,"10,900.00"
2019-01-10,2019011001002543,NCCB,39,38,21,219.00,"4,599.00"
2019-01-10,2019011001002542,NCCB,39,46,229,219.00,"50,151.00"
2019-01-10,2019011001002842,NCDB,21,21,200,120.00,"24,000.00"
2019-01-10,2019011001002768,NEF,38,6,"1,207",8.44,"10,187.08"
2019-01-10,2019011001002677,NHDL,48,49,10,124.00,"1,240.00"
2019-01-10,2019011001002624,NHPC,45,58,"1,000",69.00,"69,000.00"
2019-01-10,2019011001002690,NIB,42,48,100,548.00,"54,800.00"
2019-01-10,2019011001002861,NICA,26,13,213,387.00,"82,431.00"
2019-01-10,2019011001002845,NICA,34,13,150,387.00,"58,050.00"
2019-01-10,2019011001002844,NICA,6,13,880,387.00,"340,560.00"
2019-01-10,2019011001002843,NICA,54,13,757,387.00,"292,959.00"
2019-01-10,2019011001002824,NICA,14,25,200,388.00,"77,600.00"
2019-01-10,2019011001002762,NICA,42,25,200,388.00,"77,600.00"
2019-01-10,2019011001002689,NICA,54,28,206,387.00,"79,722.00"
2019-01-10,2019011001002589,NICA,6,57,"1,000",388.00,"388,000.00"
2019-01-10,2019011001002574,NICA,54,28,37,387.00,"14,319.00"
2019-01-10,2019011001002573,NICA,42,28,30,388.00,"11,640.00"
2019-01-10,2019011001002494,NICGF,45,16,"2,500",9.19,"22,975.00"
2019-01-10,2019011001002736,NICL,55,26,15,563.00,"8,445.00"
2019-01-10,2019011001002374,NICL,44,7,83,565.00,"46,895.00"
2019-01-10,2019011001002735,NICL,55,26,50,563.00,"28,150.00"
2019-01-10,2019011001002734,NICL,44,26,200,563.00,"112,600.00"
2019-01-10,2019011001002733,NICL,10,26,100,564.00,"56,400.00"
2019-01-10,2019011001002732,NICL,35,26,20,564.00,"11,280.00"
2019-01-10,2019011001002841,NIL,37,32,150,544.00,"81,600.00"
2019-01-10,2019011001002594,NIL,45,16,100,545.00,"54,500.00"
2019-01-10,2019011001002586,NIL,45,32,100,545.00,"54,500.00"
2019-01-10,2019011001002603,NLBBL,37,37,100,465.00,"46,500.00"
2019-01-10,2019011001002415,NLBBL,22,50,13,464.00,"6,032.00"
2019-01-10,2019011001002414,NLBBL,25,50,100,464.00,"46,400.00"
2019-01-10,2019011001002413,NLBBL,6,50,50,464.00,"23,200.00"
2019-01-10,2019011001002862,NLIC,29,46,17,"1,102.00","18,734.00"
2019-01-10,2019011001002846,NLIC,45,45,376,"1,102.00","414,352.00"
2019-01-10,2019011001002823,NLIC,29,17,200,"1,102.00","220,400.00"
2019-01-10,2019011001002810,NLIC,29,17,200,"1,102.00","220,400.00"
2019-01-10,2019011001002772,NLIC,32,17,100,"1,102.00","110,200.00"
2019-01-10,2019011001002730,NLIC,34,17,247,"1,102.00","272,194.00"
2019-01-10,2019011001002581,NLIC,52,17,20,"1,103.00","22,060.00"
2019-01-10,2019011001002534,NLIC,35,55,30,"1,102.00","33,060.00"
2019-01-10,2019011001002531,NLIC,51,17,20,"1,103.00","22,060.00"
2019-01-10,2019011001002712,NLIC,34,19,27,"1,102.00","29,754.00"
2019-01-10,2019011001002653,NLIC,34,48,102,"1,102.00","112,404.00"
2019-01-10,2019011001002633,NLIC,34,21,24,"1,102.00","26,448.00"
2019-01-10,2019011001002632,NLIC,35,21,126,"1,102.00","138,852.00"
2019-01-10,2019011001002597,NLIC,35,56,17,"1,102.00","18,734.00"
2019-01-10,2019011001002592,NLIC,35,56,17,"1,102.00","18,734.00"
2019-01-10,2019011001002701,NLICL,45,58,200,713.00,"142,600.00"
2019-01-10,2019011001002688,NLICL,45,58,100,713.00,"71,300.00"
2019-01-10,2019011001002502,NLICL,22,3,280,712.00,"199,360.00"
2019-01-10,2019011001002464,NLICL,35,3,20,712.00,"14,240.00"
2019-01-10,2019011001002793,NMB,46,28,600,325.00,"195,000.00"
2019-01-10,2019011001002676,NMB,46,49,67,325.00,"21,775.00"
2019-01-10,2019011001002675,NMB,35,49,23,325.00,"7,475.00"
2019-01-10,2019011001002649,NMB,35,48,27,325.00,"8,775.00"
2019-01-10,2019011001002648,NMB,28,48,500,325.00,"162,500.00"
2019-01-10,2019011001002647,NMB,13,48,200,325.00,"65,000.00"
2019-01-10,2019011001002475,NMB,10,21,33,325.00,"10,725.00"
2019-01-10,2019011001002382,NMB,59,28,100,327.00,"32,700.00"
2019-01-10,2019011001002646,NMB,17,48,"1,000",325.00,"325,000.00"
2019-01-10,2019011001002645,NMB,45,48,50,325.00,"16,250.00"
2019-01-10,2019011001002644,NMB,41,48,223,325.00,"72,475.00"
2019-01-10,2019011001002585,NMB,41,48,277,325.00,"90,025.00"
2019-01-10,2019011001002584,NMB,10,48,723,325.00,"234,975.00"
2019-01-10,2019011001002532,NMB,7,5,100,326.00,"32,600.00"
2019-01-10,2019011001002801,NMBHF1,26,6,416,9.07,"3,773.12"
2019-01-10,2019011001002567,NMBSF1,35,26,"12,000",10.65,"127,800.00"
2019-01-10,2019011001002809,NMFBS,38,41,64,"1,545.00","98,880.00"
2019-01-10,2019011001002808,NMFBS,38,28,50,"1,545.00","77,250.00"
2019-01-10,2019011001002807,NMFBS,38,42,30,"1,544.00","46,320.00"
2019-01-10,2019011001002806,NMFBS,38,40,100,"1,540.00","154,000.00"
2019-01-10,2019011001002805,NMFBS,38,45,12,"1,540.00","18,480.00"
2019-01-10,2019011001002804,NMFBS,38,57,100,"1,539.00","153,900.00"
2019-01-10,2019011001002803,NMFBS,38,28,20,"1,538.00","30,760.00"
2019-01-10,2019011001002751,NSEWA,26,26,10,590.00,"5,900.00"
2019-01-10,2019011001002777,NTC,29,59,20,730.00,"14,600.00"
2019-01-10,2019011001002643,NUBL,39,57,200,762.00,"152,400.00"
2019-01-10,2019011001002547,NUBL,48,26,50,760.00,"38,000.00"
2019-01-10,2019011001002537,NUBL,32,57,200,762.00,"152,400.00"
2019-01-10,2019011001002818,PCBL,57,21,42,334.00,"14,028.00"
2019-01-10,2019011001002783,PCBL,25,38,50,335.00,"16,750.00"
2019-01-10,2019011001002718,PIC,55,55,1,"1,005.00","1,005.00"
2019-01-10,2019011001002566,PIC,14,41,30,"1,025.00","30,750.00"
2019-01-10,2019011001002521,PIC,14,44,200,"1,025.00","205,000.00"
2019-01-10,2019011001002515,PIC,14,44,300,"1,025.00","307,500.00"
2019-01-10,2019011001002506,PIC,46,38,96,"1,021.00","98,016.00"
2019-01-10,2019011001002505,PIC,39,38,10,"1,022.00","10,220.00"
2019-01-10,2019011001002504,PIC,29,38,48,"1,022.00","49,056.00"
2019-01-10,2019011001002747,PLIC,22,16,150,505.00,"75,750.00"
2019-01-10,2019011001002397,PLIC,35,45,10,505.00,"5,050.00"
2019-01-10,2019011001002396,PLIC,35,44,400,504.00,"201,600.00"
2019-01-10,2019011001002546,PMHPL,13,39,10,115.00,"1,150.00"
2019-01-10,2019011001002814,PRIN,45,57,390,454.00,"177,060.00"
2019-01-10,2019011001002813,PRIN,51,57,100,455.00,"45,500.00"
2019-01-10,2019011001002812,PRIN,49,57,10,455.00,"4,550.00"
2019-01-10,2019011001002755,PRIN,28,14,100,455.00,"45,500.00"
2019-01-10,2019011001002588,PRVU,45,59,67,245.00,"16,415.00"
2019-01-10,2019011001002587,PRVU,45,59,236,245.00,"57,820.00"
2019-01-10,2019011001002491,PRVU,39,22,94,246.00,"23,124.00"
2019-01-10,2019011001002490,PRVU,39,43,51,246.00,"12,546.00"
2019-01-10,2019011001002482,PRVU,45,6,14,245.00,"3,430.00"
2019-01-10,2019011001002438,PRVU,52,43,49,246.00,"12,054.00"
2019-01-10,2019011001002522,PURBL,32,42,150,152.00,"22,800.00"
2019-01-10,2019011001002681,RADHI,37,49,11,165.00,"1,815.00"
2019-01-10,2019011001002642,RHPC,59,19,300,100.00,"30,000.00"
2019-01-10,2019011001002611,RHPC,59,32,266,100.00,"26,600.00"
2019-01-10,2019011001002466,RSDC,39,22,20,395.00,"7,900.00"
2019-01-10,2019011001002705,SADBL,29,49,192,137.00,"26,304.00"
2019-01-10,2019011001002704,SADBL,14,49,85,137.00,"11,645.00"
2019-01-10,2019011001002703,SADBL,11,49,30,137.00,"4,110.00"
2019-01-10,2019011001002604,SADBL,11,49,170,137.00,"23,290.00"
2019-01-10,2019011001002871,SANIMA,50,32,471,307.00,"144,597.00"
2019-01-10,2019011001002870,SANIMA,8,32,29,307.00,"8,903.00"
2019-01-10,2019011001002724,SANIMA,8,6,50,307.00,"15,350.00"
2019-01-10,2019011001002696,SANIMA,8,19,21,307.00,"6,447.00"
2019-01-10,2019011001002695,SANIMA,53,19,"1,179",307.00,"361,953.00"
2019-01-10,2019011001002483,SANIMA,53,49,449,307.00,"137,843.00"
2019-01-10,2019011001002455,SANIMA,35,16,50,308.00,"15,400.00"
2019-01-10,2019011001002663,SBI,58,34,100,390.00,"39,000.00"
2019-01-10,2019011001002623,SBI,6,46,431,388.00,"167,228.00"
2019-01-10,2019011001002622,SBI,6,46,500,389.00,"194,500.00"
2019-01-10,2019011001002621,SBI,42,46,50,389.00,"19,450.00"
2019-01-10,2019011001002620,SBI,35,46,50,390.00,"19,500.00"
2019-01-10,2019011001002619,SBI,40,46,100,390.00,"39,000.00"
2019-01-10,2019011001002618,SBI,6,46,500,390.00,"195,000.00"
2019-01-10,2019011001002617,SBI,14,46,100,391.00,"39,100.00"
2019-01-10,2019011001002429,SBI,19,46,206,391.00,"80,546.00"
2019-01-10,2019011001002766,SBL,38,38,65,293.00,"19,045.00"
2019-01-10,2019011001002754,SBL,38,38,90,293.00,"26,370.00"
2019-01-10,2019011001002665,SBL,14,35,100,292.00,"29,200.00"
2019-01-10,2019011001002797,SCB,22,38,49,609.00,"29,841.00"
2019-01-10,2019011001002796,SCB,22,38,49,609.00,"29,841.00"
2019-01-10,2019011001002791,SCB,50,21,38,608.00,"23,104.00"
2019-01-10,2019011001002790,SCB,21,21,20,608.00,"12,160.00"
2019-01-10,2019011001002789,SCB,21,21,22,608.00,"13,376.00"
2019-01-10,2019011001002428,SCB,47,3,100,610.00,"61,000.00"
2019-01-10,2019011001002427,SCB,38,57,20,609.00,"12,180.00"
2019-01-10,2019011001002404,SCB,43,3,200,610.00,"122,000.00"
2019-01-10,2019011001002395,SCB,13,3,50,610.00,"30,500.00"
2019-01-10,2019011001002481,SCB,38,38,20,609.00,"12,180.00"
2019-01-10,2019011001002456,SCB,38,1,20,609.00,"12,180.00"
2019-01-10,2019011001002448,SCB,21,3,10,610.00,"6,100.00"
2019-01-10,2019011001002436,SCB,11,3,10,610.00,"6,100.00"
2019-01-10,2019011001002708,SCB,19,48,50,609.00,"30,450.00"
2019-01-10,2019011001002707,SCB,34,48,62,609.00,"37,758.00"
2019-01-10,2019011001002600,SCB,34,48,238,609.00,"144,942.00"
2019-01-10,2019011001002599,SCB,38,48,262,609.00,"159,558.00"
2019-01-10,2019011001002564,SCB,39,3,20,610.00,"12,200.00"
2019-01-10,2019011001002562,SCB,11,3,10,610.00,"6,100.00"
2019-01-10,2019011001002711,SCB,11,48,58,608.00,"35,264.00"
2019-01-10,2019011001002710,SCB,6,48,50,608.00,"30,400.00"
2019-01-10,2019011001002709,SCB,1,48,200,608.00,"121,600.00"
2019-01-10,2019011001002785,SCB,21,1,20,608.00,"12,160.00"
2019-01-10,2019011001002781,SCB,21,48,58,608.00,"35,264.00"
2019-01-10,2019011001002780,SCB,11,48,42,608.00,"25,536.00"
2019-01-10,2019011001002753,SCB,21,3,20,610.00,"12,200.00"
2019-01-10,2019011001002616,SDESI,33,45,11,644.00,"7,084.00"
2019-01-10,2019011001002602,SHINE,14,38,100,245.00,"24,500.00"
2019-01-10,2019011001002559,SICL,36,18,50,930.00,"46,500.00"
2019-01-10,2019011001002558,SICL,36,25,101,928.00,"93,728.00"
2019-01-10,2019011001002557,SICL,36,16,50,927.00,"46,350.00"
2019-01-10,2019011001002556,SICL,36,6,139,925.00,"128,575.00"
2019-01-10,2019011001002872,SIL,7,44,200,656.00,"131,200.00"
2019-01-10,2019011001002691,SIL,34,56,200,657.00,"131,400.00"
2019-01-10,2019011001002497,SIL,32,33,140,660.00,"92,400.00"
2019-01-10,2019011001002496,SIL,32,51,20,660.00,"13,200.00"
2019-01-10,2019011001002495,SIL,32,34,40,659.00,"26,360.00"
2019-01-10,2019011001002458,SINDU,43,32,20,120.00,"2,400.00"
2019-01-10,2019011001002383,SLICL,22,5,40,564.00,"22,560.00"
2019-01-10,2019011001002379,SLICL,17,53,16,563.00,"9,008.00"
2019-01-10,2019011001002468,SMFDB,32,5,75,713.00,"53,475.00"
2019-01-10,2019011001002461,SMFDB,35,5,20,713.00,"14,260.00"
2019-01-10,2019011001002432,SPDL,6,7,977,92.00,"89,884.00"
2019-01-10,2019011001002419,SPDL,34,7,200,93.00,"18,600.00"
2019-01-10,2019011001002418,SPDL,8,7,90,93.00,"8,370.00"
2019-01-10,2019011001002417,SPDL,37,7,90,94.00,"8,460.00"
2019-01-10,2019011001002577,SRBL,53,49,82,214.00,"17,548.00"
2019-01-10,2019011001002568,SRBL,34,35,130,215.00,"27,950.00"
2019-01-10,2019011001002529,SRBL,35,35,70,215.00,"15,050.00"
2019-01-10,2019011001002454,SRBL,53,45,26,214.00,"5,564.00"
2019-01-10,2019011001002716,SWBBL,32,14,20,860.00,"17,200.00"
2019-01-10,2019011001002702,SWBBL,58,14,30,860.00,"25,800.00"
2019-01-10,2019011001002493,SWBBL,58,21,70,860.00,"60,200.00"
2019-01-10,2019011001002625,TRH,57,45,10,250.00,"2,500.00"
2019-01-10,2019011001002612,TRH,57,48,90,247.00,"22,230.00"
2019-01-10,2019011001002470,UMHL,25,57,131,122.00,"15,982.00"
2019-01-10,2019011001002469,UMHL,45,57,50,123.00,"6,150.00"
2019-01-10,2019011001002518,WOMI,21,38,20,955.00,"19,100.00"
2019-01-10,2019011001002354,ADBL,26,35,233,349.00,"81,317.00"
2019-01-10,2019011001002129,ADBL,38,38,2,350.00,700.00
2019-01-10,2019011001001998,ADBL,26,49,809,349.00,"282,341.00"
2019-01-10,2019011001001997,ADBL,8,49,364,350.00,"127,400.00"
2019-01-10,2019011001001996,ADBL,1,49,20,351.00,"7,020.00"
2019-01-10,2019011001002037,AHPC,59,39,"2,000",106.00,"212,000.00"
2019-01-10,2019011001001897,AHPC,45,28,200,106.00,"21,200.00"
2019-01-10,2019011001001896,AHPC,42,28,100,106.00,"10,600.00"
2019-01-10,2019011001002334,AKJCL,57,39,10,93.00,930.00
2019-01-10,2019011001002305,AKJCL,21,14,10,94.00,940.00
2019-01-10,2019011001002304,AKJCL,21,10,20,94.00,"1,880.00"
2019-01-10,2019011001002303,AKJCL,21,25,20,94.00,"1,880.00"
2019-01-10,2019011001002302,AKJCL,21,25,20,94.00,"1,880.00"
2019-01-10,2019011001002301,AKJCL,21,25,20,94.00,"1,880.00"
2019-01-10,2019011001002294,AKJCL,21,25,20,94.00,"1,880.00"
2019-01-10,2019011001002057,AKJCL,35,25,20,94.00,"1,880.00"
2019-01-10,2019011001002056,AKJCL,35,25,20,94.00,"1,880.00"
2019-01-10,2019011001002055,AKJCL,35,25,10,94.00,940.00
2019-01-10,2019011001002054,AKJCL,35,25,10,94.00,940.00
2019-01-10,2019011001002053,AKJCL,35,25,10,94.00,940.00
2019-01-10,2019011001002300,AKJCL,21,25,10,94.00,940.00
2019-01-10,2019011001002299,AKJCL,21,25,20,94.00,"1,880.00"
2019-01-10,2019011001002298,AKJCL,21,25,10,94.00,940.00
2019-01-10,2019011001002297,AKJCL,21,25,20,94.00,"1,880.00"
2019-01-10,2019011001002296,AKJCL,21,25,10,94.00,940.00
2019-01-10,2019011001002295,AKJCL,21,25,20,94.00,"1,880.00"
2019-01-10,2019011001002368,AKPL,53,52,13,184.00,"2,392.00"
2019-01-10,2019011001002180,AKPL,53,21,20,184.00,"3,680.00"
2019-01-10,2019011001001917,AKPL,53,43,77,184.00,"14,168.00"
2019-01-10,2019011001001916,AKPL,47,43,90,184.00,"16,560.00"
2019-01-10,2019011001001915,AKPL,39,43,15,184.00,"2,760.00"
2019-01-10,2019011001001914,AKPL,55,43,10,186.00,"1,860.00"
2019-01-10,2019011001002288,ALICL,49,13,167,615.00,"102,705.00"
2019-01-10,2019011001002287,ALICL,50,13,83,616.00,"51,128.00"
2019-01-10,2019011001002122,ALICL,50,11,17,616.00,"10,472.00"
2019-01-10,2019011001002121,ALICL,45,11,90,616.00,"55,440.00"
2019-01-10,2019011001001926,ALICL,45,17,38,618.00,"23,484.00"
2019-01-10,2019011001001925,ALICL,45,17,52,618.00,"32,136.00"
2019-01-10,2019011001002236,AMFI,35,26,10,760.00,"7,600.00"
2019-01-10,2019011001002235,AMFI,35,58,10,760.00,"7,600.00"
2019-01-10,2019011001001960,API,39,11,358,154.00,"55,132.00"
2019-01-10,2019011001001910,API,5,11,19,154.00,"2,926.00"
2019-01-10,2019011001001909,API,5,10,14,154.00,"2,156.00"
2019-01-10,2019011001001908,API,5,52,17,154.00,"2,618.00"
2019-01-10,2019011001002083,BARUN,17,25,10,104.00,"1,040.00"
2019-01-10,2019011001002333,BOKL,33,10,170,331.00,"56,270.00"
2019-01-10,2019011001002261,BOKL,54,50,766,332.00,"254,312.00"
2019-01-10,2019011001002254,BOKL,54,50,500,332.00,"166,000.00"
2019-01-10,2019011001002253,BOKL,54,43,569,332.00,"188,908.00"
2019-01-10,2019011001001892,BOKL,54,22,955,332.00,"317,060.00"
2019-01-10,2019011001001891,BOKL,54,38,14,332.00,"4,648.00"
2019-01-10,2019011001002079,BOKL,26,45,500,332.00,"166,000.00"
2019-01-10,2019011001002078,BOKL,28,45,128,332.00,"42,496.00"
2019-01-10,2019011001002032,BOKL,28,58,69,332.00,"22,908.00"
2019-01-10,2019011001002005,BOKL,28,13,103,332.00,"34,196.00"
2019-01-10,2019011001001992,BOKL,22,13,100,332.00,"33,200.00"
2019-01-10,2019011001001991,BOKL,32,13,500,332.00,"166,000.00"
2019-01-10,2019011001002209,BOKL,42,13,100,332.00,"33,200.00"
2019-01-10,2019011001002185,BOKL,28,13,264,332.00,"87,648.00"
2019-01-10,2019011001002184,BOKL,28,33,236,332.00,"78,352.00"
2019-01-10,2019011001002136,BOKL,11,33,164,332.00,"54,448.00"
2019-01-10,2019011001002135,BOKL,11,45,36,332.00,"11,952.00"
2019-01-10,2019011001002127,BOKL,35,45,30,332.00,"9,960.00"
2019-01-10,2019011001002252,BOKL,54,6,165,332.00,"54,780.00"
2019-01-10,2019011001002251,BOKL,33,43,113,331.00,"37,403.00"
2019-01-10,2019011001002234,BOKL,26,6,64,332.00,"21,248.00"
2019-01-10,2019011001002233,BOKL,26,25,200,332.00,"66,400.00"
2019-01-10,2019011001002232,BOKL,26,13,36,332.00,"11,952.00"
2019-01-10,2019011001002231,BOKL,45,13,100,332.00,"33,200.00"
2019-01-10,2019011001002332,BPCL,58,49,280,370.00,"103,600.00"
2019-01-10,2019011001002324,BPCL,58,39,10,370.00,"3,700.00"
2019-01-10,2019011001002318,BPCL,58,39,10,370.00,"3,700.00"
2019-01-10,2019011001002220,CBBL,53,11,83,850.00,"70,550.00"
2019-01-10,2019011001002219,CBBL,53,34,50,850.00,"42,500.00"
2019-01-10,2019011001002218,CBBL,53,25,100,850.00,"85,000.00"
2019-01-10,2019011001002217,CBBL,53,22,200,848.00,"169,600.00"
2019-01-10,2019011001002216,CBBL,53,53,50,847.00,"42,350.00"
2019-01-10,2019011001002215,CBBL,53,4,50,847.00,"42,350.00"
2019-01-10,2019011001002158,CBBL,55,1,50,842.00,"42,100.00"
2019-01-10,2019011001002157,CBBL,55,38,50,842.00,"42,100.00"
2019-01-10,2019011001002214,CBBL,53,43,50,847.00,"42,350.00"
2019-01-10,2019011001002213,CBBL,53,34,20,846.00,"16,920.00"
2019-01-10,2019011001002212,CBBL,53,46,10,845.00,"8,450.00"
2019-01-10,2019011001002161,CBBL,53,45,50,844.00,"42,200.00"
2019-01-10,2019011001002160,CBBL,53,58,70,844.00,"59,080.00"
2019-01-10,2019011001002159,CBBL,53,7,100,843.00,"84,300.00"
2019-01-10,2019011001002327,CBL,58,6,70,162.00,"11,340.00"
2019-01-10,2019011001002308,CBL,58,28,100,162.00,"16,200.00"
2019-01-10,2019011001002237,CBL,58,38,177,163.00,"28,851.00"
2019-01-10,2019011001002225,CBL,6,6,"2,500",162.00,"405,000.00"
2019-01-10,2019011001002095,CBL,38,38,65,162.00,"10,530.00"
2019-01-10,2019011001002072,CBL,38,38,65,162.00,"10,530.00"
2019-01-10,2019011001002003,CBL,25,36,100,161.00,"16,100.00"
2019-01-10,2019011001001987,CBL,14,19,18,162.00,"2,916.00"
2019-01-10,2019011001001986,CBL,48,19,"1,000",162.00,"162,000.00"
2019-01-10,2019011001001985,CBL,51,19,500,162.00,"81,000.00"
2019-01-10,2019011001001984,CBL,49,19,"2,900",162.00,"469,800.00"
2019-01-10,2019011001001937,CBL,49,13,100,162.00,"16,200.00"
2019-01-10,2019011001002356,CCBL,35,50,200,172.00,"34,400.00"
2019-01-10,2019011001002350,CCBL,4,16,61,171.00,"10,431.00"
2019-01-10,2019011001002307,CCBL,52,50,892,172.00,"153,424.00"
2019-01-10,2019011001002306,CCBL,52,25,108,172.00,"18,576.00"
2019-01-10,2019011001002187,CHCL,50,3,174,545.00,"94,830.00"
2019-01-10,2019011001002175,CHCL,50,39,66,545.00,"35,970.00"
2019-01-10,2019011001001901,CHCL,46,16,120,546.00,"65,520.00"
2019-01-10,2019011001002008,CLBSL,45,19,10,659.00,"6,590.00"
2019-01-10,2019011001002263,CZBIL,57,22,71,214.00,"15,194.00"
2019-01-10,2019011001002069,CZBIL,57,57,100,214.00,"21,400.00"
2019-01-10,2019011001001975,CZBIL,57,25,639,214.00,"136,746.00"
2019-01-10,2019011001001961,CZBIL,57,39,500,214.00,"107,000.00"
2019-01-10,2019011001001889,CZBIL,57,1,10,214.00,"2,140.00"
2019-01-10,2019011001002315,DBBL,6,49,49,126.00,"6,174.00"
2019-01-10,2019011001002267,DBBL,32,13,300,127.00,"38,100.00"
2019-01-10,2019011001002266,DBBL,10,13,300,127.00,"38,100.00"
2019-01-10,2019011001002265,DBBL,35,13,100,127.00,"12,700.00"
2019-01-10,2019011001002264,DBBL,19,13,158,127.00,"20,066.00"
2019-01-10,2019011001002019,DBBL,19,7,41,127.00,"5,207.00"
2019-01-10,2019011001001958,DDBL,44,32,30,580.00,"17,400.00"
2019-01-10,2019011001001912,DDBL,44,21,22,580.00,"12,760.00"
2019-01-10,2019011001001902,DDBL,44,59,116,575.00,"66,700.00"
2019-01-10,2019011001001886,DDBL,44,34,23,580.00,"13,340.00"
2019-01-10,2019011001002211,EBL,57,25,500,537.00,"268,500.00"
2019-01-10,2019011001002210,EBL,57,25,250,536.00,"134,000.00"
2019-01-10,2019011001001972,EBL,17,48,20,533.00,"10,660.00"
2019-01-10,2019011001001971,EBL,14,48,100,533.00,"53,300.00"
2019-01-10,2019011001001970,EBL,14,48,100,534.00,"53,400.00"
2019-01-10,2019011001001969,EBL,1,48,80,535.00,"42,800.00"
2019-01-10,2019011001001895,EBL,1,1,45,535.00,"24,075.00"
2019-01-10,2019011001002316,GBBL,34,28,340,189.00,"64,260.00"
2019-01-10,2019011001002330,GBIME,41,6,22,270.00,"5,940.00"
2019-01-10,2019011001002076,GBIME,34,48,46,269.00,"12,374.00"
2019-01-10,2019011001002075,GBIME,28,48,200,269.00,"53,800.00"
2019-01-10,2019011001002074,GBIME,56,48,200,270.00,"54,000.00"
2019-01-10,2019011001002073,GBIME,39,48,116,270.00,"31,320.00"
2019-01-10,2019011001002312,GDBL,17,28,60,188.00,"11,280.00"
2019-01-10,2019011001002270,GDBL,25,14,100,190.00,"19,000.00"
2019-01-10,2019011001002183,GDBL,45,16,194,189.00,"36,666.00"
2019-01-10,2019011001002182,GDBL,32,16,171,189.00,"32,319.00"
2019-01-10,2019011001002181,GDBL,32,16,135,189.00,"25,515.00"
2019-01-10,2019011001002152,GFCL,14,56,385,117.00,"45,045.00"
2019-01-10,2019011001002326,GLICL,56,49,15,718.00,"10,770.00"
