Date,Transact. No.,Symbol,Buyer,Seller,Quantity,Rate,Amount
2019-01-09,2019010901003205,ADBL,10,56,93,348.00,"32,364.00"
2019-01-09,2019010901003204,ADBL,52,56,50,348.00,"17,400.00"
2019-01-09,2019010901003203,ADBL,45,56,30,348.00,"10,440.00"
2019-01-09,2019010901003171,ADBL,59,56,500,349.00,"174,500.00"
2019-01-09,2019010901003170,ADBL,59,56,36,349.00,"12,564.00"
2019-01-09,2019010901003059,ADBL,29,56,80,350.00,"28,000.00"
2019-01-09,2019010901003112,AHPC,59,28,648,106.00,"68,688.00"
2019-01-09,2019010901003041,AHPC,59,50,122,106.00,"12,932.00"
2019-01-09,2019010901003040,AHPC,59,39,230,106.00,"24,380.00"
2019-01-09,2019010901002990,AHPC,22,26,50,105.00,"5,250.00"
2019-01-09,2019010901002970,AHPC,52,26,450,105.00,"47,250.00"
2019-01-09,2019010901002764,AHPC,47,58,200,105.00,"21,000.00"
2019-01-09,2019010901002763,AHPC,52,58,300,105.00,"31,500.00"
2019-01-09,2019010901002751,AHPC,43,33,50,105.00,"5,250.00"
2019-01-09,2019010901002762,AKJCL,57,16,20,94.00,"1,880.00"
2019-01-09,2019010901002989,AKPL,28,28,186,187.00,"34,782.00"
2019-01-09,2019010901003197,ALICL,16,52,10,618.00,"6,180.00"
2019-01-09,2019010901003117,ALICL,49,48,50,615.00,"30,750.00"
2019-01-09,2019010901002809,ALICL,33,47,30,619.00,"18,570.00"
2019-01-09,2019010901002808,ALICL,33,38,800,615.00,"492,000.00"
2019-01-09,2019010901002817,AMFI,45,39,50,760.00,"38,000.00"
2019-01-09,2019010901002816,AMFI,45,14,10,760.00,"7,600.00"
2019-01-09,2019010901002815,AMFI,45,6,50,759.00,"37,950.00"
2019-01-09,2019010901003184,API,39,21,29,154.00,"4,466.00"
2019-01-09,2019010901003152,API,25,44,150,157.00,"23,550.00"
2019-01-09,2019010901003062,API,39,53,"1,500",156.00,"234,000.00"
2019-01-09,2019010901003017,API,52,25,500,154.00,"77,000.00"
2019-01-09,2019010901002912,API,25,44,100,157.00,"15,700.00"
2019-01-09,2019010901002908,API,25,42,100,156.00,"15,600.00"
2019-01-09,2019010901002733,API,5,40,460,153.00,"70,380.00"
2019-01-09,2019010901002732,API,5,22,50,152.00,"7,600.00"
2019-01-09,2019010901002788,API,39,22,"2,000",155.00,"310,000.00"
2019-01-09,2019010901002776,API,39,22,"2,000",155.00,"310,000.00"
2019-01-09,2019010901002767,API,39,22,210,155.00,"32,550.00"
2019-01-09,2019010901002766,API,39,44,100,155.00,"15,500.00"
2019-01-09,2019010901002765,API,39,25,690,154.00,"106,260.00"
2019-01-09,2019010901002750,API,5,39,20,153.00,"3,060.00"
2019-01-09,2019010901002907,API,39,42,200,153.00,"30,600.00"
2019-01-09,2019010901002906,API,5,42,200,153.00,"30,600.00"
2019-01-09,2019010901002876,API,5,42,270,153.00,"41,310.00"
2019-01-09,2019010901002856,API,39,42,200,154.00,"30,800.00"
2019-01-09,2019010901002804,API,25,47,100,157.00,"15,700.00"
2019-01-09,2019010901002791,API,39,22,790,155.00,"122,450.00"
2019-01-09,2019010901003200,BHBL,38,1,10,142.00,"1,420.00"
2019-01-09,2019010901003159,BOKL,45,33,98,332.00,"32,536.00"
2019-01-09,2019010901003158,BOKL,45,13,102,332.00,"33,864.00"
2019-01-09,2019010901003156,BOKL,57,46,100,331.00,"33,100.00"
2019-01-09,2019010901003078,BOKL,57,25,482,331.00,"159,542.00"
2019-01-09,2019010901003057,BOKL,57,35,200,331.00,"66,200.00"
2019-01-09,2019010901003039,BOKL,57,14,560,331.00,"185,360.00"
2019-01-09,2019010901002863,BOKL,11,6,51,331.00,"16,881.00"
2019-01-09,2019010901002862,BOKL,11,1,26,331.00,"8,606.00"
2019-01-09,2019010901002774,BOKL,11,1,100,331.00,"33,100.00"
2019-01-09,2019010901002731,BOKL,19,1,100,331.00,"33,100.00"
2019-01-09,2019010901002711,BOKL,48,22,100,331.00,"33,100.00"
2019-01-09,2019010901003199,BPCL,6,49,30,370.00,"11,100.00"
2019-01-09,2019010901002820,BPCL,6,14,118,370.00,"43,660.00"
2019-01-09,2019010901002709,CBBL,58,35,"1,199",821.00,"984,379.00"
2019-01-09,2019010901002723,CBBLPO,38,45,"1,000",110.00,"110,000.00"
2019-01-09,2019010901002710,CBBLPO,38,45,"99,000",110.00,"10,890,000.00"
2019-01-09,2019010901003092,CBL,43,57,10,163.00,"1,630.00"
2019-01-09,2019010901003025,CBL,6,6,300,162.00,"48,600.00"
2019-01-09,2019010901002786,CBL,6,45,50,162.00,"8,100.00"
2019-01-09,2019010901003150,CCBL,13,39,21,172.00,"3,612.00"
2019-01-09,2019010901002706,CCBL,49,17,49,171.00,"8,379.00"
2019-01-09,2019010901002964,CHCL,37,48,130,545.00,"70,850.00"
2019-01-09,2019010901002914,CHCL,17,48,100,547.00,"54,700.00"
2019-01-09,2019010901003180,CHL,51,41,13,103.00,"1,339.00"
2019-01-09,2019010901003182,CIT,39,45,30,"2,270.00","68,100.00"
2019-01-09,2019010901003122,CIT,59,28,95,"2,265.00","215,175.00"
2019-01-09,2019010901003106,CIT,5,28,30,"2,265.00","67,950.00"
2019-01-09,2019010901002909,CIT,34,58,10,"2,257.00","22,570.00"
2019-01-09,2019010901002796,CLBSL,22,42,50,670.00,"33,500.00"
2019-01-09,2019010901002959,CZBIL,57,22,21,214.00,"4,494.00"
2019-01-09,2019010901002958,CZBIL,22,22,400,214.00,"85,600.00"
2019-01-09,2019010901002957,CZBIL,4,22,79,214.00,"16,906.00"
2019-01-09,2019010901002879,CZBIL,4,4,421,214.00,"90,094.00"
2019-01-09,2019010901002878,CZBIL,38,4,170,214.00,"36,380.00"
2019-01-09,2019010901003194,DBBL,32,13,100,128.00,"12,800.00"
2019-01-09,2019010901003091,DBBL,1,50,200,127.00,"25,400.00"
2019-01-09,2019010901003198,DDBL,44,25,401,641.00,"257,041.00"
2019-01-09,2019010901003132,DDBL,26,25,21,637.00,"13,377.00"
2019-01-09,2019010901003052,DDBL,44,28,99,636.00,"62,964.00"
2019-01-09,2019010901003051,DDBL,52,28,200,636.00,"127,200.00"
2019-01-09,2019010901003050,DDBL,50,28,10,637.00,"6,370.00"
2019-01-09,2019010901003049,DDBL,22,28,10,637.00,"6,370.00"
2019-01-09,2019010901002800,DDBL,19,17,50,640.00,"32,000.00"
2019-01-09,2019010901002747,DDBL,11,25,64,641.00,"41,024.00"
2019-01-09,2019010901002720,DDBL,11,45,136,641.00,"87,176.00"
2019-01-09,2019010901003012,DDBL,21,16,50,639.00,"31,950.00"
2019-01-09,2019010901003011,DDBL,42,16,10,640.00,"6,400.00"
2019-01-09,2019010901002890,DDBL,53,32,26,640.00,"16,640.00"
2019-01-09,2019010901002889,DDBL,37,32,300,640.00,"192,000.00"
2019-01-09,2019010901002827,DDBL,45,25,420,640.00,"268,800.00"
2019-01-09,2019010901002826,DDBL,19,25,25,640.00,"16,000.00"
2019-01-09,2019010901003048,DDBL,42,28,65,638.00,"41,470.00"
2019-01-09,2019010901003047,DDBL,21,28,20,638.00,"12,760.00"
2019-01-09,2019010901003046,DDBL,34,28,65,638.00,"41,470.00"
2019-01-09,2019010901003015,DDBL,34,16,322,638.00,"205,436.00"
2019-01-09,2019010901003014,DDBL,34,16,100,639.00,"63,900.00"
2019-01-09,2019010901003013,DDBL,21,16,15,639.00,"9,585.00"
2019-01-09,2019010901003189,EBL,14,53,300,532.00,"159,600.00"
2019-01-09,2019010901003154,EBL,6,49,25,531.00,"13,275.00"
2019-01-09,2019010901003153,EBL,44,49,75,531.00,"39,825.00"
2019-01-09,2019010901003111,EBL,48,53,100,532.00,"53,200.00"
2019-01-09,2019010901002730,EBL,1,3,55,535.00,"29,425.00"
2019-01-09,2019010901002928,EBL,19,42,50,534.00,"26,700.00"
2019-01-09,2019010901002929,EIC,41,5,12,845.00,"10,140.00"
2019-01-09,2019010901003053,FMDBL,17,46,62,380.00,"23,560.00"
2019-01-09,2019010901002760,FMDBL,17,52,138,380.00,"52,440.00"
2019-01-09,2019010901002759,FMDBL,17,52,10,380.00,"3,800.00"
2019-01-09,2019010901002968,GBIME,22,46,172,269.00,"46,268.00"
2019-01-09,2019010901002945,GBIME,48,46,"1,000",269.00,"269,000.00"
2019-01-09,2019010901002895,GBIME,48,46,14,269.00,"3,766.00"
2019-01-09,2019010901003195,GBLBS,39,48,80,432.00,"34,560.00"
2019-01-09,2019010901002967,GBLBS,33,48,20,435.00,"8,700.00"
2019-01-09,2019010901002954,GBLBS,39,20,10,432.00,"4,320.00"
2019-01-09,2019010901003137,GDBL,44,52,462,190.00,"87,780.00"
2019-01-09,2019010901003124,GDBL,13,28,88,192.00,"16,896.00"
2019-01-09,2019010901003123,GDBL,13,32,16,192.00,"3,072.00"
2019-01-09,2019010901003074,HBL,38,10,30,460.00,"13,800.00"
2019-01-09,2019010901003073,HBL,28,10,150,460.00,"69,000.00"
2019-01-09,2019010901002991,HGI,58,32,100,405.00,"40,500.00"
2019-01-09,2019010901002773,HGI,33,48,200,404.00,"80,800.00"
2019-01-09,2019010901002726,HGI,26,47,70,403.00,"28,210.00"
2019-01-09,2019010901002707,HGI,52,47,30,404.00,"12,120.00"
2019-01-09,2019010901003081,HIDCL,34,34,20,153.00,"3,060.00"
2019-01-09,2019010901003016,HIDCL,29,42,50,151.00,"7,550.00"
2019-01-09,2019010901003202,IGI,6,13,40,474.00,"18,960.00"
2019-01-09,2019010901003058,IGI,6,37,100,474.00,"47,400.00"
2019-01-09,2019010901002986,JBNL,34,39,225,169.00,"38,025.00"
2019-01-09,2019010901002790,JBNL,34,45,50,169.00,"8,450.00"
2019-01-09,2019010901002752,JBNL,34,44,136,169.00,"22,984.00"
2019-01-09,2019010901002749,JBNL,49,44,520,169.00,"87,880.00"
2019-01-09,2019010901002748,JBNL,16,44,"2,344",169.00,"396,136.00"
2019-01-09,2019010901002738,JBNL,16,44,"2,656",169.00,"448,864.00"
2019-01-09,2019010901002737,JBNL,35,44,100,169.00,"16,900.00"
2019-01-09,2019010901002736,JBNL,47,44,"2,000",169.00,"338,000.00"
2019-01-09,2019010901002735,JBNL,19,44,244,169.00,"41,236.00"
2019-01-09,2019010901002727,JBNL,34,44,500,170.00,"85,000.00"
2019-01-09,2019010901003147,JFL,58,34,829,171.00,"141,759.00"
2019-01-09,2019010901002992,JFL,17,43,55,172.00,"9,460.00"
2019-01-09,2019010901003141,KBL,52,33,500,245.00,"122,500.00"
2019-01-09,2019010901003140,KBL,55,33,500,245.00,"122,500.00"
2019-01-09,2019010901003139,KBL,47,33,200,245.00,"49,000.00"
2019-01-09,2019010901003138,KBL,11,33,200,245.00,"49,000.00"
2019-01-09,2019010901003076,KBL,33,33,100,246.00,"24,600.00"
2019-01-09,2019010901003075,KBL,41,33,396,246.00,"97,416.00"
2019-01-09,2019010901003022,KBL,41,45,455,246.00,"111,930.00"
2019-01-09,2019010901002927,KBL,45,33,500,247.00,"123,500.00"
2019-01-09,2019010901002894,KBL,41,4,149,246.00,"36,654.00"
2019-01-09,2019010901002893,KBL,59,4,751,246.00,"184,746.00"
2019-01-09,2019010901002857,KBL,52,33,200,247.00,"49,400.00"
2019-01-09,2019010901003125,KMCDB,33,58,10,994.00,"9,940.00"
2019-01-09,2019010901003114,KMCDB,7,58,100,980.00,"98,000.00"
2019-01-09,2019010901003113,KMCDB,11,58,100,980.00,"98,000.00"
2019-01-09,2019010901003148,KNBL,43,39,100,121.00,"12,100.00"
2019-01-09,2019010901003066,KPCL,18,42,10,100.00,"1,000.00"
2019-01-09,2019010901002746,KPCL,18,16,10,100.00,"1,000.00"
2019-01-09,2019010901002985,KRBL,43,14,500,100.00,"50,000.00"
2019-01-09,2019010901003043,KSBBL,13,57,307,136.00,"41,752.00"
2019-01-09,2019010901002920,KSBBL,26,57,101,136.00,"13,736.00"
2019-01-09,2019010901002892,KSBBL,26,57,200,136.00,"27,200.00"
2019-01-09,2019010901002798,KSBBL,20,57,173,136.00,"23,528.00"
2019-01-09,2019010901003094,LBBL,1,14,194,171.00,"33,174.00"
2019-01-09,2019010901002940,LBBL,48,46,20,172.00,"3,440.00"
2019-01-09,2019010901002812,LBBL,21,46,27,172.00,"4,644.00"
2019-01-09,2019010901003023,LBL,28,42,225,221.00,"49,725.00"
2019-01-09,2019010901003079,LGIL,43,16,10,543.00,"5,430.00"
2019-01-09,2019010901002936,LGIL,58,38,100,540.00,"54,000.00"
2019-01-09,2019010901002935,LGIL,42,38,200,540.00,"108,000.00"
2019-01-09,2019010901002934,LGIL,32,38,50,541.00,"27,050.00"
2019-01-09,2019010901002741,LGIL,33,45,50,542.00,"27,100.00"
2019-01-09,2019010901002740,LGIL,33,16,500,542.00,"271,000.00"
2019-01-09,2019010901003164,LICN,34,32,32,"1,678.00","53,696.00"
2019-01-09,2019010901003090,LLBS,28,35,20,785.00,"15,700.00"
2019-01-09,2019010901002849,LLBS,34,17,40,771.00,"30,840.00"
2019-01-09,2019010901002848,LLBS,21,17,10,771.00,"7,710.00"
2019-01-09,2019010901002847,LLBS,39,17,20,772.00,"15,440.00"
2019-01-09,2019010901003201,LVF1,53,22,"10,000",10.45,"104,500.00"
2019-01-09,2019010901003070,MBL,11,41,12,207.00,"2,484.00"
2019-01-09,2019010901002861,MBL,6,40,"1,000",208.00,"208,000.00"
2019-01-09,2019010901002860,MBL,6,11,912,208.00,"189,696.00"
2019-01-09,2019010901002824,MBL,11,33,400,207.00,"82,800.00"
2019-01-09,2019010901002823,MBL,33,33,"1,000",207.00,"207,000.00"
2019-01-09,2019010901002822,MBL,46,33,500,207.00,"103,500.00"
2019-01-09,2019010901002779,MBL,57,33,300,207.00,"62,100.00"
2019-01-09,2019010901002739,MBL,57,47,100,207.00,"20,700.00"
2019-01-09,2019010901002821,MBL,34,33,100,207.00,"20,700.00"
2019-01-09,2019010901002784,MBL,34,33,400,207.00,"82,800.00"
2019-01-09,2019010901002783,MBL,55,33,100,207.00,"20,700.00"
2019-01-09,2019010901002782,MBL,55,33,500,207.00,"103,500.00"
2019-01-09,2019010901002781,MBL,11,33,"2,000",207.00,"414,000.00"
2019-01-09,2019010901002780,MBL,32,33,"1,500",207.00,"310,500.00"
2019-01-09,2019010901003166,MEGA,34,32,"2,690",173.00,"465,370.00"
2019-01-09,2019010901003110,MEGA,43,32,10,173.00,"1,730.00"
2019-01-09,2019010901002905,MEGA,34,4,44,172.00,"7,568.00"
2019-01-09,2019010901002904,MEGA,58,4,100,172.00,"17,200.00"
2019-01-09,2019010901002903,MEGA,36,4,160,172.00,"27,520.00"
2019-01-09,2019010901002722,MEGA,36,11,390,172.00,"67,080.00"
2019-01-09,2019010901003077,MERO,25,45,21,"1,065.00","22,365.00"
2019-01-09,2019010901002979,MERO,58,14,29,"1,060.00","30,740.00"
2019-01-09,2019010901002734,MERO,42,11,26,"1,050.00","27,300.00"
2019-01-09,2019010901003178,MLBBL,32,13,76,940.00,"71,440.00"
2019-01-09,2019010901002932,MMFDB,45,6,20,995.00,"19,900.00"
2019-01-09,2019010901003155,MNBBL,49,47,20,349.00,"6,980.00"
2019-01-09,2019010901003129,MNBBL,49,47,152,349.00,"53,048.00"
2019-01-09,2019010901003128,MNBBL,49,45,348,348.00,"121,104.00"
2019-01-09,2019010901003072,MNBBL,28,45,12,348.00,"4,176.00"
2019-01-09,2019010901003067,MNBBL,50,50,300,347.00,"104,100.00"
2019-01-09,2019010901002915,MNBBL,51,43,100,346.00,"34,600.00"
2019-01-09,2019010901003010,MSLB,34,42,20,"1,285.00","25,700.00"
2019-01-09,2019010901003085,NABIL,14,41,25,834.00,"20,850.00"
2019-01-09,2019010901003084,NABIL,43,41,20,834.00,"16,680.00"
2019-01-09,2019010901003003,NABIL,43,6,180,834.00,"150,120.00"
2019-01-09,2019010901002925,NABIL,33,3,35,835.00,"29,225.00"
2019-01-09,2019010901002924,NABIL,28,3,10,835.00,"8,350.00"
2019-01-09,2019010901002916,NABIL,36,3,20,835.00,"16,700.00"
2019-01-09,2019010901002755,NABIL,19,3,50,836.00,"41,800.00"
2019-01-09,2019010901002754,NABIL,17,3,100,837.00,"83,700.00"
2019-01-09,2019010901002753,NABIL,44,3,30,837.00,"25,110.00"
2019-01-09,2019010901002886,NABIL,32,3,95,835.00,"79,325.00"
2019-01-09,2019010901002803,NABIL,6,6,30,836.00,"25,080.00"
2019-01-09,2019010901002795,NABIL,58,34,10,839.00,"8,390.00"
2019-01-09,2019010901002775,NABIL,57,3,70,837.00,"58,590.00"
2019-01-09,2019010901002757,NABIL,6,3,120,836.00,"100,320.00"
2019-01-09,2019010901002756,NABIL,42,3,100,836.00,"83,600.00"
2019-01-09,2019010901002976,NABILP,44,28,154,714.00,"109,956.00"
2019-01-09,2019010901002975,NABILP,43,28,400,715.00,"286,000.00"
2019-01-09,2019010901003063,NADEP,22,42,10,798.00,"7,980.00"
2019-01-09,2019010901002982,NADEP,32,25,125,797.00,"99,625.00"
2019-01-09,2019010901002953,NADEP,32,33,50,797.00,"39,850.00"
2019-01-09,2019010901002859,NADEP,59,26,10,796.00,"7,960.00"
2019-01-09,2019010901002793,NADEP,26,25,70,796.00,"55,720.00"
2019-01-09,2019010901003196,NBB,54,47,100,190.00,"19,000.00"
2019-01-09,2019010901002987,NBB,19,47,50,191.00,"9,550.00"
2019-01-09,2019010901002952,NBB,19,47,50,191.00,"9,550.00"
2019-01-09,2019010901003160,NBL,26,14,"1,281",308.00,"394,548.00"
2019-01-09,2019010901003151,NBL,45,14,300,308.00,"92,400.00"
2019-01-09,2019010901003100,NBL,25,14,400,308.00,"123,200.00"
2019-01-09,2019010901003098,NBL,45,14,300,308.00,"92,400.00"
2019-01-09,2019010901003034,NBL,1,14,173,308.00,"53,284.00"
2019-01-09,2019010901003033,NBL,1,43,127,308.00,"39,116.00"
2019-01-09,2019010901002869,NBL,32,43,200,308.00,"61,600.00"
2019-01-09,2019010901002830,NBL,44,43,299,308.00,"92,092.00"
2019-01-09,2019010901002829,NBL,44,6,100,308.00,"30,800.00"
2019-01-09,2019010901002828,NBL,44,43,101,308.00,"31,108.00"
2019-01-09,2019010901002819,NBL,58,43,899,308.00,"276,892.00"
2019-01-09,2019010901002818,NBL,58,49,"1,101",308.00,"339,108.00"
2019-01-09,2019010901002913,NBL,10,43,"1,000",308.00,"308,000.00"
2019-01-09,2019010901002911,NBL,32,38,100,308.00,"30,800.00"
2019-01-09,2019010901002902,NBL,37,38,899,308.00,"276,892.00"
2019-01-09,2019010901002901,NBL,37,43,101,308.00,"31,108.00"
2019-01-09,2019010901002898,NBL,32,43,100,308.00,"30,800.00"
2019-01-09,2019010901002877,NBL,25,43,300,308.00,"92,400.00"
2019-01-09,2019010901003009,NBL,44,43,873,308.00,"268,884.00"
2019-01-09,2019010901003007,NBL,57,44,120,309.00,"37,080.00"
2019-01-09,2019010901002993,NBL,44,48,"5,027",308.00,"1,548,316.00"
2019-01-09,2019010901002984,NBL,44,42,100,308.00,"30,800.00"
2019-01-09,2019010901002963,NBL,44,43,"1,000",308.00,"308,000.00"
2019-01-09,2019010901002921,NBL,46,42,"1,000",308.00,"308,000.00"
2019-01-09,2019010901003176,NCCB,36,44,"2,000",219.00,"438,000.00"
2019-01-09,2019010901003104,NCCB,58,1,76,218.00,"16,568.00"
2019-01-09,2019010901003103,NCCB,47,1,174,218.00,"37,932.00"
2019-01-09,2019010901003060,NCCB,50,44,500,219.00,"109,500.00"
2019-01-09,2019010901003024,NCCB,32,44,200,219.00,"43,800.00"
2019-01-09,2019010901003018,NCCB,1,44,400,219.00,"87,600.00"
2019-01-09,2019010901002805,NCCB,56,44,500,219.00,"109,500.00"
2019-01-09,2019010901002785,NCCB,14,44,300,219.00,"65,700.00"
2019-01-09,2019010901002721,NCCB,57,44,200,219.00,"43,800.00"
2019-01-09,2019010901003008,NCCB,47,41,300,218.00,"65,400.00"
2019-01-09,2019010901002948,NCCB,53,44,150,219.00,"32,850.00"
2019-01-09,2019010901002946,NCCB,46,44,"2,000",219.00,"438,000.00"
2019-01-09,2019010901002942,NCCB,32,44,500,219.00,"109,500.00"
2019-01-09,2019010901002846,NCCB,26,44,500,219.00,"109,500.00"
2019-01-09,2019010901002838,NCCB,57,44,100,219.00,"21,900.00"
2019-01-09,2019010901002947,NHPC,58,48,500,68.00,"34,000.00"
2019-01-09,2019010901003163,NIB,16,6,179,549.00,"98,271.00"
2019-01-09,2019010901003162,NIB,16,39,515,549.00,"282,735.00"
2019-01-09,2019010901003044,NIB,42,7,200,548.00,"109,600.00"
2019-01-09,2019010901003021,NIB,16,41,350,548.00,"191,800.00"
2019-01-09,2019010901003020,NIB,57,39,50,549.00,"27,450.00"
2019-01-09,2019010901002888,NIB,48,39,10,549.00,"5,490.00"
2019-01-09,2019010901002807,NIB,16,52,550,548.00,"301,400.00"
2019-01-09,2019010901002806,NIB,16,45,406,547.00,"222,082.00"
2019-01-09,2019010901002923,NIBSF1,19,47,"2,000",10.05,"20,100.00"
2019-01-09,2019010901003115,NICA,28,56,200,388.00,"77,600.00"
2019-01-09,2019010901003109,NICA,14,40,500,387.00,"193,500.00"
2019-01-09,2019010901003108,NICA,14,25,10,387.00,"3,870.00"
2019-01-09,2019010901003093,NICA,10,45,50,386.00,"19,300.00"
2019-01-09,2019010901003065,NICA,10,6,20,386.00,"7,720.00"
2019-01-09,2019010901002956,NICA,52,45,500,387.00,"193,500.00"
2019-01-09,2019010901002922,NICA,17,45,100,387.00,"38,700.00"
2019-01-09,2019010901002897,NICA,14,45,150,387.00,"58,050.00"
2019-01-09,2019010901002761,NICA,10,44,300,386.00,"115,800.00"
2019-01-09,2019010901002725,NICA,10,39,342,386.00,"132,012.00"
2019-01-09,2019010901003190,NICL,55,58,10,565.00,"5,650.00"
2019-01-09,2019010901003188,NICL,32,38,110,572.00,"62,920.00"
2019-01-09,2019010901003177,NICL,32,34,90,571.00,"51,390.00"
2019-01-09,2019010901003136,NICL,43,34,10,571.00,"5,710.00"
2019-01-09,2019010901002917,NICL,38,39,312,565.00,"176,280.00"
2019-01-09,2019010901002880,NICL,7,39,100,565.00,"56,500.00"
2019-01-09,2019010901002794,NICL,55,45,20,563.00,"11,260.00"
2019-01-09,2019010901002708,NICL,45,39,465,565.00,"262,725.00"
2019-01-09,2019010901003172,NIL,38,56,20,543.00,"10,860.00"
2019-01-09,2019010901003165,NIL,48,26,500,546.00,"273,000.00"
2019-01-09,2019010901003149,NIL,32,44,200,546.00,"109,200.00"
2019-01-09,2019010901003042,NIL,49,25,30,543.00,"16,290.00"
2019-01-09,2019010901003019,NIL,48,16,325,545.00,"177,125.00"
2019-01-09,2019010901002981,NIL,49,56,10,543.00,"5,430.00"
2019-01-09,2019010901002980,NIL,32,56,50,544.00,"27,200.00"
2019-01-09,2019010901002887,NIL,48,16,381,545.00,"207,645.00"
2019-01-09,2019010901002810,NIL,10,56,"1,000",544.00,"544,000.00"
2019-01-09,2019010901002772,NLBBL,22,16,10,466.00,"4,660.00"
2019-01-09,2019010901002771,NLBBL,25,16,100,466.00,"46,600.00"
2019-01-09,2019010901002770,NLBBL,37,16,100,468.00,"46,800.00"
2019-01-09,2019010901002769,NLBBL,19,16,100,469.00,"46,900.00"
2019-01-09,2019010901002768,NLBBL,21,16,50,469.00,"23,450.00"
2019-01-09,2019010901002742,NLBBL,22,16,200,470.00,"94,000.00"
2019-01-09,2019010901003131,NLIC,53,5,133,"1,100.00","146,300.00"
2019-01-09,2019010901003130,NLIC,53,42,17,"1,100.00","18,700.00"
2019-01-09,2019010901003097,NLIC,29,1,17,"1,099.00","18,683.00"
2019-01-09,2019010901003096,NLIC,29,1,24,"1,099.00","26,376.00"
2019-01-09,2019010901003095,NLIC,29,1,41,"1,099.00","45,059.00"
2019-01-09,2019010901003055,NLIC,55,1,68,"1,099.00","74,732.00"
2019-01-09,2019010901002714,NLIC,46,28,90,"1,098.00","98,820.00"
2019-01-09,2019010901002918,NLIC,56,4,100,"1,096.00","109,600.00"
2019-01-09,2019010901002896,NLIC,52,17,10,"1,097.00","10,970.00"
2019-01-09,2019010901002825,NLIC,46,17,100,"1,097.00","109,700.00"
2019-01-09,2019010901002811,NLIC,34,17,50,"1,097.00","54,850.00"
2019-01-09,2019010901002724,NLIC,34,53,50,"1,097.00","54,850.00"
2019-01-09,2019010901002715,NLIC,52,28,30,"1,098.00","32,940.00"
2019-01-09,2019010901003054,NLIC,55,28,32,"1,098.00","35,136.00"
2019-01-09,2019010901003006,NLIC,7,28,100,"1,098.00","109,800.00"
2019-01-09,2019010901002973,NLIC,58,28,50,"1,098.00","54,900.00"
2019-01-09,2019010901002931,NLIC,33,17,43,"1,096.00","47,128.00"
2019-01-09,2019010901002926,NLIC,58,17,14,"1,097.00","15,358.00"
2019-01-09,2019010901002919,NLIC,33,4,62,"1,096.00","67,952.00"
2019-01-09,2019010901003102,NLICL,32,16,100,715.00,"71,500.00"
2019-01-09,2019010901003101,NLICL,32,45,60,714.00,"42,840.00"
2019-01-09,2019010901003068,NLICL,1,54,100,713.00,"71,300.00"
2019-01-09,2019010901002950,NLICL,32,14,55,712.00,"39,160.00"
2019-01-09,2019010901002868,NLICL,37,14,450,712.00,"320,400.00"
2019-01-09,2019010901002867,NLICL,57,14,300,712.00,"213,600.00"
2019-01-09,2019010901002866,NLICL,28,14,100,713.00,"71,300.00"
2019-01-09,2019010901002865,NLICL,16,14,95,713.00,"67,735.00"
2019-01-09,2019010901002745,NLICL,35,45,100,714.00,"71,400.00"
2019-01-09,2019010901003181,NMB,43,13,60,326.00,"19,560.00"
2019-01-09,2019010901003087,NMB,13,32,10,327.00,"3,270.00"
2019-01-09,2019010901003061,NMB,43,52,300,326.00,"97,800.00"
2019-01-09,2019010901002855,NMB,11,6,66,326.00,"21,516.00"
2019-01-09,2019010901002836,NMB,11,43,183,326.00,"59,658.00"
2019-01-09,2019010901002835,NMB,26,43,509,326.00,"165,934.00"
2019-01-09,2019010901002834,NMB,1,43,200,326.00,"65,200.00"
2019-01-09,2019010901002833,NMB,17,43,608,326.00,"198,208.00"
2019-01-09,2019010901002831,NMB,11,32,500,327.00,"163,500.00"
2019-01-09,2019010901002813,NMBMF,5,55,35,"1,122.00","39,270.00"
2019-01-09,2019010901002994,NMFBS,29,6,12,"1,515.00","18,180.00"
2019-01-09,2019010901002983,NMFBS,45,6,12,"1,516.00","18,192.00"
2019-01-09,2019010901002977,NMFBS,45,6,12,"1,516.00","18,192.00"
2019-01-09,2019010901002951,NMFBS,45,4,12,"1,516.00","18,192.00"
2019-01-09,2019010901002713,NNLB,19,29,10,604.00,"6,040.00"
2019-01-09,2019010901003187,NSEWA,11,29,10,578.00,"5,780.00"
2019-01-09,2019010901003186,NSEWA,11,35,10,575.00,"5,750.00"
2019-01-09,2019010901003135,NTC,45,10,80,730.00,"58,400.00"
2019-01-09,2019010901003134,NTC,25,10,100,731.00,"73,100.00"
2019-01-09,2019010901003133,NTC,13,10,20,731.00,"14,620.00"
2019-01-09,2019010901002864,NTC,34,42,10,733.00,"7,330.00"
2019-01-09,2019010901002837,NTC,35,42,10,733.00,"7,330.00"
2019-01-09,2019010901003080,NUBL,53,45,500,768.00,"384,000.00"
2019-01-09,2019010901003086,OHL,16,41,100,445.00,"44,500.00"
2019-01-09,2019010901003107,PCBL,57,28,73,331.00,"24,163.00"
2019-01-09,2019010901002858,PCBL,53,28,100,332.00,"33,200.00"
2019-01-09,2019010901002853,PCBL,50,28,100,332.00,"33,200.00"
2019-01-09,2019010901002852,PCBL,25,28,200,332.00,"66,400.00"
2019-01-09,2019010901002851,PCBL,36,28,200,332.00,"66,400.00"
2019-01-09,2019010901002850,PCBL,11,28,380,332.00,"126,160.00"
2019-01-09,2019010901003099,PCBLP,43,38,"50,000",202.00,"10,100,000.00"
2019-01-09,2019010901002875,PIC,51,44,101,"1,026.00","103,626.00"
2019-01-09,2019010901002874,PIC,37,44,61,"1,027.00","62,647.00"
2019-01-09,2019010901002777,PIC,37,45,24,"1,027.00","24,648.00"
2019-01-09,2019010901002900,PLIC,53,16,500,505.00,"252,500.00"
2019-01-09,2019010901002938,PMHPL,43,38,10,118.00,"1,180.00"
2019-01-09,2019010901002885,PMHPL,57,38,10,116.00,"1,160.00"
2019-01-09,2019010901002854,PMHPL,57,38,10,116.00,"1,160.00"
2019-01-09,2019010901003116,PRIN,28,22,20,459.00,"9,180.00"
2019-01-09,2019010901002937,PRIN,32,51,200,456.00,"91,200.00"
2019-01-09,2019010901002843,PRIN,34,38,102,455.00,"46,410.00"
2019-01-09,2019010901002842,PRIN,7,38,200,455.00,"91,000.00"
2019-01-09,2019010901002841,PRIN,28,38,81,455.00,"36,855.00"
2019-01-09,2019010901002840,PRIN,36,38,63,456.00,"28,728.00"
2019-01-09,2019010901002839,PRIN,32,38,50,457.00,"22,850.00"
2019-01-09,2019010901002832,PRIN,36,6,237,456.00,"108,072.00"
2019-01-09,2019010901002799,PRIN,52,36,300,457.00,"137,100.00"
2019-01-09,2019010901002778,PRIN,36,44,200,456.00,"91,200.00"
2019-01-09,2019010901002744,PRIN,47,36,200,457.00,"91,400.00"
2019-01-09,2019010901002743,PRIN,47,45,800,457.00,"365,600.00"
2019-01-09,2019010901003175,PRVU,4,46,13,248.00,"3,224.00"
2019-01-09,2019010901003174,PRVU,4,50,107,247.00,"26,429.00"
2019-01-09,2019010901003105,PRVU,13,50,10,247.00,"2,470.00"
2019-01-09,2019010901002899,PRVU,14,53,500,246.00,"123,000.00"
2019-01-09,2019010901002873,PRVU,14,6,65,246.00,"15,990.00"
2019-01-09,2019010901002872,PRVU,59,6,500,246.00,"123,000.00"
2019-01-09,2019010901003161,RMDC,32,17,200,558.00,"111,600.00"
2019-01-09,2019010901003127,RMDC,50,5,123,555.00,"68,265.00"
2019-01-09,2019010901003045,RRHP,57,42,10,103.00,"1,030.00"
2019-01-09,2019010901003126,RSDC,34,41,10,394.00,"3,940.00"
2019-01-09,2019010901003002,SANIMA,48,39,261,309.00,"80,649.00"
2019-01-09,2019010901003001,SANIMA,48,6,"1,202",308.00,"370,216.00"
2019-01-09,2019010901003000,SANIMA,48,25,160,308.00,"49,280.00"
2019-01-09,2019010901002999,SANIMA,48,25,"1,500",308.00,"462,000.00"
2019-01-09,2019010901002998,SANIMA,48,50,100,308.00,"30,800.00"
2019-01-09,2019010901002997,SANIMA,48,45,300,308.00,"92,400.00"
2019-01-09,2019010901002882,SANIMA,6,33,"1,000",306.00,"306,000.00"
2019-01-09,2019010901002881,SANIMA,49,33,438,306.00,"134,028.00"
2019-01-09,2019010901002729,SANIMA,42,29,35,307.00,"10,745.00"
2019-01-09,2019010901002996,SANIMA,48,33,"1,462",307.00,"448,834.00"
2019-01-09,2019010901002995,SANIMA,48,29,15,307.00,"4,605.00"
2019-01-09,2019010901002933,SANIMA,19,29,50,307.00,"15,350.00"
2019-01-09,2019010901002891,SANIMA,37,32,200,305.00,"61,000.00"
2019-01-09,2019010901002884,SANIMA,11,33,100,306.00,"30,600.00"
2019-01-09,2019010901002883,SANIMA,34,33,"2,000",306.00,"612,000.00"
2019-01-09,2019010901003167,SBI,57,10,280,392.00,"109,760.00"
2019-01-09,2019010901003088,SBI,19,52,100,394.00,"39,400.00"
2019-01-09,2019010901002789,SBI,58,10,20,395.00,"7,900.00"
2019-01-09,2019010901003144,SBL,36,6,100,291.00,"29,100.00"
2019-01-09,2019010901003121,SBL,36,25,106,291.00,"30,846.00"
2019-01-09,2019010901003083,SBL,58,4,68,290.00,"19,720.00"
2019-01-09,2019010901003036,SBL,58,42,200,290.00,"58,000.00"
2019-01-09,2019010901003035,SBL,34,42,59,290.00,"17,110.00"
2019-01-09,2019010901002966,SBL,49,4,500,291.00,"145,500.00"
2019-01-09,2019010901002965,SBL,44,4,30,291.00,"8,730.00"
2019-01-09,2019010901002792,SCB,41,3,30,605.00,"18,150.00"
2019-01-09,2019010901003038,SDESI,17,26,26,651.00,"16,926.00"
2019-01-09,2019010901003037,SDESI,45,26,20,652.00,"13,040.00"
2019-01-09,2019010901003064,SEF,22,52,"10,000",9.14,"91,400.00"
2019-01-09,2019010901003173,SHINE,28,21,15,250.00,"3,750.00"
2019-01-09,2019010901003157,SHINE,28,41,20,249.00,"4,980.00"
2019-01-09,2019010901002870,SHINE,14,41,20,245.00,"4,900.00"
2019-01-09,2019010901002871,SHINE,14,41,30,245.00,"7,350.00"
2019-01-09,2019010901002845,SHL,49,38,500,205.00,"102,500.00"
2019-01-09,2019010901002844,SHL,49,41,800,205.00,"164,000.00"
2019-01-09,2019010901002712,SIC,39,58,10,"1,340.00","13,400.00"
2019-01-09,2019010901003179,SICL,10,6,65,912.00,"59,280.00"
2019-01-09,2019010901002972,SICL,10,4,371,912.00,"338,352.00"
2019-01-09,2019010901002971,SICL,50,4,100,913.00,"91,300.00"
2019-01-09,2019010901002969,SIL,7,35,30,656.00,"19,680.00"
2019-01-09,2019010901002797,SIL,49,21,100,657.00,"65,700.00"
2019-01-09,2019010901002787,SIL,49,44,100,657.00,"65,700.00"
2019-01-09,2019010901003143,SINDU,43,32,980,118.00,"115,640.00"
2019-01-09,2019010901003142,SINDU,29,32,20,118.00,"2,360.00"
2019-01-09,2019010901003082,SKBBL,49,49,65,"1,060.00","68,900.00"
2019-01-09,2019010901003032,SKBBL,42,49,20,"1,060.00","21,200.00"
2019-01-09,2019010901003031,SKBBL,54,49,200,"1,060.00","212,000.00"
2019-01-09,2019010901003030,SKBBL,52,49,50,"1,061.00","53,050.00"
2019-01-09,2019010901003029,SKBBL,22,49,15,"1,061.00","15,915.00"
2019-01-09,2019010901003028,SKBBL,33,49,60,"1,062.00","63,720.00"
2019-01-09,2019010901003027,SKBBL,1,49,50,"1,063.00","53,150.00"
2019-01-09,2019010901003004,SKBBL,1,45,50,"1,063.00","53,150.00"
2019-01-09,2019010901002978,SKBBL,1,7,100,"1,063.00","106,300.00"
2019-01-09,2019010901003145,SLBBL,28,1,50,543.00,"27,150.00"
2019-01-09,2019010901002974,SLBBL,45,41,30,540.00,"16,200.00"
2019-01-09,2019010901003192,SLICL,34,57,10,562.00,"5,620.00"
2019-01-09,2019010901003168,SLICL,53,49,140,560.00,"78,400.00"
2019-01-09,2019010901002814,SLICL,50,34,290,560.00,"162,400.00"
2019-01-09,2019010901002802,SLICL,16,34,200,560.00,"112,000.00"
2019-01-09,2019010901002728,SLICL,22,34,10,560.00,"5,600.00"
2019-01-09,2019010901002988,SMATA,57,58,10,"1,084.00","10,840.00"
2019-01-09,2019010901002949,SMB,37,39,10,628.00,"6,280.00"
2019-01-09,2019010901002939,SMB,37,48,10,625.00,"6,250.00"
2019-01-09,2019010901002930,SMFDB,32,21,10,706.00,"7,060.00"
2019-01-09,2019010901003146,SRBL,28,39,10,218.00,"2,180.00"
2019-01-09,2019010901003071,SRBL,48,57,"1,000",216.00,"216,000.00"
2019-01-09,2019010901003193,SWBBL,53,6,78,868.00,"67,704.00"
2019-01-09,2019010901003169,SWBBL,53,14,200,864.00,"172,800.00"
2019-01-09,2019010901003056,SWBBL,53,4,60,860.00,"51,600.00"
2019-01-09,2019010901002941,SWBBL,53,28,200,860.00,"172,000.00"
2019-01-09,2019010901003069,TRH,28,33,50,239.00,"11,950.00"
2019-01-09,2019010901002910,TRH,57,48,40,243.00,"9,720.00"
2019-01-09,2019010901002719,TRH,28,17,10,239.00,"2,390.00"
2019-01-09,2019010901002718,TRH,13,17,800,240.00,"192,000.00"
2019-01-09,2019010901002717,TRH,34,17,30,240.00,"7,200.00"
2019-01-09,2019010901002716,TRH,33,17,40,241.00,"9,640.00"
2019-01-09,2019010901002801,UIC,16,33,105,780.00,"81,900.00"
2019-01-09,2019010901003026,UMHL,22,42,10,122.00,"1,220.00"
2019-01-09,2019010901003183,WOMI,33,49,10,965.00,"9,650.00"
2019-01-09,2019010901002955,WOMI,45,49,111,953.00,"105,783.00"
2019-01-09,2019010901002681,ADBL,59,43,57,349.00,"19,893.00"
2019-01-09,2019010901002614,ADBL,59,49,120,349.00,"41,880.00"
2019-01-09,2019010901002318,ADBL,22,56,31,350.00,"10,850.00"
2019-01-09,2019010901002253,ADBL,59,53,68,349.00,"23,732.00"
2019-01-09,2019010901002215,ADBL,45,56,100,350.00,"35,000.00"
2019-01-09,2019010901002693,AKPL,28,40,13,187.00,"2,431.00"
2019-01-09,2019010901002646,AKPL,25,28,10,190.00,"1,900.00"
2019-01-09,2019010901002295,AKPL,28,55,13,187.00,"2,431.00"
2019-01-09,2019010901002672,ALICL,41,38,100,615.00,"61,500.00"
2019-01-09,2019010901002666,ALICL,39,34,10,620.00,"6,200.00"
2019-01-09,2019010901002598,ALICL,45,5,100,618.00,"61,800.00"
2019-01-09,2019010901002586,ALICL,45,25,13,616.00,"8,008.00"
2019-01-09,2019010901002570,ALICL,45,25,33,616.00,"20,328.00"
2019-01-09,2019010901002569,ALICL,45,5,87,616.00,"53,592.00"
2019-01-09,2019010901002287,ALICL,13,34,24,620.00,"14,880.00"
2019-01-09,2019010901002265,ALICL,13,57,16,616.00,"9,856.00"
2019-01-09,2019010901002249,ALICL,33,57,46,618.00,"28,428.00"
2019-01-09,2019010901002609,AMFI,17,1,10,756.00,"7,560.00"
2019-01-09,2019010901002608,AMFI,54,1,20,757.00,"15,140.00"
2019-01-09,2019010901002607,AMFI,17,1,20,757.00,"15,140.00"
2019-01-09,2019010901002606,AMFI,14,1,40,757.00,"30,280.00"
2019-01-09,2019010901002514,AMFI,14,1,50,757.00,"37,850.00"
2019-01-09,2019010901002357,AMFI,52,52,10,758.00,"7,580.00"
2019-01-09,2019010901002301,AMFI,52,52,10,759.00,"7,590.00"
2019-01-09,2019010901002657,API,25,38,"1,550",150.00,"232,500.00"
2019-01-09,2019010901002656,API,33,38,"1,000",150.00,"150,000.00"
2019-01-09,2019010901002655,API,52,38,"1,000",150.00,"150,000.00"
2019-01-09,2019010901002654,API,56,38,500,150.00,"75,000.00"
2019-01-09,2019010901002653,API,13,38,200,150.00,"30,000.00"
2019-01-09,2019010901002652,API,53,38,100,150.00,"15,000.00"
2019-01-09,2019010901002600,API,38,38,50,151.00,"7,550.00"
2019-01-09,2019010901002549,API,39,42,200,151.00,"30,200.00"
2019-01-09,2019010901002536,API,49,42,100,152.00,"15,200.00"
2019-01-09,2019010901002535,API,38,42,274,152.00,"41,648.00"
2019-01-09,2019010901002448,API,38,7,16,152.00,"2,432.00"
2019-01-09,2019010901002354,API,51,40,10,153.00,"1,530.00"
2019-01-09,2019010901002651,API,25,38,200,151.00,"30,200.00"
2019-01-09,2019010901002605,API,57,38,100,151.00,"15,100.00"
2019-01-09,2019010901002604,API,45,38,"2,000",151.00,"302,000.00"
2019-01-09,2019010901002603,API,38,38,100,151.00,"15,100.00"
2019-01-09,2019010901002602,API,41,38,100,151.00,"15,100.00"
2019-01-09,2019010901002601,API,18,38,500,151.00,"75,500.00"
2019-01-09,2019010901002441,BARUN,39,6,213,103.00,"21,939.00"
2019-01-09,2019010901002435,BARUN,13,6,300,104.00,"31,200.00"
2019-01-09,2019010901002434,BARUN,42,6,80,104.00,"8,320.00"
2019-01-09,2019010901002483,BHBL,4,34,114,140.00,"15,960.00"
2019-01-09,2019010901002482,BHBL,4,28,108,140.00,"15,120.00"
2019-01-09,2019010901002481,BHBL,4,52,180,140.00,"25,200.00"
2019-01-09,2019010901002413,BHBL,4,41,80,138.00,"11,040.00"
2019-01-09,2019010901002412,BHBL,4,51,12,138.00,"1,656.00"
2019-01-09,2019010901002699,BOKL,25,45,748,330.00,"246,840.00"
2019-01-09,2019010901002698,BOKL,6,45,384,330.00,"126,720.00"
2019-01-09,2019010901002678,BOKL,19,22,100,331.00,"33,100.00"
2019-01-09,2019010901002641,BOKL,19,40,100,331.00,"33,100.00"
2019-01-09,2019010901002576,BOKL,6,42,616,330.00,"203,280.00"
2019-01-09,2019010901002571,BOKL,49,40,500,331.00,"165,500.00"
2019-01-09,2019010901002242,BOKL,13,35,150,330.00,"49,500.00"
2019-01-09,2019010901002366,BOKL,37,54,485,329.00,"159,565.00"
2019-01-09,2019010901002321,BOKL,1,35,60,330.00,"19,800.00"
2019-01-09,2019010901002311,BOKL,21,35,250,330.00,"82,500.00"
2019-01-09,2019010901002293,BOKL,55,35,"1,000",330.00,"330,000.00"
2019-01-09,2019010901002254,BOKL,14,35,200,330.00,"66,000.00"
2019-01-09,2019010901002246,BOKL,29,35,200,330.00,"66,000.00"
2019-01-09,2019010901002562,BOKL,6,22,"1,044",330.00,"344,520.00"
2019-01-09,2019010901002543,BOKL,43,52,250,330.00,"82,500.00"
2019-01-09,2019010901002542,BOKL,43,45,123,330.00,"40,590.00"
2019-01-09,2019010901002541,BOKL,43,35,139,330.00,"45,870.00"
2019-01-09,2019010901002400,BOKL,42,35,200,330.00,"66,000.00"
2019-01-09,2019010901002705,CBBL,53,6,655,820.00,"537,100.00"
2019-01-09,2019010901002670,CBBL,51,6,20,820.00,"16,400.00"
2019-01-09,2019010901002642,CBBL,42,6,100,820.00,"82,000.00"
2019-01-09,2019010901002519,CBBL,35,6,25,820.00,"20,500.00"
2019-01-09,2019010901002673,CBBLPO,38,45,"38,036",101.00,"3,841,636.00"
2019-01-09,2019010901002662,CBBLPO,38,45,"99,000",101.50,"10,048,500.00"
2019-01-09,2019010901002650,CBBLPO,38,45,"17,000",101.50,"1,725,500.00"
2019-01-09,2019010901002449,CBBLPO,38,45,"58,500",101.55,"5,940,675.00"
2019-01-09,2019010901002443,CBBLPO,38,45,"83,000",101.60,"8,432,800.00"
2019-01-09,2019010901002436,CBBLPO,38,45,"13,150",107.00,"1,407,050.00"
2019-01-09,2019010901002210,CBBLPO,38,45,"20,000",251.00,"5,020,000.00"
2019-01-09,2019010901002408,CBBLPO,38,45,"13,560",110.00,"1,491,600.00"
2019-01-09,2019010901002380,CBBLPO,38,45,"51,000",110.00,"5,610,000.00"
2019-01-09,2019010901002248,CBBLPO,38,45,"8,460",121.00,"1,023,660.00"
2019-01-09,2019010901002243,CBBLPO,38,45,"4,000",125.00,"500,000.00"
2019-01-09,2019010901002227,CBBLPO,38,45,"2,360",126.00,"297,360.00"
2019-01-09,2019010901002216,CBBLPO,38,45,"4,000",151.00,"604,000.00"
2019-01-09,2019010901002679,CBL,6,47,100,162.00,"16,200.00"
2019-01-09,2019010901002418,CBL,49,6,500,162.00,"81,000.00"
2019-01-09,2019010901002401,CBL,49,40,500,162.00,"81,000.00"
2019-01-09,2019010901002333,CBL,25,39,226,162.00,"36,612.00"
2019-01-09,2019010901002252,CBL,13,39,19,162.00,"3,078.00"
2019-01-09,2019010901002251,CBL,6,39,655,162.00,"106,110.00"
2019-01-09,2019010901002228,CBL,6,41,746,162.00,"120,852.00"
2019-01-09,2019010901002623,CCBL,49,34,246,171.00,"42,066.00"
2019-01-09,2019010901002622,CCBL,6,34,100,171.00,"17,100.00"
2019-01-09,2019010901002621,CCBL,49,34,100,171.00,"17,100.00"
2019-01-09,2019010901002620,CCBL,51,34,646,171.00,"110,466.00"
2019-01-09,2019010901002324,CCBL,51,6,54,171.00,"9,234.00"
2019-01-09,2019010901002213,CCBL,36,47,42,170.00,"7,140.00"
2019-01-09,2019010901002211,CCBL,36,41,500,170.00,"85,000.00"
2019-01-09,2019010901002314,CFCL,52,52,2,110.00,220.00
2019-01-09,2019010901002258,CFCL,52,52,2,110.00,220.00
2019-01-09,2019010901002661,CHCL,39,3,10,549.00,"5,490.00"
2019-01-09,2019010901002406,CHCL,37,48,125,545.00,"68,125.00"
2019-01-09,2019010901002405,CHCL,42,48,110,545.00,"59,950.00"
2019-01-09,2019010901002404,CHCL,49,48,200,546.00,"109,200.00"
2019-01-09,2019010901002403,CHCL,45,48,604,546.00,"329,784.00"
2019-01-09,2019010901002527,CIT,57,28,10,"2,265.00","22,650.00"
2019-01-09,2019010901002700,CZBIL,58,43,500,215.00,"107,500.00"
2019-01-09,2019010901002548,CZBIL,38,52,10,214.00,"2,140.00"
2019-01-09,2019010901002547,CZBIL,38,52,10,214.00,"2,140.00"
2019-01-09,2019010901002534,CZBIL,48,55,300,215.00,"64,500.00"
2019-01-09,2019010901002533,CZBIL,48,43,445,215.00,"95,675.00"
2019-01-09,2019010901002350,CZBIL,38,39,10,214.00,"2,140.00"
2019-01-09,2019010901002233,CZBIL,38,1,100,214.00,"21,400.00"
2019-01-09,2019010901002468,DBBL,58,28,200,126.00,"25,200.00"
2019-01-09,2019010901002617,DDBL,16,16,200,640.00,"128,000.00"
2019-01-09,2019010901002616,DDBL,26,16,200,640.00,"128,000.00"
2019-01-09,2019010901002615,DDBL,41,16,100,641.00,"64,100.00"
2019-01-09,2019010901002382,DDBL,35,25,20,640.00,"12,800.00"
2019-01-09,2019010901002263,DDBL,57,25,100,640.00,"64,000.00"
2019-01-09,2019010901002692,EBL,29,3,50,535.00,"26,750.00"
2019-01-09,2019010901002226,EBL,1,34,145,534.00,"77,430.00"
2019-01-09,2019010901002564,EDBL,36,42,40,280.00,"11,200.00"
2019-01-09,2019010901002489,EIC,26,5,50,845.00,"42,250.00"
2019-01-09,2019010901002488,EIC,44,5,38,847.00,"32,186.00"
2019-01-09,2019010901002361,FMDBL,53,46,500,381.00,"190,500.00"
2019-01-09,2019010901002360,FMDBL,29,46,100,381.00,"38,100.00"
2019-01-09,2019010901002359,FMDBL,48,46,101,382.00,"38,582.00"
2019-01-09,2019010901002334,FMDBL,53,39,65,383.00,"24,895.00"
2019-01-09,2019010901002229,FMDBL,28,52,10,384.00,"3,840.00"
2019-01-09,2019010901002618,GBBL,49,25,11,188.00,"2,068.00"
2019-01-09,2019010901002568,GBBL,49,13,"1,716",188.00,"322,608.00"
2019-01-09,2019010901002267,GBBL,32,33,974,189.00,"184,086.00"
2019-01-09,2019010901002688,GBIME,17,46,367,269.00,"98,723.00"
2019-01-09,2019010901002685,GBIME,17,25,90,269.00,"24,210.00"
2019-01-09,2019010901002668,GBIME,17,22,19,269.00,"5,111.00"
2019-01-09,2019010901002667,GBIME,17,19,24,269.00,"6,456.00"
2019-01-09,2019010901002532,GBIME,48,22,10,269.00,"2,690.00"
2019-01-09,2019010901002531,GBIME,25,22,50,269.00,"13,450.00"
2019-01-09,2019010901002370,GBIME,34,47,200,269.00,"53,800.00"
2019-01-09,2019010901002279,GBIME,14,19,237,270.00,"63,990.00"
2019-01-09,2019010901002278,GBIME,14,36,63,270.00,"17,010.00"
2019-01-09,2019010901002277,GBIME,14,37,200,270.00,"54,000.00"
2019-01-09,2019010901002530,GBIME,14,22,21,269.00,"5,649.00"
2019-01-09,2019010901002417,GBIME,14,46,479,269.00,"128,851.00"
2019-01-09,2019010901002416,GBIME,39,46,400,269.00,"107,600.00"
2019-01-09,2019010901002415,GBIME,42,46,20,269.00,"5,380.00"
2019-01-09,2019010901002414,GBIME,34,46,201,269.00,"54,069.00"
2019-01-09,2019010901002410,GBIME,32,19,100,270.00,"27,000.00"
2019-01-09,2019010901002663,GBLBS,45,54,10,430.00,"4,300.00"
2019-01-09,2019010901002591,GBLBS,57,45,200,431.00,"86,200.00"
2019-01-09,2019010901002590,GBLBS,33,45,200,432.00,"86,400.00"
2019-01-09,2019010901002589,GBLBS,3,45,40,432.00,"17,280.00"
2019-01-09,2019010901002588,GBLBS,48,45,50,432.00,"21,600.00"
2019-01-09,2019010901002587,GBLBS,39,45,40,433.00,"17,320.00"
2019-01-09,2019010901002631,GDBL,44,32,484,192.00,"92,928.00"
2019-01-09,2019010901002630,GDBL,44,45,500,192.00,"96,000.00"
2019-01-09,2019010901002629,GDBL,44,32,100,192.00,"19,200.00"
2019-01-09,2019010901002628,GDBL,44,35,116,191.00,"22,156.00"
2019-01-09,2019010901002627,GDBL,44,47,100,190.00,"19,000.00"
2019-01-09,2019010901002461,GDBL,32,7,127,189.00,"24,003.00"
2019-01-09,2019010901002451,GDBL,32,19,11,189.00,"2,079.00"
2019-01-09,2019010901002491,GRDBL,55,25,200,108.00,"21,600.00"
2019-01-09,2019010901002490,GRDBL,45,25,50,108.00,"5,400.00"
2019-01-09,2019010901002335,GRDBL,45,55,50,108.00,"5,400.00"
2019-01-09,2019010901002244,HGI,26,39,160,403.00,"64,480.00"
2019-01-09,2019010901002222,HGI,51,39,146,403.00,"58,838.00"
2019-01-09,2019010901002212,HGI,33,47,200,404.00,"80,800.00"
2019-01-09,2019010901002442,HIDCL,17,25,77,152.00,"11,704.00"
2019-01-09,2019010901002352,HIDCL,17,55,203,152.00,"30,856.00"
2019-01-09,2019010901002268,HIDCL,17,52,20,152.00,"3,040.00"
2019-01-09,2019010901002266,HIDCL,52,34,20,153.00,"3,060.00"
2019-01-09,2019010901002644,ICFC,29,28,150,152.00,"22,800.00"
2019-01-09,2019010901002643,ICFC,59,28,850,153.00,"130,050.00"
2019-01-09,2019010901002526,ICFC,59,28,150,153.00,"22,950.00"
2019-01-09,2019010901002525,ICFC,57,28,30,153.00,"4,590.00"
2019-01-09,2019010901002306,JBBL,36,43,221,140.00,"30,940.00"
2019-01-09,2019010901002305,JBBL,36,17,660,140.00,"92,400.00"
2019-01-09,2019010901002304,JBBL,36,4,100,140.00,"14,000.00"
2019-01-09,2019010901002303,JBBL,36,58,300,140.00,"42,000.00"
2019-01-09,2019010901002302,JBBL,36,50,500,140.00,"70,000.00"
2019-01-09,2019010901002505,JBNL,19,19,21,169.00,"3,549.00"
2019-01-09,2019010901002492,JBNL,57,44,500,170.00,"85,000.00"
2019-01-09,2019010901002377,JBNL,57,21,500,170.00,"85,000.00"
2019-01-09,2019010901002291,JBNL,16,1,986,170.00,"167,620.00"
2019-01-09,2019010901002290,JBNL,16,58,70,170.00,"11,900.00"
2019-01-09,2019010901002289,JBNL,16,34,543,170.00,"92,310.00"
2019-01-09,2019010901002286,JBNL,51,34,176,170.00,"29,920.00"
2019-01-09,2019010901002285,JBNL,51,58,114,170.00,"19,380.00"
2019-01-09,2019010901002585,JFL,17,22,50,172.00,"8,600.00"
2019-01-09,2019010901002501,JFL,17,22,50,172.00,"8,600.00"
2019-01-09,2019010901002636,KBBL,7,25,"1,000",214.00,"214,000.00"
2019-01-09,2019010901002510,KBL,59,22,100,246.00,"24,600.00"
2019-01-09,2019010901002358,KKHC,34,55,10,94.00,940.00
2019-01-09,2019010901002487,KMCDB,45,47,10,980.00,"9,800.00"
2019-01-09,2019010901002684,KMFL,13,38,25,920.00,"23,000.00"
2019-01-09,2019010901002683,KMFL,13,38,20,920.00,"18,400.00"
2019-01-09,2019010901002561,KMFL,45,38,50,920.00,"46,000.00"
2019-01-09,2019010901002560,KMFL,43,38,20,926.00,"18,520.00"
2019-01-09,2019010901002559,KMFL,48,38,30,927.00,"27,810.00"
2019-01-09,2019010901002325,KMFL,21,7,20,935.00,"18,700.00"
2019-01-09,2019010901002669,KSBBL,17,57,219,136.00,"29,784.00"
2019-01-09,2019010901002308,KSBBL,17,57,281,136.00,"38,216.00"
2019-01-09,2019010901002307,KSBBL,47,57,85,136.00,"11,560.00"
2019-01-09,2019010901002440,LBBL,21,7,48,172.00,"8,256.00"
2019-01-09,2019010901002260,LBBL,21,49,175,172.00,"30,100.00"
2019-01-09,2019010901002259,LBBL,25,49,45,172.00,"7,740.00"
2019-01-09,2019010901002431,LBL,46,49,500,222.00,"111,000.00"
2019-01-09,2019010901002637,LFC,46,22,10,133.00,"1,330.00"
2019-01-09,2019010901002574,LGIL,50,38,100,539.00,"53,900.00"
2019-01-09,2019010901002573,LGIL,45,38,120,540.00,"64,800.00"
2019-01-09,2019010901002572,LGIL,51,38,90,540.00,"48,600.00"
2019-01-09,2019010901002469,LGIL,45,22,415,541.00,"224,515.00"
2019-01-09,2019010901002648,LLBS,16,28,15,772.00,"11,580.00"
2019-01-09,2019010901002635,LLBS,50,28,50,772.00,"38,600.00"
2019-01-09,2019010901002634,LLBS,16,28,86,772.00,"66,392.00"
2019-01-09,2019010901002633,LLBS,55,28,50,773.00,"38,650.00"
2019-01-09,2019010901002702,MBL,32,33,600,208.00,"124,800.00"
2019-01-09,2019010901002563,MBL,57,22,100,207.00,"20,700.00"
2019-01-09,2019010901002509,MBL,34,33,500,208.00,"104,000.00"
2019-01-09,2019010901002504,MBL,28,33,100,208.00,"20,800.00"
2019-01-09,2019010901002234,MBL,6,33,900,208.00,"187,200.00"
2019-01-09,2019010901002208,MBL,6,33,"1,100",208.00,"228,800.00"
2019-01-09,2019010901002397,MDB,32,37,100,295.00,"29,500.00"
2019-01-09,2019010901002447,MEGA,36,29,300,172.00,"51,600.00"
2019-01-09,2019010901002446,MEGA,35,29,200,172.00,"34,400.00"
2019-01-09,2019010901002423,MEGA,50,11,10,173.00,"1,730.00"
2019-01-09,2019010901002342,MEGA,35,16,200,172.00,"34,400.00"
2019-01-09,2019010901002659,MMFDB,45,45,10,995.00,"9,950.00"
2019-01-09,2019010901002476,MNBBL,51,58,32,346.00,"11,072.00"
2019-01-09,2019010901002475,MNBBL,43,58,300,346.00,"103,800.00"
2019-01-09,2019010901002474,MNBBL,57,58,68,346.00,"23,528.00"
2019-01-09,2019010901002466,MNBBL,57,19,107,346.00,"37,022.00"
2019-01-09,2019010901002432,MNBBL,32,58,100,347.00,"34,700.00"
2019-01-09,2019010901002565,MSLB,34,34,5,"1,257.00","6,285.00"
2019-01-09,2019010901002373,MSMBS,46,55,11,539.00,"5,929.00"
2019-01-09,2019010901002677,NABIL,57,34,50,839.00,"41,950.00"
2019-01-09,2019010901002577,NABIL,19,22,50,836.00,"41,800.00"
2019-01-09,2019010901002529,NABIL,32,14,30,835.00,"25,050.00"
2019-01-09,2019010901002396,NABIL,32,54,375,835.00,"313,125.00"
2019-01-09,2019010901002395,NABIL,52,54,50,835.00,"41,750.00"
2019-01-09,2019010901002394,NABIL,19,54,100,835.00,"83,500.00"
2019-01-09,2019010901002346,NABIL,42,3,50,838.00,"41,900.00"
2019-01-09,2019010901002332,NABIL,42,3,110,838.00,"92,180.00"
2019-01-09,2019010901002331,NABIL,58,3,40,839.00,"33,560.00"
2019-01-09,2019010901002299,NABIL,41,51,20,838.00,"16,760.00"
2019-01-09,2019010901002231,NABIL,28,3,100,837.00,"83,700.00"
2019-01-09,2019010901002393,NABIL,28,54,300,835.00,"250,500.00"
2019-01-09,2019010901002392,NABIL,54,54,20,836.00,"16,720.00"
2019-01-09,2019010901002391,NABIL,21,54,10,836.00,"8,360.00"
2019-01-09,2019010901002390,NABIL,52,54,100,836.00,"83,600.00"
2019-01-09,2019010901002389,NABIL,19,54,15,836.00,"12,540.00"
2019-01-09,2019010901002388,NABIL,42,54,20,838.00,"16,760.00"
2019-01-09,2019010901002464,NABILP,43,28,185,720.00,"133,200.00"
2019-01-09,2019010901002463,NABILP,43,37,100,720.00,"72,000.00"
2019-01-09,2019010901002362,NABILP,43,6,200,720.00,"144,000.00"
2019-01-09,2019010901002528,NADEP,19,39,10,797.00,"7,970.00"
2019-01-09,2019010901002517,NADEP,19,39,10,797.00,"7,970.00"
2019-01-09,2019010901002437,NADEP,49,33,45,798.00,"35,910.00"
2019-01-09,2019010901002478,NADEP,49,25,105,798.00,"83,790.00"
2019-01-09,2019010901002626,NBB,33,22,100,191.00,"19,100.00"
2019-01-09,2019010901002625,NBB,33,14,132,191.00,"25,212.00"
2019-01-09,2019010901002624,NBB,33,44,158,191.00,"30,178.00"
2019-01-09,2019010901002399,NBB,33,35,"1,789",217.00,"388,213.00"
2019-01-09,2019010901002348,NBB,26,44,500,191.00,"95,500.00"
2019-01-09,2019010901002294,NBB,56,44,342,191.00,"65,322.00"
2019-01-09,2019010901002292,NBB,56,6,258,191.00,"49,278.00"
2019-01-09,2019010901002704,NBL,5,49,100,308.00,"30,800.00"
2019-01-09,2019010901002689,NBL,59,49,"1,500",308.00,"462,000.00"
2019-01-09,2019010901002647,NBL,38,49,200,308.00,"61,600.00"
2019-01-09,2019010901002330,NBL,57,49,99,308.00,"30,492.00"
2019-01-09,2019010901002329,NBL,57,33,101,308.00,"31,108.00"
2019-01-09,2019010901002256,NBL,26,6,120,307.00,"36,840.00"
2019-01-09,2019010901002209,NBL,59,33,"1,000",308.00,"308,000.00"
2019-01-09,2019010901002703,NCCB,55,44,12,219.00,"2,628.00"
2019-01-09,2019010901002664,NCCB,26,21,500,219.00,"109,500.00"
2019-01-09,2019010901002640,NCCB,44,45,200,219.00,"43,800.00"
2019-01-09,2019010901002639,NCCB,44,26,300,219.00,"65,700.00"
2019-01-09,2019010901002638,NCCB,44,33,"5,000",219.00,"1,095,000.00"
2019-01-09,2019010901002552,NCCB,47,48,26,218.00,"5,668.00"
2019-01-09,2019010901002551,NCCB,49,48,300,218.00,"65,400.00"
2019-01-09,2019010901002384,NCCB,49,48,200,218.00,"43,600.00"
2019-01-09,2019010901002383,NCCB,10,48,200,218.00,"43,600.00"
2019-01-09,2019010901002280,NEF,41,45,"1,633",8.44,"13,782.52"
2019-01-09,2019010901002584,NGPL,22,22,301,131.00,"39,431.00"
2019-01-09,2019010901002674,NIB,17,45,100,547.00,"54,700.00"
2019-01-09,2019010901002550,NIB,28,22,12,546.00,"6,552.00"
2019-01-09,2019010901002524,NIB,4,45,100,547.00,"54,700.00"
2019-01-09,2019010901002523,NIB,45,45,100,547.00,"54,700.00"
2019-01-09,2019010901002522,NIB,59,45,16,547.00,"8,752.00"
2019-01-09,2019010901002445,NIB,33,35,"2,544",655.00,"1,666,320.00"
2019-01-09,2019010901002273,NIB,45,52,2,548.00,"1,096.00"
2019-01-09,2019010901002245,NIB,19,6,50,548.00,"27,400.00"
2019-01-09,2019010901002372,NIB,52,52,3,548.00,"1,644.00"
2019-01-09,2019010901002339,NIB,52,52,2,548.00,"1,096.00"
2019-01-09,2019010901002327,NIB,59,22,90,547.00,"49,230.00"
2019-01-09,2019010901002326,NIB,58,22,60,548.00,"32,880.00"
2019-01-09,2019010901002319,NIB,52,52,2,548.00,"1,096.00"
2019-01-09,2019010901002313,NIB,51,7,300,548.00,"164,400.00"
2019-01-09,2019010901002687,NICA,45,39,50,386.00,"19,300.00"
2019-01-09,2019010901002686,NICA,26,39,108,386.00,"41,688.00"
2019-01-09,2019010901002649,NICA,26,34,31,386.00,"11,966.00"
2019-01-09,2019010901002597,NICA,26,28,361,386.00,"139,346.00"
2019-01-09,2019010901002596,NICA,14,28,200,386.00,"77,200.00"
2019-01-09,2019010901002595,NICA,35,28,439,386.00,"169,454.00"
2019-01-09,2019010901002275,NICA,14,35,363,387.00,"140,481.00"
2019-01-09,2019010901002424,NICA,44,35,828,387.00,"320,436.00"
2019-01-09,2019010901002387,NICA,22,35,10,387.00,"3,870.00"
2019-01-09,2019010901002355,NICA,36,22,200,386.00,"77,200.00"
2019-01-09,2019010901002341,NICA,52,35,162,387.00,"62,694.00"
2019-01-09,2019010901002340,NICA,52,52,13,387.00,"5,031.00"
2019-01-09,2019010901002276,NICA,14,52,137,387.00,"53,019.00"
2019-01-09,2019010901002430,NICA,10,19,56,386.00,"21,616.00"
2019-01-09,2019010901002429,NICA,53,19,180,386.00,"69,480.00"
2019-01-09,2019010901002428,NICA,36,19,484,386.00,"186,824.00"
2019-01-09,2019010901002427,NICA,44,35,"1,000",387.00,"387,000.00"
2019-01-09,2019010901002426,NICA,44,41,68,387.00,"26,316.00"
2019-01-09,2019010901002425,NICA,44,41,68,387.00,"26,316.00"
2019-01-09,2019010901002554,NICA,35,4,61,386.00,"23,546.00"
2019-01-09,2019010901002553,NICA,10,4,269,386.00,"103,834.00"
2019-01-09,2019010901002539,NICA,22,45,100,387.00,"38,700.00"
2019-01-09,2019010901002538,NICA,22,45,100,387.00,"38,700.00"
2019-01-09,2019010901002459,NICA,10,28,175,386.00,"67,550.00"
2019-01-09,2019010901002458,NICA,22,28,50,387.00,"19,350.00"
2019-01-09,2019010901002658,NICL,39,38,10,572.00,"5,720.00"
2019-01-09,2019010901002376,NICL,45,35,600,565.00,"339,000.00"
2019-01-09,2019010901002264,NIL,10,13,891,546.00,"486,486.00"
2019-01-09,2019010901002206,NIL,10,13,417,546.00,"227,682.00"
2019-01-09,2019010901002599,NLBBL,19,45,90,470.00,"42,300.00"
2019-01-09,2019010901002558,NLBBL,19,22,10,470.00,"4,700.00"
2019-01-09,2019010901002557,NLBBL,14,22,60,470.00,"28,200.00"
2019-01-09,2019010901002556,NLBBL,19,22,20,470.00,"9,400.00"
2019-01-09,2019010901002555,NLBBL,14,22,10,470.00,"4,700.00"
2019-01-09,2019010901002239,NLBBL,14,52,450,470.00,"211,500.00"
2019-01-09,2019010901002457,NLG,58,16,50,846.00,"42,300.00"
2019-01-09,2019010901002456,NLG,35,16,20,847.00,"16,940.00"
2019-01-09,2019010901002455,NLG,43,16,30,847.00,"25,410.00"
2019-01-09,2019010901002701,NLIC,22,1,100,"1,099.00","109,900.00"
2019-01-09,2019010901002676,NLIC,46,25,10,"1,098.00","10,980.00"
2019-01-09,2019010901002675,NLIC,52,25,20,"1,098.00","21,960.00"
2019-01-09,2019010901002566,NLIC,5,4,50,"1,098.00","54,900.00"
2019-01-09,2019010901002508,NLIC,22,28,100,"1,099.00","109,900.00"
2019-01-09,2019010901002507,NLIC,58,28,449,"1,099.00","493,451.00"
2019-01-09,2019010901002506,NLIC,50,28,10,"1,100.00","11,000.00"
2019-01-09,2019010901002484,NLIC,41,22,17,"1,099.00","18,683.00"
2019-01-09,2019010901002680,NLICL,35,38,100,714.00,"71,400.00"
2019-01-09,2019010901002439,NLICL,16,54,125,713.00,"89,125.00"
2019-01-09,2019010901002438,NLICL,54,54,200,715.00,"143,000.00"
2019-01-09,2019010901002368,NLICL,16,22,80,713.00,"57,040.00"
2019-01-09,2019010901002521,NMB,17,14,373,326.00,"121,598.00"
2019-01-09,2019010901002516,NMB,17,22,19,326.00,"6,194.00"
2019-01-09,2019010901002515,NMB,16,22,111,326.00,"36,186.00"
2019-01-09,2019010901002444,NMB,16,21,51,326.00,"16,626.00"
2019-01-09,2019010901002422,NMB,28,32,100,327.00,"32,700.00"
2019-01-09,2019010901002398,NMB,16,55,23,326.00,"7,498.00"
2019-01-09,2019010901002225,NMB,16,36,"1,518",326.00,"494,868.00"
2019-01-09,2019010901002224,NMB,34,36,100,326.00,"32,600.00"
2019-01-09,2019010901002223,NMB,57,36,50,326.00,"16,300.00"
2019-01-09,2019010901002460,NMFBS,51,55,12,"1,520.00","18,240.00"
2019-01-09,2019010901002381,NSEWA,52,52,10,574.00,"5,740.00"
2019-01-09,2019010901002317,NUBL,41,39,50,755.00,"37,750.00"
2019-01-09,2019010901002345,OHL,16,46,500,445.00,"222,500.00"
2019-01-09,2019010901002344,OHL,26,46,100,445.00,"44,500.00"
2019-01-09,2019010901002343,OHL,35,46,100,446.00,"44,600.00"
2019-01-09,2019010901002671,PCBL,17,45,500,333.00,"166,500.00"
2019-01-09,2019010901002433,PCBL,33,28,947,333.00,"315,351.00"
2019-01-09,2019010901002375,PCBL,33,47,53,333.00,"17,649.00"
2019-01-09,2019010901002238,PCBL,11,36,20,332.00,"6,640.00"
2019-01-09,2019010901002237,PCBL,54,36,200,333.00,"66,600.00"
2019-01-09,2019010901002236,PCBL,22,36,334,334.00,"111,556.00"
2019-01-09,2019010901002235,PCBL,11,36,20,334.00,"6,680.00"
2019-01-09,2019010901002214,PCBL,11,6,27,334.00,"9,018.00"
2019-01-09,2019010901002207,PCBL,52,13,355,334.00,"118,570.00"
2019-01-09,2019010901002632,PIC,37,16,15,"1,027.00","15,405.00"
2019-01-09,2019010901002349,PIC,52,52,11,"1,029.00","11,319.00"
2019-01-09,2019010901002502,PICL,50,28,20,707.00,"14,140.00"
2019-01-09,2019010901002351,PLIC,33,26,50,505.00,"25,250.00"
2019-01-09,2019010901002472,PMHPL,51,38,100,116.00,"11,600.00"
2019-01-09,2019010901002369,PMHPL,18,38,10,116.00,"1,160.00"
2019-01-09,2019010901002367,PMHPL,18,38,10,116.00,"1,160.00"
2019-01-09,2019010901002363,PMHPL,18,38,10,116.00,"1,160.00"
2019-01-09,2019010901002356,PMHPL,18,38,10,116.00,"1,160.00"
2019-01-09,2019010901002353,PMHPL,18,38,10,116.00,"1,160.00"
2019-01-09,2019010901002309,PMHPL,18,38,10,116.00,"1,160.00"
2019-01-09,2019010901002300,PMHPL,18,38,10,116.00,"1,160.00"
2019-01-09,2019010901002298,PMHPL,18,38,10,116.00,"1,160.00"
2019-01-09,2019010901002296,PMHPL,18,38,10,116.00,"1,160.00"
2019-01-09,2019010901002347,PMHPL,18,38,10,116.00,"1,160.00"
2019-01-09,2019010901002338,PMHPL,18,38,10,116.00,"1,160.00"
2019-01-09,2019010901002328,PMHPL,18,38,10,116.00,"1,160.00"
2019-01-09,2019010901002322,PMHPL,18,38,10,116.00,"1,160.00"
2019-01-09,2019010901002320,PMHPL,18,38,10,116.00,"1,160.00"
2019-01-09,2019010901002312,PMHPL,18,38,10,116.00,"1,160.00"
2019-01-09,2019010901002691,PRIN,28,39,119,455.00,"54,145.00"
2019-01-09,2019010901002690,PRIN,43,39,300,455.00,"136,500.00"
2019-01-09,2019010901002612,PRIN,33,45,500,456.00,"228,000.00"
2019-01-09,2019010901002611,PRIN,59,45,100,456.00,"45,600.00"
2019-01-09,2019010901002610,PRIN,29,45,200,456.00,"91,200.00"
2019-01-09,2019010901002682,PRVU,59,55,"1,000",246.00,"246,000.00"
2019-01-09,2019010901002218,PRVU,59,48,150,246.00,"36,900.00"
2019-01-09,2019010901002282,PRVU,29,55,30,246.00,"7,380.00"
2019-01-09,2019010901002281,PRVU,33,55,500,246.00,"123,000.00"
2019-01-09,2019010901002274,PRVU,33,42,50,246.00,"12,300.00"
2019-01-09,2019010901002221,PRVU,33,21,100,246.00,"24,600.00"
2019-01-09,2019010901002220,PRVU,33,48,350,246.00,"86,100.00"
2019-01-09,2019010901002219,PRVU,22,48,500,246.00,"123,000.00"
2019-01-09,2019010901002420,PRVU,33,7,11,246.00,"2,706.00"
2019-01-09,2019010901002419,PRVU,33,55,270,246.00,"66,420.00"
2019-01-09,2019010901002283,PRVU,14,55,200,246.00,"49,200.00"
2019-01-09,2019010901002575,PRVU,49,46,200,246.00,"49,200.00"
2019-01-09,2019010901002454,PRVU,45,54,25,245.00,"6,125.00"
2019-01-09,2019010901002453,PRVU,46,54,500,245.00,"122,500.00"
2019-01-09,2019010901002452,PRVU,4,54,65,245.00,"15,925.00"
2019-01-09,2019010901002583,PRVU,43,35,25,245.00,"6,125.00"
2019-01-09,2019010901002582,PRVU,43,35,50,245.00,"12,250.00"
2019-01-09,2019010901002581,PRVU,29,35,500,245.00,"122,500.00"
2019-01-09,2019010901002580,PRVU,33,35,200,245.00,"49,000.00"
2019-01-09,2019010901002579,PRVU,45,35,25,245.00,"6,125.00"
2019-01-09,2019010901002578,PRVU,49,35,300,246.00,"73,800.00"
2019-01-09,2019010901002485,PURBL,13,19,50,158.00,"7,900.00"
2019-01-09,2019010901002323,RADHI,52,52,11,167.00,"1,837.00"
2019-01-09,2019010901002697,RLFL,1,36,349,115.00,"40,135.00"
2019-01-09,2019010901002696,RLFL,48,36,100,115.00,"11,500.00"
2019-01-09,2019010901002695,RLFL,39,36,275,115.00,"31,625.00"
2019-01-09,2019010901002511,RLFL,39,28,196,115.00,"22,540.00"
2019-01-09,2019010901002421,RRHP,52,52,10,103.00,"1,030.00"
2019-01-09,2019010901002411,RRHP,52,52,10,103.00,"1,030.00"
2019-01-09,2019010901002386,RRHP,52,52,10,103.00,"1,030.00"
2019-01-09,2019010901002284,RRHP,52,52,10,103.00,"1,030.00"
2019-01-09,2019010901002402,RSDC,52,52,57,394.00,"22,458.00"
2019-01-09,2019010901002257,RSDC,43,41,21,394.00,"8,274.00"
2019-01-09,2019010901002503,SADBL,17,49,40,138.00,"5,520.00"
2019-01-09,2019010901002479,SADBL,17,35,180,138.00,"24,840.00"
2019-01-09,2019010901002337,SAEF,57,39,400,9.03,"3,612.00"
2019-01-09,2019010901002336,SAEF,5,39,"2,500",9.03,"22,575.00"
2019-01-09,2019010901002471,SANIMA,49,54,562,306.00,"171,972.00"
2019-01-09,2019010901002470,SANIMA,49,54,232,306.00,"70,992.00"
2019-01-09,2019010901002270,SANIMA,6,45,"1,297",307.00,"398,179.00"
2019-01-09,2019010901002255,SANIMA,49,57,100,306.00,"30,600.00"
2019-01-09,2019010901002374,SBBLJ,33,37,174,204.00,"35,496.00"
2019-01-09,2019010901002594,SBI,28,58,86,393.00,"33,798.00"
2019-01-09,2019010901002520,SBI,28,47,64,393.00,"25,152.00"
2019-01-09,2019010901002371,SBI,11,58,55,393.00,"21,615.00"
2019-01-09,2019010901002232,SBI,11,44,145,393.00,"56,985.00"
2019-01-09,2019010901002310,SBL,34,38,643,291.00,"187,113.00"
2019-01-09,2019010901002261,SBL,51,38,500,291.00,"145,500.00"
2019-01-09,2019010901002247,SBL,56,38,97,291.00,"28,227.00"
2019-01-09,2019010901002240,SBL,56,37,100,291.00,"29,100.00"
2019-01-09,2019010901002500,SCB,17,54,12,601.00,"7,212.00"
2019-01-09,2019010901002499,SCB,41,54,100,601.00,"60,100.00"
2019-01-09,2019010901002498,SCB,6,54,20,602.00,"12,040.00"
2019-01-09,2019010901002497,SCB,6,54,20,602.00,"12,040.00"
2019-01-09,2019010901002378,SCB,19,58,40,605.00,"24,200.00"
2019-01-09,2019010901002496,SCB,19,54,300,603.00,"180,900.00"
2019-01-09,2019010901002495,SCB,29,54,20,604.00,"12,080.00"
2019-01-09,2019010901002494,SCB,1,54,166,604.00,"100,264.00"
2019-01-09,2019010901002493,SCB,7,54,50,605.00,"30,250.00"
2019-01-09,2019010901002467,SCB,45,55,20,606.00,"12,120.00"
2019-01-09,2019010901002619,SHPC,6,28,800,230.00,"184,000.00"
2019-01-09,2019010901002613,SHPC,6,33,193,230.00,"44,390.00"
2019-01-09,2019010901002537,SHPC,6,28,"1,000",230.00,"230,000.00"
2019-01-09,2019010901002480,SICL,10,55,51,912.00,"46,512.00"
2019-01-09,2019010901002297,SICL,14,45,45,916.00,"41,220.00"
2019-01-09,2019010901002269,SICL,49,14,200,913.00,"182,600.00"
2019-01-09,2019010901002241,SIFC,55,50,139,134.00,"18,626.00"
2019-01-09,2019010901002379,SIL,7,6,69,657.00,"45,333.00"
2019-01-09,2019010901002465,SKBBL,22,41,25,"1,061.00","26,525.00"
2019-01-09,2019010901002217,SKBBL,37,22,20,"1,069.00","21,380.00"
2019-01-09,2019010901002272,SLBBL,28,13,100,540.00,"54,000.00"
2019-01-09,2019010901002271,SLBBL,28,45,10,539.00,"5,390.00"
2019-01-09,2019010901002567,SLICL,1,33,35,560.00,"19,600.00"
2019-01-09,2019010901002518,SLICL,22,33,10,560.00,"5,600.00"
2019-01-09,2019010901002513,SLICL,22,54,90,560.00,"50,400.00"
2019-01-09,2019010901002486,SLICL,33,34,318,560.00,"178,080.00"
2019-01-09,2019010901002477,SLICL,45,34,120,560.00,"67,200.00"
2019-01-09,2019010901002473,SLICL,51,34,62,560.00,"34,720.00"
2019-01-09,2019010901002316,SLICL,42,34,178,560.00,"99,680.00"
2019-01-09,2019010901002315,SLICL,33,34,322,560.00,"180,320.00"
2019-01-09,2019010901002462,SLICL,51,34,38,560.00,"21,280.00"
2019-01-09,2019010901002450,SLICL,44,4,46,559.00,"25,714.00"
2019-01-09,2019010901002409,SLICL,54,34,200,560.00,"112,000.00"
2019-01-09,2019010901002385,SLICL,51,34,262,560.00,"146,720.00"
2019-01-09,2019010901002365,SLICL,51,16,238,560.00,"133,280.00"
2019-01-09,2019010901002364,SLICL,42,16,22,560.00,"12,320.00"
2019-01-09,2019010901002407,SMATA,10,39,50,"1,105.00","55,250.00"
2019-01-09,2019010901002694,SRBL,51,17,144,215.00,"30,960.00"
2019-01-09,2019010901002540,SRBL,51,22,100,215.00,"21,500.00"
2019-01-09,2019010901002230,SRBL,51,45,70,215.00,"15,050.00"
2019-01-09,2019010901002250,SWBBL,11,53,30,849.00,"25,470.00"
2019-01-09,2019010901002665,UIC,5,28,90,779.00,"70,110.00"
2019-01-09,2019010901002593,UIC,37,38,200,780.00,"156,000.00"
2019-01-09,2019010901002592,UIC,33,38,105,780.00,"81,900.00"
2019-01-09,2019010901002512,UMHL,22,55,14,122.00,"1,708.00"
2019-01-09,2019010901002546,VLBS,46,20,25,695.00,"17,375.00"
2019-01-09,2019010901002545,VLBS,46,42,75,695.00,"52,125.00"
2019-01-09,2019010901002544,VLBS,46,6,200,694.00,"138,800.00"
2019-01-09,2019010901002660,WOMI,21,16,20,971.00,"19,420.00"
2019-01-09,2019010901002645,WOMI,39,6,10,971.00,"9,710.00"
2019-01-09,2019010901002288,WOMI,52,52,6,953.00,"5,718.00"
2019-01-09,2019010901002203,ADBL,22,56,70,350.00,"24,500.00"
2019-01-09,2019010901002165,ADBL,59,6,105,349.00,"36,645.00"
2019-01-09,2019010901001715,ADBL,26,59,14,350.00,"4,900.00"
2019-01-09,2019010901002148,ADBL,51,56,10,350.00,"3,500.00"
2019-01-09,2019010901002085,ADBL,59,48,104,349.00,"36,296.00"
2019-01-09,2019010901002072,ADBL,26,7,408,350.00,"142,800.00"
2019-01-09,2019010901002068,ADBL,26,48,173,350.00,"60,550.00"
2019-01-09,2019010901002060,ADBL,26,48,104,350.00,"36,400.00"
2019-01-09,2019010901001908,ADBL,26,32,270,350.00,"94,500.00"
2019-01-09,2019010901001942,AHPC,59,42,33,104.00,"3,432.00"
2019-01-09,2019010901001941,AHPC,34,42,100,105.00,"10,500.00"
2019-01-09,2019010901002078,AKJCL,57,34,10,95.00,950.00
2019-01-09,2019010901002043,AKJCL,57,36,10,95.00,950.00
2019-01-09,2019010901001821,AKJCL,57,57,10,94.00,940.00
2019-01-09,2019010901002149,AKPL,28,39,13,187.00,"2,431.00"
2019-01-09,2019010901002113,AKPL,28,48,13,187.00,"2,431.00"
2019-01-09,2019010901002093,AKPL,28,48,13,187.00,"2,431.00"
2019-01-09,2019010901002073,AKPL,28,48,13,187.00,"2,431.00"
2019-01-09,2019010901002062,AKPL,28,48,13,187.00,"2,431.00"
2019-01-09,2019010901002045,AKPL,28,48,13,187.00,"2,431.00"
2019-01-09,2019010901001765,AKPL,28,43,13,190.00,"2,470.00"
2019-01-09,2019010901001764,AKPL,28,43,13,190.00,"2,470.00"
2019-01-09,2019010901001762,AKPL,28,45,13,187.00,"2,431.00"
2019-01-09,2019010901001745,AKPL,28,45,13,187.00,"2,431.00"
2019-01-09,2019010901001722,AKPL,28,34,13,187.00,"2,431.00"
2019-01-09,2019010901002032,AKPL,28,48,13,187.00,"2,431.00"
2019-01-09,2019010901001899,AKPL,28,34,13,187.00,"2,431.00"
2019-01-09,2019010901001815,AKPL,28,45,13,187.00,"2,431.00"
2019-01-09,2019010901001803,AKPL,28,45,13,187.00,"2,431.00"
2019-01-09,2019010901001767,AKPL,28,41,20,190.00,"3,800.00"
2019-01-09,2019010901001766,AKPL,28,56,99,190.00,"18,810.00"
2019-01-09,2019010901002084,ALICL,45,57,20,620.00,"12,400.00"
2019-01-09,2019010901002083,ALICL,45,39,10,620.00,"6,200.00"
2019-01-09,2019010901002119,AMFI,14,39,10,757.00,"7,570.00"
2019-01-09,2019010901001944,API,51,42,29,153.00,"4,437.00"
2019-01-09,2019010901001706,API,51,25,161,153.00,"24,633.00"
2019-01-09,2019010901002075,BARUN,34,44,190,106.00,"20,140.00"
2019-01-09,2019010901002074,BARUN,34,41,10,106.00,"1,060.00"
2019-01-09,2019010901001960,BARUN,43,39,50,105.00,"5,250.00"
2019-01-09,2019010901001959,BARUN,47,39,80,105.00,"8,400.00"
2019-01-09,2019010901002094,BHBL,52,52,90,136.00,"12,240.00"
2019-01-09,2019010901002133,BOKL,19,35,100,330.00,"33,000.00"
2019-01-09,2019010901002063,BOKL,49,35,100,330.00,"33,000.00"
2019-01-09,2019010901001893,BOKL,37,21,"1,000",329.00,"329,000.00"
2019-01-09,2019010901001813,BOKL,45,35,100,330.00,"33,000.00"
2019-01-09,2019010901001812,BOKL,57,35,100,330.00,"33,000.00"
2019-01-09,2019010901001811,BOKL,19,35,500,330.00,"165,000.00"
2019-01-09,2019010901001710,BOKL,13,13,149,332.00,"49,468.00"
2019-01-09,2019010901001810,BOKL,21,35,100,330.00,"33,000.00"
2019-01-09,2019010901001809,BOKL,34,35,100,330.00,"33,000.00"
2019-01-09,2019010901001808,BOKL,39,35,500,330.00,"165,000.00"
2019-01-09,2019010901001807,BOKL,49,35,586,330.00,"193,380.00"
2019-01-09,2019010901001806,BOKL,45,35,500,331.00,"165,500.00"
2019-01-09,2019010901001805,BOKL,51,35,115,331.00,"38,065.00"
2019-01-09,2019010901001877,BPCL,38,17,40,373.00,"14,920.00"
2019-01-09,2019010901001804,BPCL,38,43,10,370.00,"3,700.00"
2019-01-09,2019010901001726,BPCL,53,34,50,369.00,"18,450.00"
2019-01-09,2019010901001888,CBBL,59,21,173,815.00,"140,995.00"
2019-01-09,2019010901001887,CBBL,42,21,200,816.00,"163,200.00"
2019-01-09,2019010901001886,CBBL,7,21,100,816.00,"81,600.00"
2019-01-09,2019010901001885,CBBL,53,21,50,817.00,"40,850.00"
2019-01-09,2019010901001884,CBBL,41,21,50,817.00,"40,850.00"
2019-01-09,2019010901001883,CBBL,46,21,50,818.00,"40,900.00"
2019-01-09,2019010901001755,CBBL,19,21,200,820.00,"164,000.00"
2019-01-09,2019010901001882,CBBL,35,21,25,820.00,"20,500.00"
2019-01-09,2019010901001881,CBBL,35,21,10,820.00,"8,200.00"
2019-01-09,2019010901001880,CBBL,47,21,50,820.00,"41,000.00"
2019-01-09,2019010901001879,CBBL,19,21,255,820.00,"209,100.00"
2019-01-09,2019010901001878,CBBL,38,21,33,825.00,"27,225.00"
2019-01-09,2019010901001786,CBBL,38,54,17,825.00,"14,025.00"
2019-01-09,2019010901002161,CBBLPO,38,45,"11,000",151.00,"1,661,000.00"
2019-01-09,2019010901002088,CBL,6,7,114,162.00,"18,468.00"
2019-01-09,2019010901001948,CBL,6,1,44,162.00,"7,128.00"
2019-01-09,2019010901001902,CBL,6,34,116,162.00,"18,792.00"
2019-01-09,2019010901001751,CBL,22,57,50,163.00,"8,150.00"
2019-01-09,2019010901001736,CBL,6,34,116,162.00,"18,792.00"
2019-01-09,2019010901002123,CCBL,36,11,21,170.00,"3,570.00"
2019-01-09,2019010901002100,CCBL,52,7,91,171.00,"15,561.00"
2019-01-09,2019010901002099,CCBL,52,34,12,171.00,"2,052.00"
2019-01-09,2019010901002097,CCBL,36,48,115,170.00,"19,550.00"
2019-01-09,2019010901002080,CCBL,36,48,115,170.00,"19,550.00"
2019-01-09,2019010901002067,CCBL,36,48,115,170.00,"19,550.00"
2019-01-09,2019010901001949,CCBL,36,1,59,170.00,"10,030.00"
2019-01-09,2019010901001928,CCBL,21,34,100,171.00,"17,100.00"
2019-01-09,2019010901001750,CCBL,36,34,82,170.00,"13,940.00"
2019-01-09,2019010901001749,CCBL,58,34,30,171.00,"5,130.00"
2019-01-09,2019010901001969,CHCL,45,39,100,546.00,"54,600.00"
2019-01-09,2019010901002101,CIT,39,58,40,"2,260.00","90,400.00"
2019-01-09,2019010901001939,CIT,7,58,10,"2,260.00","22,600.00"
2019-01-09,2019010901001742,CMF1,39,39,"1,000",9.00,"9,000.00"
2019-01-09,2019010901002131,CZBIL,6,43,45,215.00,"9,675.00"
2019-01-09,2019010901002069,CZBIL,57,43,10,215.00,"2,150.00"
2019-01-09,2019010901002028,CZBIL,38,25,200,214.00,"42,800.00"
2019-01-09,2019010901001975,CZBIL,19,43,300,215.00,"64,500.00"
2019-01-09,2019010901001707,CZBIL,21,43,200,215.00,"43,000.00"
2019-01-09,2019010901001997,DBBL,43,28,"1,000",127.00,"127,000.00"
2019-01-09,2019010901001996,DBBL,57,28,400,127.00,"50,800.00"
2019-01-09,2019010901001956,DBBL,57,58,100,127.00,"12,700.00"
2019-01-09,2019010901001955,DBBL,26,58,100,127.00,"12,700.00"
2019-01-09,2019010901001954,DBBL,1,58,300,127.00,"38,100.00"
2019-01-09,2019010901001874,DBBL,10,13,135,128.00,"17,280.00"
2019-01-09,2019010901002156,DDBL,34,25,60,638.00,"38,280.00"
2019-01-09,2019010901002155,DDBL,21,25,40,640.00,"25,600.00"
2019-01-09,2019010901002021,DDBL,34,34,53,638.00,"33,814.00"
2019-01-09,2019010901002020,DDBL,56,34,30,639.00,"19,170.00"
2019-01-09,2019010901002019,DDBL,51,34,17,639.00,"10,863.00"
2019-01-09,2019010901001909,DDBL,51,21,33,639.00,"21,087.00"
2019-01-09,2019010901001757,DDBL,21,32,10,643.00,"6,430.00"
2019-01-09,2019010901001872,DDBL,13,21,100,639.00,"63,900.00"
2019-01-09,2019010901001871,DDBL,21,21,10,640.00,"6,400.00"
2019-01-09,2019010901001870,DDBL,13,21,100,640.00,"64,000.00"
2019-01-09,2019010901001869,DDBL,41,21,100,641.00,"64,100.00"
2019-01-09,2019010901001868,DDBL,42,21,10,645.00,"6,450.00"
2019-01-09,2019010901001758,DDBL,43,32,150,643.00,"96,450.00"
2019-01-09,2019010901002125,EBL,46,34,10,534.00,"5,340.00"
2019-01-09,2019010901002013,EBL,32,35,27,532.00,"14,364.00"
2019-01-09,2019010901001825,EBL,34,34,345,531.00,"183,195.00"
2019-01-09,2019010901001739,EBL,49,34,200,532.00,"106,400.00"
2019-01-09,2019010901001738,EBL,41,34,100,532.00,"53,200.00"
2019-01-09,2019010901001801,EBL,34,34,655,531.00,"347,805.00"
2019-01-09,2019010901001800,EBL,34,34,345,531.00,"183,195.00"
2019-01-09,2019010901001785,EBL,34,34,655,531.00,"347,805.00"
2019-01-09,2019010901001784,EBL,19,34,345,531.00,"183,195.00"
2019-01-09,2019010901001741,EBL,19,34,155,531.00,"82,305.00"
2019-01-09,2019010901001740,EBL,57,34,290,531.00,"153,990.00"
2019-01-09,2019010901002015,EIC,44,25,82,847.00,"69,454.00"
2019-01-09,2019010901001986,EIC,44,40,300,847.00,"254,100.00"
2019-01-09,2019010901001921,EIC,44,55,80,847.00,"67,760.00"
2019-01-09,2019010901001920,EIC,6,55,10,847.00,"8,470.00"
2019-01-09,2019010901002202,FMDBL,53,48,150,383.00,"57,450.00"
2019-01-09,2019010901002201,FMDBL,34,48,50,383.00,"19,150.00"
2019-01-09,2019010901002023,FMDBL,53,52,15,384.00,"5,760.00"
2019-01-09,2019010901001713,FMDBL,53,46,200,384.00,"76,800.00"
2019-01-09,2019010901002108,GBBL,43,17,110,190.00,"20,900.00"
2019-01-09,2019010901002034,GBBL,32,6,26,189.00,"4,914.00"
2019-01-09,2019010901002033,GBBL,43,6,100,189.00,"18,900.00"
2019-01-09,2019010901001940,GBIME,34,34,55,269.00,"14,795.00"
2019-01-09,2019010901001904,GBIME,34,58,233,269.00,"62,677.00"
2019-01-09,2019010901001844,GBIME,1,36,11,270.00,"2,970.00"
2019-01-09,2019010901001760,GBIME,1,34,55,270.00,"14,850.00"
2019-01-09,2019010901001714,GBIME,1,46,34,270.00,"9,180.00"
2019-01-09,2019010901002035,GBLBS,39,41,40,433.00,"17,320.00"
2019-01-09,2019010901001943,GBLBS,39,34,10,433.00,"4,330.00"
2019-01-09,2019010901001967,GDBL,42,13,22,192.00,"4,224.00"
2019-01-09,2019010901001966,GDBL,42,51,154,192.00,"29,568.00"
2019-01-09,2019010901001895,GDBL,18,26,186,190.00,"35,340.00"
2019-01-09,2019010901001783,GDBL,32,45,160,189.00,"30,240.00"
2019-01-09,2019010901002117,GLICL,29,38,50,724.00,"36,200.00"
2019-01-09,2019010901002116,GLICL,29,49,50,720.00,"36,000.00"
2019-01-09,2019010901002037,HBL,52,10,53,464.00,"24,592.00"
2019-01-09,2019010901001856,HBL,34,21,87,455.00,"39,585.00"
2019-01-09,2019010901001855,HBL,48,21,50,455.00,"22,750.00"
2019-01-09,2019010901001854,HBL,52,21,100,455.00,"45,500.00"
2019-01-09,2019010901001853,HBL,57,21,300,455.00,"136,500.00"
2019-01-09,2019010901001852,HBL,33,21,130,456.00,"59,280.00"
2019-01-09,2019010901001851,HBL,7,21,40,460.00,"18,400.00"
2019-01-09,2019010901001850,HBL,57,21,64,460.00,"29,440.00"
2019-01-09,2019010901002157,HGI,52,32,20,405.00,"8,100.00"
2019-01-09,2019010901002042,HGI,51,16,300,403.00,"120,900.00"
2019-01-09,2019010901002041,HGI,39,16,200,404.00,"80,800.00"
2019-01-09,2019010901002159,HIDCL,34,42,94,152.00,"14,288.00"
2019-01-09,2019010901002104,HIDCL,52,42,106,152.00,"16,112.00"
2019-01-09,2019010901002092,HIDCL,52,45,11,151.00,"1,661.00"
2019-01-09,2019010901001776,HIDCL,52,34,16,151.00,"2,416.00"
2019-01-09,2019010901002139,ICFC,49,57,"1,000",153.00,"153,000.00"
2019-01-09,2019010901002120,ICFC,37,57,100,154.00,"15,400.00"
2019-01-09,2019010901002137,JBNL,19,17,235,169.00,"39,715.00"
2019-01-09,2019010901002136,JBNL,37,17,200,169.00,"33,800.00"
2019-01-09,2019010901002135,JBNL,38,17,500,169.00,"84,500.00"
2019-01-09,2019010901002134,JBNL,19,17,147,169.00,"24,843.00"
2019-01-09,2019010901002124,JBNL,19,44,92,169.00,"15,548.00"
2019-01-09,2019010901001720,JBNL,19,17,261,169.00,"44,109.00"
2019-01-09,2019010901001719,JBNL,47,17,261,169.00,"44,109.00"
2019-01-09,2019010901002147,KBBL,26,16,100,214.00,"21,400.00"
2019-01-09,2019010901002175,KBL,18,33,30,247.00,"7,410.00"
2019-01-09,2019010901002011,KBL,59,42,149,246.00,"36,654.00"
2019-01-09,2019010901002010,KBL,52,42,50,246.00,"12,300.00"
2019-01-09,2019010901002009,KBL,1,42,227,246.00,"55,842.00"
2019-01-09,2019010901001839,KBL,1,17,60,246.00,"14,760.00"
2019-01-09,2019010901002179,KMCDB,6,40,50,999.00,"49,950.00"
2019-01-09,2019010901002178,KMCDB,6,50,50,998.00,"49,900.00"
2019-01-09,2019010901002177,KMCDB,6,58,100,995.00,"99,500.00"
2019-01-09,2019010901002176,KMCDB,6,18,100,990.00,"99,000.00"
2019-01-09,2019010901002059,KNBL,57,6,500,119.00,"59,500.00"
2019-01-09,2019010901002058,KNBL,43,6,300,119.00,"35,700.00"
2019-01-09,2019010901002012,KPCL,18,42,10,100.00,"1,000.00"
2019-01-09,2019010901001737,KPCL,18,42,10,100.00,"1,000.00"
2019-01-09,2019010901001733,KPCL,18,42,10,100.00,"1,000.00"
2019-01-09,2019010901001723,KPCL,18,42,10,100.00,"1,000.00"
2019-01-09,2019010901001718,KRBL,43,38,100,100.00,"10,000.00"
2019-01-09,2019010901001938,KSBBL,47,32,415,136.00,"56,440.00"
2019-01-09,2019010901001900,KSBBL,47,32,735,136.00,"99,960.00"
2019-01-09,2019010901001867,KSBBL,17,32,600,136.00,"81,600.00"
2019-01-09,2019010901001866,KSBBL,47,32,200,136.00,"27,200.00"
2019-01-09,2019010901001865,KSBBL,57,32,50,136.00,"6,800.00"
2019-01-09,2019010901001864,KSBBL,57,32,"1,000",136.00,"136,000.00"
2019-01-09,2019010901001822,KSBBL,45,26,70,137.00,"9,590.00"
2019-01-09,2019010901002184,LBBL,25,14,55,172.00,"9,460.00"
2019-01-09,2019010901002183,LBBL,21,14,100,172.00,"17,200.00"
2019-01-09,2019010901002182,LBBL,57,14,100,172.00,"17,200.00"
2019-01-09,2019010901002181,LBBL,29,14,245,172.00,"42,140.00"
2019-01-09,2019010901002171,LBBL,48,5,10,173.00,"1,730.00"
2019-01-09,2019010901001907,LBBL,29,22,255,172.00,"43,860.00"
2019-01-09,2019010901001906,LBBL,43,22,245,172.00,"42,140.00"
2019-01-09,2019010901001890,LBBL,43,33,255,172.00,"43,860.00"
2019-01-09,2019010901001889,LBBL,55,33,"2,000",172.00,"344,000.00"
2019-01-09,2019010901002173,LBL,7,49,100,223.00,"22,300.00"
2019-01-09,2019010901002016,LBL,28,42,23,221.00,"5,083.00"
2019-01-09,2019010901001861,LBL,41,49,20,223.00,"4,460.00"
2019-01-09,2019010901001787,LBL,49,49,"3,000",220.00,"660,000.00"
2019-01-09,2019010901001744,LBL,41,22,30,223.00,"6,690.00"
2019-01-09,2019010901001743,LBL,41,19,50,223.00,"11,150.00"
2019-01-09,2019010901002081,LGIL,53,39,14,538.00,"7,532.00"
2019-01-09,2019010901002054,LGIL,42,16,454,540.00,"245,160.00"
2019-01-09,2019010901002053,LGIL,19,16,43,541.00,"23,263.00"
2019-01-09,2019010901001945,LGIL,59,58,250,542.00,"135,500.00"
2019-01-09,2019010901001927,LGIL,19,14,57,542.00,"30,894.00"
2019-01-09,2019010901002158,LLBS,16,21,14,772.00,"10,808.00"
2019-01-09,2019010901002144,LLBS,35,21,20,774.00,"15,480.00"
2019-01-09,2019010901002040,LLBS,34,34,24,776.00,"18,624.00"
2019-01-09,2019010901001891,LLBS,39,34,24,775.00,"18,600.00"
2019-01-09,2019010901001716,LLBS,16,41,134,780.00,"104,520.00"
2019-01-09,2019010901002141,MBL,19,33,"4,314",208.00,"897,312.00"
2019-01-09,2019010901001774,MBL,33,33,"3,000",208.00,"624,000.00"
2019-01-09,2019010901001773,MBL,19,33,500,208.00,"104,000.00"
2019-01-09,2019010901001772,MBL,37,33,50,208.00,"10,400.00"
2019-01-09,2019010901001771,MBL,56,33,200,208.00,"41,600.00"
2019-01-09,2019010901001770,MBL,4,33,500,208.00,"104,000.00"
2019-01-09,2019010901001769,MBL,56,33,100,208.00,"20,800.00"
2019-01-09,2019010901001768,MBL,51,33,116,208.00,"24,128.00"
2019-01-09,2019010901001756,MBL,51,35,122,208.00,"25,376.00"
2019-01-09,2019010901001717,MBL,51,54,112,208.00,"23,296.00"
2019-01-09,2019010901002143,MEGA,43,38,"3,143",172.00,"540,596.00"
2019-01-09,2019010901002142,MEGA,4,38,273,172.00,"46,956.00"
2019-01-09,2019010901002130,MEGA,4,38,27,172.00,"4,644.00"
2019-01-09,2019010901002129,MEGA,43,38,100,172.00,"17,200.00"
2019-01-09,2019010901002128,MEGA,43,38,300,172.00,"51,600.00"
2019-01-09,2019010901002127,MEGA,34,38,"2,000",173.00,"346,000.00"
2019-01-09,2019010901001814,MEGA,34,34,108,173.00,"18,684.00"
2019-01-09,2019010901001798,MEGA,34,17,100,173.00,"17,300.00"
2019-01-09,2019010901001972,MEGA,34,20,300,173.00,"51,900.00"
2019-01-09,2019010901001971,MEGA,25,20,200,173.00,"34,600.00"
2019-01-09,2019010901001957,MEGA,34,34,108,173.00,"18,684.00"
2019-01-09,2019010901001918,MEGA,52,36,100,174.00,"17,400.00"
2019-01-09,2019010901001917,MEGA,34,16,400,173.00,"69,200.00"
2019-01-09,2019010901001894,MEGA,34,35,70,173.00,"12,110.00"
2019-01-09,2019010901002003,MEGA,50,38,985,174.00,"171,390.00"
2019-01-09,2019010901002002,MEGA,50,21,"1,177",174.00,"204,798.00"
2019-01-09,2019010901002001,MEGA,50,39,"1,107",174.00,"192,618.00"
2019-01-09,2019010901002000,MEGA,50,44,414,174.00,"72,036.00"
2019-01-09,2019010901001999,MEGA,50,40,66,174.00,"11,484.00"
2019-01-09,2019010901001998,MEGA,50,36,177,174.00,"30,798.00"
2019-01-09,2019010901002126,MEGA,34,38,"1,306",173.00,"225,938.00"
2019-01-09,2019010901002114,MEGA,34,11,152,173.00,"26,296.00"
2019-01-09,2019010901002103,MEGA,29,10,285,174.00,"49,590.00"
2019-01-09,2019010901002102,MEGA,29,38,15,174.00,"2,610.00"
2019-01-09,2019010901002089,MEGA,34,48,108,173.00,"18,684.00"
2019-01-09,2019010901002077,MEGA,34,48,134,173.00,"23,182.00"
2019-01-09,2019010901002105,MEGAPO,35,21,"4,787",108.00,"516,996.00"
2019-01-09,2019010901002008,MLBBL,50,48,163,940.00,"153,220.00"
2019-01-09,2019010901001982,MLBBL,50,28,19,940.00,"17,860.00"
2019-01-09,2019010901001708,MLBBL,14,16,24,930.00,"22,320.00"
2019-01-09,2019010901001827,MLBL,4,21,"1,754",168.00,"294,672.00"
2019-01-09,2019010901001826,MLBL,46,21,700,169.00,"118,300.00"
2019-01-09,2019010901001796,MMFDB,41,41,50,995.00,"49,750.00"
2019-01-09,2019010901001795,MMFDB,40,41,50,996.00,"49,800.00"
2019-01-09,2019010901001824,MNBBL,57,21,825,346.00,"285,450.00"
2019-01-09,2019010901001823,MNBBL,22,21,52,346.00,"17,992.00"
2019-01-09,2019010901002052,MSMBS,29,26,50,550.00,"27,500.00"
2019-01-09,2019010901002044,MSMBS,29,29,500,545.00,"272,500.00"
2019-01-09,2019010901002192,NADEP,19,6,15,797.00,"11,955.00"
2019-01-09,2019010901002180,NADEP,19,33,105,798.00,"83,790.00"
2019-01-09,2019010901001947,NADEP,19,34,60,797.00,"47,820.00"
2019-01-09,2019010901001735,NADEP,39,39,10,800.00,"8,000.00"
2019-01-09,2019010901001961,NADEP,19,34,10,797.00,"7,970.00"
2019-01-09,2019010901002185,NBB,19,44,"2,000",191.00,"382,000.00"
2019-01-09,2019010901002055,NBB,33,41,610,191.00,"116,510.00"
2019-01-09,2019010901001985,NBB,54,58,65,190.00,"12,350.00"
2019-01-09,2019010901001984,NBB,29,58,"1,055",190.00,"200,450.00"
2019-01-09,2019010901001910,NBB,19,38,300,191.00,"57,300.00"
2019-01-09,2019010901001903,NBB,39,38,200,191.00,"38,200.00"
2019-01-09,2019010901001817,NBB,56,47,400,191.00,"76,400.00"
2019-01-09,2019010901001923,NBBL,34,45,10,784.00,"7,840.00"
2019-01-09,2019010901002007,NBL,26,21,99,307.00,"30,393.00"
2019-01-09,2019010901001924,NBL,51,33,40,308.00,"12,320.00"
2019-01-09,2019010901001781,NBL,41,33,678,308.00,"208,824.00"
2019-01-09,2019010901001780,NBL,41,14,10,308.00,"3,080.00"
2019-01-09,2019010901001779,NBL,41,14,312,308.00,"96,096.00"
2019-01-09,2019010901001778,NBL,16,14,220,308.00,"67,760.00"
2019-01-09,2019010901001747,NBL,39,14,"1,468",308.00,"452,144.00"
2019-01-09,2019010901001746,NBL,39,14,32,308.00,"9,856.00"
2019-01-09,2019010901001725,NBL,11,14,300,308.00,"92,400.00"
2019-01-09,2019010901001832,NCCB,45,42,286,220.00,"62,920.00"
2019-01-09,2019010901001831,NCCB,45,57,200,219.00,"43,800.00"
2019-01-09,2019010901001830,NCCB,45,51,"1,000",219.00,"219,000.00"
2019-01-09,2019010901001829,NCCB,45,33,"3,514",219.00,"769,566.00"
2019-01-09,2019010901001802,NCCB,19,33,"1,000",219.00,"219,000.00"
2019-01-09,2019010901001712,NCCB,51,33,486,219.00,"106,434.00"
2019-01-09,2019010901001711,NCCB,51,47,14,219.00,"3,066.00"
2019-01-09,2019010901002022,NGPL,35,22,100,131.00,"13,100.00"
2019-01-09,2019010901001828,NGPL,57,22,20,130.00,"2,600.00"
2019-01-09,2019010901001724,NHDL,18,39,10,126.00,"1,260.00"
2019-01-09,2019010901002174,NIB,59,46,100,547.00,"54,700.00"
2019-01-09,2019010901002170,NIB,59,19,160,547.00,"87,520.00"
2019-01-09,2019010901002096,NIB,59,45,14,547.00,"7,658.00"
2019-01-09,2019010901001974,NIB,45,34,37,548.00,"20,276.00"
2019-01-09,2019010901001841,NIB,45,34,11,548.00,"6,028.00"
2019-01-09,2019010901001840,NIB,53,34,26,548.00,"14,248.00"
2019-01-09,2019010901001977,NIBLPF,57,5,"1,263",7.45,"9,409.35"
2019-01-09,2019010901002138,NICA,36,44,316,386.00,"121,976.00"
2019-01-09,2019010901001978,NICA,43,35,630,387.00,"243,810.00"
2019-01-09,2019010901001930,NICA,43,44,100,387.00,"38,700.00"
2019-01-09,2019010901001929,NICA,55,44,103,387.00,"39,861.00"
2019-01-09,2019010901001794,NICA,55,35,197,387.00,"76,239.00"
2019-01-09,2019010901001793,NICA,16,35,392,387.00,"151,704.00"
2019-01-09,2019010901001792,NICA,57,35,"1,000",387.00,"387,000.00"
2019-01-09,2019010901001791,NICA,42,35,500,387.00,"193,500.00"
2019-01-09,2019010901001790,NICA,21,35,100,387.00,"38,700.00"
2019-01-09,2019010901001789,NICA,29,35,50,387.00,"19,350.00"
2019-01-09,2019010901001788,NICA,10,35,761,387.00,"294,507.00"
2019-01-09,2019010901001892,NICGF,55,33,"5,100",9.10,"46,410.00"
2019-01-09,2019010901001727,NICGF,22,39,"1,000",8.94,"8,940.00"
2019-01-09,2019010901001754,NICL,45,14,150,565.00,"84,750.00"
2019-01-09,2019010901002087,NIL,10,49,250,547.00,"136,750.00"
2019-01-09,2019010901002086,NIL,10,55,150,547.00,"82,050.00"
2019-01-09,2019010901002057,NIL,10,16,400,544.00,"217,600.00"
2019-01-09,2019010901002036,NIL,10,36,500,546.00,"273,000.00"
2019-01-09,2019010901001951,NIL,10,5,500,546.00,"273,000.00"
2019-01-09,2019010901001950,NIL,10,47,100,545.00,"54,500.00"
2019-01-09,2019010901001958,NLBBL,37,47,100,475.00,"47,500.00"
2019-01-09,2019010901002146,NLIC,50,48,90,"1,100.00","99,000.00"
2019-01-09,2019010901002145,NLIC,34,48,10,"1,100.00","11,000.00"
2019-01-09,2019010901002111,NLIC,58,48,17,"1,099.00","18,683.00"
2019-01-09,2019010901002106,NLIC,33,47,100,"1,100.00","110,000.00"
2019-01-09,2019010901002049,NLIC,58,48,17,"1,099.00","18,683.00"
2019-01-09,2019010901002038,NLIC,49,48,17,"1,100.00","18,700.00"
2019-01-09,2019010901001976,NLIC,58,34,17,"1,099.00","18,683.00"
2019-01-09,2019010901001922,NLIC,26,28,450,"1,100.00","495,000.00"
2019-01-09,2019010901001901,NLIC,26,39,50,"1,100.00","55,000.00"
2019-01-09,2019010901001709,NLIC,33,28,342,"1,100.00","376,200.00"
2019-01-09,2019010901002191,NLICL,25,25,220,713.00,"156,860.00"
2019-01-09,2019010901002109,NLICL,37,54,250,715.00,"178,750.00"
2019-01-09,2019010901002066,NLICL,47,28,47,714.00,"33,558.00"
2019-01-09,2019010901002065,NLICL,48,28,153,714.00,"109,242.00"
2019-01-09,2019010901002029,NLICL,59,35,100,715.00,"71,500.00"
2019-01-09,2019010901002006,NLICL,41,35,168,715.00,"120,120.00"
2019-01-09,2019010901001919,NLICL,41,44,332,715.00,"237,380.00"
2019-01-09,2019010901002030,NMB,57,32,10,327.00,"3,270.00"
2019-01-09,2019010901001763,NMBMF,55,55,1,"1,140.00","1,140.00"
2019-01-09,2019010901002199,NMFBS,45,28,100,"1,521.00","152,100.00"
2019-01-09,2019010901001748,NTC,45,58,12,730.00,"8,760.00"
2019-01-09,2019010901002025,NUBL,41,49,100,760.00,"76,000.00"
2019-01-09,2019010901001952,OHL,26,45,100,445.00,"44,500.00"
2019-01-09,2019010901002112,PCBL,11,41,78,334.00,"26,052.00"
2019-01-09,2019010901001915,PFL,59,13,192,134.00,"25,728.00"
2019-01-09,2019010901001914,PFL,14,13,500,134.00,"67,000.00"
2019-01-09,2019010901001913,PFL,25,13,500,134.00,"67,000.00"
2019-01-09,2019010901001912,PFL,17,13,56,134.00,"7,504.00"
2019-01-09,2019010901001911,PFL,14,13,89,135.00,"12,015.00"
2019-01-09,2019010901001845,PIC,57,44,11,"1,023.00","11,253.00"
2019-01-09,2019010901002014,PICL,57,21,10,706.00,"7,060.00"
2019-01-09,2019010901001973,PICL,10,40,34,712.00,"24,208.00"
2019-01-09,2019010901001905,PICL,10,13,10,712.00,"7,120.00"
2019-01-09,2019010901001846,PICL,10,45,36,712.00,"25,632.00"
2019-01-09,2019010901002056,PLIC,28,33,151,500.00,"75,500.00"
2019-01-09,2019010901002046,PLIC,19,33,400,500.00,"200,000.00"
2019-01-09,2019010901002018,PLIC,21,33,40,500.00,"20,000.00"
2019-01-09,2019010901001937,PLIC,59,33,100,500.00,"50,000.00"
2019-01-09,2019010901001936,PLIC,58,33,150,500.00,"75,000.00"
2019-01-09,2019010901001935,PLIC,19,33,100,500.00,"50,000.00"
2019-01-09,2019010901001934,PLIC,25,33,500,500.00,"250,000.00"
2019-01-09,2019010901001933,PLIC,42,33,100,501.00,"50,100.00"
2019-01-09,2019010901001932,PLIC,58,33,150,501.00,"75,150.00"
2019-01-09,2019010901001931,PLIC,51,33,200,501.00,"100,200.00"
2019-01-09,2019010901002172,PMHPL,18,39,10,116.00,"1,160.00"
2019-01-09,2019010901002110,PMHPL,18,42,10,116.00,"1,160.00"
2019-01-09,2019010901002048,PMHPL,57,57,10,118.00,"1,180.00"
2019-01-09,2019010901002039,PMHPL,18,40,10,116.00,"1,160.00"
2019-01-09,2019010901002031,PMHPL,18,40,10,116.00,"1,160.00"
2019-01-09,2019010901002024,PMHPL,18,40,10,116.00,"1,160.00"
2019-01-09,2019010901002169,PRIN,17,33,50,457.00,"22,850.00"
2019-01-09,2019010901002168,PRIN,40,33,200,457.00,"91,400.00"
2019-01-09,2019010901002167,PRIN,28,33,200,457.00,"91,400.00"
2019-01-09,2019010901002166,PRIN,51,33,200,457.00,"91,400.00"
2019-01-09,2019010901002160,PRIN,25,25,382,458.00,"174,956.00"
2019-01-09,2019010901001925,PRIN,13,36,478,458.00,"218,924.00"
2019-01-09,2019010901001797,PRIN,38,22,80,459.00,"36,720.00"
2019-01-09,2019010901002164,PRVU,59,42,50,246.00,"12,300.00"
2019-01-09,2019010901002163,PRVU,25,42,61,246.00,"15,006.00"
2019-01-09,2019010901002154,PRVU,25,6,129,246.00,"31,734.00"
2019-01-09,2019010901001848,PRVU,25,17,210,246.00,"51,660.00"
2019-01-09,2019010901001721,PRVU,25,42,600,246.00,"147,600.00"
2019-01-09,2019010901002079,RADHI,41,41,11,164.00,"1,804.00"
2019-01-09,2019010901001983,RADHI,41,34,11,164.00,"1,804.00"
2019-01-09,2019010901001926,RADHI,41,51,11,164.00,"1,804.00"
2019-01-09,2019010901001849,RADHI,41,34,11,164.00,"1,804.00"
2019-01-09,2019010901001734,RADHI,41,57,11,164.00,"1,804.00"
2019-01-09,2019010901002115,RHPC,55,48,13,98.00,"1,274.00"
2019-01-09,2019010901002098,RHPC,55,48,13,98.00,"1,274.00"
2019-01-09,2019010901001753,RHPC,55,57,27,98.00,"2,646.00"
2019-01-09,2019010901002196,RMDC,10,43,100,549.00,"54,900.00"
2019-01-09,2019010901002095,RMDC,6,21,55,547.00,"30,085.00"
2019-01-09,2019010901001968,RMDC,19,21,25,549.00,"13,725.00"
2019-01-09,2019010901001863,RMDC,19,34,32,546.00,"17,472.00"
2019-01-09,2019010901001816,RMDC,42,55,25,549.00,"13,725.00"
2019-01-09,2019010901001761,RRHP,41,57,10,102.00,"1,020.00"
2019-01-09,2019010901001873,RSDC,38,14,50,393.00,"19,650.00"
2019-01-09,2019010901001818,RSDC,38,19,50,392.00,"19,600.00"
2019-01-09,2019010901002118,SADBL,59,16,822,138.00,"113,436.00"
2019-01-09,2019010901002071,SAEF,5,39,100,9.21,921.00
2019-01-09,2019010901002091,SANIMA,49,43,668,306.00,"204,408.00"
2019-01-09,2019010901002090,SANIMA,14,43,332,306.00,"101,592.00"
2019-01-09,2019010901001993,SANIMA,14,33,668,306.00,"204,408.00"
2019-01-09,2019010901001992,SANIMA,54,33,10,306.00,"3,060.00"
2019-01-09,2019010901001991,SANIMA,49,33,"2,000",306.00,"612,000.00"
2019-01-09,2019010901001990,SANIMA,34,33,500,306.00,"153,000.00"
2019-01-09,2019010901001989,SANIMA,34,33,103,306.00,"31,518.00"
2019-01-09,2019010901001988,SANIMA,50,33,85,307.00,"26,095.00"
2019-01-09,2019010901001916,SANIMA,50,10,300,307.00,"92,100.00"
2019-01-09,2019010901001862,SANIMA,50,17,65,307.00,"19,955.00"
2019-01-09,2019010901002064,SBBLJ,16,59,100,202.00,"20,200.00"
2019-01-09,2019010901002200,SBI,58,44,100,394.00,"39,400.00"
2019-01-09,2019010901002026,SBI,34,28,10,396.00,"3,960.00"
2019-01-09,2019010901001898,SBI,17,10,500,394.00,"197,000.00"
2019-01-09,2019010901001897,SBI,22,10,20,394.00,"7,880.00"
2019-01-09,2019010901001896,SBI,37,10,50,395.00,"19,750.00"
2019-01-09,2019010901002153,SCB,19,3,60,605.00,"36,300.00"
2019-01-09,2019010901002152,SCB,42,3,600,605.00,"363,000.00"
2019-01-09,2019010901002151,SCB,53,3,100,606.00,"60,600.00"
2019-01-09,2019010901002150,SCB,41,3,240,606.00,"145,440.00"
2019-01-09,2019010901001729,SCB,1,13,90,610.00,"54,900.00"
2019-01-09,2019010901001728,SCB,1,47,50,609.00,"30,450.00"
2019-01-09,2019010901001876,SCB,11,34,20,608.00,"12,160.00"
2019-01-09,2019010901001732,SCB,1,19,10,610.00,"6,100.00"
2019-01-09,2019010901001731,SCB,1,13,50,610.00,"30,500.00"
2019-01-09,2019010901001730,SCB,1,3,100,610.00,"61,000.00"
2019-01-09,2019010901002051,SCB,25,25,"1,514",606.00,"917,484.00"
2019-01-09,2019010901002050,SCB,41,40,20,606.00,"12,120.00"
2019-01-09,2019010901002047,SCB,41,40,20,606.00,"12,120.00"
2019-01-09,2019010901002005,SCB,41,34,20,606.00,"12,120.00"
2019-01-09,2019010901001981,SDESI,41,34,85,650.00,"55,250.00"
2019-01-09,2019010901001980,SDESI,33,34,14,651.00,"9,114.00"
2019-01-09,2019010901001979,SDESI,14,34,15,652.00,"9,780.00"
2019-01-09,2019010901001953,SDESI,33,45,11,651.00,"7,161.00"
2019-01-09,2019010901002198,SEF,55,58,"2,000",9.27,"18,540.00"
2019-01-09,2019010901002197,SEF,55,38,"1,000",9.25,"9,250.00"
2019-01-09,2019010901002189,SEF,55,33,"5,100",9.20,"46,920.00"
2019-01-09,2019010901002188,SEF,55,33,"5,100",9.19,"46,869.00"
2019-01-09,2019010901001752,SEF,26,39,"1,000",9.02,"9,020.00"
2019-01-09,2019010901001843,SHINE,57,21,"1,000",250.00,"250,000.00"
2019-01-09,2019010901001842,SHINE,42,21,30,250.00,"7,500.00"
2019-01-09,2019010901002082,SHPC,6,49,"1,000",230.00,"230,000.00"
2019-01-09,2019010901001970,SHPC,6,49,825,230.00,"189,750.00"
2019-01-09,2019010901002017,SINDU,29,32,80,120.00,"9,600.00"
2019-01-09,2019010901002205,SKBBL,52,22,19,"1,069.00","20,311.00"
2019-01-09,2019010901002122,SKBBL,5,22,56,"1,069.00","59,864.00"
2019-01-09,2019010901001875,SKBBL,52,14,100,"1,061.00","106,100.00"
2019-01-09,2019010901001860,SKBBL,35,14,50,"1,060.00","53,000.00"
2019-01-09,2019010901001859,SKBBL,22,14,350,"1,060.00","371,000.00"
2019-01-09,2019010901001858,SKBBL,45,14,50,"1,060.00","53,000.00"
2019-01-09,2019010901001857,SKBBL,42,14,50,"1,060.00","53,000.00"
2019-01-09,2019010901001847,SKBBL,52,17,50,"1,062.00","53,100.00"
2019-01-09,2019010901002107,SLBS,17,21,18,"1,036.00","18,648.00"
2019-01-09,2019010901002186,SLICL,41,41,7,550.00,"3,850.00"
2019-01-09,2019010901002140,SLICL,33,7,78,560.00,"43,680.00"
2019-01-09,2019010901002076,SLICL,25,34,400,560.00,"224,000.00"
2019-01-09,2019010901002004,SLICL,34,34,100,560.00,"56,000.00"
2019-01-09,2019010901001995,SLICL,25,34,500,560.00,"280,000.00"
2019-01-09,2019010901001994,SLICL,25,34,150,560.00,"84,000.00"
2019-01-09,2019010901001987,SLICL,44,4,400,559.00,"223,600.00"
2019-01-09,2019010901001965,SLICL,19,34,50,560.00,"28,000.00"
2019-01-09,2019010901001964,SLICL,48,34,50,560.00,"28,000.00"
2019-01-09,2019010901001963,SLICL,34,34,200,560.00,"112,000.00"
2019-01-09,2019010901001962,SLICL,56,34,50,560.00,"28,000.00"
2019-01-09,2019010901001799,SLICL,38,4,70,567.00,"39,690.00"
2019-01-09,2019010901002204,SMATA,10,35,10,"1,113.00","11,130.00"
2019-01-09,2019010901002193,SMATA,10,42,10,"1,110.00","11,100.00"
2019-01-09,2019010901002190,SMATA,10,1,12,"1,105.00","13,260.00"
2019-01-09,2019010901002162,SMATA,10,45,12,"1,110.00","13,320.00"
2019-01-09,2019010901001946,SMB,11,39,10,613.00,"6,130.00"
2019-01-09,2019010901002027,SMFDB,49,28,100,715.00,"71,500.00"
2019-01-09,2019010901001838,SRBL,50,33,799,215.00,"171,785.00"
2019-01-09,2019010901001837,SRBL,33,33,"2,000",215.00,"430,000.00"
2019-01-09,2019010901001836,SRBL,48,33,601,215.00,"129,215.00"
2019-01-09,2019010901001835,SRBL,50,33,"2,000",215.00,"430,000.00"
2019-01-09,2019010901001834,SRBL,19,33,50,215.00,"10,750.00"
2019-01-09,2019010901001833,SRBL,11,33,140,215.00,"30,100.00"
2019-01-09,2019010901002195,UIC,33,38,105,780.00,"81,900.00"
2019-01-09,2019010901002194,UIC,22,38,50,781.00,"39,050.00"
2019-01-09,2019010901002061,UIC,33,22,100,780.00,"78,000.00"
2019-01-09,2019010901001775,UMHL,22,57,10,122.00,"1,220.00"
2019-01-09,2019010901001782,VLBS,6,45,12,685.00,"8,220.00"
2019-01-09,2019010901002070,WOMI,10,55,10,971.00,"9,710.00"
2019-01-09,2019010901001602,ADBL,26,36,25,350.00,"8,750.00"
2019-01-09,2019010901001301,ADBL,59,21,10,349.00,"3,490.00"
2019-01-09,2019010901001300,ADBL,57,21,90,350.00,"31,500.00"
2019-01-09,2019010901001293,ADBL,57,49,100,350.00,"35,000.00"
2019-01-09,2019010901001507,AKJCL,47,34,10,93.00,930.00
2019-01-09,2019010901001457,AKJCL,19,10,10,92.00,920.00
2019-01-09,2019010901001438,AKJCL,19,10,10,92.00,920.00
2019-01-09,2019010901001414,AKJCL,37,10,10,93.00,930.00
2019-01-09,2019010901001413,AKJCL,37,14,20,93.00,"1,860.00"
2019-01-09,2019010901001397,AKJCL,37,34,10,93.00,930.00
2019-01-09,2019010901001227,AKJCL,4,10,10,93.00,930.00
2019-01-09,2019010901001218,AKJCL,4,10,10,93.00,930.00
2019-01-09,2019010901001331,AKJCL,47,10,10,94.00,940.00
2019-01-09,2019010901001314,AKJCL,47,10,96,94.00,"9,024.00"
2019-01-09,2019010901001311,AKJCL,47,43,20,94.00,"1,880.00"
2019-01-09,2019010901001296,AKJCL,4,10,10,93.00,930.00
2019-01-09,2019010901001256,AKJCL,4,10,10,93.00,930.00
2019-01-09,2019010901001238,AKJCL,4,22,20,93.00,"1,860.00"
2019-01-09,2019010901001369,AKJCL,4,4,10,93.00,930.00
2019-01-09,2019010901001368,AKJCL,4,34,10,93.00,930.00
2019-01-09,2019010901001364,AKJCL,4,34,10,93.00,930.00
2019-01-09,2019010901001363,AKJCL,4,10,10,93.00,930.00
2019-01-09,2019010901001348,AKJCL,4,10,10,93.00,930.00
2019-01-09,2019010901001339,AKJCL,47,10,10,94.00,940.00
2019-01-09,2019010901001392,AKJCL,37,10,10,93.00,930.00
2019-01-09,2019010901001387,AKJCL,37,34,10,93.00,930.00
2019-01-09,2019010901001380,AKJCL,37,34,10,93.00,930.00
2019-01-09,2019010901001378,AKJCL,37,10,10,93.00,930.00
2019-01-09,2019010901001373,AKJCL,37,34,10,93.00,930.00
2019-01-09,2019010901001370,AKJCL,37,4,10,93.00,930.00
2019-01-09,2019010901001446,AKPL,28,49,10,187.00,"1,870.00"
2019-01-09,2019010901001705,API,21,25,39,153.00,"5,967.00"
2019-01-09,2019010901001513,API,21,14,29,153.00,"4,437.00"
2019-01-09,2019010901001324,BHBL,4,52,200,138.00,"27,600.00"
2019-01-09,2019010901001323,BHBL,4,34,100,138.00,"13,800.00"
2019-01-09,2019010901001322,BHBL,4,52,50,137.00,"6,850.00"
2019-01-09,2019010901001649,BOKL,18,13,30,332.00,"9,960.00"
2019-01-09,2019010901001643,BOKL,11,13,120,332.00,"39,840.00"
2019-01-09,2019010901001615,BOKL,51,32,135,331.00,"44,685.00"
2019-01-09,2019010901001606,BOKL,51,52,50,331.00,"16,550.00"
2019-01-09,2019010901001605,BOKL,26,52,100,331.00,"33,100.00"
2019-01-09,2019010901001537,BOKL,59,13,200,332.00,"66,400.00"
2019-01-09,2019010901001375,BOKL,29,5,50,331.00,"16,550.00"
2019-01-09,2019010901001374,BOKL,50,5,232,331.00,"76,792.00"
2019-01-09,2019010901001347,BOKL,50,52,239,331.00,"79,109.00"
2019-01-09,2019010901001327,BOKL,42,5,100,332.00,"33,200.00"
2019-01-09,2019010901001253,BOKL,50,33,29,331.00,"9,599.00"
2019-01-09,2019010901001252,BOKL,48,33,971,331.00,"321,401.00"
2019-01-09,2019010901001401,BOKL,56,5,150,330.00,"49,500.00"
2019-01-09,2019010901001400,BOKL,53,5,50,330.00,"16,500.00"
2019-01-09,2019010901001399,BOKL,45,5,30,330.00,"9,900.00"
2019-01-09,2019010901001398,BOKL,42,5,474,331.00,"156,894.00"
2019-01-09,2019010901001388,BOKL,42,49,26,331.00,"8,606.00"
2019-01-09,2019010901001376,BOKL,48,5,"1,200",331.00,"397,200.00"
2019-01-09,2019010901001420,BOKL,49,5,86,330.00,"28,380.00"
2019-01-09,2019010901001408,BOKL,49,36,18,330.00,"5,940.00"
2019-01-09,2019010901001405,BOKL,49,5,"5,396",330.00,"1,780,680.00"
2019-01-09,2019010901001404,BOKL,42,5,100,330.00,"33,000.00"
2019-01-09,2019010901001403,BOKL,55,5,200,330.00,"66,000.00"
2019-01-09,2019010901001402,BOKL,16,5,100,330.00,"33,000.00"
2019-01-09,2019010901001479,BOKL,22,13,200,332.00,"66,400.00"
2019-01-09,2019010901001474,BOKL,56,13,50,332.00,"16,600.00"
2019-01-09,2019010901001455,BOKL,26,7,100,331.00,"33,100.00"
2019-01-09,2019010901001444,BOKL,1,13,52,332.00,"17,264.00"
2019-01-09,2019010901001443,BOKL,1,1,13,332.00,"4,316.00"
2019-01-09,2019010901001421,BOKL,49,5,"4,914",330.00,"1,621,620.00"
2019-01-09,2019010901001659,BPCL,34,50,10,368.00,"3,680.00"
2019-01-09,2019010901001330,BPCL,47,6,30,370.00,"11,100.00"
2019-01-09,2019010901001255,BPCL,34,43,10,368.00,"3,680.00"
2019-01-09,2019010901001654,CBBL,28,21,50,821.00,"41,050.00"
2019-01-09,2019010901001652,CBBL,28,21,50,821.00,"41,050.00"
2019-01-09,2019010901001575,CBBL,19,45,45,820.00,"36,900.00"
2019-01-09,2019010901001574,CBBL,21,45,455,820.00,"373,100.00"
2019-01-09,2019010901001371,CBBL,21,53,34,820.00,"27,880.00"
2019-01-09,2019010901001288,CBBL,21,55,11,820.00,"9,020.00"
2019-01-09,2019010901001596,CBL,6,33,209,162.00,"33,858.00"
2019-01-09,2019010901001595,CBL,35,33,19,162.00,"3,078.00"
2019-01-09,2019010901001594,CBL,25,33,"1,000",162.00,"162,000.00"
2019-01-09,2019010901001593,CBL,56,33,58,162.00,"9,396.00"
2019-01-09,2019010901001509,CBL,34,57,200,163.00,"32,600.00"
2019-01-09,2019010901001350,CBL,56,32,16,162.00,"2,592.00"
2019-01-09,2019010901001564,CCBL,36,25,904,170.00,"153,680.00"
2019-01-09,2019010901001557,CCBL,17,25,278,171.00,"47,538.00"
2019-01-09,2019010901001540,CCBL,17,22,22,171.00,"3,762.00"
2019-01-09,2019010901001534,CCBL,21,25,200,171.00,"34,200.00"
2019-01-09,2019010901001533,CCBL,38,25,200,171.00,"34,200.00"
2019-01-09,2019010901001532,CCBL,36,25,50,171.00,"8,550.00"
2019-01-09,2019010901001531,CCBL,29,25,100,171.00,"17,100.00"
2019-01-09,2019010901001530,CCBL,58,25,500,171.00,"85,500.00"
2019-01-09,2019010901001529,CCBL,25,25,318,171.00,"54,378.00"
2019-01-09,2019010901001315,CCBL,25,14,500,171.00,"85,500.00"
2019-01-09,2019010901001225,CCBL,35,39,11,172.00,"1,892.00"
2019-01-09,2019010901001698,CHCL,45,45,185,546.00,"101,010.00"
2019-01-09,2019010901001693,CHCL,45,45,111,546.00,"60,606.00"
2019-01-09,2019010901001692,CHCL,13,45,35,546.00,"19,110.00"
2019-01-09,2019010901001687,CHCL,13,45,65,546.00,"35,490.00"
2019-01-09,2019010901001686,CHCL,17,45,81,546.00,"44,226.00"
2019-01-09,2019010901001424,CHCL,17,36,19,546.00,"10,374.00"
2019-01-09,2019010901001337,CHCL,17,21,100,546.00,"54,600.00"
2019-01-09,2019010901001317,CHCL,19,46,30,550.00,"16,500.00"
2019-01-09,2019010901001232,CHCL,45,48,500,547.00,"273,500.00"
2019-01-09,2019010901001641,CHL,51,57,10,103.00,"1,030.00"
2019-01-09,2019010901001454,CHL,51,49,34,103.00,"3,502.00"
2019-01-09,2019010901001598,CIT,52,28,15,"2,265.00","33,975.00"
2019-01-09,2019010901001586,CIT,57,42,45,"2,256.00","101,520.00"
2019-01-09,2019010901001585,CIT,19,42,10,"2,260.00","22,600.00"
2019-01-09,2019010901001579,CIT,34,39,10,"2,261.00","22,610.00"
2019-01-09,2019010901001578,CIT,6,39,10,"2,261.00","22,610.00"
2019-01-09,2019010901001541,CIT,22,28,100,"2,265.00","226,500.00"
2019-01-09,2019010901001527,CIT,7,28,50,"2,265.00","113,250.00"
2019-01-09,2019010901001483,CIT,7,49,50,"2,265.00","113,250.00"
2019-01-09,2019010901001482,CIT,5,49,50,"2,265.00","113,250.00"
2019-01-09,2019010901001462,CIT,39,45,20,"2,270.00","45,400.00"
2019-01-09,2019010901001459,CIT,5,1,50,"2,265.00","113,250.00"
2019-01-09,2019010901001458,CMF1,22,33,"5,100",9.09,"46,359.00"
2019-01-09,2019010901001435,CMF1,39,14,100,9.00,900.00
2019-01-09,2019010901001651,CZBIL,49,49,"6,413",213.00,"1,365,969.00"
2019-01-09,2019010901001635,CZBIL,55,44,"1,044",215.00,"224,460.00"
2019-01-09,2019010901001623,CZBIL,55,42,746,215.00,"160,390.00"
2019-01-09,2019010901001524,CZBIL,44,35,20,216.00,"4,320.00"
2019-01-09,2019010901001448,CZBIL,55,14,10,215.00,"2,150.00"
2019-01-09,2019010901001264,CZBIL,22,35,70,216.00,"15,120.00"
2019-01-09,2019010901001263,CZBIL,22,49,30,216.00,"6,480.00"
2019-01-09,2019010901001437,DBBL,6,10,217,128.00,"27,776.00"
2019-01-09,2019010901001244,DBBL,6,37,30,128.00,"3,840.00"
2019-01-09,2019010901001210,DBBL,6,46,28,128.00,"3,584.00"
2019-01-09,2019010901001622,DDBL,29,51,15,650.00,"9,750.00"
2019-01-09,2019010901001449,DDBL,21,34,10,651.00,"6,510.00"
2019-01-09,2019010901001386,DDBL,22,34,20,651.00,"13,020.00"
2019-01-09,2019010901001442,DHPL,16,11,40,102.00,"4,080.00"
2019-01-09,2019010901001441,DHPL,16,41,11,102.00,"1,122.00"
2019-01-09,2019010901001573,EBL,57,34,10,531.00,"5,310.00"
2019-01-09,2019010901001553,EBL,6,34,"1,000",531.00,"531,000.00"
2019-01-09,2019010901001552,EBL,35,34,50,531.00,"26,550.00"
2019-01-09,2019010901001551,EBL,59,34,"1,000",531.00,"531,000.00"
2019-01-09,2019010901001550,EBL,38,34,20,531.00,"10,620.00"
2019-01-09,2019010901001549,EBL,57,34,300,532.00,"159,600.00"
