Date,Transact. No.,Symbol,Buyer,Seller,Quantity,Rate,Amount
2021-03-31,2021033105008023,CGH,5,11,10,"2,120.00","21,200.00"
2021-03-31,2021033105008022,CGH,5,49,10,"2,105.00","21,050.00"
2021-03-31,2021033105008011,CGH,29,52,10,"2,105.00","21,050.00"
2021-03-31,2021033105008010,CGH,39,53,10,"2,103.00","21,030.00"
2021-03-31,2021033105007999,CGH,39,36,10,"2,103.00","21,030.00"
2021-03-31,2021033105007996,CGH,39,34,10,"2,103.00","21,030.00"
2021-03-31,2021033105007549,CGH,3,50,10,"2,118.00","21,180.00"
2021-03-31,2021033105007547,CGH,57,11,10,"2,120.00","21,200.00"
2021-03-31,2021033105007534,CGH,3,1,10,"2,118.00","21,180.00"
2021-03-31,2021033105007532,CGH,3,38,10,"2,118.00","21,180.00"
2021-03-31,2021033105007531,CGH,3,8,10,"2,118.00","21,180.00"
2021-03-31,2021033105007529,CGH,3,38,10,"2,118.00","21,180.00"
2021-03-31,2021033105007571,CGH,18,48,10,"2,120.00","21,200.00"
2021-03-31,2021033105007570,CGH,18,56,10,"2,120.00","21,200.00"
2021-03-31,2021033105007569,CGH,18,38,10,"2,120.00","21,200.00"
2021-03-31,2021033105007568,CGH,18,18,10,"2,120.00","21,200.00"
2021-03-31,2021033105007563,CGH,3,29,10,"2,118.00","21,180.00"
2021-03-31,2021033105007559,CGH,3,38,10,"2,118.00","21,180.00"
2021-03-31,2021033105007577,CGH,18,21,10,"2,120.00","21,200.00"
2021-03-31,2021033105007576,CGH,18,52,10,"2,120.00","21,200.00"
2021-03-31,2021033105007575,CGH,18,29,10,"2,120.00","21,200.00"
2021-03-31,2021033105007574,CGH,18,45,10,"2,120.00","21,200.00"
2021-03-31,2021033105007573,CGH,18,47,10,"2,120.00","21,200.00"
2021-03-31,2021033105007572,CGH,18,34,10,"2,120.00","21,200.00"
2021-03-31,2021033105007583,CGH,18,22,10,"2,120.00","21,200.00"
2021-03-31,2021033105007582,CGH,18,17,10,"2,120.00","21,200.00"
2021-03-31,2021033105007581,CGH,18,53,10,"2,120.00","21,200.00"
2021-03-31,2021033105007580,CGH,18,26,10,"2,120.00","21,200.00"
2021-03-31,2021033105007579,CGH,18,58,10,"2,120.00","21,200.00"
2021-03-31,2021033105007578,CGH,18,21,10,"2,120.00","21,200.00"
2021-03-31,2021033105007593,CGH,18,29,10,"2,118.00","21,180.00"
2021-03-31,2021033105007591,CGH,29,5,10,"2,116.00","21,160.00"
2021-03-31,2021033105007587,CGH,3,38,10,"2,118.00","21,180.00"
2021-03-31,2021033105007586,CGH,3,29,10,"2,118.00","21,180.00"
2021-03-31,2021033105007585,CGH,3,5,10,"2,118.00","21,180.00"
2021-03-31,2021033105007584,CGH,18,6,10,"2,120.00","21,200.00"
2021-03-31,2021033105007601,CGH,8,21,10,"2,122.00","21,220.00"
2021-03-31,2021033105007600,CGH,8,26,10,"2,122.00","21,220.00"
2021-03-31,2021033105007599,CGH,8,57,10,"2,121.00","21,210.00"
2021-03-31,2021033105007598,CGH,8,36,10,"2,121.00","21,210.00"
2021-03-31,2021033105007597,CGH,8,36,10,"2,121.00","21,210.00"
2021-03-31,2021033105007596,CGH,6,29,10,"2,118.00","21,180.00"
2021-03-31,2021033105007642,CGH,29,19,10,"2,121.00","21,210.00"
2021-03-31,2021033105007619,CGH,18,32,10,"2,121.00","21,210.00"
2021-03-31,2021033105007612,CGH,18,57,10,"2,121.00","21,210.00"
2021-03-31,2021033105007610,CGH,18,51,10,"2,118.00","21,180.00"
2021-03-31,2021033105007603,CGH,8,35,40,"2,124.00","84,960.00"
2021-03-31,2021033105007602,CGH,8,59,10,"2,124.00","21,240.00"
2021-03-31,2021033105007690,CGH,42,17,10,"2,120.00","21,200.00"
2021-03-31,2021033105007681,CGH,29,41,10,"2,121.00","21,210.00"
2021-03-31,2021033105007675,CGH,55,48,28,"2,123.00","59,444.00"
2021-03-31,2021033105007674,CGH,55,36,10,"2,123.00","21,230.00"
2021-03-31,2021033105007670,CGH,29,38,10,"2,121.00","21,210.00"
2021-03-31,2021033105007657,CGH,29,41,10,"2,121.00","21,210.00"
2021-03-31,2021033105007696,CGH,28,17,70,"2,115.00","148,050.00"
2021-03-31,2021033105007695,CGH,6,17,20,"2,115.00","42,300.00"
2021-03-31,2021033105007694,CGH,3,17,70,"2,115.00","148,050.00"
2021-03-31,2021033105007693,CGH,22,17,50,"2,116.00","105,800.00"
2021-03-31,2021033105007692,CGH,8,17,10,"2,118.00","21,180.00"
2021-03-31,2021033105007691,CGH,42,17,10,"2,120.00","21,200.00"
2021-03-31,2021033105007725,CGH,3,17,10,"2,108.00","21,080.00"
2021-03-31,2021033105007722,CGH,3,17,10,"2,108.00","21,080.00"
2021-03-31,2021033105007716,CGH,6,17,30,"2,109.00","63,270.00"
2021-03-31,2021033105007711,CGH,28,48,10,"2,110.00","21,100.00"
2021-03-31,2021033105007698,CGH,3,48,10,"2,114.00","21,140.00"
2021-03-31,2021033105007697,CGH,28,17,20,"2,115.00","42,300.00"
2021-03-31,2021033105007737,CGH,40,16,10,"2,105.00","21,050.00"
2021-03-31,2021033105007736,CGH,3,16,20,"2,106.00","42,120.00"
2021-03-31,2021033105007729,CGH,11,56,10,"2,109.00","21,090.00"
2021-03-31,2021033105007728,CGH,36,17,40,"2,107.00","84,280.00"
2021-03-31,2021033105007727,CGH,25,17,50,"2,108.00","105,400.00"
2021-03-31,2021033105007726,CGH,3,17,80,"2,108.00","168,640.00"
2021-03-31,2021033105007759,CGH,5,48,10,"2,123.00","21,230.00"
2021-03-31,2021033105007758,CGH,5,55,70,"2,122.00","148,540.00"
2021-03-31,2021033105007757,CGH,5,52,10,"2,115.00","21,150.00"
2021-03-31,2021033105007756,CGH,5,51,10,"2,108.00","21,080.00"
2021-03-31,2021033105007750,CGH,29,33,10,"2,106.00","21,060.00"
2021-03-31,2021033105007748,CGH,29,57,10,"2,106.00","21,060.00"
2021-03-31,2021033105007794,CGH,29,48,10,"2,106.00","21,060.00"
2021-03-31,2021033105007792,CGH,6,55,10,"2,107.00","21,070.00"
2021-03-31,2021033105007786,CGH,55,29,10,"2,122.00","21,220.00"
2021-03-31,2021033105007770,CGH,29,48,10,"2,106.00","21,060.00"
2021-03-31,2021033105007763,CGH,29,10,10,"2,106.00","21,060.00"
2021-03-31,2021033105007762,CGH,57,57,10,"2,109.00","21,090.00"
2021-03-31,2021033105007819,CGH,14,13,10,"2,106.00","21,060.00"
2021-03-31,2021033105007811,CGH,29,48,10,"2,106.00","21,060.00"
2021-03-31,2021033105007803,CGH,29,32,10,"2,106.00","21,060.00"
2021-03-31,2021033105007800,CGH,29,48,10,"2,106.00","21,060.00"
2021-03-31,2021033105007799,CGH,29,10,10,"2,106.00","21,060.00"
2021-03-31,2021033105007797,CGH,29,21,10,"2,106.00","21,060.00"
2021-03-31,2021033105007863,CGH,18,45,10,"2,110.00","21,100.00"
2021-03-31,2021033105007860,CGH,25,38,10,"2,101.00","21,010.00"
2021-03-31,2021033105007857,CGH,25,46,10,"2,101.00","21,010.00"
2021-03-31,2021033105007855,CGH,18,54,10,"2,105.00","21,050.00"
2021-03-31,2021033105007838,CGH,25,32,10,"2,101.00","21,010.00"
2021-03-31,2021033105007824,CGH,29,48,10,"2,100.00","21,000.00"
2021-03-31,2021033105007920,CGH,19,59,10,"2,102.00","21,020.00"
2021-03-31,2021033105007914,CGH,19,38,10,"2,102.00","21,020.00"
2021-03-31,2021033105007905,CGH,22,38,10,"2,102.00","21,020.00"
2021-03-31,2021033105007897,CGH,22,51,10,"2,102.00","21,020.00"
2021-03-31,2021033105007896,CGH,29,38,10,"2,103.00","21,030.00"
2021-03-31,2021033105007887,CGH,22,38,10,"2,102.00","21,020.00"
2021-03-31,2021033105007945,CGH,44,51,10,"2,103.00","21,030.00"
2021-03-31,2021033105007939,CGH,44,39,10,"2,103.00","21,030.00"
2021-03-31,2021033105007932,CGH,44,51,10,"2,103.00","21,030.00"
2021-03-31,2021033105007927,CGH,6,36,10,"2,102.00","21,020.00"
2021-03-31,2021033105007922,CGH,42,46,10,"2,120.00","21,200.00"
2021-03-31,2021033105007921,CGH,6,55,10,"2,102.00","21,020.00"
2021-03-31,2021033105007979,CGH,55,17,10,"2,101.00","21,010.00"
2021-03-31,2021033105007977,CGH,29,42,10,"2,101.00","21,010.00"
2021-03-31,2021033105007973,CGH,29,51,10,"2,101.00","21,010.00"
2021-03-31,2021033105007965,CGH,25,6,10,"2,101.00","21,010.00"
2021-03-31,2021033105007950,CGH,25,52,10,"2,101.00","21,010.00"
2021-03-31,2021033105007946,CGH,44,38,10,"2,103.00","21,030.00"
2021-03-31,2021033105007995,CGH,39,51,10,"2,101.00","21,010.00"
2021-03-31,2021033105007994,CGH,29,39,10,"2,100.00","21,000.00"
2021-03-31,2021033105007988,CGH,29,32,10,"2,100.00","21,000.00"
2021-03-31,2021033105007986,CGH,29,14,10,"2,100.00","21,000.00"
2021-03-31,2021033105007981,CGH,55,51,10,"2,103.00","21,030.00"
2021-03-31,2021033105007980,CGH,55,57,10,"2,103.00","21,030.00"
2021-03-31,2021033105008019,GLH,58,54,10,380.00,"3,800.00"
2021-03-31,2021033105007993,GLH,33,51,10,380.00,"3,800.00"
2021-03-31,2021033105007984,GLH,19,51,110,380.00,"41,800.00"
2021-03-31,2021033105007983,GLH,1,51,10,380.00,"3,800.00"
2021-03-31,2021033105007982,GLH,13,51,90,380.00,"34,200.00"
2021-03-31,2021033105007970,GLH,13,47,10,380.00,"3,800.00"
2021-03-31,2021033105007589,GLH,57,43,10,378.00,"3,780.00"
2021-03-31,2021033105007564,GLH,57,58,10,378.00,"3,780.00"
2021-03-31,2021033105007555,GLH,57,36,10,378.00,"3,780.00"
2021-03-31,2021033105007539,GLH,57,1,10,378.00,"3,780.00"
2021-03-31,2021033105007538,GLH,57,11,10,378.00,"3,780.00"
2021-03-31,2021033105007527,GLH,41,26,10,379.00,"3,790.00"
2021-03-31,2021033105007622,GLH,54,16,10,383.00,"3,830.00"
2021-03-31,2021033105007608,GLH,13,16,10,380.00,"3,800.00"
2021-03-31,2021033105007607,GLH,13,26,10,380.00,"3,800.00"
2021-03-31,2021033105007606,GLH,13,34,10,380.00,"3,800.00"
2021-03-31,2021033105007605,GLH,13,46,10,380.00,"3,800.00"
2021-03-31,2021033105007604,GLH,54,42,10,379.00,"3,790.00"
2021-03-31,2021033105007651,GLH,33,44,100,381.00,"38,100.00"
2021-03-31,2021033105007645,GLH,33,53,10,381.00,"3,810.00"
2021-03-31,2021033105007643,GLH,33,22,10,381.00,"3,810.00"
2021-03-31,2021033105007634,GLH,33,50,85,381.00,"32,385.00"
2021-03-31,2021033105007633,GLH,54,50,15,383.00,"5,745.00"
2021-03-31,2021033105007623,GLH,54,3,10,383.00,"3,830.00"
2021-03-31,2021033105007699,GLH,33,26,10,383.00,"3,830.00"
2021-03-31,2021033105007689,GLH,33,26,10,383.00,"3,830.00"
2021-03-31,2021033105007682,GLH,14,54,20,382.00,"7,640.00"
2021-03-31,2021033105007678,GLH,14,21,10,382.00,"3,820.00"
2021-03-31,2021033105007668,GLH,14,6,10,382.00,"3,820.00"
2021-03-31,2021033105007655,GLH,14,58,10,382.00,"3,820.00"
2021-03-31,2021033105007761,GLH,33,8,10,383.00,"3,830.00"
2021-03-31,2021033105007755,GLH,33,59,10,383.00,"3,830.00"
2021-03-31,2021033105007749,GLH,33,59,10,383.00,"3,830.00"
2021-03-31,2021033105007723,GLH,33,49,10,383.00,"3,830.00"
2021-03-31,2021033105007712,GLH,33,38,10,383.00,"3,830.00"
2021-03-31,2021033105007709,GLH,33,47,40,383.00,"15,320.00"
2021-03-31,2021033105007812,GLH,58,3,50,383.00,"19,150.00"
2021-03-31,2021033105007801,GLH,33,3,50,383.00,"19,150.00"
2021-03-31,2021033105007791,GLH,33,42,10,383.00,"3,830.00"
2021-03-31,2021033105007789,GLH,33,49,10,383.00,"3,830.00"
2021-03-31,2021033105007788,GLH,33,8,10,383.00,"3,830.00"
2021-03-31,2021033105007787,GLH,33,20,10,383.00,"3,830.00"
2021-03-31,2021033105007853,GLH,13,34,10,380.00,"3,800.00"
2021-03-31,2021033105007836,GLH,58,13,10,381.00,"3,810.00"
2021-03-31,2021033105007829,GLH,33,49,10,381.00,"3,810.00"
2021-03-31,2021033105007823,GLH,13,42,10,380.00,"3,800.00"
2021-03-31,2021033105007822,GLH,13,38,10,380.00,"3,800.00"
2021-03-31,2021033105007813,GLH,13,28,10,380.00,"3,800.00"
2021-03-31,2021033105007925,GLH,13,51,10,380.00,"3,800.00"
2021-03-31,2021033105007924,GLH,13,35,10,380.00,"3,800.00"
2021-03-31,2021033105007898,GLH,13,34,10,380.00,"3,800.00"
2021-03-31,2021033105007878,GLH,33,57,10,381.00,"3,810.00"
2021-03-31,2021033105007875,GLH,13,42,10,380.00,"3,800.00"
2021-03-31,2021033105007861,GLH,13,16,10,380.00,"3,800.00"
2021-03-31,2021033105007969,GLH,13,21,10,380.00,"3,800.00"
2021-03-31,2021033105007947,GLH,13,4,10,380.00,"3,800.00"
2021-03-31,2021033105007942,GLH,13,13,10,380.00,"3,800.00"
2021-03-31,2021033105007935,GLH,13,41,20,380.00,"7,600.00"
2021-03-31,2021033105007930,GLH,13,36,10,380.00,"3,800.00"
2021-03-31,2021033105007929,GLH,13,52,10,380.00,"3,800.00"
2021-03-31,2021033105008021,NIFRA,47,45,42,593.00,"24,906.00"
2021-03-31,2021033105008020,NIFRA,47,25,158,593.00,"93,694.00"
2021-03-31,2021033105008018,NIFRA,16,25,500,593.00,"296,500.00"
2021-03-31,2021033105008017,NIFRA,47,25,100,593.00,"59,300.00"
2021-03-31,2021033105008016,NIFRA,47,25,100,593.00,"59,300.00"
2021-03-31,2021033105008015,NIFRA,50,7,30,592.00,"17,760.00"
2021-03-31,2021033105007525,NIFRA,11,56,60,593.00,"35,580.00"
2021-03-31,2021033105007524,NIFRA,11,16,40,593.00,"23,720.00"
2021-03-31,2021033105007536,NIFRA,36,16,15,593.00,"8,895.00"
2021-03-31,2021033105007535,NIFRA,36,29,25,593.00,"14,825.00"
2021-03-31,2021033105007533,NIFRA,33,38,60,592.00,"35,520.00"
2021-03-31,2021033105007530,NIFRA,33,38,50,592.00,"29,600.00"
2021-03-31,2021033105007528,NIFRA,33,38,50,592.00,"29,600.00"
2021-03-31,2021033105007526,NIFRA,11,5,9,593.00,"5,337.00"
2021-03-31,2021033105007544,NIFRA,33,46,50,592.00,"29,600.00"
2021-03-31,2021033105007543,NIFRA,33,1,60,592.00,"35,520.00"
2021-03-31,2021033105007542,NIFRA,33,14,50,592.00,"29,600.00"
2021-03-31,2021033105007541,NIFRA,33,56,60,592.00,"35,520.00"
2021-03-31,2021033105007540,NIFRA,33,38,50,592.00,"29,600.00"
2021-03-31,2021033105007537,NIFRA,33,42,60,592.00,"35,520.00"
2021-03-31,2021033105007552,NIFRA,36,22,50,593.00,"29,650.00"
2021-03-31,2021033105007551,NIFRA,36,16,25,593.00,"14,825.00"
2021-03-31,2021033105007550,NIFRA,33,36,60,592.00,"35,520.00"
2021-03-31,2021033105007548,NIFRA,33,45,60,592.00,"35,520.00"
2021-03-31,2021033105007546,NIFRA,33,36,50,592.00,"29,600.00"
2021-03-31,2021033105007545,NIFRA,33,56,50,592.00,"29,600.00"
2021-03-31,2021033105007560,NIFRA,33,38,50,592.00,"29,600.00"
2021-03-31,2021033105007558,NIFRA,33,36,50,592.00,"29,600.00"
2021-03-31,2021033105007557,NIFRA,33,45,60,592.00,"35,520.00"
2021-03-31,2021033105007556,NIFRA,33,36,50,592.00,"29,600.00"
2021-03-31,2021033105007554,NIFRA,36,49,15,593.00,"8,895.00"
2021-03-31,2021033105007553,NIFRA,36,45,60,593.00,"35,580.00"
2021-03-31,2021033105007588,NIFRA,21,38,50,593.00,"29,650.00"
2021-03-31,2021033105007567,NIFRA,33,36,50,592.00,"29,600.00"
2021-03-31,2021033105007566,NIFRA,33,35,60,592.00,"35,520.00"
2021-03-31,2021033105007565,NIFRA,33,38,50,592.00,"29,600.00"
2021-03-31,2021033105007562,NIFRA,38,51,60,593.00,"35,580.00"
2021-03-31,2021033105007561,NIFRA,38,49,35,593.00,"20,755.00"
2021-03-31,2021033105007611,NIFRA,21,28,50,593.00,"29,650.00"
2021-03-31,2021033105007609,NIFRA,21,10,60,593.00,"35,580.00"
2021-03-31,2021033105007595,NIFRA,21,38,50,593.00,"29,650.00"
2021-03-31,2021033105007594,NIFRA,21,10,50,593.00,"29,650.00"
2021-03-31,2021033105007592,NIFRA,21,10,50,593.00,"29,650.00"
2021-03-31,2021033105007590,NIFRA,21,42,50,593.00,"29,650.00"
2021-03-31,2021033105007618,NIFRA,18,54,650,594.00,"386,100.00"
2021-03-31,2021033105007617,NIFRA,21,4,100,593.00,"59,300.00"
2021-03-31,2021033105007616,NIFRA,21,48,60,593.00,"35,580.00"
2021-03-31,2021033105007615,NIFRA,51,54,195,594.00,"115,830.00"
2021-03-31,2021033105007614,NIFRA,51,45,305,594.00,"181,170.00"
2021-03-31,2021033105007613,NIFRA,45,45,30,594.00,"17,820.00"
2021-03-31,2021033105007627,NIFRA,38,22,30,593.00,"17,790.00"
2021-03-31,2021033105007626,NIFRA,58,22,50,593.00,"29,650.00"
2021-03-31,2021033105007625,NIFRA,46,22,250,593.00,"148,250.00"
2021-03-31,2021033105007624,NIFRA,21,22,170,593.00,"100,810.00"
2021-03-31,2021033105007621,NIFRA,21,10,60,593.00,"35,580.00"
2021-03-31,2021033105007620,NIFRA,21,36,50,593.00,"29,650.00"
2021-03-31,2021033105007635,NIFRA,14,36,50,593.00,"29,650.00"
2021-03-31,2021033105007632,NIFRA,14,40,150,593.00,"88,950.00"
2021-03-31,2021033105007631,NIFRA,56,40,50,593.00,"29,650.00"
2021-03-31,2021033105007630,NIFRA,44,40,50,593.00,"29,650.00"
2021-03-31,2021033105007629,NIFRA,58,40,140,593.00,"83,020.00"
2021-03-31,2021033105007628,NIFRA,38,40,10,593.00,"5,930.00"
2021-03-31,2021033105007641,NIFRA,57,22,100,593.00,"59,300.00"
2021-03-31,2021033105007640,NIFRA,58,22,140,593.00,"83,020.00"
2021-03-31,2021033105007639,NIFRA,36,22,300,593.00,"177,900.00"
2021-03-31,2021033105007638,NIFRA,49,22,100,593.00,"59,300.00"
2021-03-31,2021033105007637,NIFRA,14,22,240,593.00,"142,320.00"
2021-03-31,2021033105007636,NIFRA,14,19,60,593.00,"35,580.00"
2021-03-31,2021033105007650,NIFRA,33,10,50,592.00,"29,600.00"
2021-03-31,2021033105007649,NIFRA,58,22,200,593.00,"118,600.00"
2021-03-31,2021033105007648,NIFRA,50,22,40,593.00,"23,720.00"
2021-03-31,2021033105007647,NIFRA,36,22,25,593.00,"14,825.00"
2021-03-31,2021033105007646,NIFRA,11,22,400,593.00,"237,200.00"
2021-03-31,2021033105007644,NIFRA,21,22,80,593.00,"47,440.00"
2021-03-31,2021033105007659,NIFRA,21,44,50,593.00,"29,650.00"
2021-03-31,2021033105007658,NIFRA,21,10,60,593.00,"35,580.00"
2021-03-31,2021033105007656,NIFRA,21,36,60,593.00,"35,580.00"
2021-03-31,2021033105007654,NIFRA,21,10,60,593.00,"35,580.00"
2021-03-31,2021033105007653,NIFRA,21,39,60,593.00,"35,580.00"
2021-03-31,2021033105007652,NIFRA,21,22,375,593.00,"222,375.00"
2021-03-31,2021033105007665,NIFRA,11,39,50,593.00,"29,650.00"
2021-03-31,2021033105007664,NIFRA,11,17,10,593.00,"5,930.00"
2021-03-31,2021033105007663,NIFRA,33,46,50,592.00,"29,600.00"
2021-03-31,2021033105007662,NIFRA,33,10,50,592.00,"29,600.00"
2021-03-31,2021033105007661,NIFRA,35,17,100,593.00,"59,300.00"
2021-03-31,2021033105007660,NIFRA,21,17,35,593.00,"20,755.00"
2021-03-31,2021033105007673,NIFRA,33,13,50,592.00,"29,600.00"
2021-03-31,2021033105007672,NIFRA,33,11,60,592.00,"35,520.00"
2021-03-31,2021033105007671,NIFRA,33,10,50,592.00,"29,600.00"
2021-03-31,2021033105007669,NIFRA,33,10,10,592.00,"5,920.00"
2021-03-31,2021033105007667,NIFRA,33,10,50,592.00,"29,600.00"
2021-03-31,2021033105007666,NIFRA,11,39,30,593.00,"17,790.00"
2021-03-31,2021033105007684,NIFRA,17,11,40,593.00,"23,720.00"
2021-03-31,2021033105007683,NIFRA,17,39,20,593.00,"11,860.00"
2021-03-31,2021033105007680,NIFRA,1,16,39,592.00,"23,088.00"
2021-03-31,2021033105007679,NIFRA,43,16,61,592.00,"36,112.00"
2021-03-31,2021033105007677,NIFRA,43,10,39,592.00,"23,088.00"
2021-03-31,2021033105007676,NIFRA,33,10,11,592.00,"6,512.00"
2021-03-31,2021033105007701,NIFRA,16,51,60,593.00,"35,580.00"
2021-03-31,2021033105007700,NIFRA,1,17,50,592.00,"29,600.00"
2021-03-31,2021033105007688,NIFRA,17,58,50,593.00,"29,650.00"
2021-03-31,2021033105007687,NIFRA,17,1,300,593.00,"177,900.00"
2021-03-31,2021033105007686,NIFRA,17,45,40,593.00,"23,720.00"
2021-03-31,2021033105007685,NIFRA,17,52,50,593.00,"29,650.00"
2021-03-31,2021033105007707,NIFRA,38,21,50,593.00,"29,650.00"
2021-03-31,2021033105007706,NIFRA,38,35,50,593.00,"29,650.00"
2021-03-31,2021033105007705,NIFRA,29,42,20,593.00,"11,860.00"
2021-03-31,2021033105007704,NIFRA,16,42,30,593.00,"17,790.00"
2021-03-31,2021033105007703,NIFRA,16,44,60,593.00,"35,580.00"
2021-03-31,2021033105007702,NIFRA,16,22,50,593.00,"29,650.00"
2021-03-31,2021033105007717,NIFRA,21,58,65,593.00,"38,545.00"
2021-03-31,2021033105007715,NIFRA,21,49,435,593.00,"257,955.00"
2021-03-31,2021033105007714,NIFRA,34,49,15,593.00,"8,895.00"
2021-03-31,2021033105007713,NIFRA,53,49,50,593.00,"29,650.00"
2021-03-31,2021033105007710,NIFRA,53,39,60,593.00,"35,580.00"
2021-03-31,2021033105007708,NIFRA,1,57,50,592.00,"29,600.00"
2021-03-31,2021033105007730,NIFRA,6,10,50,593.00,"29,650.00"
2021-03-31,2021033105007724,NIFRA,6,10,50,593.00,"29,650.00"
2021-03-31,2021033105007721,NIFRA,34,58,49,592.00,"29,008.00"
2021-03-31,2021033105007720,NIFRA,19,58,25,592.00,"14,800.00"
2021-03-31,2021033105007719,NIFRA,19,58,100,592.00,"59,200.00"
2021-03-31,2021033105007718,NIFRA,1,58,11,592.00,"6,512.00"
2021-03-31,2021033105007738,NIFRA,46,21,60,593.00,"35,580.00"
2021-03-31,2021033105007735,NIFRA,46,28,20,593.00,"11,860.00"
2021-03-31,2021033105007734,NIFRA,46,35,10,593.00,"5,930.00"
2021-03-31,2021033105007733,NIFRA,46,10,60,593.00,"35,580.00"
2021-03-31,2021033105007732,NIFRA,38,10,100,593.00,"59,300.00"
2021-03-31,2021033105007731,NIFRA,6,10,300,593.00,"177,900.00"
2021-03-31,2021033105007744,NIFRA,19,54,10,594.00,"5,940.00"
2021-03-31,2021033105007743,NIFRA,46,10,50,593.00,"29,650.00"
2021-03-31,2021033105007742,NIFRA,46,42,60,593.00,"35,580.00"
2021-03-31,2021033105007741,NIFRA,46,34,50,593.00,"29,650.00"
2021-03-31,2021033105007740,NIFRA,46,46,50,593.00,"29,650.00"
2021-03-31,2021033105007739,NIFRA,46,8,50,593.00,"29,650.00"
2021-03-31,2021033105007753,NIFRA,14,10,50,593.00,"29,650.00"
2021-03-31,2021033105007752,NIFRA,14,38,35,593.00,"20,755.00"
2021-03-31,2021033105007751,NIFRA,14,8,50,593.00,"29,650.00"
2021-03-31,2021033105007747,NIFRA,46,55,40,593.00,"23,720.00"
2021-03-31,2021033105007746,NIFRA,46,34,50,593.00,"29,650.00"
2021-03-31,2021033105007745,NIFRA,34,54,250,594.00,"148,500.00"
2021-03-31,2021033105007767,NIFRA,14,21,50,593.00,"29,650.00"
2021-03-31,2021033105007766,NIFRA,14,8,50,593.00,"29,650.00"
2021-03-31,2021033105007765,NIFRA,14,10,50,593.00,"29,650.00"
2021-03-31,2021033105007764,NIFRA,14,47,50,593.00,"29,650.00"
2021-03-31,2021033105007760,NIFRA,14,58,10,593.00,"5,930.00"
2021-03-31,2021033105007754,NIFRA,14,33,50,593.00,"29,650.00"
2021-03-31,2021033105007774,NIFRA,59,16,50,593.00,"29,650.00"
2021-03-31,2021033105007773,NIFRA,5,16,200,593.00,"118,600.00"
2021-03-31,2021033105007772,NIFRA,14,16,25,593.00,"14,825.00"
2021-03-31,2021033105007771,NIFRA,41,16,250,593.00,"148,250.00"
2021-03-31,2021033105007769,NIFRA,14,20,60,593.00,"35,580.00"
2021-03-31,2021033105007768,NIFRA,14,26,20,593.00,"11,860.00"
2021-03-31,2021033105007780,NIFRA,36,16,100,593.00,"59,300.00"
2021-03-31,2021033105007779,NIFRA,34,16,300,593.00,"177,900.00"
2021-03-31,2021033105007778,NIFRA,13,16,100,593.00,"59,300.00"
2021-03-31,2021033105007777,NIFRA,43,16,200,593.00,"118,600.00"
2021-03-31,2021033105007776,NIFRA,55,16,110,593.00,"65,230.00"
2021-03-31,2021033105007775,NIFRA,49,16,600,593.00,"355,800.00"
2021-03-31,2021033105007790,NIFRA,34,8,60,592.00,"35,520.00"
2021-03-31,2021033105007785,NIFRA,57,16,50,593.00,"29,650.00"
2021-03-31,2021033105007784,NIFRA,34,10,50,592.00,"29,600.00"
2021-03-31,2021033105007783,NIFRA,26,16,100,593.00,"59,300.00"
2021-03-31,2021033105007782,NIFRA,54,16,10,593.00,"5,930.00"
2021-03-31,2021033105007781,NIFRA,1,16,200,593.00,"118,600.00"
2021-03-31,2021033105007804,NIFRA,34,8,50,592.00,"29,600.00"
2021-03-31,2021033105007802,NIFRA,34,46,50,592.00,"29,600.00"
2021-03-31,2021033105007798,NIFRA,34,20,50,592.00,"29,600.00"
2021-03-31,2021033105007796,NIFRA,57,16,100,593.00,"59,300.00"
2021-03-31,2021033105007795,NIFRA,54,16,30,593.00,"17,790.00"
2021-03-31,2021033105007793,NIFRA,34,16,50,592.00,"29,600.00"
2021-03-31,2021033105007810,NIFRA,46,16,450,593.00,"266,850.00"
2021-03-31,2021033105007809,NIFRA,34,14,300,592.00,"177,600.00"
2021-03-31,2021033105007808,NIFRA,36,14,200,592.00,"118,400.00"
2021-03-31,2021033105007807,NIFRA,34,10,60,592.00,"35,520.00"
2021-03-31,2021033105007806,NIFRA,34,34,50,592.00,"29,600.00"
2021-03-31,2021033105007805,NIFRA,34,28,60,592.00,"35,520.00"
2021-03-31,2021033105007820,NIFRA,34,8,20,592.00,"11,840.00"
2021-03-31,2021033105007818,NIFRA,11,16,300,593.00,"177,900.00"
2021-03-31,2021033105007817,NIFRA,25,16,50,593.00,"29,650.00"
2021-03-31,2021033105007816,NIFRA,34,1,50,592.00,"29,600.00"
2021-03-31,2021033105007815,NIFRA,51,16,10,593.00,"5,930.00"
2021-03-31,2021033105007814,NIFRA,34,32,200,592.00,"118,400.00"
2021-03-31,2021033105007830,NIFRA,7,41,10,592.00,"5,920.00"
2021-03-31,2021033105007828,NIFRA,7,45,40,592.00,"23,680.00"
2021-03-31,2021033105007827,NIFRA,17,45,20,592.00,"11,840.00"
2021-03-31,2021033105007826,NIFRA,17,17,30,592.00,"17,760.00"
2021-03-31,2021033105007825,NIFRA,56,17,70,592.00,"41,440.00"
2021-03-31,2021033105007821,NIFRA,56,8,30,592.00,"17,760.00"
2021-03-31,2021033105007837,NIFRA,25,16,100,593.00,"59,300.00"
2021-03-31,2021033105007835,NIFRA,59,16,100,593.00,"59,300.00"
2021-03-31,2021033105007834,NIFRA,48,16,82,593.00,"48,626.00"
2021-03-31,2021033105007833,NIFRA,51,35,50,592.00,"29,600.00"
2021-03-31,2021033105007832,NIFRA,51,34,60,592.00,"35,520.00"
2021-03-31,2021033105007831,NIFRA,51,41,50,592.00,"29,600.00"
2021-03-31,2021033105007844,NIFRA,51,6,20,592.00,"11,840.00"
2021-03-31,2021033105007843,NIFRA,51,32,50,592.00,"29,600.00"
2021-03-31,2021033105007842,NIFRA,51,33,60,592.00,"35,520.00"
2021-03-31,2021033105007841,NIFRA,51,51,60,592.00,"35,520.00"
2021-03-31,2021033105007840,NIFRA,51,16,500,593.00,"296,500.00"
2021-03-31,2021033105007839,NIFRA,51,40,150,592.00,"88,800.00"
2021-03-31,2021033105007850,NIFRA,51,16,500,593.00,"296,500.00"
2021-03-31,2021033105007849,NIFRA,57,13,60,592.00,"35,520.00"
2021-03-31,2021033105007848,NIFRA,57,32,30,592.00,"17,760.00"
2021-03-31,2021033105007847,NIFRA,52,32,20,592.00,"11,840.00"
2021-03-31,2021033105007846,NIFRA,52,6,30,592.00,"17,760.00"
2021-03-31,2021033105007845,NIFRA,10,6,10,592.00,"5,920.00"
2021-03-31,2021033105007859,NIFRA,49,21,40,592.00,"23,680.00"
2021-03-31,2021033105007858,NIFRA,16,21,10,592.00,"5,920.00"
2021-03-31,2021033105007856,NIFRA,16,32,50,592.00,"29,600.00"
2021-03-31,2021033105007854,NIFRA,10,16,250,593.00,"148,250.00"
2021-03-31,2021033105007852,NIFRA,16,16,40,592.00,"23,680.00"
2021-03-31,2021033105007851,NIFRA,57,16,10,592.00,"5,920.00"
2021-03-31,2021033105007868,NIFRA,14,34,50,593.00,"29,650.00"
2021-03-31,2021033105007867,NIFRA,14,44,25,593.00,"14,825.00"
2021-03-31,2021033105007866,NIFRA,14,47,50,593.00,"29,650.00"
2021-03-31,2021033105007865,NIFRA,14,16,218,593.00,"129,274.00"
2021-03-31,2021033105007864,NIFRA,49,34,60,592.00,"35,520.00"
2021-03-31,2021033105007862,NIFRA,58,16,15,593.00,"8,895.00"
2021-03-31,2021033105007874,NIFRA,14,42,367,593.00,"217,631.00"
2021-03-31,2021033105007873,NIFRA,14,21,50,593.00,"29,650.00"
2021-03-31,2021033105007872,NIFRA,14,50,40,593.00,"23,720.00"
2021-03-31,2021033105007871,NIFRA,14,50,40,593.00,"23,720.00"
2021-03-31,2021033105007870,NIFRA,14,41,200,593.00,"118,600.00"
2021-03-31,2021033105007869,NIFRA,14,39,60,593.00,"35,580.00"
2021-03-31,2021033105007882,NIFRA,16,16,500,592.00,"296,000.00"
2021-03-31,2021033105007881,NIFRA,11,16,390,592.00,"230,880.00"
2021-03-31,2021033105007880,NIFRA,11,33,60,592.00,"35,520.00"
2021-03-31,2021033105007879,NIFRA,11,26,30,592.00,"17,760.00"
2021-03-31,2021033105007877,NIFRA,11,28,20,592.00,"11,840.00"
2021-03-31,2021033105007876,NIFRA,52,28,40,592.00,"23,680.00"
2021-03-31,2021033105007889,NIFRA,49,4,35,592.00,"20,720.00"
2021-03-31,2021033105007888,NIFRA,58,4,19,592.00,"11,248.00"
2021-03-31,2021033105007886,NIFRA,58,16,31,592.00,"18,352.00"
2021-03-31,2021033105007885,NIFRA,1,16,150,592.00,"88,800.00"
2021-03-31,2021033105007884,NIFRA,28,16,100,592.00,"59,200.00"
2021-03-31,2021033105007883,NIFRA,29,16,200,592.00,"118,400.00"
2021-03-31,2021033105007895,NIFRA,59,57,50,592.00,"29,600.00"
2021-03-31,2021033105007894,NIFRA,59,34,106,592.00,"62,752.00"
2021-03-31,2021033105007893,NIFRA,37,34,894,592.00,"529,248.00"
2021-03-31,2021033105007892,NIFRA,37,34,60,592.00,"35,520.00"
2021-03-31,2021033105007891,NIFRA,5,42,100,593.00,"59,300.00"
2021-03-31,2021033105007890,NIFRA,37,4,46,592.00,"27,232.00"
2021-03-31,2021033105007904,NIFRA,52,45,60,592.00,"35,520.00"
2021-03-31,2021033105007903,NIFRA,52,35,50,592.00,"29,600.00"
2021-03-31,2021033105007902,NIFRA,52,33,10,592.00,"5,920.00"
2021-03-31,2021033105007901,NIFRA,36,33,50,592.00,"29,600.00"
2021-03-31,2021033105007900,NIFRA,59,51,44,592.00,"26,048.00"
2021-03-31,2021033105007899,NIFRA,36,35,50,592.00,"29,600.00"
2021-03-31,2021033105007911,NIFRA,34,42,100,593.00,"59,300.00"
2021-03-31,2021033105007910,NIFRA,52,38,20,592.00,"11,840.00"
2021-03-31,2021033105007909,NIFRA,14,42,10,593.00,"5,930.00"
2021-03-31,2021033105007908,NIFRA,52,34,40,592.00,"23,680.00"
2021-03-31,2021033105007907,NIFRA,52,46,15,592.00,"8,880.00"
2021-03-31,2021033105007906,NIFRA,52,46,45,592.00,"26,640.00"
2021-03-31,2021033105007918,NIFRA,59,42,60,592.00,"35,520.00"
2021-03-31,2021033105007917,NIFRA,59,35,25,592.00,"14,800.00"
2021-03-31,2021033105007916,NIFRA,53,35,25,592.00,"14,800.00"
2021-03-31,2021033105007915,NIFRA,53,34,50,592.00,"29,600.00"
2021-03-31,2021033105007913,NIFRA,53,35,25,592.00,"14,800.00"
2021-03-31,2021033105007912,NIFRA,52,35,25,592.00,"14,800.00"
2021-03-31,2021033105007933,NIFRA,38,4,60,592.00,"35,520.00"
2021-03-31,2021033105007931,NIFRA,49,42,100,593.00,"59,300.00"
2021-03-31,2021033105007928,NIFRA,59,35,60,592.00,"35,520.00"
2021-03-31,2021033105007926,NIFRA,59,33,50,592.00,"29,600.00"
2021-03-31,2021033105007923,NIFRA,59,19,50,592.00,"29,600.00"
2021-03-31,2021033105007919,NIFRA,59,36,50,592.00,"29,600.00"
2021-03-31,2021033105007941,NIFRA,56,42,100,593.00,"59,300.00"
2021-03-31,2021033105007940,NIFRA,38,38,10,592.00,"5,920.00"
2021-03-31,2021033105007938,NIFRA,38,35,50,592.00,"29,600.00"
2021-03-31,2021033105007937,NIFRA,38,51,60,592.00,"35,520.00"
2021-03-31,2021033105007936,NIFRA,38,45,50,592.00,"29,600.00"
2021-03-31,2021033105007934,NIFRA,38,51,50,592.00,"29,600.00"
2021-03-31,2021033105007952,NIFRA,36,14,40,592.00,"23,680.00"
2021-03-31,2021033105007951,NIFRA,38,14,160,592.00,"94,720.00"
2021-03-31,2021033105007949,NIFRA,45,48,120,593.00,"71,160.00"
2021-03-31,2021033105007948,NIFRA,38,26,60,592.00,"35,520.00"
2021-03-31,2021033105007944,NIFRA,14,48,212,593.00,"125,716.00"
2021-03-31,2021033105007943,NIFRA,14,42,288,593.00,"170,784.00"
2021-03-31,2021033105007958,NIFRA,56,17,100,592.00,"59,200.00"
2021-03-31,2021033105007957,NIFRA,48,17,200,592.00,"118,400.00"
2021-03-31,2021033105007956,NIFRA,36,39,50,592.00,"29,600.00"
2021-03-31,2021033105007955,NIFRA,22,48,50,593.00,"29,650.00"
2021-03-31,2021033105007954,NIFRA,36,7,60,592.00,"35,520.00"
2021-03-31,2021033105007953,NIFRA,36,51,50,592.00,"29,600.00"
2021-03-31,2021033105007964,NIFRA,16,51,50,592.00,"29,600.00"
2021-03-31,2021033105007963,NIFRA,34,48,500,593.00,"296,500.00"
2021-03-31,2021033105007962,NIFRA,26,17,100,592.00,"59,200.00"
2021-03-31,2021033105007961,NIFRA,1,17,500,592.00,"296,000.00"
2021-03-31,2021033105007960,NIFRA,34,17,500,592.00,"296,000.00"
2021-03-31,2021033105007959,NIFRA,7,17,100,592.00,"59,200.00"
2021-03-31,2021033105007974,NIFRA,14,1,10,593.00,"5,930.00"
2021-03-31,2021033105007972,NIFRA,34,40,25,592.00,"14,800.00"
2021-03-31,2021033105007971,NIFRA,16,40,25,592.00,"14,800.00"
2021-03-31,2021033105007968,NIFRA,57,4,82,593.00,"48,626.00"
2021-03-31,2021033105007967,NIFRA,57,48,118,593.00,"69,974.00"
2021-03-31,2021033105007966,NIFRA,16,42,25,592.00,"14,800.00"
2021-03-31,2021033105007989,NIFRA,34,58,10,592.00,"5,920.00"
2021-03-31,2021033105007987,NIFRA,34,50,50,592.00,"29,600.00"
2021-03-31,2021033105007985,NIFRA,34,50,50,592.00,"29,600.00"
2021-03-31,2021033105007978,NIFRA,34,39,50,592.00,"29,600.00"
2021-03-31,2021033105007976,NIFRA,14,35,40,593.00,"23,720.00"
2021-03-31,2021033105007975,NIFRA,14,45,50,593.00,"29,650.00"
2021-03-31,2021033105008000,NIFRA,34,10,255,592.00,"150,960.00"
2021-03-31,2021033105007998,NIFRA,4,25,30,593.00,"17,790.00"
2021-03-31,2021033105007997,NIFRA,4,35,10,593.00,"5,930.00"
2021-03-31,2021033105007992,NIFRA,34,51,10,592.00,"5,920.00"
2021-03-31,2021033105007991,NIFRA,34,18,50,592.00,"29,600.00"
2021-03-31,2021033105007990,NIFRA,58,55,200,593.00,"118,600.00"
2021-03-31,2021033105008006,NIFRA,54,58,60,592.00,"35,520.00"
2021-03-31,2021033105008005,NIFRA,41,25,50,593.00,"29,650.00"
2021-03-31,2021033105008004,NIFRA,54,54,60,592.00,"35,520.00"
2021-03-31,2021033105008003,NIFRA,54,41,100,592.00,"59,200.00"
2021-03-31,2021033105008002,NIFRA,54,50,50,592.00,"29,600.00"
2021-03-31,2021033105008001,NIFRA,54,10,145,592.00,"85,840.00"
2021-03-31,2021033105008014,NIFRA,11,25,70,593.00,"41,510.00"
2021-03-31,2021033105008013,NIFRA,50,29,25,592.00,"14,800.00"
2021-03-31,2021033105008012,NIFRA,5,29,25,592.00,"14,800.00"
2021-03-31,2021033105008009,NIFRA,5,39,75,592.00,"44,400.00"
2021-03-31,2021033105008008,NIFRA,7,39,20,592.00,"11,840.00"
2021-03-31,2021033105008007,NIFRA,54,39,85,592.00,"50,320.00"
2021-03-31,2021033105007519,CGH,16,6,10,"2,119.00","21,190.00"
2021-03-31,2021033105007517,CGH,34,36,10,"2,116.00","21,160.00"
2021-03-31,2021033105007511,CGH,34,41,10,"2,116.00","21,160.00"
2021-03-31,2021033105007509,CGH,34,37,10,"2,116.00","21,160.00"
2021-03-31,2021033105007504,CGH,6,38,10,"2,118.00","21,180.00"
2021-03-31,2021033105007484,CGH,3,38,10,"2,118.00","21,180.00"
2021-03-31,2021033105007036,CGH,41,28,10,"2,108.00","21,080.00"
2021-03-31,2021033105007035,CGH,3,8,10,"2,106.00","21,060.00"
2021-03-31,2021033105007049,CGH,18,17,10,"2,110.00","21,100.00"
2021-03-31,2021033105007048,CGH,18,34,10,"2,110.00","21,100.00"
2021-03-31,2021033105007047,CGH,18,58,10,"2,110.00","21,100.00"
2021-03-31,2021033105007046,CGH,18,36,10,"2,110.00","21,100.00"
2021-03-31,2021033105007045,CGH,3,8,10,"2,106.00","21,060.00"
2021-03-31,2021033105007039,CGH,3,8,10,"2,106.00","21,060.00"
2021-03-31,2021033105007055,CGH,18,55,10,"2,110.00","21,100.00"
2021-03-31,2021033105007054,CGH,18,36,10,"2,110.00","21,100.00"
2021-03-31,2021033105007053,CGH,18,20,10,"2,110.00","21,100.00"
2021-03-31,2021033105007052,CGH,18,34,10,"2,110.00","21,100.00"
2021-03-31,2021033105007051,CGH,18,45,10,"2,110.00","21,100.00"
2021-03-31,2021033105007050,CGH,18,22,10,"2,110.00","21,100.00"
2021-03-31,2021033105007067,CGH,3,45,10,"2,106.00","21,060.00"
2021-03-31,2021033105007065,CGH,41,45,10,"2,107.00","21,070.00"
2021-03-31,2021033105007063,CGH,3,38,10,"2,106.00","21,060.00"
2021-03-31,2021033105007059,CGH,3,43,10,"2,106.00","21,060.00"
2021-03-31,2021033105007058,CGH,3,38,10,"2,106.00","21,060.00"
2021-03-31,2021033105007056,CGH,18,59,10,"2,110.00","21,100.00"
2021-03-31,2021033105007113,CGH,3,21,10,"2,107.00","21,070.00"
2021-03-31,2021033105007109,CGH,3,26,10,"2,107.00","21,070.00"
2021-03-31,2021033105007108,CGH,3,11,10,"2,107.00","21,070.00"
2021-03-31,2021033105007079,CGH,3,57,10,"2,107.00","21,070.00"
2021-03-31,2021033105007078,CGH,48,37,10,"2,107.00","21,070.00"
2021-03-31,2021033105007068,CGH,3,6,10,"2,106.00","21,060.00"
2021-03-31,2021033105007159,CGH,14,58,10,"2,114.00","21,140.00"
2021-03-31,2021033105007158,CGH,14,51,10,"2,113.00","21,130.00"
2021-03-31,2021033105007156,CGH,3,52,10,"2,111.00","21,110.00"
2021-03-31,2021033105007155,CGH,3,41,10,"2,111.00","21,110.00"
2021-03-31,2021033105007135,CGH,18,43,10,"2,111.00","21,110.00"
2021-03-31,2021033105007127,CGH,3,6,10,"2,107.00","21,070.00"
2021-03-31,2021033105007189,CGH,3,26,10,"2,114.00","21,140.00"
2021-03-31,2021033105007188,CGH,3,14,10,"2,114.00","21,140.00"
2021-03-31,2021033105007182,CGH,3,58,10,"2,111.00","21,110.00"
2021-03-31,2021033105007177,CGH,3,58,10,"2,111.00","21,110.00"
2021-03-31,2021033105007165,CGH,3,52,10,"2,111.00","21,110.00"
2021-03-31,2021033105007164,CGH,14,20,10,"2,114.00","21,140.00"
2021-03-31,2021033105007219,CGH,3,14,10,"2,114.00","21,140.00"
2021-03-31,2021033105007213,CGH,51,14,10,"2,115.00","21,150.00"
2021-03-31,2021033105007208,CGH,3,35,10,"2,114.00","21,140.00"
2021-03-31,2021033105007207,CGH,3,58,10,"2,114.00","21,140.00"
2021-03-31,2021033105007196,CGH,3,34,10,"2,114.00","21,140.00"
2021-03-31,2021033105007193,CGH,3,58,10,"2,114.00","21,140.00"
2021-03-31,2021033105007228,CGH,3,17,10,"2,115.00","21,150.00"
2021-03-31,2021033105007227,CGH,3,6,10,"2,115.00","21,150.00"
2021-03-31,2021033105007226,CGH,3,57,10,"2,115.00","21,150.00"
2021-03-31,2021033105007225,CGH,3,14,10,"2,115.00","21,150.00"
2021-03-31,2021033105007224,CGH,3,36,10,"2,115.00","21,150.00"
2021-03-31,2021033105007223,CGH,3,40,10,"2,114.00","21,140.00"
2021-03-31,2021033105007234,CGH,3,1,10,"2,115.00","21,150.00"
2021-03-31,2021033105007233,CGH,3,1,10,"2,115.00","21,150.00"
2021-03-31,2021033105007232,CGH,3,58,10,"2,115.00","21,150.00"
2021-03-31,2021033105007231,CGH,3,58,10,"2,115.00","21,150.00"
2021-03-31,2021033105007230,CGH,3,55,10,"2,115.00","21,150.00"
2021-03-31,2021033105007229,CGH,3,32,10,"2,115.00","21,150.00"
2021-03-31,2021033105007268,CGH,3,14,10,"2,114.00","21,140.00"
2021-03-31,2021033105007246,CGH,3,20,10,"2,114.00","21,140.00"
2021-03-31,2021033105007242,CGH,54,26,10,"2,115.00","21,150.00"
2021-03-31,2021033105007239,CGH,26,38,10,"2,115.00","21,150.00"
2021-03-31,2021033105007237,CGH,26,49,10,"2,115.00","21,150.00"
2021-03-31,2021033105007235,CGH,3,25,10,"2,115.00","21,150.00"
2021-03-31,2021033105007283,CGH,3,53,10,"2,115.00","21,150.00"
2021-03-31,2021033105007282,CGH,3,45,10,"2,115.00","21,150.00"
2021-03-31,2021033105007279,CGH,3,58,10,"2,114.00","21,140.00"
2021-03-31,2021033105007276,CGH,3,32,10,"2,114.00","21,140.00"
2021-03-31,2021033105007275,CGH,3,8,10,"2,114.00","21,140.00"
2021-03-31,2021033105007269,CGH,3,50,10,"2,114.00","21,140.00"
2021-03-31,2021033105007311,CGH,3,17,10,"2,115.00","21,150.00"
2021-03-31,2021033105007303,CGH,3,17,10,"2,115.00","21,150.00"
2021-03-31,2021033105007292,CGH,3,5,10,"2,115.00","21,150.00"
2021-03-31,2021033105007290,CGH,3,13,10,"2,115.00","21,150.00"
2021-03-31,2021033105007288,CGH,3,39,10,"2,115.00","21,150.00"
2021-03-31,2021033105007284,CGH,3,45,10,"2,115.00","21,150.00"
2021-03-31,2021033105007342,CGH,40,39,10,"2,116.00","21,160.00"
2021-03-31,2021033105007341,CGH,40,58,10,"2,116.00","21,160.00"
2021-03-31,2021033105007329,CGH,40,47,10,"2,116.00","21,160.00"
2021-03-31,2021033105007317,CGH,40,36,10,"2,116.00","21,160.00"
2021-03-31,2021033105007316,CGH,40,52,10,"2,116.00","21,160.00"
2021-03-31,2021033105007315,CGH,21,58,10,"2,116.00","21,160.00"
2021-03-31,2021033105007351,CGH,19,34,10,"2,116.00","21,160.00"
2021-03-31,2021033105007348,CGH,25,10,10,"2,119.00","21,190.00"
2021-03-31,2021033105007347,CGH,25,11,10,"2,119.00","21,190.00"
2021-03-31,2021033105007346,CGH,25,41,10,"2,118.00","21,180.00"
2021-03-31,2021033105007345,CGH,25,58,10,"2,118.00","21,180.00"
2021-03-31,2021033105007344,CGH,25,39,10,"2,117.00","21,170.00"
2021-03-31,2021033105007398,CGH,34,58,10,"2,116.00","21,160.00"
2021-03-31,2021033105007396,CGH,55,21,10,"2,118.00","21,180.00"
2021-03-31,2021033105007386,CGH,34,35,10,"2,116.00","21,160.00"
2021-03-31,2021033105007382,CGH,34,36,10,"2,116.00","21,160.00"
2021-03-31,2021033105007379,CGH,34,16,10,"2,116.00","21,160.00"
2021-03-31,2021033105007376,CGH,34,36,10,"2,116.00","21,160.00"
2021-03-31,2021033105007428,CGH,3,6,10,"2,115.00","21,150.00"
2021-03-31,2021033105007423,CGH,3,8,10,"2,115.00","21,150.00"
2021-03-31,2021033105007420,CGH,3,53,10,"2,115.00","21,150.00"
2021-03-31,2021033105007415,CGH,3,38,10,"2,115.00","21,150.00"
2021-03-31,2021033105007414,CGH,3,8,10,"2,118.00","21,180.00"
2021-03-31,2021033105007400,CGH,3,40,10,"2,115.00","21,150.00"
2021-03-31,2021033105007483,CGH,3,38,10,"2,118.00","21,180.00"
2021-03-31,2021033105007482,CGH,3,8,10,"2,118.00","21,180.00"
2021-03-31,2021033105007479,CGH,3,4,10,"2,118.00","21,180.00"
2021-03-31,2021033105007443,CGH,3,8,10,"2,118.00","21,180.00"
2021-03-31,2021033105007433,CGH,3,8,10,"2,115.00","21,150.00"
2021-03-31,2021033105007432,CGH,3,8,10,"2,115.00","21,150.00"
2021-03-31,2021033105007518,GLH,57,38,10,378.00,"3,780.00"
2021-03-31,2021033105007516,GLH,37,54,10,384.00,"3,840.00"
2021-03-31,2021033105007510,GLH,57,26,10,378.00,"3,780.00"
2021-03-31,2021033105007485,GLH,57,45,10,378.00,"3,780.00"
2021-03-31,2021033105007481,GLH,57,11,10,378.00,"3,780.00"
2021-03-31,2021033105007474,GLH,33,17,10,385.00,"3,850.00"
2021-03-31,2021033105007042,GLH,45,35,10,378.00,"3,780.00"
2021-03-31,2021033105007038,GLH,45,54,10,378.00,"3,780.00"
2021-03-31,2021033105007029,GLH,45,54,10,378.00,"3,780.00"
2021-03-31,2021033105007028,GLH,45,42,10,378.00,"3,780.00"
2021-03-31,2021033105007027,GLH,29,29,10,378.00,"3,780.00"
2021-03-31,2021033105007087,GLH,45,57,10,378.00,"3,780.00"
2021-03-31,2021033105007072,GLH,45,16,10,378.00,"3,780.00"
2021-03-31,2021033105007066,GLH,45,54,10,378.00,"3,780.00"
2021-03-31,2021033105007062,GLH,45,45,10,378.00,"3,780.00"
2021-03-31,2021033105007061,GLH,45,54,10,378.00,"3,780.00"
2021-03-31,2021033105007057,GLH,45,54,10,378.00,"3,780.00"
2021-03-31,2021033105007116,GLH,46,45,10,380.00,"3,800.00"
2021-03-31,2021033105007114,GLH,46,26,10,380.00,"3,800.00"
2021-03-31,2021033105007112,GLH,46,42,10,380.00,"3,800.00"
2021-03-31,2021033105007107,GLH,46,34,10,380.00,"3,800.00"
2021-03-31,2021033105007106,GLH,46,58,10,380.00,"3,800.00"
2021-03-31,2021033105007096,GLH,45,17,10,378.00,"3,780.00"
2021-03-31,2021033105007146,GLH,46,16,10,380.00,"3,800.00"
2021-03-31,2021033105007137,GLH,14,55,30,381.00,"11,430.00"
2021-03-31,2021033105007134,GLH,46,16,10,380.00,"3,800.00"
2021-03-31,2021033105007130,GLH,26,55,70,381.00,"26,670.00"
2021-03-31,2021033105007129,GLH,26,32,10,381.00,"3,810.00"
2021-03-31,2021033105007128,GLH,26,48,10,381.00,"3,810.00"
2021-03-31,2021033105007216,GLH,46,6,10,380.00,"3,800.00"
2021-03-31,2021033105007215,GLH,46,49,10,380.00,"3,800.00"
2021-03-31,2021033105007211,GLH,46,45,10,380.00,"3,800.00"
2021-03-31,2021033105007209,GLH,46,47,10,380.00,"3,800.00"
2021-03-31,2021033105007202,GLH,46,14,10,380.00,"3,800.00"
2021-03-31,2021033105007192,GLH,46,14,10,380.00,"3,800.00"
2021-03-31,2021033105007249,GLH,33,43,10,381.00,"3,810.00"
2021-03-31,2021033105007248,GLH,33,29,20,381.00,"7,620.00"
2021-03-31,2021033105007244,GLH,52,6,10,380.00,"3,800.00"
2021-03-31,2021033105007243,GLH,46,40,10,380.00,"3,800.00"
2021-03-31,2021033105007241,GLH,1,16,10,381.00,"3,810.00"
2021-03-31,2021033105007240,GLH,1,4,10,381.00,"3,810.00"
2021-03-31,2021033105007293,GLH,52,21,10,380.00,"3,800.00"
2021-03-31,2021033105007274,GLH,52,14,10,380.00,"3,800.00"
2021-03-31,2021033105007273,GLH,52,35,10,380.00,"3,800.00"
2021-03-31,2021033105007252,GLH,33,11,50,382.00,"19,100.00"
2021-03-31,2021033105007251,GLH,33,58,10,382.00,"3,820.00"
2021-03-31,2021033105007250,GLH,33,46,10,382.00,"3,820.00"
2021-03-31,2021033105007331,GLH,32,49,10,379.00,"3,790.00"
2021-03-31,2021033105007309,GLH,52,17,10,380.00,"3,800.00"
2021-03-31,2021033105007308,GLH,52,8,10,380.00,"3,800.00"
2021-03-31,2021033105007307,GLH,52,21,10,380.00,"3,800.00"
2021-03-31,2021033105007306,GLH,52,17,10,380.00,"3,800.00"
2021-03-31,2021033105007298,GLH,52,21,10,380.00,"3,800.00"
2021-03-31,2021033105007368,GLH,45,8,10,378.00,"3,780.00"
2021-03-31,2021033105007363,GLH,57,8,10,379.00,"3,790.00"
2021-03-31,2021033105007358,GLH,32,26,10,379.00,"3,790.00"
2021-03-31,2021033105007353,GLH,32,35,10,379.00,"3,790.00"
2021-03-31,2021033105007352,GLH,32,5,10,379.00,"3,790.00"
2021-03-31,2021033105007339,GLH,32,39,10,379.00,"3,790.00"
2021-03-31,2021033105007390,GLH,57,21,10,378.00,"3,780.00"
2021-03-31,2021033105007385,GLH,57,8,10,378.00,"3,780.00"
2021-03-31,2021033105007380,GLH,57,5,10,378.00,"3,780.00"
2021-03-31,2021033105007378,GLH,45,8,10,378.00,"3,780.00"
2021-03-31,2021033105007377,GLH,45,21,10,378.00,"3,780.00"
2021-03-31,2021033105007371,GLH,45,18,10,378.00,"3,780.00"
2021-03-31,2021033105007439,GLH,54,47,10,379.00,"3,790.00"
2021-03-31,2021033105007426,GLH,57,51,10,378.00,"3,780.00"
2021-03-31,2021033105007402,GLH,57,8,10,378.00,"3,780.00"
2021-03-31,2021033105007395,GLH,57,8,10,378.00,"3,780.00"
2021-03-31,2021033105007393,GLH,57,35,10,378.00,"3,780.00"
2021-03-31,2021033105007391,GLH,57,8,10,378.00,"3,780.00"
2021-03-31,2021033105007449,GLH,33,21,10,380.00,"3,800.00"
2021-03-31,2021033105007448,GLH,33,21,10,380.00,"3,800.00"
2021-03-31,2021033105007447,GLH,33,36,10,380.00,"3,800.00"
2021-03-31,2021033105007446,GLH,33,21,10,380.00,"3,800.00"
2021-03-31,2021033105007445,GLH,33,21,10,380.00,"3,800.00"
2021-03-31,2021033105007444,GLH,33,4,10,379.00,"3,790.00"
2021-03-31,2021033105007455,GLH,33,21,10,380.00,"3,800.00"
2021-03-31,2021033105007454,GLH,33,21,10,380.00,"3,800.00"
2021-03-31,2021033105007453,GLH,33,21,10,380.00,"3,800.00"
2021-03-31,2021033105007452,GLH,33,21,10,380.00,"3,800.00"
2021-03-31,2021033105007451,GLH,33,21,10,380.00,"3,800.00"
2021-03-31,2021033105007450,GLH,33,21,10,380.00,"3,800.00"
2021-03-31,2021033105007461,GLH,33,22,10,383.00,"3,830.00"
2021-03-31,2021033105007460,GLH,33,56,50,382.00,"19,100.00"
2021-03-31,2021033105007459,GLH,33,58,10,382.00,"3,820.00"
2021-03-31,2021033105007458,GLH,33,45,10,382.00,"3,820.00"
2021-03-31,2021033105007457,GLH,33,17,10,382.00,"3,820.00"
2021-03-31,2021033105007456,GLH,33,11,120,382.00,"45,840.00"
2021-03-31,2021033105007467,GLH,33,29,"1,010",383.00,"386,830.00"
2021-03-31,2021033105007466,GLH,33,50,10,383.00,"3,830.00"
2021-03-31,2021033105007465,GLH,33,54,10,383.00,"3,830.00"
2021-03-31,2021033105007464,GLH,33,40,10,383.00,"3,830.00"
2021-03-31,2021033105007463,GLH,33,42,10,383.00,"3,830.00"
2021-03-31,2021033105007462,GLH,33,34,10,383.00,"3,830.00"
2021-03-31,2021033105007473,GLH,33,41,10,385.00,"3,850.00"
2021-03-31,2021033105007472,GLH,33,57,10,384.00,"3,840.00"
2021-03-31,2021033105007471,GLH,33,35,10,384.00,"3,840.00"
2021-03-31,2021033105007470,GLH,33,32,10,383.00,"3,830.00"
2021-03-31,2021033105007469,GLH,33,28,150,383.00,"57,450.00"
2021-03-31,2021033105007468,GLH,33,32,10,383.00,"3,830.00"
2021-03-31,2021033105007478,MLBSL,58,49,10,662.00,"6,620.00"
2021-03-31,2021033105007523,NIFRA,11,33,391,593.00,"231,863.00"
2021-03-31,2021033105007522,NIFRA,58,33,500,593.00,"296,500.00"
2021-03-31,2021033105007521,NIFRA,59,33,26,593.00,"15,418.00"
2021-03-31,2021033105007520,NIFRA,33,56,60,592.00,"35,520.00"
2021-03-31,2021033105007515,NIFRA,33,49,50,592.00,"29,600.00"
2021-03-31,2021033105007514,NIFRA,42,33,20,593.00,"11,860.00"
2021-03-31,2021033105007032,NIFRA,29,41,10,593.00,"5,930.00"
2021-03-31,2021033105007031,NIFRA,29,56,50,593.00,"29,650.00"
2021-03-31,2021033105007030,NIFRA,29,4,35,593.00,"20,755.00"
2021-03-31,2021033105007026,NIFRA,41,4,25,593.00,"14,825.00"
2021-03-31,2021033105007025,NIFRA,41,57,50,593.00,"29,650.00"
2021-03-31,2021033105007024,NIFRA,41,39,10,593.00,"5,930.00"
2021-03-31,2021033105007043,NIFRA,39,57,50,592.00,"29,600.00"
2021-03-31,2021033105007041,NIFRA,39,42,10,592.00,"5,920.00"
2021-03-31,2021033105007040,NIFRA,1,42,50,592.00,"29,600.00"
2021-03-31,2021033105007037,NIFRA,1,8,60,592.00,"35,520.00"
2021-03-31,2021033105007034,NIFRA,29,45,95,594.00,"56,430.00"
2021-03-31,2021033105007033,NIFRA,29,39,10,594.00,"5,940.00"
2021-03-31,2021033105007071,NIFRA,39,42,50,592.00,"29,600.00"
2021-03-31,2021033105007070,NIFRA,51,36,20,593.00,"11,860.00"
2021-03-31,2021033105007069,NIFRA,1,48,"1,000",592.00,"592,000.00"
2021-03-31,2021033105007064,NIFRA,39,8,60,592.00,"35,520.00"
2021-03-31,2021033105007060,NIFRA,39,35,10,592.00,"5,920.00"
2021-03-31,2021033105007044,NIFRA,39,8,50,592.00,"29,600.00"
2021-03-31,2021033105007080,NIFRA,44,16,50,592.00,"29,600.00"
2021-03-31,2021033105007077,NIFRA,44,8,60,592.00,"35,520.00"
2021-03-31,2021033105007076,NIFRA,44,43,20,592.00,"11,840.00"
2021-03-31,2021033105007075,NIFRA,22,43,10,592.00,"5,920.00"
2021-03-31,2021033105007074,NIFRA,39,43,20,592.00,"11,840.00"
2021-03-31,2021033105007073,NIFRA,39,17,50,592.00,"29,600.00"
2021-03-31,2021033105007086,NIFRA,52,42,50,592.00,"29,600.00"
2021-03-31,2021033105007085,NIFRA,58,46,300,593.00,"177,900.00"
2021-03-31,2021033105007084,NIFRA,52,8,50,592.00,"29,600.00"
2021-03-31,2021033105007083,NIFRA,49,46,20,593.00,"11,860.00"
2021-03-31,2021033105007082,NIFRA,49,32,20,593.00,"11,860.00"
2021-03-31,2021033105007081,NIFRA,49,36,40,593.00,"23,720.00"
2021-03-31,2021033105007093,NIFRA,41,57,47,592.00,"27,824.00"
2021-03-31,2021033105007092,NIFRA,45,57,13,593.00,"7,709.00"
2021-03-31,2021033105007091,NIFRA,58,8,50,593.00,"29,650.00"
2021-03-31,2021033105007090,NIFRA,58,50,100,593.00,"59,300.00"
2021-03-31,2021033105007089,NIFRA,58,46,50,593.00,"29,650.00"
2021-03-31,2021033105007088,NIFRA,49,46,30,593.00,"17,790.00"
2021-03-31,2021033105007100,NIFRA,45,35,80,592.00,"47,360.00"
2021-03-31,2021033105007099,NIFRA,45,35,40,592.00,"23,680.00"
2021-03-31,2021033105007098,NIFRA,26,35,100,592.00,"59,200.00"
2021-03-31,2021033105007097,NIFRA,29,35,50,592.00,"29,600.00"
2021-03-31,2021033105007095,NIFRA,29,8,50,592.00,"29,600.00"
2021-03-31,2021033105007094,NIFRA,41,58,53,592.00,"31,376.00"
2021-03-31,2021033105007110,NIFRA,51,11,60,592.00,"35,520.00"
2021-03-31,2021033105007105,NIFRA,43,35,100,592.00,"59,200.00"
2021-03-31,2021033105007104,NIFRA,35,35,20,592.00,"11,840.00"
2021-03-31,2021033105007103,NIFRA,48,35,500,592.00,"296,000.00"
2021-03-31,2021033105007102,NIFRA,7,35,10,592.00,"5,920.00"
2021-03-31,2021033105007101,NIFRA,16,35,100,592.00,"59,200.00"
2021-03-31,2021033105007120,NIFRA,14,8,20,592.00,"11,840.00"
2021-03-31,2021033105007119,NIFRA,14,4,60,592.00,"35,520.00"
2021-03-31,2021033105007118,NIFRA,14,42,20,592.00,"11,840.00"
2021-03-31,2021033105007117,NIFRA,51,42,40,592.00,"23,680.00"
2021-03-31,2021033105007115,NIFRA,51,11,50,592.00,"29,600.00"
2021-03-31,2021033105007111,NIFRA,51,8,50,592.00,"29,600.00"
2021-03-31,2021033105007126,NIFRA,21,52,10,592.00,"5,920.00"
2021-03-31,2021033105007125,NIFRA,21,32,10,592.00,"5,920.00"
2021-03-31,2021033105007124,NIFRA,25,32,20,592.00,"11,840.00"
2021-03-31,2021033105007123,NIFRA,21,32,20,592.00,"11,840.00"
2021-03-31,2021033105007122,NIFRA,41,8,5,592.00,"2,960.00"
2021-03-31,2021033105007121,NIFRA,29,8,35,592.00,"20,720.00"
2021-03-31,2021033105007139,NIFRA,21,8,60,592.00,"35,520.00"
2021-03-31,2021033105007138,NIFRA,21,22,150,592.00,"88,800.00"
2021-03-31,2021033105007136,NIFRA,21,6,25,592.00,"14,800.00"
2021-03-31,2021033105007133,NIFRA,21,8,60,592.00,"35,520.00"
2021-03-31,2021033105007132,NIFRA,48,3,100,593.00,"59,300.00"
2021-03-31,2021033105007131,NIFRA,21,58,50,592.00,"29,600.00"
2021-03-31,2021033105007145,NIFRA,11,46,45,592.00,"26,640.00"
2021-03-31,2021033105007144,NIFRA,58,46,15,592.00,"8,880.00"
2021-03-31,2021033105007143,NIFRA,49,3,200,593.00,"118,600.00"
2021-03-31,2021033105007142,NIFRA,21,38,60,592.00,"35,520.00"
2021-03-31,2021033105007141,NIFRA,21,55,10,592.00,"5,920.00"
2021-03-31,2021033105007140,NIFRA,21,26,60,592.00,"35,520.00"
2021-03-31,2021033105007152,NIFRA,32,44,30,593.00,"17,790.00"
2021-03-31,2021033105007151,NIFRA,32,29,300,593.00,"177,900.00"
2021-03-31,2021033105007150,NIFRA,32,3,170,593.00,"100,810.00"
2021-03-31,2021033105007149,NIFRA,14,3,380,593.00,"225,340.00"
2021-03-31,2021033105007148,NIFRA,45,3,50,593.00,"29,650.00"
2021-03-31,2021033105007147,NIFRA,21,3,100,593.00,"59,300.00"
2021-03-31,2021033105007162,NIFRA,3,55,30,593.00,"17,790.00"
2021-03-31,2021033105007161,NIFRA,3,44,38,593.00,"22,534.00"
2021-03-31,2021033105007160,NIFRA,51,44,32,593.00,"18,976.00"
2021-03-31,2021033105007157,NIFRA,21,44,100,593.00,"59,300.00"
2021-03-31,2021033105007154,NIFRA,53,8,35,592.00,"20,720.00"
2021-03-31,2021033105007153,NIFRA,11,8,15,592.00,"8,880.00"
2021-03-31,2021033105007170,NIFRA,38,8,50,593.00,"29,650.00"
2021-03-31,2021033105007169,NIFRA,38,42,500,593.00,"296,500.00"
2021-03-31,2021033105007168,NIFRA,38,58,328,593.00,"194,504.00"
2021-03-31,2021033105007167,NIFRA,21,58,100,593.00,"59,300.00"
2021-03-31,2021033105007166,NIFRA,53,58,40,593.00,"23,720.00"
2021-03-31,2021033105007163,NIFRA,3,58,32,593.00,"18,976.00"
2021-03-31,2021033105007176,NIFRA,42,11,10,593.00,"5,930.00"
2021-03-31,2021033105007175,NIFRA,42,55,58,593.00,"34,394.00"
2021-03-31,2021033105007174,NIFRA,19,55,200,593.00,"118,600.00"
2021-03-31,2021033105007173,NIFRA,42,55,180,593.00,"106,740.00"
2021-03-31,2021033105007172,NIFRA,38,55,62,593.00,"36,766.00"
2021-03-31,2021033105007171,NIFRA,38,42,60,593.00,"35,580.00"
2021-03-31,2021033105007184,NIFRA,34,34,300,593.00,"177,900.00"
2021-03-31,2021033105007183,NIFRA,44,8,50,592.00,"29,600.00"
2021-03-31,2021033105007181,NIFRA,44,16,19,592.00,"11,248.00"
2021-03-31,2021033105007180,NIFRA,53,16,31,592.00,"18,352.00"
2021-03-31,2021033105007179,NIFRA,53,6,34,592.00,"20,128.00"
2021-03-31,2021033105007178,NIFRA,42,6,16,593.00,"9,488.00"
2021-03-31,2021033105007194,NIFRA,34,8,50,593.00,"29,650.00"
2021-03-31,2021033105007191,NIFRA,26,45,500,594.00,"297,000.00"
2021-03-31,2021033105007190,NIFRA,34,46,50,593.00,"29,650.00"
2021-03-31,2021033105007187,NIFRA,19,45,40,594.00,"23,760.00"
2021-03-31,2021033105007186,NIFRA,34,13,50,593.00,"29,650.00"
2021-03-31,2021033105007185,NIFRA,34,14,60,593.00,"35,580.00"
2021-03-31,2021033105007201,NIFRA,17,26,100,593.00,"59,300.00"
2021-03-31,2021033105007200,NIFRA,35,26,10,593.00,"5,930.00"
2021-03-31,2021033105007199,NIFRA,1,26,50,593.00,"29,650.00"
2021-03-31,2021033105007198,NIFRA,34,26,380,593.00,"225,340.00"
2021-03-31,2021033105007197,NIFRA,34,16,50,593.00,"29,650.00"
2021-03-31,2021033105007195,NIFRA,34,14,60,593.00,"35,580.00"
2021-03-31,2021033105007212,NIFRA,44,8,50,592.00,"29,600.00"
2021-03-31,2021033105007210,NIFRA,44,58,50,592.00,"29,600.00"
2021-03-31,2021033105007206,NIFRA,44,58,50,592.00,"29,600.00"
2021-03-31,2021033105007205,NIFRA,44,14,50,592.00,"29,600.00"
2021-03-31,2021033105007204,NIFRA,16,26,100,593.00,"59,300.00"
2021-03-31,2021033105007203,NIFRA,44,58,60,592.00,"35,520.00"
2021-03-31,2021033105007222,NIFRA,44,14,60,592.00,"35,520.00"
2021-03-31,2021033105007221,NIFRA,44,39,50,592.00,"29,600.00"
2021-03-31,2021033105007220,NIFRA,44,8,60,592.00,"35,520.00"
2021-03-31,2021033105007218,NIFRA,32,26,500,593.00,"296,500.00"
2021-03-31,2021033105007217,NIFRA,44,49,50,592.00,"29,600.00"
2021-03-31,2021033105007214,NIFRA,44,14,50,592.00,"29,600.00"
2021-03-31,2021033105007254,NIFRA,58,8,60,593.00,"35,580.00"
2021-03-31,2021033105007253,NIFRA,44,35,50,592.00,"29,600.00"
2021-03-31,2021033105007247,NIFRA,44,57,60,592.00,"35,520.00"
2021-03-31,2021033105007245,NIFRA,44,14,50,592.00,"29,600.00"
2021-03-31,2021033105007238,NIFRA,53,26,200,593.00,"118,600.00"
2021-03-31,2021033105007236,NIFRA,44,46,60,592.00,"35,520.00"
2021-03-31,2021033105007260,NIFRA,58,21,50,593.00,"29,650.00"
2021-03-31,2021033105007259,NIFRA,58,10,100,593.00,"59,300.00"
2021-03-31,2021033105007258,NIFRA,58,39,100,593.00,"59,300.00"
2021-03-31,2021033105007257,NIFRA,58,29,50,593.00,"29,650.00"
2021-03-31,2021033105007256,NIFRA,58,41,60,593.00,"35,580.00"
2021-03-31,2021033105007255,NIFRA,58,8,50,593.00,"29,650.00"
2021-03-31,2021033105007266,NIFRA,36,8,50,593.00,"29,650.00"
2021-03-31,2021033105007265,NIFRA,36,35,50,593.00,"29,650.00"
2021-03-31,2021033105007264,NIFRA,36,42,60,593.00,"35,580.00"
2021-03-31,2021033105007263,NIFRA,36,16,50,593.00,"29,650.00"
2021-03-31,2021033105007262,NIFRA,36,26,135,593.00,"80,055.00"
2021-03-31,2021033105007261,NIFRA,58,45,30,594.00,"17,820.00"
2021-03-31,2021033105007278,NIFRA,44,8,50,592.00,"29,600.00"
2021-03-31,2021033105007277,NIFRA,44,14,50,592.00,"29,600.00"
2021-03-31,2021033105007272,NIFRA,44,8,60,592.00,"35,520.00"
2021-03-31,2021033105007271,NIFRA,36,35,50,593.00,"29,650.00"
2021-03-31,2021033105007270,NIFRA,36,40,50,593.00,"29,650.00"
2021-03-31,2021033105007267,NIFRA,36,35,50,593.00,"29,650.00"
2021-03-31,2021033105007289,NIFRA,29,49,23,593.00,"13,639.00"
2021-03-31,2021033105007287,NIFRA,33,58,50,592.00,"29,600.00"
2021-03-31,2021033105007286,NIFRA,33,13,50,592.00,"29,600.00"
2021-03-31,2021033105007285,NIFRA,33,41,40,592.00,"23,680.00"
2021-03-31,2021033105007281,NIFRA,33,16,39,592.00,"23,088.00"
2021-03-31,2021033105007280,NIFRA,44,16,21,592.00,"12,432.00"
2021-03-31,2021033105007299,NIFRA,33,21,50,592.00,"29,600.00"
2021-03-31,2021033105007297,NIFRA,33,8,50,592.00,"29,600.00"
2021-03-31,2021033105007296,NIFRA,33,8,50,592.00,"29,600.00"
2021-03-31,2021033105007295,NIFRA,33,16,40,592.00,"23,680.00"
2021-03-31,2021033105007294,NIFRA,33,59,50,592.00,"29,600.00"
2021-03-31,2021033105007291,NIFRA,33,8,60,592.00,"35,520.00"
2021-03-31,2021033105007310,NIFRA,33,16,60,592.00,"35,520.00"
2021-03-31,2021033105007305,NIFRA,33,36,50,592.00,"29,600.00"
2021-03-31,2021033105007304,NIFRA,33,42,50,592.00,"29,600.00"
2021-03-31,2021033105007302,NIFRA,29,59,23,593.00,"13,639.00"
2021-03-31,2021033105007301,NIFRA,29,5,50,593.00,"29,650.00"
2021-03-31,2021033105007300,NIFRA,29,49,27,593.00,"16,011.00"
2021-03-31,2021033105007320,NIFRA,10,59,327,593.00,"193,911.00"
2021-03-31,2021033105007319,NIFRA,10,42,60,593.00,"35,580.00"
2021-03-31,2021033105007318,NIFRA,33,45,50,592.00,"29,600.00"
2021-03-31,2021033105007314,NIFRA,33,39,100,592.00,"59,200.00"
2021-03-31,2021033105007313,NIFRA,33,17,60,592.00,"35,520.00"
2021-03-31,2021033105007312,NIFRA,33,57,50,592.00,"29,600.00"
2021-03-31,2021033105007326,NIFRA,10,21,60,593.00,"35,580.00"
2021-03-31,2021033105007325,NIFRA,10,35,150,593.00,"88,950.00"
2021-03-31,2021033105007324,NIFRA,10,42,"1,000",593.00,"593,000.00"
2021-03-31,2021033105007323,NIFRA,10,41,10,593.00,"5,930.00"
2021-03-31,2021033105007322,NIFRA,10,55,50,593.00,"29,650.00"
2021-03-31,2021033105007321,NIFRA,10,21,60,593.00,"35,580.00"
2021-03-31,2021033105007334,NIFRA,33,21,60,592.00,"35,520.00"
2021-03-31,2021033105007333,NIFRA,33,47,60,592.00,"35,520.00"
2021-03-31,2021033105007332,NIFRA,33,46,50,592.00,"29,600.00"
2021-03-31,2021033105007330,NIFRA,44,58,50,593.00,"29,650.00"
2021-03-31,2021033105007328,NIFRA,33,32,40,592.00,"23,680.00"
2021-03-31,2021033105007327,NIFRA,10,58,283,593.00,"167,819.00"
2021-03-31,2021033105007343,NIFRA,33,5,50,592.00,"29,600.00"
2021-03-31,2021033105007340,NIFRA,33,34,10,592.00,"5,920.00"
2021-03-31,2021033105007338,NIFRA,33,35,60,592.00,"35,520.00"
2021-03-31,2021033105007337,NIFRA,29,58,100,593.00,"59,300.00"
2021-03-31,2021033105007336,NIFRA,33,36,50,592.00,"29,600.00"
2021-03-31,2021033105007335,NIFRA,33,50,50,592.00,"29,600.00"
2021-03-31,2021033105007357,NIFRA,33,21,50,592.00,"29,600.00"
2021-03-31,2021033105007356,NIFRA,33,39,60,592.00,"35,520.00"
2021-03-31,2021033105007355,NIFRA,33,6,50,592.00,"29,600.00"
2021-03-31,2021033105007354,NIFRA,33,21,60,592.00,"35,520.00"
2021-03-31,2021033105007350,NIFRA,33,21,60,592.00,"35,520.00"
2021-03-31,2021033105007349,NIFRA,29,58,200,593.00,"118,600.00"
2021-03-31,2021033105007365,NIFRA,33,8,50,592.00,"29,600.00"
2021-03-31,2021033105007364,NIFRA,33,34,500,592.00,"296,000.00"
2021-03-31,2021033105007362,NIFRA,59,58,500,593.00,"296,500.00"
2021-03-31,2021033105007361,NIFRA,33,21,50,592.00,"29,600.00"
2021-03-31,2021033105007360,NIFRA,45,58,810,593.00,"480,330.00"
2021-03-31,2021033105007359,NIFRA,33,35,60,592.00,"35,520.00"
2021-03-31,2021033105007373,NIFRA,33,21,50,592.00,"29,600.00"
2021-03-31,2021033105007372,NIFRA,33,48,200,592.00,"118,400.00"
2021-03-31,2021033105007370,NIFRA,21,25,50,593.00,"29,650.00"
2021-03-31,2021033105007369,NIFRA,33,42,50,592.00,"29,600.00"
2021-03-31,2021033105007367,NIFRA,5,25,43,593.00,"25,499.00"
2021-03-31,2021033105007366,NIFRA,5,58,57,593.00,"33,801.00"
2021-03-31,2021033105007387,NIFRA,33,51,50,592.00,"29,600.00"
2021-03-31,2021033105007384,NIFRA,38,25,103,593.00,"61,079.00"
2021-03-31,2021033105007383,NIFRA,38,39,60,593.00,"35,580.00"
2021-03-31,2021033105007381,NIFRA,33,35,50,592.00,"29,600.00"
2021-03-31,2021033105007375,NIFRA,33,16,50,592.00,"29,600.00"
2021-03-31,2021033105007374,NIFRA,33,5,50,592.00,"29,600.00"
2021-03-31,2021033105007399,NIFRA,33,51,60,592.00,"35,520.00"
2021-03-31,2021033105007397,NIFRA,33,35,60,592.00,"35,520.00"
2021-03-31,2021033105007394,NIFRA,33,51,60,592.00,"35,520.00"
2021-03-31,2021033105007392,NIFRA,1,25,100,593.00,"59,300.00"
2021-03-31,2021033105007389,NIFRA,33,43,40,592.00,"23,680.00"
2021-03-31,2021033105007388,NIFRA,33,21,60,592.00,"35,520.00"
2021-03-31,2021033105007407,NIFRA,26,25,200,593.00,"118,600.00"
2021-03-31,2021033105007406,NIFRA,55,25,50,593.00,"29,650.00"
2021-03-31,2021033105007405,NIFRA,21,25,30,593.00,"17,790.00"
2021-03-31,2021033105007404,NIFRA,33,28,60,592.00,"35,520.00"
2021-03-31,2021033105007403,NIFRA,33,5,50,592.00,"29,600.00"
2021-03-31,2021033105007401,NIFRA,42,25,200,593.00,"118,600.00"
2021-03-31,2021033105007413,NIFRA,47,42,12,593.00,"7,116.00"
2021-03-31,2021033105007412,NIFRA,47,16,60,593.00,"35,580.00"
2021-03-31,2021033105007411,NIFRA,47,17,714,593.00,"423,402.00"
2021-03-31,2021033105007410,NIFRA,47,25,214,593.00,"126,902.00"
2021-03-31,2021033105007409,NIFRA,33,46,60,592.00,"35,520.00"
2021-03-31,2021033105007408,NIFRA,35,25,10,593.00,"5,930.00"
2021-03-31,2021033105007422,NIFRA,33,8,60,592.00,"35,520.00"
2021-03-31,2021033105007421,NIFRA,33,42,50,592.00,"29,600.00"
2021-03-31,2021033105007419,NIFRA,53,26,22,593.00,"13,046.00"
2021-03-31,2021033105007418,NIFRA,53,42,28,593.00,"16,604.00"
2021-03-31,2021033105007417,NIFRA,35,42,10,593.00,"5,930.00"
2021-03-31,2021033105007416,NIFRA,33,39,50,592.00,"29,600.00"
2021-03-31,2021033105007431,NIFRA,34,45,60,593.00,"35,580.00"
2021-03-31,2021033105007430,NIFRA,34,50,60,593.00,"35,580.00"
2021-03-31,2021033105007429,NIFRA,34,51,50,593.00,"29,650.00"
2021-03-31,2021033105007427,NIFRA,34,34,50,593.00,"29,650.00"
2021-03-31,2021033105007425,NIFRA,13,34,22,593.00,"13,046.00"
2021-03-31,2021033105007424,NIFRA,13,26,28,593.00,"16,604.00"
2021-03-31,2021033105007440,NIFRA,33,28,50,592.00,"29,600.00"
2021-03-31,2021033105007438,NIFRA,39,54,200,593.00,"118,600.00"
2021-03-31,2021033105007437,NIFRA,35,54,10,593.00,"5,930.00"
2021-03-31,2021033105007436,NIFRA,35,54,10,593.00,"5,930.00"
2021-03-31,2021033105007435,NIFRA,34,54,330,593.00,"195,690.00"
2021-03-31,2021033105007434,NIFRA,34,16,50,593.00,"29,650.00"
2021-03-31,2021033105007480,NIFRA,59,54,100,593.00,"59,300.00"
2021-03-31,2021033105007477,NIFRA,38,54,31,593.00,"18,383.00"
2021-03-31,2021033105007476,NIFRA,35,34,3,592.00,"1,776.00"
2021-03-31,2021033105007475,NIFRA,42,54,50,593.00,"29,650.00"
2021-03-31,2021033105007442,NIFRA,10,54,15,593.00,"8,895.00"
2021-03-31,2021033105007441,NIFRA,21,54,20,593.00,"11,860.00"
2021-03-31,2021033105007491,NIFRA,14,8,50,593.00,"29,650.00"
2021-03-31,2021033105007490,NIFRA,14,45,60,593.00,"35,580.00"
2021-03-31,2021033105007489,NIFRA,14,42,60,593.00,"35,580.00"
2021-03-31,2021033105007488,NIFRA,14,35,95,593.00,"56,335.00"
2021-03-31,2021033105007487,NIFRA,14,6,50,593.00,"29,650.00"
2021-03-31,2021033105007486,NIFRA,14,54,234,593.00,"138,762.00"
2021-03-31,2021033105007497,NIFRA,49,28,18,593.00,"10,674.00"
2021-03-31,2021033105007496,NIFRA,17,28,11,593.00,"6,523.00"
2021-03-31,2021033105007495,NIFRA,42,28,21,593.00,"12,453.00"
2021-03-31,2021033105007494,NIFRA,17,38,39,593.00,"23,127.00"
2021-03-31,2021033105007493,NIFRA,14,38,21,593.00,"12,453.00"
2021-03-31,2021033105007492,NIFRA,14,39,430,593.00,"254,990.00"
2021-03-31,2021033105007503,NIFRA,49,38,50,593.00,"29,650.00"
2021-03-31,2021033105007502,NIFRA,49,43,40,593.00,"23,720.00"
2021-03-31,2021033105007501,NIFRA,36,43,160,593.00,"94,880.00"
2021-03-31,2021033105007500,NIFRA,49,16,50,593.00,"29,650.00"
2021-03-31,2021033105007499,NIFRA,49,45,60,593.00,"35,580.00"
2021-03-31,2021033105007498,NIFRA,49,51,60,593.00,"35,580.00"
2021-03-31,2021033105007513,NIFRA,3,33,53,593.00,"31,429.00"
2021-03-31,2021033105007512,NIFRA,16,33,100,593.00,"59,300.00"
2021-03-31,2021033105007508,NIFRA,16,56,50,593.00,"29,650.00"
2021-03-31,2021033105007507,NIFRA,16,38,250,593.00,"148,250.00"
2021-03-31,2021033105007506,NIFRA,51,38,115,593.00,"68,195.00"
2021-03-31,2021033105007505,NIFRA,49,38,722,593.00,"428,146.00"
2021-03-31,2021033105007020,CGH,18,34,70,"2,106.00","147,420.00"
2021-03-31,2021033105007019,CGH,29,56,10,"2,100.00","21,000.00"
2021-03-31,2021033105007012,CGH,41,32,10,"2,105.00","21,050.00"
2021-03-31,2021033105007006,CGH,29,32,10,"2,100.00","21,000.00"
2021-03-31,2021033105006993,CGH,29,29,10,"2,100.00","21,000.00"
2021-03-31,2021033105006987,CGH,29,1,10,"2,100.00","21,000.00"
2021-03-31,2021033105006532,CGH,34,49,10,"2,093.00","20,930.00"
2021-03-31,2021033105006525,CGH,34,49,10,"2,093.00","20,930.00"
2021-03-31,2021033105006553,CGH,34,49,10,"2,093.00","20,930.00"
2021-03-31,2021033105006552,CGH,34,56,10,"2,093.00","20,930.00"
2021-03-31,2021033105006551,CGH,6,40,10,"2,094.00","20,940.00"
2021-03-31,2021033105006544,CGH,28,40,10,"2,094.00","20,940.00"
2021-03-31,2021033105006543,CGH,28,40,10,"2,094.00","20,940.00"
2021-03-31,2021033105006537,CGH,34,54,10,"2,093.00","20,930.00"
2021-03-31,2021033105006572,CGH,34,17,10,"2,093.00","20,930.00"
2021-03-31,2021033105006569,CGH,39,59,10,"2,094.00","20,940.00"
2021-03-31,2021033105006568,CGH,39,36,10,"2,094.00","20,940.00"
2021-03-31,2021033105006567,CGH,39,26,10,"2,093.00","20,930.00"
2021-03-31,2021033105006564,CGH,49,32,10,"2,094.00","20,940.00"
2021-03-31,2021033105006555,CGH,34,37,10,"2,093.00","20,930.00"
2021-03-31,2021033105006597,CGH,36,5,10,"2,095.00","20,950.00"
2021-03-31,2021033105006590,CGH,36,22,10,"2,095.00","20,950.00"
2021-03-31,2021033105006589,CGH,36,25,10,"2,095.00","20,950.00"
2021-03-31,2021033105006588,CGH,36,32,10,"2,095.00","20,950.00"
2021-03-31,2021033105006587,CGH,36,14,10,"2,095.00","20,950.00"
2021-03-31,2021033105006583,CGH,34,26,10,"2,093.00","20,930.00"
2021-03-31,2021033105006650,CGH,17,49,10,"2,099.00","20,990.00"
2021-03-31,2021033105006649,CGH,17,42,10,"2,096.00","20,960.00"
2021-03-31,2021033105006647,CGH,36,8,10,"2,095.00","20,950.00"
2021-03-31,2021033105006640,CGH,36,19,10,"2,095.00","20,950.00"
2021-03-31,2021033105006639,CGH,36,49,10,"2,095.00","20,950.00"
2021-03-31,2021033105006611,CGH,36,32,10,"2,095.00","20,950.00"
2021-03-31,2021033105006656,CGH,17,57,10,"2,100.00","21,000.00"
2021-03-31,2021033105006655,CGH,17,32,10,"2,100.00","21,000.00"
2021-03-31,2021033105006654,CGH,17,16,10,"2,100.00","21,000.00"
2021-03-31,2021033105006653,CGH,17,17,10,"2,100.00","21,000.00"
2021-03-31,2021033105006652,CGH,17,25,10,"2,100.00","21,000.00"
2021-03-31,2021033105006651,CGH,17,47,10,"2,100.00","21,000.00"
2021-03-31,2021033105006682,CGH,17,38,10,"2,100.00","21,000.00"
2021-03-31,2021033105006669,CGH,17,45,10,"2,100.00","21,000.00"
2021-03-31,2021033105006660,CGH,17,33,10,"2,100.00","21,000.00"
2021-03-31,2021033105006659,CGH,17,26,10,"2,100.00","21,000.00"
2021-03-31,2021033105006658,CGH,17,29,10,"2,100.00","21,000.00"
2021-03-31,2021033105006657,CGH,17,57,10,"2,100.00","21,000.00"
2021-03-31,2021033105006700,CGH,45,58,10,"2,104.00","21,040.00"
2021-03-31,2021033105006699,CGH,45,42,10,"2,104.00","21,040.00"
2021-03-31,2021033105006697,CGH,17,56,10,"2,100.00","21,000.00"
2021-03-31,2021033105006695,CGH,17,58,10,"2,100.00","21,000.00"
2021-03-31,2021033105006694,CGH,17,38,10,"2,100.00","21,000.00"
2021-03-31,2021033105006688,CGH,17,19,10,"2,100.00","21,000.00"
2021-03-31,2021033105006729,CGH,28,56,10,"2,100.00","21,000.00"
2021-03-31,2021033105006712,CGH,28,17,10,"2,100.00","21,000.00"
2021-03-31,2021033105006709,CGH,28,59,10,"2,100.00","21,000.00"
2021-03-31,2021033105006708,CGH,28,17,10,"2,100.00","21,000.00"
2021-03-31,2021033105006706,CGH,17,58,10,"2,100.00","21,000.00"
2021-03-31,2021033105006701,CGH,17,25,10,"2,100.00","21,000.00"
2021-03-31,2021033105006765,CGH,28,29,10,"2,100.00","21,000.00"
2021-03-31,2021033105006760,CGH,28,51,10,"2,100.00","21,000.00"
2021-03-31,2021033105006756,CGH,28,29,10,"2,100.00","21,000.00"
2021-03-31,2021033105006749,CGH,28,29,10,"2,100.00","21,000.00"
2021-03-31,2021033105006743,CGH,28,6,10,"2,100.00","21,000.00"
2021-03-31,2021033105006734,CGH,28,58,10,"2,100.00","21,000.00"
2021-03-31,2021033105006790,CGH,38,13,10,"2,104.00","21,040.00"
2021-03-31,2021033105006773,CGH,28,29,10,"2,100.00","21,000.00"
2021-03-31,2021033105006772,CGH,39,59,10,"2,104.00","21,040.00"
2021-03-31,2021033105006771,CGH,39,58,10,"2,104.00","21,040.00"
2021-03-31,2021033105006769,CGH,28,38,10,"2,100.00","21,000.00"
2021-03-31,2021033105006766,CGH,28,38,10,"2,100.00","21,000.00"
2021-03-31,2021033105006833,CGH,57,38,10,"2,104.00","21,040.00"
2021-03-31,2021033105006826,CGH,17,56,10,"2,104.00","21,040.00"
2021-03-31,2021033105006821,CGH,17,57,10,"2,104.00","21,040.00"
2021-03-31,2021033105006805,CGH,55,29,10,"2,104.00","21,040.00"
2021-03-31,2021033105006792,CGH,38,56,10,"2,104.00","21,040.00"
2021-03-31,2021033105006791,CGH,38,49,10,"2,104.00","21,040.00"
2021-03-31,2021033105006850,CGH,49,26,10,"2,105.00","21,050.00"
2021-03-31,2021033105006845,CGH,42,33,10,"2,105.00","21,050.00"
2021-03-31,2021033105006844,CGH,42,36,10,"2,105.00","21,050.00"
2021-03-31,2021033105006843,CGH,18,41,10,"2,104.00","21,040.00"
2021-03-31,2021033105006842,CGH,57,56,10,"2,104.00","21,040.00"
2021-03-31,2021033105006839,CGH,57,38,10,"2,104.00","21,040.00"
2021-03-31,2021033105006857,CGH,3,32,10,"2,105.00","21,050.00"
2021-03-31,2021033105006856,CGH,3,8,10,"2,105.00","21,050.00"
2021-03-31,2021033105006855,CGH,3,32,10,"2,104.00","21,040.00"
2021-03-31,2021033105006854,CGH,3,48,10,"2,103.00","21,030.00"
2021-03-31,2021033105006852,CGH,49,47,10,"2,100.00","21,000.00"
2021-03-31,2021033105006851,CGH,49,26,10,"2,105.00","21,050.00"
2021-03-31,2021033105006864,CGH,49,51,10,"2,100.00","21,000.00"
2021-03-31,2021033105006862,CGH,3,34,20,"2,105.00","42,100.00"
2021-03-31,2021033105006861,CGH,3,47,10,"2,105.00","21,050.00"
2021-03-31,2021033105006860,CGH,3,47,10,"2,105.00","21,050.00"
2021-03-31,2021033105006859,CGH,3,32,10,"2,105.00","21,050.00"
2021-03-31,2021033105006858,CGH,3,42,10,"2,105.00","21,050.00"
2021-03-31,2021033105006880,CGH,3,34,30,"2,105.00","63,150.00"
2021-03-31,2021033105006879,CGH,3,56,10,"2,104.00","21,040.00"
2021-03-31,2021033105006874,CGH,51,29,10,"2,100.00","21,000.00"
2021-03-31,2021033105006872,CGH,51,47,10,"2,100.00","21,000.00"
2021-03-31,2021033105006869,CGH,32,34,100,"2,105.00","210,500.00"
2021-03-31,2021033105006865,CGH,44,34,50,"2,105.00","105,250.00"
2021-03-31,2021033105006895,CGH,3,13,10,"2,105.00","21,050.00"
2021-03-31,2021033105006889,CGH,3,57,10,"2,105.00","21,050.00"
2021-03-31,2021033105006888,CGH,3,47,10,"2,105.00","21,050.00"
2021-03-31,2021033105006887,CGH,3,16,10,"2,105.00","21,050.00"
2021-03-31,2021033105006882,CGH,3,47,10,"2,105.00","21,050.00"
2021-03-31,2021033105006881,CGH,3,41,10,"2,105.00","21,050.00"
2021-03-31,2021033105006923,CGH,3,4,10,"2,105.00","21,050.00"
2021-03-31,2021033105006922,CGH,3,54,10,"2,105.00","21,050.00"
2021-03-31,2021033105006921,CGH,3,51,10,"2,105.00","21,050.00"
2021-03-31,2021033105006920,CGH,3,51,10,"2,105.00","21,050.00"
2021-03-31,2021033105006919,CGH,3,34,10,"2,104.00","21,040.00"
2021-03-31,2021033105006916,CGH,46,19,10,"2,100.00","21,000.00"
2021-03-31,2021033105006957,CGH,29,1,10,"2,100.00","21,000.00"
2021-03-31,2021033105006952,CGH,20,51,10,"2,104.00","21,040.00"
2021-03-31,2021033105006951,CGH,20,7,10,"2,101.00","21,010.00"
2021-03-31,2021033105006941,CGH,29,52,10,"2,100.00","21,000.00"
2021-03-31,2021033105006939,CGH,46,54,10,"2,100.00","21,000.00"
2021-03-31,2021033105006934,CGH,46,51,10,"2,100.00","21,000.00"
2021-03-31,2021033105006973,CGH,40,6,10,"2,106.00","21,060.00"
2021-03-31,2021033105006972,CGH,40,8,10,"2,106.00","21,060.00"
2021-03-31,2021033105006971,CGH,40,7,10,"2,106.00","21,060.00"
2021-03-31,2021033105006970,CGH,40,13,10,"2,106.00","21,060.00"
2021-03-31,2021033105006969,CGH,40,6,10,"2,105.00","21,050.00"
2021-03-31,2021033105006961,CGH,29,56,10,"2,100.00","21,000.00"
2021-03-31,2021033105006986,CGH,29,6,10,"2,100.00","21,000.00"
2021-03-31,2021033105006985,CGH,29,16,10,"2,100.00","21,000.00"
2021-03-31,2021033105006979,CGH,29,36,10,"2,100.00","21,000.00"
2021-03-31,2021033105006976,CGH,40,34,130,"2,106.00","273,780.00"
2021-03-31,2021033105006975,CGH,40,58,10,"2,106.00","21,060.00"
2021-03-31,2021033105006974,CGH,40,32,10,"2,106.00","21,060.00"
2021-03-31,2021033105007015,GLH,29,48,10,378.00,"3,780.00"
2021-03-31,2021033105006984,GLH,29,34,170,378.00,"64,260.00"
2021-03-31,2021033105006983,GLH,29,34,70,380.00,"26,600.00"
2021-03-31,2021033105006980,GLH,29,1,10,380.00,"3,800.00"
2021-03-31,2021033105006960,GLH,29,50,100,380.00,"38,000.00"
2021-03-31,2021033105006959,GLH,29,7,10,380.00,"3,800.00"
2021-03-31,2021033105006554,GLH,19,39,10,378.00,"3,780.00"
2021-03-31,2021033105006548,GLH,19,38,10,378.00,"3,780.00"
2021-03-31,2021033105006546,GLH,19,17,10,378.00,"3,780.00"
2021-03-31,2021033105006545,GLH,19,42,10,378.00,"3,780.00"
2021-03-31,2021033105006526,GLH,19,29,10,378.00,"3,780.00"
2021-03-31,2021033105006524,GLH,19,46,10,378.00,"3,780.00"
2021-03-31,2021033105006609,GLH,38,26,10,378.00,"3,780.00"
2021-03-31,2021033105006595,GLH,38,38,10,378.00,"3,780.00"
2021-03-31,2021033105006593,GLH,38,36,20,378.00,"7,560.00"
2021-03-31,2021033105006586,GLH,38,34,10,378.00,"3,780.00"
2021-03-31,2021033105006573,GLH,22,56,10,378.00,"3,780.00"
2021-03-31,2021033105006571,GLH,19,28,10,378.00,"3,780.00"
2021-03-31,2021033105006635,GLH,57,36,10,379.00,"3,790.00"
2021-03-31,2021033105006634,GLH,57,52,10,379.00,"3,790.00"
2021-03-31,2021033105006632,GLH,57,26,10,379.00,"3,790.00"
2021-03-31,2021033105006628,GLH,57,8,10,379.00,"3,790.00"
2021-03-31,2021033105006627,GLH,57,35,10,379.00,"3,790.00"
2021-03-31,2021033105006614,GLH,38,26,10,378.00,"3,780.00"
2021-03-31,2021033105006702,GLH,39,26,10,377.00,"3,770.00"
2021-03-31,2021033105006689,GLH,39,32,10,377.00,"3,770.00"
2021-03-31,2021033105006684,GLH,39,26,10,377.00,"3,770.00"
2021-03-31,2021033105006648,GLH,39,5,10,377.00,"3,770.00"
2021-03-31,2021033105006641,GLH,38,44,30,378.00,"11,340.00"
2021-03-31,2021033105006638,GLH,38,47,10,378.00,"3,780.00"
2021-03-31,2021033105006764,GLH,37,57,10,379.00,"3,790.00"
2021-03-31,2021033105006733,GLH,8,35,10,378.00,"3,780.00"
2021-03-31,2021033105006732,GLH,39,49,10,377.00,"3,770.00"
2021-03-31,2021033105006713,GLH,39,36,10,377.00,"3,770.00"
2021-03-31,2021033105006705,GLH,58,26,10,378.00,"3,780.00"
2021-03-31,2021033105006704,GLH,58,44,70,378.00,"26,460.00"
2021-03-31,2021033105006784,GLH,58,45,10,380.00,"3,800.00"
2021-03-31,2021033105006783,GLH,58,58,10,380.00,"3,800.00"
2021-03-31,2021033105006782,GLH,58,36,10,379.00,"3,790.00"
2021-03-31,2021033105006780,GLH,8,52,10,378.00,"3,780.00"
2021-03-31,2021033105006777,GLH,8,5,10,378.00,"3,780.00"
2021-03-31,2021033105006776,GLH,8,38,10,378.00,"3,780.00"
2021-03-31,2021033105006815,GLH,58,58,10,380.00,"3,800.00"
2021-03-31,2021033105006789,GLH,58,48,150,380.00,"57,000.00"
2021-03-31,2021033105006788,GLH,58,8,30,380.00,"11,400.00"
2021-03-31,2021033105006787,GLH,58,38,200,380.00,"76,000.00"
2021-03-31,2021033105006786,GLH,58,58,10,380.00,"3,800.00"
2021-03-31,2021033105006785,GLH,58,59,10,380.00,"3,800.00"
2021-03-31,2021033105006870,GLH,58,41,10,380.00,"3,800.00"
2021-03-31,2021033105006849,GLH,58,39,10,380.00,"3,800.00"
2021-03-31,2021033105006841,GLH,58,42,10,380.00,"3,800.00"
2021-03-31,2021033105006840,GLH,58,35,10,380.00,"3,800.00"
2021-03-31,2021033105006836,GLH,58,48,10,380.00,"3,800.00"
2021-03-31,2021033105006832,GLH,58,16,10,380.00,"3,800.00"
2021-03-31,2021033105006892,GLH,8,51,10,378.00,"3,780.00"
2021-03-31,2021033105006891,GLH,8,57,10,378.00,"3,780.00"
2021-03-31,2021033105006886,GLH,45,51,10,380.00,"3,800.00"
2021-03-31,2021033105006885,GLH,45,42,10,380.00,"3,800.00"
2021-03-31,2021033105006884,GLH,45,41,25,380.00,"9,500.00"
2021-03-31,2021033105006871,GLH,51,41,15,380.00,"5,700.00"
2021-03-31,2021033105006958,GLH,29,53,10,380.00,"3,800.00"
2021-03-31,2021033105006942,GLH,29,51,10,378.00,"3,780.00"
2021-03-31,2021033105006927,GLH,8,29,10,378.00,"3,780.00"
2021-03-31,2021033105006917,GLH,8,35,10,378.00,"3,780.00"
2021-03-31,2021033105006915,GLH,8,16,10,378.00,"3,780.00"
2021-03-31,2021033105006893,GLH,8,16,10,378.00,"3,780.00"
2021-03-31,2021033105007023,NIFRA,1,49,50,592.00,"29,600.00"
2021-03-31,2021033105007022,NIFRA,1,54,10,592.00,"5,920.00"
2021-03-31,2021033105007021,NIFRA,1,57,60,592.00,"35,520.00"
2021-03-31,2021033105007018,NIFRA,1,57,50,592.00,"29,600.00"
2021-03-31,2021033105007017,NIFRA,1,8,50,592.00,"29,600.00"
2021-03-31,2021033105007016,NIFRA,1,13,50,592.00,"29,600.00"
2021-03-31,2021033105006533,NIFRA,1,33,30,592.00,"17,760.00"
2021-03-31,2021033105006531,NIFRA,1,58,10,592.00,"5,920.00"
2021-03-31,2021033105006530,NIFRA,1,38,60,592.00,"35,520.00"
2021-03-31,2021033105006529,NIFRA,41,16,70,593.00,"41,510.00"
2021-03-31,2021033105006528,NIFRA,41,7,50,592.00,"29,600.00"
2021-03-31,2021033105006527,NIFRA,41,40,280,592.00,"165,760.00"
2021-03-31,2021033105006540,NIFRA,51,56,50,592.00,"29,600.00"
2021-03-31,2021033105006539,NIFRA,32,38,50,591.00,"29,550.00"
2021-03-31,2021033105006538,NIFRA,32,1,50,591.00,"29,550.00"
2021-03-31,2021033105006536,NIFRA,32,37,30,591.00,"17,730.00"
2021-03-31,2021033105006535,NIFRA,11,37,30,592.00,"17,760.00"
2021-03-31,2021033105006534,NIFRA,11,33,20,592.00,"11,840.00"
2021-03-31,2021033105006556,NIFRA,32,16,20,591.00,"11,820.00"
2021-03-31,2021033105006550,NIFRA,32,58,20,591.00,"11,820.00"
2021-03-31,2021033105006549,NIFRA,35,42,10,592.00,"5,920.00"
2021-03-31,2021033105006547,NIFRA,32,38,60,591.00,"35,460.00"
2021-03-31,2021033105006542,NIFRA,8,42,50,592.00,"29,600.00"
2021-03-31,2021033105006541,NIFRA,50,42,500,592.00,"296,000.00"
2021-03-31,2021033105006562,NIFRA,48,42,100,592.00,"59,200.00"
2021-03-31,2021033105006561,NIFRA,1,58,200,591.00,"118,200.00"
2021-03-31,2021033105006560,NIFRA,1,17,280,591.00,"165,480.00"
2021-03-31,2021033105006559,NIFRA,37,17,220,591.00,"130,020.00"
2021-03-31,2021033105006558,NIFRA,52,42,200,592.00,"118,400.00"
2021-03-31,2021033105006557,NIFRA,37,16,80,591.00,"47,280.00"
2021-03-31,2021033105006575,NIFRA,57,35,50,591.00,"29,550.00"
2021-03-31,2021033105006574,NIFRA,1,35,150,591.00,"88,650.00"
2021-03-31,2021033105006570,NIFRA,17,42,100,592.00,"59,200.00"
2021-03-31,2021033105006566,NIFRA,1,36,10,591.00,"5,910.00"
2021-03-31,2021033105006565,NIFRA,1,38,60,591.00,"35,460.00"
2021-03-31,2021033105006563,NIFRA,59,42,300,592.00,"177,600.00"
2021-03-31,2021033105006581,NIFRA,6,42,100,592.00,"59,200.00"
2021-03-31,2021033105006580,NIFRA,29,35,580,591.00,"342,780.00"
2021-03-31,2021033105006579,NIFRA,45,35,50,591.00,"29,550.00"
2021-03-31,2021033105006578,NIFRA,50,35,50,591.00,"29,550.00"
2021-03-31,2021033105006577,NIFRA,45,35,20,591.00,"11,820.00"
2021-03-31,2021033105006576,NIFRA,55,35,100,591.00,"59,100.00"
2021-03-31,2021033105006594,NIFRA,59,14,50,591.00,"29,550.00"
2021-03-31,2021033105006592,NIFRA,59,17,140,591.00,"82,740.00"
2021-03-31,2021033105006591,NIFRA,29,17,60,591.00,"35,460.00"
2021-03-31,2021033105006585,NIFRA,38,42,14,592.00,"8,288.00"
2021-03-31,2021033105006584,NIFRA,29,1,60,591.00,"35,460.00"
2021-03-31,2021033105006582,NIFRA,19,42,50,592.00,"29,600.00"
2021-03-31,2021033105006602,NIFRA,52,42,100,592.00,"59,200.00"
2021-03-31,2021033105006601,NIFRA,59,49,295,591.00,"174,345.00"
2021-03-31,2021033105006600,NIFRA,38,42,100,592.00,"59,200.00"
2021-03-31,2021033105006599,NIFRA,59,47,50,591.00,"29,550.00"
2021-03-31,2021033105006598,NIFRA,46,42,20,592.00,"11,840.00"
2021-03-31,2021033105006596,NIFRA,59,41,50,591.00,"29,550.00"
2021-03-31,2021033105006608,NIFRA,59,39,50,591.00,"29,550.00"
2021-03-31,2021033105006607,NIFRA,59,45,155,591.00,"91,605.00"
2021-03-31,2021033105006606,NIFRA,17,10,134,592.00,"79,328.00"
2021-03-31,2021033105006605,NIFRA,17,38,60,592.00,"35,520.00"
2021-03-31,2021033105006604,NIFRA,17,42,50,592.00,"29,600.00"
2021-03-31,2021033105006603,NIFRA,17,42,256,592.00,"151,552.00"
2021-03-31,2021033105006617,NIFRA,26,10,156,592.00,"92,352.00"
2021-03-31,2021033105006616,NIFRA,59,34,50,591.00,"29,550.00"
2021-03-31,2021033105006615,NIFRA,59,47,50,591.00,"29,550.00"
2021-03-31,2021033105006613,NIFRA,59,36,10,591.00,"5,910.00"
2021-03-31,2021033105006612,NIFRA,57,10,200,592.00,"118,400.00"
2021-03-31,2021033105006610,NIFRA,47,10,10,592.00,"5,920.00"
2021-03-31,2021033105006623,NIFRA,26,58,50,592.00,"29,600.00"
2021-03-31,2021033105006622,NIFRA,26,33,90,592.00,"53,280.00"
2021-03-31,2021033105006621,NIFRA,26,41,50,592.00,"29,600.00"
2021-03-31,2021033105006620,NIFRA,26,28,20,592.00,"11,840.00"
2021-03-31,2021033105006619,NIFRA,26,38,60,592.00,"35,520.00"
2021-03-31,2021033105006618,NIFRA,26,34,60,592.00,"35,520.00"
2021-03-31,2021033105006631,NIFRA,39,6,64,592.00,"37,888.00"
2021-03-31,2021033105006630,NIFRA,39,10,36,592.00,"21,312.00"
2021-03-31,2021033105006629,NIFRA,59,45,280,591.00,"165,480.00"
2021-03-31,2021033105006626,NIFRA,59,16,60,591.00,"35,460.00"
2021-03-31,2021033105006625,NIFRA,59,52,60,591.00,"35,460.00"
2021-03-31,2021033105006624,NIFRA,26,10,14,592.00,"8,288.00"
2021-03-31,2021033105006644,NIFRA,48,6,206,592.00,"121,952.00"
2021-03-31,2021033105006643,NIFRA,59,51,50,591.00,"29,550.00"
2021-03-31,2021033105006642,NIFRA,35,6,70,592.00,"41,440.00"
2021-03-31,2021033105006637,NIFRA,59,55,100,591.00,"59,100.00"
2021-03-31,2021033105006636,NIFRA,59,35,50,591.00,"29,550.00"
2021-03-31,2021033105006633,NIFRA,59,32,90,591.00,"53,190.00"
2021-03-31,2021033105006664,NIFRA,38,44,266,592.00,"157,472.00"
2021-03-31,2021033105006663,NIFRA,14,44,500,592.00,"296,000.00"
2021-03-31,2021033105006662,NIFRA,59,41,50,591.00,"29,550.00"
2021-03-31,2021033105006661,NIFRA,59,56,60,591.00,"35,460.00"
2021-03-31,2021033105006646,NIFRA,48,44,34,592.00,"20,128.00"
2021-03-31,2021033105006645,NIFRA,48,38,60,592.00,"35,520.00"
2021-03-31,2021033105006671,NIFRA,14,28,81,592.00,"47,952.00"
2021-03-31,2021033105006670,NIFRA,41,28,25,592.00,"14,800.00"
2021-03-31,2021033105006668,NIFRA,38,28,94,592.00,"55,648.00"
2021-03-31,2021033105006667,NIFRA,38,47,40,592.00,"23,680.00"
2021-03-31,2021033105006666,NIFRA,38,42,50,592.00,"29,600.00"
2021-03-31,2021033105006665,NIFRA,38,39,50,592.00,"29,600.00"
2021-03-31,2021033105006677,NIFRA,29,28,156,592.00,"92,352.00"
2021-03-31,2021033105006676,NIFRA,59,51,60,591.00,"35,460.00"
2021-03-31,2021033105006675,NIFRA,14,28,44,592.00,"26,048.00"
2021-03-31,2021033105006674,NIFRA,14,32,300,592.00,"177,600.00"
2021-03-31,2021033105006673,NIFRA,14,1,25,592.00,"14,800.00"
2021-03-31,2021033105006672,NIFRA,14,46,50,592.00,"29,600.00"
2021-03-31,2021033105006685,NIFRA,29,58,50,592.00,"29,600.00"
2021-03-31,2021033105006683,NIFRA,29,29,30,592.00,"17,760.00"
2021-03-31,2021033105006681,NIFRA,29,26,60,592.00,"35,520.00"
2021-03-31,2021033105006680,NIFRA,29,57,300,592.00,"177,600.00"
2021-03-31,2021033105006679,NIFRA,29,57,800,592.00,"473,600.00"
2021-03-31,2021033105006678,NIFRA,29,45,50,592.00,"29,600.00"
2021-03-31,2021033105006693,NIFRA,29,5,60,592.00,"35,520.00"
2021-03-31,2021033105006692,NIFRA,52,16,70,593.00,"41,510.00"
2021-03-31,2021033105006691,NIFRA,29,42,50,592.00,"29,600.00"
2021-03-31,2021033105006690,NIFRA,29,58,50,592.00,"29,600.00"
2021-03-31,2021033105006687,NIFRA,29,42,300,592.00,"177,600.00"
2021-03-31,2021033105006686,NIFRA,29,32,50,592.00,"29,600.00"
2021-03-31,2021033105006711,NIFRA,29,22,20,592.00,"11,840.00"
2021-03-31,2021033105006710,NIFRA,29,5,250,592.00,"148,000.00"
2021-03-31,2021033105006707,NIFRA,29,42,50,592.00,"29,600.00"
2021-03-31,2021033105006703,NIFRA,29,26,50,592.00,"29,600.00"
2021-03-31,2021033105006698,NIFRA,47,16,20,593.00,"11,860.00"
2021-03-31,2021033105006696,NIFRA,29,19,60,592.00,"35,520.00"
2021-03-31,2021033105006719,NIFRA,50,48,100,592.00,"59,200.00"
2021-03-31,2021033105006718,NIFRA,38,48,100,592.00,"59,200.00"
2021-03-31,2021033105006717,NIFRA,14,48,300,592.00,"177,600.00"
2021-03-31,2021033105006716,NIFRA,38,48,200,592.00,"118,400.00"
2021-03-31,2021033105006715,NIFRA,41,48,200,592.00,"118,400.00"
2021-03-31,2021033105006714,NIFRA,29,48,614,592.00,"363,488.00"
2021-03-31,2021033105006725,NIFRA,52,48,72,592.00,"42,624.00"
2021-03-31,2021033105006724,NIFRA,14,48,10,592.00,"5,920.00"
2021-03-31,2021033105006723,NIFRA,19,48,20,592.00,"11,840.00"
2021-03-31,2021033105006722,NIFRA,36,48,100,592.00,"59,200.00"
2021-03-31,2021033105006721,NIFRA,19,48,200,592.00,"118,400.00"
2021-03-31,2021033105006720,NIFRA,37,48,500,592.00,"296,000.00"
2021-03-31,2021033105006735,NIFRA,58,14,16,592.00,"9,472.00"
2021-03-31,2021033105006731,NIFRA,54,5,21,593.00,"12,453.00"
2021-03-31,2021033105006730,NIFRA,54,16,29,593.00,"17,197.00"
2021-03-31,2021033105006728,NIFRA,57,16,50,593.00,"29,650.00"
2021-03-31,2021033105006727,NIFRA,19,16,23,593.00,"13,639.00"
2021-03-31,2021033105006726,NIFRA,58,48,84,592.00,"49,728.00"
2021-03-31,2021033105006741,NIFRA,19,51,46,592.00,"27,232.00"
2021-03-31,2021033105006740,NIFRA,19,39,50,592.00,"29,600.00"
2021-03-31,2021033105006739,NIFRA,19,17,254,592.00,"150,368.00"
2021-03-31,2021033105006738,NIFRA,57,17,46,592.00,"27,232.00"
2021-03-31,2021033105006737,NIFRA,57,35,10,592.00,"5,920.00"
2021-03-31,2021033105006736,NIFRA,57,14,44,592.00,"26,048.00"
2021-03-31,2021033105006748,NIFRA,57,5,50,593.00,"29,650.00"
2021-03-31,2021033105006747,NIFRA,49,5,120,593.00,"71,160.00"
2021-03-31,2021033105006746,NIFRA,8,35,60,592.00,"35,520.00"
2021-03-31,2021033105006745,NIFRA,36,5,100,593.00,"59,300.00"
2021-03-31,2021033105006744,NIFRA,8,26,40,592.00,"23,680.00"
2021-03-31,2021033105006742,NIFRA,8,51,14,592.00,"8,288.00"
2021-03-31,2021033105006755,NIFRA,22,51,50,592.00,"29,600.00"
2021-03-31,2021033105006754,NIFRA,22,59,50,592.00,"29,600.00"
2021-03-31,2021033105006753,NIFRA,46,59,10,592.00,"5,920.00"
2021-03-31,2021033105006752,NIFRA,46,5,50,592.00,"29,600.00"
2021-03-31,2021033105006751,NIFRA,54,52,10,592.00,"5,920.00"
2021-03-31,2021033105006750,NIFRA,8,52,36,592.00,"21,312.00"
2021-03-31,2021033105006763,NIFRA,22,48,50,592.00,"29,600.00"
2021-03-31,2021033105006762,NIFRA,22,57,50,592.00,"29,600.00"
2021-03-31,2021033105006761,NIFRA,22,58,50,592.00,"29,600.00"
2021-03-31,2021033105006759,NIFRA,3,3,40,593.00,"23,720.00"
2021-03-31,2021033105006758,NIFRA,3,8,50,593.00,"29,650.00"
2021-03-31,2021033105006757,NIFRA,3,57,10,593.00,"5,930.00"
2021-03-31,2021033105006778,NIFRA,22,45,50,592.00,"29,600.00"
2021-03-31,2021033105006775,NIFRA,22,38,200,592.00,"118,400.00"
2021-03-31,2021033105006774,NIFRA,38,3,45,593.00,"26,685.00"
2021-03-31,2021033105006770,NIFRA,22,36,50,592.00,"29,600.00"
2021-03-31,2021033105006768,NIFRA,22,57,50,592.00,"29,600.00"
2021-03-31,2021033105006767,NIFRA,49,3,125,593.00,"74,125.00"
2021-03-31,2021033105006796,NIFRA,18,8,72,592.00,"42,624.00"
2021-03-31,2021033105006795,NIFRA,22,8,400,592.00,"236,800.00"
2021-03-31,2021033105006794,NIFRA,39,8,100,592.00,"59,200.00"
2021-03-31,2021033105006793,NIFRA,22,8,400,592.00,"236,800.00"
2021-03-31,2021033105006781,NIFRA,6,3,100,593.00,"59,300.00"
2021-03-31,2021033105006779,NIFRA,14,3,20,593.00,"11,860.00"
2021-03-31,2021033105006802,NIFRA,36,32,50,593.00,"29,650.00"
2021-03-31,2021033105006801,NIFRA,36,55,30,593.00,"17,790.00"
2021-03-31,2021033105006800,NIFRA,36,3,40,593.00,"23,720.00"
2021-03-31,2021033105006799,NIFRA,38,52,22,592.00,"13,024.00"
2021-03-31,2021033105006798,NIFRA,59,3,10,593.00,"5,930.00"
2021-03-31,2021033105006797,NIFRA,38,8,28,592.00,"16,576.00"
2021-03-31,2021033105006809,NIFRA,35,14,300,592.00,"177,600.00"
2021-03-31,2021033105006808,NIFRA,42,14,160,592.00,"94,720.00"
2021-03-31,2021033105006807,NIFRA,26,14,50,592.00,"29,600.00"
2021-03-31,2021033105006806,NIFRA,4,55,200,593.00,"118,600.00"
2021-03-31,2021033105006804,NIFRA,36,55,140,593.00,"83,020.00"
2021-03-31,2021033105006803,NIFRA,36,57,100,593.00,"59,300.00"
2021-03-31,2021033105006816,NIFRA,3,55,100,593.00,"59,300.00"
2021-03-31,2021033105006814,NIFRA,59,14,250,591.00,"147,750.00"
2021-03-31,2021033105006813,NIFRA,6,14,50,592.00,"29,600.00"
2021-03-31,2021033105006812,NIFRA,57,14,50,592.00,"29,600.00"
2021-03-31,2021033105006811,NIFRA,45,14,100,592.00,"59,200.00"
2021-03-31,2021033105006810,NIFRA,45,14,40,592.00,"23,680.00"
2021-03-31,2021033105006823,NIFRA,42,42,60,592.00,"35,520.00"
2021-03-31,2021033105006822,NIFRA,42,55,170,592.00,"100,640.00"
2021-03-31,2021033105006820,NIFRA,38,55,500,592.00,"296,000.00"
2021-03-31,2021033105006819,NIFRA,58,55,30,592.00,"17,760.00"
2021-03-31,2021033105006818,NIFRA,58,55,190,593.00,"112,670.00"
2021-03-31,2021033105006817,NIFRA,58,34,10,592.00,"5,920.00"
2021-03-31,2021033105006830,NIFRA,39,55,100,593.00,"59,300.00"
2021-03-31,2021033105006829,NIFRA,56,34,90,592.00,"53,280.00"
2021-03-31,2021033105006828,NIFRA,42,34,210,592.00,"124,320.00"
2021-03-31,2021033105006827,NIFRA,3,55,200,593.00,"118,600.00"
2021-03-31,2021033105006825,NIFRA,42,41,40,592.00,"23,680.00"
2021-03-31,2021033105006824,NIFRA,42,26,20,592.00,"11,840.00"
2021-03-31,2021033105006846,NIFRA,20,51,50,592.00,"29,600.00"
2021-03-31,2021033105006838,NIFRA,42,55,20,593.00,"11,860.00"
2021-03-31,2021033105006837,NIFRA,57,55,10,593.00,"5,930.00"
2021-03-31,2021033105006835,NIFRA,29,4,30,592.00,"17,760.00"
2021-03-31,2021033105006834,NIFRA,14,4,10,592.00,"5,920.00"
2021-03-31,2021033105006831,NIFRA,56,4,10,592.00,"5,920.00"
2021-03-31,2021033105006867,NIFRA,52,35,50,592.00,"29,600.00"
2021-03-31,2021033105006866,NIFRA,52,4,50,592.00,"29,600.00"
2021-03-31,2021033105006863,NIFRA,13,55,100,593.00,"59,300.00"
2021-03-31,2021033105006853,NIFRA,25,55,40,593.00,"23,720.00"
2021-03-31,2021033105006848,NIFRA,59,42,50,591.00,"29,550.00"
2021-03-31,2021033105006847,NIFRA,59,42,10,592.00,"5,920.00"
2021-03-31,2021033105006878,NIFRA,32,45,410,593.00,"243,130.00"
2021-03-31,2021033105006877,NIFRA,32,22,10,593.00,"5,930.00"
2021-03-31,2021033105006876,NIFRA,32,55,580,593.00,"343,940.00"
2021-03-31,2021033105006875,NIFRA,32,18,500,593.00,"296,500.00"
2021-03-31,2021033105006873,NIFRA,35,55,20,593.00,"11,860.00"
2021-03-31,2021033105006868,NIFRA,17,35,10,592.00,"5,920.00"
2021-03-31,2021033105006898,NIFRA,35,16,10,592.00,"5,920.00"
2021-03-31,2021033105006897,NIFRA,17,16,40,592.00,"23,680.00"
2021-03-31,2021033105006896,NIFRA,42,45,50,593.00,"29,650.00"
2021-03-31,2021033105006894,NIFRA,17,26,50,592.00,"29,600.00"
2021-03-31,2021033105006890,NIFRA,17,42,50,592.00,"29,600.00"
2021-03-31,2021033105006883,NIFRA,17,16,50,592.00,"29,600.00"
2021-03-31,2021033105006904,NIFRA,45,13,20,592.00,"11,840.00"
2021-03-31,2021033105006903,NIFRA,35,13,40,592.00,"23,680.00"
2021-03-31,2021033105006902,NIFRA,35,42,335,593.00,"198,655.00"
2021-03-31,2021033105006901,NIFRA,35,7,50,593.00,"29,650.00"
2021-03-31,2021033105006900,NIFRA,35,44,75,593.00,"44,475.00"
2021-03-31,2021033105006899,NIFRA,35,45,540,593.00,"320,220.00"
2021-03-31,2021033105006910,NIFRA,34,17,80,592.00,"47,360.00"
2021-03-31,2021033105006909,NIFRA,17,17,100,592.00,"59,200.00"
2021-03-31,2021033105006908,NIFRA,17,42,350,593.00,"207,550.00"
2021-03-31,2021033105006907,NIFRA,17,42,50,593.00,"29,650.00"
2021-03-31,2021033105006906,NIFRA,34,51,20,592.00,"11,840.00"
2021-03-31,2021033105006905,NIFRA,45,51,30,592.00,"17,760.00"
2021-03-31,2021033105006924,NIFRA,48,53,30,592.00,"17,760.00"
2021-03-31,2021033105006918,NIFRA,16,53,50,592.00,"29,600.00"
2021-03-31,2021033105006914,NIFRA,59,11,60,591.00,"35,460.00"
2021-03-31,2021033105006913,NIFRA,49,32,10,592.00,"5,920.00"
2021-03-31,2021033105006912,NIFRA,13,32,50,592.00,"29,600.00"
2021-03-31,2021033105006911,NIFRA,13,17,50,592.00,"29,600.00"
2021-03-31,2021033105006931,NIFRA,41,35,50,592.00,"29,600.00"
2021-03-31,2021033105006930,NIFRA,41,16,60,592.00,"35,520.00"
2021-03-31,2021033105006929,NIFRA,41,53,21,592.00,"12,432.00"
2021-03-31,2021033105006928,NIFRA,47,53,79,592.00,"46,768.00"
2021-03-31,2021033105006926,NIFRA,51,53,40,592.00,"23,680.00"
2021-03-31,2021033105006925,NIFRA,51,32,60,592.00,"35,520.00"
2021-03-31,2021033105006938,NIFRA,41,42,60,592.00,"35,520.00"
2021-03-31,2021033105006937,NIFRA,41,54,50,592.00,"29,600.00"
2021-03-31,2021033105006936,NIFRA,41,16,50,592.00,"29,600.00"
2021-03-31,2021033105006935,NIFRA,41,32,50,592.00,"29,600.00"
2021-03-31,2021033105006933,NIFRA,41,14,20,592.00,"11,840.00"
2021-03-31,2021033105006932,NIFRA,41,55,50,592.00,"29,600.00"
2021-03-31,2021033105006947,NIFRA,41,1,50,592.00,"29,600.00"
2021-03-31,2021033105006946,NIFRA,41,4,21,592.00,"12,432.00"
2021-03-31,2021033105006945,NIFRA,45,4,39,592.00,"23,088.00"
2021-03-31,2021033105006944,NIFRA,45,50,11,592.00,"6,512.00"
2021-03-31,2021033105006943,NIFRA,52,50,140,592.00,"82,880.00"
2021-03-31,2021033105006940,NIFRA,41,50,249,592.00,"147,408.00"
2021-03-31,2021033105006955,NIFRA,38,8,60,592.00,"35,520.00"
2021-03-31,2021033105006954,NIFRA,38,29,120,592.00,"71,040.00"
2021-03-31,2021033105006953,NIFRA,17,6,50,592.00,"29,600.00"
2021-03-31,2021033105006950,NIFRA,41,42,19,593.00,"11,267.00"
2021-03-31,2021033105006949,NIFRA,41,49,50,592.00,"29,600.00"
2021-03-31,2021033105006948,NIFRA,41,16,60,592.00,"35,520.00"
2021-03-31,2021033105006966,NIFRA,26,8,31,592.00,"18,352.00"
2021-03-31,2021033105006965,NIFRA,26,1,19,592.00,"11,248.00"
2021-03-31,2021033105006964,NIFRA,16,1,21,592.00,"12,432.00"
2021-03-31,2021033105006963,NIFRA,16,29,110,592.00,"65,120.00"
2021-03-31,2021033105006962,NIFRA,54,1,10,592.00,"5,920.00"
2021-03-31,2021033105006956,NIFRA,38,42,70,593.00,"41,510.00"
2021-03-31,2021033105006982,NIFRA,25,42,50,593.00,"29,650.00"
2021-03-31,2021033105006981,NIFRA,7,42,20,593.00,"11,860.00"
2021-03-31,2021033105006978,NIFRA,17,17,19,592.00,"11,248.00"
2021-03-31,2021033105006977,NIFRA,38,17,41,592.00,"24,272.00"
2021-03-31,2021033105006968,NIFRA,38,26,40,592.00,"23,680.00"
2021-03-31,2021033105006967,NIFRA,38,8,19,592.00,"11,248.00"
2021-03-31,2021033105006994,NIFRA,49,42,106,593.00,"62,858.00"
2021-03-31,2021033105006992,NIFRA,1,8,60,592.00,"35,520.00"
2021-03-31,2021033105006991,NIFRA,1,16,60,592.00,"35,520.00"
2021-03-31,2021033105006990,NIFRA,1,29,10,592.00,"5,920.00"
2021-03-31,2021033105006989,NIFRA,1,29,160,592.00,"94,720.00"
2021-03-31,2021033105006988,NIFRA,47,29,50,592.00,"29,600.00"
2021-03-31,2021033105007000,NIFRA,49,50,50,593.00,"29,650.00"
2021-03-31,2021033105006999,NIFRA,49,10,30,593.00,"17,790.00"
2021-03-31,2021033105006998,NIFRA,49,44,"3,995",593.00,"2,369,035.00"
2021-03-31,2021033105006997,NIFRA,49,51,60,593.00,"35,580.00"
2021-03-31,2021033105006996,NIFRA,49,29,442,593.00,"262,106.00"
2021-03-31,2021033105006995,NIFRA,49,1,160,593.00,"94,880.00"
2021-03-31,2021033105007007,NIFRA,54,49,23,593.00,"13,639.00"
2021-03-31,2021033105007005,NIFRA,1,58,50,592.00,"29,600.00"
2021-03-31,2021033105007004,NIFRA,1,8,50,592.00,"29,600.00"
2021-03-31,2021033105007003,NIFRA,1,29,50,592.00,"29,600.00"
2021-03-31,2021033105007002,NIFRA,49,49,107,593.00,"63,451.00"
2021-03-31,2021033105007001,NIFRA,49,25,50,593.00,"29,650.00"
2021-03-31,2021033105007014,NIFRA,1,4,10,592.00,"5,920.00"
2021-03-31,2021033105007013,NIFRA,1,50,50,592.00,"29,600.00"
2021-03-31,2021033105007011,NIFRA,1,41,50,592.00,"29,600.00"
2021-03-31,2021033105007010,NIFRA,1,8,60,592.00,"35,520.00"
2021-03-31,2021033105007009,NIFRA,1,29,10,592.00,"5,920.00"
2021-03-31,2021033105007008,NIFRA,54,41,42,593.00,"24,906.00"
2021-03-31,2021033105006518,CGH,6,49,10,"2,094.00","20,940.00"
2021-03-31,2021033105006510,CGH,47,49,10,"2,095.00","20,950.00"
2021-03-31,2021033105006498,CGH,28,58,10,"2,098.00","20,980.00"
2021-03-31,2021033105006450,CGH,5,52,10,"2,094.00","20,940.00"
2021-03-31,2021033105006442,CGH,5,49,10,"2,094.00","20,940.00"
2021-03-31,2021033105006436,CGH,5,38,10,"2,094.00","20,940.00"
2021-03-31,2021033105006029,CGH,57,49,10,"2,091.00","20,910.00"
2021-03-31,2021033105006026,CGH,57,49,10,"2,091.00","20,910.00"
2021-03-31,2021033105006049,CGH,5,39,10,"2,092.00","20,920.00"
2021-03-31,2021033105006047,CGH,57,38,10,"2,091.00","20,910.00"
2021-03-31,2021033105006045,CGH,57,11,10,"2,091.00","20,910.00"
2021-03-31,2021033105006039,CGH,57,49,10,"2,091.00","20,910.00"
2021-03-31,2021033105006033,CGH,57,11,10,"2,091.00","20,910.00"
2021-03-31,2021033105006031,CGH,57,6,10,"2,091.00","20,910.00"
2021-03-31,2021033105006081,CGH,1,38,10,"2,091.00","20,910.00"
2021-03-31,2021033105006071,CGH,38,22,10,"2,091.00","20,910.00"
2021-03-31,2021033105006069,CGH,38,17,10,"2,091.00","20,910.00"
2021-03-31,2021033105006059,CGH,28,11,10,"2,091.00","20,910.00"
2021-03-31,2021033105006053,CGH,57,49,10,"2,091.00","20,910.00"
2021-03-31,2021033105006050,CGH,5,4,10,"2,092.00","20,920.00"
2021-03-31,2021033105006101,CGH,34,38,10,"2,093.00","20,930.00"
2021-03-31,2021033105006098,CGH,34,14,10,"2,093.00","20,930.00"
2021-03-31,2021033105006097,CGH,34,46,10,"2,093.00","20,930.00"
2021-03-31,2021033105006096,CGH,34,52,10,"2,092.00","20,920.00"
2021-03-31,2021033105006095,CGH,34,40,10,"2,091.00","20,910.00"
2021-03-31,2021033105006091,CGH,1,16,10,"2,091.00","20,910.00"
2021-03-31,2021033105006206,CGH,14,40,10,"2,100.00","21,000.00"
2021-03-31,2021033105006205,CGH,14,59,10,"2,100.00","21,000.00"
2021-03-31,2021033105006204,CGH,14,57,10,"2,100.00","21,000.00"
2021-03-31,2021033105006203,CGH,14,53,10,"2,099.00","20,990.00"
2021-03-31,2021033105006202,CGH,14,42,10,"2,099.00","20,990.00"
2021-03-31,2021033105006201,CGH,14,26,10,"2,094.00","20,940.00"
2021-03-31,2021033105006212,CGH,14,44,10,"2,100.00","21,000.00"
2021-03-31,2021033105006211,CGH,14,57,10,"2,100.00","21,000.00"
2021-03-31,2021033105006210,CGH,14,4,10,"2,100.00","21,000.00"
2021-03-31,2021033105006209,CGH,14,58,10,"2,100.00","21,000.00"
2021-03-31,2021033105006208,CGH,14,22,10,"2,100.00","21,000.00"
2021-03-31,2021033105006207,CGH,14,57,10,"2,100.00","21,000.00"
2021-03-31,2021033105006218,CGH,14,25,10,"2,100.00","21,000.00"
2021-03-31,2021033105006217,CGH,14,49,10,"2,100.00","21,000.00"
2021-03-31,2021033105006216,CGH,14,45,10,"2,100.00","21,000.00"
2021-03-31,2021033105006215,CGH,14,42,10,"2,100.00","21,000.00"
2021-03-31,2021033105006214,CGH,14,45,10,"2,100.00","21,000.00"
2021-03-31,2021033105006213,CGH,14,57,10,"2,100.00","21,000.00"
2021-03-31,2021033105006243,CGH,34,16,10,"2,093.00","20,930.00"
2021-03-31,2021033105006236,CGH,34,58,10,"2,093.00","20,930.00"
2021-03-31,2021033105006234,CGH,34,16,10,"2,093.00","20,930.00"
2021-03-31,2021033105006228,CGH,7,48,10,"2,094.00","20,940.00"
2021-03-31,2021033105006220,CGH,14,35,10,"2,100.00","21,000.00"
2021-03-31,2021033105006219,CGH,14,38,10,"2,100.00","21,000.00"
2021-03-31,2021033105006343,CGH,5,47,10,"2,094.00","20,940.00"
2021-03-31,2021033105006301,CGH,41,26,10,"2,099.00","20,990.00"
2021-03-31,2021033105006297,CGH,41,16,10,"2,099.00","20,990.00"
2021-03-31,2021033105006270,CGH,41,36,10,"2,095.00","20,950.00"
2021-03-31,2021033105006258,CGH,34,48,10,"2,093.00","20,930.00"
2021-03-31,2021033105006244,CGH,34,38,10,"2,093.00","20,930.00"
2021-03-31,2021033105006391,CGH,5,49,10,"2,094.00","20,940.00"
2021-03-31,2021033105006385,CGH,25,13,10,"2,095.00","20,950.00"
2021-03-31,2021033105006361,CGH,5,55,10,"2,094.00","20,940.00"
2021-03-31,2021033105006357,CGH,46,29,10,"2,101.00","21,010.00"
2021-03-31,2021033105006354,CGH,47,16,10,"2,100.00","21,000.00"
2021-03-31,2021033105006353,CGH,47,36,10,"2,099.00","20,990.00"
2021-03-31,2021033105006435,CGH,5,6,10,"2,094.00","20,940.00"
2021-03-31,2021033105006430,CGH,33,4,10,"2,095.00","20,950.00"
2021-03-31,2021033105006429,CGH,33,41,10,"2,095.00","20,950.00"
2021-03-31,2021033105006428,CGH,5,13,10,"2,094.00","20,940.00"
2021-03-31,2021033105006417,CGH,5,14,10,"2,094.00","20,940.00"
2021-03-31,2021033105006404,CGH,5,51,10,"2,094.00","20,940.00"
2021-03-31,2021033105006520,GLH,19,42,10,378.00,"3,780.00"
2021-03-31,2021033105006512,GLH,19,46,10,378.00,"3,780.00"
2021-03-31,2021033105006509,GLH,19,39,10,378.00,"3,780.00"
2021-03-31,2021033105006503,GLH,19,42,10,378.00,"3,780.00"
2021-03-31,2021033105006451,GLH,4,6,10,378.00,"3,780.00"
2021-03-31,2021033105006446,GLH,4,42,10,378.00,"3,780.00"
2021-03-31,2021033105006044,GLH,14,40,10,376.00,"3,760.00"
2021-03-31,2021033105006035,GLH,14,58,10,376.00,"3,760.00"
2021-03-31,2021033105006027,GLH,14,40,10,376.00,"3,760.00"
2021-03-31,2021033105006105,GLH,4,51,100,378.00,"37,800.00"
2021-03-31,2021033105006104,GLH,4,32,10,378.00,"3,780.00"
2021-03-31,2021033105006075,GLH,14,38,10,376.00,"3,760.00"
2021-03-31,2021033105006074,GLH,14,38,10,376.00,"3,760.00"
2021-03-31,2021033105006073,GLH,14,57,10,376.00,"3,760.00"
2021-03-31,2021033105006055,GLH,14,58,10,376.00,"3,760.00"
2021-03-31,2021033105006111,GLH,4,58,10,379.00,"3,790.00"
2021-03-31,2021033105006110,GLH,4,6,10,379.00,"3,790.00"
2021-03-31,2021033105006109,GLH,4,57,10,379.00,"3,790.00"
2021-03-31,2021033105006108,GLH,4,48,10,379.00,"3,790.00"
2021-03-31,2021033105006107,GLH,4,52,10,379.00,"3,790.00"
2021-03-31,2021033105006106,GLH,4,58,50,379.00,"18,950.00"
2021-03-31,2021033105006117,GLH,4,49,10,379.00,"3,790.00"
2021-03-31,2021033105006116,GLH,4,29,10,379.00,"3,790.00"
2021-03-31,2021033105006115,GLH,4,57,100,379.00,"37,900.00"
2021-03-31,2021033105006114,GLH,4,22,10,379.00,"3,790.00"
2021-03-31,2021033105006113,GLH,4,39,10,379.00,"3,790.00"
2021-03-31,2021033105006112,GLH,4,25,10,379.00,"3,790.00"
2021-03-31,2021033105006123,GLH,4,48,10,379.00,"3,790.00"
2021-03-31,2021033105006122,GLH,4,41,60,379.00,"22,740.00"
2021-03-31,2021033105006121,GLH,4,33,10,379.00,"3,790.00"
2021-03-31,2021033105006120,GLH,4,37,370,379.00,"140,230.00"
2021-03-31,2021033105006119,GLH,4,14,10,379.00,"3,790.00"
2021-03-31,2021033105006118,GLH,4,49,10,379.00,"3,790.00"
2021-03-31,2021033105006129,GLH,4,34,10,380.00,"3,800.00"
2021-03-31,2021033105006128,GLH,4,42,10,380.00,"3,800.00"
2021-03-31,2021033105006127,GLH,4,56,189,380.00,"71,820.00"
2021-03-31,2021033105006126,GLH,4,52,10,380.00,"3,800.00"
2021-03-31,2021033105006125,GLH,4,33,10,380.00,"3,800.00"
2021-03-31,2021033105006124,GLH,4,56,430,379.00,"162,970.00"
2021-03-31,2021033105006135,GLH,4,29,10,380.00,"3,800.00"
2021-03-31,2021033105006134,GLH,4,34,10,380.00,"3,800.00"
2021-03-31,2021033105006133,GLH,4,42,10,380.00,"3,800.00"
2021-03-31,2021033105006132,GLH,4,58,10,380.00,"3,800.00"
2021-03-31,2021033105006131,GLH,4,48,100,380.00,"38,000.00"
2021-03-31,2021033105006130,GLH,4,19,100,380.00,"38,000.00"
