Date,Transact. No.,Symbol,Buyer,Seller,Quantity,Rate,Amount
2019-01-16,2019011601004936,ADBL,35,28,500,350.00,"175,000.00"
2019-01-16,2019011601004772,ADBL,49,28,690,350.00,"241,500.00"
2019-01-16,2019011601004745,ADBL,49,44,376,350.00,"131,600.00"
2019-01-16,2019011601005077,AKPL,40,53,200,187.00,"37,400.00"
2019-01-16,2019011601005076,AKPL,13,53,166,187.00,"31,042.00"
2019-01-16,2019011601004874,AKPL,13,17,10,187.00,"1,870.00"
2019-01-16,2019011601005150,ALICL,49,14,10,636.00,"6,360.00"
2019-01-16,2019011601005061,ALICL,17,45,10,627.00,"6,270.00"
2019-01-16,2019011601004986,ALICL,5,45,"1,000",630.00,"630,000.00"
2019-01-16,2019011601004985,ALICL,46,45,200,631.00,"126,200.00"
2019-01-16,2019011601004847,ALICL,11,6,194,632.00,"122,608.00"
2019-01-16,2019011601004846,ALICL,35,6,30,632.00,"18,960.00"
2019-01-16,2019011601004845,ALICL,45,6,94,632.00,"59,408.00"
2019-01-16,2019011601004844,ALICL,11,6,10,633.00,"6,330.00"
2019-01-16,2019011601004843,ALICL,22,6,20,633.00,"12,660.00"
2019-01-16,2019011601004832,ALICL,22,36,25,637.00,"15,925.00"
2019-01-16,2019011601005035,BARUN,25,39,800,106.00,"84,800.00"
2019-01-16,2019011601005016,BOKL,35,54,100,265.00,"26,500.00"
2019-01-16,2019011601005015,BOKL,34,54,100,266.00,"26,600.00"
2019-01-16,2019011601005014,BOKL,59,54,50,266.00,"13,300.00"
2019-01-16,2019011601005013,BOKL,29,54,100,266.00,"26,600.00"
2019-01-16,2019011601005012,BOKL,40,54,"1,000",266.00,"266,000.00"
2019-01-16,2019011601005011,BOKL,1,54,100,266.00,"26,600.00"
2019-01-16,2019011601005010,BOKL,54,54,300,266.00,"79,800.00"
2019-01-16,2019011601005009,BOKL,32,54,250,266.00,"66,500.00"
2019-01-16,2019011601005060,BPCL,33,43,60,375.00,"22,500.00"
2019-01-16,2019011601005113,CBBL,22,50,70,890.00,"62,300.00"
2019-01-16,2019011601005112,CBBL,22,34,100,890.00,"89,000.00"
2019-01-16,2019011601005111,CBBL,22,45,330,889.00,"293,370.00"
2019-01-16,2019011601005085,CBBL,35,45,160,889.00,"142,240.00"
2019-01-16,2019011601005040,CBBL,4,45,10,889.00,"8,890.00"
2019-01-16,2019011601005039,CBBL,4,55,50,888.00,"44,400.00"
2019-01-16,2019011601004991,CBBL,39,35,100,885.00,"88,500.00"
2019-01-16,2019011601004990,CBBL,50,35,30,886.00,"26,580.00"
2019-01-16,2019011601005156,CCBL,56,36,98,172.00,"16,856.00"
2019-01-16,2019011601005124,CCBL,25,36,218,172.00,"37,496.00"
2019-01-16,2019011601005123,CCBL,25,25,82,172.00,"14,104.00"
2019-01-16,2019011601004983,CCBL,46,25,28,172.00,"4,816.00"
2019-01-16,2019011601005058,CEFL,21,45,50,133.00,"6,650.00"
2019-01-16,2019011601004902,CEFL,21,43,40,133.00,"5,320.00"
2019-01-16,2019011601005136,CHCL,1,38,100,541.00,"54,100.00"
2019-01-16,2019011601005135,CHCL,36,38,100,542.00,"54,200.00"
2019-01-16,2019011601005049,CHCL,1,38,"1,000",541.00,"541,000.00"
2019-01-16,2019011601004951,CHCL,46,46,100,540.00,"54,000.00"
2019-01-16,2019011601004950,CHCL,46,1,420,540.00,"226,800.00"
2019-01-16,2019011601004826,CHCL,21,1,100,540.00,"54,000.00"
2019-01-16,2019011601005234,CIT,40,28,50,"2,811.00","140,550.00"
2019-01-16,2019011601005215,CIT,39,28,50,"2,813.00","140,650.00"
2019-01-16,2019011601005202,CIT,39,28,100,"2,815.00","281,500.00"
2019-01-16,2019011601005194,CIT,40,52,100,"2,840.00","284,000.00"
2019-01-16,2019011601005193,CIT,40,10,100,"2,840.00","284,000.00"
2019-01-16,2019011601005071,CIT,40,40,260,"2,840.00","738,400.00"
2019-01-16,2019011601004841,CIT,41,50,22,"2,845.00","62,590.00"
2019-01-16,2019011601004838,CIT,41,28,78,"2,845.00","221,910.00"
2019-01-16,2019011601004797,CIT,21,26,84,"2,840.00","238,560.00"
2019-01-16,2019011601004777,CIT,25,26,16,"2,840.00","45,440.00"
2019-01-16,2019011601005070,CIT,40,19,100,"2,840.00","284,000.00"
2019-01-16,2019011601005031,CIT,40,47,100,"2,840.00","284,000.00"
2019-01-16,2019011601005030,CIT,40,38,20,"2,840.00","56,800.00"
2019-01-16,2019011601004977,CIT,40,10,100,"2,840.00","284,000.00"
2019-01-16,2019011601004876,CIT,40,50,29,"2,840.00","82,360.00"
2019-01-16,2019011601004875,CIT,40,50,17,"2,840.00","48,280.00"
2019-01-16,2019011601005088,CZBIL,36,38,200,219.00,"43,800.00"
2019-01-16,2019011601005034,CZBIL,36,41,100,219.00,"21,900.00"
2019-01-16,2019011601004968,DBBL,25,16,500,128.00,"64,000.00"
2019-01-16,2019011601005129,DDBL,44,13,50,580.00,"29,000.00"
2019-01-16,2019011601004753,DDBL,39,6,200,579.00,"115,800.00"
2019-01-16,2019011601004752,DDBL,39,6,200,579.00,"115,800.00"
2019-01-16,2019011601004751,DDBL,25,6,50,579.00,"28,950.00"
2019-01-16,2019011601004750,DDBL,25,6,27,580.00,"15,660.00"
2019-01-16,2019011601005109,EBL,45,6,100,533.00,"53,300.00"
2019-01-16,2019011601005063,EBL,25,6,100,533.00,"53,300.00"
2019-01-16,2019011601004773,EBL,40,1,30,532.00,"15,960.00"
2019-01-16,2019011601004995,EIC,16,7,250,868.00,"217,000.00"
2019-01-16,2019011601005227,FMDBL,10,6,40,380.00,"15,200.00"
2019-01-16,2019011601005226,FMDBL,34,6,100,381.00,"38,100.00"
2019-01-16,2019011601005225,FMDBL,17,6,100,381.00,"38,100.00"
2019-01-16,2019011601004949,FMDBL,7,6,100,382.00,"38,200.00"
2019-01-16,2019011601004948,FMDBL,43,6,100,383.00,"38,300.00"
2019-01-16,2019011601004762,FMDBL,43,13,40,386.00,"15,440.00"
2019-01-16,2019011601005223,FOWAD,57,55,28,"1,535.00","42,980.00"
2019-01-16,2019011601005203,FOWAD,57,55,18,"1,536.00","27,648.00"
2019-01-16,2019011601005107,GBBL,57,33,100,187.00,"18,700.00"
2019-01-16,2019011601005106,GBBL,13,33,37,187.00,"6,919.00"
2019-01-16,2019011601005162,GBIME,32,17,120,267.00,"32,040.00"
2019-01-16,2019011601005161,GBIME,36,17,480,267.00,"128,160.00"
2019-01-16,2019011601005160,GBIME,32,17,500,268.00,"134,000.00"
2019-01-16,2019011601004899,GBIME,36,25,20,267.00,"5,340.00"
2019-01-16,2019011601004898,GBIME,42,25,50,267.00,"13,350.00"
2019-01-16,2019011601005105,GBLBS,42,58,30,458.00,"13,740.00"
2019-01-16,2019011601004764,GBLBS,1,56,225,455.00,"102,375.00"
2019-01-16,2019011601004760,GBLBS,52,45,53,452.00,"23,956.00"
2019-01-16,2019011601004742,GDBL,6,52,91,188.00,"17,108.00"
2019-01-16,2019011601004920,GILB,46,59,10,"1,200.00","12,000.00"
2019-01-16,2019011601004754,GILB,22,59,10,"1,191.00","11,910.00"
2019-01-16,2019011601004859,GLICL,48,38,40,730.00,"29,200.00"
2019-01-16,2019011601004776,GRDBL,22,14,100,108.00,"10,800.00"
2019-01-16,2019011601004787,HBL,49,34,25,461.00,"11,525.00"
2019-01-16,2019011601004834,HDL,19,33,50,"1,370.00","68,500.00"
2019-01-16,2019011601004833,HDL,19,33,30,"1,375.00","41,250.00"
2019-01-16,2019011601005164,HGI,37,26,160,405.00,"64,800.00"
2019-01-16,2019011601004924,HGI,37,39,70,405.00,"28,350.00"
2019-01-16,2019011601004851,HGI,37,22,20,405.00,"8,100.00"
2019-01-16,2019011601004816,HGI,45,22,250,405.00,"101,250.00"
2019-01-16,2019011601005199,HIDCL,1,43,"1,919",150.00,"287,850.00"
2019-01-16,2019011601005001,HIDCL,44,46,"1,745",149.00,"260,005.00"
2019-01-16,2019011601005000,HIDCL,26,46,"1,000",149.00,"149,000.00"
2019-01-16,2019011601004771,HIDCL,32,43,50,150.00,"7,500.00"
2019-01-16,2019011601005235,ICFC,49,26,50,155.00,"7,750.00"
2019-01-16,2019011601004963,ICFC,45,26,500,155.00,"77,500.00"
2019-01-16,2019011601004881,ICFC,40,25,500,154.00,"77,000.00"
2019-01-16,2019011601004965,IGI,58,7,50,461.00,"23,050.00"
2019-01-16,2019011601004958,IGI,1,7,100,462.00,"46,200.00"
2019-01-16,2019011601004957,IGI,33,7,50,463.00,"23,150.00"
2019-01-16,2019011601004956,IGI,34,7,200,465.00,"93,000.00"
2019-01-16,2019011601004955,IGI,13,7,30,466.00,"13,980.00"
2019-01-16,2019011601004954,IGI,29,7,20,467.00,"9,340.00"
2019-01-16,2019011601004815,IGI,26,45,24,469.00,"11,256.00"
2019-01-16,2019011601004870,JBBL,1,33,49,139.00,"6,811.00"
2019-01-16,2019011601004869,JBBL,22,33,400,139.00,"55,600.00"
2019-01-16,2019011601004868,JBBL,21,33,51,139.00,"7,089.00"
2019-01-16,2019011601005208,JBNL,56,22,86,170.00,"14,620.00"
2019-01-16,2019011601004756,JBNL,56,52,114,169.00,"19,266.00"
2019-01-16,2019011601004987,KBL,11,50,100,251.00,"25,100.00"
2019-01-16,2019011601004939,KBL,55,49,197,250.00,"49,250.00"
2019-01-16,2019011601004938,KBL,29,49,172,250.00,"43,000.00"
2019-01-16,2019011601004937,KBL,47,49,71,250.00,"17,750.00"
2019-01-16,2019011601004842,KBL,29,1,78,250.00,"19,500.00"
2019-01-16,2019011601004964,KEBL,51,42,200,189.00,"37,800.00"
2019-01-16,2019011601004811,KKHC,45,14,100,97.00,"9,700.00"
2019-01-16,2019011601005241,KSBBL,58,26,460,142.00,"65,320.00"
2019-01-16,2019011601005240,KSBBL,58,19,120,142.00,"17,040.00"
2019-01-16,2019011601005233,KSBBL,58,16,50,141.00,"7,050.00"
2019-01-16,2019011601005232,KSBBL,58,49,300,141.00,"42,300.00"
2019-01-16,2019011601005231,KSBBL,58,47,500,141.00,"70,500.00"
2019-01-16,2019011601005230,KSBBL,58,17,"1,000",141.00,"141,000.00"
2019-01-16,2019011601004778,KSBBL,33,52,26,139.00,"3,614.00"
2019-01-16,2019011601004758,KSBBL,14,32,299,140.00,"41,860.00"
2019-01-16,2019011601005229,KSBBL,58,45,200,141.00,"28,200.00"
2019-01-16,2019011601005228,KSBBL,58,32,501,140.00,"70,140.00"
2019-01-16,2019011601005115,KSBBL,20,26,"1,000",139.00,"139,000.00"
2019-01-16,2019011601005114,KSBBL,1,26,396,139.00,"55,044.00"
2019-01-16,2019011601005075,KSBBL,57,32,"1,200",140.00,"168,000.00"
2019-01-16,2019011601004779,KSBBL,1,52,104,139.00,"14,456.00"
2019-01-16,2019011601005025,LBBL,45,58,"1,000",171.00,"171,000.00"
2019-01-16,2019011601004998,LBBL,32,14,"1,400",172.00,"240,800.00"
2019-01-16,2019011601004984,LBBL,45,14,250,172.00,"43,000.00"
2019-01-16,2019011601004988,LBL,52,56,40,218.00,"8,720.00"
2019-01-16,2019011601005213,LGIL,25,51,20,552.00,"11,040.00"
2019-01-16,2019011601005005,LGIL,48,51,20,552.00,"11,040.00"
2019-01-16,2019011601004923,LGIL,28,48,230,550.00,"126,500.00"
2019-01-16,2019011601004922,LGIL,11,48,10,551.00,"5,510.00"
2019-01-16,2019011601004921,LGIL,47,48,60,551.00,"33,060.00"
2019-01-16,2019011601004865,LGIL,28,7,94,550.00,"51,700.00"
2019-01-16,2019011601004822,LGIL,26,14,174,552.00,"96,048.00"
2019-01-16,2019011601004821,LGIL,53,14,88,552.00,"48,576.00"
2019-01-16,2019011601004820,LGIL,34,14,50,553.00,"27,650.00"
2019-01-16,2019011601004864,LGIL,42,7,406,550.00,"223,300.00"
2019-01-16,2019011601004858,LGIL,42,36,94,550.00,"51,700.00"
2019-01-16,2019011601004857,LGIL,57,36,150,551.00,"82,650.00"
2019-01-16,2019011601004856,LGIL,29,36,30,552.00,"16,560.00"
2019-01-16,2019011601004855,LGIL,28,36,500,552.00,"276,000.00"
2019-01-16,2019011601004854,LGIL,26,36,226,552.00,"124,752.00"
2019-01-16,2019011601004993,LICN,59,50,49,"1,741.00","85,309.00"
2019-01-16,2019011601004904,LICN,59,52,20,"1,741.00","34,820.00"
2019-01-16,2019011601005110,LVF1,40,13,"3,000",10.25,"30,750.00"
2019-01-16,2019011601004786,MBL,33,52,109,208.00,"22,672.00"
2019-01-16,2019011601004891,MEGA,13,28,80,172.00,"13,760.00"
2019-01-16,2019011601004761,MEGA,58,28,50,172.00,"8,600.00"
2019-01-16,2019011601005128,MERO,22,50,39,"1,097.00","42,783.00"
2019-01-16,2019011601004992,MERO,22,21,104,"1,097.00","114,088.00"
2019-01-16,2019011601004928,MERO,25,51,10,"1,105.00","11,050.00"
2019-01-16,2019011601004785,MERO,22,49,100,"1,097.00","109,700.00"
2019-01-16,2019011601005099,MERO,58,51,10,"1,105.00","11,050.00"
2019-01-16,2019011601005021,MLBL,45,45,250,172.00,"43,000.00"
2019-01-16,2019011601004994,MMFDB,49,20,10,"1,020.00","10,200.00"
2019-01-16,2019011601005185,MNBBL,57,16,95,352.00,"33,440.00"
2019-01-16,2019011601005184,MNBBL,57,37,180,352.00,"63,360.00"
2019-01-16,2019011601005183,MNBBL,57,51,150,351.00,"52,650.00"
2019-01-16,2019011601004931,MNBBL,17,41,500,350.00,"175,000.00"
2019-01-16,2019011601005152,MPFL,28,26,10,167.00,"1,670.00"
2019-01-16,2019011601005100,MSLB,10,53,30,"1,399.00","41,970.00"
2019-01-16,2019011601004967,MSLB,1,43,20,"1,385.00","27,700.00"
2019-01-16,2019011601004823,MSLB,34,34,15,"1,375.00","20,625.00"
2019-01-16,2019011601004748,MSLB,1,34,10,"1,375.00","13,750.00"
2019-01-16,2019011601005189,NABIL,49,3,30,845.00,"25,350.00"
2019-01-16,2019011601004747,NABIL,16,3,80,843.00,"67,440.00"
2019-01-16,2019011601004746,NABIL,45,3,20,843.00,"16,860.00"
2019-01-16,2019011601005205,NABILP,42,6,200,727.00,"145,400.00"
2019-01-16,2019011601004960,NABILP,34,6,100,725.00,"72,500.00"
2019-01-16,2019011601004897,NABILP,55,6,200,725.00,"145,000.00"
2019-01-16,2019011601005237,NBB,53,28,"1,000",191.00,"191,000.00"
2019-01-16,2019011601005182,NBB,55,28,463,191.00,"88,433.00"
2019-01-16,2019011601005148,NBB,25,28,"1,000",191.00,"191,000.00"
2019-01-16,2019011601005104,NBB,55,49,200,190.00,"38,000.00"
2019-01-16,2019011601004901,NBB,55,42,200,190.00,"38,000.00"
2019-01-16,2019011601005210,NBL,50,42,100,291.00,"29,100.00"
2019-01-16,2019011601005181,NBL,7,4,100,292.00,"29,200.00"
2019-01-16,2019011601005180,NBL,6,4,400,292.00,"116,800.00"
2019-01-16,2019011601005179,NBL,42,4,100,292.00,"29,200.00"
2019-01-16,2019011601005178,NBL,1,4,100,293.00,"29,300.00"
2019-01-16,2019011601005087,NBL,42,46,400,292.00,"116,800.00"
2019-01-16,2019011601004908,NBL,7,25,200,292.00,"58,400.00"
2019-01-16,2019011601004907,NBL,57,25,500,292.00,"146,000.00"
2019-01-16,2019011601004906,NBL,53,25,20,292.00,"5,840.00"
2019-01-16,2019011601004763,NBL,58,57,50,292.00,"14,600.00"
2019-01-16,2019011601004757,NBL,45,57,210,292.00,"61,320.00"
2019-01-16,2019011601004966,NBL,39,25,200,292.00,"58,400.00"
2019-01-16,2019011601004959,NBL,42,25,100,292.00,"29,200.00"
2019-01-16,2019011601004929,NBL,58,25,50,292.00,"14,600.00"
2019-01-16,2019011601004911,NBL,35,25,500,292.00,"146,000.00"
2019-01-16,2019011601004910,NBL,5,25,"1,000",292.00,"292,000.00"
2019-01-16,2019011601004909,NBL,17,25,250,292.00,"73,000.00"
2019-01-16,2019011601005086,NBL,37,46,600,292.00,"175,200.00"
2019-01-16,2019011601005082,NBL,37,46,400,292.00,"116,800.00"
2019-01-16,2019011601005081,NBL,26,46,100,292.00,"29,200.00"
2019-01-16,2019011601005080,NBL,21,46,200,292.00,"58,400.00"
2019-01-16,2019011601005059,NBL,8,46,500,293.00,"146,500.00"
2019-01-16,2019011601004982,NBL,5,25,180,292.00,"52,560.00"
2019-01-16,2019011601005222,NCCB,6,4,800,216.00,"172,800.00"
2019-01-16,2019011601005153,NCCB,40,4,200,217.00,"43,400.00"
2019-01-16,2019011601005038,NCCB,40,38,500,217.00,"108,500.00"
2019-01-16,2019011601005029,NCCB,8,51,508,217.00,"110,236.00"
2019-01-16,2019011601005008,NCCB,40,38,700,217.00,"151,900.00"
2019-01-16,2019011601005007,NCCB,54,38,300,217.00,"65,100.00"
2019-01-16,2019011601005006,NCCB,29,38,150,217.00,"32,550.00"
2019-01-16,2019011601004976,NCCB,42,16,500,217.00,"108,500.00"
2019-01-16,2019011601004888,NCCB,25,51,200,218.00,"43,600.00"
2019-01-16,2019011601004887,NCCB,25,16,300,218.00,"65,400.00"
2019-01-16,2019011601004866,NEF,43,17,483,8.22,"3,970.26"
2019-01-16,2019011601004759,NEF,43,17,483,8.22,"3,970.26"
2019-01-16,2019011601005116,NHDL,41,39,200,140.00,"28,000.00"
2019-01-16,2019011601004900,NHDL,48,41,200,140.00,"28,000.00"
2019-01-16,2019011601004744,NHDL,48,39,200,140.00,"28,000.00"
2019-01-16,2019011601004743,NHDL,48,43,10,140.00,"1,400.00"
2019-01-16,2019011601004885,NIB,52,26,100,544.00,"54,400.00"
2019-01-16,2019011601004840,NIB,1,17,33,543.00,"17,919.00"
2019-01-16,2019011601004830,NIB,43,26,50,544.00,"27,200.00"
2019-01-16,2019011601004819,NIB,22,26,250,544.00,"136,000.00"
2019-01-16,2019011601004972,NIBPO,45,53,150,490.00,"73,500.00"
2019-01-16,2019011601004971,NIBPO,32,53,50,490.00,"24,500.00"
2019-01-16,2019011601005214,NICA,45,19,50,398.00,"19,900.00"
2019-01-16,2019011601005154,NICA,38,19,200,398.00,"79,600.00"
2019-01-16,2019011601005146,NICA,13,19,630,398.00,"250,740.00"
2019-01-16,2019011601005145,NICA,13,14,356,398.00,"141,688.00"
2019-01-16,2019011601005144,NICA,13,44,14,398.00,"5,572.00"
2019-01-16,2019011601005117,NICA,42,44,20,398.00,"7,960.00"
2019-01-16,2019011601004788,NICA,57,13,500,397.00,"198,500.00"
2019-01-16,2019011601005091,NICA,38,44,500,398.00,"199,000.00"
2019-01-16,2019011601004940,NICA,58,44,50,398.00,"19,900.00"
2019-01-16,2019011601004890,NICA,45,26,135,397.00,"53,595.00"
2019-01-16,2019011601004837,NICA,33,29,100,396.00,"39,600.00"
2019-01-16,2019011601004818,NICA,58,26,40,397.00,"15,880.00"
2019-01-16,2019011601004817,NICA,57,26,42,397.00,"16,674.00"
2019-01-16,2019011601004792,NICL,38,36,500,580.00,"290,000.00"
2019-01-16,2019011601004791,NICL,38,20,200,580.00,"116,000.00"
2019-01-16,2019011601004790,NICL,38,22,171,580.00,"99,180.00"
2019-01-16,2019011601004789,NICL,38,37,100,580.00,"58,000.00"
2019-01-16,2019011601004796,NICL,38,58,829,582.00,"482,478.00"
2019-01-16,2019011601004795,NICL,38,34,500,582.00,"291,000.00"
2019-01-16,2019011601004794,NICL,38,6,100,581.00,"58,100.00"
2019-01-16,2019011601004793,NICL,38,57,100,580.00,"58,000.00"
2019-01-16,2019011601005192,NIL,45,6,200,542.00,"108,400.00"
2019-01-16,2019011601005191,NIL,34,6,100,542.00,"54,200.00"
2019-01-16,2019011601005190,NIL,14,6,51,542.00,"27,642.00"
2019-01-16,2019011601005159,NIL,14,7,69,542.00,"37,398.00"
2019-01-16,2019011601005158,NIL,52,7,30,543.00,"16,290.00"
2019-01-16,2019011601005033,NIL,14,6,80,542.00,"43,360.00"
2019-01-16,2019011601005032,NIL,11,6,10,543.00,"5,430.00"
2019-01-16,2019011601005048,NLBBL,16,25,80,477.00,"38,160.00"
2019-01-16,2019011601005047,NLBBL,6,25,150,478.00,"71,700.00"
2019-01-16,2019011601005046,NLBBL,22,25,20,480.00,"9,600.00"
2019-01-16,2019011601005037,NLBBL,22,55,50,480.00,"24,000.00"
2019-01-16,2019011601005036,NLBBL,22,7,30,480.00,"14,400.00"
2019-01-16,2019011601004981,NLBBL,6,13,50,478.00,"23,900.00"
2019-01-16,2019011601005167,NLIC,49,17,10,"1,129.00","11,290.00"
2019-01-16,2019011601005095,NLIC,8,47,33,"1,121.00","36,993.00"
2019-01-16,2019011601005094,NLIC,35,47,20,"1,121.00","22,420.00"
2019-01-16,2019011601004836,NLIC,32,17,17,"1,120.00","19,040.00"
2019-01-16,2019011601004813,NLIC,32,52,66,"1,120.00","73,920.00"
2019-01-16,2019011601004812,NLIC,55,52,66,"1,120.00","73,920.00"
2019-01-16,2019011601004749,NLIC,55,17,17,"1,120.00","19,040.00"
2019-01-16,2019011601005155,NLICL,21,33,20,712.00,"14,240.00"
2019-01-16,2019011601005052,NLICL,33,16,700,711.00,"497,700.00"
2019-01-16,2019011601005028,NLICL,33,16,450,710.00,"319,500.00"
2019-01-16,2019011601005201,NMB,51,52,368,323.00,"118,864.00"
2019-01-16,2019011601005068,NMB,51,58,100,323.00,"32,300.00"
2019-01-16,2019011601004947,NMB,45,56,50,322.00,"16,100.00"
2019-01-16,2019011601004946,NMB,35,56,100,322.00,"32,200.00"
2019-01-16,2019011601004945,NMB,56,56,50,322.00,"16,100.00"
2019-01-16,2019011601004935,NMB,56,33,200,322.00,"64,400.00"
2019-01-16,2019011601004934,NMB,34,33,100,322.00,"32,200.00"
2019-01-16,2019011601004919,NMB,17,56,100,323.00,"32,300.00"
2019-01-16,2019011601004918,NMB,1,56,100,323.00,"32,300.00"
2019-01-16,2019011601004917,NMB,58,56,100,323.00,"32,300.00"
2019-01-16,2019011601005142,NMBHF1,40,13,"4,161",9.32,"38,780.52"
2019-01-16,2019011601004827,NMBHF1,34,17,416,9.31,"3,872.96"
2019-01-16,2019011601005166,NMBMF,18,19,15,"1,123.00","16,845.00"
2019-01-16,2019011601005045,NMBMF,43,50,100,"1,104.00","110,400.00"
2019-01-16,2019011601004805,NMBMF,18,28,80,"1,102.00","88,160.00"
2019-01-16,2019011601004804,NMBMF,37,28,100,"1,103.00","110,300.00"
2019-01-16,2019011601004803,NMBMF,20,28,100,"1,103.00","110,300.00"
2019-01-16,2019011601004802,NMBMF,57,28,30,"1,104.00","33,120.00"
2019-01-16,2019011601004801,NMBMF,46,28,10,"1,105.00","11,050.00"
2019-01-16,2019011601004800,NMBMF,5,28,50,"1,106.00","55,300.00"
2019-01-16,2019011601004799,NMBMF,5,28,30,"1,107.00","33,210.00"
2019-01-16,2019011601004798,NMBMF,37,28,100,"1,108.00","110,800.00"
2019-01-16,2019011601005200,NMFBS,33,41,75,"1,645.00","123,375.00"
2019-01-16,2019011601005121,NMFBS,45,53,50,"1,640.00","82,000.00"
2019-01-16,2019011601005120,NMFBS,45,56,40,"1,640.00","65,600.00"
2019-01-16,2019011601005224,NSEWA,11,25,60,595.00,"35,700.00"
2019-01-16,2019011601005198,NTC,7,21,190,724.00,"137,560.00"
2019-01-16,2019011601005197,NTC,13,21,100,725.00,"72,500.00"
2019-01-16,2019011601005196,NTC,34,21,50,726.00,"36,300.00"
2019-01-16,2019011601005195,NTC,53,21,335,730.00,"244,550.00"
2019-01-16,2019011601005171,NTC,53,8,110,730.00,"80,300.00"
2019-01-16,2019011601005170,NTC,53,17,55,729.00,"40,095.00"
2019-01-16,2019011601004997,NUBL,42,34,50,783.00,"39,150.00"
2019-01-16,2019011601004927,NUBL,42,13,50,776.00,"38,800.00"
2019-01-16,2019011601005102,OHL,22,16,50,451.00,"22,550.00"
2019-01-16,2019011601005101,OHL,22,16,50,451.00,"22,550.00"
2019-01-16,2019011601005141,PCBL,49,14,200,327.00,"65,400.00"
2019-01-16,2019011601005140,PCBL,10,14,471,327.00,"154,017.00"
2019-01-16,2019011601005139,PCBL,40,14,450,328.00,"147,600.00"
2019-01-16,2019011601005177,PFL,48,40,106,133.00,"14,098.00"
2019-01-16,2019011601005176,PFL,13,40,300,134.00,"40,200.00"
2019-01-16,2019011601005175,PFL,41,40,100,134.00,"13,400.00"
2019-01-16,2019011601005174,PFL,17,40,50,134.00,"6,700.00"
2019-01-16,2019011601005173,PFL,59,40,66,135.00,"8,910.00"
2019-01-16,2019011601005151,PIC,37,57,38,"1,077.00","40,926.00"
2019-01-16,2019011601005103,PIC,37,48,240,"1,071.00","257,040.00"
2019-01-16,2019011601005079,PIC,37,52,35,"1,071.00","37,485.00"
2019-01-16,2019011601005078,PIC,33,52,100,"1,072.00","107,200.00"
2019-01-16,2019011601004860,PIC,37,10,50,"1,071.00","53,550.00"
2019-01-16,2019011601004767,PIC,37,28,187,"1,071.00","200,277.00"
2019-01-16,2019011601004766,PIC,33,28,30,"1,071.00","32,130.00"
2019-01-16,2019011601004765,PIC,32,28,100,"1,072.00","107,200.00"
2019-01-16,2019011601005108,PICL,58,52,10,722.00,"7,220.00"
2019-01-16,2019011601005073,PICL,56,13,50,714.00,"35,700.00"
2019-01-16,2019011601005127,PLIC,29,57,30,505.00,"15,150.00"
2019-01-16,2019011601005119,PLIC,45,57,100,506.00,"50,600.00"
2019-01-16,2019011601005118,PLIC,8,57,50,506.00,"25,300.00"
2019-01-16,2019011601005018,PLIC,49,7,50,506.00,"25,300.00"
2019-01-16,2019011601005017,PLIC,49,7,100,506.00,"50,600.00"
2019-01-16,2019011601004962,PLIC,49,57,20,508.00,"10,160.00"
2019-01-16,2019011601005134,PMHPL,17,52,10,115.00,"1,150.00"
2019-01-16,2019011601005209,PRIN,49,59,10,458.00,"4,580.00"
2019-01-16,2019011601005172,PRIN,26,19,100,457.00,"45,700.00"
2019-01-16,2019011601005072,PRIN,28,19,842,457.00,"384,794.00"
2019-01-16,2019011601005069,PRIN,28,6,158,457.00,"72,206.00"
2019-01-16,2019011601005065,PRIN,26,6,15,458.00,"6,870.00"
2019-01-16,2019011601004953,PRIN,26,40,185,458.00,"84,730.00"
2019-01-16,2019011601004952,PRIN,28,40,15,458.00,"6,870.00"
2019-01-16,2019011601004892,PRIN,28,36,185,458.00,"84,730.00"
2019-01-16,2019011601004886,PRIN,49,6,10,460.00,"4,600.00"
2019-01-16,2019011601004849,PRIN,19,6,117,458.00,"53,586.00"
2019-01-16,2019011601004839,PRIN,19,45,83,458.00,"38,014.00"
2019-01-16,2019011601005143,PRVU,46,34,431,244.00,"105,164.00"
2019-01-16,2019011601005062,PRVU,46,49,69,244.00,"16,836.00"
2019-01-16,2019011601004916,PRVU,46,49,300,244.00,"73,200.00"
2019-01-16,2019011601004915,PRVU,14,49,207,244.00,"50,508.00"
2019-01-16,2019011601004914,PRVU,14,49,24,244.00,"5,856.00"
2019-01-16,2019011601004913,RADHI,13,22,200,170.00,"34,000.00"
2019-01-16,2019011601004912,RADHI,52,22,188,171.00,"32,148.00"
2019-01-16,2019011601004996,RBCL,28,34,10,"9,596.00","95,960.00"
2019-01-16,2019011601004989,RBCL,50,54,10,"9,550.00","95,500.00"
2019-01-16,2019011601004975,RBCL,28,34,20,"9,596.00","191,920.00"
2019-01-16,2019011601004974,RBCL,28,34,10,"9,600.00","96,000.00"
2019-01-16,2019011601004973,RBCL,50,34,10,"9,600.00","96,000.00"
2019-01-16,2019011601004873,RBCL,55,35,10,"9,653.00","96,530.00"
2019-01-16,2019011601004872,RBCL,58,35,10,"9,655.00","96,550.00"
2019-01-16,2019011601004871,RBCL,59,35,10,"9,655.00","96,550.00"
2019-01-16,2019011601005157,RBCLPO,34,34,5,"8,810.00","44,050.00"
2019-01-16,2019011601004883,RBCLPO,17,54,10,"8,989.00","89,890.00"
2019-01-16,2019011601004782,RHPC,45,43,500,100.00,"50,000.00"
2019-01-16,2019011601004781,RHPC,47,43,50,100.00,"5,000.00"
2019-01-16,2019011601005165,RMDC,37,34,200,555.00,"111,000.00"
2019-01-16,2019011601004893,RRHP,22,54,10,102.00,"1,020.00"
2019-01-16,2019011601004961,RRHP,58,54,290,100.00,"29,000.00"
2019-01-16,2019011601004943,RRHP,47,54,100,100.00,"10,000.00"
2019-01-16,2019011601004942,RRHP,21,54,200,100.00,"20,000.00"
2019-01-16,2019011601004941,RRHP,14,54,50,100.00,"5,000.00"
2019-01-16,2019011601004930,RRHP,18,54,150,101.00,"15,150.00"
2019-01-16,2019011601004894,RRHP,22,54,30,102.00,"3,060.00"
2019-01-16,2019011601005238,SADBL,16,28,"1,000",155.00,"155,000.00"
2019-01-16,2019011601005212,SADBL,33,16,600,153.00,"91,800.00"
2019-01-16,2019011601005211,SADBL,43,16,300,153.00,"45,900.00"
2019-01-16,2019011601005122,SADBL,58,59,"2,000",154.00,"308,000.00"
2019-01-16,2019011601005055,SADBL,28,1,100,155.00,"15,500.00"
2019-01-16,2019011601004999,SADBL,28,59,"1,000",155.00,"155,000.00"
2019-01-16,2019011601004755,SADBL,33,51,187,156.00,"29,172.00"
2019-01-16,2019011601004895,SADBL,49,59,500,155.00,"77,500.00"
2019-01-16,2019011601004882,SADBL,33,52,126,157.00,"19,782.00"
2019-01-16,2019011601004867,SADBL,39,49,200,155.00,"31,000.00"
2019-01-16,2019011601004848,SADBL,33,43,625,157.00,"98,125.00"
2019-01-16,2019011601004783,SADBL,33,21,187,157.00,"29,359.00"
2019-01-16,2019011601004770,SADBL,33,51,313,156.00,"48,828.00"
2019-01-16,2019011601005218,SANIMA,34,14,97,307.00,"29,779.00"
2019-01-16,2019011601005217,SANIMA,18,14,300,307.00,"92,100.00"
2019-01-16,2019011601005216,SANIMA,21,14,53,307.00,"16,271.00"
2019-01-16,2019011601005054,SBI,41,17,11,385.00,"4,235.00"
2019-01-16,2019011601005053,SBI,48,17,10,385.00,"3,850.00"
2019-01-16,2019011601004769,SBI,13,17,79,388.00,"30,652.00"
2019-01-16,2019011601004768,SBI,22,17,50,389.00,"19,450.00"
2019-01-16,2019011601005239,SCB,57,59,30,594.00,"17,820.00"
2019-01-16,2019011601005002,SCB,41,17,20,593.00,"11,860.00"
2019-01-16,2019011601004978,SCB,41,17,20,593.00,"11,860.00"
2019-01-16,2019011601004944,SCB,41,17,20,593.00,"11,860.00"
2019-01-16,2019011601004889,SCB,41,17,20,593.00,"11,860.00"
2019-01-16,2019011601004850,SCB,41,17,20,593.00,"11,860.00"
2019-01-16,2019011601004835,SCB,22,59,124,594.00,"73,656.00"
2019-01-16,2019011601004831,SCB,22,17,20,594.00,"11,880.00"
2019-01-16,2019011601004828,SCB,22,6,106,594.00,"62,964.00"
2019-01-16,2019011601004814,SCB,42,6,120,594.00,"71,280.00"
2019-01-16,2019011601004784,SCB,45,50,100,593.00,"59,300.00"
2019-01-16,2019011601005023,SDESI,45,29,100,630.00,"63,000.00"
2019-01-16,2019011601005022,SDESI,45,34,36,629.00,"22,644.00"
2019-01-16,2019011601004896,SDESI,46,34,10,629.00,"6,290.00"
2019-01-16,2019011601004884,SDESI,46,34,10,629.00,"6,290.00"
2019-01-16,2019011601004861,SDESI,17,29,100,625.00,"62,500.00"
2019-01-16,2019011601005204,SHPC,36,25,480,237.00,"113,760.00"
2019-01-16,2019011601005003,SHPC,11,29,100,240.00,"24,000.00"
2019-01-16,2019011601005221,SICL,55,42,63,941.00,"59,283.00"
2019-01-16,2019011601005220,SICL,44,42,60,941.00,"56,460.00"
2019-01-16,2019011601005207,SICL,44,51,140,941.00,"131,740.00"
2019-01-16,2019011601005206,SICL,53,51,117,942.00,"110,214.00"
2019-01-16,2019011601005188,SICL,53,50,50,942.00,"47,100.00"
2019-01-16,2019011601004853,SICL,17,50,100,943.00,"94,300.00"
2019-01-16,2019011601005093,SICL,53,6,133,942.00,"125,286.00"
2019-01-16,2019011601005092,SICL,55,6,17,943.00,"16,031.00"
2019-01-16,2019011601005090,SICL,55,34,83,943.00,"78,269.00"
2019-01-16,2019011601005089,SICL,50,34,25,943.00,"23,575.00"
2019-01-16,2019011601005126,SIFC,6,34,343,133.00,"45,619.00"
2019-01-16,2019011601005125,SIFC,58,34,57,134.00,"7,638.00"
2019-01-16,2019011601005074,SIFC,58,33,300,134.00,"40,200.00"
2019-01-16,2019011601005219,SKBBL,1,48,10,"1,082.00","10,820.00"
2019-01-16,2019011601005163,SKBBL,6,48,20,"1,082.00","21,640.00"
2019-01-16,2019011601005147,SKBBL,57,14,50,"1,080.00","54,000.00"
2019-01-16,2019011601005137,SKBBL,57,14,73,"1,080.00","78,840.00"
2019-01-16,2019011601005098,SKBBL,22,25,165,"1,077.00","177,705.00"
2019-01-16,2019011601005097,SKBBL,47,25,12,"1,077.00","12,924.00"
2019-01-16,2019011601004806,SKBBL,58,48,100,"1,080.00","108,000.00"
2019-01-16,2019011601004780,SKBBL,10,48,178,"1,082.00","192,596.00"
2019-01-16,2019011601004852,SKBBL,22,14,482,"1,080.00","520,560.00"
2019-01-16,2019011601004825,SKBBL,50,14,60,"1,080.00","64,800.00"
2019-01-16,2019011601004810,SKBBL,10,14,158,"1,080.00","170,640.00"
2019-01-16,2019011601004809,SKBBL,10,48,42,"1,080.00","45,360.00"
2019-01-16,2019011601004808,SKBBL,45,48,10,"1,080.00","10,800.00"
2019-01-16,2019011601004807,SKBBL,43,48,40,"1,080.00","43,200.00"
2019-01-16,2019011601004925,SKBBL,26,14,29,"1,080.00","31,320.00"
2019-01-16,2019011601004903,SKBBL,26,14,71,"1,080.00","76,680.00"
2019-01-16,2019011601004878,SKBBL,39,57,91,"1,080.00","98,280.00"
2019-01-16,2019011601004877,SKBBL,22,57,109,"1,080.00","117,720.00"
2019-01-16,2019011601004863,SKBBL,22,48,59,"1,082.00","63,838.00"
2019-01-16,2019011601004862,SKBBL,22,17,50,"1,082.00","54,100.00"
2019-01-16,2019011601005004,SKBBL,4,35,14,"1,080.00","15,120.00"
2019-01-16,2019011601004980,SKBBL,4,35,34,"1,080.00","36,720.00"
2019-01-16,2019011601004979,SKBBL,4,14,71,"1,080.00","76,680.00"
2019-01-16,2019011601004970,SKBBL,7,55,14,"1,078.00","15,092.00"
2019-01-16,2019011601004969,SKBBL,6,55,50,"1,078.00","53,900.00"
2019-01-16,2019011601004926,SKBBL,16,14,100,"1,080.00","108,000.00"
2019-01-16,2019011601005051,SKBBL,57,14,29,"1,080.00","31,320.00"
2019-01-16,2019011601005050,SKBBL,57,35,21,"1,080.00","22,680.00"
2019-01-16,2019011601005044,SKBBL,39,41,47,"1,077.00","50,619.00"
2019-01-16,2019011601005043,SKBBL,45,41,80,"1,077.00","86,160.00"
2019-01-16,2019011601005042,SKBBL,7,41,36,"1,078.00","38,808.00"
2019-01-16,2019011601005041,SKBBL,25,41,10,"1,079.00","10,790.00"
2019-01-16,2019011601005096,SKBBL,39,25,23,"1,077.00","24,771.00"
2019-01-16,2019011601005084,SKBBL,25,14,27,"1,080.00","29,160.00"
2019-01-16,2019011601005083,SKBBL,25,48,73,"1,080.00","78,840.00"
2019-01-16,2019011601005064,SKBBL,47,48,20,"1,080.00","21,600.00"
2019-01-16,2019011601005057,SKBBL,42,48,207,"1,080.00","223,560.00"
2019-01-16,2019011601005056,SKBBL,42,14,56,"1,080.00","60,480.00"
2019-01-16,2019011601005133,SLICL,16,34,100,566.00,"56,600.00"
2019-01-16,2019011601005132,SLICL,34,34,150,566.00,"84,900.00"
2019-01-16,2019011601005131,SLICL,39,34,200,566.00,"113,200.00"
2019-01-16,2019011601005130,SLICL,45,34,48,567.00,"27,216.00"
2019-01-16,2019011601005020,SLICL,45,34,152,567.00,"86,184.00"
2019-01-16,2019011601005019,SLICL,17,34,43,568.00,"24,424.00"
2019-01-16,2019011601004905,SLICL,17,42,57,568.00,"32,376.00"
2019-01-16,2019011601004880,SLICL,58,42,30,568.00,"17,040.00"
2019-01-16,2019011601004879,SLICL,8,42,13,568.00,"7,384.00"
2019-01-16,2019011601004933,SMATA,6,58,20,"1,214.00","24,280.00"
2019-01-16,2019011601004932,SMATA,33,58,10,"1,216.00","12,160.00"
2019-01-16,2019011601004774,SMB,11,45,100,666.00,"66,600.00"
2019-01-16,2019011601005186,SRBL,50,48,20,216.00,"4,320.00"
2019-01-16,2019011601005187,UIC,58,37,10,809.00,"8,090.00"
2019-01-16,2019011601004829,UIC,58,57,25,800.00,"20,000.00"
2019-01-16,2019011601005138,WOMI,28,10,302,"1,129.00","340,958.00"
2019-01-16,2019011601005024,WOMI,6,13,40,"1,125.00","45,000.00"
2019-01-16,2019011601004824,WOMI,33,13,10,"1,125.00","11,250.00"
2019-01-16,2019011601004662,ADBL,49,52,60,350.00,"21,000.00"
2019-01-16,2019011601004633,ADBL,49,45,81,350.00,"28,350.00"
2019-01-16,2019011601004622,ADBL,49,29,200,350.00,"70,000.00"
2019-01-16,2019011601004328,ADBL,45,28,50,349.00,"17,450.00"
2019-01-16,2019011601004618,ADBL,49,29,300,350.00,"105,000.00"
2019-01-16,2019011601004617,ADBL,49,28,500,350.00,"175,000.00"
2019-01-16,2019011601004616,ADBL,49,58,"1,018",350.00,"356,300.00"
2019-01-16,2019011601004615,ADBL,49,8,630,350.00,"220,500.00"
2019-01-16,2019011601004472,ADBL,46,8,100,350.00,"35,000.00"
2019-01-16,2019011601004393,ADBL,49,28,250,349.00,"87,250.00"
2019-01-16,2019011601004651,AKPL,13,37,13,187.00,"2,431.00"
2019-01-16,2019011601004709,ALICL,45,36,20,636.00,"12,720.00"
2019-01-16,2019011601004708,ALICL,45,10,100,636.00,"63,600.00"
2019-01-16,2019011601004444,ALICL,45,17,50,632.00,"31,600.00"
2019-01-16,2019011601004366,ALICL,45,6,200,636.00,"127,200.00"
2019-01-16,2019011601004362,ALICL,45,44,50,635.00,"31,750.00"
2019-01-16,2019011601004348,ALICL,45,34,56,632.00,"35,392.00"
2019-01-16,2019011601004577,API,25,34,30,154.00,"4,620.00"
2019-01-16,2019011601004658,BOKL,29,26,50,267.00,"13,350.00"
2019-01-16,2019011601004376,BOKL,33,26,10,267.00,"2,670.00"
2019-01-16,2019011601004345,BOKL,32,22,50,266.00,"13,300.00"
2019-01-16,2019011601004344,BOKL,39,22,200,266.00,"53,200.00"
2019-01-16,2019011601004246,BOKL,39,28,100,266.00,"26,600.00"
2019-01-16,2019011601004343,BPCL,36,6,10,372.00,"3,720.00"
2019-01-16,2019011601004275,BPCL,57,56,10,376.00,"3,760.00"
2019-01-16,2019011601004274,BPCL,57,56,20,376.00,"7,520.00"
2019-01-16,2019011601004260,BPCL,36,6,10,372.00,"3,720.00"
2019-01-16,2019011601004248,BPCL,36,36,40,372.00,"14,880.00"
2019-01-16,2019011601004508,CBBL,16,33,80,886.00,"70,880.00"
2019-01-16,2019011601004335,CBBL,53,45,23,885.00,"20,355.00"
2019-01-16,2019011601004308,CBBL,28,11,25,884.00,"22,100.00"
2019-01-16,2019011601004493,CBBL,39,45,23,885.00,"20,355.00"
2019-01-16,2019011601004492,CBBL,39,45,28,885.00,"24,780.00"
2019-01-16,2019011601004414,CBBL,39,45,20,885.00,"17,700.00"
2019-01-16,2019011601004387,CBBL,55,45,67,884.00,"59,228.00"
2019-01-16,2019011601004386,CBBL,47,45,200,884.00,"176,800.00"
2019-01-16,2019011601004385,CBBL,28,45,133,884.00,"117,572.00"
2019-01-16,2019011601004586,CBL,28,17,198,161.00,"31,878.00"
2019-01-16,2019011601004585,CBL,17,17,102,161.00,"16,422.00"
2019-01-16,2019011601004688,CCBL,56,52,102,171.00,"17,442.00"
2019-01-16,2019011601004544,CCBL,59,25,21,172.00,"3,612.00"
2019-01-16,2019011601004543,CCBL,59,34,29,172.00,"4,988.00"
2019-01-16,2019011601004442,CCBL,18,14,226,170.00,"38,420.00"
2019-01-16,2019011601004441,CHCL,48,43,80,539.00,"43,120.00"
2019-01-16,2019011601004378,CHCL,43,43,100,539.00,"53,900.00"
2019-01-16,2019011601004377,CHCL,56,43,20,539.00,"10,780.00"
2019-01-16,2019011601004726,CIT,34,22,105,"2,824.00","296,520.00"
2019-01-16,2019011601004725,CIT,34,37,50,"2,824.00","141,200.00"
2019-01-16,2019011601004724,CIT,34,16,30,"2,824.00","84,720.00"
2019-01-16,2019011601004723,CIT,34,28,105,"2,823.00","296,415.00"
2019-01-16,2019011601004722,CIT,34,13,100,"2,820.00","282,000.00"
2019-01-16,2019011601004721,CIT,34,40,50,"2,819.00","140,950.00"
2019-01-16,2019011601004720,CIT,34,21,10,"2,815.00","28,150.00"
2019-01-16,2019011601004495,CIT,32,28,10,"2,801.00","28,010.00"
2019-01-16,2019011601004494,CIT,39,28,20,"2,801.00","56,020.00"
2019-01-16,2019011601004354,CIT,17,21,10,"2,801.00","28,010.00"
2019-01-16,2019011601004553,CLBSL,58,17,17,700.00,"11,900.00"
2019-01-16,2019011601004552,CLBSL,58,17,33,705.00,"23,265.00"
2019-01-16,2019011601004540,CLBSL,58,55,17,705.00,"11,985.00"
2019-01-16,2019011601004593,CZBIL,28,17,340,216.00,"73,440.00"
2019-01-16,2019011601004504,CZBIL,56,55,200,217.00,"43,400.00"
2019-01-16,2019011601004503,CZBIL,42,55,170,217.00,"36,890.00"
2019-01-16,2019011601004464,CZBIL,11,17,100,218.00,"21,800.00"
2019-01-16,2019011601004373,CZBIL,33,17,10,218.00,"2,180.00"
2019-01-16,2019011601004242,CZBIL,42,6,10,217.00,"2,170.00"
2019-01-16,2019011601004655,DBBL,10,39,500,128.00,"64,000.00"
2019-01-16,2019011601004245,DBBL,17,16,12,127.00,"1,524.00"
2019-01-16,2019011601004244,DBBL,58,16,10,128.00,"1,280.00"
2019-01-16,2019011601004634,DDBL,25,19,100,580.00,"58,000.00"
2019-01-16,2019011601004477,DDBL,25,37,50,580.00,"29,000.00"
2019-01-16,2019011601004718,EBL,56,56,9,529.00,"4,761.00"
2019-01-16,2019011601004703,EBL,40,52,133,532.00,"70,756.00"
2019-01-16,2019011601004682,EBL,14,5,500,533.00,"266,500.00"
2019-01-16,2019011601004681,EBL,46,5,200,533.00,"106,600.00"
2019-01-16,2019011601004680,EBL,42,5,91,533.00,"48,503.00"
2019-01-16,2019011601004652,EBL,42,1,119,533.00,"63,427.00"
2019-01-16,2019011601004636,EBL,22,6,100,534.00,"53,400.00"
2019-01-16,2019011601004635,EBL,22,6,100,534.00,"53,400.00"
2019-01-16,2019011601004372,EDBL,57,45,500,270.00,"135,000.00"
2019-01-16,2019011601004644,EIC,46,55,40,867.00,"34,680.00"
2019-01-16,2019011601004605,EIC,46,19,48,867.00,"41,616.00"
2019-01-16,2019011601004604,EIC,33,19,50,867.00,"43,350.00"
2019-01-16,2019011601004368,EIC,33,34,50,867.00,"43,350.00"
2019-01-16,2019011601004367,EIC,39,34,50,868.00,"43,400.00"
2019-01-16,2019011601004364,EIC,39,34,50,868.00,"43,400.00"
2019-01-16,2019011601004363,EIC,32,34,50,869.00,"43,450.00"
2019-01-16,2019011601004579,FOWAD,8,43,100,"1,536.00","153,600.00"
2019-01-16,2019011601004717,GBBL,13,52,43,187.00,"8,041.00"
2019-01-16,2019011601004714,GBIME,54,54,664,268.00,"177,952.00"
2019-01-16,2019011601004713,GBIME,56,54,200,268.00,"53,600.00"
2019-01-16,2019011601004712,GBIME,49,54,50,268.00,"13,400.00"
2019-01-16,2019011601004711,GBIME,1,54,"1,000",268.00,"268,000.00"
2019-01-16,2019011601004710,GBIME,58,54,86,268.00,"23,048.00"
2019-01-16,2019011601004525,GBIME,36,49,776,270.00,"209,520.00"
2019-01-16,2019011601004448,GBIME,22,6,112,269.00,"30,128.00"
2019-01-16,2019011601004416,GBIME,32,6,50,269.00,"13,450.00"
2019-01-16,2019011601004361,GBIME,17,6,20,269.00,"5,380.00"
2019-01-16,2019011601004524,GBIME,36,58,124,270.00,"33,480.00"
2019-01-16,2019011601004523,GBIME,36,45,100,270.00,"27,000.00"
2019-01-16,2019011601004452,GBIME,22,14,110,269.00,"29,590.00"
2019-01-16,2019011601004451,GBIME,22,42,100,269.00,"26,900.00"
2019-01-16,2019011601004450,GBIME,22,49,16,269.00,"4,304.00"
2019-01-16,2019011601004449,GBIME,22,37,48,269.00,"12,912.00"
2019-01-16,2019011601004737,GBLBS,52,52,10,452.00,"4,520.00"
2019-01-16,2019011601004704,GBLBS,52,58,100,454.00,"45,400.00"
2019-01-16,2019011601004550,GBLBS,40,58,500,452.00,"226,000.00"
2019-01-16,2019011601004397,GIMES1,11,22,"1,900",8.35,"15,865.00"
2019-01-16,2019011601004334,GIMES1,40,55,"5,000",8.50,"42,500.00"
2019-01-16,2019011601004510,GLICL,47,38,30,732.00,"21,960.00"
2019-01-16,2019011601004509,GLICL,52,38,30,732.00,"21,960.00"
2019-01-16,2019011601004315,GLICL,22,38,100,733.00,"73,300.00"
2019-01-16,2019011601004654,HBL,32,33,10,462.00,"4,620.00"
2019-01-16,2019011601004687,HGI,26,22,40,405.00,"16,200.00"
2019-01-16,2019011601004674,HGI,26,22,10,405.00,"4,050.00"
2019-01-16,2019011601004330,HGI,44,22,150,404.00,"60,600.00"
2019-01-16,2019011601004293,HGI,44,6,200,404.00,"80,800.00"
2019-01-16,2019011601004412,HIDCL,56,43,500,150.00,"75,000.00"
2019-01-16,2019011601004411,HIDCL,26,43,170,150.00,"25,500.00"
2019-01-16,2019011601004410,HIDCL,4,43,100,150.00,"15,000.00"
2019-01-16,2019011601004409,HIDCL,8,43,261,150.00,"39,150.00"
2019-01-16,2019011601004349,HIDCL,8,6,35,150.00,"5,250.00"
2019-01-16,2019011601004266,HIDCL,16,6,35,150.00,"5,250.00"
2019-01-16,2019011601004243,HIDCL,45,44,100,151.00,"15,100.00"
2019-01-16,2019011601004660,HPPL,1,37,10,191.00,"1,910.00"
2019-01-16,2019011601004569,HPPL,21,52,40,192.00,"7,680.00"
2019-01-16,2019011601004568,HPPL,40,52,140,192.00,"26,880.00"
2019-01-16,2019011601004567,HPPL,32,52,50,193.00,"9,650.00"
2019-01-16,2019011601004333,ICFC,35,26,100,155.00,"15,500.00"
2019-01-16,2019011601004673,IGI,5,45,100,469.00,"46,900.00"
2019-01-16,2019011601004621,JBNL,56,44,100,169.00,"16,900.00"
2019-01-16,2019011601004418,JBNL,34,44,78,169.00,"13,182.00"
2019-01-16,2019011601004265,JBNL,4,16,11,168.00,"1,848.00"
2019-01-16,2019011601004531,JEFL,28,28,700,128.00,"89,600.00"
2019-01-16,2019011601004419,KBBL,21,11,50,213.00,"10,650.00"
2019-01-16,2019011601004719,KBL,40,26,604,251.00,"151,604.00"
2019-01-16,2019011601004505,KBL,47,25,700,250.00,"175,000.00"
2019-01-16,2019011601004474,KBL,45,26,200,251.00,"50,200.00"
2019-01-16,2019011601004470,KBL,42,26,50,251.00,"12,550.00"
2019-01-16,2019011601004319,KBL,45,36,50,252.00,"12,600.00"
2019-01-16,2019011601004318,KBL,45,36,200,252.00,"50,400.00"
2019-01-16,2019011601004298,KBL,32,44,50,250.00,"12,500.00"
2019-01-16,2019011601004297,KBL,32,44,100,250.00,"25,000.00"
2019-01-16,2019011601004296,KBL,8,44,500,250.00,"125,000.00"
2019-01-16,2019011601004295,KBL,54,44,60,251.00,"15,060.00"
2019-01-16,2019011601004304,KBL,47,44,229,250.00,"57,250.00"
2019-01-16,2019011601004303,KBL,47,44,100,250.00,"25,000.00"
2019-01-16,2019011601004302,KBL,49,44,200,250.00,"50,000.00"
2019-01-16,2019011601004301,KBL,49,44,200,250.00,"50,000.00"
2019-01-16,2019011601004300,KBL,19,44,100,250.00,"25,000.00"
2019-01-16,2019011601004299,KBL,35,44,30,250.00,"7,500.00"
2019-01-16,2019011601004407,KEBL,51,59,46,189.00,"8,694.00"
2019-01-16,2019011601004643,KMCDB,48,19,10,943.00,"9,430.00"
2019-01-16,2019011601004642,KMCDB,48,57,50,929.00,"46,450.00"
2019-01-16,2019011601004628,KMCDB,48,37,50,925.00,"46,250.00"
2019-01-16,2019011601004583,KMFL,43,10,22,977.00,"21,494.00"
2019-01-16,2019011601004582,KMFL,43,10,20,977.00,"19,540.00"
2019-01-16,2019011601004581,KMFL,22,10,90,980.00,"88,200.00"
2019-01-16,2019011601004340,KMFL,22,38,10,980.00,"9,800.00"
2019-01-16,2019011601004252,KPCL,37,14,10,100.00,"1,000.00"
2019-01-16,2019011601004358,KRBL,57,26,285,100.00,"28,500.00"
2019-01-16,2019011601004357,KRBL,57,13,43,100.00,"4,300.00"
2019-01-16,2019011601004356,KRBL,57,13,11,100.00,"1,100.00"
2019-01-16,2019011601004355,KRBL,57,35,20,100.00,"2,000.00"
2019-01-16,2019011601004667,KSBBL,22,37,"1,000",140.00,"140,000.00"
2019-01-16,2019011601004666,KSBBL,22,39,"1,000",140.00,"140,000.00"
2019-01-16,2019011601004665,KSBBL,22,37,20,140.00,"2,800.00"
2019-01-16,2019011601004664,KSBBL,22,45,500,140.00,"70,000.00"
2019-01-16,2019011601004290,KSBBL,33,38,30,139.00,"4,170.00"
2019-01-16,2019011601004739,LGIL,53,38,300,552.00,"165,600.00"
2019-01-16,2019011601004528,LGIL,46,53,100,553.00,"55,300.00"
2019-01-16,2019011601004527,LGIL,34,53,573,553.00,"316,869.00"
2019-01-16,2019011601004473,LGIL,6,48,103,555.00,"57,165.00"
2019-01-16,2019011601004454,LGIL,34,58,50,553.00,"27,650.00"
2019-01-16,2019011601004271,LGIL,11,45,75,555.00,"41,625.00"
2019-01-16,2019011601004483,LICN,7,34,100,"1,750.00","175,000.00"
2019-01-16,2019011601004482,LICN,58,34,200,"1,750.00","350,000.00"
2019-01-16,2019011601004481,LICN,5,34,500,"1,751.00","875,500.00"
2019-01-16,2019011601004480,LICN,59,34,34,"1,751.00","59,534.00"
2019-01-16,2019011601004399,LICN,59,8,100,"1,752.00","175,200.00"
2019-01-16,2019011601004398,LICN,58,8,40,"1,755.00","70,200.00"
2019-01-16,2019011601004422,LLBS,48,14,20,816.00,"16,320.00"
2019-01-16,2019011601004421,LLBS,57,14,200,820.00,"164,000.00"
2019-01-16,2019011601004627,MBL,14,26,944,208.00,"196,352.00"
2019-01-16,2019011601004371,MBL,46,4,"1,850",208.00,"384,800.00"
2019-01-16,2019011601004365,MBL,17,22,"6,900",113.60,"783,840.00"
2019-01-16,2019011601004353,MBL,17,22,"99,999",113.60,"11,359,886.40"
2019-01-16,2019011601004338,MBL,17,22,"99,999",113.60,"11,359,886.40"
2019-01-16,2019011601004313,MBLPO,17,22,"99,968",113.60,"11,356,364.80"
2019-01-16,2019011601004285,MBLPO,17,22,"99,999",113.60,"11,359,886.40"
2019-01-16,2019011601004253,MBLPO,17,22,"99,999",113.60,"11,359,886.40"
2019-01-16,2019011601004541,MDB,6,59,170,286.00,"48,620.00"
2019-01-16,2019011601004697,MEGA,38,37,80,171.00,"13,680.00"
2019-01-16,2019011601004696,MEGA,26,37,20,171.00,"3,420.00"
2019-01-16,2019011601004549,MEGA,59,28,33,172.00,"5,676.00"
2019-01-16,2019011601004447,MEGA,21,11,8,170.00,"1,360.00"
2019-01-16,2019011601004316,MERO,44,49,20,"1,096.00","21,920.00"
2019-01-16,2019011601004382,MMFDB,43,28,20,"1,000.00","20,000.00"
2019-01-16,2019011601004381,MMFDB,43,28,20,"1,005.00","20,100.00"
2019-01-16,2019011601004672,MNBBL,26,41,300,350.00,"105,000.00"
2019-01-16,2019011601004650,MNBBL,34,32,100,351.00,"35,100.00"
2019-01-16,2019011601004307,MNBBL,14,51,140,350.00,"49,000.00"
2019-01-16,2019011601004691,MSLB,1,18,100,"1,350.00","135,000.00"
2019-01-16,2019011601004690,MSLB,1,45,50,"1,350.00","67,500.00"
2019-01-16,2019011601004689,MSLB,1,45,33,"1,349.00","44,517.00"
2019-01-16,2019011601004383,MSLB,1,56,30,"1,345.00","40,350.00"
2019-01-16,2019011601004420,NABILP,19,6,130,725.00,"94,250.00"
2019-01-16,2019011601004327,NABILP,35,6,150,725.00,"108,750.00"
2019-01-16,2019011601004625,NADEP,21,6,80,801.00,"64,080.00"
2019-01-16,2019011601004624,NADEP,14,6,20,801.00,"16,020.00"
2019-01-16,2019011601004588,NADEP,14,45,150,801.00,"120,150.00"
2019-01-16,2019011601004534,NADEP,14,59,120,801.00,"96,120.00"
2019-01-16,2019011601004533,NADEP,52,59,10,802.00,"8,020.00"
2019-01-16,2019011601004532,NADEP,26,59,70,802.00,"56,140.00"
2019-01-16,2019011601004736,NBB,55,35,137,190.00,"26,030.00"
2019-01-16,2019011601004716,NBB,55,26,811,189.00,"153,279.00"
2019-01-16,2019011601004646,NBB,19,35,100,190.00,"19,000.00"
2019-01-16,2019011601004645,NBB,26,35,20,190.00,"3,800.00"
2019-01-16,2019011601004592,NBB,55,14,500,191.00,"95,500.00"
2019-01-16,2019011601004591,NBB,55,38,500,191.00,"95,500.00"
2019-01-16,2019011601004259,NBB,44,45,"1,194",190.00,"226,860.00"
2019-01-16,2019011601004258,NBB,51,45,106,190.00,"20,140.00"
2019-01-16,2019011601004250,NBB,51,43,404,190.00,"76,760.00"
2019-01-16,2019011601004249,NBB,51,45,490,190.00,"93,100.00"
2019-01-16,2019011601004283,NBB,44,50,100,190.00,"19,000.00"
2019-01-16,2019011601004738,NBL,45,46,500,293.00,"146,500.00"
2019-01-16,2019011601004735,NBL,45,25,290,292.00,"84,680.00"
2019-01-16,2019011601004734,NBL,45,25,500,292.00,"146,000.00"
2019-01-16,2019011601004733,NBL,51,25,500,292.00,"146,000.00"
2019-01-16,2019011601004732,NBL,21,25,10,292.00,"2,920.00"
2019-01-16,2019011601004731,NBL,16,25,700,292.00,"204,400.00"
2019-01-16,2019011601004390,NBL,17,25,100,292.00,"29,200.00"
2019-01-16,2019011601004389,NBL,25,25,50,292.00,"14,600.00"
2019-01-16,2019011601004388,NBL,6,25,200,292.00,"58,400.00"
2019-01-16,2019011601004350,NBL,49,4,50,294.00,"14,700.00"
2019-01-16,2019011601004486,NBL,17,25,800,292.00,"233,600.00"
2019-01-16,2019011601004453,NBL,11,46,100,293.00,"29,300.00"
2019-01-16,2019011601004417,NBL,17,25,200,292.00,"58,400.00"
2019-01-16,2019011601004408,NBL,28,25,350,292.00,"102,200.00"
2019-01-16,2019011601004392,NBL,5,25,300,292.00,"87,600.00"
2019-01-16,2019011601004391,NBL,6,25,100,292.00,"29,200.00"
2019-01-16,2019011601004603,NBL,45,46,100,293.00,"29,300.00"
2019-01-16,2019011601004546,NBL,45,25,900,292.00,"262,800.00"
2019-01-16,2019011601004545,NBL,54,25,100,292.00,"29,200.00"
2019-01-16,2019011601004489,NBL,54,25,100,292.00,"29,200.00"
2019-01-16,2019011601004488,NBL,42,25,"1,000",292.00,"292,000.00"
2019-01-16,2019011601004487,NBL,57,25,100,292.00,"29,200.00"
2019-01-16,2019011601004611,NBL,17,25,100,292.00,"29,200.00"
2019-01-16,2019011601004610,NBL,46,25,500,292.00,"146,000.00"
2019-01-16,2019011601004609,NBL,36,25,100,292.00,"29,200.00"
2019-01-16,2019011601004608,NBL,44,25,100,292.00,"29,200.00"
2019-01-16,2019011601004607,NBL,17,25,100,292.00,"29,200.00"
2019-01-16,2019011601004606,NBL,45,25,100,292.00,"29,200.00"
2019-01-16,2019011601004663,NBL,6,46,50,293.00,"14,650.00"
2019-01-16,2019011601004648,NBL,29,46,50,293.00,"14,650.00"
2019-01-16,2019011601004632,NBL,16,25,300,292.00,"87,600.00"
2019-01-16,2019011601004631,NBL,17,25,100,292.00,"29,200.00"
2019-01-16,2019011601004630,NBL,35,25,500,292.00,"146,000.00"
2019-01-16,2019011601004629,NBL,17,25,100,292.00,"29,200.00"
2019-01-16,2019011601004460,NCCB,45,16,200,218.00,"43,600.00"
2019-01-16,2019011601004374,NCCB,40,16,500,218.00,"109,000.00"
2019-01-16,2019011601004351,NCCB,40,45,"1,529",217.00,"331,793.00"
2019-01-16,2019011601004342,NCCB,40,45,14,217.00,"3,038.00"
2019-01-16,2019011601004341,NCCB,40,34,86,217.00,"18,662.00"
2019-01-16,2019011601004339,NCCB,45,34,40,217.00,"8,680.00"
2019-01-16,2019011601004325,NCCB,41,34,"1,000",217.00,"217,000.00"
2019-01-16,2019011601004305,NCCB,36,34,144,217.00,"31,248.00"
2019-01-16,2019011601004276,NCCB,6,16,23,216.00,"4,968.00"
2019-01-16,2019011601004693,NEF,40,17,483,8.21,"3,965.43"
2019-01-16,2019011601004580,NHDL,48,43,20,140.00,"2,800.00"
2019-01-16,2019011601004426,NHDL,48,37,100,139.00,"13,900.00"
2019-01-16,2019011601004425,NHDL,48,54,10,139.00,"1,390.00"
2019-01-16,2019011601004370,NHDL,45,54,10,137.00,"1,370.00"
2019-01-16,2019011601004292,NHPC,20,58,100,70.00,"7,000.00"
2019-01-16,2019011601004287,NHPC,20,53,"1,000",69.00,"69,000.00"
2019-01-16,2019011601004286,NHPC,20,35,400,69.00,"27,600.00"
2019-01-16,2019011601004707,NIB,6,26,30,543.00,"16,290.00"
2019-01-16,2019011601004706,NIB,45,26,25,543.00,"13,575.00"
2019-01-16,2019011601004676,NIB,45,17,15,543.00,"8,145.00"
2019-01-16,2019011601004620,NIB,33,5,41,545.00,"22,345.00"
2019-01-16,2019011601004321,NIB,20,5,35,545.00,"19,075.00"
2019-01-16,2019011601004269,NIB,16,43,50,544.00,"27,200.00"
2019-01-16,2019011601004264,NIB,22,43,50,544.00,"27,200.00"
2019-01-16,2019011601004476,NIBPO,57,40,407,491.00,"199,837.00"
2019-01-16,2019011601004699,NICA,57,56,458,397.00,"181,826.00"
2019-01-16,2019011601004678,NICA,35,56,28,397.00,"11,116.00"
2019-01-16,2019011601004677,NICA,32,56,200,397.00,"79,400.00"
2019-01-16,2019011601004562,NICA,34,6,100,397.00,"39,700.00"
2019-01-16,2019011601004561,NICA,7,6,50,397.00,"19,850.00"
2019-01-16,2019011601004560,NICA,7,6,50,397.00,"19,850.00"
2019-01-16,2019011601004254,NICA,56,52,60,397.00,"23,820.00"
2019-01-16,2019011601004281,NICA,21,46,100,397.00,"39,700.00"
2019-01-16,2019011601004280,NICA,22,46,50,397.00,"19,850.00"
2019-01-16,2019011601004279,NICA,53,46,45,397.00,"17,865.00"
2019-01-16,2019011601004278,NICA,34,46,100,397.00,"39,700.00"
2019-01-16,2019011601004277,NICA,43,46,410,397.00,"162,770.00"
2019-01-16,2019011601004255,NICA,43,52,90,397.00,"35,730.00"
2019-01-16,2019011601004559,NICA,50,6,50,397.00,"19,850.00"
2019-01-16,2019011601004529,NICA,54,44,130,398.00,"51,740.00"
2019-01-16,2019011601004346,NICA,14,44,200,398.00,"79,600.00"
2019-01-16,2019011601004331,NICA,45,44,50,398.00,"19,900.00"
2019-01-16,2019011601004314,NICA,21,46,95,397.00,"37,715.00"
2019-01-16,2019011601004289,NICA,25,46,200,397.00,"79,400.00"
2019-01-16,2019011601004728,NICL,26,17,180,579.00,"104,220.00"
2019-01-16,2019011601004715,NICL,44,38,464,576.00,"267,264.00"
2019-01-16,2019011601004551,NICL,44,41,60,576.00,"34,560.00"
2019-01-16,2019011601004513,NICL,44,41,319,576.00,"183,744.00"
2019-01-16,2019011601004512,NICL,43,41,30,576.00,"17,280.00"
2019-01-16,2019011601004261,NICL,44,22,199,577.00,"114,823.00"
2019-01-16,2019011601004251,NICL,44,42,500,577.00,"288,500.00"
2019-01-16,2019011601004656,NIL,32,6,100,547.00,"54,700.00"
2019-01-16,2019011601004539,NIL,14,44,100,548.00,"54,800.00"
2019-01-16,2019011601004538,NIL,29,44,57,548.00,"31,236.00"
2019-01-16,2019011601004471,NIL,29,17,20,548.00,"10,960.00"
2019-01-16,2019011601004463,NIL,29,17,23,548.00,"12,604.00"
2019-01-16,2019011601004462,NIL,34,17,27,548.00,"14,796.00"
2019-01-16,2019011601004455,NIL,37,48,75,549.00,"41,175.00"
2019-01-16,2019011601004705,NLG,53,3,50,869.00,"43,450.00"
2019-01-16,2019011601004402,NLG,45,55,200,870.00,"174,000.00"
2019-01-16,2019011601004659,NLIC,55,17,17,"1,120.00","19,040.00"
2019-01-16,2019011601004537,NLIC,55,8,200,"1,125.00","225,000.00"
2019-01-16,2019011601004536,NLIC,53,8,300,"1,125.00","337,500.00"
2019-01-16,2019011601004535,NLIC,44,8,20,"1,125.00","22,500.00"
2019-01-16,2019011601004496,NLIC,52,59,50,"1,130.00","56,500.00"
2019-01-16,2019011601004475,NLIC,33,53,88,"1,130.00","99,440.00"
2019-01-16,2019011601004395,NLIC,33,44,107,"1,130.00","120,910.00"
2019-01-16,2019011601004497,NLICL,33,16,800,711.00,"568,800.00"
2019-01-16,2019011601004401,NLICL,35,33,40,712.00,"28,480.00"
2019-01-16,2019011601004306,NLICL,35,50,100,712.00,"71,200.00"
2019-01-16,2019011601004320,NMBMF,28,54,28,"1,120.00","31,360.00"
2019-01-16,2019011601004247,NMBMF,19,54,40,"1,120.00","44,800.00"
2019-01-16,2019011601004741,NMBSF1,41,33,"8,050",10.25,"82,512.50"
2019-01-16,2019011601004740,NMBSF1,41,33,"5,000",10.30,"51,500.00"
2019-01-16,2019011601004369,NMBSF1,34,42,"1,433",10.45,"14,974.85"
2019-01-16,2019011601004730,NMFBS,54,56,10,"1,640.00","16,400.00"
2019-01-16,2019011601004424,NMFBS,33,19,12,"1,635.00","19,620.00"
2019-01-16,2019011601004332,NMFBS,45,54,293,"1,630.00","477,590.00"
2019-01-16,2019011601004556,NSEWA,22,41,10,584.00,"5,840.00"
2019-01-16,2019011601004326,NTC,59,8,20,734.00,"14,680.00"
2019-01-16,2019011601004312,NTC,6,43,"1,000",728.00,"728,000.00"
2019-01-16,2019011601004311,NTC,47,43,100,729.00,"72,900.00"
2019-01-16,2019011601004310,NTC,45,43,10,730.00,"7,300.00"
2019-01-16,2019011601004309,NTC,6,43,15,730.00,"10,950.00"
2019-01-16,2019011601004701,NUBL,42,14,24,776.00,"18,624.00"
2019-01-16,2019011601004700,NUBL,45,14,106,777.00,"82,362.00"
2019-01-16,2019011601004461,NUBL,14,41,30,778.00,"23,340.00"
2019-01-16,2019011601004359,NUBL,45,26,50,777.00,"38,850.00"
2019-01-16,2019011601004576,PCBL,10,7,29,327.00,"9,483.00"
2019-01-16,2019011601004575,PCBL,45,7,70,327.00,"22,890.00"
2019-01-16,2019011601004574,PCBL,33,7,10,328.00,"3,280.00"
2019-01-16,2019011601004352,PCBL,34,52,200,328.00,"65,600.00"
2019-01-16,2019011601004396,PFL,13,44,500,135.00,"67,500.00"
2019-01-16,2019011601004394,PFL,58,44,50,136.00,"6,800.00"
2019-01-16,2019011601004288,PFL,52,56,37,136.00,"5,032.00"
2019-01-16,2019011601004692,PICL,58,52,10,725.00,"7,250.00"
2019-01-16,2019011601004572,PLIC,1,58,118,504.00,"59,472.00"
2019-01-16,2019011601004571,PLIC,29,58,362,504.00,"182,448.00"
2019-01-16,2019011601004436,PLIC,29,14,138,504.00,"69,552.00"
2019-01-16,2019011601004435,PLIC,38,14,25,505.00,"12,625.00"
2019-01-16,2019011601004434,PLIC,17,14,56,506.00,"28,336.00"
2019-01-16,2019011601004294,PLIC,17,11,144,506.00,"72,864.00"
2019-01-16,2019011601004268,PMHPL,17,14,10,115.00,"1,150.00"
2019-01-16,2019011601004263,PMHPL,17,36,10,115.00,"1,150.00"
2019-01-16,2019011601004685,PRIN,25,45,61,458.00,"27,938.00"
2019-01-16,2019011601004670,PRIN,25,10,39,458.00,"17,862.00"
2019-01-16,2019011601004669,PRIN,58,10,200,458.00,"91,600.00"
2019-01-16,2019011601004668,PRIN,28,10,200,458.00,"91,600.00"
2019-01-16,2019011601004626,PRIN,28,41,300,458.00,"137,400.00"
2019-01-16,2019011601004439,PRIN,28,7,300,460.00,"138,000.00"
2019-01-16,2019011601004317,PRIN,34,7,200,460.00,"92,000.00"
2019-01-16,2019011601004284,RBCLPO,45,58,10,"9,172.00","91,720.00"
2019-01-16,2019011601004440,RSDC,39,59,83,392.00,"32,536.00"
2019-01-16,2019011601004403,RSDC,47,59,50,392.00,"19,600.00"
2019-01-16,2019011601004727,SADBL,33,59,72,156.00,"11,232.00"
2019-01-16,2019011601004702,SADBL,59,16,866,154.00,"133,364.00"
2019-01-16,2019011601004698,SADBL,28,59,428,156.00,"66,768.00"
2019-01-16,2019011601004695,SADBL,28,39,72,156.00,"11,232.00"
2019-01-16,2019011601004686,SADBL,34,16,89,157.00,"13,973.00"
2019-01-16,2019011601004684,SADBL,34,59,411,157.00,"64,527.00"
2019-01-16,2019011601004431,SADBL,58,29,"1,000",153.00,"153,000.00"
2019-01-16,2019011601004430,SADBL,58,17,150,153.00,"22,950.00"
2019-01-16,2019011601004429,SADBL,58,26,500,152.00,"76,000.00"
2019-01-16,2019011601004428,SADBL,58,45,"1,000",152.00,"152,000.00"
2019-01-16,2019011601004427,SADBL,58,29,280,152.00,"42,560.00"
2019-01-16,2019011601004336,SADBL,33,17,400,150.00,"60,000.00"
2019-01-16,2019011601004459,SADBL,59,16,300,154.00,"46,200.00"
2019-01-16,2019011601004458,SADBL,59,34,"2,000",154.00,"308,000.00"
2019-01-16,2019011601004457,SADBL,59,40,"2,000",154.00,"308,000.00"
2019-01-16,2019011601004456,SADBL,59,10,500,154.00,"77,000.00"
2019-01-16,2019011601004433,SADBL,58,37,70,153.00,"10,710.00"
2019-01-16,2019011601004432,SADBL,58,59,"2,000",153.00,"306,000.00"
2019-01-16,2019011601004506,SADBL,16,59,100,155.00,"15,500.00"
2019-01-16,2019011601004502,SADBL,49,26,148,155.00,"22,940.00"
2019-01-16,2019011601004501,SADBL,49,34,300,155.00,"46,500.00"
2019-01-16,2019011601004500,SADBL,49,29,62,155.00,"9,610.00"
2019-01-16,2019011601004499,SADBL,49,59,300,155.00,"46,500.00"
2019-01-16,2019011601004498,SADBL,49,21,190,155.00,"29,450.00"
2019-01-16,2019011601004517,SADBL,33,37,100,156.00,"15,600.00"
2019-01-16,2019011601004516,SADBL,33,47,50,156.00,"7,800.00"
2019-01-16,2019011601004515,SADBL,33,45,"1,020",156.00,"159,120.00"
2019-01-16,2019011601004514,SADBL,33,59,100,156.00,"15,600.00"
2019-01-16,2019011601004511,SADBL,28,32,500,155.00,"77,500.00"
2019-01-16,2019011601004507,SADBL,16,59,150,155.00,"23,250.00"
2019-01-16,2019011601004558,SADBL,43,29,500,160.00,"80,000.00"
2019-01-16,2019011601004548,SADBL,28,59,500,160.00,"80,000.00"
2019-01-16,2019011601004521,SADBL,33,29,75,157.00,"11,775.00"
2019-01-16,2019011601004520,SADBL,33,38,300,157.00,"47,100.00"
2019-01-16,2019011601004519,SADBL,33,49,"1,500",157.00,"235,500.00"
2019-01-16,2019011601004518,SADBL,33,37,30,156.00,"4,680.00"
2019-01-16,2019011601004598,SADBL,47,26,15,160.00,"2,400.00"
2019-01-16,2019011601004597,SADBL,47,59,182,160.00,"29,120.00"
2019-01-16,2019011601004596,SADBL,47,59,500,160.00,"80,000.00"
2019-01-16,2019011601004594,SADBL,28,41,"1,000",158.00,"158,000.00"
2019-01-16,2019011601004587,SADBL,58,50,500,157.00,"78,500.00"
2019-01-16,2019011601004570,SADBL,28,5,500,160.00,"80,000.00"
2019-01-16,2019011601004683,SADBL,58,59,89,157.00,"13,973.00"
2019-01-16,2019011601004679,SADBL,58,48,500,157.00,"78,500.00"
2019-01-16,2019011601004675,SADBL,58,34,500,157.00,"78,500.00"
2019-01-16,2019011601004671,SADBL,58,16,103,157.00,"16,171.00"
2019-01-16,2019011601004657,SADBL,19,35,500,158.00,"79,000.00"
2019-01-16,2019011601004623,SADBL,58,41,308,157.00,"48,356.00"
2019-01-16,2019011601004600,SANIMA,33,26,10,309.00,"3,090.00"
2019-01-16,2019011601004322,SANIMA,45,36,50,308.00,"15,400.00"
2019-01-16,2019011601004380,SBI,13,49,21,388.00,"8,148.00"
2019-01-16,2019011601004379,SBI,41,49,79,388.00,"30,652.00"
2019-01-16,2019011601004653,SBL,29,32,50,293.00,"14,650.00"
2019-01-16,2019011601004446,SBL,34,14,72,291.00,"20,952.00"
2019-01-16,2019011601004329,SBL,45,32,50,293.00,"14,650.00"
2019-01-16,2019011601004595,SCB,33,35,10,594.00,"5,940.00"
2019-01-16,2019011601004479,SCB,17,17,10,595.00,"5,950.00"
2019-01-16,2019011601004406,SCB,45,17,10,595.00,"5,950.00"
2019-01-16,2019011601004405,SCB,45,17,20,595.00,"11,900.00"
2019-01-16,2019011601004404,SCB,45,17,20,595.00,"11,900.00"
2019-01-16,2019011601004589,SDESI,45,4,27,634.00,"17,118.00"
2019-01-16,2019011601004566,SDESI,45,29,11,632.00,"6,952.00"
2019-01-16,2019011601004565,SDESI,45,29,11,632.00,"6,952.00"
2019-01-16,2019011601004564,SDESI,45,29,11,632.00,"6,952.00"
2019-01-16,2019011601004563,SDESI,45,29,11,632.00,"6,952.00"
2019-01-16,2019011601004400,SDESI,46,59,10,623.00,"6,230.00"
2019-01-16,2019011601004270,SDESI,45,59,12,623.00,"7,476.00"
2019-01-16,2019011601004337,SHINE,57,32,10,249.00,"2,490.00"
2019-01-16,2019011601004613,SHPC,36,59,400,237.00,"94,800.00"
2019-01-16,2019011601004612,SHPC,17,59,100,238.00,"23,800.00"
2019-01-16,2019011601004599,SHPC,5,7,100,238.00,"23,800.00"
2019-01-16,2019011601004547,SHPC,36,28,500,239.00,"119,500.00"
2019-01-16,2019011601004542,SHPC,45,29,139,240.00,"33,360.00"
2019-01-16,2019011601004443,SIC,25,22,14,"1,370.00","19,180.00"
2019-01-16,2019011601004347,SIC,25,46,190,"1,365.00","259,350.00"
2019-01-16,2019011601004729,SICL,53,58,100,942.00,"94,200.00"
2019-01-16,2019011601004694,SKBBL,10,17,72,"1,082.00","77,904.00"
2019-01-16,2019011601004649,SKBBL,43,17,40,"1,080.00","43,200.00"
2019-01-16,2019011601004647,SKBBL,10,56,171,"1,082.00","185,022.00"
2019-01-16,2019011601004641,SKBBL,43,26,60,"1,080.00","64,800.00"
2019-01-16,2019011601004640,SKBBL,57,26,20,"1,080.00","21,600.00"
2019-01-16,2019011601004639,SKBBL,43,26,20,"1,080.00","21,600.00"
2019-01-16,2019011601004257,SKBBL,29,14,20,"1,085.00","21,700.00"
2019-01-16,2019011601004256,SKBBL,29,34,80,"1,084.00","86,720.00"
2019-01-16,2019011601004423,SKBBL,28,48,30,"1,084.00","32,520.00"
2019-01-16,2019011601004415,SKBBL,1,14,88,"1,083.00","95,304.00"
2019-01-16,2019011601004413,SKBBL,17,14,10,"1,083.00","10,830.00"
2019-01-16,2019011601004324,SKBBL,41,21,10,"1,082.00","10,820.00"
2019-01-16,2019011601004323,SKBBL,1,21,20,"1,083.00","21,660.00"
2019-01-16,2019011601004291,SKBBL,36,19,11,"1,084.00","11,924.00"
2019-01-16,2019011601004467,SKBBL,42,17,100,"1,081.00","108,100.00"
2019-01-16,2019011601004466,SKBBL,45,17,30,"1,082.00","32,460.00"
2019-01-16,2019011601004465,SKBBL,41,17,28,"1,082.00","30,296.00"
2019-01-16,2019011601004445,SKBBL,42,48,28,"1,084.00","30,352.00"
2019-01-16,2019011601004438,SKBBL,41,26,12,"1,082.00","12,984.00"
2019-01-16,2019011601004437,SKBBL,1,26,10,"1,083.00","10,830.00"
2019-01-16,2019011601004491,SKBBL,45,17,20,"1,083.00","21,660.00"
2019-01-16,2019011601004490,SKBBL,45,37,10,"1,083.00","10,830.00"
2019-01-16,2019011601004485,SKBBL,41,1,20,"1,080.00","21,600.00"
2019-01-16,2019011601004484,SKBBL,7,1,30,"1,080.00","32,400.00"
2019-01-16,2019011601004469,SKBBL,50,17,150,"1,081.00","162,150.00"
2019-01-16,2019011601004468,SKBBL,16,17,150,"1,081.00","162,150.00"
2019-01-16,2019011601004638,SKBBL,1,26,20,"1,080.00","21,600.00"
2019-01-16,2019011601004637,SKBBL,41,26,180,"1,080.00","194,400.00"
2019-01-16,2019011601004614,SKBBL,7,28,20,"1,082.00","21,640.00"
2019-01-16,2019011601004602,SKBBL,43,28,20,"1,082.00","21,640.00"
2019-01-16,2019011601004601,SKBBL,17,28,20,"1,082.00","21,640.00"
2019-01-16,2019011601004573,SKBBL,53,17,10,"1,082.00","10,820.00"
2019-01-16,2019011601004578,SLBS,14,14,10,"1,050.00","10,500.00"
2019-01-16,2019011601004375,SLBS,14,29,48,"1,044.00","50,112.00"
2019-01-16,2019011601004557,SLICL,8,7,57,568.00,"32,376.00"
2019-01-16,2019011601004384,SLICL,29,42,50,571.00,"28,550.00"
2019-01-16,2019011601004282,SLICL,8,13,30,570.00,"17,100.00"
2019-01-16,2019011601004590,SRBL,56,42,12,217.00,"2,604.00"
2019-01-16,2019011601004555,SRBL,56,21,98,217.00,"21,266.00"
2019-01-16,2019011601004554,SRBL,56,53,100,217.00,"21,700.00"
2019-01-16,2019011601004522,SRBL,19,28,100,217.00,"21,700.00"
2019-01-16,2019011601004478,SRS,55,4,20,142.00,"2,840.00"
2019-01-16,2019011601004584,SWBBL,33,13,50,860.00,"43,000.00"
2019-01-16,2019011601004661,UIC,16,7,110,795.00,"87,450.00"
2019-01-16,2019011601004619,UIC,44,7,200,797.00,"159,400.00"
2019-01-16,2019011601004530,UIC,56,57,70,800.00,"56,000.00"
2019-01-16,2019011601004360,UPPER,58,6,50,283.00,"14,150.00"
2019-01-16,2019011601004272,UPPER,58,6,40,283.00,"11,320.00"
2019-01-16,2019011601004267,VLBS,22,49,22,705.00,"15,510.00"
2019-01-16,2019011601004273,WOMI,45,55,17,"1,113.00","18,921.00"
2019-01-16,2019011601004262,WOMI,21,55,10,"1,115.00","11,150.00"
2019-01-16,2019011601004169,ADBL,49,47,200,348.00,"69,600.00"
2019-01-16,2019011601003881,ADBL,57,28,50,349.00,"17,450.00"
2019-01-16,2019011601004218,AHPC,34,25,210,105.00,"22,050.00"
2019-01-16,2019011601003946,AHPC,34,55,44,105.00,"4,620.00"
2019-01-16,2019011601004113,AKJCL,6,6,10,91.00,910.00
2019-01-16,2019011601004000,AKJCL,6,6,20,91.00,"1,820.00"
2019-01-16,2019011601003999,AKJCL,6,6,20,91.00,"1,820.00"
2019-01-16,2019011601003998,AKJCL,6,6,10,91.00,910.00
2019-01-16,2019011601003997,AKJCL,6,6,20,91.00,"1,820.00"
2019-01-16,2019011601003996,AKJCL,6,6,20,91.00,"1,820.00"
2019-01-16,2019011601003995,AKJCL,6,6,20,91.00,"1,820.00"
2019-01-16,2019011601003940,AKPL,13,43,11,187.00,"2,057.00"
2019-01-16,2019011601003802,AKPL,37,36,50,190.00,"9,500.00"
2019-01-16,2019011601003912,ALICL,25,22,100,633.00,"63,300.00"
2019-01-16,2019011601003910,ALICL,25,21,326,633.00,"206,358.00"
2019-01-16,2019011601003875,ALICL,25,41,12,633.00,"7,596.00"
2019-01-16,2019011601003962,AMFI,14,6,10,736.00,"7,360.00"
2019-01-16,2019011601004166,API,41,25,15,152.00,"2,280.00"
2019-01-16,2019011601004240,BOKL,25,26,26,267.00,"6,942.00"
2019-01-16,2019011601004092,BOKL,22,17,65,268.00,"17,420.00"
2019-01-16,2019011601004091,BOKL,22,43,435,268.00,"116,580.00"
2019-01-16,2019011601004054,BOKL,48,43,10,268.00,"2,680.00"
2019-01-16,2019011601003913,BOKL,6,43,30,268.00,"8,040.00"
2019-01-16,2019011601003846,BOKL,25,43,274,267.00,"73,158.00"
2019-01-16,2019011601003807,BOKL,59,26,174,267.00,"46,458.00"
2019-01-16,2019011601003806,BOKL,51,26,126,267.00,"33,642.00"
2019-01-16,2019011601003845,BOKL,14,43,100,267.00,"26,700.00"
2019-01-16,2019011601003844,BOKL,11,43,300,267.00,"80,100.00"
2019-01-16,2019011601003843,BOKL,51,43,200,267.00,"53,400.00"
2019-01-16,2019011601003842,BOKL,32,43,126,267.00,"33,642.00"
2019-01-16,2019011601003827,BOKL,32,26,174,267.00,"46,458.00"
2019-01-16,2019011601003826,BOKL,59,26,26,267.00,"6,942.00"
2019-01-16,2019011601004042,BPCL,36,6,10,372.00,"3,720.00"
2019-01-16,2019011601003990,BPCL,36,6,10,372.00,"3,720.00"
2019-01-16,2019011601003939,BPCL,36,6,10,372.00,"3,720.00"
2019-01-16,2019011601003848,BPCL,36,41,10,372.00,"3,720.00"
2019-01-16,2019011601003841,BPCL,36,6,10,372.00,"3,720.00"
2019-01-16,2019011601003768,BPCL,36,59,20,372.00,"7,440.00"
2019-01-16,2019011601003834,BPCL,36,41,10,372.00,"3,720.00"
2019-01-16,2019011601003824,BPCL,36,41,10,372.00,"3,720.00"
2019-01-16,2019011601003805,BPCL,36,41,10,372.00,"3,720.00"
2019-01-16,2019011601003798,BPCL,36,59,20,372.00,"7,440.00"
2019-01-16,2019011601003784,BPCL,36,59,20,372.00,"7,440.00"
2019-01-16,2019011601003773,BPCL,36,59,20,372.00,"7,440.00"
2019-01-16,2019011601004227,CBBL,28,16,500,884.00,"442,000.00"
2019-01-16,2019011601004216,CBBL,28,16,342,884.00,"302,328.00"
2019-01-16,2019011601004215,CBBL,58,16,158,884.00,"139,672.00"
2019-01-16,2019011601004203,CBBL,58,45,22,884.00,"19,448.00"
2019-01-16,2019011601004192,CBBL,55,45,100,885.00,"88,500.00"
2019-01-16,2019011601004090,CBBL,58,19,20,884.00,"17,680.00"
2019-01-16,2019011601004089,CBBL,33,19,80,884.00,"70,720.00"
2019-01-16,2019011601004010,CBL,26,26,331,162.00,"53,622.00"
2019-01-16,2019011601004086,CCBL,46,34,10,172.00,"1,720.00"
2019-01-16,2019011601003882,CCBL,10,34,20,172.00,"3,440.00"
2019-01-16,2019011601003923,CFCL,1,5,113,109.00,"12,317.00"
2019-01-16,2019011601004172,CHCL,1,38,100,540.00,"54,000.00"
2019-01-16,2019011601004020,CHCL,10,38,500,540.00,"270,000.00"
2019-01-16,2019011601004232,CIT,45,1,50,"2,800.00","140,000.00"
2019-01-16,2019011601004063,CIT,49,28,50,"2,800.00","140,000.00"
2019-01-16,2019011601004062,CIT,42,28,65,"2,805.00","182,325.00"
2019-01-16,2019011601004061,CIT,14,28,20,"2,806.00","56,120.00"
2019-01-16,2019011601004040,CIT,45,28,100,"2,810.00","281,000.00"
2019-01-16,2019011601004039,CIT,45,28,40,"2,810.00","112,400.00"
2019-01-16,2019011601004038,CIT,50,28,100,"2,812.00","281,200.00"
2019-01-16,2019011601004005,CIT,32,22,10,"2,814.00","28,140.00"
2019-01-16,2019011601003991,CIT,39,11,100,"2,815.00","281,500.00"
2019-01-16,2019011601003864,CIT,34,38,170,"2,847.00","483,990.00"
2019-01-16,2019011601003863,CIT,34,57,100,"2,846.00","284,600.00"
2019-01-16,2019011601003862,CIT,34,57,200,"2,845.00","569,000.00"
2019-01-16,2019011601004060,CZBIL,14,7,261,218.00,"56,898.00"
2019-01-16,2019011601004059,CZBIL,14,41,972,218.00,"211,896.00"
2019-01-16,2019011601004014,CZBIL,42,13,10,217.00,"2,170.00"
2019-01-16,2019011601003891,CZBIL,10,41,20,218.00,"4,360.00"
2019-01-16,2019011601003893,DDBL,10,16,10,588.00,"5,880.00"
2019-01-16,2019011601004046,EBL,42,55,90,533.00,"47,970.00"
2019-01-16,2019011601004217,EDBL,34,35,555,269.00,"149,295.00"
2019-01-16,2019011601004016,EIC,46,46,49,875.00,"42,875.00"
2019-01-16,2019011601003906,EIC,10,46,10,875.00,"8,750.00"
2019-01-16,2019011601004109,FMDBL,41,13,10,386.00,"3,860.00"
2019-01-16,2019011601004105,FMDBL,41,41,50,386.00,"19,300.00"
2019-01-16,2019011601003911,FMDBL,10,41,20,389.00,"7,780.00"
2019-01-16,2019011601003909,FMDBL,56,41,21,389.00,"8,169.00"
2019-01-16,2019011601003804,FMDBL,36,57,90,387.00,"34,830.00"
2019-01-16,2019011601003797,FMDBL,51,57,10,387.00,"3,870.00"
2019-01-16,2019011601003975,FOWAD,34,7,15,"1,535.00","23,025.00"
2019-01-16,2019011601003840,FOWAD,34,28,90,"1,532.00","137,880.00"
2019-01-16,2019011601003839,FOWAD,58,28,10,"1,532.00","15,320.00"
2019-01-16,2019011601003838,FOWAD,17,28,50,"1,534.00","76,700.00"
2019-01-16,2019011601003837,FOWAD,26,28,100,"1,535.00","153,500.00"
2019-01-16,2019011601004213,GBIME,58,16,14,268.00,"3,752.00"
2019-01-16,2019011601004095,GBIME,39,48,100,268.00,"26,800.00"
2019-01-16,2019011601004094,GBIME,22,48,50,268.00,"13,400.00"
2019-01-16,2019011601004093,GBIME,11,48,86,268.00,"23,048.00"
2019-01-16,2019011601004073,GBLBS,41,13,50,451.00,"22,550.00"
2019-01-16,2019011601003992,GBLBS,41,58,40,451.00,"18,040.00"
2019-01-16,2019011601004034,GDBL,6,34,500,188.00,"94,000.00"
2019-01-16,2019011601003935,GDBL,6,55,13,188.00,"2,444.00"
2019-01-16,2019011601003856,GDBL,6,13,50,188.00,"9,400.00"
2019-01-16,2019011601003803,GIMES1,11,14,"3,100",8.35,"25,885.00"
2019-01-16,2019011601003930,GUFL,35,32,200,104.00,"20,800.00"
2019-01-16,2019011601003929,GUFL,58,32,100,104.00,"10,400.00"
2019-01-16,2019011601004156,HATH,22,16,40,120.00,"4,800.00"
2019-01-16,2019011601003921,HATH,22,32,80,122.00,"9,760.00"
2019-01-16,2019011601003914,HBL,10,13,20,463.00,"9,260.00"
2019-01-16,2019011601004124,HDL,14,33,30,"1,381.00","41,430.00"
2019-01-16,2019011601004088,HGI,44,41,550,404.00,"222,200.00"
2019-01-16,2019011601003922,HGI,10,39,10,406.00,"4,060.00"
2019-01-16,2019011601004053,HIDCL,17,6,35,151.00,"5,285.00"
2019-01-16,2019011601004004,HIDCL,17,6,35,151.00,"5,285.00"
2019-01-16,2019011601003942,HIDCL,17,6,35,151.00,"5,285.00"
2019-01-16,2019011601003849,HIDCL,17,6,35,151.00,"5,285.00"
2019-01-16,2019011601003936,IGI,10,45,10,470.00,"4,700.00"
2019-01-16,2019011601004211,JBNL,25,45,500,170.00,"85,000.00"
2019-01-16,2019011601003943,JBNL,10,45,40,170.00,"6,800.00"
2019-01-16,2019011601004177,JEFL,28,28,300,128.00,"38,400.00"
2019-01-16,2019011601003779,JEFL,28,28,300,128.00,"38,400.00"
2019-01-16,2019011601004119,KBBL,10,38,20,209.00,"4,180.00"
2019-01-16,2019011601003928,KBBL,10,29,875,209.00,"182,875.00"
2019-01-16,2019011601003927,KBBL,48,29,75,210.00,"15,750.00"
2019-01-16,2019011601003926,KBBL,17,29,500,210.00,"105,000.00"
2019-01-16,2019011601003925,KBBL,49,29,50,210.00,"10,500.00"
2019-01-16,2019011601003981,KBL,54,25,40,251.00,"10,040.00"
2019-01-16,2019011601003980,KBL,49,25,500,251.00,"125,500.00"
2019-01-16,2019011601003979,KBL,49,25,200,251.00,"50,200.00"
2019-01-16,2019011601003978,KBL,16,25,200,251.00,"50,200.00"
2019-01-16,2019011601003977,KBL,52,25,117,251.00,"29,367.00"
2019-01-16,2019011601003976,KBL,52,25,443,251.00,"111,193.00"
2019-01-16,2019011601003953,KBL,10,36,30,252.00,"7,560.00"
2019-01-16,2019011601004118,KEBL,25,57,"1,000",190.00,"190,000.00"
2019-01-16,2019011601004123,KMCDB,6,57,100,907.00,"90,700.00"
2019-01-16,2019011601004122,KMCDB,26,57,100,908.00,"90,800.00"
2019-01-16,2019011601004121,KMCDB,39,57,20,908.00,"18,160.00"
2019-01-16,2019011601004032,KMCDB,33,33,340,909.00,"309,060.00"
2019-01-16,2019011601003828,KMCDB,21,19,15,925.00,"13,875.00"
2019-01-16,2019011601003745,KMFL,22,35,90,975.00,"87,750.00"
2019-01-16,2019011601003744,KMFL,49,35,10,980.00,"9,800.00"
2019-01-16,2019011601004096,KPCL,37,13,10,100.00,"1,000.00"
2019-01-16,2019011601004175,KSBBL,33,26,44,139.00,"6,116.00"
2019-01-16,2019011601004174,KSBBL,1,26,32,139.00,"4,448.00"
2019-01-16,2019011601004045,KSBBL,1,45,68,139.00,"9,452.00"
2019-01-16,2019011601004044,KSBBL,17,45,82,139.00,"11,398.00"
2019-01-16,2019011601003952,KSBBL,17,33,500,139.00,"69,500.00"
2019-01-16,2019011601003808,KSBBL,17,43,418,139.00,"58,102.00"
2019-01-16,2019011601003932,LBBL,11,14,350,172.00,"60,200.00"
2019-01-16,2019011601004164,LBL,41,38,30,217.00,"6,510.00"
2019-01-16,2019011601003965,LBL,17,56,50,218.00,"10,900.00"
2019-01-16,2019011601003964,LBL,17,40,50,218.00,"10,900.00"
2019-01-16,2019011601003963,LBL,17,54,50,218.00,"10,900.00"
2019-01-16,2019011601003924,LBL,41,57,230,217.00,"49,910.00"
2019-01-16,2019011601003888,LBL,1,57,270,217.00,"58,590.00"
2019-01-16,2019011601003887,LBL,1,4,30,217.00,"6,510.00"
2019-01-16,2019011601003776,LBL,25,57,100,216.00,"21,600.00"
2019-01-16,2019011601003775,LBL,13,57,300,216.00,"64,800.00"
2019-01-16,2019011601003774,LBL,11,57,100,216.00,"21,600.00"
2019-01-16,2019011601004212,LGIL,34,13,50,553.00,"27,650.00"
2019-01-16,2019011601004198,LGIL,45,45,25,555.00,"13,875.00"
2019-01-16,2019011601004043,LICN,58,45,10,"1,755.00","17,550.00"
2019-01-16,2019011601003874,MBL,25,14,300,207.00,"62,100.00"
2019-01-16,2019011601003860,MBL,25,19,290,207.00,"60,030.00"
2019-01-16,2019011601003767,MBL,37,4,234,208.00,"48,672.00"
2019-01-16,2019011601003766,MBL,37,45,650,208.00,"135,200.00"
2019-01-16,2019011601004190,MEGA,40,44,500,171.00,"85,500.00"
2019-01-16,2019011601004189,MEGA,45,44,100,171.00,"17,100.00"
2019-01-16,2019011601004188,MEGA,4,44,100,171.00,"17,100.00"
2019-01-16,2019011601004187,MEGA,57,44,79,171.00,"13,509.00"
2019-01-16,2019011601004085,MEGA,57,34,121,171.00,"20,691.00"
2019-01-16,2019011601004084,MEGA,59,34,473,171.00,"80,883.00"
2019-01-16,2019011601003966,MEGA,10,28,50,172.00,"8,600.00"
2019-01-16,2019011601004163,MERO,44,54,273,"1,096.00","299,208.00"
2019-01-16,2019011601003959,MERO,44,45,10,"1,096.00","10,960.00"
2019-01-16,2019011601003958,MERO,26,45,30,"1,098.00","32,940.00"
2019-01-16,2019011601003945,MERO,57,45,48,"1,100.00","52,800.00"
2019-01-16,2019011601003847,MERO,57,7,16,"1,100.00","17,600.00"
2019-01-16,2019011601004036,MIDBL,45,42,223,145.00,"32,335.00"
2019-01-16,2019011601004035,MIDBL,22,42,400,146.00,"58,400.00"
2019-01-16,2019011601004127,MLBL,47,45,20,169.00,"3,380.00"
2019-01-16,2019011601004234,NABIL,59,59,50,841.00,"42,050.00"
2019-01-16,2019011601004233,NABIL,48,59,50,841.00,"42,050.00"
2019-01-16,2019011601004100,NABIL,6,49,100,844.00,"84,400.00"
2019-01-16,2019011601003830,NABIL,32,5,470,842.00,"395,740.00"
2019-01-16,2019011601003816,NABIL,32,29,30,842.00,"25,260.00"
2019-01-16,2019011601003815,NABIL,56,29,50,842.00,"42,100.00"
2019-01-16,2019011601003814,NABIL,13,29,100,842.00,"84,200.00"
2019-01-16,2019011601003813,NABIL,56,29,100,842.00,"84,200.00"
2019-01-16,2019011601003812,NABIL,56,29,100,842.00,"84,200.00"
2019-01-16,2019011601003811,NABIL,56,29,60,843.00,"50,580.00"
2019-01-16,2019011601003810,NABIL,41,29,60,843.00,"50,580.00"
2019-01-16,2019011601004128,NABILP,17,6,20,725.00,"14,500.00"
2019-01-16,2019011601004178,NADEP,26,59,10,802.00,"8,020.00"
2019-01-16,2019011601003743,NADEP,14,54,10,801.00,"8,010.00"
2019-01-16,2019011601003947,NADEP,6,54,10,802.00,"8,020.00"
2019-01-16,2019011601003941,NADEP,6,54,10,802.00,"8,020.00"
2019-01-16,2019011601003920,NADEP,6,54,10,802.00,"8,020.00"
2019-01-16,2019011601003871,NADEP,6,37,10,802.00,"8,020.00"
2019-01-16,2019011601004030,NADEP,14,54,10,801.00,"8,010.00"
2019-01-16,2019011601003994,NADEP,14,54,10,801.00,"8,010.00"
2019-01-16,2019011601003988,NADEP,14,54,10,801.00,"8,010.00"
2019-01-16,2019011601003973,NADEP,14,54,10,801.00,"8,010.00"
2019-01-16,2019011601003961,NADEP,14,33,80,801.00,"64,080.00"
2019-01-16,2019011601003960,NADEP,14,54,10,801.00,"8,010.00"
2019-01-16,2019011601004231,NBB,17,45,210,190.00,"39,900.00"
2019-01-16,2019011601004230,NBB,17,28,90,190.00,"17,100.00"
2019-01-16,2019011601004223,NBB,55,33,731,189.00,"138,159.00"
2019-01-16,2019011601004222,NBB,17,33,269,189.00,"50,841.00"
2019-01-16,2019011601004106,NBB,17,34,922,189.00,"174,258.00"
2019-01-16,2019011601003993,NBB,10,28,30,190.00,"5,700.00"
2019-01-16,2019011601003919,NBB,17,58,275,189.00,"51,975.00"
2019-01-16,2019011601003857,NBB,17,7,534,189.00,"100,926.00"
2019-01-16,2019011601003742,NBB,58,5,200,189.00,"37,800.00"
2019-01-16,2019011601004191,NBL,10,35,"1,000",292.00,"292,000.00"
2019-01-16,2019011601004184,NBL,28,36,"1,250",292.00,"365,000.00"
2019-01-16,2019011601004153,NBL,51,36,150,292.00,"43,800.00"
2019-01-16,2019011601004149,NBL,17,4,500,294.00,"147,000.00"
2019-01-16,2019011601004140,NBL,49,25,114,291.00,"33,174.00"
2019-01-16,2019011601004139,NBL,40,25,300,291.00,"87,300.00"
2019-01-16,2019011601003855,NBL,13,8,50,293.00,"14,650.00"
2019-01-16,2019011601003987,NBL,33,4,800,294.00,"235,200.00"
2019-01-16,2019011601003986,NBL,5,4,50,293.00,"14,650.00"
2019-01-16,2019011601003985,NBL,17,4,"1,000",293.00,"293,000.00"
2019-01-16,2019011601003984,NBL,13,4,950,293.00,"278,350.00"
2019-01-16,2019011601003908,NBL,13,4,955,294.00,"280,770.00"
2019-01-16,2019011601003907,NBL,13,36,545,294.00,"160,230.00"
2019-01-16,2019011601004081,NBL,39,35,200,293.00,"58,600.00"
2019-01-16,2019011601004080,NBL,22,35,10,293.00,"2,930.00"
2019-01-16,2019011601004079,NBL,13,35,500,293.00,"146,500.00"
2019-01-16,2019011601004078,NBL,5,35,150,293.00,"43,950.00"
2019-01-16,2019011601004017,NBL,33,4,"1,000",294.00,"294,000.00"
2019-01-16,2019011601004002,NBL,33,4,200,294.00,"58,800.00"
2019-01-16,2019011601004132,NBL,5,25,500,292.00,"146,000.00"
2019-01-16,2019011601004131,NBL,5,25,200,292.00,"58,400.00"
2019-01-16,2019011601004130,NBL,43,25,"1,000",292.00,"292,000.00"
2019-01-16,2019011601004129,NBL,54,25,960,292.00,"280,320.00"
2019-01-16,2019011601004087,NBL,4,4,200,294.00,"58,800.00"
2019-01-16,2019011601004082,NBL,54,35,40,292.00,"11,680.00"
2019-01-16,2019011601004138,NBL,45,25,"2,000",291.00,"582,000.00"
2019-01-16,2019011601004137,NBL,43,25,"3,000",291.00,"873,000.00"
2019-01-16,2019011601004136,NBL,45,25,500,291.00,"145,500.00"
2019-01-16,2019011601004135,NBL,39,25,200,291.00,"58,200.00"
2019-01-16,2019011601004134,NBL,39,25,726,291.00,"211,266.00"
2019-01-16,2019011601004133,NBL,13,25,500,292.00,"146,000.00"
2019-01-16,2019011601004142,NCCB,6,1,645,216.00,"139,320.00"
2019-01-16,2019011601004141,NCCB,45,1,254,216.00,"54,864.00"
2019-01-16,2019011601003989,NCCB,45,16,14,216.00,"3,024.00"
2019-01-16,2019011601003880,NCCB,45,48,732,216.00,"158,112.00"
2019-01-16,2019011601003791,NCCB,57,34,40,217.00,"8,680.00"
2019-01-16,2019011601003790,NCCB,45,34,50,217.00,"10,850.00"
2019-01-16,2019011601003789,NCCB,37,34,610,217.00,"132,370.00"
2019-01-16,2019011601004202,NCDB,38,13,50,116.00,"5,800.00"
2019-01-16,2019011601004201,NEF,47,1,714,8.05,"5,747.70"
2019-01-16,2019011601004111,NEF,55,1,700,8.05,"5,635.00"
2019-01-16,2019011601004099,NGPL,1,39,92,132.00,"12,144.00"
2019-01-16,2019011601004098,NGPL,35,39,50,132.00,"6,600.00"
2019-01-16,2019011601004077,NGPL,35,44,13,133.00,"1,729.00"
2019-01-16,2019011601003861,NGPL,36,22,86,134.00,"11,524.00"
2019-01-16,2019011601003854,NGPL,36,29,414,134.00,"55,476.00"
2019-01-16,2019011601003853,NGPL,17,29,89,134.00,"11,926.00"
2019-01-16,2019011601003836,NGPL,29,39,10,135.00,"1,350.00"
2019-01-16,2019011601004158,NHPC,20,35,100,69.00,"6,900.00"
2019-01-16,2019011601004155,NHPC,20,46,200,68.00,"13,600.00"
2019-01-16,2019011601004154,NHPC,20,50,670,68.00,"45,560.00"
2019-01-16,2019011601003886,NHPC,54,41,60,67.00,"4,020.00"
2019-01-16,2019011601003885,NHPC,21,41,"1,000",67.00,"67,000.00"
2019-01-16,2019011601003850,NHPC,38,50,100,68.00,"6,800.00"
2019-01-16,2019011601004125,NIB,6,5,200,545.00,"109,000.00"
2019-01-16,2019011601004107,NIB,22,5,500,545.00,"272,500.00"
2019-01-16,2019011601004083,NIB,36,5,30,545.00,"16,350.00"
2019-01-16,2019011601003957,NIB,45,29,40,543.00,"21,720.00"
2019-01-16,2019011601003956,NIB,51,29,200,543.00,"108,600.00"
2019-01-16,2019011601003955,NIB,26,29,200,543.00,"108,600.00"
2019-01-16,2019011601003757,NIB,33,57,100,544.00,"54,400.00"
2019-01-16,2019011601003756,NIB,57,57,26,544.00,"14,144.00"
2019-01-16,2019011601003755,NIB,47,57,50,544.00,"27,200.00"
2019-01-16,2019011601003754,NIB,41,57,77,544.00,"41,888.00"
2019-01-16,2019011601003753,NIB,53,57,434,544.00,"236,096.00"
2019-01-16,2019011601003763,NIB,33,57,100,544.00,"54,400.00"
2019-01-16,2019011601003762,NIB,49,57,100,544.00,"54,400.00"
2019-01-16,2019011601003761,NIB,59,57,200,544.00,"108,800.00"
2019-01-16,2019011601003760,NIB,38,57,25,544.00,"13,600.00"
2019-01-16,2019011601003759,NIB,19,57,30,544.00,"16,320.00"
2019-01-16,2019011601003758,NIB,29,57,100,544.00,"54,400.00"
2019-01-16,2019011601003954,NIB,1,29,50,543.00,"27,150.00"
2019-01-16,2019011601003933,NIB,21,58,86,544.00,"46,784.00"
2019-01-16,2019011601003905,NIB,53,58,550,544.00,"299,200.00"
2019-01-16,2019011601003785,NIB,50,5,30,545.00,"16,350.00"
2019-01-16,2019011601003765,NIB,59,57,25,544.00,"13,600.00"
2019-01-16,2019011601003764,NIB,58,57,300,544.00,"163,200.00"
2019-01-16,2019011601004170,NIBPO,57,8,500,491.00,"245,500.00"
2019-01-16,2019011601004074,NIBPO,57,55,93,491.00,"45,663.00"
2019-01-16,2019011601004023,NIBPO,22,8,500,492.00,"246,000.00"
2019-01-16,2019011601004022,NIBPO,44,8,50,492.00,"24,600.00"
2019-01-16,2019011601004102,NICA,56,44,46,398.00,"18,308.00"
2019-01-16,2019011601004076,NICA,56,44,40,398.00,"15,920.00"
2019-01-16,2019011601003867,NICA,33,20,43,397.00,"17,071.00"
2019-01-16,2019011601003829,NICA,33,58,"1,400",397.00,"555,800.00"
2019-01-16,2019011601003752,NICA,33,10,507,397.00,"201,279.00"
2019-01-16,2019011601003751,NICA,51,10,500,397.00,"198,500.00"
2019-01-16,2019011601003750,NICA,57,10,350,397.00,"138,950.00"
2019-01-16,2019011601003749,NICA,17,10,50,397.00,"19,850.00"
2019-01-16,2019011601003748,NICA,21,10,100,397.00,"39,700.00"
2019-01-16,2019011601003747,NICA,21,10,50,397.00,"19,850.00"
2019-01-16,2019011601003746,NICA,26,10,74,397.00,"29,378.00"
2019-01-16,2019011601004235,NICL,44,13,50,577.00,"28,850.00"
2019-01-16,2019011601004214,NICL,44,7,100,577.00,"57,700.00"
2019-01-16,2019011601004048,NICL,17,33,54,578.00,"31,212.00"
2019-01-16,2019011601004006,NICL,10,33,10,578.00,"5,780.00"
2019-01-16,2019011601004152,NICL,44,58,151,577.00,"87,127.00"
2019-01-16,2019011601004151,NICL,17,58,146,578.00,"84,388.00"
2019-01-16,2019011601004103,NICL,45,17,20,579.00,"11,580.00"
2019-01-16,2019011601004167,NIL,10,6,10,552.00,"5,520.00"
2019-01-16,2019011601004112,NIL,25,52,100,552.00,"55,200.00"
2019-01-16,2019011601004026,NIL,37,53,125,549.00,"68,625.00"
2019-01-16,2019011601004025,NIL,58,53,75,549.00,"41,175.00"
2019-01-16,2019011601003983,NIL,10,7,10,553.00,"5,530.00"
2019-01-16,2019011601003968,NIL,58,6,425,549.00,"233,325.00"
2019-01-16,2019011601003967,NIL,35,6,175,549.00,"96,075.00"
2019-01-16,2019011601004024,NLBBL,10,45,10,481.00,"4,810.00"
2019-01-16,2019011601004033,NLG,10,33,10,880.00,"8,800.00"
2019-01-16,2019011601004199,NLIC,8,44,50,"1,130.00","56,500.00"
2019-01-16,2019011601004171,NLIC,57,44,420,"1,130.00","474,600.00"
2019-01-16,2019011601003972,NLIC,57,33,80,"1,128.00","90,240.00"
2019-01-16,2019011601003971,NLIC,58,33,20,"1,128.00","22,560.00"
2019-01-16,2019011601003969,NLIC,58,57,45,"1,129.00","50,805.00"
2019-01-16,2019011601003931,NLIC,10,44,423,"1,130.00","477,990.00"
2019-01-16,2019011601003890,NLIC,25,25,200,"1,131.00","226,200.00"
2019-01-16,2019011601003879,NLIC,10,25,577,"1,130.00","652,010.00"
2019-01-16,2019011601003878,NLIC,19,25,30,"1,130.00","33,900.00"
2019-01-16,2019011601003877,NLIC,28,25,20,"1,130.00","22,600.00"
2019-01-16,2019011601003876,NLIC,44,25,38,"1,130.00","42,940.00"
2019-01-16,2019011601003970,NLICL,10,33,10,713.00,"7,130.00"
2019-01-16,2019011601003823,NLICL,53,53,50,710.00,"35,500.00"
2019-01-16,2019011601003822,NLICL,53,21,18,709.00,"12,762.00"
2019-01-16,2019011601004104,NMB,22,4,500,324.00,"162,000.00"
2019-01-16,2019011601003951,NMB,18,19,500,323.00,"161,500.00"
2019-01-16,2019011601003950,NMB,21,19,100,323.00,"32,300.00"
2019-01-16,2019011601003949,NMB,55,19,199,323.00,"64,277.00"
2019-01-16,2019011601003916,NMB,55,36,301,323.00,"97,223.00"
2019-01-16,2019011601003915,NMB,53,36,199,323.00,"64,277.00"
2019-01-16,2019011601003889,NMB,33,25,100,323.00,"32,300.00"
2019-01-16,2019011601003883,NMB,33,25,100,323.00,"32,300.00"
2019-01-16,2019011601003873,NMB,33,25,100,323.00,"32,300.00"
2019-01-16,2019011601003832,NMB,51,4,61,324.00,"19,764.00"
2019-01-16,2019011601003899,NMB,53,25,100,323.00,"32,300.00"
2019-01-16,2019011601003898,NMB,53,25,100,323.00,"32,300.00"
2019-01-16,2019011601003897,NMB,53,29,101,323.00,"32,623.00"
2019-01-16,2019011601003896,NMB,34,29,50,323.00,"16,150.00"
2019-01-16,2019011601003895,NMB,33,29,43,323.00,"13,889.00"
2019-01-16,2019011601003892,NMB,33,56,11,323.00,"3,553.00"
2019-01-16,2019011601004197,NMBMF,50,50,100,"1,120.00","112,000.00"
2019-01-16,2019011601004108,NMBMF,48,43,100,"1,122.00","112,200.00"
2019-01-16,2019011601004195,NMBSF1,34,42,"2,000",10.45,"20,900.00"
2019-01-16,2019011601004194,NMBSF1,34,42,"5,000",10.46,"52,300.00"
2019-01-16,2019011601004193,NMBSF1,17,42,"2,000",10.55,"21,100.00"
2019-01-16,2019011601004237,NSEWA,18,39,10,593.00,"5,930.00"
2019-01-16,2019011601004236,NSEWA,18,36,10,593.00,"5,930.00"
2019-01-16,2019011601004051,NSEWA,22,48,10,590.00,"5,900.00"
2019-01-16,2019011601004050,NSEWA,22,25,10,590.00,"5,900.00"
2019-01-16,2019011601004049,NSEWA,22,25,10,590.00,"5,900.00"
2019-01-16,2019011601004173,NTC,59,8,20,734.00,"14,680.00"
2019-01-16,2019011601004148,NUBL,45,57,194,777.00,"150,738.00"
2019-01-16,2019011601004147,NUBL,37,57,32,778.00,"24,896.00"
2019-01-16,2019011601004015,NUBL,37,26,150,778.00,"116,700.00"
2019-01-16,2019011601004224,PCBL,21,6,100,327.00,"32,700.00"
2019-01-16,2019011601004182,PCBL,58,6,100,327.00,"32,700.00"
2019-01-16,2019011601004181,PCBL,17,6,100,327.00,"32,700.00"
2019-01-16,2019011601004180,PCBL,42,6,200,327.00,"65,400.00"
2019-01-16,2019011601004200,PIC,56,53,115,"1,075.00","123,625.00"
2019-01-16,2019011601004157,PIC,33,45,100,"1,071.00","107,100.00"
2019-01-16,2019011601004144,PIC,33,13,50,"1,071.00","53,550.00"
2019-01-16,2019011601003902,PIC,41,45,200,"1,071.00","214,200.00"
2019-01-16,2019011601003901,PIC,46,45,100,"1,071.00","107,100.00"
2019-01-16,2019011601003900,PIC,22,45,39,"1,071.00","41,769.00"
2019-01-16,2019011601003894,PIC,22,7,11,"1,071.00","11,781.00"
2019-01-16,2019011601004064,PLIC,10,58,10,507.00,"5,070.00"
2019-01-16,2019011601004241,PMHPL,17,36,10,115.00,"1,150.00"
2019-01-16,2019011601003852,PMHPL,17,48,10,115.00,"1,150.00"
2019-01-16,2019011601004055,PRIN,10,45,10,463.00,"4,630.00"
2019-01-16,2019011601004228,PRVU,14,28,240,244.00,"58,560.00"
2019-01-16,2019011601004116,PRVU,46,32,10,246.00,"2,460.00"
2019-01-16,2019011601004072,PRVU,14,38,736,244.00,"179,584.00"
2019-01-16,2019011601004071,PRVU,40,38,500,244.00,"122,000.00"
2019-01-16,2019011601004070,PRVU,57,38,"1,000",244.00,"244,000.00"
2019-01-16,2019011601004069,PRVU,33,38,"2,000",244.00,"488,000.00"
2019-01-16,2019011601004068,PRVU,13,38,300,244.00,"73,200.00"
2019-01-16,2019011601004067,PRVU,35,38,274,244.00,"66,856.00"
2019-01-16,2019011601004066,PRVU,17,38,140,245.00,"34,300.00"
2019-01-16,2019011601004065,PRVU,43,38,50,245.00,"12,250.00"
2019-01-16,2019011601004047,PRVU,10,32,20,246.00,"4,920.00"
2019-01-16,2019011601004037,PRVU,46,32,10,246.00,"2,460.00"
2019-01-16,2019011601003833,RBCL,1,43,10,"9,791.00","97,910.00"
2019-01-16,2019011601004041,RLFL,1,39,246,118.00,"29,028.00"
2019-01-16,2019011601004019,RLFL,1,3,132,118.00,"15,576.00"
2019-01-16,2019011601004003,RLFL,1,3,122,118.00,"14,396.00"
2019-01-16,2019011601003801,RRHP,21,48,10,103.00,"1,030.00"
2019-01-16,2019011601004210,RSDC,29,59,100,392.00,"39,200.00"
2019-01-16,2019011601004209,RSDC,48,59,250,392.00,"98,000.00"
2019-01-16,2019011601004208,RSDC,1,59,41,393.00,"16,113.00"
2019-01-16,2019011601004207,RSDC,56,59,30,393.00,"11,790.00"
2019-01-16,2019011601004206,RSDC,42,59,15,393.00,"5,895.00"
2019-01-16,2019011601004205,RSDC,39,59,57,393.00,"22,401.00"
2019-01-16,2019011601004101,RSDC,10,4,20,395.00,"7,900.00"
2019-01-16,2019011601004052,RSDC,46,4,10,395.00,"3,950.00"
2019-01-16,2019011601003799,RSDC,6,6,1,394.00,394.00
2019-01-16,2019011601004221,SADBL,58,29,720,152.00,"109,440.00"
2019-01-16,2019011601004220,SADBL,58,45,"1,000",151.00,"151,000.00"
2019-01-16,2019011601004219,SADBL,58,59,280,149.00,"41,720.00"
2019-01-16,2019011601004204,SADBL,33,10,300,148.00,"44,400.00"
2019-01-16,2019011601004165,SADBL,49,16,500,146.00,"73,000.00"
2019-01-16,2019011601004146,SADBL,20,13,"1,000",146.00,"146,000.00"
2019-01-16,2019011601003783,SADBL,59,37,"1,000",146.00,"146,000.00"
2019-01-16,2019011601003782,SADBL,59,34,"1,025",146.00,"149,650.00"
2019-01-16,2019011601003781,SADBL,59,26,98,146.00,"14,308.00"
2019-01-16,2019011601003780,SADBL,59,49,200,145.00,"29,000.00"
2019-01-16,2019011601003778,SADBL,59,8,101,144.00,"14,544.00"
2019-01-16,2019011601003777,SADBL,59,25,98,144.00,"14,112.00"
2019-01-16,2019011601003794,SADBL,59,37,500,150.00,"75,000.00"
2019-01-16,2019011601003793,SADBL,59,37,500,150.00,"75,000.00"
2019-01-16,2019011601003792,SADBL,59,33,500,149.00,"74,500.00"
2019-01-16,2019011601003788,SADBL,59,41,700,148.00,"103,600.00"
2019-01-16,2019011601003787,SADBL,59,4,205,147.00,"30,135.00"
2019-01-16,2019011601003786,SADBL,59,13,150,147.00,"22,050.00"
2019-01-16,2019011601003821,SADBL,59,29,"1,300",153.00,"198,900.00"
2019-01-16,2019011601003820,SADBL,59,38,300,153.00,"45,900.00"
2019-01-16,2019011601003819,SADBL,59,59,29,152.00,"4,408.00"
2019-01-16,2019011601003818,SADBL,59,28,"1,000",151.00,"151,000.00"
2019-01-16,2019011601003800,SADBL,59,26,77,150.00,"11,550.00"
2019-01-16,2019011601003795,SADBL,59,26,923,150.00,"138,450.00"
2019-01-16,2019011601004007,SADBL,58,58,10,145.00,"1,450.00"
2019-01-16,2019011601003982,SADBL,58,58,10,147.00,"1,470.00"
2019-01-16,2019011601003934,SADBL,58,59,50,149.00,"7,450.00"
2019-01-16,2019011601003903,SADBL,58,53,50,152.00,"7,600.00"
2019-01-16,2019011601003835,SADBL,59,21,10,155.00,"1,550.00"
2019-01-16,2019011601003859,SANIMA,25,45,100,308.00,"30,800.00"
2019-01-16,2019011601003858,SANIMA,25,33,500,308.00,"154,000.00"
2019-01-16,2019011601004018,SBI,10,37,20,390.00,"7,800.00"
2019-01-16,2019011601004185,SBL,45,45,500,292.00,"146,000.00"
2019-01-16,2019011601004179,SBL,45,52,300,292.00,"87,600.00"
2019-01-16,2019011601004110,SBL,10,26,20,294.00,"5,880.00"
2019-01-16,2019011601004097,SBL,19,55,50,291.00,"14,550.00"
2019-01-16,2019011601004013,SBL,22,55,100,291.00,"29,100.00"
2019-01-16,2019011601004012,SBL,38,55,50,291.00,"14,550.00"
2019-01-16,2019011601004011,SBL,21,55,100,292.00,"29,200.00"
2019-01-16,2019011601003865,SBL,17,55,200,293.00,"58,600.00"
2019-01-16,2019011601004176,SCB,34,6,174,594.00,"103,356.00"
2019-01-16,2019011601004168,SCB,34,6,26,594.00,"15,444.00"
2019-01-16,2019011601004160,SCB,37,6,200,595.00,"119,000.00"
2019-01-16,2019011601004159,SCB,49,6,75,595.00,"44,625.00"
2019-01-16,2019011601004058,SCB,36,28,50,596.00,"29,800.00"
2019-01-16,2019011601003866,SCB,49,7,20,595.00,"11,900.00"
2019-01-16,2019011601003904,SCB,49,7,20,595.00,"11,900.00"
2019-01-16,2019011601003872,SCB,49,7,20,595.00,"11,900.00"
2019-01-16,2019011601003974,SEF,26,4,"1,500",9.50,"14,250.00"
2019-01-16,2019011601003831,SHINE,26,32,24,249.00,"5,976.00"
2019-01-16,2019011601004226,SHPC,45,57,100,239.00,"23,900.00"
2019-01-16,2019011601004225,SHPC,49,57,100,239.00,"23,900.00"
2019-01-16,2019011601004117,SIC,42,39,80,"1,365.00","109,200.00"
2019-01-16,2019011601004075,SIC,42,45,10,"1,370.00","13,700.00"
2019-01-16,2019011601004031,SICL,53,14,100,942.00,"94,200.00"
2019-01-16,2019011601003769,SICL,56,5,43,944.00,"40,592.00"
2019-01-16,2019011601003918,SICL,19,6,30,943.00,"28,290.00"
2019-01-16,2019011601003917,SICL,57,6,20,943.00,"18,860.00"
2019-01-16,2019011601003772,SICL,32,5,100,943.00,"94,300.00"
2019-01-16,2019011601003771,SICL,5,5,100,943.00,"94,300.00"
2019-01-16,2019011601003770,SICL,25,5,69,943.00,"65,067.00"
2019-01-16,2019011601004120,SIL,10,22,10,669.00,"6,690.00"
2019-01-16,2019011601004150,SKBBL,10,14,10,"1,085.00","10,850.00"
2019-01-16,2019011601004029,SKBBL,18,45,50,"1,084.00","54,200.00"
2019-01-16,2019011601004028,SKBBL,18,59,50,"1,084.00","54,200.00"
2019-01-16,2019011601004027,SKBBL,18,5,100,"1,083.00","108,300.00"
2019-01-16,2019011601003868,SKBBL,19,59,50,"1,084.00","54,200.00"
2019-01-16,2019011601003796,SKBBL,42,26,35,"1,081.00","37,835.00"
2019-01-16,2019011601004143,SLBBL,10,47,10,545.00,"5,450.00"
2019-01-16,2019011601004238,SLBS,45,21,10,"1,030.00","10,300.00"
2019-01-16,2019011601004196,SLBS,45,54,18,"1,030.00","18,540.00"
2019-01-16,2019011601004186,SLBS,45,54,18,"1,030.00","18,540.00"
2019-01-16,2019011601004183,SLBS,45,54,18,"1,030.00","18,540.00"
2019-01-16,2019011601003817,SLBS,39,29,11,"1,044.00","11,484.00"
2019-01-16,2019011601004162,SLICL,10,13,20,570.00,"11,400.00"
2019-01-16,2019011601004021,SLICL,45,48,300,567.00,"170,100.00"
2019-01-16,2019011601003944,SLICL,25,46,84,567.00,"47,628.00"
2019-01-16,2019011601003938,SLICL,25,46,500,567.00,"283,500.00"
2019-01-16,2019011601003937,SLICL,42,46,84,568.00,"47,712.00"
2019-01-16,2019011601004145,SMATA,40,22,10,"1,218.00","12,180.00"
2019-01-16,2019011601003809,SMFDB,17,41,100,717.00,"71,700.00"
2019-01-16,2019011601004239,SRBL,14,28,76,217.00,"16,492.00"
2019-01-16,2019011601004126,SRBL,10,28,20,217.00,"4,340.00"
2019-01-16,2019011601004009,SRBL,50,16,42,216.00,"9,072.00"
2019-01-16,2019011601003851,SRBL,50,40,250,215.00,"53,750.00"
2019-01-16,2019011601004161,UIC,56,58,50,800.00,"40,000.00"
2019-01-16,2019011601004229,UPPER,58,56,40,283.00,"11,320.00"
2019-01-16,2019011601004056,UPPER,58,6,40,283.00,"11,320.00"
2019-01-16,2019011601004008,UPPER,58,6,50,283.00,"14,150.00"
2019-01-16,2019011601003948,UPPER,58,6,50,283.00,"14,150.00"
2019-01-16,2019011601004115,VLBS,22,45,77,703.00,"54,131.00"
2019-01-16,2019011601004114,VLBS,22,17,33,703.00,"23,199.00"
2019-01-16,2019011601004057,WOMI,53,53,15,"1,113.00","16,695.00"
2019-01-16,2019011601003884,WOMI,45,29,14,"1,125.00","15,750.00"
2019-01-16,2019011601003870,WOMI,48,14,11,"1,112.00","12,232.00"
2019-01-16,2019011601003869,WOMI,5,14,15,"1,112.00","16,680.00"
2019-01-16,2019011601003426,ADBL,49,16,100,348.00,"34,800.00"
2019-01-16,2019011601003398,ADBL,42,28,100,349.00,"34,900.00"
2019-01-16,2019011601003290,ADBL,50,28,50,349.00,"17,450.00"
2019-01-16,2019011601003480,AHPC,34,33,16,105.00,"1,680.00"
2019-01-16,2019011601003318,AKJCL,57,58,10,90.00,900.00
2019-01-16,2019011601003316,AKJCL,57,6,10,90.00,900.00
2019-01-16,2019011601003295,AKJCL,57,6,20,90.00,"1,800.00"
2019-01-16,2019011601003285,AKJCL,57,6,10,90.00,900.00
2019-01-16,2019011601003274,AKJCL,57,6,10,90.00,900.00
2019-01-16,2019011601003273,AKJCL,1,6,10,91.00,910.00
2019-01-16,2019011601003254,AKJCL,1,6,10,91.00,910.00
2019-01-16,2019011601003249,AKJCL,1,6,10,91.00,910.00
2019-01-16,2019011601003411,AKPL,39,36,500,188.00,"94,000.00"
2019-01-16,2019011601003567,ALICL,45,6,152,639.00,"97,128.00"
2019-01-16,2019011601003566,ALICL,45,50,109,638.00,"69,542.00"
2019-01-16,2019011601003565,ALICL,45,4,39,638.00,"24,882.00"
2019-01-16,2019011601003483,ALICL,57,45,66,635.00,"41,910.00"
2019-01-16,2019011601003424,ALICL,57,57,100,635.00,"63,500.00"
2019-01-16,2019011601003420,ALICL,45,26,200,637.00,"127,400.00"
2019-01-16,2019011601003362,ALICL,57,49,84,635.00,"53,340.00"
2019-01-16,2019011601003310,AMFI,14,29,30,736.00,"22,080.00"
2019-01-16,2019011601003315,API,58,55,11,151.00,"1,661.00"
2019-01-16,2019011601003263,API,19,34,100,154.00,"15,400.00"
2019-01-16,2019011601003688,BBC,26,11,10,"1,786.00","17,860.00"
2019-01-16,2019011601003484,BOKL,19,25,100,268.00,"26,800.00"
2019-01-16,2019011601003392,BOKL,6,43,25,269.00,"6,725.00"
2019-01-16,2019011601003247,BOKL,6,42,200,269.00,"53,800.00"
2019-01-16,2019011601003246,BOKL,6,21,44,269.00,"11,836.00"
2019-01-16,2019011601003693,BPCL,36,41,10,372.00,"3,720.00"
2019-01-16,2019011601003685,BPCL,36,41,10,372.00,"3,720.00"
2019-01-16,2019011601003676,BPCL,36,6,10,372.00,"3,720.00"
2019-01-16,2019011601003625,BPCL,36,26,194,372.00,"72,168.00"
2019-01-16,2019011601003624,BPCL,6,26,56,373.00,"20,888.00"
2019-01-16,2019011601003595,BPCL,6,6,10,373.00,"3,730.00"
2019-01-16,2019011601003465,BPCL,6,29,34,373.00,"12,682.00"
2019-01-16,2019011601003631,CBBL,33,49,20,884.00,"17,680.00"
2019-01-16,2019011601003618,CBBL,33,49,400,884.00,"353,600.00"
2019-01-16,2019011601003617,CBBL,1,49,500,884.00,"442,000.00"
2019-01-16,2019011601003616,CBBL,58,49,100,885.00,"88,500.00"
2019-01-16,2019011601003607,CBBL,50,33,20,886.00,"17,720.00"
2019-01-16,2019011601003440,CBBL,58,45,400,885.00,"354,000.00"
2019-01-16,2019011601003262,CBBL,33,25,10,886.00,"8,860.00"
2019-01-16,2019011601003439,CBBL,7,45,200,885.00,"177,000.00"
2019-01-16,2019011601003414,CBBL,39,49,30,886.00,"26,580.00"
2019-01-16,2019011601003397,CBBL,39,45,159,886.00,"140,874.00"
2019-01-16,2019011601003384,CBBL,58,45,200,886.00,"177,200.00"
2019-01-16,2019011601003383,CBBL,42,45,50,886.00,"44,300.00"
2019-01-16,2019011601003382,CBBL,33,45,122,886.00,"108,092.00"
2019-01-16,2019011601003669,CCBL,18,59,773,170.00,"131,410.00"
2019-01-16,2019011601003668,CCBL,39,59,300,170.00,"51,000.00"
2019-01-16,2019011601003667,CCBL,57,59,11,170.00,"1,870.00"
2019-01-16,2019011601003666,CCBL,26,59,101,171.00,"17,271.00"
2019-01-16,2019011601003665,CCBL,26,59,15,171.00,"2,565.00"
2019-01-16,2019011601003659,CCBL,38,43,25,173.00,"4,325.00"
2019-01-16,2019011601003338,CCBL,5,49,38,172.00,"6,536.00"
2019-01-16,2019011601003443,CFCL,49,55,60,110.00,"6,600.00"
2019-01-16,2019011601003422,CFCL,32,55,184,110.00,"20,240.00"
2019-01-16,2019011601003418,CFCL,32,21,16,110.00,"1,760.00"
2019-01-16,2019011601003417,CFCL,45,21,44,111.00,"4,884.00"
2019-01-16,2019011601003629,CHCL,38,1,500,540.00,"270,000.00"
2019-01-16,2019011601003589,CHCL,56,21,30,539.00,"16,170.00"
2019-01-16,2019011601003499,CHCL,56,1,500,540.00,"270,000.00"
2019-01-16,2019011601003405,CHCL,42,1,100,540.00,"54,000.00"
2019-01-16,2019011601003378,CHCL,21,58,100,539.00,"53,900.00"
2019-01-16,2019011601003370,CHCL,10,1,100,540.00,"54,000.00"
2019-01-16,2019011601003337,CHCL,38,1,100,540.00,"54,000.00"
2019-01-16,2019011601003242,CHCL,40,1,155,540.00,"83,700.00"
2019-01-16,2019011601003663,CIT,10,38,30,"2,850.00","85,500.00"
2019-01-16,2019011601003633,CIT,34,41,100,"2,850.00","285,000.00"
2019-01-16,2019011601003632,CIT,34,59,30,"2,850.00","85,500.00"
2019-01-16,2019011601003623,CIT,34,58,82,"2,848.00","233,536.00"
2019-01-16,2019011601003605,CIT,34,43,30,"2,848.00","85,440.00"
2019-01-16,2019011601003604,CIT,34,43,32,"2,848.00","91,136.00"
2019-01-16,2019011601003265,CIT,58,57,50,"2,775.00","138,750.00"
2019-01-16,2019011601003264,CIT,16,57,50,"2,775.00","138,750.00"
2019-01-16,2019011601003257,CIT,49,57,300,"2,780.00","834,000.00"
2019-01-16,2019011601003344,CIT,45,55,50,"2,785.00","139,250.00"
2019-01-16,2019011601003343,CIT,45,35,50,"2,785.00","139,250.00"
2019-01-16,2019011601003319,CIT,49,35,30,"2,785.00","83,550.00"
2019-01-16,2019011601003305,CIT,13,1,300,"2,800.00","840,000.00"
2019-01-16,2019011601003299,CIT,16,57,61,"2,790.00","170,190.00"
2019-01-16,2019011601003266,CIT,39,57,200,"2,775.00","555,000.00"
2019-01-16,2019011601003369,CIT,14,5,10,"2,810.00","28,100.00"
2019-01-16,2019011601003364,CIT,14,7,40,"2,810.00","112,400.00"
2019-01-16,2019011601003354,CIT,14,28,40,"2,810.00","112,400.00"
2019-01-16,2019011601003351,CIT,45,11,50,"2,800.00","140,000.00"
2019-01-16,2019011601003350,CIT,45,33,200,"2,800.00","560,000.00"
2019-01-16,2019011601003349,CIT,45,1,50,"2,800.00","140,000.00"
2019-01-16,2019011601003587,CIT,59,38,15,"2,825.00","42,375.00"
2019-01-16,2019011601003504,CIT,58,5,25,"2,819.00","70,475.00"
2019-01-16,2019011601003494,CIT,34,13,13,"2,814.00","36,582.00"
2019-01-16,2019011601003463,CIT,45,13,187,"2,814.00","526,218.00"
2019-01-16,2019011601003462,CIT,45,57,13,"2,814.00","36,582.00"
2019-01-16,2019011601003377,CIT,14,5,10,"2,810.00","28,100.00"
2019-01-16,2019011601003603,CIT,34,43,62,"2,848.00","176,576.00"
2019-01-16,2019011601003602,CIT,34,45,50,"2,840.00","142,000.00"
2019-01-16,2019011601003601,CIT,34,40,100,"2,824.00","282,400.00"
2019-01-16,2019011601003597,CIT,42,38,85,"2,816.00","239,360.00"
2019-01-16,2019011601003592,CIT,34,57,131,"2,815.00","368,765.00"
2019-01-16,2019011601003591,CIT,32,57,25,"2,816.00","70,400.00"
2019-01-16,2019011601003339,CMF1,26,55,100,9.11,911.00
2019-01-16,2019011601003363,CZBIL,17,38,310,217.00,"67,270.00"
2019-01-16,2019011601003270,CZBIL,42,38,240,217.00,"52,080.00"
2019-01-16,2019011601003711,DBBL,17,5,11,127.00,"1,397.00"
2019-01-16,2019011601003449,DBBL,58,25,"1,000",128.00,"128,000.00"
2019-01-16,2019011601003448,DBBL,58,34,"2,132",128.00,"272,896.00"
2019-01-16,2019011601003710,DDBL,25,37,23,580.00,"13,340.00"
2019-01-16,2019011601003709,DDBL,51,37,177,580.00,"102,660.00"
2019-01-16,2019011601003691,DDBL,39,37,100,582.00,"58,200.00"
2019-01-16,2019011601003399,DDBL,58,16,50,588.00,"29,400.00"
2019-01-16,2019011601003720,EBL,7,5,200,533.00,"106,600.00"
2019-01-16,2019011601003719,EBL,56,5,20,533.00,"10,660.00"
2019-01-16,2019011601003718,EBL,17,5,50,534.00,"26,700.00"
2019-01-16,2019011601003717,EBL,35,5,140,534.00,"74,760.00"
2019-01-16,2019011601003476,EBL,42,55,10,535.00,"5,350.00"
2019-01-16,2019011601003410,EBL,48,57,50,536.00,"26,800.00"
2019-01-16,2019011601003406,EBL,55,57,102,536.00,"54,672.00"
2019-01-16,2019011601003331,EBL,35,58,60,534.00,"32,040.00"
2019-01-16,2019011601003281,EDBL,39,35,20,269.00,"5,380.00"
