Date,Transact. No.,Symbol,Buyer,Seller,Quantity,Rate,Amount
2019-06-19,2019061901004389,ADBL,8,14,100,404.00,"40,400.00"
2019-06-19,2019061901004388,ADBL,8,4,450,404.00,"181,800.00"
2019-06-19,2019061901004363,ADBL,34,49,200,403.00,"80,600.00"
2019-06-19,2019061901004130,ADBL,34,4,30,404.00,"12,120.00"
2019-06-19,2019061901004226,AHPC,41,16,43,107.00,"4,601.00"
2019-06-19,2019061901004225,AHPC,58,16,10,107.00,"1,070.00"
2019-06-19,2019061901004397,AKPL,49,41,10,187.00,"1,870.00"
2019-06-19,2019061901004321,AKPL,25,41,10,184.00,"1,840.00"
2019-06-19,2019061901004289,AKPL,25,42,10,183.00,"1,830.00"
2019-06-19,2019061901004369,ALBSL,25,54,40,402.00,"16,080.00"
2019-06-19,2019061901004050,ALBSL,25,38,10,401.00,"4,010.00"
2019-06-19,2019061901004340,API,41,58,205,147.00,"30,135.00"
2019-06-19,2019061901003974,API,25,36,29,149.00,"4,321.00"
2019-06-19,2019061901003973,API,25,48,17,149.00,"2,533.00"
2019-06-19,2019061901003956,API,41,25,295,147.00,"43,365.00"
2019-06-19,2019061901003955,API,41,25,105,147.00,"15,435.00"
2019-06-19,2019061901004269,BARUN,48,16,10,92.00,920.00
2019-06-19,2019061901004398,BFC,57,51,100,105.00,"10,500.00"
2019-06-19,2019061901004339,BFC,52,29,400,104.00,"41,600.00"
2019-06-19,2019061901004338,BFC,29,29,100,104.00,"10,400.00"
2019-06-19,2019061901003997,BFC,29,29,900,104.00,"93,600.00"
2019-06-19,2019061901003996,BFC,26,29,100,104.00,"10,400.00"
2019-06-19,2019061901004087,BOKL,29,33,10,264.00,"2,640.00"
2019-06-19,2019061901004336,BPCL,49,40,11,402.00,"4,422.00"
2019-06-19,2019061901004163,BPCL,50,28,100,403.00,"40,300.00"
2019-06-19,2019061901004162,BPCL,34,28,93,403.00,"37,479.00"
2019-06-19,2019061901004002,BPCL,34,41,11,403.00,"4,433.00"
2019-06-19,2019061901004244,BPCL,34,49,56,403.00,"22,568.00"
2019-06-19,2019061901004221,BPCL,34,46,44,403.00,"17,732.00"
2019-06-19,2019061901004164,BPCL,34,28,100,403.00,"40,300.00"
2019-06-19,2019061901004054,CBL,29,56,100,146.00,"14,600.00"
2019-06-19,2019061901004040,CBL,1,56,50,146.00,"7,300.00"
2019-06-19,2019061901004003,CBL,34,25,300,146.00,"43,800.00"
2019-06-19,2019061901003954,CBL,36,25,200,146.00,"29,200.00"
2019-06-19,2019061901004411,CCBL,21,52,200,165.00,"33,000.00"
2019-06-19,2019061901004216,CCBL,21,37,107,165.00,"17,655.00"
2019-06-19,2019061901004214,CCBL,45,32,24,166.00,"3,984.00"
2019-06-19,2019061901003989,CCBL,45,4,200,164.00,"32,800.00"
2019-06-19,2019061901003979,CCBL,45,4,100,164.00,"16,400.00"
2019-06-19,2019061901004236,CHCL,37,37,10,514.00,"5,140.00"
2019-06-19,2019061901003992,CHCL,37,35,21,514.00,"10,794.00"
2019-06-19,2019061901004380,CIT,41,42,10,"2,491.00","24,910.00"
2019-06-19,2019061901004379,CIT,22,42,15,"2,493.00","37,395.00"
2019-06-19,2019061901004331,CZBIL,22,6,240,222.00,"53,280.00"
2019-06-19,2019061901004198,CZBIL,45,28,50,223.00,"11,150.00"
2019-06-19,2019061901003994,CZBIL,43,28,26,223.00,"5,798.00"
2019-06-19,2019061901003993,CZBIL,43,13,374,223.00,"83,402.00"
2019-06-19,2019061901003990,CZBIL,17,13,500,223.00,"111,500.00"
2019-06-19,2019061901004296,DBBL,49,16,10,144.00,"1,440.00"
2019-06-19,2019061901004230,DBBL,49,7,900,144.00,"129,600.00"
2019-06-19,2019061901004229,DBBL,45,7,100,144.00,"14,400.00"
2019-06-19,2019061901004023,DBBL,39,10,200,144.00,"28,800.00"
2019-06-19,2019061901004022,DBBL,22,10,300,144.00,"43,200.00"
2019-06-19,2019061901003978,DBBL,1,10,"3,000",144.00,"432,000.00"
2019-06-19,2019061901003977,DBBL,57,10,100,144.00,"14,400.00"
2019-06-19,2019061901003934,DBBL,22,29,200,145.00,"29,000.00"
2019-06-19,2019061901004142,EBL,52,52,216,661.00,"142,776.00"
2019-06-19,2019061901004248,EIC,1,19,40,369.00,"14,760.00"
2019-06-19,2019061901004197,EIC,1,21,10,369.00,"3,690.00"
2019-06-19,2019061901004328,FMDBL,21,21,3,385.00,"1,155.00"
2019-06-19,2019061901004409,FOWAD,17,17,9,"1,336.00","12,024.00"
2019-06-19,2019061901004386,FOWAD,29,25,100,"1,340.00","134,000.00"
2019-06-19,2019061901004267,FOWAD,21,21,1,"1,335.00","1,335.00"
2019-06-19,2019061901004219,FOWAD,51,25,100,"1,340.00","134,000.00"
2019-06-19,2019061901004149,GBBL,43,21,190,224.00,"42,560.00"
2019-06-19,2019061901004020,GBBL,43,16,51,224.00,"11,424.00"
2019-06-19,2019061901004383,GBIME,57,51,162,297.00,"48,114.00"
2019-06-19,2019061901004366,GBIME,42,51,38,297.00,"11,286.00"
2019-06-19,2019061901004365,GBIME,42,51,12,297.00,"3,564.00"
2019-06-19,2019061901004259,GBIME,45,37,20,296.00,"5,920.00"
2019-06-19,2019061901004188,GBIME,29,51,10,297.00,"2,970.00"
2019-06-19,2019061901004180,GBIME,29,51,10,297.00,"2,970.00"
2019-06-19,2019061901004156,GBIME,35,11,30,296.00,"8,880.00"
2019-06-19,2019061901004155,GBIME,55,11,200,296.00,"59,200.00"
2019-06-19,2019061901004154,GBIME,54,11,372,296.00,"110,112.00"
2019-06-19,2019061901004165,GBIME,44,51,50,297.00,"14,850.00"
2019-06-19,2019061901004161,GBIME,42,11,48,295.00,"14,160.00"
2019-06-19,2019061901004160,GBIME,58,11,"2,800",295.00,"826,000.00"
2019-06-19,2019061901004159,GBIME,6,11,500,296.00,"148,000.00"
2019-06-19,2019061901004158,GBIME,50,11,"1,000",296.00,"296,000.00"
2019-06-19,2019061901004157,GBIME,44,11,50,296.00,"14,800.00"
2019-06-19,2019061901004337,GBLBS,1,22,10,355.00,"3,550.00"
2019-06-19,2019061901004318,GBLBS,1,7,10,353.00,"3,530.00"
2019-06-19,2019061901004317,GBLBS,1,51,220,351.00,"77,220.00"
2019-06-19,2019061901004173,GBLBS,41,51,500,351.00,"175,500.00"
2019-06-19,2019061901004212,GDBL,40,21,60,210.00,"12,600.00"
2019-06-19,2019061901004211,GDBL,35,21,30,211.00,"6,330.00"
2019-06-19,2019061901004137,GHL,44,45,30,81.00,"2,430.00"
2019-06-19,2019061901004122,GHL,44,45,30,81.00,"2,430.00"
2019-06-19,2019061901004100,GHL,44,45,30,81.00,"2,430.00"
2019-06-19,2019061901004148,GHL,44,45,30,81.00,"2,430.00"
2019-06-19,2019061901004327,GHL,44,16,30,81.00,"2,430.00"
2019-06-19,2019061901004116,GRDBL,59,8,950,115.00,"109,250.00"
2019-06-19,2019061901004115,GRDBL,22,8,200,115.00,"23,000.00"
2019-06-19,2019061901004114,GRDBL,43,8,500,116.00,"58,000.00"
2019-06-19,2019061901004113,GRDBL,51,8,50,116.00,"5,800.00"
2019-06-19,2019061901004102,GRDBL,40,17,200,117.00,"23,400.00"
2019-06-19,2019061901003941,GUFL,44,29,500,119.00,"59,500.00"
2019-06-19,2019061901003940,GUFL,39,29,500,119.00,"59,500.00"
2019-06-19,2019061901004362,HBL,49,11,40,555.00,"22,200.00"
2019-06-19,2019061901004005,HBL,32,11,160,555.00,"88,800.00"
2019-06-19,2019061901003988,HBL,32,11,340,555.00,"188,700.00"
2019-06-19,2019061901003987,HBL,42,11,150,555.00,"83,250.00"
2019-06-19,2019061901004181,HDL,54,54,500,"1,720.00","860,000.00"
2019-06-19,2019061901004178,HIDCL,25,43,341,159.00,"54,219.00"
2019-06-19,2019061901004123,HIDCL,18,16,31,160.00,"4,960.00"
2019-06-19,2019061901004095,HIDCL,18,21,18,160.00,"2,880.00"
2019-06-19,2019061901004094,HIDCL,28,21,13,160.00,"2,080.00"
2019-06-19,2019061901004085,HIDCL,28,21,16,160.00,"2,560.00"
2019-06-19,2019061901004084,HIDCL,50,21,15,160.00,"2,400.00"
2019-06-19,2019061901004073,HIDCL,50,21,31,160.00,"4,960.00"
2019-06-19,2019061901004053,HIDCL,34,46,21,161.00,"3,381.00"
2019-06-19,2019061901004314,HPPL,42,17,10,180.00,"1,800.00"
2019-06-19,2019061901004313,HPPL,42,41,10,179.00,"1,790.00"
2019-06-19,2019061901004140,HPPL,36,16,10,177.00,"1,770.00"
2019-06-19,2019061901004196,HURJA,54,5,20,144.00,"2,880.00"
2019-06-19,2019061901004125,HURJA,54,14,10,144.00,"1,440.00"
2019-06-19,2019061901004124,HURJA,54,14,10,144.00,"1,440.00"
2019-06-19,2019061901003945,HURJA,38,40,20,145.00,"2,900.00"
2019-06-19,2019061901004423,JBBL,58,42,100,157.00,"15,700.00"
2019-06-19,2019061901003947,JBBL,45,4,100,156.00,"15,600.00"
2019-06-19,2019061901004167,JBNL,5,7,460,207.00,"95,220.00"
2019-06-19,2019061901004166,JBNL,41,7,149,207.00,"30,843.00"
2019-06-19,2019061901004067,JBNL,41,42,250,207.00,"51,750.00"
2019-06-19,2019061901004241,JOSHI,39,16,20,84.00,"1,680.00"
2019-06-19,2019061901004098,JOSHI,48,35,20,85.00,"1,700.00"
2019-06-19,2019061901004097,JOSHI,48,53,10,84.00,840.00
2019-06-19,2019061901004206,KADBL,59,46,726,190.00,"137,940.00"
2019-06-19,2019061901004187,KADBL,59,59,20,189.00,"3,780.00"
2019-06-19,2019061901004045,KBBL,32,28,900,237.00,"213,300.00"
2019-06-19,2019061901004044,KBBL,32,56,200,237.00,"47,400.00"
2019-06-19,2019061901004428,KBL,34,4,325,211.00,"68,575.00"
2019-06-19,2019061901004427,KBL,34,4,219,211.00,"46,209.00"
2019-06-19,2019061901004343,KBL,34,49,200,211.00,"42,200.00"
2019-06-19,2019061901004043,KBL,29,4,100,212.00,"21,200.00"
2019-06-19,2019061901004364,KRBL,33,38,10,118.00,"1,180.00"
2019-06-19,2019061901004399,KSBBL,39,33,80,154.00,"12,320.00"
2019-06-19,2019061901004246,KSBBL,5,33,20,154.00,"3,080.00"
2019-06-19,2019061901004066,KSBBL,1,33,50,154.00,"7,700.00"
2019-06-19,2019061901004273,LBL,36,37,282,217.00,"61,194.00"
2019-06-19,2019061901004271,LBL,36,34,100,217.00,"21,700.00"
2019-06-19,2019061901004195,LBL,36,21,36,217.00,"7,812.00"
2019-06-19,2019061901004194,LBL,17,21,16,217.00,"3,472.00"
2019-06-19,2019061901004027,LGIL,34,47,10,445.00,"4,450.00"
2019-06-19,2019061901003929,LGIL,58,47,25,445.00,"11,125.00"
2019-06-19,2019061901004315,LLBS,41,37,11,666.00,"7,326.00"
2019-06-19,2019061901004029,MBL,41,29,500,266.00,"133,000.00"
2019-06-19,2019061901004028,MBL,41,1,500,266.00,"133,000.00"
2019-06-19,2019061901003931,MBL,6,1,500,266.00,"133,000.00"
2019-06-19,2019061901004049,MDB,56,58,196,240.00,"47,040.00"
2019-06-19,2019061901004382,MEGA,45,19,6,200.00,"1,200.00"
2019-06-19,2019061901004381,MEGA,45,59,44,200.00,"8,800.00"
2019-06-19,2019061901004218,MEGA,41,59,156,200.00,"31,200.00"
2019-06-19,2019061901004217,MEGA,41,48,344,200.00,"68,800.00"
2019-06-19,2019061901004210,MEGA,25,17,821,199.00,"163,379.00"
2019-06-19,2019061901004209,MEGA,19,17,179,199.00,"35,621.00"
2019-06-19,2019061901003953,MEGA,19,28,321,199.00,"63,879.00"
2019-06-19,2019061901003952,MEGA,59,28,500,199.00,"99,500.00"
2019-06-19,2019061901003951,MEGA,45,28,100,199.00,"19,900.00"
2019-06-19,2019061901003950,MEGA,38,28,79,199.00,"15,721.00"
2019-06-19,2019061901004078,MERO,48,37,15,539.00,"8,085.00"
2019-06-19,2019061901004330,MFIL,28,3,320,125.00,"40,000.00"
2019-06-19,2019061901004329,MFIL,11,3,300,125.00,"37,500.00"
2019-06-19,2019061901004247,MHNL,59,37,40,106.00,"4,240.00"
2019-06-19,2019061901004401,MLBL,59,44,"1,000",195.00,"195,000.00"
2019-06-19,2019061901004186,MLBL,28,16,43,194.00,"8,342.00"
2019-06-19,2019061901004237,MNBBL,54,4,50,372.00,"18,600.00"
2019-06-19,2019061901003933,MNBBL,52,4,50,372.00,"18,600.00"
2019-06-19,2019061901003975,MPFL,41,46,3,215.00,645.00
2019-06-19,2019061901004421,MSLB,5,39,41,867.00,"35,547.00"
2019-06-19,2019061901004420,MSLB,28,39,27,867.00,"23,409.00"
2019-06-19,2019061901004051,MSMBS,17,13,20,419.00,"8,380.00"
2019-06-19,2019061901004199,NABIL,29,52,50,814.00,"40,700.00"
2019-06-19,2019061901004288,NABILP,49,6,430,787.00,"338,410.00"
2019-06-19,2019061901004287,NABILP,49,6,70,787.00,"55,090.00"
2019-06-19,2019061901004265,NABILP,42,6,500,787.00,"393,500.00"
2019-06-19,2019061901004141,NADEP,38,6,20,415.00,"8,300.00"
2019-06-19,2019061901003963,NADEP,57,58,10,412.00,"4,120.00"
2019-06-19,2019061901004223,NBB,53,10,100,220.00,"22,000.00"
2019-06-19,2019061901004213,NBB,53,6,134,220.00,"29,480.00"
2019-06-19,2019061901004082,NBB,53,32,844,220.00,"185,680.00"
2019-06-19,2019061901004408,NBL,37,11,379,321.00,"121,659.00"
2019-06-19,2019061901004407,NBL,17,11,500,321.00,"160,500.00"
2019-06-19,2019061901004406,NBL,40,11,281,321.00,"90,201.00"
2019-06-19,2019061901004177,NBL,19,11,50,322.00,"16,100.00"
2019-06-19,2019061901004089,NBL,28,11,70,322.00,"22,540.00"
2019-06-19,2019061901004074,NBL,28,57,930,322.00,"299,460.00"
2019-06-19,2019061901003960,NBL,34,57,70,322.00,"22,540.00"
2019-06-19,2019061901004261,NCCB,32,14,20,257.00,"5,140.00"
2019-06-19,2019061901004234,NCCB,44,17,"1,000",256.00,"256,000.00"
2019-06-19,2019061901004056,NCCB,44,19,250,256.00,"64,000.00"
2019-06-19,2019061901004055,NCCB,49,19,10,256.00,"2,560.00"
2019-06-19,2019061901003937,NCCB,59,28,500,256.00,"128,000.00"
2019-06-19,2019061901003936,NCCB,51,28,250,256.00,"64,000.00"
2019-06-19,2019061901004208,NGPL,1,16,13,117.00,"1,521.00"
2019-06-19,2019061901004345,NHDL,35,16,10,125.00,"1,250.00"
2019-06-19,2019061901004361,NHPC,52,56,10,68.00,680.00
2019-06-19,2019061901004202,NHPC,48,40,300,67.00,"20,100.00"
2019-06-19,2019061901004200,NHPC,42,56,50,68.00,"3,400.00"
2019-06-19,2019061901003944,NHPC,42,56,950,68.00,"64,600.00"
2019-06-19,2019061901004377,NIB,28,35,272,529.00,"143,888.00"
2019-06-19,2019061901004376,NIB,28,42,50,529.00,"26,450.00"
2019-06-19,2019061901004375,NIB,28,11,315,529.00,"166,635.00"
2019-06-19,2019061901004350,NIB,28,11,685,529.00,"362,365.00"
2019-06-19,2019061901004175,NIB,28,45,90,529.00,"47,610.00"
2019-06-19,2019061901004174,NIB,28,11,407,529.00,"215,303.00"
2019-06-19,2019061901004147,NIB,28,11,593,529.00,"313,697.00"
2019-06-19,2019061901004146,NIB,28,45,100,529.00,"52,900.00"
2019-06-19,2019061901004145,NIB,28,34,307,528.00,"162,096.00"
2019-06-19,2019061901004143,NIB,22,34,20,528.00,"10,560.00"
2019-06-19,2019061901003932,NIB,28,37,25,527.00,"13,175.00"
2019-06-19,2019061901004394,NIBPO,14,4,200,480.00,"96,000.00"
2019-06-19,2019061901004393,NIBPO,35,4,30,480.00,"14,400.00"
2019-06-19,2019061901004392,NIBPO,44,4,50,480.00,"24,000.00"
2019-06-19,2019061901004391,NIBPO,52,4,235,480.00,"112,800.00"
2019-06-19,2019061901004390,NIBPO,11,4,106,481.00,"50,986.00"
2019-06-19,2019061901004220,NIBPO,11,4,894,481.00,"430,014.00"
2019-06-19,2019061901004136,NIBPO,11,4,"2,000",481.00,"962,000.00"
2019-06-19,2019061901004426,NICA,34,5,10,466.00,"4,660.00"
2019-06-19,2019061901004425,NICA,34,53,205,466.00,"95,530.00"
2019-06-19,2019061901004385,NICA,38,53,100,466.00,"46,600.00"
2019-06-19,2019061901004342,NICA,28,53,695,466.00,"323,870.00"
2019-06-19,2019061901004298,NICA,59,50,10,467.00,"4,670.00"
2019-06-19,2019061901004268,NICA,28,3,200,466.00,"93,200.00"
2019-06-19,2019061901003985,NICA,53,49,"1,225",466.00,"570,850.00"
2019-06-19,2019061901003942,NICA,28,37,189,465.00,"87,885.00"
2019-06-19,2019061901004242,NICA,28,42,50,466.00,"23,300.00"
2019-06-19,2019061901004224,NICA,28,52,100,466.00,"46,600.00"
2019-06-19,2019061901004093,NICA,59,50,10,467.00,"4,670.00"
2019-06-19,2019061901004079,NICA,49,28,500,466.00,"233,000.00"
2019-06-19,2019061901004004,NICA,28,54,766,465.00,"356,190.00"
2019-06-19,2019061901003995,NICA,49,49,325,466.00,"151,450.00"
2019-06-19,2019061901004240,NICL,43,58,10,358.00,"3,580.00"
2019-06-19,2019061901004238,NICL,25,58,36,358.00,"12,888.00"
2019-06-19,2019061901004112,NICL,32,58,100,353.00,"35,300.00"
2019-06-19,2019061901004111,NICL,34,58,500,353.00,"176,500.00"
2019-06-19,2019061901004110,NICL,29,58,500,354.00,"177,000.00"
2019-06-19,2019061901004109,NICL,28,58,87,354.00,"30,798.00"
2019-06-19,2019061901004006,NICL,57,21,37,359.00,"13,283.00"
2019-06-19,2019061901004012,NICL,28,21,500,356.00,"178,000.00"
2019-06-19,2019061901004011,NICL,25,21,50,356.00,"17,800.00"
2019-06-19,2019061901004010,NICL,34,21,100,356.00,"35,600.00"
2019-06-19,2019061901004009,NICL,7,21,100,356.00,"35,600.00"
2019-06-19,2019061901004008,NICL,42,21,40,358.00,"14,320.00"
2019-06-19,2019061901004007,NICL,19,21,100,358.00,"35,800.00"
2019-06-19,2019061901004108,NICL,55,58,200,355.00,"71,000.00"
2019-06-19,2019061901004107,NICL,28,58,500,355.00,"177,500.00"
2019-06-19,2019061901004106,NICL,4,58,100,355.00,"35,500.00"
2019-06-19,2019061901004105,NICL,41,58,177,355.00,"62,835.00"
2019-06-19,2019061901004104,NICL,13,58,200,357.00,"71,400.00"
2019-06-19,2019061901004013,NICL,41,21,23,355.00,"8,165.00"
2019-06-19,2019061901004422,NIL,34,54,10,492.00,"4,920.00"
2019-06-19,2019061901004387,NIL,34,38,100,488.00,"48,800.00"
2019-06-19,2019061901004275,NIL,43,37,100,483.00,"48,300.00"
2019-06-19,2019061901004251,NIL,57,37,200,483.00,"96,600.00"
2019-06-19,2019061901004153,NIL,34,32,363,482.00,"174,966.00"
2019-06-19,2019061901004035,NIL,34,17,340,482.00,"163,880.00"
2019-06-19,2019061901004034,NIL,50,17,10,482.00,"4,820.00"
2019-06-19,2019061901004033,NIL,48,17,500,484.00,"242,000.00"
2019-06-19,2019061901004032,NIL,55,17,500,485.00,"242,500.00"
2019-06-19,2019061901004031,NIL,51,17,50,485.00,"24,250.00"
2019-06-19,2019061901004030,NIL,57,17,100,485.00,"48,500.00"
2019-06-19,2019061901004353,NLG,34,42,40,760.00,"30,400.00"
2019-06-19,2019061901004341,NLG,34,26,100,750.00,"75,000.00"
2019-06-19,2019061901004295,NLG,16,1,34,736.00,"25,024.00"
2019-06-19,2019061901004294,NLG,54,1,50,737.00,"36,850.00"
2019-06-19,2019061901004293,NLG,35,1,20,740.00,"14,800.00"
2019-06-19,2019061901003962,NLG,44,37,27,740.00,"19,980.00"
2019-06-19,2019061901003961,NLG,45,37,10,741.00,"7,410.00"
2019-06-19,2019061901003930,NLG,25,26,12,750.00,"9,000.00"
2019-06-19,2019061901004292,NLG,44,1,23,740.00,"17,020.00"
2019-06-19,2019061901004291,NLG,43,1,50,741.00,"37,050.00"
2019-06-19,2019061901004185,NLG,25,26,10,750.00,"7,500.00"
2019-06-19,2019061901004400,NLIC,49,45,100,897.00,"89,700.00"
2019-06-19,2019061901004374,NLIC,32,45,140,897.00,"125,580.00"
2019-06-19,2019061901004373,NLIC,32,56,60,895.00,"53,700.00"
2019-06-19,2019061901004372,NLIC,40,56,150,895.00,"134,250.00"
2019-06-19,2019061901004371,NLIC,36,56,50,895.00,"44,750.00"
2019-06-19,2019061901004370,NLIC,10,56,50,895.00,"44,750.00"
2019-06-19,2019061901004277,NLIC,14,56,13,897.00,"11,661.00"
2019-06-19,2019061901004243,NLIC,58,6,20,898.00,"17,960.00"
2019-06-19,2019061901004228,NLIC,22,6,200,898.00,"179,600.00"
2019-06-19,2019061901004069,NLIC,41,6,10,899.00,"8,990.00"
2019-06-19,2019061901004068,NLIC,41,56,50,899.00,"44,950.00"
2019-06-19,2019061901004283,NLIC,43,56,100,895.00,"89,500.00"
2019-06-19,2019061901004282,NLIC,1,56,10,895.00,"8,950.00"
2019-06-19,2019061901004281,NLIC,6,56,50,896.00,"44,800.00"
2019-06-19,2019061901004280,NLIC,22,56,200,896.00,"179,200.00"
2019-06-19,2019061901004279,NLIC,14,56,50,897.00,"44,850.00"
2019-06-19,2019061901004278,NLIC,49,56,10,897.00,"8,970.00"
2019-06-19,2019061901004349,NLIC,16,45,60,898.00,"53,880.00"
2019-06-19,2019061901004325,NLIC,16,6,210,898.00,"188,580.00"
2019-06-19,2019061901004316,NLIC,21,6,60,898.00,"53,880.00"
2019-06-19,2019061901004286,NLIC,10,56,150,895.00,"134,250.00"
2019-06-19,2019061901004285,NLIC,45,56,100,895.00,"89,500.00"
2019-06-19,2019061901004284,NLIC,39,56,50,895.00,"44,750.00"
2019-06-19,2019061901004403,NLICL,25,35,290,619.00,"179,510.00"
2019-06-19,2019061901004260,NLICL,43,35,10,619.00,"6,190.00"
2019-06-19,2019061901004121,NLICL,56,35,20,616.00,"12,320.00"
2019-06-19,2019061901004120,NLICL,34,35,30,616.00,"18,480.00"
2019-06-19,2019061901004017,NLICL,34,17,270,616.00,"166,320.00"
2019-06-19,2019061901004016,NLICL,1,17,50,617.00,"30,850.00"
2019-06-19,2019061901004015,NLICL,53,17,30,617.00,"18,510.00"
2019-06-19,2019061901004014,NLICL,39,17,50,618.00,"30,900.00"
2019-06-19,2019061901003980,NLICL,39,41,150,618.00,"92,700.00"
2019-06-19,2019061901003943,NLICL,39,35,50,618.00,"30,900.00"
2019-06-19,2019061901004227,NMFBS,21,21,3,"1,400.00","4,200.00"
2019-06-19,2019061901003946,NMFBS,8,37,15,"1,400.00","21,000.00"
2019-06-19,2019061901004274,NTC,36,43,50,694.00,"34,700.00"
2019-06-19,2019061901004129,NTC,56,21,40,690.00,"27,600.00"
2019-06-19,2019061901004128,NTC,6,21,20,691.00,"13,820.00"
2019-06-19,2019061901004127,NTC,41,21,50,691.00,"34,550.00"
2019-06-19,2019061901004126,NTC,34,21,120,691.00,"82,920.00"
2019-06-19,2019061901004077,NTC,56,43,45,694.00,"31,230.00"
2019-06-19,2019061901004076,NTC,56,58,10,694.00,"6,940.00"
2019-06-19,2019061901004041,NUBL,32,32,100,832.00,"83,200.00"
2019-06-19,2019061901004348,OHL,45,42,50,627.00,"31,350.00"
2019-06-19,2019061901003948,OHL,45,34,100,633.00,"63,300.00"
2019-06-19,2019061901004119,OHL,45,34,400,633.00,"253,200.00"
2019-06-19,2019061901004368,PCBL,42,58,58,286.00,"16,588.00"
2019-06-19,2019061901004367,PCBL,13,58,"3,942",287.00,"1,131,354.00"
2019-06-19,2019061901004297,PCBL,42,43,100,288.00,"28,800.00"
2019-06-19,2019061901004222,PIC,41,56,30,"1,005.00","30,150.00"
2019-06-19,2019061901004026,PICL,56,28,37,581.00,"21,497.00"
2019-06-19,2019061901004025,PICL,6,28,263,581.00,"152,803.00"
2019-06-19,2019061901003991,PICL,6,32,20,581.00,"11,620.00"
2019-06-19,2019061901003969,PICL,6,32,17,581.00,"9,877.00"
2019-06-19,2019061901003968,PICL,34,32,111,582.00,"64,602.00"
2019-06-19,2019061901003967,PICL,32,32,60,583.00,"34,980.00"
2019-06-19,2019061901003966,PICL,49,32,20,584.00,"11,680.00"
2019-06-19,2019061901004099,PMHPL,39,41,10,110.00,"1,100.00"
2019-06-19,2019061901004072,PMHPL,39,6,10,108.00,"1,080.00"
2019-06-19,2019061901004071,PMHPL,39,6,10,108.00,"1,080.00"
2019-06-19,2019061901004070,PMHPL,39,6,10,108.00,"1,080.00"
2019-06-19,2019061901004046,PMHPL,22,58,10,107.00,"1,070.00"
2019-06-19,2019061901004417,PPCL,6,41,10,138.00,"1,380.00"
2019-06-19,2019061901004416,PPCL,6,41,10,138.00,"1,380.00"
2019-06-19,2019061901004415,PPCL,6,41,30,138.00,"4,140.00"
2019-06-19,2019061901004414,PPCL,6,41,30,138.00,"4,140.00"
2019-06-19,2019061901004413,PPCL,6,41,30,138.00,"4,140.00"
2019-06-19,2019061901004412,PPCL,6,41,30,138.00,"4,140.00"
2019-06-19,2019061901004080,PPCL,38,14,30,136.00,"4,080.00"
2019-06-19,2019061901004075,PPCL,38,40,10,136.00,"1,360.00"
2019-06-19,2019061901004358,PPCL,6,38,30,137.00,"4,110.00"
2019-06-19,2019061901004245,PPCL,6,47,10,137.00,"1,370.00"
2019-06-19,2019061901004207,PPCL,6,5,10,137.00,"1,370.00"
2019-06-19,2019061901004144,PPCL,38,20,20,136.00,"2,720.00"
2019-06-19,2019061901004092,PPCL,38,40,10,136.00,"1,360.00"
2019-06-19,2019061901004151,PRIN,32,32,300,380.00,"114,000.00"
2019-06-19,2019061901004118,PRIN,47,32,350,378.00,"132,300.00"
2019-06-19,2019061901004117,PRIN,1,32,150,378.00,"56,700.00"
2019-06-19,2019061901004355,PRVU,56,40,15,265.00,"3,975.00"
2019-06-19,2019061901004203,PRVU,47,45,200,266.00,"53,200.00"
2019-06-19,2019061901004201,PRVU,45,45,50,266.00,"13,300.00"
2019-06-19,2019061901003935,PRVU,50,34,500,266.00,"133,000.00"
2019-06-19,2019061901004139,PRVU,18,45,100,266.00,"26,600.00"
2019-06-19,2019061901004138,PRVU,18,34,900,266.00,"239,400.00"
2019-06-19,2019061901004096,PRVU,39,34,200,266.00,"53,200.00"
2019-06-19,2019061901004091,PRVU,58,34,100,266.00,"26,600.00"
2019-06-19,2019061901003986,PRVU,56,37,115,265.00,"30,475.00"
2019-06-19,2019061901004179,RADHI,1,45,12,164.00,"1,968.00"
2019-06-19,2019061901004021,RADHI,1,3,11,164.00,"1,804.00"
2019-06-19,2019061901004356,RSDC,34,43,63,354.00,"22,302.00"
2019-06-19,2019061901004204,SADBL,59,34,10,156.00,"1,560.00"
2019-06-19,2019061901004172,SADBL,59,14,"1,000",153.00,"153,000.00"
2019-06-19,2019061901004171,SADBL,59,13,416,153.00,"63,648.00"
2019-06-19,2019061901004170,SADBL,59,45,500,153.00,"76,500.00"
2019-06-19,2019061901004169,SADBL,59,59,200,153.00,"30,600.00"
2019-06-19,2019061901004135,SADBL,59,42,213,151.00,"32,163.00"
2019-06-19,2019061901004134,SADBL,59,45,90,151.00,"13,590.00"
2019-06-19,2019061901004133,SADBL,59,25,"1,909",151.00,"288,259.00"
2019-06-19,2019061901004132,SADBL,59,39,30,151.00,"4,530.00"
2019-06-19,2019061901004424,SANIMA,32,1,169,350.00,"59,150.00"
2019-06-19,2019061901004205,SANIMA,32,22,500,349.00,"174,500.00"
2019-06-19,2019061901004001,SANIMA,55,39,200,349.00,"69,800.00"
2019-06-19,2019061901003972,SBI,57,54,755,461.00,"348,055.00"
2019-06-19,2019061901003971,SBI,3,54,20,461.00,"9,220.00"
2019-06-19,2019061901003970,SBI,28,54,275,461.00,"126,775.00"
2019-06-19,2019061901004360,SBL,34,38,100,318.00,"31,800.00"
2019-06-19,2019061901004233,SBL,28,6,127,317.00,"40,259.00"
2019-06-19,2019061901004232,SBL,35,6,300,317.00,"95,100.00"
2019-06-19,2019061901004231,SBL,34,6,157,317.00,"49,769.00"
2019-06-19,2019061901004150,SBL,57,6,100,319.00,"31,900.00"
2019-06-19,2019061901004086,SBL,34,16,43,317.00,"13,631.00"
2019-06-19,2019061901004059,SBL,34,16,"1,000",318.00,"318,000.00"
2019-06-19,2019061901004058,SBL,39,16,50,318.00,"15,900.00"
2019-06-19,2019061901004057,SBL,37,16,47,318.00,"14,946.00"
2019-06-19,2019061901004065,SBL,33,16,500,318.00,"159,000.00"
2019-06-19,2019061901004064,SBL,26,16,50,318.00,"15,900.00"
2019-06-19,2019061901004063,SBL,48,16,100,318.00,"31,800.00"
2019-06-19,2019061901004062,SBL,50,16,200,318.00,"63,600.00"
2019-06-19,2019061901004061,SBL,50,16,10,318.00,"3,180.00"
2019-06-19,2019061901004060,SBL,34,16,"1,000",318.00,"318,000.00"
2019-06-19,2019061901004335,SCB,36,37,21,661.00,"13,881.00"
2019-06-19,2019061901004326,SCB,36,45,398,661.00,"263,078.00"
2019-06-19,2019061901004266,SDESI,58,33,20,547.00,"10,940.00"
2019-06-19,2019061901004405,SHINE,19,25,225,249.00,"56,025.00"
2019-06-19,2019061901004047,SHINE,56,57,100,250.00,"25,000.00"
2019-06-19,2019061901004419,SHIVM,57,26,100,653.00,"65,300.00"
2019-06-19,2019061901004351,SHIVM,16,21,72,652.00,"46,944.00"
2019-06-19,2019061901004334,SHIVM,16,58,80,652.00,"52,160.00"
2019-06-19,2019061901004333,SHIVM,16,58,50,652.00,"32,600.00"
2019-06-19,2019061901004332,SHIVM,3,58,20,652.00,"13,040.00"
2019-06-19,2019061901004319,SHIVM,22,47,150,653.00,"97,950.00"
2019-06-19,2019061901003981,SHIVM,7,38,78,654.00,"51,012.00"
2019-06-19,2019061901003959,SHIVM,48,49,376,653.00,"245,528.00"
2019-06-19,2019061901003958,SHIVM,49,49,100,653.00,"65,300.00"
2019-06-19,2019061901003957,SHIVM,38,49,24,653.00,"15,672.00"
2019-06-19,2019061901003938,SHIVM,38,58,20,653.00,"13,060.00"
2019-06-19,2019061901004000,SHIVM,5,7,200,653.00,"130,600.00"
2019-06-19,2019061901003999,SHIVM,16,7,200,653.00,"130,600.00"
2019-06-19,2019061901003998,SHIVM,48,7,574,653.00,"374,822.00"
2019-06-19,2019061901003984,SHIVM,7,36,322,655.00,"210,910.00"
2019-06-19,2019061901003983,SHIVM,7,58,"1,000",655.00,"655,000.00"
2019-06-19,2019061901003982,SHIVM,7,55,100,654.00,"65,400.00"
2019-06-19,2019061901004270,SHIVM,38,58,50,654.00,"32,700.00"
2019-06-19,2019061901004252,SHIVM,7,53,150,654.00,"98,100.00"
2019-06-19,2019061901004103,SHIVM,10,58,10,655.00,"6,550.00"
2019-06-19,2019061901004101,SHIVM,7,7,550,653.00,"359,150.00"
2019-06-19,2019061901004052,SHIVM,7,7,26,653.00,"16,978.00"
2019-06-19,2019061901004048,SHL,10,43,100,231.00,"23,100.00"
2019-06-19,2019061901004352,SHPC,47,37,13,250.00,"3,250.00"
2019-06-19,2019061901004290,SHPC,47,43,868,250.00,"217,000.00"
2019-06-19,2019061901004239,SHPC,28,34,761,249.00,"189,489.00"
2019-06-19,2019061901004235,SHPC,25,34,50,249.00,"12,450.00"
2019-06-19,2019061901004215,SHPC,25,34,100,249.00,"24,900.00"
2019-06-19,2019061901004081,SHPC,13,34,400,249.00,"99,600.00"
2019-06-19,2019061901004024,SHPC,25,37,13,248.00,"3,224.00"
2019-06-19,2019061901004354,SIC,22,25,10,660.00,"6,600.00"
2019-06-19,2019061901004168,SICL,44,21,10,802.00,"8,020.00"
2019-06-19,2019061901004395,SIL,55,44,200,445.00,"89,000.00"
2019-06-19,2019061901004083,SINDU,39,32,30,139.00,"4,170.00"
2019-06-19,2019061901004183,SKBBL,6,57,22,950.00,"20,900.00"
2019-06-19,2019061901004257,SLBBL,39,16,10,409.00,"4,090.00"
2019-06-19,2019061901004256,SLBBL,39,16,20,409.00,"8,180.00"
2019-06-19,2019061901004258,SLBBL,37,16,197,408.00,"80,376.00"
2019-06-19,2019061901004250,SLICL,59,44,250,462.00,"115,500.00"
2019-06-19,2019061901004249,SLICL,58,44,25,462.00,"11,550.00"
2019-06-19,2019061901004088,SLICL,34,44,32,465.00,"14,880.00"
2019-06-19,2019061901004402,SMATA,48,41,15,"1,122.00","16,830.00"
2019-06-19,2019061901004359,SMFDB,49,57,10,499.00,"4,990.00"
2019-06-19,2019061901004396,SPARS,25,1,10,495.00,"4,950.00"
2019-06-19,2019061901004193,SPARS,21,22,50,486.00,"24,300.00"
2019-06-19,2019061901004192,SPARS,40,22,80,486.00,"38,880.00"
2019-06-19,2019061901004191,SPARS,29,22,102,487.00,"49,674.00"
2019-06-19,2019061901004190,SPARS,49,22,100,487.00,"48,700.00"
2019-06-19,2019061901004189,SPARS,56,22,100,487.00,"48,700.00"
2019-06-19,2019061901004131,SPDL,45,52,100,96.00,"9,600.00"
2019-06-19,2019061901003976,SPDL,7,59,125,94.00,"11,750.00"
2019-06-19,2019061901004019,SRBL,21,6,100,251.00,"25,100.00"
2019-06-19,2019061901004018,SRBL,21,17,100,251.00,"25,100.00"
2019-06-19,2019061901004347,SWBBL,49,35,200,875.00,"175,000.00"
2019-06-19,2019061901004346,SWBBL,20,35,200,876.00,"175,200.00"
2019-06-19,2019061901004418,TRH,46,57,20,320.00,"6,400.00"
2019-06-19,2019061901004410,TRH,42,57,20,320.00,"6,400.00"
2019-06-19,2019061901004404,TRH,49,57,10,320.00,"3,200.00"
2019-06-19,2019061901004378,TRH,46,35,"1,360",315.00,"428,400.00"
2019-06-19,2019061901004357,TRH,59,35,500,316.00,"158,000.00"
2019-06-19,2019061901004344,TRH,3,35,70,316.00,"22,120.00"
2019-06-19,2019061901004090,TRH,44,52,100,318.00,"31,800.00"
2019-06-19,2019061901003965,TRH,29,52,300,318.00,"95,400.00"
2019-06-19,2019061901003964,TRH,29,45,300,318.00,"95,400.00"
2019-06-19,2019061901004254,TRH,8,52,10,318.00,"3,180.00"
2019-06-19,2019061901004253,TRH,8,3,50,318.00,"15,900.00"
2019-06-19,2019061901004184,TRH,44,3,50,318.00,"15,900.00"
2019-06-19,2019061901004182,TRH,44,52,150,318.00,"47,700.00"
2019-06-19,2019061901004176,TRH,44,3,200,318.00,"63,600.00"
2019-06-19,2019061901004310,TRH,8,44,500,319.00,"159,500.00"
2019-06-19,2019061901004309,TRH,8,6,470,319.00,"149,930.00"
2019-06-19,2019061901004264,TRH,53,38,200,316.00,"63,200.00"
2019-06-19,2019061901004263,TRH,34,38,500,317.00,"158,500.00"
2019-06-19,2019061901004262,TRH,46,38,300,317.00,"95,100.00"
2019-06-19,2019061901004255,TRH,8,28,300,318.00,"95,400.00"
2019-06-19,2019061901004324,TRH,29,35,"2,000",316.00,"632,000.00"
2019-06-19,2019061901004323,TRH,19,35,300,316.00,"94,800.00"
2019-06-19,2019061901004322,TRH,53,35,300,316.00,"94,800.00"
2019-06-19,2019061901004312,TRH,53,54,"1,100",316.00,"347,600.00"
2019-06-19,2019061901004311,TRH,8,45,200,319.00,"63,800.00"
2019-06-19,2019061901004384,UIC,16,40,14,890.00,"12,460.00"
2019-06-19,2019061901004320,UNL,3,3,10,"19,672.00","196,720.00"
2019-06-19,2019061901004276,UPCL,48,48,50,91.00,"4,550.00"
2019-06-19,2019061901004308,UPPER,29,6,"1,030",266.00,"273,980.00"
2019-06-19,2019061901004307,UPPER,21,6,100,266.00,"26,600.00"
2019-06-19,2019061901004306,UPPER,6,6,500,266.00,"133,000.00"
2019-06-19,2019061901004305,UPPER,6,6,100,266.00,"26,600.00"
2019-06-19,2019061901004304,UPPER,54,6,80,266.00,"21,280.00"
2019-06-19,2019061901004303,UPPER,38,6,230,266.00,"61,180.00"
2019-06-19,2019061901004036,UPPER,17,35,290,268.00,"77,720.00"
2019-06-19,2019061901003949,UPPER,17,25,50,267.00,"13,350.00"
2019-06-19,2019061901003939,UPPER,33,35,100,268.00,"26,800.00"
2019-06-19,2019061901004152,UPPER,6,5,50,267.00,"13,350.00"
2019-06-19,2019061901004039,UPPER,17,49,67,268.00,"17,956.00"
2019-06-19,2019061901004038,UPPER,17,5,53,268.00,"14,204.00"
2019-06-19,2019061901004037,UPPER,17,40,40,268.00,"10,720.00"
2019-06-19,2019061901004302,UPPER,6,6,500,267.00,"133,500.00"
2019-06-19,2019061901004301,UPPER,32,6,50,267.00,"13,350.00"
2019-06-19,2019061901004300,UPPER,19,6,300,267.00,"80,100.00"
2019-06-19,2019061901004299,UPPER,6,6,110,267.00,"29,370.00"
2019-06-19,2019061901004272,UPPER,6,5,40,267.00,"10,680.00"
2019-06-19,2019061901004042,VLBS,35,37,13,468.00,"6,084.00"
2019-06-19,2019061901003717,ADBL,49,39,211,402.00,"84,822.00"
2019-06-19,2019061901003716,ADBL,42,39,37,403.00,"14,911.00"
2019-06-19,2019061901003631,ADBL,42,52,213,403.00,"85,839.00"
2019-06-19,2019061901003630,ADBL,29,52,263,403.00,"105,989.00"
2019-06-19,2019061901003629,ADBL,28,52,274,403.00,"110,422.00"
2019-06-19,2019061901003470,ADBL,28,32,226,403.00,"91,078.00"
2019-06-19,2019061901003469,ADBL,50,32,274,403.00,"110,422.00"
2019-06-19,2019061901003430,ADBL,57,4,500,404.00,"202,000.00"
2019-06-19,2019061901003848,ALBSL,14,42,10,397.00,"3,970.00"
2019-06-19,2019061901003442,ALBSL,14,40,10,397.00,"3,970.00"
2019-06-19,2019061901003901,ALICL,34,32,15,395.00,"5,925.00"
2019-06-19,2019061901003743,API,41,25,200,147.00,"29,400.00"
2019-06-19,2019061901003464,API,44,44,1,145.00,145.00
2019-06-19,2019061901003899,BARUN,48,37,10,92.00,920.00
2019-06-19,2019061901003810,BFC,29,51,100,105.00,"10,500.00"
2019-06-19,2019061901003774,BOKL,21,21,1,264.00,264.00
2019-06-19,2019061901003727,BOKL,35,33,15,264.00,"3,960.00"
2019-06-19,2019061901003690,BOKL,41,5,"1,000",260.00,"260,000.00"
2019-06-19,2019061901003689,BOKL,14,5,500,260.00,"130,000.00"
2019-06-19,2019061901003688,BOKL,40,5,"1,000",260.00,"260,000.00"
2019-06-19,2019061901003687,BOKL,36,5,500,260.00,"130,000.00"
2019-06-19,2019061901003546,BOKL,21,21,1,263.00,263.00
2019-06-19,2019061901003502,BOKL,49,43,"1,100",263.00,"289,300.00"
2019-06-19,2019061901003501,BOKL,16,43,"1,000",263.00,"263,000.00"
2019-06-19,2019061901003454,BOKL,7,33,100,264.00,"26,400.00"
2019-06-19,2019061901003668,BOKL,43,5,"1,000",262.00,"262,000.00"
2019-06-19,2019061901003667,BOKL,5,5,155,262.00,"40,610.00"
2019-06-19,2019061901003666,BOKL,42,5,36,262.00,"9,432.00"
2019-06-19,2019061901003665,BOKL,49,5,787,263.00,"206,981.00"
2019-06-19,2019061901003584,BOKL,49,13,113,263.00,"29,719.00"
2019-06-19,2019061901003558,BOKL,45,33,70,264.00,"18,480.00"
2019-06-19,2019061901003674,BOKL,42,5,60,261.00,"15,660.00"
2019-06-19,2019061901003673,BOKL,26,5,300,261.00,"78,300.00"
2019-06-19,2019061901003672,BOKL,44,5,50,261.00,"13,050.00"
2019-06-19,2019061901003671,BOKL,32,5,100,261.00,"26,100.00"
2019-06-19,2019061901003670,BOKL,22,5,400,262.00,"104,800.00"
2019-06-19,2019061901003669,BOKL,49,5,300,262.00,"78,600.00"
2019-06-19,2019061901003680,BOKL,59,5,100,260.00,"26,000.00"
2019-06-19,2019061901003679,BOKL,6,5,100,260.00,"26,000.00"
2019-06-19,2019061901003678,BOKL,17,5,"1,000",261.00,"261,000.00"
2019-06-19,2019061901003677,BOKL,51,5,500,261.00,"130,500.00"
2019-06-19,2019061901003676,BOKL,19,5,250,261.00,"65,250.00"
2019-06-19,2019061901003675,BOKL,42,5,50,261.00,"13,050.00"
2019-06-19,2019061901003686,BOKL,42,5,500,260.00,"130,000.00"
2019-06-19,2019061901003685,BOKL,32,5,500,260.00,"130,000.00"
2019-06-19,2019061901003684,BOKL,57,5,100,260.00,"26,000.00"
2019-06-19,2019061901003683,BOKL,55,5,50,260.00,"13,000.00"
2019-06-19,2019061901003682,BOKL,43,5,100,260.00,"26,000.00"
2019-06-19,2019061901003681,BOKL,26,5,200,260.00,"52,000.00"
2019-06-19,2019061901003748,BPCL,42,58,100,405.00,"40,500.00"
2019-06-19,2019061901003579,BPCL,34,42,50,403.00,"20,150.00"
2019-06-19,2019061901003895,CBBL,49,21,10,930.00,"9,300.00"
2019-06-19,2019061901003528,CBBL,49,45,484,930.00,"450,120.00"
2019-06-19,2019061901003527,CBBL,49,6,500,930.00,"465,000.00"
2019-06-19,2019061901003821,CCBL,21,21,1,164.00,164.00
2019-06-19,2019061901003703,CCBL,45,21,56,164.00,"9,184.00"
2019-06-19,2019061901003702,CCBL,48,21,500,164.00,"82,000.00"
2019-06-19,2019061901003701,CCBL,35,21,100,164.00,"16,400.00"
2019-06-19,2019061901003700,CCBL,42,21,"2,000",164.00,"328,000.00"
2019-06-19,2019061901003699,CCBL,48,21,300,164.00,"49,200.00"
2019-06-19,2019061901003476,CCBL,42,21,16,165.00,"2,640.00"
2019-06-19,2019061901003475,CCBL,40,21,90,165.00,"14,850.00"
2019-06-19,2019061901003698,CCBL,38,21,"1,000",164.00,"164,000.00"
2019-06-19,2019061901003697,CCBL,45,21,60,165.00,"9,900.00"
2019-06-19,2019061901003696,CCBL,42,21,984,165.00,"162,360.00"
2019-06-19,2019061901003660,CCBL,17,32,103,166.00,"17,098.00"
2019-06-19,2019061901003659,CCBL,17,52,297,166.00,"49,302.00"
2019-06-19,2019061901003586,CCBL,8,21,7,165.00,"1,155.00"
2019-06-19,2019061901003854,CIT,17,14,10,"2,500.00","25,000.00"
2019-06-19,2019061901003562,CIT,33,14,100,"2,496.00","249,600.00"
2019-06-19,2019061901003561,CIT,40,14,100,"2,497.00","249,700.00"
2019-06-19,2019061901003560,CIT,22,14,25,"2,498.00","62,450.00"
2019-06-19,2019061901003775,CZBIL,22,35,300,222.00,"66,600.00"
2019-06-19,2019061901003600,CZBIL,22,51,340,222.00,"75,480.00"
2019-06-19,2019061901003582,CZBIL,22,48,100,222.00,"22,200.00"
2019-06-19,2019061901003542,CZBIL,22,43,36,222.00,"7,992.00"
2019-06-19,2019061901003541,CZBIL,41,43,414,222.00,"91,908.00"
2019-06-19,2019061901003461,CZBIL,41,21,66,222.00,"14,652.00"
2019-06-19,2019061901003897,DBBL,49,57,500,144.00,"72,000.00"
2019-06-19,2019061901003874,DBBL,49,10,"2,000",144.00,"288,000.00"
2019-06-19,2019061901003873,DBBL,39,10,"1,000",144.00,"144,000.00"
2019-06-19,2019061901003872,DBBL,22,10,250,144.00,"36,000.00"
2019-06-19,2019061901003605,DBBL,34,29,50,145.00,"7,250.00"
2019-06-19,2019061901003891,EBL,49,6,351,661.00,"232,011.00"
2019-06-19,2019061901003890,EBL,49,37,190,661.00,"125,590.00"
2019-06-19,2019061901003529,EBL,39,42,66,660.00,"43,560.00"
2019-06-19,2019061901003496,EBL,39,57,14,660.00,"9,240.00"
2019-06-19,2019061901003495,EBL,42,57,62,660.00,"40,920.00"
2019-06-19,2019061901003638,EBL,45,37,10,661.00,"6,610.00"
2019-06-19,2019061901003618,EBL,38,58,400,660.00,"264,000.00"
2019-06-19,2019061901003589,EBL,38,59,182,660.00,"120,120.00"
2019-06-19,2019061901003588,EBL,39,59,100,660.00,"66,000.00"
2019-06-19,2019061901003587,EBL,6,59,218,660.00,"143,880.00"
2019-06-19,2019061901003530,EBL,6,42,34,660.00,"22,440.00"
2019-06-19,2019061901003625,EIC,32,33,160,369.00,"59,040.00"
2019-06-19,2019061901003511,EIC,26,33,40,369.00,"14,760.00"
2019-06-19,2019061901003510,EIC,57,33,100,369.00,"36,900.00"
2019-06-19,2019061901003845,FMDBL,46,38,100,385.00,"38,500.00"
2019-06-19,2019061901003844,FMDBL,46,34,200,385.00,"77,000.00"
2019-06-19,2019061901003843,FMDBL,46,25,491,385.00,"189,035.00"
2019-06-19,2019061901003842,FMDBL,46,52,33,385.00,"12,705.00"
2019-06-19,2019061901003751,FMDBL,57,1,100,383.00,"38,300.00"
2019-06-19,2019061901003750,FMDBL,58,1,300,383.00,"114,900.00"
2019-06-19,2019061901003749,FMDBL,52,1,100,383.00,"38,300.00"
2019-06-19,2019061901003434,FMDBL,58,51,200,384.00,"76,800.00"
2019-06-19,2019061901003760,FOWAD,50,25,16,"1,335.00","21,360.00"
2019-06-19,2019061901003759,FOWAD,10,25,10,"1,335.00","13,350.00"
2019-06-19,2019061901003758,FOWAD,42,25,20,"1,335.00","26,700.00"
2019-06-19,2019061901003657,FOWAD,45,25,24,"1,335.00","32,040.00"
2019-06-19,2019061901003522,FOWAD,17,57,19,"1,336.00","25,384.00"
2019-06-19,2019061901003920,GBBL,1,16,39,224.00,"8,736.00"
2019-06-19,2019061901003856,GBBL,19,1,961,223.00,"214,303.00"
2019-06-19,2019061901003855,GBBL,39,1,39,223.00,"8,697.00"
2019-06-19,2019061901003910,GBIME,54,37,53,296.00,"15,688.00"
2019-06-19,2019061901003590,GBIME,44,51,100,297.00,"29,700.00"
2019-06-19,2019061901003559,GBIME,54,8,209,296.00,"61,864.00"
2019-06-19,2019061901003553,GBIME,45,51,249,297.00,"73,953.00"
2019-06-19,2019061901003911,GBLBS,26,51,40,351.00,"14,040.00"
2019-06-19,2019061901003830,GBLBS,56,51,100,351.00,"35,100.00"
2019-06-19,2019061901003829,GBLBS,57,51,140,351.00,"49,140.00"
2019-06-19,2019061901003654,GBLBS,57,57,60,351.00,"21,060.00"
2019-06-19,2019061901003653,GBLBS,42,57,50,351.00,"17,550.00"
2019-06-19,2019061901003452,GDBL,14,17,500,211.00,"105,500.00"
2019-06-19,2019061901003451,GDBL,25,17,500,211.00,"105,500.00"
2019-06-19,2019061901003617,GDBL,35,1,970,211.00,"204,670.00"
2019-06-19,2019061901003453,GDBL,34,17,"2,000",211.00,"422,000.00"
2019-06-19,2019061901003628,GDBL,35,17,"1,000",211.00,"211,000.00"
2019-06-19,2019061901003544,GHL,40,53,20,82.00,"1,640.00"
2019-06-19,2019061901003860,GLICL,34,57,15,506.00,"7,590.00"
2019-06-19,2019061901003704,HGI,38,47,30,365.00,"10,950.00"
2019-06-19,2019061901003545,HIDCL,50,50,4,159.00,636.00
2019-06-19,2019061901003523,HURJA,54,40,10,144.00,"1,440.00"
2019-06-19,2019061901003508,HURJA,54,40,20,144.00,"2,880.00"
2019-06-19,2019061901003494,IGI,42,33,300,380.00,"114,000.00"
2019-06-19,2019061901003857,JBBL,45,38,20,157.00,"3,140.00"
2019-06-19,2019061901003808,JBBL,38,42,"1,000",156.00,"156,000.00"
2019-06-19,2019061901003807,JBBL,21,42,500,156.00,"78,000.00"
2019-06-19,2019061901003806,JBBL,6,42,40,156.00,"6,240.00"
2019-06-19,2019061901003805,JBBL,58,42,"1,000",156.00,"156,000.00"
2019-06-19,2019061901003804,JBBL,58,42,"2,000",156.00,"312,000.00"
2019-06-19,2019061901003803,JBBL,58,42,"1,395",156.00,"217,620.00"
2019-06-19,2019061901003794,JBBL,58,42,250,156.00,"39,000.00"
2019-06-19,2019061901003789,JBBL,58,42,77,156.00,"12,012.00"
2019-06-19,2019061901003741,JBBL,58,42,150,157.00,"23,550.00"
2019-06-19,2019061901003740,JBBL,58,44,50,157.00,"7,850.00"
2019-06-19,2019061901003583,JBBL,42,44,250,157.00,"39,250.00"
2019-06-19,2019061901003797,JBNL,47,43,270,208.00,"56,160.00"
2019-06-19,2019061901003796,JBNL,47,1,343,208.00,"71,344.00"
2019-06-19,2019061901003795,JBNL,47,5,387,208.00,"80,496.00"
2019-06-19,2019061901003917,KBL,34,37,36,211.00,"7,596.00"
2019-06-19,2019061901003516,KBL,43,4,50,212.00,"10,600.00"
2019-06-19,2019061901003515,KBL,19,4,306,212.00,"64,872.00"
2019-06-19,2019061901003603,KKHC,37,42,100,68.00,"6,800.00"
2019-06-19,2019061901003851,KSBBL,39,48,18,153.00,"2,754.00"
2019-06-19,2019061901003852,LBBL,40,32,18,197.00,"3,546.00"
2019-06-19,2019061901003827,LBBL,40,34,100,197.00,"19,700.00"
2019-06-19,2019061901003826,LBBL,40,16,100,197.00,"19,700.00"
2019-06-19,2019061901003724,LBBL,57,45,158,196.00,"30,968.00"
2019-06-19,2019061901003723,LBBL,59,45,200,196.00,"39,200.00"
2019-06-19,2019061901003722,LBBL,33,45,357,196.00,"69,972.00"
2019-06-19,2019061901003693,LBBL,33,44,455,196.00,"89,180.00"
2019-06-19,2019061901003458,LBBL,33,21,16,196.00,"3,136.00"
2019-06-19,2019061901003705,LBL,17,22,10,217.00,"2,170.00"
2019-06-19,2019061901003752,LICN,25,14,10,"1,618.00","16,180.00"
2019-06-19,2019061901003928,MBL,50,37,219,265.00,"58,035.00"
2019-06-19,2019061901003927,MBL,55,37,50,265.00,"13,250.00"
2019-06-19,2019061901003888,MBL,55,22,150,265.00,"39,750.00"
2019-06-19,2019061901003887,MBL,26,22,850,265.00,"225,250.00"
2019-06-19,2019061901003877,MBL,26,44,150,265.00,"39,750.00"
2019-06-19,2019061901003876,MBL,46,44,850,265.00,"225,250.00"
2019-06-19,2019061901003906,MEGA,28,48,60,200.00,"12,000.00"
2019-06-19,2019061901003905,MEGA,28,49,40,200.00,"8,000.00"
2019-06-19,2019061901003837,MEGA,38,44,21,199.00,"4,179.00"
2019-06-19,2019061901003836,MEGA,38,44,100,199.00,"19,900.00"
2019-06-19,2019061901003835,MEGA,13,44,200,199.00,"39,800.00"
2019-06-19,2019061901003834,MEGA,33,44,179,199.00,"35,621.00"
2019-06-19,2019061901003623,MEGA,33,44,300,199.00,"59,700.00"
2019-06-19,2019061901003581,MERO,42,48,50,543.00,"27,150.00"
2019-06-19,2019061901003580,MERO,13,48,184,543.00,"99,912.00"
2019-06-19,2019061901003814,MERO,46,48,100,542.00,"54,200.00"
2019-06-19,2019061901003828,MNBBL,46,4,50,372.00,"18,600.00"
2019-06-19,2019061901003614,MNBBL,25,28,91,370.00,"33,670.00"
2019-06-19,2019061901003613,MNBBL,16,28,500,370.00,"185,000.00"
2019-06-19,2019061901003524,NABILP,39,34,18,790.00,"14,220.00"
2019-06-19,2019061901003879,NADEP,57,54,20,412.00,"8,240.00"
2019-06-19,2019061901003429,NADEP,45,34,80,414.00,"33,120.00"
2019-06-19,2019061901003754,NBB,53,6,250,220.00,"55,000.00"
2019-06-19,2019061901003833,NBL,39,11,200,322.00,"64,400.00"
2019-06-19,2019061901003832,NBL,16,11,300,322.00,"96,600.00"
2019-06-19,2019061901003831,NBL,41,11,70,322.00,"22,540.00"
2019-06-19,2019061901003738,NBL,41,21,10,322.00,"3,220.00"
2019-06-19,2019061901003557,NBL,59,11,100,322.00,"32,200.00"
2019-06-19,2019061901003556,NBL,45,11,500,322.00,"161,000.00"
2019-06-19,2019061901003555,NBL,32,11,"2,000",322.00,"644,000.00"
2019-06-19,2019061901003554,NBL,32,11,"2,550",322.00,"821,100.00"
2019-06-19,2019061901003526,NBL,56,55,100,323.00,"32,300.00"
2019-06-19,2019061901003467,NBL,32,42,450,322.00,"144,900.00"
2019-06-19,2019061901003466,NBL,39,42,400,322.00,"128,800.00"
2019-06-19,2019061901003465,NBL,19,42,300,322.00,"96,600.00"
2019-06-19,2019061901003861,NCCB,51,19,301,256.00,"77,056.00"
2019-06-19,2019061901003643,NCCB,51,56,199,256.00,"50,944.00"
2019-06-19,2019061901003642,NCCB,50,56,50,256.00,"12,800.00"
2019-06-19,2019061901003641,NCCB,32,56,100,256.00,"25,600.00"
2019-06-19,2019061901003640,NCCB,21,56,"1,151",256.00,"294,656.00"
2019-06-19,2019061901003441,NCCB,21,32,400,256.00,"102,400.00"
2019-06-19,2019061901003739,NHPC,48,58,500,67.00,"33,500.00"
2019-06-19,2019061901003728,NHPC,26,56,50,68.00,"3,400.00"
2019-06-19,2019061901003552,NHPC,26,26,100,68.00,"6,800.00"
2019-06-19,2019061901003463,NHPC,26,42,50,68.00,"3,400.00"
2019-06-19,2019061901003878,NIB,21,21,6,526.00,"3,156.00"
2019-06-19,2019061901003849,NIB,28,21,10,527.00,"5,270.00"
2019-06-19,2019061901003762,NIB,28,6,180,527.00,"94,860.00"
2019-06-19,2019061901003761,NIB,29,6,50,527.00,"26,350.00"
2019-06-19,2019061901003627,NIB,39,34,25,528.00,"13,200.00"
2019-06-19,2019061901003847,NIBLPF,36,6,495,7.09,"3,509.55"
2019-06-19,2019061901003825,NIBLPF,36,6,505,7.09,"3,580.45"
2019-06-19,2019061901003846,NIBPO,21,21,1,480.00,480.00
2019-06-19,2019061901003926,NICA,42,49,500,466.00,"233,000.00"
2019-06-19,2019061901003925,NICA,28,49,430,466.00,"200,380.00"
2019-06-19,2019061901003924,NICA,11,49,"1,000",466.00,"466,000.00"
2019-06-19,2019061901003923,NICA,59,49,100,466.00,"46,600.00"
2019-06-19,2019061901003922,NICA,38,49,320,466.00,"149,120.00"
2019-06-19,2019061901003921,NICA,57,49,100,466.00,"46,600.00"
2019-06-19,2019061901003650,NICA,57,17,822,467.00,"383,874.00"
2019-06-19,2019061901003649,NICA,57,49,178,467.00,"83,126.00"
2019-06-19,2019061901003493,NICA,41,49,225,466.00,"104,850.00"
2019-06-19,2019061901003459,NICA,41,42,50,466.00,"23,300.00"
2019-06-19,2019061901003433,NICA,41,22,200,466.00,"93,200.00"
2019-06-19,2019061901003793,NICA,49,54,382,467.00,"178,394.00"
2019-06-19,2019061901003792,NICA,49,34,50,467.00,"23,350.00"
2019-06-19,2019061901003791,NICA,49,17,68,467.00,"31,756.00"
2019-06-19,2019061901003744,NICA,59,17,10,467.00,"4,670.00"
2019-06-19,2019061901003742,NICA,57,17,100,467.00,"46,700.00"
2019-06-19,2019061901003664,NICA,41,58,110,466.00,"51,260.00"
2019-06-19,2019061901003578,NICL,57,28,163,359.00,"58,517.00"
2019-06-19,2019061901003474,NICL,25,28,50,359.00,"17,950.00"
2019-06-19,2019061901003460,NICL,25,28,100,359.00,"35,900.00"
2019-06-19,2019061901003525,NLBBL,41,45,50,480.00,"24,000.00"
2019-06-19,2019061901003913,NLG,52,26,100,745.00,"74,500.00"
2019-06-19,2019061901003881,NLG,55,22,300,748.00,"224,400.00"
2019-06-19,2019061901003919,NLIC,14,56,37,897.00,"33,189.00"
2019-06-19,2019061901003918,NLIC,19,56,13,898.00,"11,674.00"
2019-06-19,2019061901003787,NLIC,57,38,93,896.00,"83,328.00"
2019-06-19,2019061901003786,NLIC,56,38,100,896.00,"89,600.00"
2019-06-19,2019061901003785,NLIC,41,38,50,896.00,"44,800.00"
2019-06-19,2019061901003784,NLIC,16,38,100,896.00,"89,600.00"
2019-06-19,2019061901003500,NLIC,51,7,17,900.00,"15,300.00"
2019-06-19,2019061901003604,NLIC,14,25,100,900.00,"90,000.00"
2019-06-19,2019061901003602,NLIC,43,25,100,900.00,"90,000.00"
2019-06-19,2019061901003601,NLIC,51,25,32,900.00,"28,800.00"
2019-06-19,2019061901003543,NLIC,51,22,17,900.00,"15,300.00"
2019-06-19,2019061901003532,NLIC,51,38,51,900.00,"45,900.00"
2019-06-19,2019061901003531,NLIC,51,38,49,900.00,"44,100.00"
2019-06-19,2019061901003777,NLIC,56,38,117,899.00,"105,183.00"
2019-06-19,2019061901003735,NLIC,11,25,20,900.00,"18,000.00"
2019-06-19,2019061901003734,NLIC,39,25,56,900.00,"50,400.00"
2019-06-19,2019061901003732,NLIC,56,36,83,899.00,"74,617.00"
2019-06-19,2019061901003731,NLIC,58,36,17,899.00,"15,283.00"
2019-06-19,2019061901003612,NLIC,39,25,25,900.00,"22,500.00"
2019-06-19,2019061901003783,NLIC,1,38,200,896.00,"179,200.00"
2019-06-19,2019061901003782,NLIC,11,38,30,897.00,"26,910.00"
2019-06-19,2019061901003781,NLIC,55,38,30,897.00,"26,910.00"
2019-06-19,2019061901003780,NLIC,16,38,150,898.00,"134,700.00"
2019-06-19,2019061901003779,NLIC,6,38,20,898.00,"17,960.00"
2019-06-19,2019061901003778,NLIC,39,38,10,898.00,"8,980.00"
2019-06-19,2019061901003519,NLICL,53,38,70,617.00,"43,190.00"
2019-06-19,2019061901003518,NLICL,13,38,50,617.00,"30,850.00"
2019-06-19,2019061901003853,NMBMF,1,7,10,951.00,"9,510.00"
2019-06-19,2019061901003755,NNLB,1,48,100,380.00,"38,000.00"
2019-06-19,2019061901003462,NSEWA,14,14,10,375.00,"3,750.00"
2019-06-19,2019061901003756,NTC,59,58,10,694.00,"6,940.00"
2019-06-19,2019061901003747,NTC,34,43,380,691.00,"262,580.00"
2019-06-19,2019061901003746,NTC,3,43,20,692.00,"13,840.00"
2019-06-19,2019061901003639,NTC,59,58,10,694.00,"6,940.00"
2019-06-19,2019061901003507,NTC,6,43,300,692.00,"207,600.00"
2019-06-19,2019061901003506,NTC,42,43,100,692.00,"69,200.00"
2019-06-19,2019061901003505,NTC,56,43,50,693.00,"34,650.00"
2019-06-19,2019061901003504,NTC,7,43,120,693.00,"83,160.00"
2019-06-19,2019061901003503,NTC,39,43,50,694.00,"34,700.00"
2019-06-19,2019061901003737,NUBL,32,25,100,832.00,"83,200.00"
2019-06-19,2019061901003736,NUBL,32,8,200,831.00,"166,200.00"
2019-06-19,2019061901003456,NUBL,32,8,100,830.00,"83,000.00"
2019-06-19,2019061901003916,OHL,45,34,500,631.00,"315,500.00"
2019-06-19,2019061901003915,OHL,45,42,831,630.00,"523,530.00"
2019-06-19,2019061901003914,OHL,45,34,500,630.00,"315,000.00"
2019-06-19,2019061901003894,PCBL,17,43,100,288.00,"28,800.00"
2019-06-19,2019061901003893,PCBL,11,43,100,288.00,"28,800.00"
2019-06-19,2019061901003892,PCBL,39,43,20,288.00,"5,760.00"
2019-06-19,2019061901003745,PCBL,59,17,480,289.00,"138,720.00"
2019-06-19,2019061901003715,PCBL,34,17,20,289.00,"5,780.00"
2019-06-19,2019061901003468,PCBL,13,21,58,287.00,"16,646.00"
2019-06-19,2019061901003770,PIC,11,26,69,"1,000.00","69,000.00"
2019-06-19,2019061901003769,PIC,57,26,150,"1,000.00","150,000.00"
2019-06-19,2019061901003768,PIC,4,26,40,"1,000.00","40,000.00"
2019-06-19,2019061901003767,PIC,41,26,20,"1,001.00","20,020.00"
2019-06-19,2019061901003766,PIC,45,26,10,"1,001.00","10,010.00"
2019-06-19,2019061901003765,PIC,35,26,11,"1,001.00","11,011.00"
2019-06-19,2019061901003488,PIC,5,57,100,"1,005.00","100,500.00"
2019-06-19,2019061901003487,PIC,36,57,89,"1,005.00","89,445.00"
2019-06-19,2019061901003764,PIC,45,26,100,"1,001.00","100,100.00"
2019-06-19,2019061901003763,PIC,22,26,100,"1,003.00","100,300.00"
2019-06-19,2019061901003658,PIC,44,56,39,"1,005.00","39,195.00"
2019-06-19,2019061901003616,PIC,39,51,10,"1,006.00","10,060.00"
2019-06-19,2019061901003497,PIC,39,51,100,"1,006.00","100,600.00"
2019-06-19,2019061901003489,PIC,44,57,11,"1,005.00","11,055.00"
2019-06-19,2019061901003725,PLIC,59,45,243,437.00,"106,191.00"
2019-06-19,2019061901003695,PLIC,39,45,49,437.00,"21,413.00"
2019-06-19,2019061901003694,PLIC,39,21,18,437.00,"7,866.00"
2019-06-19,2019061901003437,PLIC,49,21,100,437.00,"43,700.00"
2019-06-19,2019061901003436,PLIC,39,21,50,437.00,"21,850.00"
2019-06-19,2019061901003435,PLIC,19,21,30,438.00,"13,140.00"
2019-06-19,2019061901003549,PMHPL,44,45,10,106.00,"1,060.00"
2019-06-19,2019061901003885,PPCL,38,6,10,136.00,"1,360.00"
2019-06-19,2019061901003841,PPCL,14,14,30,137.00,"4,110.00"
2019-06-19,2019061901003840,PPCL,14,14,30,137.00,"4,110.00"
2019-06-19,2019061901003839,PPCL,14,14,30,137.00,"4,110.00"
2019-06-19,2019061901003838,PPCL,14,14,30,137.00,"4,110.00"
2019-06-19,2019061901003773,PPCL,14,14,30,137.00,"4,110.00"
2019-06-19,2019061901003772,PPCL,14,14,30,137.00,"4,110.00"
2019-06-19,2019061901003771,PPCL,14,14,10,137.00,"1,370.00"
2019-06-19,2019061901003733,PPCL,14,14,10,138.00,"1,380.00"
2019-06-19,2019061901003880,PRIN,4,32,150,380.00,"57,000.00"
2019-06-19,2019061901003637,PRIN,38,34,15,376.00,"5,640.00"
2019-06-19,2019061901003636,PRIN,42,34,100,376.00,"37,600.00"
2019-06-19,2019061901003635,PRIN,7,34,20,376.00,"7,520.00"
2019-06-19,2019061901003634,PRIN,53,34,100,376.00,"37,600.00"
2019-06-19,2019061901003633,PRIN,14,34,200,376.00,"75,200.00"
2019-06-19,2019061901003632,PRIN,19,34,65,377.00,"24,505.00"
2019-06-19,2019061901003472,PRIN,19,48,35,377.00,"13,195.00"
2019-06-19,2019061901003471,PRIN,32,48,25,378.00,"9,450.00"
2019-06-19,2019061901003443,PRIN,32,32,400,378.00,"151,200.00"
2019-06-19,2019061901003898,PRVU,49,34,500,266.00,"133,000.00"
2019-06-19,2019061901003889,PRVU,51,34,500,266.00,"133,000.00"
2019-06-19,2019061901003626,PRVU,51,34,75,266.00,"19,950.00"
2019-06-19,2019061901003548,PRVU,38,8,24,265.00,"6,360.00"
2019-06-19,2019061901003486,PRVU,38,42,40,265.00,"10,600.00"
2019-06-19,2019061901003485,PRVU,59,42,500,266.00,"133,000.00"
2019-06-19,2019061901003812,PRVU,59,34,100,266.00,"26,600.00"
2019-06-19,2019061901003757,PRVU,58,34,125,266.00,"33,250.00"
2019-06-19,2019061901003652,PRVU,56,44,264,265.00,"69,960.00"
2019-06-19,2019061901003651,PRVU,38,44,236,265.00,"62,540.00"
2019-06-19,2019061901003585,RADHI,25,50,190,165.00,"31,350.00"
2019-06-19,2019061901003547,RADHI,29,50,35,166.00,"5,810.00"
2019-06-19,2019061901003802,RBCL,41,47,30,"9,602.00","288,060.00"
2019-06-19,2019061901003801,RBCL,57,47,10,"9,603.00","96,030.00"
2019-06-19,2019061901003800,RBCL,47,47,10,"9,604.00","96,040.00"
2019-06-19,2019061901003799,RBCL,47,47,10,"9,605.00","96,050.00"
2019-06-19,2019061901003798,RBCL,19,47,10,"9,610.00","96,100.00"
2019-06-19,2019061901003492,RHPC,26,21,12,91.00,"1,092.00"
2019-06-19,2019061901003875,RLFL,34,39,10,133.00,"1,330.00"
2019-06-19,2019061901003850,RLFL,34,39,10,132.00,"1,320.00"
2019-06-19,2019061901003823,RLFL,34,59,300,132.00,"39,600.00"
2019-06-19,2019061901003822,RLFL,34,39,50,131.00,"6,550.00"
2019-06-19,2019061901003809,RLFL,34,53,500,130.00,"65,000.00"
2019-06-19,2019061901003790,RLFL,34,43,500,128.00,"64,000.00"
2019-06-19,2019061901003900,RMDC,49,48,20,654.00,"13,080.00"
2019-06-19,2019061901003896,RMDC,46,19,249,651.00,"162,099.00"
2019-06-19,2019061901003776,RMDC,28,1,276,651.00,"179,676.00"
2019-06-19,2019061901003473,RMDC,21,21,8,654.00,"5,232.00"
2019-06-19,2019061901003691,RRHP,37,34,10,111.00,"1,110.00"
2019-06-19,2019061901003624,RRHP,37,54,10,110.00,"1,100.00"
2019-06-19,2019061901003622,RRHP,37,47,10,109.00,"1,090.00"
2019-06-19,2019061901003621,RRHP,37,47,10,109.00,"1,090.00"
2019-06-19,2019061901003620,RRHP,37,47,10,109.00,"1,090.00"
2019-06-19,2019061901003551,RRHP,22,29,10,108.00,"1,080.00"
2019-06-19,2019061901003721,RSDC,43,33,23,351.00,"8,073.00"
2019-06-19,2019061901003720,RSDC,43,29,35,351.00,"12,285.00"
2019-06-19,2019061901003884,SADBL,17,36,500,150.00,"75,000.00"
2019-06-19,2019061901003431,SADBL,59,59,250,149.00,"37,250.00"
2019-06-19,2019061901003692,SANIMA,32,34,35,348.00,"12,180.00"
2019-06-19,2019061901003662,SANIMA,32,39,296,348.00,"103,008.00"
2019-06-19,2019061901003661,SANIMA,41,39,104,348.00,"36,192.00"
2019-06-19,2019061901003521,SANIMA,41,42,96,348.00,"33,408.00"
2019-06-19,2019061901003520,SANIMA,49,42,20,348.00,"6,960.00"
2019-06-19,2019061901003883,SBL,28,6,180,319.00,"57,420.00"
2019-06-19,2019061901003811,SBL,42,6,30,319.00,"9,570.00"
2019-06-19,2019061901003499,SBL,37,42,153,318.00,"48,654.00"
2019-06-19,2019061901003498,SBL,40,42,10,319.00,"3,190.00"
2019-06-19,2019061901003448,SBL,21,21,2,319.00,638.00
2019-06-19,2019061901003904,SCB,36,56,10,661.00,"6,610.00"
2019-06-19,2019061901003903,SCB,19,56,200,661.00,"132,200.00"
2019-06-19,2019061901003902,SCB,41,56,190,662.00,"125,780.00"
2019-06-19,2019061901003491,SCB,41,40,10,662.00,"6,620.00"
2019-06-19,2019061901003490,SCB,35,40,10,662.00,"6,620.00"
2019-06-19,2019061901003439,SCB,35,7,10,662.00,"6,620.00"
2019-06-19,2019061901003438,SCB,3,7,10,662.00,"6,620.00"
2019-06-19,2019061901003711,SHINE,56,57,100,250.00,"25,000.00"
2019-06-19,2019061901003710,SHINE,41,57,100,250.00,"25,000.00"
2019-06-19,2019061901003709,SHINE,57,57,100,250.00,"25,000.00"
2019-06-19,2019061901003708,SHINE,57,57,19,250.00,"4,750.00"
2019-06-19,2019061901003813,SHIVM,38,44,36,653.00,"23,508.00"
2019-06-19,2019061901003788,SHIVM,22,38,50,654.00,"32,700.00"
2019-06-19,2019061901003655,SHIVM,21,22,"1,500",655.00,"982,500.00"
2019-06-19,2019061901003457,SHIVM,49,34,100,654.00,"65,400.00"
2019-06-19,2019061901003446,SHIVM,36,47,100,655.00,"65,500.00"
2019-06-19,2019061901003445,SHIVM,36,34,150,655.00,"98,250.00"
2019-06-19,2019061901003444,SHIVM,36,42,35,655.00,"22,925.00"
2019-06-19,2019061901003432,SHIVM,49,56,25,654.00,"16,350.00"
2019-06-19,2019061901003912,SHL,41,43,400,231.00,"92,400.00"
2019-06-19,2019061901003882,SHL,17,4,133,232.00,"30,856.00"
2019-06-19,2019061901003726,SHL,41,44,100,231.00,"23,100.00"
2019-06-19,2019061901003482,SHL,6,43,767,230.00,"176,410.00"
2019-06-19,2019061901003481,SHL,37,43,500,230.00,"115,000.00"
2019-06-19,2019061901003480,SHL,3,43,100,230.00,"23,000.00"
2019-06-19,2019061901003479,SHL,5,43,300,230.00,"69,000.00"
2019-06-19,2019061901003478,SHL,35,43,100,231.00,"23,100.00"
2019-06-19,2019061901003477,SHL,54,43,233,231.00,"53,823.00"
2019-06-19,2019061901003714,SHPC,25,34,"1,000",249.00,"249,000.00"
2019-06-19,2019061901003713,SHPC,39,34,50,249.00,"12,450.00"
2019-06-19,2019061901003712,SHPC,39,34,100,250.00,"25,000.00"
2019-06-19,2019061901003577,SHPC,25,39,252,248.00,"62,496.00"
2019-06-19,2019061901003576,SHPC,42,39,"1,000",248.00,"248,000.00"
2019-06-19,2019061901003575,SHPC,45,39,300,248.00,"74,400.00"
2019-06-19,2019061901003509,SHPC,21,21,9,251.00,"2,259.00"
2019-06-19,2019061901003450,SHPC,56,22,58,251.00,"14,558.00"
2019-06-19,2019061901003449,SHPC,25,22,239,251.00,"59,989.00"
2019-06-19,2019061901003568,SHPC,25,39,110,250.00,"27,500.00"
2019-06-19,2019061901003567,SHPC,36,39,"1,000",250.00,"250,000.00"
2019-06-19,2019061901003566,SHPC,6,39,100,250.00,"25,000.00"
2019-06-19,2019061901003565,SHPC,20,39,"1,000",250.00,"250,000.00"
2019-06-19,2019061901003564,SHPC,22,39,300,251.00,"75,300.00"
2019-06-19,2019061901003563,SHPC,56,39,942,251.00,"236,442.00"
2019-06-19,2019061901003574,SHPC,29,39,200,248.00,"49,600.00"
2019-06-19,2019061901003573,SHPC,57,39,100,249.00,"24,900.00"
2019-06-19,2019061901003572,SHPC,42,39,871,250.00,"217,750.00"
2019-06-19,2019061901003571,SHPC,39,39,500,250.00,"125,000.00"
2019-06-19,2019061901003570,SHPC,49,39,"1,000",250.00,"250,000.00"
2019-06-19,2019061901003569,SHPC,40,39,200,250.00,"50,000.00"
2019-06-19,2019061901003871,SICL,44,54,39,802.00,"31,278.00"
2019-06-19,2019061901003870,SICL,35,54,150,802.00,"120,300.00"
2019-06-19,2019061901003869,SICL,39,54,50,804.00,"40,200.00"
2019-06-19,2019061901003868,SICL,28,54,50,804.00,"40,200.00"
2019-06-19,2019061901003867,SICL,45,54,100,804.00,"80,400.00"
2019-06-19,2019061901003866,SICL,34,54,555,805.00,"446,775.00"
2019-06-19,2019061901003865,SICL,14,54,50,805.00,"40,250.00"
2019-06-19,2019061901003864,SICL,38,54,10,805.00,"8,050.00"
2019-06-19,2019061901003863,SICL,33,54,53,807.00,"42,771.00"
2019-06-19,2019061901003862,SICL,38,54,20,808.00,"16,160.00"
2019-06-19,2019061901003824,SICL,44,54,25,814.00,"20,350.00"
2019-06-19,2019061901003859,SIL,22,56,30,446.00,"13,380.00"
2019-06-19,2019061901003820,SIL,22,52,210,446.00,"93,660.00"
2019-06-19,2019061901003753,SIL,22,21,10,446.00,"4,460.00"
2019-06-19,2019061901003858,SKBBL,14,42,70,948.00,"66,360.00"
2019-06-19,2019061901003517,SLBBL,39,45,20,410.00,"8,200.00"
2019-06-19,2019061901003455,SLBS,45,7,18,697.00,"12,546.00"
2019-06-19,2019061901003592,SLICL,1,40,90,461.00,"41,490.00"
2019-06-19,2019061901003591,SLICL,49,40,60,461.00,"27,660.00"
2019-06-19,2019061901003550,SLICL,14,55,100,464.00,"46,400.00"
2019-06-19,2019061901003886,SPDL,7,6,17,94.00,"1,598.00"
2019-06-19,2019061901003615,SPDL,40,6,20,95.00,"1,900.00"
2019-06-19,2019061901003440,SRBL,43,28,"1,100",251.00,"276,100.00"
2019-06-19,2019061901003648,SWBBL,49,47,"1,500",875.00,"1,312,500.00"
2019-06-19,2019061901003647,SWBBL,47,47,200,876.00,"175,200.00"
2019-06-19,2019061901003646,SWBBL,8,47,53,879.00,"46,587.00"
2019-06-19,2019061901003645,SWBBL,52,47,50,879.00,"43,950.00"
2019-06-19,2019061901003644,SWBBL,35,47,50,880.00,"44,000.00"
2019-06-19,2019061901003730,TRH,57,45,200,318.00,"63,600.00"
2019-06-19,2019061901003729,TRH,49,45,100,318.00,"31,800.00"
2019-06-19,2019061901003719,TRH,59,6,500,319.00,"159,500.00"
2019-06-19,2019061901003718,TRH,34,6,30,319.00,"9,570.00"
2019-06-19,2019061901003707,TRH,34,45,500,319.00,"159,500.00"
2019-06-19,2019061901003663,TRH,34,45,500,319.00,"159,500.00"
2019-06-19,2019061901003619,TRH,49,5,200,320.00,"64,000.00"
2019-06-19,2019061901003514,TRH,57,6,470,321.00,"150,870.00"
2019-06-19,2019061901003513,TRH,57,36,80,321.00,"25,680.00"
2019-06-19,2019061901003512,TRH,57,22,100,321.00,"32,100.00"
2019-06-19,2019061901003819,UIC,16,26,180,890.00,"160,200.00"
2019-06-19,2019061901003818,UIC,17,26,100,890.00,"89,000.00"
2019-06-19,2019061901003817,UIC,49,26,100,891.00,"89,100.00"
2019-06-19,2019061901003816,UIC,45,26,70,895.00,"62,650.00"
2019-06-19,2019061901003815,UIC,32,26,50,896.00,"44,800.00"
2019-06-19,2019061901003484,UMHL,13,40,14,110.00,"1,540.00"
2019-06-19,2019061901003483,UMHL,13,40,14,110.00,"1,540.00"
2019-06-19,2019061901003909,UPCL,49,21,50,92.00,"4,600.00"
2019-06-19,2019061901003908,UPCL,49,21,50,92.00,"4,600.00"
2019-06-19,2019061901003907,UPCL,49,4,70,92.00,"6,440.00"
2019-06-19,2019061901003540,UPCL,48,42,310,91.00,"28,210.00"
2019-06-19,2019061901003539,UPCL,56,42,100,91.00,"9,100.00"
2019-06-19,2019061901003538,UPCL,25,42,50,91.00,"4,550.00"
2019-06-19,2019061901003537,UPCL,21,42,100,91.00,"9,100.00"
2019-06-19,2019061901003536,UPCL,42,42,40,91.00,"3,640.00"
2019-06-19,2019061901003535,UPCL,54,42,100,91.00,"9,100.00"
2019-06-19,2019061901003534,UPCL,49,42,100,91.00,"9,100.00"
2019-06-19,2019061901003533,UPCL,49,42,200,91.00,"18,200.00"
2019-06-19,2019061901003706,UPPER,49,33,111,267.00,"29,637.00"
2019-06-19,2019061901003656,UPPER,45,33,500,267.00,"133,500.00"
2019-06-19,2019061901003611,UPPER,39,33,20,267.00,"5,340.00"
2019-06-19,2019061901003610,UPPER,41,33,400,267.00,"106,800.00"
2019-06-19,2019061901003609,UPPER,42,33,50,267.00,"13,350.00"
2019-06-19,2019061901003608,UPPER,38,33,100,267.00,"26,700.00"
2019-06-19,2019061901003595,UPPER,39,40,50,268.00,"13,400.00"
2019-06-19,2019061901003594,UPPER,39,40,50,268.00,"13,400.00"
2019-06-19,2019061901003593,UPPER,39,22,50,268.00,"13,400.00"
2019-06-19,2019061901003447,UPPER,47,38,75,267.00,"20,025.00"
2019-06-19,2019061901003607,UPPER,39,33,100,267.00,"26,700.00"
2019-06-19,2019061901003606,UPPER,47,33,219,267.00,"58,473.00"
2019-06-19,2019061901003599,UPPER,39,35,10,268.00,"2,680.00"
2019-06-19,2019061901003598,UPPER,39,40,50,268.00,"13,400.00"
2019-06-19,2019061901003597,UPPER,39,52,40,268.00,"10,720.00"
2019-06-19,2019061901003596,UPPER,39,41,50,268.00,"13,400.00"
2019-06-19,2019061901003413,ADBL,50,38,100,403.00,"40,300.00"
2019-06-19,2019061901003183,ADBL,6,4,20,404.00,"8,080.00"
2019-06-19,2019061901003054,ADBL,50,42,436,403.00,"175,708.00"
2019-06-19,2019061901003272,AHPC,37,45,10,108.00,"1,080.00"
2019-06-19,2019061901003263,AKJCL,21,21,9,74.00,666.00
2019-06-19,2019061901003289,AKPL,54,40,13,181.00,"2,353.00"
2019-06-19,2019061901003281,AKPL,54,43,30,181.00,"5,430.00"
2019-06-19,2019061901003241,AKPL,54,40,13,181.00,"2,353.00"
2019-06-19,2019061901003292,ALBSL,14,40,10,397.00,"3,970.00"
2019-06-19,2019061901003229,ALBSL,14,52,20,397.00,"7,940.00"
2019-06-19,2019061901003156,ALBSL,14,22,10,397.00,"3,970.00"
2019-06-19,2019061901002962,ALBSL,14,14,10,399.00,"3,990.00"
2019-06-19,2019061901002961,ALBSL,14,14,10,399.00,"3,990.00"
2019-06-19,2019061901002960,ALBSL,14,14,10,399.00,"3,990.00"
2019-06-19,2019061901003120,ALBSL,14,14,10,401.00,"4,010.00"
2019-06-19,2019061901002983,ALBSL,14,56,10,400.00,"4,000.00"
2019-06-19,2019061901002966,ALBSL,14,14,10,399.00,"3,990.00"
2019-06-19,2019061901002965,ALBSL,14,14,10,399.00,"3,990.00"
2019-06-19,2019061901002964,ALBSL,14,14,10,399.00,"3,990.00"
2019-06-19,2019061901002963,ALBSL,14,14,10,399.00,"3,990.00"
2019-06-19,2019061901003126,ALBSL,14,14,10,401.00,"4,010.00"
2019-06-19,2019061901003125,ALBSL,14,14,10,401.00,"4,010.00"
2019-06-19,2019061901003124,ALBSL,14,14,10,401.00,"4,010.00"
2019-06-19,2019061901003123,ALBSL,14,14,10,401.00,"4,010.00"
2019-06-19,2019061901003122,ALBSL,14,14,10,401.00,"4,010.00"
2019-06-19,2019061901003121,ALBSL,14,14,10,401.00,"4,010.00"
2019-06-19,2019061901003423,API,44,44,1,145.00,145.00
2019-06-19,2019061901003349,API,41,56,395,147.00,"58,065.00"
2019-06-19,2019061901003348,API,46,56,105,147.00,"15,435.00"
2019-06-19,2019061901003104,API,44,44,1,145.00,145.00
2019-06-19,2019061901003043,API,44,44,1,145.00,145.00
2019-06-19,2019061901003038,BFC,1,29,500,105.00,"52,500.00"
2019-06-19,2019061901002955,BFC,48,28,100,106.00,"10,600.00"
2019-06-19,2019061901003147,BOKL,57,33,200,264.00,"52,800.00"
2019-06-19,2019061901003013,BOKL,19,33,300,264.00,"79,200.00"
2019-06-19,2019061901003344,BPCL,34,46,203,403.00,"81,809.00"
2019-06-19,2019061901003128,BPCL,34,34,11,403.00,"4,433.00"
2019-06-19,2019061901003388,CBBL,39,13,30,930.00,"27,900.00"
2019-06-19,2019061901003387,CBBL,39,1,67,930.00,"62,310.00"
2019-06-19,2019061901003270,CBBL,29,33,200,928.00,"185,600.00"
2019-06-19,2019061901003269,CBBL,55,33,100,928.00,"92,800.00"
2019-06-19,2019061901003407,CBL,38,56,358,146.00,"52,268.00"
2019-06-19,2019061901003346,CBL,29,56,100,146.00,"14,600.00"
2019-06-19,2019061901003172,CBL,54,56,200,146.00,"29,200.00"
2019-06-19,2019061901003171,CBL,29,56,342,146.00,"49,932.00"
2019-06-19,2019061901003196,CCBL,40,7,110,165.00,"18,150.00"
2019-06-19,2019061901003084,CCBL,8,13,140,165.00,"23,100.00"
2019-06-19,2019061901003079,CCBL,8,13,500,165.00,"82,500.00"
2019-06-19,2019061901003262,CFCL,13,7,10,119.00,"1,190.00"
2019-06-19,2019061901003406,CHCL,21,21,7,513.00,"3,591.00"
2019-06-19,2019061901003085,CHCL,8,21,10,513.00,"5,130.00"
2019-06-19,2019061901003149,CIT,54,51,14,"2,500.00","35,000.00"
2019-06-19,2019061901003042,CIT,41,51,50,"2,500.00","125,000.00"
2019-06-19,2019061901003041,CIT,59,51,11,"2,501.00","27,511.00"
2019-06-19,2019061901003265,CLBSL,54,13,18,500.00,"9,000.00"
2019-06-19,2019061901003271,CZBIL,1,13,126,223.00,"28,098.00"
2019-06-19,2019061901003219,CZBIL,1,47,10,223.00,"2,230.00"
2019-06-19,2019061901003389,DBBL,37,14,97,143.00,"13,871.00"
2019-06-19,2019061901003199,DBBL,37,36,"1,000",143.00,"143,000.00"
2019-06-19,2019061901003036,DBBL,42,7,"1,000",144.00,"144,000.00"
2019-06-19,2019061901003329,DDBL,1,41,20,697.00,"13,940.00"
2019-06-19,2019061901003034,DHPL,25,42,520,71.00,"36,920.00"
2019-06-19,2019061901003033,DHPL,47,42,980,72.00,"70,560.00"
2019-06-19,2019061901003191,EBL,6,34,148,660.00,"97,680.00"
2019-06-19,2019061901003100,EBL,35,6,20,661.00,"13,220.00"
2019-06-19,2019061901003011,EBL,54,6,100,661.00,"66,100.00"
2019-06-19,2019061901002940,EBL,1,6,29,661.00,"19,169.00"
2019-06-19,2019061901002934,EBL,1,45,60,661.00,"39,660.00"
2019-06-19,2019061901003424,FMDBL,49,57,"4,000",383.00,"1,532,000.00"
2019-06-19,2019061901003109,FMDBL,42,52,30,385.00,"11,550.00"
2019-06-19,2019061901003032,FMDBL,46,52,27,385.00,"10,395.00"
2019-06-19,2019061901002980,FMDBL,32,52,10,385.00,"3,850.00"
2019-06-19,2019061901003422,FOWAD,58,25,30,"1,340.00","40,200.00"
2019-06-19,2019061901003165,FOWAD,58,25,48,"1,340.00","64,320.00"
2019-06-19,2019061901003164,FOWAD,4,25,10,"1,340.00","13,400.00"
2019-06-19,2019061901003163,FOWAD,50,25,200,"1,341.00","268,200.00"
2019-06-19,2019061901003162,FOWAD,7,25,20,"1,341.00","26,820.00"
2019-06-19,2019061901003161,FOWAD,49,25,10,"1,341.00","13,410.00"
2019-06-19,2019061901003014,FOWAD,57,25,10,"1,351.00","13,510.00"
2019-06-19,2019061901002982,FOWAD,57,35,94,"1,362.00","128,028.00"
2019-06-19,2019061901002981,FOWAD,57,57,106,"1,362.00","144,372.00"
2019-06-19,2019061901003160,FOWAD,56,25,10,"1,345.00","13,450.00"
2019-06-19,2019061901003019,FOWAD,56,25,40,"1,345.00","53,800.00"
2019-06-19,2019061901003018,FOWAD,14,25,25,"1,345.00","33,625.00"
2019-06-19,2019061901003017,FOWAD,40,25,10,"1,346.00","13,460.00"
2019-06-19,2019061901003016,FOWAD,7,25,10,"1,349.00","13,490.00"
2019-06-19,2019061901003015,FOWAD,8,25,20,"1,350.00","27,000.00"
2019-06-19,2019061901003313,GBBL,19,41,40,223.00,"8,920.00"
2019-06-19,2019061901003297,GBIME,45,33,751,297.00,"223,047.00"
2019-06-19,2019061901003381,GBLBS,22,13,95,351.00,"33,345.00"
2019-06-19,2019061901003380,GBLBS,46,13,100,351.00,"35,100.00"
2019-06-19,2019061901003379,GBLBS,29,13,140,351.00,"49,140.00"
2019-06-19,2019061901003378,GBLBS,38,13,100,351.00,"35,100.00"
2019-06-19,2019061901003377,GBLBS,56,13,200,351.00,"70,200.00"
2019-06-19,2019061901003376,GBLBS,58,13,80,351.00,"28,080.00"
2019-06-19,2019061901003375,GBLBS,3,13,10,351.00,"3,510.00"
2019-06-19,2019061901003225,GBLBS,13,28,100,351.00,"35,100.00"
2019-06-19,2019061901003213,GBLBS,49,57,190,352.00,"66,880.00"
2019-06-19,2019061901003159,GBLBS,49,34,10,352.00,"3,520.00"
2019-06-19,2019061901003086,GDBL,21,1,30,212.00,"6,360.00"
2019-06-19,2019061901002930,GRDBL,21,52,500,117.00,"58,500.00"
2019-06-19,2019061901003386,HBL,49,49,950,552.00,"524,400.00"
2019-06-19,2019061901003385,HBL,56,49,50,553.00,"27,650.00"
2019-06-19,2019061901002937,HBL,22,11,200,555.00,"111,000.00"
2019-06-19,2019061901002936,HBL,56,11,100,555.00,"55,500.00"
2019-06-19,2019061901003291,HIDCL,50,6,4,160.00,640.00
2019-06-19,2019061901003268,HIDCL,7,38,135,160.00,"21,600.00"
2019-06-19,2019061901003267,HIDCL,46,38,150,160.00,"24,000.00"
2019-06-19,2019061901003266,HIDCL,43,38,255,160.00,"40,800.00"
2019-06-19,2019061901003204,HIDCL,43,14,102,160.00,"16,320.00"
2019-06-19,2019061901003295,HPPL,36,40,10,177.00,"1,770.00"
2019-06-19,2019061901003242,HPPL,36,40,10,177.00,"1,770.00"
2019-06-19,2019061901003342,HURJA,38,40,10,145.00,"1,450.00"
2019-06-19,2019061901003310,HURJA,38,40,20,145.00,"2,900.00"
2019-06-19,2019061901003250,HURJA,13,40,20,145.00,"2,900.00"
2019-06-19,2019061901003205,HURJA,13,47,20,145.00,"2,900.00"
2019-06-19,2019061901003176,HURJA,13,54,20,145.00,"2,900.00"
2019-06-19,2019061901003088,HURJA,13,4,20,145.00,"2,900.00"
2019-06-19,2019061901003298,ICFC,13,16,15,163.00,"2,445.00"
2019-06-19,2019061901003332,JBBL,26,57,150,158.00,"23,700.00"
2019-06-19,2019061901003333,JBNL,59,5,500,208.00,"104,000.00"
2019-06-19,2019061901003214,JBNL,32,5,100,208.00,"20,800.00"
2019-06-19,2019061901003130,JBNL,41,51,10,207.00,"2,070.00"
2019-06-19,2019061901003105,JBNL,25,5,200,208.00,"41,600.00"
2019-06-19,2019061901003051,KBL,19,13,194,212.00,"41,128.00"
2019-06-19,2019061901003050,KBL,41,13,106,212.00,"22,472.00"
2019-06-19,2019061901003112,KPCL,41,39,70,97.00,"6,790.00"
2019-06-19,2019061901003073,KPCL,41,26,10,96.00,960.00
2019-06-19,2019061901003072,KPCL,41,5,10,96.00,960.00
2019-06-19,2019061901003071,KPCL,41,21,10,96.00,960.00
2019-06-19,2019061901003070,KPCL,41,21,10,96.00,960.00
2019-06-19,2019061901003078,KPCL,41,46,10,97.00,970.00
2019-06-19,2019061901003077,KPCL,41,1,200,97.00,"19,400.00"
2019-06-19,2019061901003076,KPCL,41,19,10,96.00,960.00
2019-06-19,2019061901003075,KPCL,41,44,160,96.00,"15,360.00"
2019-06-19,2019061901003074,KPCL,41,7,10,96.00,960.00
2019-06-19,2019061901003082,KRBL,33,45,200,116.00,"23,200.00"
2019-06-19,2019061901003190,KSBBL,22,51,34,152.00,"5,168.00"
2019-06-19,2019061901003189,KSBBL,25,51,191,152.00,"29,032.00"
2019-06-19,2019061901003426,LBBL,38,16,151,197.00,"29,747.00"
2019-06-19,2019061901003420,LBBL,38,25,49,197.00,"9,653.00"
2019-06-19,2019061901003169,LBBL,52,25,100,197.00,"19,700.00"
2019-06-19,2019061901003168,LBBL,45,25,60,197.00,"11,820.00"
2019-06-19,2019061901003417,LBL,55,44,500,218.00,"109,000.00"
2019-06-19,2019061901003157,LBL,6,44,25,218.00,"5,450.00"
2019-06-19,2019061901003009,LBL,19,44,191,218.00,"41,638.00"
2019-06-19,2019061901003008,LBL,19,58,309,218.00,"67,362.00"
2019-06-19,2019061901003007,LBL,55,58,80,218.00,"17,440.00"
2019-06-19,2019061901003006,LBL,55,44,220,218.00,"47,960.00"
2019-06-19,2019061901003069,LGIL,19,4,100,443.00,"44,300.00"
2019-06-19,2019061901002971,LGIL,11,47,50,445.00,"22,250.00"
2019-06-19,2019061901003416,LLBS,55,48,100,675.00,"67,500.00"
2019-06-19,2019061901003415,LLBS,55,13,19,675.00,"12,825.00"
2019-06-19,2019061901003327,LLBS,55,13,95,675.00,"64,125.00"
2019-06-19,2019061901003410,MBL,46,22,150,265.00,"39,750.00"
2019-06-19,2019061901003409,MBL,45,22,50,265.00,"13,250.00"
2019-06-19,2019061901003249,MBL,19,6,1,265.00,265.00
2019-06-19,2019061901003248,MBL,56,6,300,265.00,"79,500.00"
2019-06-19,2019061901003337,MEGA,33,40,21,199.00,"4,179.00"
2019-06-19,2019061901003336,MEGA,59,40,30,199.00,"5,970.00"
2019-06-19,2019061901003335,MEGA,32,40,202,199.00,"40,198.00"
2019-06-19,2019061901003334,MEGA,39,40,470,199.00,"93,530.00"
2019-06-19,2019061901003261,MEGA,39,13,30,199.00,"5,970.00"
2019-06-19,2019061901003260,MEGA,45,13,60,199.00,"11,940.00"
2019-06-19,2019061901002952,MEGA,32,46,75,199.00,"14,925.00"
2019-06-19,2019061901002951,MEGA,45,46,208,199.00,"41,392.00"
2019-06-19,2019061901002938,MEGA,45,13,90,199.00,"17,910.00"
2019-06-19,2019061901003259,MEGA,58,13,433,199.00,"86,167.00"
2019-06-19,2019061901003234,MEGA,58,11,500,199.00,"99,500.00"
2019-06-19,2019061901003185,MEGA,45,19,100,200.00,"20,000.00"
2019-06-19,2019061901003177,MEGA,58,42,"1,000",199.00,"199,000.00"
2019-06-19,2019061901002954,MEGA,58,46,67,199.00,"13,333.00"
2019-06-19,2019061901002953,MEGA,48,46,100,199.00,"19,900.00"
2019-06-19,2019061901003256,MERO,13,40,16,543.00,"8,688.00"
2019-06-19,2019061901003247,MERO,6,48,40,545.00,"21,800.00"
2019-06-19,2019061901003343,MFIL,29,49,100,127.00,"12,700.00"
2019-06-19,2019061901003142,MLBL,40,44,100,195.00,"19,500.00"
2019-06-19,2019061901003311,MNBBL,56,52,23,373.00,"8,579.00"
2019-06-19,2019061901003207,MNBBL,52,54,50,373.00,"18,650.00"
2019-06-19,2019061901003005,MNBBL,16,39,100,372.00,"37,200.00"
2019-06-19,2019061901003004,MNBBL,16,39,10,372.00,"3,720.00"
2019-06-19,2019061901003097,MSLB,28,58,23,875.00,"20,125.00"
2019-06-19,2019061901003096,MSLB,28,58,23,875.00,"20,125.00"
2019-06-19,2019061901003175,MSMBS,45,13,100,417.00,"41,700.00"
2019-06-19,2019061901003174,MSMBS,39,13,11,417.00,"4,587.00"
2019-06-19,2019061901003173,MSMBS,45,13,50,418.00,"20,900.00"
2019-06-19,2019061901003372,NADEP,57,40,20,412.00,"8,240.00"
2019-06-19,2019061901003223,NADEP,14,34,20,414.00,"8,280.00"
2019-06-19,2019061901003170,NADEP,57,34,10,412.00,"4,120.00"
2019-06-19,2019061901002986,NADEP,43,34,100,414.00,"41,400.00"
2019-06-19,2019061901002950,NADEP,43,34,100,414.00,"41,400.00"
2019-06-19,2019061901003150,NADEP,57,47,20,412.00,"8,240.00"
2019-06-19,2019061901003098,NADEP,43,34,100,414.00,"41,400.00"
2019-06-19,2019061901003353,NBB,53,53,225,220.00,"49,500.00"
2019-06-19,2019061901003352,NBB,41,53,100,220.00,"22,000.00"
2019-06-19,2019061901003351,NBB,6,53,25,220.00,"5,500.00"
2019-06-19,2019061901003350,NBB,49,53,150,220.00,"33,000.00"
2019-06-19,2019061901002973,NBB,50,38,359,220.00,"78,980.00"
2019-06-19,2019061901003093,NBB,58,13,100,220.00,"22,000.00"
2019-06-19,2019061901003092,NBB,58,11,541,220.00,"119,020.00"
2019-06-19,2019061901002979,NBB,48,11,100,220.00,"22,000.00"
2019-06-19,2019061901002978,NBB,51,11,500,220.00,"110,000.00"
2019-06-19,2019061901002977,NBB,22,11,359,220.00,"78,980.00"
2019-06-19,2019061901002974,NBB,22,38,641,220.00,"141,020.00"
2019-06-19,2019061901003309,NBL,32,34,"1,000",323.00,"323,000.00"
2019-06-19,2019061901003308,NBL,32,38,62,323.00,"20,026.00"
2019-06-19,2019061901003307,NBL,32,1,"5,000",323.00,"1,615,000.00"
2019-06-19,2019061901003306,NBL,32,49,50,323.00,"16,150.00"
2019-06-19,2019061901003305,NBL,32,59,100,323.00,"32,300.00"
2019-06-19,2019061901003304,NBL,32,4,660,323.00,"213,180.00"
2019-06-19,2019061901003152,NBL,6,38,285,322.00,"91,770.00"
2019-06-19,2019061901003151,NBL,6,4,423,322.00,"136,206.00"
2019-06-19,2019061901003216,NBL,40,47,50,321.00,"16,050.00"
2019-06-19,2019061901003198,NBL,22,57,200,322.00,"64,400.00"
2019-06-19,2019061901003197,NBL,46,57,50,322.00,"16,100.00"
2019-06-19,2019061901003192,NBL,22,57,50,322.00,"16,100.00"
2019-06-19,2019061901003155,NBL,55,57,400,322.00,"128,800.00"
2019-06-19,2019061901003153,NBL,6,57,292,322.00,"94,024.00"
2019-06-19,2019061901003303,NBL,32,13,101,322.00,"32,522.00"
2019-06-19,2019061901003302,NBL,32,4,"1,000",322.00,"322,000.00"
2019-06-19,2019061901003301,NBL,32,10,"1,000",322.00,"322,000.00"
2019-06-19,2019061901003300,NBL,32,52,100,322.00,"32,200.00"
2019-06-19,2019061901003299,NBL,32,57,908,322.00,"292,376.00"
2019-06-19,2019061901003296,NBL,56,57,100,322.00,"32,200.00"
2019-06-19,2019061901003373,NCCB,21,48,26,256.00,"6,656.00"
2019-06-19,2019061901003347,NCCB,21,44,"1,193",256.00,"305,408.00"
2019-06-19,2019061901003339,NCCB,21,49,700,256.00,"179,200.00"
2019-06-19,2019061901003182,NCCB,21,34,74,256.00,"18,944.00"
2019-06-19,2019061901003089,NCCB,45,14,100,257.00,"25,700.00"
2019-06-19,2019061901003257,NGPL,25,40,11,116.00,"1,276.00"
2019-06-19,2019061901003345,NHDL,35,41,10,125.00,"1,250.00"
2019-06-19,2019061901003294,NHDL,35,41,10,125.00,"1,250.00"
2019-06-19,2019061901003428,NIB,21,48,6,526.00,"3,156.00"
2019-06-19,2019061901003326,NIB,6,11,29,526.00,"15,254.00"
2019-06-19,2019061901003325,NIB,41,11,50,526.00,"26,300.00"
2019-06-19,2019061901003324,NIB,49,11,150,526.00,"78,900.00"
2019-06-19,2019061901003323,NIB,39,11,100,526.00,"52,600.00"
2019-06-19,2019061901003322,NIB,32,11,100,526.00,"52,600.00"
2019-06-19,2019061901003237,NIB,53,1,885,528.00,"467,280.00"
2019-06-19,2019061901003236,NIB,6,1,15,528.00,"7,920.00"
2019-06-19,2019061901003235,NIB,6,29,15,528.00,"7,920.00"
2019-06-19,2019061901003127,NIB,28,42,19,527.00,"10,013.00"
2019-06-19,2019061901002939,NIB,13,29,30,528.00,"15,840.00"
2019-06-19,2019061901002935,NIB,28,44,90,527.00,"47,430.00"
2019-06-19,2019061901003278,NIB,8,32,749,527.00,"394,723.00"
2019-06-19,2019061901003277,NIB,29,32,400,527.00,"210,800.00"
2019-06-19,2019061901003276,NIB,55,32,200,527.00,"105,400.00"
2019-06-19,2019061901003275,NIB,28,32,151,527.00,"79,577.00"
2019-06-19,2019061901003239,NIB,53,25,500,528.00,"264,000.00"
2019-06-19,2019061901003238,NIB,53,38,71,528.00,"37,488.00"
2019-06-19,2019061901003321,NIB,57,11,110,526.00,"57,860.00"
2019-06-19,2019061901003320,NIB,28,11,761,526.00,"400,286.00"
2019-06-19,2019061901003319,NIB,8,11,100,527.00,"52,700.00"
2019-06-19,2019061901003318,NIB,29,11,100,527.00,"52,700.00"
2019-06-19,2019061901003317,NIB,22,11,500,527.00,"263,500.00"
2019-06-19,2019061901003280,NIB,8,38,250,527.00,"131,750.00"
2019-06-19,2019061901003364,NIBPO,52,4,265,480.00,"127,200.00"
2019-06-19,2019061901003363,NIBPO,47,4,200,480.00,"96,000.00"
2019-06-19,2019061901003362,NIBPO,44,4,50,480.00,"24,000.00"
2019-06-19,2019061901003361,NIBPO,59,4,"1,000",480.00,"480,000.00"
2019-06-19,2019061901003360,NIBPO,48,4,100,480.00,"48,000.00"
2019-06-19,2019061901003359,NIBPO,44,4,50,480.00,"24,000.00"
2019-06-19,2019061901003251,NIBPO,42,4,"2,000",482.00,"964,000.00"
2019-06-19,2019061901003358,NIBPO,16,4,25,480.00,"12,000.00"
2019-06-19,2019061901003357,NIBPO,32,4,200,480.00,"96,000.00"
2019-06-19,2019061901003356,NIBPO,50,4,10,481.00,"4,810.00"
2019-06-19,2019061901003355,NIBPO,11,4,100,481.00,"48,100.00"
2019-06-19,2019061901003253,NIBPO,11,4,"1,900",481.00,"913,900.00"
2019-06-19,2019061901003252,NIBPO,44,4,100,482.00,"48,200.00"
2019-06-19,2019061901003209,NIBSF1,56,47,"17,389",9.30,"161,717.70"
2019-06-19,2019061901003399,NICA,41,34,156,466.00,"72,696.00"
2019-06-19,2019061901003398,NICA,51,34,20,466.00,"9,320.00"
2019-06-19,2019061901003397,NICA,49,34,100,466.00,"46,600.00"
2019-06-19,2019061901003396,NICA,13,34,10,466.00,"4,660.00"
2019-06-19,2019061901003395,NICA,49,34,140,466.00,"65,240.00"
2019-06-19,2019061901003194,NICA,47,49,300,467.00,"140,100.00"
2019-06-19,2019061901003184,NICA,25,49,500,467.00,"233,500.00"
2019-06-19,2019061901003021,NICA,59,49,10,467.00,"4,670.00"
2019-06-19,2019061901002970,NICA,49,43,60,466.00,"27,960.00"
2019-06-19,2019061901002969,NICA,38,43,100,466.00,"46,600.00"
2019-06-19,2019061901002968,NICA,38,43,40,466.00,"18,640.00"
2019-06-19,2019061901003340,NICL,45,41,20,358.00,"7,160.00"
2019-06-19,2019061901003315,NICL,45,35,50,358.00,"17,900.00"
2019-06-19,2019061901003314,NICL,14,35,50,358.00,"17,900.00"
2019-06-19,2019061901003274,NICL,14,40,50,358.00,"17,900.00"
2019-06-19,2019061901003414,NIL,37,47,614,486.00,"298,404.00"
2019-06-19,2019061901003049,NIL,34,47,"1,000",486.00,"486,000.00"
2019-06-19,2019061901003048,NIL,22,47,500,486.00,"243,000.00"
2019-06-19,2019061901003047,NIL,57,47,62,486.00,"30,132.00"
2019-06-19,2019061901003046,NIL,42,47,100,487.00,"48,700.00"
2019-06-19,2019061901003045,NIL,43,47,500,487.00,"243,500.00"
2019-06-19,2019061901003044,NIL,43,47,224,487.00,"109,088.00"
2019-06-19,2019061901003221,NLBBL,39,13,30,477.00,"14,310.00"
2019-06-19,2019061901003427,NLIC,51,7,17,900.00,"15,300.00"
2019-06-19,2019061901003233,NLIC,51,39,17,900.00,"15,300.00"
2019-06-19,2019061901003232,NLIC,14,39,33,900.00,"29,700.00"
2019-06-19,2019061901003210,NLIC,14,7,17,900.00,"15,300.00"
2019-06-19,2019061901003139,NLIC,28,28,500,900.00,"450,000.00"
2019-06-19,2019061901003138,NLIC,28,28,500,900.00,"450,000.00"
2019-06-19,2019061901003131,NLIC,32,28,64,900.00,"57,600.00"
2019-06-19,2019061901003083,NLIC,58,28,20,902.00,"18,040.00"
2019-06-19,2019061901003066,NLIC,58,28,30,902.00,"27,060.00"
2019-06-19,2019061901003031,NLIC,32,7,19,900.00,"17,100.00"
2019-06-19,2019061901003137,NLIC,28,28,500,900.00,"450,000.00"
2019-06-19,2019061901003136,NLIC,28,28,500,900.00,"450,000.00"
2019-06-19,2019061901003135,NLIC,22,28,50,900.00,"45,000.00"
2019-06-19,2019061901003134,NLIC,39,28,100,900.00,"90,000.00"
2019-06-19,2019061901003133,NLIC,45,28,50,900.00,"45,000.00"
2019-06-19,2019061901003132,NLIC,6,28,15,900.00,"13,500.00"
2019-06-19,2019061901002932,NLICL,1,33,70,618.00,"43,260.00"
2019-06-19,2019061901002931,NLICL,49,33,20,618.00,"12,360.00"
2019-06-19,2019061901003062,NMBMF,44,44,5,928.00,"4,640.00"
2019-06-19,2019061901003240,NTC,6,59,10,695.00,"6,950.00"
2019-06-19,2019061901003113,NTC,39,59,50,695.00,"34,750.00"
2019-06-19,2019061901003039,NUBL,32,48,100,830.00,"83,000.00"
2019-06-19,2019061901003220,OHL,45,34,500,629.00,"314,500.00"
2019-06-19,2019061901003293,PCBL,32,4,100,288.00,"28,800.00"
2019-06-19,2019061901003215,PCBL,53,53,500,287.00,"143,500.00"
2019-06-19,2019061901003030,PCBL,58,4,42,286.00,"12,012.00"
2019-06-19,2019061901002948,PCBL,58,47,415,286.00,"118,690.00"
2019-06-19,2019061901002947,PCBL,56,47,"2,000",286.00,"572,000.00"
2019-06-19,2019061901002946,PCBL,13,47,"1,308",286.00,"374,088.00"
2019-06-19,2019061901002945,PCBL,54,47,100,287.00,"28,700.00"
2019-06-19,2019061901002944,PCBL,42,47,200,287.00,"57,400.00"
2019-06-19,2019061901002943,PCBL,43,47,887,287.00,"254,569.00"
2019-06-19,2019061901002942,PCBL,38,47,90,288.00,"25,920.00"
2019-06-19,2019061901003330,PIC,36,35,100,"1,005.00","100,500.00"
2019-06-19,2019061901003218,PIC,36,1,80,"1,005.00","80,400.00"
2019-06-19,2019061901003158,PIC,36,28,79,"1,005.00","79,395.00"
2019-06-19,2019061901003146,PIC,36,13,52,"1,005.00","52,260.00"
2019-06-19,2019061901003145,PIC,57,13,15,"1,005.00","15,075.00"
2019-06-19,2019061901003144,PIC,33,13,50,"1,005.00","50,250.00"
2019-06-19,2019061901003141,PIC,19,51,107,"1,006.00","107,642.00"
2019-06-19,2019061901003140,PIC,3,51,33,"1,006.00","33,198.00"
2019-06-19,2019061901003012,PIC,17,28,21,"1,008.00","21,168.00"
2019-06-19,2019061901002967,PMHPL,44,7,10,106.00,"1,060.00"
2019-06-19,2019061901002949,PMHPL,44,7,10,106.00,"1,060.00"
2019-06-19,2019061901002929,PMHPL,39,7,10,107.00,"1,070.00"
2019-06-19,2019061901003003,PPCL,6,32,10,140.00,"1,400.00"
2019-06-19,2019061901003002,PPCL,6,47,10,140.00,"1,400.00"
2019-06-19,2019061901003001,PPCL,6,26,20,140.00,"2,800.00"
2019-06-19,2019061901003000,PPCL,6,26,20,140.00,"2,800.00"
2019-06-19,2019061901002999,PPCL,6,6,10,140.00,"1,400.00"
2019-06-19,2019061901002998,PPCL,6,26,20,140.00,"2,800.00"
2019-06-19,2019061901002991,PPCL,6,26,20,140.00,"2,800.00"
2019-06-19,2019061901002990,PPCL,6,26,20,140.00,"2,800.00"
2019-06-19,2019061901002989,PPCL,6,16,960,140.00,"134,400.00"
2019-06-19,2019061901002988,PPCL,6,14,230,140.00,"32,200.00"
2019-06-19,2019061901002987,PPCL,6,44,10,140.00,"1,400.00"
2019-06-19,2019061901002997,PPCL,6,6,10,140.00,"1,400.00"
2019-06-19,2019061901002996,PPCL,6,26,20,140.00,"2,800.00"
2019-06-19,2019061901002995,PPCL,6,6,10,140.00,"1,400.00"
2019-06-19,2019061901002994,PPCL,6,14,800,140.00,"112,000.00"
2019-06-19,2019061901002993,PPCL,6,22,110,140.00,"15,400.00"
2019-06-19,2019061901002992,PPCL,6,26,20,140.00,"2,800.00"
2019-06-19,2019061901003421,PRIN,32,38,75,378.00,"28,350.00"
2019-06-19,2019061901003091,PRIN,28,32,150,380.00,"57,000.00"
2019-06-19,2019061901003090,PRIN,28,4,50,379.00,"18,950.00"
2019-06-19,2019061901003052,PRIN,22,4,50,377.00,"18,850.00"
2019-06-19,2019061901003425,PRVU,53,34,10,267.00,"2,670.00"
2019-06-19,2019061901003405,PRVU,55,45,"1,000",266.00,"266,000.00"
2019-06-19,2019061901003404,PRVU,25,45,"1,000",266.00,"266,000.00"
2019-06-19,2019061901003403,PRVU,47,45,500,266.00,"133,000.00"
2019-06-19,2019061901003402,PRVU,56,45,350,266.00,"93,100.00"
2019-06-19,2019061901003401,PRVU,48,34,"1,272",267.00,"339,624.00"
2019-06-19,2019061901003026,PRVU,56,34,500,266.00,"133,000.00"
2019-06-19,2019061901003025,PRVU,32,34,300,266.00,"79,800.00"
2019-06-19,2019061901002933,PRVU,13,33,100,267.00,"26,700.00"
2019-06-19,2019061901003400,PRVU,48,33,228,267.00,"60,876.00"
2019-06-19,2019061901003029,PRVU,1,34,200,266.00,"53,200.00"
2019-06-19,2019061901003028,PRVU,45,34,300,266.00,"79,800.00"
2019-06-19,2019061901003027,PRVU,57,34,500,266.00,"133,000.00"
2019-06-19,2019061901003203,RMDC,36,48,200,654.00,"130,800.00"
2019-06-19,2019061901003202,RMDC,49,49,"1,500",652.00,"978,000.00"
2019-06-19,2019061901003188,RMDC,49,49,"5,500",652.00,"3,586,000.00"
2019-06-19,2019061901003328,RRHP,22,43,10,108.00,"1,080.00"
2019-06-19,2019061901003010,RRHP,22,19,10,108.00,"1,080.00"
2019-06-19,2019061901002972,RRHP,22,7,10,108.00,"1,080.00"
2019-06-19,2019061901002957,RRHP,22,7,10,108.00,"1,080.00"
2019-06-19,2019061901002956,RRHP,22,56,10,108.00,"1,080.00"
2019-06-19,2019061901003412,RSDC,37,33,24,351.00,"8,424.00"
2019-06-19,2019061901003411,RSDC,37,41,26,351.00,"9,126.00"
2019-06-19,2019061901003103,SANIMA,49,37,80,348.00,"27,840.00"
2019-06-19,2019061901003102,SANIMA,34,37,70,348.00,"24,360.00"
2019-06-19,2019061901003419,SBL,28,39,"1,100",320.00,"352,000.00"
2019-06-19,2019061901003418,SBL,55,39,400,320.00,"128,000.00"
2019-06-19,2019061901003222,SBL,55,32,100,320.00,"32,000.00"
2019-06-19,2019061901003384,SCB,3,7,10,662.00,"6,620.00"
2019-06-19,2019061901003383,SCB,45,7,10,662.00,"6,620.00"
2019-06-19,2019061901003382,SCB,57,40,16,662.00,"10,592.00"
2019-06-19,2019061901003063,SCB,45,7,20,662.00,"13,240.00"
2019-06-19,2019061901003264,SDESI,39,40,11,537.00,"5,907.00"
2019-06-19,2019061901003119,SDESI,39,38,23,536.00,"12,328.00"
2019-06-19,2019061901003114,SDESI,39,38,23,536.00,"12,328.00"
2019-06-19,2019061901003110,SDESI,39,38,23,536.00,"12,328.00"
2019-06-19,2019061901003101,SDESI,39,38,23,536.00,"12,328.00"
2019-06-19,2019061901003408,SHIVM,49,59,220,654.00,"143,880.00"
2019-06-19,2019061901003394,SHIVM,49,49,50,654.00,"32,700.00"
2019-06-19,2019061901003393,SHIVM,49,49,50,654.00,"32,700.00"
2019-06-19,2019061901003392,SHIVM,49,49,50,654.00,"32,700.00"
2019-06-19,2019061901003391,SHIVM,49,50,200,654.00,"130,800.00"
2019-06-19,2019061901003390,SHIVM,38,59,100,653.00,"65,300.00"
2019-06-19,2019061901003258,SHIVM,41,34,300,654.00,"196,200.00"
2019-06-19,2019061901003255,SHIVM,41,34,160,654.00,"104,640.00"
2019-06-19,2019061901003254,SHIVM,29,34,540,654.00,"353,160.00"
2019-06-19,2019061901003167,SHIVM,29,42,50,654.00,"32,700.00"
2019-06-19,2019061901003129,SHIVM,29,42,50,654.00,"32,700.00"
2019-06-19,2019061901003287,SHIVM,38,34,128,654.00,"83,712.00"
2019-06-19,2019061901003286,SHIVM,1,34,82,654.00,"53,628.00"
2019-06-19,2019061901003285,SHIVM,1,22,18,654.00,"11,772.00"
2019-06-19,2019061901003284,SHIVM,56,22,20,654.00,"13,080.00"
2019-06-19,2019061901003283,SHIVM,50,22,50,654.00,"32,700.00"
2019-06-19,2019061901003282,SHIVM,41,22,40,654.00,"26,160.00"
2019-06-19,2019061901003371,SHIVM,38,14,320,653.00,"208,960.00"
2019-06-19,2019061901003370,SHIVM,38,14,"1,000",653.00,"653,000.00"
2019-06-19,2019061901003369,SHIVM,22,14,55,653.00,"35,915.00"
2019-06-19,2019061901003368,SHIVM,18,14,45,653.00,"29,385.00"
2019-06-19,2019061901003367,SHIVM,42,14,180,653.00,"117,540.00"
2019-06-19,2019061901003288,SHIVM,42,34,80,653.00,"52,240.00"
2019-06-19,2019061901003024,SHPC,25,44,18,251.00,"4,518.00"
2019-06-19,2019061901003290,SIC,55,25,18,660.00,"11,880.00"
2019-06-19,2019061901003181,SICL,55,54,35,814.00,"28,490.00"
2019-06-19,2019061901003180,SICL,55,40,15,814.00,"12,210.00"
2019-06-19,2019061901002975,SICL,28,34,192,812.00,"155,904.00"
2019-06-19,2019061901003331,SIL,22,41,50,446.00,"22,300.00"
2019-06-19,2019061901003217,SINDU,1,38,20,141.00,"2,820.00"
2019-06-19,2019061901003208,SINDU,1,38,30,141.00,"4,230.00"
2019-06-19,2019061901003231,SKBBL,58,45,164,945.00,"154,980.00"
2019-06-19,2019061901003230,SKBBL,58,45,298,945.00,"281,610.00"
2019-06-19,2019061901003178,SKBBL,51,45,70,945.00,"66,150.00"
2019-06-19,2019061901003059,SLBBL,25,48,65,406.00,"26,390.00"
2019-06-19,2019061901003061,SLBBL,58,48,15,404.00,"6,060.00"
2019-06-19,2019061901003060,SLBBL,29,48,20,405.00,"8,100.00"
2019-06-19,2019061901003201,SLBSL,52,37,100,500.00,"50,000.00"
2019-06-19,2019061901003200,SLBSL,52,37,100,504.00,"50,400.00"
2019-06-19,2019061901003099,SLICL,49,44,110,461.00,"50,710.00"
2019-06-19,2019061901003206,SMATA,48,38,19,"1,118.00","21,242.00"
2019-06-19,2019061901003195,SMATA,48,38,19,"1,118.00","21,242.00"
2019-06-19,2019061901003053,SMATA,48,38,19,"1,118.00","21,242.00"
2019-06-19,2019061901003040,SMATA,48,38,19,"1,118.00","21,242.00"
2019-06-19,2019061901003154,SMB,34,38,10,413.00,"4,130.00"
2019-06-19,2019061901003143,SMB,34,38,10,413.00,"4,130.00"
2019-06-19,2019061901003020,SMB,42,6,10,420.00,"4,200.00"
2019-06-19,2019061901003117,SMFDB,45,13,83,491.00,"40,753.00"
2019-06-19,2019061901003116,SMFDB,42,13,10,491.00,"4,910.00"
2019-06-19,2019061901003115,SMFDB,49,13,50,492.00,"24,600.00"
2019-06-19,2019061901003316,SPDL,7,40,15,94.00,"1,410.00"
2019-06-19,2019061901003273,SPDL,7,40,15,94.00,"1,410.00"
2019-06-19,2019061901003065,SWBBL,44,47,"1,500",881.00,"1,321,500.00"
2019-06-19,2019061901003064,SWBBL,40,47,14,882.00,"12,348.00"
2019-06-19,2019061901002958,SWBBL,40,44,86,882.00,"75,852.00"
2019-06-19,2019061901003354,TRH,34,59,60,319.00,"19,140.00"
2019-06-19,2019061901003341,TRH,42,6,"1,000",321.00,"321,000.00"
2019-06-19,2019061901003279,TRH,34,35,10,319.00,"3,190.00"
2019-06-19,2019061901003246,TRH,34,28,"1,000",321.00,"321,000.00"
2019-06-19,2019061901003245,TRH,34,35,"1,000",321.00,"321,000.00"
2019-06-19,2019061901003244,TRH,34,51,"1,000",321.00,"321,000.00"
2019-06-19,2019061901002984,TRH,46,6,30,315.00,"9,450.00"
2019-06-19,2019061901002976,TRH,46,52,500,314.00,"157,000.00"
2019-06-19,2019061901003057,TRH,53,38,200,316.00,"63,200.00"
2019-06-19,2019061901003056,TRH,53,38,700,316.00,"221,200.00"
2019-06-19,2019061901003037,TRH,38,38,100,316.00,"31,600.00"
2019-06-19,2019061901003023,TRH,46,38,200,316.00,"63,200.00"
2019-06-19,2019061901003022,TRH,46,57,300,316.00,"94,800.00"
2019-06-19,2019061901002985,TRH,46,16,500,315.00,"157,500.00"
2019-06-19,2019061901003087,TRH,43,33,500,318.00,"159,000.00"
2019-06-19,2019061901003081,TRH,42,57,200,317.00,"63,400.00"
2019-06-19,2019061901003080,TRH,42,43,500,317.00,"158,500.00"
2019-06-19,2019061901003068,TRH,53,35,200,316.00,"63,200.00"
2019-06-19,2019061901003067,TRH,50,43,500,317.00,"158,500.00"
2019-06-19,2019061901003058,TRH,53,48,300,316.00,"94,800.00"
2019-06-19,2019061901003186,TRH,45,38,500,317.00,"158,500.00"
2019-06-19,2019061901003179,TRH,42,28,40,319.00,"12,760.00"
2019-06-19,2019061901003108,TRH,42,16,510,321.00,"163,710.00"
2019-06-19,2019061901003107,TRH,42,43,500,321.00,"160,500.00"
2019-06-19,2019061901003106,TRH,42,41,"1,000",321.00,"321,000.00"
2019-06-19,2019061901003095,TRH,49,6,90,318.00,"28,620.00"
2019-06-19,2019061901003243,TRH,34,38,900,320.00,"288,000.00"
2019-06-19,2019061901003224,TRH,50,35,70,317.00,"22,190.00"
2019-06-19,2019061901003212,TRH,46,21,48,317.00,"15,216.00"
2019-06-19,2019061901003211,TRH,55,21,100,317.00,"31,700.00"
2019-06-19,2019061901003193,TRH,44,38,100,320.00,"32,000.00"
2019-06-19,2019061901003187,TRH,52,38,500,317.00,"158,500.00"
2019-06-19,2019061901003312,UFL,50,52,250,180.00,"45,000.00"
2019-06-19,2019061901003166,UFL,40,52,50,180.00,"9,000.00"
2019-06-19,2019061901003338,UPCL,49,58,250,91.00,"22,750.00"
2019-06-19,2019061901003227,UPCL,49,47,50,91.00,"4,550.00"
2019-06-19,2019061901003226,UPCL,41,47,50,91.00,"4,550.00"
2019-06-19,2019061901002959,UPCL,19,4,30,92.00,"2,760.00"
2019-06-19,2019061901002941,UPCL,19,56,50,92.00,"4,600.00"
2019-06-19,2019061901003374,UPPER,47,34,300,267.00,"80,100.00"
2019-06-19,2019061901003228,UPPER,17,35,"1,000",268.00,"268,000.00"
2019-06-19,2019061901003148,UPPER,20,49,750,268.00,"201,000.00"
2019-06-19,2019061901003118,UPPER,43,49,88,268.00,"23,584.00"
2019-06-19,2019061901003111,UPPER,47,47,300,267.00,"80,100.00"
2019-06-19,2019061901003055,UPPER,22,16,40,268.00,"10,720.00"
2019-06-19,2019061901003094,UPPER,22,49,160,268.00,"42,880.00"
2019-06-19,2019061901003035,VLBS,38,44,13,466.00,"6,058.00"
2019-06-19,2019061901002928,ADBL,50,45,90,403.00,"36,270.00"
2019-06-19,2019061901002826,ADBL,50,35,100,403.00,"40,300.00"
2019-06-19,2019061901002737,ADBL,38,42,100,404.00,"40,400.00"
2019-06-19,2019061901002670,ADBL,57,57,10,403.00,"4,030.00"
2019-06-19,2019061901002669,ADBL,52,57,38,403.00,"15,314.00"
2019-06-19,2019061901002565,ADBL,52,52,162,403.00,"65,286.00"
2019-06-19,2019061901002564,ADBL,55,52,50,403.00,"20,150.00"
2019-06-19,2019061901002515,ADBL,55,52,200,403.00,"80,600.00"
2019-06-19,2019061901002494,ADBL,49,4,"1,251",403.00,"504,153.00"
2019-06-19,2019061901002452,ADBL,50,4,100,403.00,"40,300.00"
2019-06-19,2019061901002451,ADBL,37,4,649,403.00,"261,547.00"
2019-06-19,2019061901002784,AKPL,54,41,13,181.00,"2,353.00"
2019-06-19,2019061901002772,AKPL,54,22,13,181.00,"2,353.00"
2019-06-19,2019061901002692,AKPL,54,37,41,181.00,"7,421.00"
2019-06-19,2019061901002532,AKPL,54,29,21,180.00,"3,780.00"
2019-06-19,2019061901002791,ALBSL,47,41,10,396.00,"3,960.00"
2019-06-19,2019061901002545,ALBSL,39,39,10,397.00,"3,970.00"
2019-06-19,2019061901002704,ALICL,54,25,24,391.00,"9,384.00"
2019-06-19,2019061901002918,API,44,44,1,145.00,145.00
2019-06-19,2019061901002869,API,44,44,1,145.00,145.00
2019-06-19,2019061901002777,API,46,22,18,147.00,"2,646.00"
2019-06-19,2019061901002771,API,44,44,1,147.00,147.00
2019-06-19,2019061901002747,API,44,44,1,147.00,147.00
2019-06-19,2019061901002685,API,44,44,1,147.00,147.00
2019-06-19,2019061901002609,API,44,44,1,147.00,147.00
2019-06-19,2019061901002874,BARUN,48,7,10,92.00,920.00
2019-06-19,2019061901002890,BFC,39,28,100,106.00,"10,600.00"
2019-06-19,2019061901002607,BFC,41,28,30,106.00,"3,180.00"
2019-06-19,2019061901002505,BFC,55,39,350,107.00,"37,450.00"
2019-06-19,2019061901002883,BOKL,57,33,77,264.00,"20,328.00"
2019-06-19,2019061901002882,BOKL,57,38,95,264.00,"25,080.00"
2019-06-19,2019061901002881,BOKL,57,4,28,264.00,"7,392.00"
2019-06-19,2019061901002839,BOKL,20,20,268,263.00,"70,484.00"
2019-06-19,2019061901002785,BOKL,14,38,44,263.00,"11,572.00"
2019-06-19,2019061901002817,BPCL,34,20,22,403.00,"8,866.00"
2019-06-19,2019061901002569,BPCL,34,35,11,403.00,"4,433.00"
2019-06-19,2019061901002563,BPCL,34,35,11,403.00,"4,433.00"
2019-06-19,2019061901002556,BPCL,34,35,11,403.00,"4,433.00"
2019-06-19,2019061901002548,BPCL,34,49,50,403.00,"20,150.00"
2019-06-19,2019061901002476,BPCL,34,35,11,403.00,"4,433.00"
2019-06-19,2019061901002438,BPCL,34,49,516,403.00,"207,948.00"
2019-06-19,2019061901002437,BPCL,34,49,"1,000",403.00,"403,000.00"
2019-06-19,2019061901002436,BPCL,43,49,204,403.00,"82,212.00"
2019-06-19,2019061901002435,BPCL,34,49,945,404.00,"381,780.00"
2019-06-19,2019061901002434,BPCL,58,49,10,404.00,"4,040.00"
2019-06-19,2019061901002542,CBL,13,58,80,146.00,"11,680.00"
2019-06-19,2019061901002521,CBL,5,45,202,145.00,"29,290.00"
2019-06-19,2019061901002520,CBL,5,45,244,145.00,"35,380.00"
2019-06-19,2019061901002519,CBL,6,45,200,145.00,"29,000.00"
2019-06-19,2019061901002805,CCBL,8,44,77,165.00,"12,705.00"
2019-06-19,2019061901002630,CCBL,8,6,82,165.00,"13,530.00"
2019-06-19,2019061901002524,CCBL,8,11,55,165.00,"9,075.00"
2019-06-19,2019061901002577,CFCL,21,37,14,117.00,"1,638.00"
2019-06-19,2019061901002782,CHCL,8,50,100,513.00,"51,300.00"
2019-06-19,2019061901002654,CHL,14,47,10,93.00,930.00
2019-06-19,2019061901002493,CIT,54,5,50,"2,500.00","125,000.00"
2019-06-19,2019061901002492,CIT,54,5,50,"2,500.00","125,000.00"
2019-06-19,2019061901002789,CZBIL,1,57,502,223.00,"111,946.00"
2019-06-19,2019061901002788,CZBIL,1,54,10,223.00,"2,230.00"
2019-06-19,2019061901002787,CZBIL,1,57,372,223.00,"82,956.00"
2019-06-19,2019061901002786,CZBIL,1,47,170,223.00,"37,910.00"
2019-06-19,2019061901002721,CZBIL,38,47,100,223.00,"22,300.00"
2019-06-19,2019061901002907,DBBL,37,28,918,143.00,"131,274.00"
2019-06-19,2019061901002906,DBBL,6,28,30,144.00,"4,320.00"
2019-06-19,2019061901002905,DBBL,35,28,200,144.00,"28,800.00"
2019-06-19,2019061901002904,DBBL,35,28,500,144.00,"72,000.00"
2019-06-19,2019061901002903,DBBL,43,28,352,144.00,"50,688.00"
2019-06-19,2019061901002880,DBBL,43,8,648,144.00,"93,312.00"
2019-06-19,2019061901002879,DBBL,40,8,500,144.00,"72,000.00"
2019-06-19,2019061901002878,DBBL,47,8,102,144.00,"14,688.00"
2019-06-19,2019061901002877,DBBL,6,8,"2,000",144.00,"288,000.00"
2019-06-19,2019061901002773,DBBL,39,29,300,145.00,"43,500.00"
2019-06-19,2019061901002684,DBBL,48,29,300,145.00,"43,500.00"
2019-06-19,2019061901002666,EBL,1,38,11,661.00,"7,271.00"
2019-06-19,2019061901002665,EBL,40,38,15,661.00,"9,915.00"
2019-06-19,2019061901002611,EIC,28,11,30,370.00,"11,100.00"
2019-06-19,2019061901002572,EIC,57,33,700,369.00,"258,300.00"
2019-06-19,2019061901002653,FOWAD,56,38,24,"1,365.00","32,760.00"
2019-06-19,2019061901002652,FOWAD,56,10,25,"1,355.00","33,875.00"
2019-06-19,2019061901002651,FOWAD,56,41,21,"1,352.00","28,392.00"
2019-06-19,2019061901002626,FOWAD,40,10,25,"1,355.00","33,875.00"
2019-06-19,2019061901002813,GBBL,39,45,12,223.00,"2,676.00"
2019-06-19,2019061901002614,GBBL,19,13,501,224.00,"112,224.00"
2019-06-19,2019061901002701,GBIME,54,22,57,296.00,"16,872.00"
2019-06-19,2019061901002679,GBIME,43,33,249,297.00,"73,953.00"
2019-06-19,2019061901002530,GBIME,43,32,26,297.00,"7,722.00"
2019-06-19,2019061901002523,GBIMEP,44,39,"9,596",173.00,"1,660,108.00"
2019-06-19,2019061901002579,GBLBS,47,36,278,355.00,"98,690.00"
2019-06-19,2019061901002539,GBLBS,52,13,250,352.00,"88,000.00"
2019-06-19,2019061901002538,GBLBS,6,13,350,352.00,"123,200.00"
2019-06-19,2019061901002501,GBLBS,6,36,150,352.00,"52,800.00"
2019-06-19,2019061901002500,GBLBS,45,36,50,352.00,"17,600.00"
2019-06-19,2019061901002499,GBLBS,10,36,100,352.00,"35,200.00"
2019-06-19,2019061901002440,GBLBS,44,36,22,355.00,"7,810.00"
2019-06-19,2019061901002430,GBLBS,44,32,10,355.00,"3,550.00"
2019-06-19,2019061901002658,GLICL,19,48,42,500.00,"21,000.00"
2019-06-19,2019061901002657,HDL,53,57,10,"1,710.00","17,100.00"
2019-06-19,2019061901002506,HGI,36,28,400,362.00,"144,800.00"
2019-06-19,2019061901002868,HIDCL,43,44,11,160.00,"1,760.00"
2019-06-19,2019061901002851,HIDCL,43,49,72,160.00,"11,520.00"
2019-06-19,2019061901002807,HIDCL,43,45,40,160.00,"6,400.00"
2019-06-19,2019061901002794,HIDCL,43,41,20,160.00,"3,200.00"
2019-06-19,2019061901002793,HIDCL,50,41,41,160.00,"6,560.00"
2019-06-19,2019061901002715,HIDCL,50,57,159,160.00,"25,440.00"
2019-06-19,2019061901002588,HIDCL,36,34,37,162.00,"5,994.00"
2019-06-19,2019061901002587,HIDCL,36,11,164,162.00,"26,568.00"
2019-06-19,2019061901002586,HIDCL,36,58,96,161.00,"15,456.00"
2019-06-19,2019061901002812,HPPL,36,41,10,177.00,"1,770.00"
2019-06-19,2019061901002635,HPPL,36,6,10,177.00,"1,770.00"
2019-06-19,2019061901002926,HURJA,13,28,20,145.00,"2,900.00"
2019-06-19,2019061901002888,HURJA,13,44,20,145.00,"2,900.00"
2019-06-19,2019061901002873,HURJA,13,44,20,145.00,"2,900.00"
2019-06-19,2019061901002840,HURJA,13,58,20,145.00,"2,900.00"
2019-06-19,2019061901002770,HURJA,13,57,20,145.00,"2,900.00"
2019-06-19,2019061901002714,HURJA,13,6,20,145.00,"2,900.00"
2019-06-19,2019061901002655,HURJA,54,6,20,144.00,"2,880.00"
2019-06-19,2019061901002516,HURJA,54,58,20,144.00,"2,880.00"
2019-06-19,2019061901002508,HURJA,54,58,20,144.00,"2,880.00"
2019-06-19,2019061901002497,HURJA,54,58,20,144.00,"2,880.00"
2019-06-19,2019061901002861,JBNL,25,5,300,208.00,"62,400.00"
2019-06-19,2019061901002620,JBNL,44,5,200,208.00,"41,600.00"
2019-06-19,2019061901002619,JBNL,3,5,100,208.00,"20,800.00"
2019-06-19,2019061901002618,JBNL,42,5,100,208.00,"20,800.00"
2019-06-19,2019061901002617,JBNL,37,5,10,208.00,"2,080.00"
2019-06-19,2019061901002616,JBNL,16,5,953,208.00,"198,224.00"
2019-06-19,2019061901002514,JBNL,16,29,28,208.00,"5,824.00"
2019-06-19,2019061901002482,JBNL,16,59,70,208.00,"14,560.00"
