Date,Transact. No.,Symbol,Buyer,Seller,Quantity,Rate,Amount
2020-10-12,2020101204002245,GIMES1,45,26,"5,000",9.89,"49,450.00"
2020-10-12,2020101204002232,GIMES1,45,22,"7,500",9.80,"73,500.00"
2020-10-12,2020101204002225,GIMES1,45,22,"2,500",9.80,"24,500.00"
2020-10-12,2020101204002224,GIMES1,45,38,"2,000",9.76,"19,520.00"
2020-10-12,2020101204002223,GIMES1,45,38,"5,500",9.75,"53,625.00"
2020-10-12,2020101204002233,NBF2,35,32,"1,000",9.00,"9,000.00"
2020-10-12,2020101204002191,NBF2,16,32,"2,600",9.00,"23,400.00"
2020-10-12,2020101204002190,NBF2,16,8,100,9.00,900.00
2020-10-12,2020101204002049,NIBPO,6,47,62,359.00,"22,258.00"
2020-10-12,2020101204001795,NIBPO,6,47,17,360.00,"6,120.00"
2020-10-12,2020101204001783,NIBPO,6,47,10,360.00,"3,600.00"
2020-10-12,2020101204001767,NIBPO,6,47,35,359.00,"12,565.00"
2020-10-12,2020101204001766,NIBPO,6,47,20,359.00,"7,180.00"
2020-10-12,2020101204001765,NIBPO,6,47,11,359.00,"3,949.00"
2020-10-12,2020101204001764,NIBPO,6,47,30,359.00,"10,770.00"
2020-10-12,2020101204001763,NIBPO,6,47,15,359.00,"5,385.00"
2020-10-12,2020101204001762,NIBPO,6,47,16,359.00,"5,744.00"
2020-10-12,2020101204001761,NIBPO,6,47,23,359.00,"8,257.00"
2020-10-12,2020101204001760,NIBPO,6,45,"1,200",359.00,"430,800.00"
2020-10-12,2020101204002188,NICBF,58,17,"1,050",9.17,"9,628.50"
2020-10-12,2020101204002059,NICBF,22,49,500,9.00,"4,500.00"
2020-10-12,2020101204001947,NICBF,57,49,100,9.15,915.00
2020-10-12,2020101204002161,NICGF,11,13,"3,950",9.39,"37,090.50"
2020-10-12,2020101204002160,NICGF,13,13,"10,000",9.41,"94,100.00"
2020-10-12,2020101204002154,NICGF,45,13,"1,150",9.45,"10,867.50"
2020-10-12,2020101204002153,NICGF,14,13,"4,900",9.46,"46,354.00"
2020-10-12,2020101204001929,NMBHF1,47,45,416,9.25,"3,848.00"
2020-10-12,2020101204002230,RBCLPO,56,17,20,"10,301.00","206,020.00"
2020-10-12,2020101204002137,RBCLPO,3,4,10,"10,353.00","103,530.00"
2020-10-12,2020101204001948,RBCLPO,38,53,10,"10,353.00","103,530.00"
2020-10-12,2020101204002246,RLI,41,34,10,608.00,"6,080.00"
2020-10-12,2020101204002244,RLI,41,42,10,608.00,"6,080.00"
2020-10-12,2020101204002242,RLI,5,34,50,609.00,"30,450.00"
2020-10-12,2020101204002241,RLI,34,34,325,609.00,"197,925.00"
2020-10-12,2020101204002240,RLI,42,34,30,609.00,"18,270.00"
2020-10-12,2020101204002239,RLI,8,34,130,609.00,"79,170.00"
2020-10-12,2020101204001749,RLI,39,21,10,610.00,"6,100.00"
2020-10-12,2020101204001748,RLI,39,5,200,610.00,"122,000.00"
2020-10-12,2020101204001747,RLI,39,50,10,610.00,"6,100.00"
2020-10-12,2020101204001755,RLI,8,21,10,609.00,"6,090.00"
2020-10-12,2020101204001754,RLI,8,21,10,609.00,"6,090.00"
2020-10-12,2020101204001753,RLI,39,21,10,610.00,"6,100.00"
2020-10-12,2020101204001752,RLI,39,5,10,610.00,"6,100.00"
2020-10-12,2020101204001751,RLI,39,50,10,610.00,"6,100.00"
2020-10-12,2020101204001750,RLI,39,41,10,610.00,"6,100.00"
2020-10-12,2020101204001773,RLI,39,38,10,610.00,"6,100.00"
2020-10-12,2020101204001772,RLI,8,21,10,609.00,"6,090.00"
2020-10-12,2020101204001771,RLI,8,21,10,609.00,"6,090.00"
2020-10-12,2020101204001770,RLI,8,33,10,609.00,"6,090.00"
2020-10-12,2020101204001769,RLI,8,48,10,609.00,"6,090.00"
2020-10-12,2020101204001768,RLI,8,21,10,609.00,"6,090.00"
2020-10-12,2020101204001779,RLI,39,21,10,610.00,"6,100.00"
2020-10-12,2020101204001778,RLI,39,6,10,610.00,"6,100.00"
2020-10-12,2020101204001777,RLI,39,56,10,610.00,"6,100.00"
2020-10-12,2020101204001776,RLI,39,1,10,610.00,"6,100.00"
2020-10-12,2020101204001775,RLI,39,21,10,610.00,"6,100.00"
2020-10-12,2020101204001774,RLI,39,21,10,610.00,"6,100.00"
2020-10-12,2020101204001786,RLI,39,21,10,610.00,"6,100.00"
2020-10-12,2020101204001785,RLI,39,8,10,610.00,"6,100.00"
2020-10-12,2020101204001784,RLI,39,34,10,610.00,"6,100.00"
2020-10-12,2020101204001782,RLI,39,57,10,610.00,"6,100.00"
2020-10-12,2020101204001781,RLI,39,21,10,610.00,"6,100.00"
2020-10-12,2020101204001780,RLI,39,58,10,610.00,"6,100.00"
2020-10-12,2020101204001792,RLI,39,51,10,610.00,"6,100.00"
2020-10-12,2020101204001791,RLI,39,21,10,610.00,"6,100.00"
2020-10-12,2020101204001790,RLI,39,21,10,610.00,"6,100.00"
2020-10-12,2020101204001789,RLI,39,21,10,610.00,"6,100.00"
2020-10-12,2020101204001788,RLI,39,8,10,610.00,"6,100.00"
2020-10-12,2020101204001787,RLI,39,40,10,610.00,"6,100.00"
2020-10-12,2020101204001799,RLI,39,57,10,611.00,"6,110.00"
2020-10-12,2020101204001798,RLI,39,52,10,611.00,"6,110.00"
2020-10-12,2020101204001797,RLI,39,35,40,610.00,"24,400.00"
2020-10-12,2020101204001796,RLI,39,56,10,610.00,"6,100.00"
2020-10-12,2020101204001794,RLI,39,26,10,610.00,"6,100.00"
2020-10-12,2020101204001793,RLI,39,21,10,610.00,"6,100.00"
2020-10-12,2020101204001805,RLI,39,39,10,611.00,"6,110.00"
2020-10-12,2020101204001804,RLI,39,42,10,611.00,"6,110.00"
2020-10-12,2020101204001803,RLI,39,42,10,611.00,"6,110.00"
2020-10-12,2020101204001802,RLI,39,22,10,611.00,"6,110.00"
2020-10-12,2020101204001801,RLI,39,22,10,611.00,"6,110.00"
2020-10-12,2020101204001800,RLI,39,1,10,611.00,"6,110.00"
2020-10-12,2020101204001811,RLI,39,4,10,612.00,"6,120.00"
2020-10-12,2020101204001810,RLI,39,49,10,612.00,"6,120.00"
2020-10-12,2020101204001809,RLI,39,17,10,612.00,"6,120.00"
2020-10-12,2020101204001808,RLI,39,35,10,612.00,"6,120.00"
2020-10-12,2020101204001807,RLI,39,34,10,612.00,"6,120.00"
2020-10-12,2020101204001806,RLI,39,42,10,611.00,"6,110.00"
2020-10-12,2020101204001817,RLI,39,57,10,612.00,"6,120.00"
2020-10-12,2020101204001816,RLI,39,52,10,612.00,"6,120.00"
2020-10-12,2020101204001815,RLI,39,45,10,612.00,"6,120.00"
2020-10-12,2020101204001814,RLI,39,38,10,612.00,"6,120.00"
2020-10-12,2020101204001813,RLI,39,41,10,612.00,"6,120.00"
2020-10-12,2020101204001812,RLI,39,48,10,612.00,"6,120.00"
2020-10-12,2020101204001823,RLI,39,47,10,613.00,"6,130.00"
2020-10-12,2020101204001822,RLI,51,21,10,611.00,"6,110.00"
2020-10-12,2020101204001821,RLI,59,59,10,612.00,"6,120.00"
2020-10-12,2020101204001820,RLI,51,29,10,611.00,"6,110.00"
2020-10-12,2020101204001819,RLI,39,45,10,612.00,"6,120.00"
2020-10-12,2020101204001818,RLI,39,17,10,612.00,"6,120.00"
2020-10-12,2020101204001829,RLI,6,42,10,612.00,"6,120.00"
2020-10-12,2020101204001828,RLI,6,39,10,612.00,"6,120.00"
2020-10-12,2020101204001827,RLI,6,29,10,612.00,"6,120.00"
2020-10-12,2020101204001826,RLI,35,45,20,614.00,"12,280.00"
2020-10-12,2020101204001825,RLI,51,19,10,611.00,"6,110.00"
2020-10-12,2020101204001824,RLI,51,40,10,611.00,"6,110.00"
2020-10-12,2020101204001835,RLI,6,39,10,612.00,"6,120.00"
2020-10-12,2020101204001834,RLI,6,21,10,612.00,"6,120.00"
2020-10-12,2020101204001833,RLI,6,35,10,612.00,"6,120.00"
2020-10-12,2020101204001832,RLI,6,17,10,612.00,"6,120.00"
2020-10-12,2020101204001831,RLI,6,39,10,612.00,"6,120.00"
2020-10-12,2020101204001830,RLI,6,36,10,612.00,"6,120.00"
2020-10-12,2020101204001841,RLI,6,18,10,612.00,"6,120.00"
2020-10-12,2020101204001840,RLI,6,36,10,612.00,"6,120.00"
2020-10-12,2020101204001839,RLI,39,40,10,613.00,"6,130.00"
2020-10-12,2020101204001838,RLI,39,45,10,614.00,"6,140.00"
2020-10-12,2020101204001837,RLI,39,35,10,613.00,"6,130.00"
2020-10-12,2020101204001836,RLI,39,38,10,613.00,"6,130.00"
2020-10-12,2020101204001847,RLI,39,53,10,615.00,"6,150.00"
2020-10-12,2020101204001846,RLI,39,1,10,615.00,"6,150.00"
2020-10-12,2020101204001845,RLI,39,45,240,614.00,"147,360.00"
2020-10-12,2020101204001844,RLI,34,55,10,613.00,"6,130.00"
2020-10-12,2020101204001843,RLI,34,5,10,613.00,"6,130.00"
2020-10-12,2020101204001842,RLI,34,11,10,613.00,"6,130.00"
2020-10-12,2020101204001854,RLI,34,6,10,615.00,"6,150.00"
2020-10-12,2020101204001853,RLI,34,18,10,615.00,"6,150.00"
2020-10-12,2020101204001852,RLI,34,53,10,615.00,"6,150.00"
2020-10-12,2020101204001851,RLI,34,14,10,613.00,"6,130.00"
2020-10-12,2020101204001849,RLI,34,21,10,613.00,"6,130.00"
2020-10-12,2020101204001848,RLI,34,14,10,613.00,"6,130.00"
2020-10-12,2020101204001860,RLI,34,58,10,615.00,"6,150.00"
2020-10-12,2020101204001859,RLI,34,48,10,615.00,"6,150.00"
2020-10-12,2020101204001858,RLI,34,42,10,613.00,"6,130.00"
2020-10-12,2020101204001857,RLI,34,42,10,615.00,"6,150.00"
2020-10-12,2020101204001856,RLI,34,59,10,615.00,"6,150.00"
2020-10-12,2020101204001855,RLI,34,49,10,615.00,"6,150.00"
2020-10-12,2020101204001866,RLI,41,38,10,615.00,"6,150.00"
2020-10-12,2020101204001865,RLI,34,36,10,613.00,"6,130.00"
2020-10-12,2020101204001864,RLI,34,50,10,613.00,"6,130.00"
2020-10-12,2020101204001863,RLI,34,40,10,615.00,"6,150.00"
2020-10-12,2020101204001862,RLI,34,6,10,615.00,"6,150.00"
2020-10-12,2020101204001861,RLI,34,40,10,615.00,"6,150.00"
2020-10-12,2020101204001872,RLI,41,1,10,615.00,"6,150.00"
2020-10-12,2020101204001871,RLI,41,58,10,615.00,"6,150.00"
2020-10-12,2020101204001870,RLI,41,37,10,615.00,"6,150.00"
2020-10-12,2020101204001869,RLI,41,57,10,615.00,"6,150.00"
2020-10-12,2020101204001868,RLI,41,10,10,615.00,"6,150.00"
2020-10-12,2020101204001867,RLI,41,6,10,615.00,"6,150.00"
2020-10-12,2020101204001878,RLI,41,5,10,615.00,"6,150.00"
2020-10-12,2020101204001877,RLI,41,42,10,615.00,"6,150.00"
2020-10-12,2020101204001876,RLI,41,50,20,615.00,"12,300.00"
2020-10-12,2020101204001875,RLI,41,45,10,615.00,"6,150.00"
2020-10-12,2020101204001874,RLI,41,49,10,615.00,"6,150.00"
2020-10-12,2020101204001873,RLI,41,33,10,615.00,"6,150.00"
2020-10-12,2020101204001884,RLI,41,42,10,615.00,"6,150.00"
2020-10-12,2020101204001883,RLI,41,51,10,615.00,"6,150.00"
2020-10-12,2020101204001882,RLI,41,49,10,615.00,"6,150.00"
2020-10-12,2020101204001881,RLI,41,52,10,615.00,"6,150.00"
2020-10-12,2020101204001880,RLI,41,42,10,615.00,"6,150.00"
2020-10-12,2020101204001879,RLI,41,38,10,615.00,"6,150.00"
2020-10-12,2020101204001890,RLI,41,52,10,615.00,"6,150.00"
2020-10-12,2020101204001889,RLI,41,58,10,615.00,"6,150.00"
2020-10-12,2020101204001888,RLI,41,1,10,615.00,"6,150.00"
2020-10-12,2020101204001887,RLI,41,52,10,615.00,"6,150.00"
2020-10-12,2020101204001886,RLI,41,58,10,615.00,"6,150.00"
2020-10-12,2020101204001885,RLI,41,42,10,615.00,"6,150.00"
2020-10-12,2020101204001896,RLI,41,21,10,615.00,"6,150.00"
2020-10-12,2020101204001895,RLI,41,42,10,615.00,"6,150.00"
2020-10-12,2020101204001894,RLI,41,52,10,615.00,"6,150.00"
2020-10-12,2020101204001893,RLI,41,41,10,615.00,"6,150.00"
2020-10-12,2020101204001892,RLI,41,7,10,615.00,"6,150.00"
2020-10-12,2020101204001891,RLI,41,19,10,615.00,"6,150.00"
2020-10-12,2020101204001902,RLI,39,52,10,613.00,"6,130.00"
2020-10-12,2020101204001901,RLI,6,25,10,612.00,"6,120.00"
2020-10-12,2020101204001900,RLI,6,3,10,612.00,"6,120.00"
2020-10-12,2020101204001899,RLI,34,34,10,613.00,"6,130.00"
2020-10-12,2020101204001898,RLI,41,42,10,615.00,"6,150.00"
2020-10-12,2020101204001897,RLI,41,53,10,615.00,"6,150.00"
2020-10-12,2020101204001908,RLI,39,17,10,616.00,"6,160.00"
2020-10-12,2020101204001907,RLI,39,51,10,616.00,"6,160.00"
2020-10-12,2020101204001906,RLI,39,1,10,616.00,"6,160.00"
2020-10-12,2020101204001905,RLI,39,51,10,616.00,"6,160.00"
2020-10-12,2020101204001904,RLI,39,58,10,616.00,"6,160.00"
2020-10-12,2020101204001903,RLI,39,57,10,616.00,"6,160.00"
2020-10-12,2020101204001914,RLI,39,42,10,616.00,"6,160.00"
2020-10-12,2020101204001913,RLI,39,40,10,616.00,"6,160.00"
2020-10-12,2020101204001912,RLI,39,51,10,616.00,"6,160.00"
2020-10-12,2020101204001911,RLI,39,42,10,616.00,"6,160.00"
2020-10-12,2020101204001910,RLI,39,51,10,616.00,"6,160.00"
2020-10-12,2020101204001909,RLI,39,35,10,616.00,"6,160.00"
2020-10-12,2020101204001920,RLI,39,52,10,616.00,"6,160.00"
2020-10-12,2020101204001919,RLI,39,13,10,616.00,"6,160.00"
2020-10-12,2020101204001918,RLI,39,4,10,616.00,"6,160.00"
2020-10-12,2020101204001917,RLI,39,58,10,616.00,"6,160.00"
2020-10-12,2020101204001916,RLI,39,4,10,616.00,"6,160.00"
2020-10-12,2020101204001915,RLI,39,58,10,616.00,"6,160.00"
2020-10-12,2020101204001926,RLI,39,50,10,614.00,"6,140.00"
2020-10-12,2020101204001925,RLI,39,16,10,614.00,"6,140.00"
2020-10-12,2020101204001924,RLI,39,28,10,614.00,"6,140.00"
2020-10-12,2020101204001923,RLI,39,57,10,614.00,"6,140.00"
2020-10-12,2020101204001922,RLI,6,21,10,612.00,"6,120.00"
2020-10-12,2020101204001921,RLI,39,45,10,617.00,"6,170.00"
2020-10-12,2020101204001933,RLI,39,57,10,614.00,"6,140.00"
2020-10-12,2020101204001932,RLI,39,16,10,614.00,"6,140.00"
2020-10-12,2020101204001931,RLI,39,28,10,614.00,"6,140.00"
2020-10-12,2020101204001930,RLI,39,22,10,614.00,"6,140.00"
2020-10-12,2020101204001928,RLI,39,54,10,614.00,"6,140.00"
2020-10-12,2020101204001927,RLI,39,28,10,614.00,"6,140.00"
2020-10-12,2020101204001939,RLI,21,8,10,615.00,"6,150.00"
2020-10-12,2020101204001938,RLI,21,44,10,615.00,"6,150.00"
2020-10-12,2020101204001937,RLI,21,17,10,615.00,"6,150.00"
2020-10-12,2020101204001936,RLI,21,57,30,614.00,"18,420.00"
2020-10-12,2020101204001935,RLI,39,57,90,614.00,"55,260.00"
2020-10-12,2020101204001934,RLI,39,21,10,614.00,"6,140.00"
2020-10-12,2020101204001945,RLI,39,28,10,614.00,"6,140.00"
2020-10-12,2020101204001944,RLI,39,21,10,614.00,"6,140.00"
2020-10-12,2020101204001943,RLI,21,19,10,615.00,"6,150.00"
2020-10-12,2020101204001942,RLI,21,54,10,615.00,"6,150.00"
2020-10-12,2020101204001941,RLI,21,28,10,615.00,"6,150.00"
2020-10-12,2020101204001940,RLI,21,28,10,615.00,"6,150.00"
2020-10-12,2020101204001953,RLI,39,40,10,615.00,"6,150.00"
2020-10-12,2020101204001952,RLI,39,16,10,615.00,"6,150.00"
2020-10-12,2020101204001951,RLI,39,54,10,615.00,"6,150.00"
2020-10-12,2020101204001950,RLI,39,28,10,615.00,"6,150.00"
2020-10-12,2020101204001949,RLI,39,32,10,615.00,"6,150.00"
2020-10-12,2020101204001946,RLI,39,26,10,615.00,"6,150.00"
2020-10-12,2020101204001959,RLI,44,55,10,616.00,"6,160.00"
2020-10-12,2020101204001958,RLI,44,3,10,616.00,"6,160.00"
2020-10-12,2020101204001957,RLI,39,6,10,615.00,"6,150.00"
2020-10-12,2020101204001956,RLI,39,21,10,615.00,"6,150.00"
2020-10-12,2020101204001955,RLI,39,54,10,615.00,"6,150.00"
2020-10-12,2020101204001954,RLI,39,17,10,615.00,"6,150.00"
2020-10-12,2020101204001967,RLI,32,34,10,616.00,"6,160.00"
2020-10-12,2020101204001966,RLI,32,49,10,616.00,"6,160.00"
2020-10-12,2020101204001965,RLI,32,57,10,616.00,"6,160.00"
2020-10-12,2020101204001964,RLI,32,22,10,615.00,"6,150.00"
2020-10-12,2020101204001963,RLI,32,47,10,615.00,"6,150.00"
2020-10-12,2020101204001962,RLI,32,28,10,615.00,"6,150.00"
2020-10-12,2020101204001973,RLI,32,3,10,616.00,"6,160.00"
2020-10-12,2020101204001972,RLI,32,28,10,616.00,"6,160.00"
2020-10-12,2020101204001971,RLI,32,5,10,616.00,"6,160.00"
2020-10-12,2020101204001970,RLI,32,19,10,616.00,"6,160.00"
2020-10-12,2020101204001969,RLI,25,51,10,617.00,"6,170.00"
2020-10-12,2020101204001968,RLI,32,16,10,616.00,"6,160.00"
2020-10-12,2020101204001979,RLI,32,54,10,616.00,"6,160.00"
2020-10-12,2020101204001978,RLI,32,22,10,616.00,"6,160.00"
2020-10-12,2020101204001977,RLI,32,26,10,616.00,"6,160.00"
2020-10-12,2020101204001976,RLI,32,21,10,616.00,"6,160.00"
2020-10-12,2020101204001975,RLI,32,21,10,616.00,"6,160.00"
2020-10-12,2020101204001974,RLI,32,16,10,616.00,"6,160.00"
2020-10-12,2020101204001985,RLI,39,48,10,617.00,"6,170.00"
2020-10-12,2020101204001984,RLI,39,51,10,617.00,"6,170.00"
2020-10-12,2020101204001983,RLI,39,17,10,617.00,"6,170.00"
2020-10-12,2020101204001982,RLI,39,29,50,617.00,"30,850.00"
2020-10-12,2020101204001981,RLI,32,57,20,616.00,"12,320.00"
2020-10-12,2020101204001980,RLI,32,16,10,616.00,"6,160.00"
2020-10-12,2020101204001991,RLI,39,21,10,617.00,"6,170.00"
2020-10-12,2020101204001990,RLI,39,39,10,617.00,"6,170.00"
2020-10-12,2020101204001989,RLI,39,42,10,617.00,"6,170.00"
2020-10-12,2020101204001988,RLI,39,48,10,617.00,"6,170.00"
2020-10-12,2020101204001987,RLI,39,51,10,617.00,"6,170.00"
2020-10-12,2020101204001986,RLI,39,51,10,617.00,"6,170.00"
2020-10-12,2020101204001997,RLI,39,51,10,617.00,"6,170.00"
2020-10-12,2020101204001996,RLI,39,38,10,617.00,"6,170.00"
2020-10-12,2020101204001995,RLI,39,48,10,617.00,"6,170.00"
2020-10-12,2020101204001994,RLI,39,20,10,617.00,"6,170.00"
2020-10-12,2020101204001993,RLI,39,42,10,617.00,"6,170.00"
2020-10-12,2020101204001992,RLI,39,48,10,617.00,"6,170.00"
2020-10-12,2020101204002003,RLI,39,36,10,615.00,"6,150.00"
2020-10-12,2020101204002002,RLI,39,32,10,617.00,"6,170.00"
2020-10-12,2020101204002001,RLI,39,49,10,617.00,"6,170.00"
2020-10-12,2020101204002000,RLI,39,32,10,617.00,"6,170.00"
2020-10-12,2020101204001999,RLI,39,22,10,617.00,"6,170.00"
2020-10-12,2020101204001998,RLI,39,52,10,617.00,"6,170.00"
2020-10-12,2020101204002009,RLI,39,40,10,618.00,"6,180.00"
2020-10-12,2020101204002008,RLI,39,13,10,618.00,"6,180.00"
2020-10-12,2020101204002007,RLI,39,42,10,618.00,"6,180.00"
2020-10-12,2020101204002006,RLI,39,38,10,618.00,"6,180.00"
2020-10-12,2020101204002005,RLI,39,57,10,618.00,"6,180.00"
2020-10-12,2020101204002004,RLI,39,1,10,618.00,"6,180.00"
2020-10-12,2020101204002015,RLI,39,52,10,618.00,"6,180.00"
2020-10-12,2020101204002014,RLI,39,42,10,618.00,"6,180.00"
2020-10-12,2020101204002013,RLI,39,52,10,618.00,"6,180.00"
2020-10-12,2020101204002012,RLI,39,25,10,618.00,"6,180.00"
2020-10-12,2020101204002011,RLI,39,14,10,618.00,"6,180.00"
2020-10-12,2020101204002010,RLI,39,38,10,618.00,"6,180.00"
2020-10-12,2020101204002021,RLI,39,32,10,618.00,"6,180.00"
2020-10-12,2020101204002020,RLI,39,17,10,618.00,"6,180.00"
2020-10-12,2020101204002019,RLI,39,1,10,618.00,"6,180.00"
2020-10-12,2020101204002018,RLI,39,17,10,618.00,"6,180.00"
2020-10-12,2020101204002017,RLI,39,42,10,618.00,"6,180.00"
2020-10-12,2020101204002016,RLI,39,52,10,618.00,"6,180.00"
2020-10-12,2020101204002027,RLI,19,19,10,616.00,"6,160.00"
2020-10-12,2020101204002026,RLI,39,36,10,615.00,"6,150.00"
2020-10-12,2020101204002025,RLI,39,17,10,615.00,"6,150.00"
2020-10-12,2020101204002024,RLI,39,42,10,615.00,"6,150.00"
2020-10-12,2020101204002023,RLI,39,38,100,618.00,"61,800.00"
2020-10-12,2020101204002022,RLI,39,44,10,618.00,"6,180.00"
2020-10-12,2020101204002033,RLI,39,59,10,615.00,"6,150.00"
2020-10-12,2020101204002032,RLI,39,21,10,615.00,"6,150.00"
2020-10-12,2020101204002031,RLI,39,59,10,615.00,"6,150.00"
2020-10-12,2020101204002030,RLI,39,36,10,615.00,"6,150.00"
2020-10-12,2020101204002029,RLI,39,47,10,615.00,"6,150.00"
2020-10-12,2020101204002028,RLI,39,36,10,615.00,"6,150.00"
2020-10-12,2020101204002040,RLI,8,32,10,616.00,"6,160.00"
2020-10-12,2020101204002039,RLI,8,43,10,616.00,"6,160.00"
2020-10-12,2020101204002038,RLI,39,58,10,615.00,"6,150.00"
2020-10-12,2020101204002037,RLI,39,59,10,615.00,"6,150.00"
2020-10-12,2020101204002035,RLI,39,53,10,615.00,"6,150.00"
2020-10-12,2020101204002034,RLI,39,59,10,615.00,"6,150.00"
2020-10-12,2020101204002046,RLI,39,56,60,615.00,"36,900.00"
2020-10-12,2020101204002045,RLI,39,56,40,615.00,"24,600.00"
2020-10-12,2020101204002044,RLI,39,35,10,615.00,"6,150.00"
2020-10-12,2020101204002043,RLI,39,54,10,615.00,"6,150.00"
2020-10-12,2020101204002042,RLI,8,32,10,616.00,"6,160.00"
2020-10-12,2020101204002041,RLI,8,13,10,616.00,"6,160.00"
2020-10-12,2020101204002053,RLI,39,36,10,614.00,"6,140.00"
2020-10-12,2020101204002052,RLI,39,21,10,614.00,"6,140.00"
2020-10-12,2020101204002051,RLI,39,49,10,614.00,"6,140.00"
2020-10-12,2020101204002050,RLI,39,53,120,615.00,"73,800.00"
2020-10-12,2020101204002048,RLI,39,52,10,615.00,"6,150.00"
2020-10-12,2020101204002047,RLI,39,45,10,615.00,"6,150.00"
2020-10-12,2020101204002060,RLI,39,57,10,614.00,"6,140.00"
2020-10-12,2020101204002058,RLI,39,14,10,614.00,"6,140.00"
2020-10-12,2020101204002057,RLI,39,56,10,614.00,"6,140.00"
2020-10-12,2020101204002056,RLI,39,45,10,614.00,"6,140.00"
2020-10-12,2020101204002055,RLI,39,44,10,614.00,"6,140.00"
2020-10-12,2020101204002054,RLI,39,47,10,614.00,"6,140.00"
2020-10-12,2020101204002066,RLI,39,14,10,614.00,"6,140.00"
2020-10-12,2020101204002065,RLI,39,53,70,614.00,"42,980.00"
2020-10-12,2020101204002064,RLI,39,53,60,614.00,"36,840.00"
2020-10-12,2020101204002063,RLI,39,25,10,614.00,"6,140.00"
2020-10-12,2020101204002062,RLI,39,1,10,614.00,"6,140.00"
2020-10-12,2020101204002061,RLI,39,42,10,614.00,"6,140.00"
2020-10-12,2020101204002072,RLI,39,8,10,614.00,"6,140.00"
2020-10-12,2020101204002071,RLI,39,36,10,614.00,"6,140.00"
2020-10-12,2020101204002070,RLI,39,58,10,614.00,"6,140.00"
2020-10-12,2020101204002069,RLI,39,11,10,614.00,"6,140.00"
2020-10-12,2020101204002068,RLI,39,21,10,614.00,"6,140.00"
2020-10-12,2020101204002067,RLI,39,26,10,614.00,"6,140.00"
2020-10-12,2020101204002078,RLI,21,17,10,613.00,"6,130.00"
2020-10-12,2020101204002077,RLI,21,44,10,613.00,"6,130.00"
2020-10-12,2020101204002076,RLI,21,44,10,613.00,"6,130.00"
2020-10-12,2020101204002075,RLI,21,44,10,613.00,"6,130.00"
2020-10-12,2020101204002074,RLI,39,59,50,614.00,"30,700.00"
2020-10-12,2020101204002073,RLI,39,25,10,614.00,"6,140.00"
2020-10-12,2020101204002084,RLI,39,38,10,614.00,"6,140.00"
2020-10-12,2020101204002083,RLI,39,52,10,614.00,"6,140.00"
2020-10-12,2020101204002082,RLI,39,14,10,614.00,"6,140.00"
2020-10-12,2020101204002081,RLI,39,17,10,614.00,"6,140.00"
2020-10-12,2020101204002080,RLI,39,59,260,614.00,"159,640.00"
2020-10-12,2020101204002079,RLI,21,44,10,613.00,"6,130.00"
2020-10-12,2020101204002090,RLI,39,49,10,614.00,"6,140.00"
2020-10-12,2020101204002089,RLI,39,13,10,614.00,"6,140.00"
2020-10-12,2020101204002088,RLI,39,16,10,614.00,"6,140.00"
2020-10-12,2020101204002087,RLI,39,22,10,614.00,"6,140.00"
2020-10-12,2020101204002086,RLI,39,11,10,614.00,"6,140.00"
2020-10-12,2020101204002085,RLI,21,44,10,613.00,"6,130.00"
2020-10-12,2020101204002096,RLI,39,57,10,614.00,"6,140.00"
2020-10-12,2020101204002095,RLI,39,59,10,614.00,"6,140.00"
2020-10-12,2020101204002094,RLI,39,22,10,614.00,"6,140.00"
2020-10-12,2020101204002093,RLI,39,25,10,614.00,"6,140.00"
2020-10-12,2020101204002092,RLI,39,32,10,614.00,"6,140.00"
2020-10-12,2020101204002091,RLI,39,22,100,614.00,"61,400.00"
2020-10-12,2020101204002102,RLI,29,36,10,614.00,"6,140.00"
2020-10-12,2020101204002101,RLI,11,32,10,613.00,"6,130.00"
2020-10-12,2020101204002100,RLI,21,56,10,613.00,"6,130.00"
2020-10-12,2020101204002099,RLI,21,58,10,613.00,"6,130.00"
2020-10-12,2020101204002098,RLI,21,32,10,613.00,"6,130.00"
2020-10-12,2020101204002097,RLI,21,3,10,613.00,"6,130.00"
2020-10-12,2020101204002109,RLI,39,53,460,613.00,"281,980.00"
2020-10-12,2020101204002108,RLI,6,56,10,612.00,"6,120.00"
2020-10-12,2020101204002107,RLI,6,58,10,612.00,"6,120.00"
2020-10-12,2020101204002105,RLI,6,56,10,612.00,"6,120.00"
2020-10-12,2020101204002104,RLI,6,49,10,612.00,"6,120.00"
2020-10-12,2020101204002103,RLI,11,53,40,613.00,"24,520.00"
2020-10-12,2020101204002115,RLI,39,14,10,614.00,"6,140.00"
2020-10-12,2020101204002114,RLI,39,57,10,614.00,"6,140.00"
2020-10-12,2020101204002113,RLI,39,26,20,614.00,"12,280.00"
2020-10-12,2020101204002112,RLI,39,13,10,613.00,"6,130.00"
2020-10-12,2020101204002111,RLI,39,56,10,613.00,"6,130.00"
2020-10-12,2020101204002110,RLI,39,56,10,613.00,"6,130.00"
2020-10-12,2020101204002121,RLI,39,47,10,614.00,"6,140.00"
2020-10-12,2020101204002120,RLI,39,52,10,614.00,"6,140.00"
2020-10-12,2020101204002119,RLI,39,11,10,614.00,"6,140.00"
2020-10-12,2020101204002118,RLI,39,22,10,614.00,"6,140.00"
2020-10-12,2020101204002117,RLI,39,17,10,614.00,"6,140.00"
2020-10-12,2020101204002116,RLI,39,13,10,614.00,"6,140.00"
2020-10-12,2020101204002127,RLI,6,56,10,612.00,"6,120.00"
2020-10-12,2020101204002126,RLI,39,43,370,614.00,"227,180.00"
2020-10-12,2020101204002125,RLI,39,47,10,614.00,"6,140.00"
2020-10-12,2020101204002124,RLI,39,57,10,614.00,"6,140.00"
2020-10-12,2020101204002123,RLI,39,57,10,614.00,"6,140.00"
2020-10-12,2020101204002122,RLI,39,41,10,614.00,"6,140.00"
2020-10-12,2020101204002134,RLI,19,13,10,613.00,"6,130.00"
2020-10-12,2020101204002133,RLI,41,8,10,612.00,"6,120.00"
2020-10-12,2020101204002132,RLI,41,8,10,612.00,"6,120.00"
2020-10-12,2020101204002131,RLI,41,14,10,612.00,"6,120.00"
2020-10-12,2020101204002129,RLI,44,11,10,613.00,"6,130.00"
2020-10-12,2020101204002128,RLI,6,21,10,612.00,"6,120.00"
2020-10-12,2020101204002141,RLI,41,14,10,613.00,"6,130.00"
2020-10-12,2020101204002140,RLI,41,35,10,613.00,"6,130.00"
2020-10-12,2020101204002139,RLI,41,14,10,613.00,"6,130.00"
2020-10-12,2020101204002138,RLI,44,47,10,613.00,"6,130.00"
2020-10-12,2020101204002136,RLI,44,22,10,613.00,"6,130.00"
2020-10-12,2020101204002135,RLI,44,19,10,613.00,"6,130.00"
2020-10-12,2020101204002147,RLI,44,11,10,613.00,"6,130.00"
2020-10-12,2020101204002146,RLI,44,17,10,613.00,"6,130.00"
2020-10-12,2020101204002145,RLI,44,13,10,613.00,"6,130.00"
2020-10-12,2020101204002144,RLI,41,16,10,612.00,"6,120.00"
2020-10-12,2020101204002143,RLI,25,43,10,614.00,"6,140.00"
2020-10-12,2020101204002142,RLI,41,51,10,613.00,"6,130.00"
2020-10-12,2020101204002156,RLI,41,36,10,612.00,"6,120.00"
2020-10-12,2020101204002152,RLI,41,6,10,613.00,"6,130.00"
2020-10-12,2020101204002151,RLI,41,22,10,612.00,"6,120.00"
2020-10-12,2020101204002150,RLI,44,21,10,613.00,"6,130.00"
2020-10-12,2020101204002149,RLI,44,34,10,613.00,"6,130.00"
2020-10-12,2020101204002148,RLI,41,58,10,612.00,"6,120.00"
2020-10-12,2020101204002164,RLI,6,40,100,612.00,"61,200.00"
2020-10-12,2020101204002163,RLI,8,40,100,612.00,"61,200.00"
2020-10-12,2020101204002162,RLI,41,40,100,612.00,"61,200.00"
2020-10-12,2020101204002159,RLI,41,25,10,612.00,"6,120.00"
2020-10-12,2020101204002158,RLI,41,29,10,612.00,"6,120.00"
2020-10-12,2020101204002157,RLI,41,13,10,613.00,"6,130.00"
2020-10-12,2020101204002170,RLI,51,36,10,611.00,"6,110.00"
2020-10-12,2020101204002169,RLI,6,50,60,612.00,"36,720.00"
2020-10-12,2020101204002168,RLI,6,38,10,612.00,"6,120.00"
2020-10-12,2020101204002167,RLI,6,29,10,612.00,"6,120.00"
2020-10-12,2020101204002166,RLI,6,29,10,612.00,"6,120.00"
2020-10-12,2020101204002165,RLI,6,57,10,612.00,"6,120.00"
2020-10-12,2020101204002176,RLI,51,32,10,611.00,"6,110.00"
2020-10-12,2020101204002175,RLI,51,11,10,611.00,"6,110.00"
2020-10-12,2020101204002174,RLI,51,57,10,611.00,"6,110.00"
2020-10-12,2020101204002173,RLI,13,33,190,613.00,"116,470.00"
2020-10-12,2020101204002172,RLI,13,58,10,613.00,"6,130.00"
2020-10-12,2020101204002171,RLI,44,50,140,612.00,"85,680.00"
2020-10-12,2020101204002182,RLI,56,38,10,611.00,"6,110.00"
2020-10-12,2020101204002181,RLI,1,33,10,613.00,"6,130.00"
2020-10-12,2020101204002180,RLI,56,48,10,611.00,"6,110.00"
2020-10-12,2020101204002179,RLI,56,38,10,611.00,"6,110.00"
2020-10-12,2020101204002178,RLI,56,26,80,611.00,"48,880.00"
2020-10-12,2020101204002177,RLI,51,26,20,611.00,"12,220.00"
2020-10-12,2020101204002189,RLI,56,58,10,611.00,"6,110.00"
2020-10-12,2020101204002187,RLI,44,22,10,612.00,"6,120.00"
2020-10-12,2020101204002186,RLI,56,58,10,611.00,"6,110.00"
2020-10-12,2020101204002185,RLI,56,11,10,611.00,"6,110.00"
2020-10-12,2020101204002184,RLI,56,29,10,611.00,"6,110.00"
2020-10-12,2020101204002183,RLI,56,38,10,611.00,"6,110.00"
2020-10-12,2020101204002197,RLI,56,43,575,611.00,"351,325.00"
2020-10-12,2020101204002196,RLI,56,13,10,611.00,"6,110.00"
2020-10-12,2020101204002195,RLI,44,11,10,612.00,"6,120.00"
2020-10-12,2020101204002194,RLI,44,21,10,612.00,"6,120.00"
2020-10-12,2020101204002193,RLI,44,58,10,612.00,"6,120.00"
2020-10-12,2020101204002192,RLI,56,4,10,611.00,"6,110.00"
2020-10-12,2020101204002204,RLI,59,53,10,612.00,"6,120.00"
2020-10-12,2020101204002203,RLI,35,16,10,610.00,"6,100.00"
2020-10-12,2020101204002201,RLI,44,29,10,611.00,"6,110.00"
2020-10-12,2020101204002200,RLI,44,44,10,611.00,"6,110.00"
2020-10-12,2020101204002199,RLI,32,43,10,611.00,"6,110.00"
2020-10-12,2020101204002198,RLI,44,43,100,611.00,"61,100.00"
2020-10-12,2020101204002211,RLI,44,50,20,612.00,"12,240.00"
2020-10-12,2020101204002209,RLI,17,58,10,611.00,"6,110.00"
2020-10-12,2020101204002208,RLI,17,29,10,611.00,"6,110.00"
2020-10-12,2020101204002207,RLI,35,22,10,610.00,"6,100.00"
2020-10-12,2020101204002206,RLI,59,45,10,612.00,"6,120.00"
2020-10-12,2020101204002205,RLI,59,45,30,612.00,"18,360.00"
2020-10-12,2020101204002218,RLI,35,38,10,610.00,"6,100.00"
2020-10-12,2020101204002216,RLI,17,58,10,611.00,"6,110.00"
2020-10-12,2020101204002215,RLI,17,58,10,611.00,"6,110.00"
2020-10-12,2020101204002214,RLI,17,29,10,611.00,"6,110.00"
2020-10-12,2020101204002213,RLI,17,58,10,611.00,"6,110.00"
2020-10-12,2020101204002212,RLI,44,21,10,612.00,"6,120.00"
2020-10-12,2020101204002227,RLI,35,42,10,610.00,"6,100.00"
2020-10-12,2020101204002226,RLI,35,42,10,610.00,"6,100.00"
2020-10-12,2020101204002222,RLI,35,58,10,610.00,"6,100.00"
2020-10-12,2020101204002221,RLI,35,38,10,610.00,"6,100.00"
2020-10-12,2020101204002220,RLI,46,33,40,613.00,"24,520.00"
2020-10-12,2020101204002219,RLI,46,37,10,612.00,"6,120.00"
2020-10-12,2020101204002238,RLI,35,34,60,610.00,"36,600.00"
2020-10-12,2020101204002237,RLI,45,34,40,610.00,"24,400.00"
2020-10-12,2020101204002236,RLI,25,34,100,610.00,"61,000.00"
2020-10-12,2020101204002235,RLI,35,38,10,610.00,"6,100.00"
2020-10-12,2020101204002234,RLI,35,16,10,610.00,"6,100.00"
2020-10-12,2020101204002231,RLI,35,58,10,610.00,"6,100.00"
2020-10-12,2020101204002130,SAEF,33,57,200,10.40,"2,080.00"
2020-10-12,2020101204002106,SAEF,33,57,500,10.40,"5,200.00"
2020-10-12,2020101204002036,SAEF,33,14,"1,625",10.40,"16,900.00"
2020-10-12,2020101204002243,SEF,47,42,500,9.35,"4,675.00"
2020-10-12,2020101204002229,SEF,47,13,"20,855",9.25,"192,908.75"
2020-10-12,2020101204002228,SEF,47,13,200,9.30,"1,860.00"
2020-10-12,2020101204002217,SEF,47,42,300,9.30,"2,790.00"
2020-10-12,2020101204002210,SEF,47,22,200,9.25,"1,850.00"
2020-10-12,2020101204002155,SEF,47,55,"4,000",9.25,"37,000.00"
2020-10-12,2020101204001961,SEF,16,42,"1,700",9.30,"15,810.00"
2020-10-12,2020101204001960,SEF,16,17,"2,300",9.30,"21,390.00"
2020-10-12,2020101204001759,SEF,34,17,"1,700",9.30,"15,810.00"
2020-10-12,2020101204001758,SEF,34,37,"2,500",9.30,"23,250.00"
2020-10-12,2020101204001757,SEF,34,11,400,9.30,"3,720.00"
2020-10-12,2020101204001756,SEF,34,41,"1,300",9.29,"12,077.00"
2020-10-12,2020101204002202,STC,42,46,10,"3,440.00","34,400.00"
2020-10-12,2020101204001850,STC,16,20,60,"3,450.00","207,000.00"
2020-10-12,2020101204001530,BBC,25,49,53,"1,680.00","89,040.00"
2020-10-12,2020101204001616,CMF1,43,17,290,9.64,"2,795.60"
2020-10-12,2020101204001613,CMF1,43,26,500,9.63,"4,815.00"
2020-10-12,2020101204001533,LUK,50,11,100,8.71,871.00
2020-10-12,2020101204001492,LUK,21,11,100,8.70,870.00
2020-10-12,2020101204001490,LUK,7,26,100,8.75,875.00
2020-10-12,2020101204001487,LUK,21,58,100,8.70,870.00
2020-10-12,2020101204001440,LUK,7,19,100,8.75,875.00
2020-10-12,2020101204001439,LUK,7,56,200,8.71,"1,742.00"
2020-10-12,2020101204001438,LUK,7,13,250,8.71,"2,177.50"
2020-10-12,2020101204001683,NBF2,45,46,500,8.95,"4,475.00"
2020-10-12,2020101204001589,NBF2,45,49,100,8.95,895.00
2020-10-12,2020101204001412,NBF2,45,38,200,8.95,"1,790.00"
2020-10-12,2020101204001380,NBF2,19,45,300,9.06,"2,718.00"
2020-10-12,2020101204001434,NIBLPF,49,45,133,8.88,"1,181.04"
2020-10-12,2020101204001263,NIBLPF,52,45,500,8.89,"4,445.00"
2020-10-12,2020101204001437,NIBPO,17,45,300,359.00,"107,700.00"
2020-10-12,2020101204001423,NIBPO,19,47,16,358.00,"5,728.00"
2020-10-12,2020101204001421,NIBPO,19,47,12,358.00,"4,296.00"
2020-10-12,2020101204001491,NIBSF1,56,21,"1,100",9.71,"10,681.00"
2020-10-12,2020101204001450,NICBF,22,26,100,9.00,900.00
2020-10-12,2020101204001308,NICBF,22,50,250,9.00,"2,250.00"
2020-10-12,2020101204001320,NICD83/84,13,35,300,"1,070.00","321,000.00"
2020-10-12,2020101204001467,NICGF,6,26,500,9.61,"4,805.00"
2020-10-12,2020101204001361,NICGF,14,39,500,9.60,"4,800.00"
2020-10-12,2020101204001323,NICGF,45,57,100,9.45,945.00
2020-10-12,2020101204001662,NMB50,16,49,200,9.31,"1,862.00"
2020-10-12,2020101204001567,NMB50,16,49,900,9.20,"8,280.00"
2020-10-12,2020101204001540,NMB50,57,49,100,9.20,920.00
2020-10-12,2020101204001430,NMBHF1,6,38,416,9.23,"3,839.68"
2020-10-12,2020101204001746,RLI,39,3,10,610.00,"6,100.00"
2020-10-12,2020101204001745,RLI,39,17,10,610.00,"6,100.00"
2020-10-12,2020101204001744,RLI,39,58,10,610.00,"6,100.00"
2020-10-12,2020101204001743,RLI,39,49,10,610.00,"6,100.00"
2020-10-12,2020101204001742,RLI,39,17,10,610.00,"6,100.00"
2020-10-12,2020101204001741,RLI,39,55,10,610.00,"6,100.00"
2020-10-12,2020101204001251,RLI,5,42,10,608.00,"6,080.00"
2020-10-12,2020101204001250,RLI,5,32,10,608.00,"6,080.00"
2020-10-12,2020101204001249,RLI,5,21,10,608.00,"6,080.00"
2020-10-12,2020101204001248,RLI,5,49,10,608.00,"6,080.00"
2020-10-12,2020101204001247,RLI,5,32,10,608.00,"6,080.00"
2020-10-12,2020101204001257,RLI,42,3,10,607.00,"6,070.00"
2020-10-12,2020101204001256,RLI,42,42,10,607.00,"6,070.00"
2020-10-12,2020101204001255,RLI,42,3,10,607.00,"6,070.00"
2020-10-12,2020101204001254,RLI,39,40,10,607.00,"6,070.00"
2020-10-12,2020101204001253,RLI,39,26,10,607.00,"6,070.00"
2020-10-12,2020101204001252,RLI,5,3,10,608.00,"6,080.00"
2020-10-12,2020101204001264,RLI,42,40,10,607.00,"6,070.00"
2020-10-12,2020101204001262,RLI,42,57,10,607.00,"6,070.00"
2020-10-12,2020101204001261,RLI,42,47,10,607.00,"6,070.00"
2020-10-12,2020101204001260,RLI,42,26,10,607.00,"6,070.00"
2020-10-12,2020101204001259,RLI,42,3,10,607.00,"6,070.00"
2020-10-12,2020101204001258,RLI,42,21,10,607.00,"6,070.00"
2020-10-12,2020101204001270,RLI,43,48,10,606.00,"6,060.00"
2020-10-12,2020101204001269,RLI,43,1,10,606.00,"6,060.00"
2020-10-12,2020101204001268,RLI,43,3,10,606.00,"6,060.00"
2020-10-12,2020101204001267,RLI,38,58,10,607.00,"6,070.00"
2020-10-12,2020101204001266,RLI,38,49,10,607.00,"6,070.00"
2020-10-12,2020101204001265,RLI,42,26,10,607.00,"6,070.00"
2020-10-12,2020101204001277,RLI,43,36,10,606.00,"6,060.00"
2020-10-12,2020101204001276,RLI,34,8,10,607.00,"6,070.00"
2020-10-12,2020101204001274,RLI,43,3,10,606.00,"6,060.00"
2020-10-12,2020101204001273,RLI,43,38,10,606.00,"6,060.00"
2020-10-12,2020101204001272,RLI,47,53,10,607.00,"6,070.00"
2020-10-12,2020101204001271,RLI,43,4,10,606.00,"6,060.00"
2020-10-12,2020101204001283,RLI,43,3,10,606.00,"6,060.00"
2020-10-12,2020101204001282,RLI,43,3,10,606.00,"6,060.00"
2020-10-12,2020101204001281,RLI,43,1,10,606.00,"6,060.00"
2020-10-12,2020101204001280,RLI,43,3,10,606.00,"6,060.00"
2020-10-12,2020101204001279,RLI,43,8,10,606.00,"6,060.00"
2020-10-12,2020101204001278,RLI,43,3,10,606.00,"6,060.00"
2020-10-12,2020101204001289,RLI,26,49,10,607.00,"6,070.00"
2020-10-12,2020101204001288,RLI,26,58,10,607.00,"6,070.00"
2020-10-12,2020101204001287,RLI,43,14,10,606.00,"6,060.00"
2020-10-12,2020101204001286,RLI,43,13,10,606.00,"6,060.00"
2020-10-12,2020101204001285,RLI,43,42,10,606.00,"6,060.00"
2020-10-12,2020101204001284,RLI,43,14,10,606.00,"6,060.00"
2020-10-12,2020101204001295,RLI,5,29,10,608.00,"6,080.00"
2020-10-12,2020101204001294,RLI,5,3,10,608.00,"6,080.00"
2020-10-12,2020101204001293,RLI,5,42,10,608.00,"6,080.00"
2020-10-12,2020101204001292,RLI,5,14,10,607.00,"6,070.00"
2020-10-12,2020101204001291,RLI,26,48,10,607.00,"6,070.00"
2020-10-12,2020101204001290,RLI,26,44,20,607.00,"12,140.00"
2020-10-12,2020101204001301,RLI,34,59,10,607.00,"6,070.00"
2020-10-12,2020101204001300,RLI,34,58,10,607.00,"6,070.00"
2020-10-12,2020101204001299,RLI,43,6,10,606.00,"6,060.00"
2020-10-12,2020101204001298,RLI,43,1,10,606.00,"6,060.00"
2020-10-12,2020101204001297,RLI,43,6,10,606.00,"6,060.00"
2020-10-12,2020101204001296,RLI,43,14,10,606.00,"6,060.00"
2020-10-12,2020101204001307,RLI,34,14,10,607.00,"6,070.00"
2020-10-12,2020101204001306,RLI,34,17,10,607.00,"6,070.00"
2020-10-12,2020101204001305,RLI,34,40,10,607.00,"6,070.00"
2020-10-12,2020101204001304,RLI,34,59,10,607.00,"6,070.00"
2020-10-12,2020101204001303,RLI,34,14,10,607.00,"6,070.00"
2020-10-12,2020101204001302,RLI,34,3,10,607.00,"6,070.00"
2020-10-12,2020101204001314,RLI,34,48,10,607.00,"6,070.00"
2020-10-12,2020101204001313,RLI,34,6,10,607.00,"6,070.00"
2020-10-12,2020101204001312,RLI,34,19,10,607.00,"6,070.00"
2020-10-12,2020101204001311,RLI,34,40,10,607.00,"6,070.00"
2020-10-12,2020101204001310,RLI,34,52,10,607.00,"6,070.00"
2020-10-12,2020101204001309,RLI,34,6,10,607.00,"6,070.00"
2020-10-12,2020101204001322,RLI,34,42,10,607.00,"6,070.00"
2020-10-12,2020101204001319,RLI,17,3,10,608.00,"6,080.00"
2020-10-12,2020101204001318,RLI,17,33,10,608.00,"6,080.00"
2020-10-12,2020101204001317,RLI,34,6,10,607.00,"6,070.00"
2020-10-12,2020101204001316,RLI,34,54,10,607.00,"6,070.00"
2020-10-12,2020101204001315,RLI,34,6,10,607.00,"6,070.00"
2020-10-12,2020101204001330,RLI,39,6,10,608.00,"6,080.00"
2020-10-12,2020101204001329,RLI,39,34,10,607.00,"6,070.00"
2020-10-12,2020101204001328,RLI,39,6,10,607.00,"6,070.00"
2020-10-12,2020101204001327,RLI,39,46,10,607.00,"6,070.00"
2020-10-12,2020101204001325,RLI,34,42,10,607.00,"6,070.00"
2020-10-12,2020101204001324,RLI,34,49,10,607.00,"6,070.00"
2020-10-12,2020101204001336,RLI,39,6,10,608.00,"6,080.00"
2020-10-12,2020101204001335,RLI,39,58,10,608.00,"6,080.00"
2020-10-12,2020101204001334,RLI,39,58,10,608.00,"6,080.00"
2020-10-12,2020101204001333,RLI,39,57,10,608.00,"6,080.00"
2020-10-12,2020101204001332,RLI,39,58,10,608.00,"6,080.00"
2020-10-12,2020101204001331,RLI,39,57,20,608.00,"12,160.00"
2020-10-12,2020101204001342,RLI,39,49,10,608.00,"6,080.00"
2020-10-12,2020101204001341,RLI,39,29,10,608.00,"6,080.00"
2020-10-12,2020101204001340,RLI,39,58,50,608.00,"30,400.00"
2020-10-12,2020101204001339,RLI,39,14,10,608.00,"6,080.00"
2020-10-12,2020101204001338,RLI,39,49,10,608.00,"6,080.00"
2020-10-12,2020101204001337,RLI,39,41,10,608.00,"6,080.00"
2020-10-12,2020101204001348,RLI,39,29,10,608.00,"6,080.00"
2020-10-12,2020101204001347,RLI,39,58,10,608.00,"6,080.00"
2020-10-12,2020101204001346,RLI,39,57,10,608.00,"6,080.00"
2020-10-12,2020101204001345,RLI,39,34,10,608.00,"6,080.00"
2020-10-12,2020101204001344,RLI,39,10,10,608.00,"6,080.00"
2020-10-12,2020101204001343,RLI,39,4,10,608.00,"6,080.00"
2020-10-12,2020101204001354,RLI,39,29,10,608.00,"6,080.00"
2020-10-12,2020101204001353,RLI,39,29,10,608.00,"6,080.00"
2020-10-12,2020101204001352,RLI,39,29,10,608.00,"6,080.00"
2020-10-12,2020101204001351,RLI,39,58,10,608.00,"6,080.00"
2020-10-12,2020101204001350,RLI,39,29,10,608.00,"6,080.00"
2020-10-12,2020101204001349,RLI,39,29,10,608.00,"6,080.00"
2020-10-12,2020101204001360,RLI,39,29,10,608.00,"6,080.00"
2020-10-12,2020101204001359,RLI,39,29,10,608.00,"6,080.00"
2020-10-12,2020101204001358,RLI,39,29,10,608.00,"6,080.00"
2020-10-12,2020101204001357,RLI,39,29,10,608.00,"6,080.00"
2020-10-12,2020101204001356,RLI,39,38,10,608.00,"6,080.00"
2020-10-12,2020101204001355,RLI,39,29,10,608.00,"6,080.00"
2020-10-12,2020101204001367,RLI,39,29,10,608.00,"6,080.00"
2020-10-12,2020101204001366,RLI,39,49,10,608.00,"6,080.00"
2020-10-12,2020101204001365,RLI,39,29,10,608.00,"6,080.00"
2020-10-12,2020101204001364,RLI,39,42,10,608.00,"6,080.00"
2020-10-12,2020101204001363,RLI,39,29,10,608.00,"6,080.00"
2020-10-12,2020101204001362,RLI,39,29,10,608.00,"6,080.00"
2020-10-12,2020101204001373,RLI,45,49,10,607.00,"6,070.00"
2020-10-12,2020101204001372,RLI,39,14,10,608.00,"6,080.00"
2020-10-12,2020101204001371,RLI,39,29,10,608.00,"6,080.00"
2020-10-12,2020101204001370,RLI,39,34,10,608.00,"6,080.00"
2020-10-12,2020101204001369,RLI,39,29,10,608.00,"6,080.00"
2020-10-12,2020101204001368,RLI,39,46,10,608.00,"6,080.00"
2020-10-12,2020101204001379,RLI,56,29,10,608.00,"6,080.00"
2020-10-12,2020101204001378,RLI,56,29,10,608.00,"6,080.00"
2020-10-12,2020101204001377,RLI,56,29,10,608.00,"6,080.00"
2020-10-12,2020101204001376,RLI,56,29,10,608.00,"6,080.00"
2020-10-12,2020101204001375,RLI,56,29,10,608.00,"6,080.00"
2020-10-12,2020101204001374,RLI,45,26,10,607.00,"6,070.00"
2020-10-12,2020101204001386,RLI,43,3,10,606.00,"6,060.00"
2020-10-12,2020101204001385,RLI,43,6,10,606.00,"6,060.00"
2020-10-12,2020101204001384,RLI,43,14,10,606.00,"6,060.00"
2020-10-12,2020101204001383,RLI,43,25,10,606.00,"6,060.00"
2020-10-12,2020101204001382,RLI,43,45,10,606.00,"6,060.00"
2020-10-12,2020101204001381,RLI,43,57,10,606.00,"6,060.00"
2020-10-12,2020101204001392,RLI,29,35,10,608.00,"6,080.00"
2020-10-12,2020101204001391,RLI,29,29,10,608.00,"6,080.00"
2020-10-12,2020101204001390,RLI,29,29,10,608.00,"6,080.00"
2020-10-12,2020101204001389,RLI,43,6,10,606.00,"6,060.00"
2020-10-12,2020101204001388,RLI,43,36,10,606.00,"6,060.00"
2020-10-12,2020101204001387,RLI,43,36,10,606.00,"6,060.00"
2020-10-12,2020101204001398,RLI,29,28,10,608.00,"6,080.00"
2020-10-12,2020101204001397,RLI,29,49,10,608.00,"6,080.00"
2020-10-12,2020101204001396,RLI,29,36,10,608.00,"6,080.00"
2020-10-12,2020101204001395,RLI,29,35,10,608.00,"6,080.00"
2020-10-12,2020101204001394,RLI,29,29,10,608.00,"6,080.00"
2020-10-12,2020101204001393,RLI,29,29,10,608.00,"6,080.00"
2020-10-12,2020101204001404,RLI,29,8,10,608.00,"6,080.00"
2020-10-12,2020101204001403,RLI,29,43,10,608.00,"6,080.00"
2020-10-12,2020101204001402,RLI,29,21,10,608.00,"6,080.00"
2020-10-12,2020101204001401,RLI,29,54,10,608.00,"6,080.00"
2020-10-12,2020101204001400,RLI,29,6,10,608.00,"6,080.00"
2020-10-12,2020101204001399,RLI,29,3,10,608.00,"6,080.00"
2020-10-12,2020101204001410,RLI,29,54,10,608.00,"6,080.00"
2020-10-12,2020101204001409,RLI,29,25,10,608.00,"6,080.00"
2020-10-12,2020101204001408,RLI,29,4,10,608.00,"6,080.00"
2020-10-12,2020101204001407,RLI,29,6,10,608.00,"6,080.00"
2020-10-12,2020101204001406,RLI,29,58,10,608.00,"6,080.00"
2020-10-12,2020101204001405,RLI,29,26,10,608.00,"6,080.00"
2020-10-12,2020101204001418,RLI,29,6,10,608.00,"6,080.00"
2020-10-12,2020101204001417,RLI,29,41,10,608.00,"6,080.00"
2020-10-12,2020101204001415,RLI,29,54,10,608.00,"6,080.00"
2020-10-12,2020101204001414,RLI,29,21,10,608.00,"6,080.00"
2020-10-12,2020101204001413,RLI,29,6,10,608.00,"6,080.00"
2020-10-12,2020101204001411,RLI,29,3,10,608.00,"6,080.00"
2020-10-12,2020101204001426,RLI,43,40,10,606.00,"6,060.00"
2020-10-12,2020101204001425,RLI,43,36,10,606.00,"6,060.00"
2020-10-12,2020101204001424,RLI,43,21,10,606.00,"6,060.00"
2020-10-12,2020101204001422,RLI,29,8,10,608.00,"6,080.00"
2020-10-12,2020101204001420,RLI,29,44,10,608.00,"6,080.00"
2020-10-12,2020101204001419,RLI,29,6,10,608.00,"6,080.00"
2020-10-12,2020101204001436,RLI,43,58,10,606.00,"6,060.00"
2020-10-12,2020101204001435,RLI,43,37,10,606.00,"6,060.00"
2020-10-12,2020101204001433,RLI,43,58,10,606.00,"6,060.00"
2020-10-12,2020101204001432,RLI,43,58,10,606.00,"6,060.00"
2020-10-12,2020101204001431,RLI,43,21,10,606.00,"6,060.00"
2020-10-12,2020101204001427,RLI,43,51,10,606.00,"6,060.00"
2020-10-12,2020101204001446,RLI,43,37,10,606.00,"6,060.00"
2020-10-12,2020101204001445,RLI,43,50,30,606.00,"18,180.00"
2020-10-12,2020101204001444,RLI,43,36,10,606.00,"6,060.00"
2020-10-12,2020101204001443,RLI,43,21,10,606.00,"6,060.00"
2020-10-12,2020101204001442,RLI,43,6,10,606.00,"6,060.00"
2020-10-12,2020101204001441,RLI,43,28,10,606.00,"6,060.00"
2020-10-12,2020101204001453,RLI,43,21,10,606.00,"6,060.00"
2020-10-12,2020101204001452,RLI,43,1,10,606.00,"6,060.00"
2020-10-12,2020101204001451,RLI,43,50,10,606.00,"6,060.00"
2020-10-12,2020101204001449,RLI,43,1,10,606.00,"6,060.00"
2020-10-12,2020101204001448,RLI,43,28,10,606.00,"6,060.00"
2020-10-12,2020101204001447,RLI,43,3,10,606.00,"6,060.00"
2020-10-12,2020101204001459,RLI,34,13,10,607.00,"6,070.00"
2020-10-12,2020101204001458,RLI,43,39,10,606.00,"6,060.00"
2020-10-12,2020101204001457,RLI,43,39,10,606.00,"6,060.00"
2020-10-12,2020101204001456,RLI,43,28,10,606.00,"6,060.00"
2020-10-12,2020101204001455,RLI,43,6,10,606.00,"6,060.00"
2020-10-12,2020101204001454,RLI,43,3,10,606.00,"6,060.00"
2020-10-12,2020101204001465,RLI,43,28,10,606.00,"6,060.00"
2020-10-12,2020101204001464,RLI,43,34,10,606.00,"6,060.00"
2020-10-12,2020101204001463,RLI,43,57,10,606.00,"6,060.00"
2020-10-12,2020101204001462,RLI,43,22,10,606.00,"6,060.00"
2020-10-12,2020101204001461,RLI,34,21,10,607.00,"6,070.00"
2020-10-12,2020101204001460,RLI,34,3,10,607.00,"6,070.00"
2020-10-12,2020101204001472,RLI,38,8,10,608.00,"6,080.00"
2020-10-12,2020101204001471,RLI,38,44,10,608.00,"6,080.00"
2020-10-12,2020101204001470,RLI,38,21,10,607.00,"6,070.00"
2020-10-12,2020101204001469,RLI,38,50,20,607.00,"12,140.00"
2020-10-12,2020101204001468,RLI,38,4,10,607.00,"6,070.00"
2020-10-12,2020101204001466,RLI,43,21,10,606.00,"6,060.00"
2020-10-12,2020101204001478,RLI,43,28,10,606.00,"6,060.00"
2020-10-12,2020101204001477,RLI,43,11,10,606.00,"6,060.00"
2020-10-12,2020101204001476,RLI,38,8,10,608.00,"6,080.00"
2020-10-12,2020101204001475,RLI,38,4,10,608.00,"6,080.00"
2020-10-12,2020101204001474,RLI,38,7,10,608.00,"6,080.00"
2020-10-12,2020101204001473,RLI,38,8,10,608.00,"6,080.00"
2020-10-12,2020101204001484,RLI,44,33,10,607.00,"6,070.00"
2020-10-12,2020101204001483,RLI,44,38,10,607.00,"6,070.00"
2020-10-12,2020101204001482,RLI,43,45,10,606.00,"6,060.00"
2020-10-12,2020101204001481,RLI,49,21,10,607.00,"6,070.00"
2020-10-12,2020101204001480,RLI,43,38,10,606.00,"6,060.00"
2020-10-12,2020101204001479,RLI,43,42,10,606.00,"6,060.00"
2020-10-12,2020101204001494,RLI,44,21,10,607.00,"6,070.00"
2020-10-12,2020101204001493,RLI,44,44,10,607.00,"6,070.00"
2020-10-12,2020101204001489,RLI,44,49,10,607.00,"6,070.00"
2020-10-12,2020101204001488,RLI,44,42,10,607.00,"6,070.00"
2020-10-12,2020101204001486,RLI,44,21,10,607.00,"6,070.00"
2020-10-12,2020101204001485,RLI,44,45,10,607.00,"6,070.00"
2020-10-12,2020101204001500,RLI,44,44,10,607.00,"6,070.00"
2020-10-12,2020101204001499,RLI,10,44,10,608.00,"6,080.00"
2020-10-12,2020101204001498,RLI,10,44,10,608.00,"6,080.00"
2020-10-12,2020101204001497,RLI,10,44,10,608.00,"6,080.00"
2020-10-12,2020101204001496,RLI,10,46,10,608.00,"6,080.00"
2020-10-12,2020101204001495,RLI,10,35,10,608.00,"6,080.00"
2020-10-12,2020101204001506,RLI,3,44,10,608.00,"6,080.00"
2020-10-12,2020101204001505,RLI,3,44,10,608.00,"6,080.00"
2020-10-12,2020101204001504,RLI,3,44,10,608.00,"6,080.00"
2020-10-12,2020101204001503,RLI,3,21,10,608.00,"6,080.00"
2020-10-12,2020101204001502,RLI,3,44,10,608.00,"6,080.00"
2020-10-12,2020101204001501,RLI,44,26,10,607.00,"6,070.00"
2020-10-12,2020101204001512,RLI,34,6,10,607.00,"6,070.00"
2020-10-12,2020101204001511,RLI,34,36,10,607.00,"6,070.00"
2020-10-12,2020101204001510,RLI,34,25,10,607.00,"6,070.00"
2020-10-12,2020101204001509,RLI,34,21,10,607.00,"6,070.00"
2020-10-12,2020101204001508,RLI,34,6,10,607.00,"6,070.00"
2020-10-12,2020101204001507,RLI,34,6,10,607.00,"6,070.00"
2020-10-12,2020101204001518,RLI,41,58,10,608.00,"6,080.00"
2020-10-12,2020101204001517,RLI,41,6,10,607.00,"6,070.00"
2020-10-12,2020101204001516,RLI,34,6,10,607.00,"6,070.00"
2020-10-12,2020101204001515,RLI,34,1,10,607.00,"6,070.00"
2020-10-12,2020101204001514,RLI,34,16,10,607.00,"6,070.00"
2020-10-12,2020101204001513,RLI,34,32,10,607.00,"6,070.00"
2020-10-12,2020101204001524,RLI,41,56,10,608.00,"6,080.00"
2020-10-12,2020101204001523,RLI,41,56,10,608.00,"6,080.00"
2020-10-12,2020101204001522,RLI,41,56,10,608.00,"6,080.00"
2020-10-12,2020101204001521,RLI,41,56,10,608.00,"6,080.00"
2020-10-12,2020101204001520,RLI,41,35,10,608.00,"6,080.00"
2020-10-12,2020101204001519,RLI,41,42,10,608.00,"6,080.00"
2020-10-12,2020101204001531,RLI,41,32,10,608.00,"6,080.00"
2020-10-12,2020101204001529,RLI,41,21,10,608.00,"6,080.00"
2020-10-12,2020101204001528,RLI,41,51,10,608.00,"6,080.00"
2020-10-12,2020101204001527,RLI,41,1,10,608.00,"6,080.00"
2020-10-12,2020101204001526,RLI,41,55,10,608.00,"6,080.00"
2020-10-12,2020101204001525,RLI,41,29,10,608.00,"6,080.00"
2020-10-12,2020101204001538,RLI,41,32,10,608.00,"6,080.00"
2020-10-12,2020101204001537,RLI,41,37,10,608.00,"6,080.00"
2020-10-12,2020101204001536,RLI,41,19,10,608.00,"6,080.00"
2020-10-12,2020101204001535,RLI,41,21,10,608.00,"6,080.00"
2020-10-12,2020101204001534,RLI,41,16,10,608.00,"6,080.00"
2020-10-12,2020101204001532,RLI,41,51,10,608.00,"6,080.00"
2020-10-12,2020101204001545,RLI,41,55,10,608.00,"6,080.00"
2020-10-12,2020101204001544,RLI,41,44,10,608.00,"6,080.00"
2020-10-12,2020101204001543,RLI,41,32,10,608.00,"6,080.00"
2020-10-12,2020101204001542,RLI,41,10,10,608.00,"6,080.00"
2020-10-12,2020101204001541,RLI,41,32,10,608.00,"6,080.00"
2020-10-12,2020101204001539,RLI,41,21,440,608.00,"267,520.00"
2020-10-12,2020101204001551,RLI,10,42,10,609.00,"6,090.00"
2020-10-12,2020101204001550,RLI,41,44,10,608.00,"6,080.00"
2020-10-12,2020101204001549,RLI,41,34,10,608.00,"6,080.00"
2020-10-12,2020101204001548,RLI,41,44,10,608.00,"6,080.00"
2020-10-12,2020101204001547,RLI,41,7,10,608.00,"6,080.00"
2020-10-12,2020101204001546,RLI,41,44,10,608.00,"6,080.00"
2020-10-12,2020101204001557,RLI,10,55,10,609.00,"6,090.00"
2020-10-12,2020101204001556,RLI,10,21,10,609.00,"6,090.00"
2020-10-12,2020101204001555,RLI,10,42,10,609.00,"6,090.00"
2020-10-12,2020101204001554,RLI,10,16,10,609.00,"6,090.00"
2020-10-12,2020101204001553,RLI,10,21,10,609.00,"6,090.00"
2020-10-12,2020101204001552,RLI,10,49,10,609.00,"6,090.00"
2020-10-12,2020101204001563,RLI,41,44,10,608.00,"6,080.00"
2020-10-12,2020101204001562,RLI,41,52,10,608.00,"6,080.00"
2020-10-12,2020101204001561,RLI,41,21,10,608.00,"6,080.00"
2020-10-12,2020101204001560,RLI,41,42,10,608.00,"6,080.00"
2020-10-12,2020101204001559,RLI,10,38,10,609.00,"6,090.00"
2020-10-12,2020101204001558,RLI,10,38,10,609.00,"6,090.00"
2020-10-12,2020101204001570,RLI,41,44,10,608.00,"6,080.00"
2020-10-12,2020101204001569,RLI,41,29,10,608.00,"6,080.00"
2020-10-12,2020101204001568,RLI,41,38,10,608.00,"6,080.00"
2020-10-12,2020101204001566,RLI,41,44,10,608.00,"6,080.00"
2020-10-12,2020101204001565,RLI,41,38,10,608.00,"6,080.00"
2020-10-12,2020101204001564,RLI,41,4,10,608.00,"6,080.00"
2020-10-12,2020101204001576,RLI,41,21,10,608.00,"6,080.00"
2020-10-12,2020101204001575,RLI,41,29,10,608.00,"6,080.00"
2020-10-12,2020101204001574,RLI,41,44,10,608.00,"6,080.00"
2020-10-12,2020101204001573,RLI,41,36,10,608.00,"6,080.00"
2020-10-12,2020101204001572,RLI,41,21,10,608.00,"6,080.00"
2020-10-12,2020101204001571,RLI,41,6,10,608.00,"6,080.00"
2020-10-12,2020101204001582,RLI,41,29,10,608.00,"6,080.00"
2020-10-12,2020101204001581,RLI,41,21,10,607.00,"6,070.00"
2020-10-12,2020101204001580,RLI,25,3,20,608.00,"12,160.00"
2020-10-12,2020101204001579,RLI,41,3,80,608.00,"48,640.00"
2020-10-12,2020101204001578,RLI,41,44,10,608.00,"6,080.00"
2020-10-12,2020101204001577,RLI,41,34,10,608.00,"6,080.00"
2020-10-12,2020101204001588,RLI,41,29,60,608.00,"36,480.00"
2020-10-12,2020101204001587,RLI,41,42,10,608.00,"6,080.00"
2020-10-12,2020101204001586,RLI,41,21,10,608.00,"6,080.00"
2020-10-12,2020101204001585,RLI,41,58,10,608.00,"6,080.00"
2020-10-12,2020101204001584,RLI,41,44,10,608.00,"6,080.00"
2020-10-12,2020101204001583,RLI,41,21,10,608.00,"6,080.00"
2020-10-12,2020101204001595,RLI,41,3,10,609.00,"6,090.00"
2020-10-12,2020101204001594,RLI,41,58,10,609.00,"6,090.00"
2020-10-12,2020101204001593,RLI,41,53,10,609.00,"6,090.00"
2020-10-12,2020101204001592,RLI,41,25,10,609.00,"6,090.00"
2020-10-12,2020101204001591,RLI,41,38,10,609.00,"6,090.00"
2020-10-12,2020101204001590,RLI,41,46,10,609.00,"6,090.00"
2020-10-12,2020101204001601,RLI,41,57,10,609.00,"6,090.00"
2020-10-12,2020101204001600,RLI,41,57,10,609.00,"6,090.00"
2020-10-12,2020101204001599,RLI,41,57,10,609.00,"6,090.00"
2020-10-12,2020101204001598,RLI,41,44,10,609.00,"6,090.00"
2020-10-12,2020101204001597,RLI,41,47,10,609.00,"6,090.00"
2020-10-12,2020101204001596,RLI,41,58,10,609.00,"6,090.00"
2020-10-12,2020101204001607,RLI,41,21,10,609.00,"6,090.00"
2020-10-12,2020101204001606,RLI,41,53,10,609.00,"6,090.00"
2020-10-12,2020101204001605,RLI,41,21,10,609.00,"6,090.00"
2020-10-12,2020101204001604,RLI,41,21,10,609.00,"6,090.00"
2020-10-12,2020101204001603,RLI,41,21,10,609.00,"6,090.00"
2020-10-12,2020101204001602,RLI,41,49,10,609.00,"6,090.00"
2020-10-12,2020101204001615,RLI,41,29,10,609.00,"6,090.00"
2020-10-12,2020101204001614,RLI,41,7,10,609.00,"6,090.00"
2020-10-12,2020101204001612,RLI,41,21,10,609.00,"6,090.00"
2020-10-12,2020101204001610,RLI,41,29,10,609.00,"6,090.00"
2020-10-12,2020101204001609,RLI,41,40,10,609.00,"6,090.00"
2020-10-12,2020101204001608,RLI,41,40,10,609.00,"6,090.00"
2020-10-12,2020101204001622,RLI,7,52,10,610.00,"6,100.00"
2020-10-12,2020101204001621,RLI,7,29,10,610.00,"6,100.00"
2020-10-12,2020101204001620,RLI,7,57,10,610.00,"6,100.00"
2020-10-12,2020101204001619,RLI,7,40,10,610.00,"6,100.00"
2020-10-12,2020101204001618,RLI,41,1,10,609.00,"6,090.00"
2020-10-12,2020101204001617,RLI,41,29,10,609.00,"6,090.00"
2020-10-12,2020101204001628,RLI,7,29,10,610.00,"6,100.00"
2020-10-12,2020101204001627,RLI,7,35,10,610.00,"6,100.00"
2020-10-12,2020101204001626,RLI,7,47,10,610.00,"6,100.00"
2020-10-12,2020101204001625,RLI,7,25,10,610.00,"6,100.00"
2020-10-12,2020101204001624,RLI,7,32,10,610.00,"6,100.00"
2020-10-12,2020101204001623,RLI,7,41,100,610.00,"61,000.00"
2020-10-12,2020101204001634,RLI,7,38,10,610.00,"6,100.00"
2020-10-12,2020101204001633,RLI,7,42,10,610.00,"6,100.00"
2020-10-12,2020101204001632,RLI,7,34,10,610.00,"6,100.00"
2020-10-12,2020101204001631,RLI,7,21,10,610.00,"6,100.00"
2020-10-12,2020101204001630,RLI,7,14,10,610.00,"6,100.00"
2020-10-12,2020101204001629,RLI,7,43,10,610.00,"6,100.00"
2020-10-12,2020101204001640,RLI,7,17,10,610.00,"6,100.00"
2020-10-12,2020101204001639,RLI,7,37,10,610.00,"6,100.00"
2020-10-12,2020101204001638,RLI,7,45,10,610.00,"6,100.00"
2020-10-12,2020101204001637,RLI,7,3,10,610.00,"6,100.00"
2020-10-12,2020101204001636,RLI,7,6,10,610.00,"6,100.00"
2020-10-12,2020101204001635,RLI,7,6,10,610.00,"6,100.00"
2020-10-12,2020101204001646,RLI,7,3,10,610.00,"6,100.00"
2020-10-12,2020101204001645,RLI,7,52,10,610.00,"6,100.00"
2020-10-12,2020101204001644,RLI,7,52,10,610.00,"6,100.00"
2020-10-12,2020101204001643,RLI,7,42,10,610.00,"6,100.00"
2020-10-12,2020101204001642,RLI,7,57,10,610.00,"6,100.00"
2020-10-12,2020101204001641,RLI,7,28,10,610.00,"6,100.00"
2020-10-12,2020101204001652,RLI,7,55,10,610.00,"6,100.00"
2020-10-12,2020101204001651,RLI,7,42,10,610.00,"6,100.00"
2020-10-12,2020101204001650,RLI,7,22,10,610.00,"6,100.00"
2020-10-12,2020101204001649,RLI,7,44,10,610.00,"6,100.00"
2020-10-12,2020101204001648,RLI,7,32,10,610.00,"6,100.00"
2020-10-12,2020101204001647,RLI,7,32,10,610.00,"6,100.00"
2020-10-12,2020101204001658,RLI,7,42,10,610.00,"6,100.00"
2020-10-12,2020101204001657,RLI,7,38,10,610.00,"6,100.00"
2020-10-12,2020101204001656,RLI,7,38,10,610.00,"6,100.00"
2020-10-12,2020101204001655,RLI,7,6,10,610.00,"6,100.00"
2020-10-12,2020101204001654,RLI,7,5,10,610.00,"6,100.00"
2020-10-12,2020101204001653,RLI,7,33,10,610.00,"6,100.00"
2020-10-12,2020101204001665,RLI,41,21,10,609.00,"6,090.00"
2020-10-12,2020101204001664,RLI,41,48,10,609.00,"6,090.00"
2020-10-12,2020101204001663,RLI,41,34,10,609.00,"6,090.00"
2020-10-12,2020101204001661,RLI,41,29,10,609.00,"6,090.00"
2020-10-12,2020101204001660,RLI,41,40,10,609.00,"6,090.00"
2020-10-12,2020101204001659,RLI,7,43,10,610.00,"6,100.00"
2020-10-12,2020101204001671,RLI,41,16,10,609.00,"6,090.00"
2020-10-12,2020101204001670,RLI,41,38,10,609.00,"6,090.00"
2020-10-12,2020101204001669,RLI,41,16,10,609.00,"6,090.00"
2020-10-12,2020101204001668,RLI,41,40,10,609.00,"6,090.00"
2020-10-12,2020101204001667,RLI,41,54,110,609.00,"66,990.00"
2020-10-12,2020101204001666,RLI,41,14,10,609.00,"6,090.00"
2020-10-12,2020101204001679,RLI,21,38,10,609.00,"6,090.00"
2020-10-12,2020101204001678,RLI,21,16,10,609.00,"6,090.00"
2020-10-12,2020101204001677,RLI,21,58,10,609.00,"6,090.00"
2020-10-12,2020101204001676,RLI,41,56,10,609.00,"6,090.00"
2020-10-12,2020101204001675,RLI,41,29,10,609.00,"6,090.00"
2020-10-12,2020101204001672,RLI,41,21,10,609.00,"6,090.00"
2020-10-12,2020101204001686,RLI,11,53,10,609.00,"6,090.00"
2020-10-12,2020101204001685,RLI,11,59,10,609.00,"6,090.00"
2020-10-12,2020101204001684,RLI,11,58,10,609.00,"6,090.00"
2020-10-12,2020101204001682,RLI,21,59,10,609.00,"6,090.00"
2020-10-12,2020101204001681,RLI,21,42,10,609.00,"6,090.00"
2020-10-12,2020101204001680,RLI,21,46,10,609.00,"6,090.00"
2020-10-12,2020101204001692,RLI,41,21,10,608.00,"6,080.00"
2020-10-12,2020101204001691,RLI,48,29,10,609.00,"6,090.00"
2020-10-12,2020101204001690,RLI,48,36,10,609.00,"6,090.00"
2020-10-12,2020101204001689,RLI,48,40,10,609.00,"6,090.00"
2020-10-12,2020101204001688,RLI,11,59,10,609.00,"6,090.00"
2020-10-12,2020101204001687,RLI,11,38,10,609.00,"6,090.00"
2020-10-12,2020101204001698,RLI,41,16,10,608.00,"6,080.00"
2020-10-12,2020101204001697,RLI,41,21,10,608.00,"6,080.00"
2020-10-12,2020101204001696,RLI,41,56,10,608.00,"6,080.00"
2020-10-12,2020101204001695,RLI,41,32,10,608.00,"6,080.00"
2020-10-12,2020101204001694,RLI,41,16,10,608.00,"6,080.00"
2020-10-12,2020101204001693,RLI,41,21,10,608.00,"6,080.00"
2020-10-12,2020101204001704,RLI,8,16,10,609.00,"6,090.00"
2020-10-12,2020101204001703,RLI,8,21,10,609.00,"6,090.00"
2020-10-12,2020101204001702,RLI,8,36,10,609.00,"6,090.00"
2020-10-12,2020101204001701,RLI,8,16,10,609.00,"6,090.00"
2020-10-12,2020101204001700,RLI,8,4,10,609.00,"6,090.00"
2020-10-12,2020101204001699,RLI,8,6,10,609.00,"6,090.00"
2020-10-12,2020101204001710,RLI,39,42,10,610.00,"6,100.00"
2020-10-12,2020101204001709,RLI,39,10,210,610.00,"128,100.00"
2020-10-12,2020101204001708,RLI,8,21,10,609.00,"6,090.00"
2020-10-12,2020101204001707,RLI,8,40,10,609.00,"6,090.00"
2020-10-12,2020101204001706,RLI,8,16,10,609.00,"6,090.00"
2020-10-12,2020101204001705,RLI,8,21,10,609.00,"6,090.00"
2020-10-12,2020101204001716,RLI,39,21,10,610.00,"6,100.00"
2020-10-12,2020101204001715,RLI,39,6,10,610.00,"6,100.00"
2020-10-12,2020101204001714,RLI,39,16,10,610.00,"6,100.00"
2020-10-12,2020101204001713,RLI,39,58,10,610.00,"6,100.00"
2020-10-12,2020101204001712,RLI,39,21,10,610.00,"6,100.00"
2020-10-12,2020101204001711,RLI,39,22,10,610.00,"6,100.00"
2020-10-12,2020101204001722,RLI,39,6,10,610.00,"6,100.00"
2020-10-12,2020101204001721,RLI,39,42,10,610.00,"6,100.00"
2020-10-12,2020101204001720,RLI,39,50,10,610.00,"6,100.00"
2020-10-12,2020101204001719,RLI,39,13,10,610.00,"6,100.00"
2020-10-12,2020101204001718,RLI,39,6,10,610.00,"6,100.00"
2020-10-12,2020101204001717,RLI,39,21,10,610.00,"6,100.00"
2020-10-12,2020101204001728,RLI,39,22,10,610.00,"6,100.00"
2020-10-12,2020101204001727,RLI,39,21,10,610.00,"6,100.00"
2020-10-12,2020101204001726,RLI,39,14,210,610.00,"128,100.00"
2020-10-12,2020101204001725,RLI,39,6,10,610.00,"6,100.00"
2020-10-12,2020101204001724,RLI,39,1,10,610.00,"6,100.00"
2020-10-12,2020101204001723,RLI,39,40,10,610.00,"6,100.00"
2020-10-12,2020101204001734,RLI,39,5,40,610.00,"24,400.00"
2020-10-12,2020101204001733,RLI,39,28,10,610.00,"6,100.00"
2020-10-12,2020101204001732,RLI,39,17,10,610.00,"6,100.00"
2020-10-12,2020101204001731,RLI,39,17,10,610.00,"6,100.00"
2020-10-12,2020101204001730,RLI,39,13,10,610.00,"6,100.00"
2020-10-12,2020101204001729,RLI,39,21,10,610.00,"6,100.00"
2020-10-12,2020101204001740,RLI,39,36,10,610.00,"6,100.00"
2020-10-12,2020101204001739,RLI,39,52,10,610.00,"6,100.00"
2020-10-12,2020101204001738,RLI,39,7,10,610.00,"6,100.00"
2020-10-12,2020101204001737,RLI,39,58,10,610.00,"6,100.00"
2020-10-12,2020101204001736,RLI,39,21,10,610.00,"6,100.00"
2020-10-12,2020101204001735,RLI,39,40,10,610.00,"6,100.00"
2020-10-12,2020101204001674,SAEF,33,34,"4,000",10.49,"41,960.00"
2020-10-12,2020101204001673,SAEF,33,44,"1,000",10.45,"10,450.00"
2020-10-12,2020101204001321,SAEF,7,57,800,10.39,"8,312.00"
2020-10-12,2020101204001429,SEF,58,11,600,9.30,"5,580.00"
2020-10-12,2020101204001428,SEF,58,39,500,9.30,"4,650.00"
2020-10-12,2020101204001416,SEF,39,43,"1,000",9.20,"9,200.00"
2020-10-12,2020101204001326,SEF,39,57,200,9.20,"1,840.00"
2020-10-12,2020101204001275,SEF,39,8,500,9.20,"4,600.00"
2020-10-12,2020101204001611,STC,22,20,40,"3,450.00","138,000.00"
2020-10-12,2020101204000772,BBC,25,28,10,"1,680.00","16,800.00"
2020-10-12,2020101204001195,CMF1,43,48,700,9.61,"6,727.00"
2020-10-12,2020101204001194,CMF1,43,57,100,9.61,961.00
2020-10-12,2020101204000973,CMF1,43,26,300,9.43,"2,829.00"
2020-10-12,2020101204000818,CMF1,43,45,100,9.50,950.00
2020-10-12,2020101204000785,GIMES1,45,5,"5,000",9.80,"49,000.00"
2020-10-12,2020101204000984,LEMF,34,33,"3,000",8.90,"26,700.00"
2020-10-12,2020101204000858,LEMF,45,47,"4,500",9.00,"40,500.00"
2020-10-12,2020101204000809,LEMF,45,17,500,9.00,"4,500.00"
2020-10-12,2020101204001214,LUK,53,58,100,8.68,868.00
2020-10-12,2020101204001123,LUK,7,45,100,8.70,870.00
2020-10-12,2020101204000948,LUK,53,43,100,8.70,870.00
2020-10-12,2020101204000941,LUK,53,45,100,8.70,870.00
2020-10-12,2020101204000932,LUK,53,45,100,8.70,870.00
2020-10-12,2020101204001127,NEF,16,45,"1,207",8.80,"10,621.60"
2020-10-12,2020101204001079,NIBLPF,52,45,192,8.90,"1,708.80"
2020-10-12,2020101204001078,NIBLPF,52,6,808,8.90,"7,191.20"
2020-10-12,2020101204000843,NIBLPF,47,17,"5,000",9.00,"45,000.00"
2020-10-12,2020101204000842,NIBLPF,47,39,"2,525",9.00,"22,725.00"
2020-10-12,2020101204000841,NIBLPF,47,36,"2,525",8.90,"22,472.50"
2020-10-12,2020101204001181,NIBPO,34,4,18,357.00,"6,426.00"
2020-10-12,2020101204001138,NIBSF1,7,34,"7,503",9.67,"72,554.01"
2020-10-12,2020101204001064,NIBSF1,7,34,"5,000",9.67,"48,350.00"
2020-10-12,2020101204001170,NICAD8283,8,18,500,"1,073.00","536,500.00"
2020-10-12,2020101204000962,NICAD8283,19,42,15,"1,071.00","16,065.00"
2020-10-12,2020101204000918,NICBF,22,41,200,9.00,"1,800.00"
2020-10-12,2020101204000804,NICGF,14,45,100,9.41,941.00
2020-10-12,2020101204000917,NMBHF1,34,17,"4,161",9.22,"38,364.42"
2020-10-12,2020101204000907,NMBHF1,34,17,"4,161",9.22,"38,364.42"
2020-10-12,2020101204000814,NMBHF1,34,28,"1,577",9.22,"14,539.94"
2020-10-12,2020101204001043,RBCLPO,40,13,21,"10,353.00","217,413.00"
2020-10-12,2020101204001246,RLI,5,42,10,608.00,"6,080.00"
2020-10-12,2020101204001245,RLI,5,35,10,608.00,"6,080.00"
2020-10-12,2020101204001244,RLI,5,32,10,608.00,"6,080.00"
2020-10-12,2020101204001243,RLI,39,3,10,607.00,"6,070.00"
2020-10-12,2020101204001242,RLI,39,25,10,607.00,"6,070.00"
2020-10-12,2020101204001241,RLI,39,57,10,607.00,"6,070.00"
2020-10-12,2020101204000750,RLI,44,49,10,606.00,"6,060.00"
2020-10-12,2020101204000749,RLI,44,4,10,606.00,"6,060.00"
2020-10-12,2020101204000748,RLI,44,10,10,606.00,"6,060.00"
2020-10-12,2020101204000747,RLI,44,10,10,606.00,"6,060.00"
2020-10-12,2020101204000756,RLI,44,4,10,606.00,"6,060.00"
2020-10-12,2020101204000755,RLI,53,40,10,607.00,"6,070.00"
2020-10-12,2020101204000754,RLI,53,58,10,607.00,"6,070.00"
2020-10-12,2020101204000753,RLI,53,58,10,607.00,"6,070.00"
2020-10-12,2020101204000752,RLI,53,14,20,607.00,"12,140.00"
2020-10-12,2020101204000751,RLI,53,42,10,607.00,"6,070.00"
2020-10-12,2020101204000762,RLI,44,38,10,606.00,"6,060.00"
2020-10-12,2020101204000761,RLI,44,58,10,606.00,"6,060.00"
2020-10-12,2020101204000760,RLI,44,47,10,606.00,"6,060.00"
2020-10-12,2020101204000759,RLI,44,1,10,606.00,"6,060.00"
2020-10-12,2020101204000758,RLI,44,42,10,606.00,"6,060.00"
2020-10-12,2020101204000757,RLI,44,38,10,606.00,"6,060.00"
2020-10-12,2020101204000768,RLI,44,6,10,606.00,"6,060.00"
2020-10-12,2020101204000767,RLI,44,4,10,606.00,"6,060.00"
2020-10-12,2020101204000766,RLI,44,39,10,606.00,"6,060.00"
2020-10-12,2020101204000765,RLI,44,51,10,606.00,"6,060.00"
2020-10-12,2020101204000764,RLI,44,57,10,606.00,"6,060.00"
2020-10-12,2020101204000763,RLI,59,26,10,607.00,"6,070.00"
2020-10-12,2020101204000775,RLI,1,38,10,606.00,"6,060.00"
2020-10-12,2020101204000774,RLI,59,59,10,607.00,"6,070.00"
2020-10-12,2020101204000773,RLI,44,14,10,606.00,"6,060.00"
2020-10-12,2020101204000771,RLI,44,39,10,606.00,"6,060.00"
2020-10-12,2020101204000770,RLI,44,39,10,606.00,"6,060.00"
2020-10-12,2020101204000769,RLI,44,39,10,606.00,"6,060.00"
2020-10-12,2020101204000782,RLI,42,45,10,607.00,"6,070.00"
2020-10-12,2020101204000780,RLI,42,41,10,607.00,"6,070.00"
2020-10-12,2020101204000779,RLI,42,55,10,607.00,"6,070.00"
2020-10-12,2020101204000778,RLI,1,26,10,606.00,"6,060.00"
2020-10-12,2020101204000777,RLI,1,28,10,606.00,"6,060.00"
2020-10-12,2020101204000776,RLI,1,38,10,606.00,"6,060.00"
2020-10-12,2020101204000789,RLI,45,38,10,607.00,"6,070.00"
2020-10-12,2020101204000788,RLI,45,32,10,607.00,"6,070.00"
2020-10-12,2020101204000787,RLI,45,41,10,607.00,"6,070.00"
2020-10-12,2020101204000786,RLI,45,56,10,607.00,"6,070.00"
2020-10-12,2020101204000784,RLI,42,48,10,607.00,"6,070.00"
2020-10-12,2020101204000783,RLI,42,11,10,607.00,"6,070.00"
2020-10-12,2020101204000795,RLI,1,38,10,606.00,"6,060.00"
2020-10-12,2020101204000794,RLI,45,58,10,607.00,"6,070.00"
2020-10-12,2020101204000793,RLI,45,47,10,607.00,"6,070.00"
2020-10-12,2020101204000792,RLI,45,8,10,607.00,"6,070.00"
2020-10-12,2020101204000791,RLI,45,34,10,607.00,"6,070.00"
2020-10-12,2020101204000790,RLI,45,48,10,607.00,"6,070.00"
2020-10-12,2020101204000801,RLI,1,58,10,606.00,"6,060.00"
2020-10-12,2020101204000800,RLI,1,38,10,606.00,"6,060.00"
2020-10-12,2020101204000799,RLI,1,1,10,606.00,"6,060.00"
2020-10-12,2020101204000798,RLI,1,1,10,606.00,"6,060.00"
2020-10-12,2020101204000797,RLI,1,1,10,606.00,"6,060.00"
2020-10-12,2020101204000796,RLI,1,38,10,606.00,"6,060.00"
2020-10-12,2020101204000810,RLI,1,38,10,606.00,"6,060.00"
2020-10-12,2020101204000808,RLI,1,38,10,606.00,"6,060.00"
2020-10-12,2020101204000807,RLI,1,1,10,606.00,"6,060.00"
2020-10-12,2020101204000805,RLI,1,38,10,606.00,"6,060.00"
2020-10-12,2020101204000803,RLI,1,38,10,606.00,"6,060.00"
2020-10-12,2020101204000802,RLI,1,1,10,606.00,"6,060.00"
2020-10-12,2020101204000817,RLI,58,3,10,606.00,"6,060.00"
2020-10-12,2020101204000816,RLI,58,38,10,606.00,"6,060.00"
2020-10-12,2020101204000815,RLI,58,57,10,606.00,"6,060.00"
2020-10-12,2020101204000813,RLI,1,1,10,606.00,"6,060.00"
2020-10-12,2020101204000812,RLI,1,4,10,606.00,"6,060.00"
2020-10-12,2020101204000811,RLI,1,58,10,606.00,"6,060.00"
2020-10-12,2020101204000824,RLI,34,38,10,607.00,"6,070.00"
2020-10-12,2020101204000823,RLI,34,1,10,607.00,"6,070.00"
2020-10-12,2020101204000822,RLI,58,4,10,606.00,"6,060.00"
2020-10-12,2020101204000821,RLI,58,38,10,606.00,"6,060.00"
2020-10-12,2020101204000820,RLI,58,38,10,606.00,"6,060.00"
2020-10-12,2020101204000819,RLI,58,37,10,606.00,"6,060.00"
2020-10-12,2020101204000830,RLI,34,41,10,607.00,"6,070.00"
2020-10-12,2020101204000829,RLI,34,38,10,607.00,"6,070.00"
2020-10-12,2020101204000828,RLI,34,8,10,607.00,"6,070.00"
2020-10-12,2020101204000827,RLI,34,47,10,607.00,"6,070.00"
2020-10-12,2020101204000826,RLI,34,45,10,607.00,"6,070.00"
2020-10-12,2020101204000825,RLI,34,38,10,607.00,"6,070.00"
2020-10-12,2020101204000836,RLI,17,4,10,606.00,"6,060.00"
2020-10-12,2020101204000835,RLI,58,32,10,606.00,"6,060.00"
2020-10-12,2020101204000834,RLI,58,4,10,606.00,"6,060.00"
2020-10-12,2020101204000833,RLI,58,56,10,606.00,"6,060.00"
2020-10-12,2020101204000832,RLI,34,4,10,607.00,"6,070.00"
2020-10-12,2020101204000831,RLI,34,32,10,607.00,"6,070.00"
2020-10-12,2020101204000845,RLI,17,16,10,606.00,"6,060.00"
2020-10-12,2020101204000844,RLI,17,4,10,606.00,"6,060.00"
2020-10-12,2020101204000840,RLI,17,38,10,606.00,"6,060.00"
2020-10-12,2020101204000839,RLI,17,41,10,606.00,"6,060.00"
2020-10-12,2020101204000838,RLI,17,53,10,606.00,"6,060.00"
2020-10-12,2020101204000837,RLI,17,4,10,606.00,"6,060.00"
2020-10-12,2020101204000851,RLI,11,11,10,607.00,"6,070.00"
2020-10-12,2020101204000850,RLI,11,8,10,607.00,"6,070.00"
2020-10-12,2020101204000849,RLI,4,38,10,606.00,"6,060.00"
2020-10-12,2020101204000848,RLI,4,59,10,606.00,"6,060.00"
2020-10-12,2020101204000847,RLI,17,39,10,606.00,"6,060.00"
2020-10-12,2020101204000846,RLI,17,19,10,606.00,"6,060.00"
2020-10-12,2020101204000859,RLI,4,48,10,606.00,"6,060.00"
2020-10-12,2020101204000857,RLI,4,39,10,606.00,"6,060.00"
2020-10-12,2020101204000855,RLI,4,39,10,606.00,"6,060.00"
2020-10-12,2020101204000854,RLI,11,3,10,608.00,"6,080.00"
2020-10-12,2020101204000853,RLI,11,28,10,608.00,"6,080.00"
2020-10-12,2020101204000852,RLI,11,43,10,608.00,"6,080.00"
2020-10-12,2020101204000865,RLI,54,4,10,606.00,"6,060.00"
2020-10-12,2020101204000864,RLI,22,41,10,608.00,"6,080.00"
2020-10-12,2020101204000863,RLI,54,38,10,606.00,"6,060.00"
2020-10-12,2020101204000862,RLI,54,8,10,606.00,"6,060.00"
2020-10-12,2020101204000861,RLI,54,3,10,606.00,"6,060.00"
2020-10-12,2020101204000860,RLI,54,38,10,606.00,"6,060.00"
2020-10-12,2020101204000871,RLI,52,38,10,605.00,"6,050.00"
2020-10-12,2020101204000870,RLI,52,54,10,605.00,"6,050.00"
2020-10-12,2020101204000869,RLI,52,4,10,605.00,"6,050.00"
2020-10-12,2020101204000868,RLI,52,10,10,605.00,"6,050.00"
2020-10-12,2020101204000867,RLI,52,58,10,605.00,"6,050.00"
2020-10-12,2020101204000866,RLI,52,59,10,605.00,"6,050.00"
2020-10-12,2020101204000877,RLI,52,16,10,605.00,"6,050.00"
2020-10-12,2020101204000876,RLI,52,8,10,605.00,"6,050.00"
2020-10-12,2020101204000875,RLI,52,40,10,605.00,"6,050.00"
2020-10-12,2020101204000874,RLI,52,58,10,605.00,"6,050.00"
2020-10-12,2020101204000873,RLI,52,59,10,605.00,"6,050.00"
2020-10-12,2020101204000872,RLI,52,8,10,605.00,"6,050.00"
2020-10-12,2020101204000883,RLI,26,18,10,606.00,"6,060.00"
2020-10-12,2020101204000882,RLI,52,10,10,605.00,"6,050.00"
2020-10-12,2020101204000881,RLI,52,8,10,605.00,"6,050.00"
2020-10-12,2020101204000880,RLI,52,48,10,605.00,"6,050.00"
2020-10-12,2020101204000879,RLI,52,4,10,605.00,"6,050.00"
2020-10-12,2020101204000878,RLI,52,29,10,605.00,"6,050.00"
2020-10-12,2020101204000889,RLI,52,38,10,605.00,"6,050.00"
2020-10-12,2020101204000888,RLI,52,8,10,605.00,"6,050.00"
2020-10-12,2020101204000887,RLI,26,8,10,606.00,"6,060.00"
2020-10-12,2020101204000886,RLI,26,25,10,606.00,"6,060.00"
2020-10-12,2020101204000885,RLI,26,6,10,606.00,"6,060.00"
2020-10-12,2020101204000884,RLI,26,4,10,606.00,"6,060.00"
2020-10-12,2020101204000895,RLI,52,8,10,605.00,"6,050.00"
2020-10-12,2020101204000894,RLI,52,4,10,605.00,"6,050.00"
2020-10-12,2020101204000893,RLI,52,29,10,605.00,"6,050.00"
2020-10-12,2020101204000892,RLI,25,4,10,606.00,"6,060.00"
2020-10-12,2020101204000891,RLI,52,29,10,605.00,"6,050.00"
2020-10-12,2020101204000890,RLI,52,16,10,605.00,"6,050.00"
2020-10-12,2020101204000901,RLI,21,4,10,606.00,"6,060.00"
2020-10-12,2020101204000900,RLI,26,16,10,606.00,"6,060.00"
2020-10-12,2020101204000899,RLI,26,4,10,606.00,"6,060.00"
2020-10-12,2020101204000898,RLI,26,4,10,606.00,"6,060.00"
2020-10-12,2020101204000897,RLI,52,41,10,605.00,"6,050.00"
2020-10-12,2020101204000896,RLI,52,56,10,605.00,"6,050.00"
2020-10-12,2020101204000908,RLI,45,38,10,606.00,"6,060.00"
2020-10-12,2020101204000906,RLI,45,49,10,606.00,"6,060.00"
2020-10-12,2020101204000905,RLI,11,35,10,605.00,"6,050.00"
2020-10-12,2020101204000904,RLI,11,20,10,605.00,"6,050.00"
2020-10-12,2020101204000903,RLI,11,43,10,605.00,"6,050.00"
2020-10-12,2020101204000902,RLI,52,16,10,605.00,"6,050.00"
2020-10-12,2020101204000914,RLI,34,20,10,605.00,"6,050.00"
2020-10-12,2020101204000913,RLI,34,1,10,605.00,"6,050.00"
2020-10-12,2020101204000912,RLI,34,59,10,605.00,"6,050.00"
2020-10-12,2020101204000911,RLI,34,20,10,605.00,"6,050.00"
2020-10-12,2020101204000910,RLI,45,22,10,606.00,"6,060.00"
2020-10-12,2020101204000909,RLI,45,20,10,606.00,"6,060.00"
2020-10-12,2020101204000922,RLI,54,6,10,606.00,"6,060.00"
2020-10-12,2020101204000921,RLI,34,49,10,605.00,"6,050.00"
2020-10-12,2020101204000920,RLI,34,16,10,605.00,"6,050.00"
2020-10-12,2020101204000919,RLI,34,59,10,605.00,"6,050.00"
2020-10-12,2020101204000916,RLI,34,38,10,605.00,"6,050.00"
2020-10-12,2020101204000915,RLI,34,29,10,605.00,"6,050.00"
2020-10-12,2020101204000928,RLI,41,20,10,605.00,"6,050.00"
2020-10-12,2020101204000927,RLI,41,32,10,605.00,"6,050.00"
2020-10-12,2020101204000926,RLI,38,57,10,605.00,"6,050.00"
2020-10-12,2020101204000925,RLI,38,47,10,605.00,"6,050.00"
2020-10-12,2020101204000924,RLI,38,59,10,605.00,"6,050.00"
2020-10-12,2020101204000923,RLI,34,20,10,605.00,"6,050.00"
2020-10-12,2020101204000935,RLI,33,58,10,606.00,"6,060.00"
2020-10-12,2020101204000934,RLI,33,40,10,606.00,"6,060.00"
2020-10-12,2020101204000933,RLI,41,20,10,605.00,"6,050.00"
2020-10-12,2020101204000931,RLI,41,47,10,605.00,"6,050.00"
2020-10-12,2020101204000930,RLI,41,13,10,605.00,"6,050.00"
2020-10-12,2020101204000929,RLI,41,4,10,605.00,"6,050.00"
2020-10-12,2020101204000942,RLI,33,29,10,607.00,"6,070.00"
2020-10-12,2020101204000940,RLI,33,57,10,607.00,"6,070.00"
2020-10-12,2020101204000939,RLI,33,34,10,607.00,"6,070.00"
2020-10-12,2020101204000938,RLI,33,6,10,607.00,"6,070.00"
2020-10-12,2020101204000937,RLI,33,34,10,607.00,"6,070.00"
2020-10-12,2020101204000936,RLI,33,54,10,606.00,"6,060.00"
2020-10-12,2020101204000949,RLI,11,16,10,605.00,"6,050.00"
2020-10-12,2020101204000947,RLI,41,29,10,605.00,"6,050.00"
2020-10-12,2020101204000946,RLI,41,59,10,605.00,"6,050.00"
2020-10-12,2020101204000945,RLI,41,20,10,605.00,"6,050.00"
2020-10-12,2020101204000944,RLI,33,49,10,607.00,"6,070.00"
2020-10-12,2020101204000943,RLI,33,8,10,607.00,"6,070.00"
2020-10-12,2020101204000955,RLI,43,10,10,605.00,"6,050.00"
2020-10-12,2020101204000954,RLI,43,16,10,605.00,"6,050.00"
2020-10-12,2020101204000953,RLI,43,29,10,605.00,"6,050.00"
2020-10-12,2020101204000952,RLI,43,42,10,605.00,"6,050.00"
2020-10-12,2020101204000951,RLI,11,43,10,605.00,"6,050.00"
2020-10-12,2020101204000950,RLI,11,49,10,605.00,"6,050.00"
2020-10-12,2020101204000961,RLI,43,16,10,605.00,"6,050.00"
2020-10-12,2020101204000960,RLI,38,6,10,606.00,"6,060.00"
2020-10-12,2020101204000959,RLI,43,16,10,605.00,"6,050.00"
2020-10-12,2020101204000958,RLI,43,38,10,605.00,"6,050.00"
2020-10-12,2020101204000957,RLI,43,16,10,605.00,"6,050.00"
2020-10-12,2020101204000956,RLI,43,57,10,605.00,"6,050.00"
2020-10-12,2020101204000968,RLI,13,51,10,606.00,"6,060.00"
2020-10-12,2020101204000967,RLI,13,16,10,606.00,"6,060.00"
2020-10-12,2020101204000966,RLI,43,16,10,605.00,"6,050.00"
2020-10-12,2020101204000965,RLI,43,49,10,605.00,"6,050.00"
2020-10-12,2020101204000964,RLI,47,13,10,606.00,"6,060.00"
2020-10-12,2020101204000963,RLI,47,22,10,606.00,"6,060.00"
2020-10-12,2020101204000975,RLI,43,51,10,605.00,"6,050.00"
2020-10-12,2020101204000974,RLI,20,21,10,607.00,"6,070.00"
2020-10-12,2020101204000972,RLI,20,43,10,607.00,"6,070.00"
2020-10-12,2020101204000971,RLI,20,42,10,607.00,"6,070.00"
2020-10-12,2020101204000970,RLI,20,41,10,607.00,"6,070.00"
2020-10-12,2020101204000969,RLI,20,10,10,607.00,"6,070.00"
2020-10-12,2020101204000981,RLI,43,29,10,605.00,"6,050.00"
2020-10-12,2020101204000980,RLI,43,29,10,605.00,"6,050.00"
2020-10-12,2020101204000979,RLI,43,49,10,605.00,"6,050.00"
2020-10-12,2020101204000978,RLI,43,38,10,605.00,"6,050.00"
2020-10-12,2020101204000977,RLI,43,51,10,605.00,"6,050.00"
2020-10-12,2020101204000976,RLI,38,16,10,607.00,"6,070.00"
2020-10-12,2020101204000988,RLI,43,51,10,605.00,"6,050.00"
2020-10-12,2020101204000987,RLI,43,38,10,605.00,"6,050.00"
2020-10-12,2020101204000986,RLI,43,29,10,605.00,"6,050.00"
2020-10-12,2020101204000985,RLI,43,29,10,605.00,"6,050.00"
2020-10-12,2020101204000983,RLI,59,59,10,607.00,"6,070.00"
2020-10-12,2020101204000982,RLI,43,51,10,605.00,"6,050.00"
2020-10-12,2020101204000994,RLI,26,51,10,606.00,"6,060.00"
2020-10-12,2020101204000993,RLI,26,29,10,606.00,"6,060.00"
2020-10-12,2020101204000992,RLI,26,16,10,606.00,"6,060.00"
2020-10-12,2020101204000991,RLI,26,45,10,606.00,"6,060.00"
2020-10-12,2020101204000990,RLI,43,29,10,605.00,"6,050.00"
2020-10-12,2020101204000989,RLI,43,29,10,605.00,"6,050.00"
2020-10-12,2020101204001000,RLI,43,29,10,605.00,"6,050.00"
2020-10-12,2020101204000999,RLI,26,51,10,606.00,"6,060.00"
2020-10-12,2020101204000998,RLI,26,13,10,606.00,"6,060.00"
2020-10-12,2020101204000997,RLI,26,29,10,606.00,"6,060.00"
2020-10-12,2020101204000996,RLI,26,29,10,606.00,"6,060.00"
2020-10-12,2020101204000995,RLI,26,51,10,606.00,"6,060.00"
2020-10-12,2020101204001006,RLI,43,51,10,605.00,"6,050.00"
2020-10-12,2020101204001005,RLI,43,16,10,605.00,"6,050.00"
2020-10-12,2020101204001004,RLI,38,29,10,606.00,"6,060.00"
2020-10-12,2020101204001003,RLI,43,29,10,605.00,"6,050.00"
2020-10-12,2020101204001002,RLI,43,51,10,605.00,"6,050.00"
2020-10-12,2020101204001001,RLI,43,54,10,605.00,"6,050.00"
2020-10-12,2020101204001012,RLI,43,10,10,605.00,"6,050.00"
2020-10-12,2020101204001011,RLI,43,29,10,605.00,"6,050.00"
2020-10-12,2020101204001010,RLI,43,21,10,605.00,"6,050.00"
2020-10-12,2020101204001009,RLI,43,16,10,605.00,"6,050.00"
2020-10-12,2020101204001008,RLI,43,6,10,605.00,"6,050.00"
2020-10-12,2020101204001007,RLI,43,4,10,605.00,"6,050.00"
2020-10-12,2020101204001018,RLI,43,5,10,605.00,"6,050.00"
2020-10-12,2020101204001017,RLI,43,51,10,605.00,"6,050.00"
2020-10-12,2020101204001016,RLI,43,39,10,605.00,"6,050.00"
2020-10-12,2020101204001015,RLI,43,4,10,605.00,"6,050.00"
2020-10-12,2020101204001014,RLI,43,6,10,605.00,"6,050.00"
2020-10-12,2020101204001013,RLI,43,51,10,605.00,"6,050.00"
2020-10-12,2020101204001024,RLI,43,29,10,605.00,"6,050.00"
2020-10-12,2020101204001023,RLI,43,16,10,605.00,"6,050.00"
2020-10-12,2020101204001022,RLI,43,29,10,605.00,"6,050.00"
2020-10-12,2020101204001021,RLI,38,41,10,607.00,"6,070.00"
2020-10-12,2020101204001020,RLI,43,16,10,605.00,"6,050.00"
2020-10-12,2020101204001019,RLI,43,29,10,605.00,"6,050.00"
2020-10-12,2020101204001030,RLI,1,4,10,605.00,"6,050.00"
2020-10-12,2020101204001029,RLI,1,16,10,605.00,"6,050.00"
2020-10-12,2020101204001028,RLI,38,58,10,607.00,"6,070.00"
2020-10-12,2020101204001027,RLI,43,28,10,605.00,"6,050.00"
2020-10-12,2020101204001026,RLI,43,51,10,605.00,"6,050.00"
2020-10-12,2020101204001025,RLI,43,4,10,605.00,"6,050.00"
2020-10-12,2020101204001036,RLI,34,4,10,605.00,"6,050.00"
2020-10-12,2020101204001035,RLI,34,16,10,605.00,"6,050.00"
2020-10-12,2020101204001034,RLI,34,13,10,605.00,"6,050.00"
2020-10-12,2020101204001033,RLI,34,51,10,605.00,"6,050.00"
2020-10-12,2020101204001032,RLI,34,16,10,605.00,"6,050.00"
2020-10-12,2020101204001031,RLI,34,51,10,605.00,"6,050.00"
2020-10-12,2020101204001042,RLI,34,6,10,605.00,"6,050.00"
2020-10-12,2020101204001041,RLI,34,29,10,605.00,"6,050.00"
2020-10-12,2020101204001040,RLI,34,51,10,605.00,"6,050.00"
2020-10-12,2020101204001039,RLI,34,4,10,605.00,"6,050.00"
2020-10-12,2020101204001038,RLI,34,51,10,605.00,"6,050.00"
2020-10-12,2020101204001037,RLI,34,29,10,605.00,"6,050.00"
2020-10-12,2020101204001049,RLI,34,29,10,605.00,"6,050.00"
2020-10-12,2020101204001048,RLI,34,51,10,605.00,"6,050.00"
2020-10-12,2020101204001047,RLI,34,1,10,605.00,"6,050.00"
2020-10-12,2020101204001046,RLI,34,4,10,605.00,"6,050.00"
2020-10-12,2020101204001045,RLI,34,51,10,605.00,"6,050.00"
2020-10-12,2020101204001044,RLI,34,13,10,605.00,"6,050.00"
2020-10-12,2020101204001055,RLI,58,29,10,605.00,"6,050.00"
2020-10-12,2020101204001054,RLI,45,4,10,605.00,"6,050.00"
2020-10-12,2020101204001053,RLI,34,51,10,605.00,"6,050.00"
2020-10-12,2020101204001052,RLI,34,59,10,605.00,"6,050.00"
2020-10-12,2020101204001051,RLI,32,51,10,606.00,"6,060.00"
2020-10-12,2020101204001050,RLI,32,5,10,606.00,"6,060.00"
2020-10-12,2020101204001061,RLI,58,4,10,605.00,"6,050.00"
2020-10-12,2020101204001060,RLI,58,13,10,605.00,"6,050.00"
2020-10-12,2020101204001059,RLI,58,22,10,605.00,"6,050.00"
2020-10-12,2020101204001058,RLI,58,40,10,605.00,"6,050.00"
2020-10-12,2020101204001057,RLI,58,51,10,605.00,"6,050.00"
2020-10-12,2020101204001056,RLI,58,13,10,605.00,"6,050.00"
2020-10-12,2020101204001068,RLI,26,51,10,605.00,"6,050.00"
2020-10-12,2020101204001067,RLI,19,29,10,605.00,"6,050.00"
2020-10-12,2020101204001066,RLI,19,6,10,605.00,"6,050.00"
2020-10-12,2020101204001065,RLI,58,51,10,605.00,"6,050.00"
2020-10-12,2020101204001063,RLI,58,51,10,605.00,"6,050.00"
2020-10-12,2020101204001062,RLI,58,29,10,605.00,"6,050.00"
2020-10-12,2020101204001074,RLI,26,29,10,605.00,"6,050.00"
2020-10-12,2020101204001073,RLI,26,4,10,605.00,"6,050.00"
2020-10-12,2020101204001072,RLI,26,51,10,605.00,"6,050.00"
2020-10-12,2020101204001071,RLI,26,29,10,605.00,"6,050.00"
2020-10-12,2020101204001070,RLI,26,51,10,605.00,"6,050.00"
2020-10-12,2020101204001069,RLI,26,4,10,605.00,"6,050.00"
2020-10-12,2020101204001082,RLI,42,51,10,605.00,"6,050.00"
2020-10-12,2020101204001081,RLI,42,51,10,605.00,"6,050.00"
2020-10-12,2020101204001080,RLI,42,29,10,605.00,"6,050.00"
2020-10-12,2020101204001077,RLI,26,49,10,605.00,"6,050.00"
2020-10-12,2020101204001076,RLI,26,51,10,605.00,"6,050.00"
2020-10-12,2020101204001075,RLI,26,51,10,605.00,"6,050.00"
2020-10-12,2020101204001088,RLI,42,51,10,605.00,"6,050.00"
2020-10-12,2020101204001087,RLI,42,39,10,605.00,"6,050.00"
2020-10-12,2020101204001086,RLI,42,29,10,605.00,"6,050.00"
2020-10-12,2020101204001085,RLI,42,51,10,605.00,"6,050.00"
2020-10-12,2020101204001084,RLI,42,11,10,605.00,"6,050.00"
2020-10-12,2020101204001083,RLI,42,45,10,605.00,"6,050.00"
2020-10-12,2020101204001094,RLI,8,29,10,605.00,"6,050.00"
2020-10-12,2020101204001093,RLI,8,51,10,605.00,"6,050.00"
2020-10-12,2020101204001092,RLI,8,29,10,605.00,"6,050.00"
2020-10-12,2020101204001091,RLI,8,51,10,605.00,"6,050.00"
2020-10-12,2020101204001090,RLI,8,11,10,605.00,"6,050.00"
2020-10-12,2020101204001089,RLI,42,11,10,605.00,"6,050.00"
2020-10-12,2020101204001100,RLI,1,29,10,605.00,"6,050.00"
2020-10-12,2020101204001099,RLI,1,8,10,605.00,"6,050.00"
2020-10-12,2020101204001098,RLI,1,29,10,605.00,"6,050.00"
2020-10-12,2020101204001097,RLI,1,51,10,605.00,"6,050.00"
2020-10-12,2020101204001096,RLI,1,6,10,605.00,"6,050.00"
2020-10-12,2020101204001095,RLI,1,44,10,605.00,"6,050.00"
2020-10-12,2020101204001106,RLI,1,29,10,605.00,"6,050.00"
2020-10-12,2020101204001105,RLI,1,51,10,605.00,"6,050.00"
2020-10-12,2020101204001104,RLI,1,51,10,605.00,"6,050.00"
2020-10-12,2020101204001103,RLI,1,6,10,605.00,"6,050.00"
2020-10-12,2020101204001102,RLI,1,29,10,605.00,"6,050.00"
2020-10-12,2020101204001101,RLI,1,51,10,605.00,"6,050.00"
2020-10-12,2020101204001112,RLI,8,29,10,606.00,"6,060.00"
2020-10-12,2020101204001111,RLI,8,51,10,606.00,"6,060.00"
2020-10-12,2020101204001110,RLI,8,13,10,606.00,"6,060.00"
2020-10-12,2020101204001109,RLI,8,38,10,606.00,"6,060.00"
2020-10-12,2020101204001108,RLI,8,1,10,606.00,"6,060.00"
2020-10-12,2020101204001107,RLI,8,57,10,606.00,"6,060.00"
2020-10-12,2020101204001118,RLI,1,51,10,605.00,"6,050.00"
2020-10-12,2020101204001117,RLI,8,8,10,606.00,"6,060.00"
2020-10-12,2020101204001116,RLI,59,14,10,607.00,"6,070.00"
2020-10-12,2020101204001115,RLI,8,47,10,606.00,"6,060.00"
2020-10-12,2020101204001114,RLI,8,8,10,606.00,"6,060.00"
2020-10-12,2020101204001113,RLI,8,8,10,606.00,"6,060.00"
2020-10-12,2020101204001125,RLI,1,36,10,605.00,"6,050.00"
2020-10-12,2020101204001124,RLI,1,29,10,605.00,"6,050.00"
2020-10-12,2020101204001122,RLI,1,47,10,605.00,"6,050.00"
2020-10-12,2020101204001121,RLI,1,8,10,605.00,"6,050.00"
2020-10-12,2020101204001120,RLI,1,29,10,605.00,"6,050.00"
2020-10-12,2020101204001119,RLI,1,13,10,605.00,"6,050.00"
2020-10-12,2020101204001132,RLI,38,8,10,605.00,"6,050.00"
2020-10-12,2020101204001131,RLI,38,29,10,605.00,"6,050.00"
2020-10-12,2020101204001130,RLI,38,8,10,605.00,"6,050.00"
2020-10-12,2020101204001129,RLI,38,29,10,605.00,"6,050.00"
2020-10-12,2020101204001128,RLI,38,6,10,605.00,"6,050.00"
2020-10-12,2020101204001126,RLI,1,8,10,605.00,"6,050.00"
2020-10-12,2020101204001139,RLI,38,51,10,605.00,"6,050.00"
2020-10-12,2020101204001137,RLI,38,8,10,605.00,"6,050.00"
2020-10-12,2020101204001136,RLI,38,6,10,605.00,"6,050.00"
2020-10-12,2020101204001135,RLI,38,51,10,605.00,"6,050.00"
2020-10-12,2020101204001134,RLI,38,29,10,605.00,"6,050.00"
2020-10-12,2020101204001133,RLI,38,8,10,605.00,"6,050.00"
2020-10-12,2020101204001145,RLI,32,29,10,606.00,"6,060.00"
2020-10-12,2020101204001144,RLI,38,8,10,605.00,"6,050.00"
2020-10-12,2020101204001143,RLI,38,51,10,605.00,"6,050.00"
2020-10-12,2020101204001142,RLI,38,6,10,605.00,"6,050.00"
2020-10-12,2020101204001141,RLI,38,8,10,605.00,"6,050.00"
2020-10-12,2020101204001140,RLI,38,29,10,605.00,"6,050.00"
2020-10-12,2020101204001151,RLI,38,29,10,605.00,"6,050.00"
2020-10-12,2020101204001150,RLI,41,51,10,605.00,"6,050.00"
2020-10-12,2020101204001149,RLI,32,8,10,606.00,"6,060.00"
2020-10-12,2020101204001148,RLI,32,51,10,606.00,"6,060.00"
2020-10-12,2020101204001147,RLI,32,41,10,606.00,"6,060.00"
2020-10-12,2020101204001146,RLI,32,38,10,606.00,"6,060.00"
2020-10-12,2020101204001157,RLI,32,29,10,605.00,"6,050.00"
2020-10-12,2020101204001156,RLI,32,34,10,605.00,"6,050.00"
2020-10-12,2020101204001155,RLI,32,16,10,605.00,"6,050.00"
2020-10-12,2020101204001154,RLI,32,41,10,605.00,"6,050.00"
2020-10-12,2020101204001153,RLI,32,46,10,605.00,"6,050.00"
2020-10-12,2020101204001152,RLI,38,46,90,605.00,"54,450.00"
2020-10-12,2020101204001163,RLI,32,6,10,605.00,"6,050.00"
2020-10-12,2020101204001162,RLI,32,29,10,605.00,"6,050.00"
2020-10-12,2020101204001161,RLI,18,8,10,606.00,"6,060.00"
2020-10-12,2020101204001160,RLI,18,8,10,606.00,"6,060.00"
2020-10-12,2020101204001159,RLI,18,8,10,606.00,"6,060.00"
2020-10-12,2020101204001158,RLI,32,39,10,605.00,"6,050.00"
2020-10-12,2020101204001169,RLI,32,39,10,605.00,"6,050.00"
2020-10-12,2020101204001168,RLI,32,29,10,605.00,"6,050.00"
2020-10-12,2020101204001167,RLI,32,36,10,605.00,"6,050.00"
2020-10-12,2020101204001166,RLI,32,38,10,605.00,"6,050.00"
2020-10-12,2020101204001165,RLI,32,41,10,605.00,"6,050.00"
2020-10-12,2020101204001164,RLI,32,41,10,605.00,"6,050.00"
2020-10-12,2020101204001176,RLI,32,17,10,605.00,"6,050.00"
2020-10-12,2020101204001175,RLI,32,29,10,605.00,"6,050.00"
2020-10-12,2020101204001174,RLI,32,14,10,605.00,"6,050.00"
2020-10-12,2020101204001173,RLI,32,29,10,605.00,"6,050.00"
2020-10-12,2020101204001172,RLI,18,45,10,606.00,"6,060.00"
2020-10-12,2020101204001171,RLI,18,58,10,606.00,"6,060.00"
2020-10-12,2020101204001183,RLI,32,26,10,605.00,"6,050.00"
2020-10-12,2020101204001182,RLI,32,58,10,605.00,"6,050.00"
2020-10-12,2020101204001180,RLI,32,14,10,605.00,"6,050.00"
2020-10-12,2020101204001179,RLI,32,44,10,605.00,"6,050.00"
2020-10-12,2020101204001178,RLI,32,13,10,605.00,"6,050.00"
2020-10-12,2020101204001177,RLI,32,6,10,605.00,"6,050.00"
2020-10-12,2020101204001189,RLI,43,10,10,608.00,"6,080.00"
2020-10-12,2020101204001188,RLI,25,34,10,607.00,"6,070.00"
2020-10-12,2020101204001187,RLI,25,22,10,607.00,"6,070.00"
2020-10-12,2020101204001186,RLI,25,59,10,607.00,"6,070.00"
2020-10-12,2020101204001185,RLI,42,29,10,606.00,"6,060.00"
2020-10-12,2020101204001184,RLI,42,3,10,606.00,"6,060.00"
2020-10-12,2020101204001197,RLI,32,38,10,605.00,"6,050.00"
2020-10-12,2020101204001196,RLI,42,38,10,606.00,"6,060.00"
2020-10-12,2020101204001193,RLI,42,38,10,606.00,"6,060.00"
2020-10-12,2020101204001192,RLI,42,21,10,606.00,"6,060.00"
2020-10-12,2020101204001191,RLI,25,49,10,607.00,"6,070.00"
2020-10-12,2020101204001190,RLI,43,29,10,608.00,"6,080.00"
2020-10-12,2020101204001203,RLI,43,42,10,606.00,"6,060.00"
2020-10-12,2020101204001202,RLI,43,59,10,606.00,"6,060.00"
2020-10-12,2020101204001201,RLI,41,7,10,606.00,"6,060.00"
2020-10-12,2020101204001200,RLI,32,35,10,605.00,"6,050.00"
2020-10-12,2020101204001199,RLI,32,40,10,605.00,"6,050.00"
2020-10-12,2020101204001198,RLI,32,6,10,605.00,"6,050.00"
2020-10-12,2020101204001209,RLI,43,58,10,606.00,"6,060.00"
2020-10-12,2020101204001208,RLI,43,8,10,606.00,"6,060.00"
2020-10-12,2020101204001207,RLI,43,51,10,606.00,"6,060.00"
2020-10-12,2020101204001206,RLI,43,8,10,606.00,"6,060.00"
2020-10-12,2020101204001205,RLI,43,17,10,606.00,"6,060.00"
2020-10-12,2020101204001204,RLI,43,56,10,606.00,"6,060.00"
2020-10-12,2020101204001216,RLI,43,3,10,606.00,"6,060.00"
2020-10-12,2020101204001215,RLI,43,58,10,606.00,"6,060.00"
2020-10-12,2020101204001213,RLI,43,38,10,606.00,"6,060.00"
2020-10-12,2020101204001212,RLI,43,52,10,606.00,"6,060.00"
2020-10-12,2020101204001211,RLI,43,4,10,606.00,"6,060.00"
2020-10-12,2020101204001210,RLI,43,53,10,606.00,"6,060.00"
2020-10-12,2020101204001222,RLI,43,3,10,606.00,"6,060.00"
2020-10-12,2020101204001221,RLI,43,34,10,606.00,"6,060.00"
2020-10-12,2020101204001220,RLI,43,40,10,606.00,"6,060.00"
2020-10-12,2020101204001219,RLI,43,3,10,606.00,"6,060.00"
2020-10-12,2020101204001218,RLI,43,51,10,606.00,"6,060.00"
2020-10-12,2020101204001217,RLI,38,26,10,607.00,"6,070.00"
2020-10-12,2020101204001228,RLI,39,48,10,607.00,"6,070.00"
2020-10-12,2020101204001227,RLI,39,6,10,607.00,"6,070.00"
2020-10-12,2020101204001226,RLI,39,26,90,607.00,"54,630.00"
2020-10-12,2020101204001225,RLI,32,26,200,607.00,"121,400.00"
2020-10-12,2020101204001224,RLI,43,8,10,606.00,"6,060.00"
2020-10-12,2020101204001223,RLI,43,3,10,606.00,"6,060.00"
2020-10-12,2020101204001234,RLI,39,40,10,607.00,"6,070.00"
2020-10-12,2020101204001233,RLI,39,51,10,607.00,"6,070.00"
2020-10-12,2020101204001232,RLI,39,3,10,607.00,"6,070.00"
2020-10-12,2020101204001231,RLI,39,26,10,607.00,"6,070.00"
2020-10-12,2020101204001230,RLI,39,49,10,607.00,"6,070.00"
2020-10-12,2020101204001229,RLI,39,6,10,607.00,"6,070.00"
2020-10-12,2020101204001240,RLI,39,58,10,607.00,"6,070.00"
2020-10-12,2020101204001239,RLI,39,44,30,607.00,"18,210.00"
2020-10-12,2020101204001238,RLI,39,8,10,607.00,"6,070.00"
2020-10-12,2020101204001237,RLI,39,17,10,607.00,"6,070.00"
2020-10-12,2020101204001236,RLI,39,8,10,607.00,"6,070.00"
2020-10-12,2020101204001235,RLI,39,39,10,607.00,"6,070.00"
2020-10-12,2020101204000781,SBIBD86,13,55,50,"1,015.00","50,750.00"
2020-10-12,2020101204000856,SEF,43,43,200,9.19,"1,838.00"
2020-10-12,2020101204000806,SEF,43,45,200,9.19,"1,838.00"
2020-10-12,2020101204000395,BBC,18,32,12,"1,699.00","20,388.00"
2020-10-12,2020101204000700,CMF1,43,17,500,9.53,"4,765.00"
2020-10-12,2020101204000543,GIMES1,45,57,"5,000",9.80,"49,000.00"
2020-10-12,2020101204000435,LEMF,45,45,"3,000",9.00,"27,000.00"
2020-10-12,2020101204000434,LEMF,45,45,"1,000",9.00,"9,000.00"
2020-10-12,2020101204000718,LUK,7,58,600,8.71,"5,226.00"
2020-10-12,2020101204000682,LUK,7,58,100,8.72,872.00
2020-10-12,2020101204000681,LUK,7,32,100,8.71,871.00
2020-10-12,2020101204000676,LUK,7,48,500,8.70,"4,350.00"
2020-10-12,2020101204000565,LUK,34,18,100,8.70,870.00
2020-10-12,2020101204000428,LUK,34,3,500,8.70,"4,350.00"
2020-10-12,2020101204000613,NBF2,16,49,100,8.90,890.00
2020-10-12,2020101204000561,NEF,34,57,"2,414",8.87,"21,412.18"
2020-10-12,2020101204000347,NEF,47,8,605,8.70,"5,263.50"
2020-10-12,2020101204000276,NEF,47,45,338,8.70,"2,940.60"
2020-10-12,2020101204000640,NIBLPF,8,58,"1,263",8.87,"11,202.81"
2020-10-12,2020101204000632,NIBLPF,8,58,758,8.87,"6,723.46"
2020-10-12,2020101204000627,NIBSF1,45,14,"10,000",9.82,"98,200.00"
2020-10-12,2020101204000617,NIBSF1,45,43,"5,000",9.81,"49,050.00"
2020-10-12,2020101204000483,NIBSF1,8,3,"1,000",9.66,"9,660.00"
2020-10-12,2020101204000384,NIBSF1,7,34,"5,000",9.67,"48,350.00"
2020-10-12,2020101204000380,NIBSF1,7,34,"5,000",9.67,"48,350.00"
2020-10-12,2020101204000577,NICBF,34,49,500,9.15,"4,575.00"
2020-10-12,2020101204000739,NICGF,45,45,500,9.40,"4,700.00"
2020-10-12,2020101204000656,NICGF,45,41,900,9.40,"8,460.00"
2020-10-12,2020101204000655,NICGF,42,41,100,9.60,960.00
2020-10-12,2020101204000587,NICGF,14,14,"2,000",9.59,"19,180.00"
2020-10-12,2020101204000586,NICGF,14,26,100,9.57,957.00
2020-10-12,2020101204000741,NMB50,49,45,950,9.13,"8,673.50"
2020-10-12,2020101204000611,NMB50,16,50,700,9.15,"6,405.00"
2020-10-12,2020101204000429,NMB50,16,51,"2,000",9.12,"18,240.00"
2020-10-12,2020101204000396,NMB50,17,45,"1,050",9.15,"9,607.50"
2020-10-12,2020101204000579,NMBHF1,45,57,"4,061",9.35,"37,970.35"
2020-10-12,2020101204000578,NMBHF1,45,57,322,9.34,"3,007.48"
2020-10-12,2020101204000566,NMBHF1,45,57,"3,839",9.34,"35,856.26"
2020-10-12,2020101204000540,NMBHF1,21,57,100,9.35,935.00
2020-10-12,2020101204000531,RBCLPO,37,28,10,"10,150.00","101,500.00"
2020-10-12,2020101204000530,RBCLPO,32,28,10,"10,180.00","101,800.00"
2020-10-12,2020101204000474,RBCLPO,32,57,30,"10,200.00","306,000.00"
2020-10-12,2020101204000406,RBCLPO,59,59,80,"10,200.00","816,000.00"
2020-10-12,2020101204000746,RLI,52,58,10,605.00,"6,050.00"
2020-10-12,2020101204000745,RLI,52,4,10,605.00,"6,050.00"
2020-10-12,2020101204000744,RLI,52,4,10,605.00,"6,050.00"
2020-10-12,2020101204000743,RLI,52,21,10,605.00,"6,050.00"
2020-10-12,2020101204000742,RLI,52,4,10,605.00,"6,050.00"
2020-10-12,2020101204000740,RLI,52,4,10,605.00,"6,050.00"
2020-10-12,2020101204000250,RLI,45,21,10,604.00,"6,040.00"
2020-10-12,2020101204000249,RLI,1,17,10,603.00,"6,030.00"
2020-10-12,2020101204000248,RLI,43,21,10,604.00,"6,040.00"
2020-10-12,2020101204000247,RLI,43,38,10,604.00,"6,040.00"
2020-10-12,2020101204000256,RLI,45,21,10,604.00,"6,040.00"
2020-10-12,2020101204000255,RLI,45,42,10,604.00,"6,040.00"
2020-10-12,2020101204000254,RLI,45,21,10,604.00,"6,040.00"
2020-10-12,2020101204000253,RLI,45,49,10,604.00,"6,040.00"
2020-10-12,2020101204000252,RLI,45,38,10,604.00,"6,040.00"
2020-10-12,2020101204000251,RLI,45,25,10,604.00,"6,040.00"
2020-10-12,2020101204000262,RLI,45,13,10,604.00,"6,040.00"
2020-10-12,2020101204000261,RLI,45,21,10,604.00,"6,040.00"
2020-10-12,2020101204000260,RLI,45,21,10,604.00,"6,040.00"
2020-10-12,2020101204000259,RLI,45,56,10,604.00,"6,040.00"
2020-10-12,2020101204000258,RLI,45,16,10,604.00,"6,040.00"
2020-10-12,2020101204000257,RLI,45,34,10,604.00,"6,040.00"
2020-10-12,2020101204000268,RLI,1,47,10,603.00,"6,030.00"
2020-10-12,2020101204000267,RLI,1,21,10,603.00,"6,030.00"
2020-10-12,2020101204000266,RLI,1,21,10,603.00,"6,030.00"
2020-10-12,2020101204000265,RLI,43,57,10,604.00,"6,040.00"
2020-10-12,2020101204000264,RLI,43,58,10,604.00,"6,040.00"
2020-10-12,2020101204000263,RLI,45,47,10,604.00,"6,040.00"
2020-10-12,2020101204000274,RLI,34,56,10,603.00,"6,030.00"
2020-10-12,2020101204000273,RLI,1,49,10,603.00,"6,030.00"
2020-10-12,2020101204000272,RLI,1,21,10,603.00,"6,030.00"
2020-10-12,2020101204000271,RLI,1,29,10,603.00,"6,030.00"
2020-10-12,2020101204000270,RLI,1,49,10,603.00,"6,030.00"
2020-10-12,2020101204000269,RLI,1,21,10,603.00,"6,030.00"
2020-10-12,2020101204000281,RLI,34,21,10,603.00,"6,030.00"
2020-10-12,2020101204000280,RLI,34,21,10,603.00,"6,030.00"
2020-10-12,2020101204000279,RLI,34,47,10,603.00,"6,030.00"
2020-10-12,2020101204000278,RLI,34,21,10,603.00,"6,030.00"
2020-10-12,2020101204000277,RLI,34,8,10,603.00,"6,030.00"
2020-10-12,2020101204000275,RLI,34,21,10,603.00,"6,030.00"
2020-10-12,2020101204000287,RLI,34,45,10,603.00,"6,030.00"
2020-10-12,2020101204000286,RLI,34,21,10,603.00,"6,030.00"
2020-10-12,2020101204000285,RLI,34,21,10,603.00,"6,030.00"
2020-10-12,2020101204000284,RLI,34,42,10,603.00,"6,030.00"
2020-10-12,2020101204000283,RLI,34,50,10,603.00,"6,030.00"
2020-10-12,2020101204000282,RLI,34,10,10,603.00,"6,030.00"
2020-10-12,2020101204000293,RLI,34,1,10,603.00,"6,030.00"
2020-10-12,2020101204000292,RLI,34,42,10,603.00,"6,030.00"
2020-10-12,2020101204000291,RLI,34,16,10,603.00,"6,030.00"
2020-10-12,2020101204000290,RLI,34,21,10,603.00,"6,030.00"
2020-10-12,2020101204000289,RLI,34,47,10,603.00,"6,030.00"
2020-10-12,2020101204000288,RLI,34,21,10,603.00,"6,030.00"
2020-10-12,2020101204000299,RLI,34,47,10,603.00,"6,030.00"
2020-10-12,2020101204000298,RLI,34,42,10,603.00,"6,030.00"
2020-10-12,2020101204000297,RLI,25,42,10,603.00,"6,030.00"
2020-10-12,2020101204000296,RLI,25,50,10,603.00,"6,030.00"
2020-10-12,2020101204000295,RLI,25,42,10,603.00,"6,030.00"
2020-10-12,2020101204000294,RLI,34,58,10,603.00,"6,030.00"
2020-10-12,2020101204000305,RLI,50,42,10,603.00,"6,030.00"
2020-10-12,2020101204000304,RLI,17,25,10,604.00,"6,040.00"
2020-10-12,2020101204000303,RLI,25,42,10,603.00,"6,030.00"
2020-10-12,2020101204000302,RLI,25,38,10,603.00,"6,030.00"
2020-10-12,2020101204000301,RLI,25,16,10,603.00,"6,030.00"
2020-10-12,2020101204000300,RLI,34,56,10,603.00,"6,030.00"
2020-10-12,2020101204000311,RLI,34,57,10,604.00,"6,040.00"
2020-10-12,2020101204000310,RLI,3,47,10,603.00,"6,030.00"
2020-10-12,2020101204000309,RLI,3,42,10,603.00,"6,030.00"
2020-10-12,2020101204000308,RLI,3,36,10,603.00,"6,030.00"
2020-10-12,2020101204000307,RLI,3,16,10,603.00,"6,030.00"
2020-10-12,2020101204000306,RLI,50,56,10,603.00,"6,030.00"
2020-10-12,2020101204000317,RLI,34,16,10,605.00,"6,050.00"
2020-10-12,2020101204000316,RLI,34,58,10,605.00,"6,050.00"
2020-10-12,2020101204000315,RLI,34,47,10,605.00,"6,050.00"
2020-10-12,2020101204000314,RLI,34,45,10,605.00,"6,050.00"
2020-10-12,2020101204000313,RLI,34,57,10,604.00,"6,040.00"
2020-10-12,2020101204000312,RLI,34,57,10,604.00,"6,040.00"
2020-10-12,2020101204000323,RLI,3,56,10,603.00,"6,030.00"
2020-10-12,2020101204000322,RLI,3,42,10,603.00,"6,030.00"
2020-10-12,2020101204000321,RLI,3,56,10,603.00,"6,030.00"
2020-10-12,2020101204000320,RLI,34,45,10,605.00,"6,050.00"
2020-10-12,2020101204000319,RLI,34,55,10,605.00,"6,050.00"
2020-10-12,2020101204000318,RLI,34,6,10,605.00,"6,050.00"
2020-10-12,2020101204000329,RLI,38,42,10,603.00,"6,030.00"
2020-10-12,2020101204000328,RLI,38,41,10,603.00,"6,030.00"
2020-10-12,2020101204000327,RLI,38,42,10,603.00,"6,030.00"
2020-10-12,2020101204000326,RLI,3,56,10,603.00,"6,030.00"
2020-10-12,2020101204000325,RLI,3,19,10,603.00,"6,030.00"
2020-10-12,2020101204000324,RLI,3,42,10,603.00,"6,030.00"
2020-10-12,2020101204000335,RLI,49,54,10,605.00,"6,050.00"
2020-10-12,2020101204000334,RLI,49,59,10,605.00,"6,050.00"
2020-10-12,2020101204000333,RLI,42,41,10,603.00,"6,030.00"
2020-10-12,2020101204000332,RLI,42,42,10,603.00,"6,030.00"
2020-10-12,2020101204000331,RLI,38,56,10,603.00,"6,030.00"
2020-10-12,2020101204000330,RLI,38,6,10,603.00,"6,030.00"
2020-10-12,2020101204000341,RLI,44,38,10,604.00,"6,040.00"
2020-10-12,2020101204000340,RLI,44,41,10,604.00,"6,040.00"
2020-10-12,2020101204000339,RLI,42,42,10,603.00,"6,030.00"
2020-10-12,2020101204000338,RLI,42,21,10,603.00,"6,030.00"
2020-10-12,2020101204000337,RLI,42,41,10,603.00,"6,030.00"
2020-10-12,2020101204000336,RLI,42,13,10,603.00,"6,030.00"
2020-10-12,2020101204000348,RLI,42,42,10,603.00,"6,030.00"
2020-10-12,2020101204000346,RLI,44,28,10,604.00,"6,040.00"
2020-10-12,2020101204000345,RLI,44,38,10,604.00,"6,040.00"
2020-10-12,2020101204000344,RLI,44,14,10,604.00,"6,040.00"
2020-10-12,2020101204000343,RLI,44,41,10,604.00,"6,040.00"
2020-10-12,2020101204000342,RLI,44,42,10,604.00,"6,040.00"
2020-10-12,2020101204000354,RLI,42,42,10,603.00,"6,030.00"
2020-10-12,2020101204000353,RLI,42,41,10,603.00,"6,030.00"
2020-10-12,2020101204000352,RLI,42,42,10,603.00,"6,030.00"
2020-10-12,2020101204000351,RLI,42,42,10,603.00,"6,030.00"
2020-10-12,2020101204000350,RLI,55,13,10,604.00,"6,040.00"
2020-10-12,2020101204000349,RLI,55,16,10,604.00,"6,040.00"
2020-10-12,2020101204000360,RLI,42,4,10,603.00,"6,030.00"
2020-10-12,2020101204000359,RLI,51,14,10,604.00,"6,040.00"
2020-10-12,2020101204000358,RLI,29,14,10,604.00,"6,040.00"
2020-10-12,2020101204000357,RLI,42,42,10,603.00,"6,030.00"
2020-10-12,2020101204000356,RLI,42,42,10,603.00,"6,030.00"
2020-10-12,2020101204000355,RLI,42,26,10,603.00,"6,030.00"
2020-10-12,2020101204000366,RLI,45,17,10,603.00,"6,030.00"
2020-10-12,2020101204000365,RLI,45,42,10,603.00,"6,030.00"
2020-10-12,2020101204000364,RLI,45,59,10,603.00,"6,030.00"
2020-10-12,2020101204000363,RLI,45,42,10,603.00,"6,030.00"
2020-10-12,2020101204000362,RLI,45,42,10,603.00,"6,030.00"
2020-10-12,2020101204000361,RLI,45,56,10,603.00,"6,030.00"
2020-10-12,2020101204000372,RLI,55,26,10,604.00,"6,040.00"
2020-10-12,2020101204000371,RLI,55,43,10,604.00,"6,040.00"
2020-10-12,2020101204000370,RLI,45,28,10,603.00,"6,030.00"
2020-10-12,2020101204000369,RLI,45,42,10,603.00,"6,030.00"
2020-10-12,2020101204000368,RLI,45,21,10,603.00,"6,030.00"
2020-10-12,2020101204000367,RLI,51,14,10,604.00,"6,040.00"
2020-10-12,2020101204000378,RLI,58,43,10,604.00,"6,040.00"
2020-10-12,2020101204000377,RLI,48,35,10,603.00,"6,030.00"
2020-10-12,2020101204000376,RLI,48,42,10,603.00,"6,030.00"
2020-10-12,2020101204000375,RLI,48,38,10,603.00,"6,030.00"
2020-10-12,2020101204000374,RLI,48,14,10,603.00,"6,030.00"
2020-10-12,2020101204000373,RLI,45,42,10,603.00,"6,030.00"
2020-10-12,2020101204000386,RLI,48,42,10,603.00,"6,030.00"
2020-10-12,2020101204000385,RLI,48,14,10,603.00,"6,030.00"
2020-10-12,2020101204000383,RLI,48,42,10,603.00,"6,030.00"
2020-10-12,2020101204000382,RLI,48,42,10,603.00,"6,030.00"
2020-10-12,2020101204000381,RLI,48,28,10,603.00,"6,030.00"
2020-10-12,2020101204000379,RLI,48,16,10,603.00,"6,030.00"
2020-10-12,2020101204000392,RLI,51,49,10,604.00,"6,040.00"
2020-10-12,2020101204000391,RLI,34,32,10,603.00,"6,030.00"
2020-10-12,2020101204000390,RLI,34,42,10,603.00,"6,030.00"
2020-10-12,2020101204000389,RLI,34,38,10,603.00,"6,030.00"
2020-10-12,2020101204000388,RLI,32,42,10,603.00,"6,030.00"
2020-10-12,2020101204000387,RLI,32,17,10,603.00,"6,030.00"
2020-10-12,2020101204000400,RLI,34,17,10,603.00,"6,030.00"
2020-10-12,2020101204000399,RLI,34,29,10,603.00,"6,030.00"
2020-10-12,2020101204000398,RLI,14,14,10,604.00,"6,040.00"
2020-10-12,2020101204000397,RLI,14,45,10,604.00,"6,040.00"
2020-10-12,2020101204000394,RLI,34,42,10,603.00,"6,030.00"
