Date,Transact. No.,Symbol,Buyer,Seller,Quantity,Rate,Amount
2019-03-11,2019031101006715,ADBL,58,43,100,298.00,"29,800.00"
2019-03-11,2019031101006714,ADBL,58,51,20,297.00,"5,940.00"
2019-03-11,2019031101006577,ADBL,53,51,480,297.00,"142,560.00"
2019-03-11,2019031101006551,ADBL,53,32,20,297.00,"5,940.00"
2019-03-11,2019031101006550,ADBL,58,32,30,297.00,"8,910.00"
2019-03-11,2019031101006312,AHPC,37,47,200,103.00,"20,600.00"
2019-03-11,2019031101006298,AHPC,55,47,100,103.00,"10,300.00"
2019-03-11,2019031101006277,AHPC,55,40,900,103.00,"92,700.00"
2019-03-11,2019031101006276,AHPC,4,40,100,103.00,"10,300.00"
2019-03-11,2019031101006393,AKJCL,42,54,20,81.00,"1,620.00"
2019-03-11,2019031101006405,AMFI,44,47,10,650.00,"6,500.00"
2019-03-11,2019031101006744,API,25,43,49,136.00,"6,664.00"
2019-03-11,2019031101006724,API,25,57,200,134.00,"26,800.00"
2019-03-11,2019031101006723,API,25,59,100,134.00,"13,400.00"
2019-03-11,2019031101006722,API,25,29,100,134.00,"13,400.00"
2019-03-11,2019031101006721,API,25,39,100,134.00,"13,400.00"
2019-03-11,2019031101006640,API,25,39,250,134.00,"33,500.00"
2019-03-11,2019031101006546,BARUN,14,39,100,93.00,"9,300.00"
2019-03-11,2019031101006545,BARUN,58,39,100,94.00,"9,400.00"
2019-03-11,2019031101006627,BOKL,16,38,300,251.00,"75,300.00"
2019-03-11,2019031101006626,BOKL,16,45,18,251.00,"4,518.00"
2019-03-11,2019031101006625,BOKL,16,45,45,251.00,"11,295.00"
2019-03-11,2019031101006581,BOKL,7,49,50,250.00,"12,500.00"
2019-03-11,2019031101006565,BOKL,1,49,50,250.00,"12,500.00"
2019-03-11,2019031101006384,BOKL,50,54,130,250.00,"32,500.00"
2019-03-11,2019031101006383,BOKL,50,19,500,250.00,"125,000.00"
2019-03-11,2019031101006382,BOKL,50,49,100,250.00,"25,000.00"
2019-03-11,2019031101006381,BOKL,50,47,13,250.00,"3,250.00"
2019-03-11,2019031101006380,BOKL,50,29,101,250.00,"25,250.00"
2019-03-11,2019031101006411,BPCL,26,32,30,360.00,"10,800.00"
2019-03-11,2019031101006261,BPCL,44,32,33,360.00,"11,880.00"
2019-03-11,2019031101006260,BPCL,44,21,10,360.00,"3,600.00"
2019-03-11,2019031101006259,BPCL,44,49,107,360.00,"38,520.00"
2019-03-11,2019031101006258,BPCL,44,39,500,359.00,"179,500.00"
2019-03-11,2019031101006257,BPCL,44,3,100,359.00,"35,900.00"
2019-03-11,2019031101006256,BPCL,44,47,300,359.00,"107,700.00"
2019-03-11,2019031101006255,BPCL,44,26,30,358.00,"10,740.00"
2019-03-11,2019031101006554,CBBL,10,6,405,897.00,"363,285.00"
2019-03-11,2019031101006473,CBBL,58,6,20,897.00,"17,940.00"
2019-03-11,2019031101006469,CBBL,21,6,75,897.00,"67,275.00"
2019-03-11,2019031101006340,CBBL,54,50,10,894.00,"8,940.00"
2019-03-11,2019031101006339,CBBL,54,44,102,894.00,"91,188.00"
2019-03-11,2019031101006468,CBBL,21,38,25,897.00,"22,425.00"
2019-03-11,2019031101006362,CBBL,54,40,140,895.00,"125,300.00"
2019-03-11,2019031101006342,CBBL,54,34,70,895.00,"62,650.00"
2019-03-11,2019031101006341,CBBL,54,6,50,894.00,"44,700.00"
2019-03-11,2019031101006299,CBL,58,37,50,156.00,"7,800.00"
2019-03-11,2019031101006289,CEFL,19,56,187,96.00,"17,952.00"
2019-03-11,2019031101006400,CFCL,1,49,339,105.00,"35,595.00"
2019-03-11,2019031101006399,CFCL,51,49,500,105.00,"52,500.00"
2019-03-11,2019031101006398,CFCL,49,49,64,105.00,"6,720.00"
2019-03-11,2019031101006397,CFCL,42,49,100,106.00,"10,600.00"
2019-03-11,2019031101006357,CFCL,59,28,10,107.00,"1,070.00"
2019-03-11,2019031101006338,CHCL,58,16,30,518.00,"15,540.00"
2019-03-11,2019031101006337,CHCL,58,16,20,517.00,"10,340.00"
2019-03-11,2019031101006613,CHLBS,45,41,60,571.00,"34,260.00"
2019-03-11,2019031101006549,CHLBS,16,57,90,574.00,"51,660.00"
2019-03-11,2019031101006548,CHLBS,16,58,10,574.00,"5,740.00"
2019-03-11,2019031101006530,CHLBS,45,21,10,571.00,"5,710.00"
2019-03-11,2019031101006426,CHLBS,7,35,500,572.00,"286,000.00"
2019-03-11,2019031101006313,CHLBS,45,58,10,571.00,"5,710.00"
2019-03-11,2019031101006283,CHLBS,45,41,10,570.00,"5,700.00"
2019-03-11,2019031101006282,CHLBS,45,41,10,570.00,"5,700.00"
2019-03-11,2019031101006281,CHLBS,45,44,10,570.00,"5,700.00"
2019-03-11,2019031101006307,CHLBS,45,50,30,571.00,"17,130.00"
2019-03-11,2019031101006302,CHLBS,45,58,10,571.00,"5,710.00"
2019-03-11,2019031101006287,CHLBS,45,16,80,571.00,"45,680.00"
2019-03-11,2019031101006286,CHLBS,45,21,10,571.00,"5,710.00"
2019-03-11,2019031101006285,CHLBS,45,41,110,571.00,"62,810.00"
2019-03-11,2019031101006284,CHLBS,45,41,10,570.00,"5,700.00"
2019-03-11,2019031101006555,CIT,32,13,15,"2,618.00","39,270.00"
2019-03-11,2019031101006360,CIT,32,22,82,"2,618.00","214,676.00"
2019-03-11,2019031101006348,CIT,32,22,18,"2,618.00","47,124.00"
2019-03-11,2019031101006347,CIT,32,8,12,"2,618.00","31,416.00"
2019-03-11,2019031101006346,CIT,32,38,70,"2,617.00","183,190.00"
2019-03-11,2019031101006543,CLBSL,44,56,10,616.00,"6,160.00"
2019-03-11,2019031101006452,CZBIL,11,45,170,214.00,"36,380.00"
2019-03-11,2019031101006451,CZBIL,11,13,30,213.00,"6,390.00"
2019-03-11,2019031101006436,CZBIL,29,13,50,213.00,"10,650.00"
2019-03-11,2019031101006305,CZBIL,29,28,100,213.00,"21,300.00"
2019-03-11,2019031101006290,CZBIL,29,45,120,214.00,"25,680.00"
2019-03-11,2019031101006274,CZBIL,29,16,50,213.00,"10,650.00"
2019-03-11,2019031101006688,DBBL,49,53,100,125.00,"12,500.00"
2019-03-11,2019031101006589,DBBL,49,34,14,125.00,"1,750.00"
2019-03-11,2019031101006586,DBBL,32,53,18,126.00,"2,268.00"
2019-03-11,2019031101006560,DBBL,49,46,174,125.00,"21,750.00"
2019-03-11,2019031101006559,DBBL,49,58,500,125.00,"62,500.00"
2019-03-11,2019031101006558,DBBL,49,58,700,125.00,"87,500.00"
2019-03-11,2019031101006557,DBBL,49,32,800,125.00,"100,000.00"
2019-03-11,2019031101006506,DBBL,52,32,200,125.00,"25,000.00"
2019-03-11,2019031101006505,DBBL,52,42,100,125.00,"12,500.00"
2019-03-11,2019031101006685,DDBL,34,19,10,602.00,"6,020.00"
2019-03-11,2019031101006591,DDBL,28,19,100,602.00,"60,200.00"
2019-03-11,2019031101006297,DDBL,42,16,10,596.00,"5,960.00"
2019-03-11,2019031101006750,EBL,44,22,183,525.00,"96,075.00"
2019-03-11,2019031101006749,EBL,36,22,317,525.00,"166,425.00"
2019-03-11,2019031101006719,EBL,14,6,430,526.00,"226,180.00"
2019-03-11,2019031101006541,EBL,13,6,180,526.00,"94,680.00"
2019-03-11,2019031101006417,EBL,52,22,20,527.00,"10,540.00"
2019-03-11,2019031101006618,EBL,36,22,183,525.00,"96,075.00"
2019-03-11,2019031101006617,EBL,56,22,20,525.00,"10,500.00"
2019-03-11,2019031101006616,EBL,14,22,500,525.00,"262,500.00"
2019-03-11,2019031101006615,EBL,56,22,200,525.00,"105,000.00"
2019-03-11,2019031101006614,EBL,34,22,52,525.00,"27,300.00"
2019-03-11,2019031101006392,EDBL,25,34,400,286.00,"114,400.00"
2019-03-11,2019031101006391,EDBL,25,56,500,286.00,"143,000.00"
2019-03-11,2019031101006390,EDBL,25,6,50,286.00,"14,300.00"
2019-03-11,2019031101006389,EDBL,25,56,306,285.00,"87,210.00"
2019-03-11,2019031101006296,EIC,19,29,25,820.00,"20,500.00"
2019-03-11,2019031101006676,FMDBL,45,33,108,380.00,"41,040.00"
2019-03-11,2019031101006675,FMDBL,49,33,92,382.00,"35,144.00"
2019-03-11,2019031101006661,FMDBL,49,50,58,382.00,"22,156.00"
2019-03-11,2019031101006660,FMDBL,49,6,100,382.00,"38,200.00"
2019-03-11,2019031101006659,FMDBL,49,53,50,381.00,"19,050.00"
2019-03-11,2019031101006658,FMDBL,49,42,100,381.00,"38,100.00"
2019-03-11,2019031101006442,FMDBL,45,42,50,380.00,"19,000.00"
2019-03-11,2019031101006388,FMDBL,45,51,142,380.00,"53,960.00"
2019-03-11,2019031101006387,FMDBL,45,51,158,380.00,"60,040.00"
2019-03-11,2019031101006679,GBBL,34,47,425,185.00,"78,625.00"
2019-03-11,2019031101006678,GBBL,5,47,75,186.00,"13,950.00"
2019-03-11,2019031101006311,GBBL,5,38,225,186.00,"41,850.00"
2019-03-11,2019031101006423,GBLBS,26,26,10,452.00,"4,520.00"
2019-03-11,2019031101006683,GDBL,49,58,884,182.00,"160,888.00"
2019-03-11,2019031101006612,GDBL,48,58,"2,000",182.00,"364,000.00"
2019-03-11,2019031101006349,GDBL,58,8,315,181.00,"57,015.00"
2019-03-11,2019031101006350,GDBL,58,34,30,181.00,"5,430.00"
2019-03-11,2019031101006315,GFCL,38,10,158,114.00,"18,012.00"
2019-03-11,2019031101006624,GILB,34,37,16,"1,093.00","17,488.00"
2019-03-11,2019031101006623,GILB,22,37,32,"1,094.00","35,008.00"
2019-03-11,2019031101006622,GILB,34,37,12,"1,095.00","13,140.00"
2019-03-11,2019031101006396,GILB,55,57,19,"1,096.00","20,824.00"
2019-03-11,2019031101006499,GLICL,36,44,49,738.00,"36,162.00"
2019-03-11,2019031101006498,GLICL,45,44,30,738.00,"22,140.00"
2019-03-11,2019031101006497,GLICL,41,44,100,738.00,"73,800.00"
2019-03-11,2019031101006496,GLICL,41,44,50,739.00,"36,950.00"
2019-03-11,2019031101006495,GLICL,57,44,39,739.00,"28,821.00"
2019-03-11,2019031101006494,GLICL,51,44,32,740.00,"23,680.00"
2019-03-11,2019031101006470,GLICL,36,50,50,741.00,"37,050.00"
2019-03-11,2019031101006542,GUFL,34,45,100,110.00,"11,000.00"
2019-03-11,2019031101006467,HBL,41,59,75,437.00,"32,775.00"
2019-03-11,2019031101006466,HBL,13,59,50,438.00,"21,900.00"
2019-03-11,2019031101006751,HGI,34,7,100,390.00,"39,000.00"
2019-03-11,2019031101006732,HGI,29,11,30,387.00,"11,610.00"
2019-03-11,2019031101006731,HGI,53,11,100,387.00,"38,700.00"
2019-03-11,2019031101006730,HGI,42,11,70,388.00,"27,160.00"
2019-03-11,2019031101006580,HGI,42,32,30,388.00,"11,640.00"
2019-03-11,2019031101006404,ICFC,45,13,200,151.00,"30,200.00"
2019-03-11,2019031101006294,ICFC,7,13,250,151.00,"37,750.00"
2019-03-11,2019031101006648,IGI,19,13,10,423.00,"4,230.00"
2019-03-11,2019031101006741,JBNL,57,17,450,173.00,"77,850.00"
2019-03-11,2019031101006740,JBNL,57,59,50,173.00,"8,650.00"
2019-03-11,2019031101006718,JBNL,32,59,40,173.00,"6,920.00"
2019-03-11,2019031101006717,JBNL,32,32,110,173.00,"19,030.00"
2019-03-11,2019031101006687,JBNL,32,33,100,172.00,"17,200.00"
2019-03-11,2019031101006686,JBNL,32,58,50,172.00,"8,600.00"
2019-03-11,2019031101006526,JBNL,7,58,200,172.00,"34,400.00"
2019-03-11,2019031101006450,JBNL,45,41,62,171.00,"10,602.00"
2019-03-11,2019031101006489,JFL,58,3,"1,000",164.00,"164,000.00"
2019-03-11,2019031101006488,JFL,58,52,25,164.00,"4,100.00"
2019-03-11,2019031101006407,JSLBB,48,25,14,"2,445.00","34,230.00"
2019-03-11,2019031101006406,JSLBB,48,42,10,"2,440.00","24,400.00"
2019-03-11,2019031101006359,KBBL,17,36,70,210.00,"14,700.00"
2019-03-11,2019031101006358,KBBL,17,39,30,210.00,"6,300.00"
2019-03-11,2019031101006402,KBL,49,45,20,238.00,"4,760.00"
2019-03-11,2019031101006401,KBL,49,53,180,238.00,"42,840.00"
2019-03-11,2019031101006628,KMFL,49,57,55,885.00,"48,675.00"
2019-03-11,2019031101006556,KSBBL,46,40,218,138.00,"30,084.00"
2019-03-11,2019031101006639,LBL,32,46,10,196.00,"1,960.00"
2019-03-11,2019031101006563,LBL,34,33,149,195.00,"29,055.00"
2019-03-11,2019031101006529,LBL,29,33,320,195.00,"62,400.00"
2019-03-11,2019031101006482,LBL,29,37,200,195.00,"39,000.00"
2019-03-11,2019031101006481,LBL,29,17,480,195.00,"93,600.00"
2019-03-11,2019031101006377,LBL,48,25,800,194.00,"155,200.00"
2019-03-11,2019031101006376,LBL,37,25,200,194.00,"38,800.00"
2019-03-11,2019031101006588,MDB,57,37,400,225.00,"90,000.00"
2019-03-11,2019031101006587,MDB,1,37,500,226.00,"113,000.00"
2019-03-11,2019031101006553,MEGA,7,48,200,166.00,"33,200.00"
2019-03-11,2019031101006522,MEGA,5,5,109,165.00,"17,985.00"
2019-03-11,2019031101006521,MEGA,5,16,500,165.00,"82,500.00"
2019-03-11,2019031101006520,MEGA,5,57,20,165.00,"3,300.00"
2019-03-11,2019031101006519,MEGA,5,57,200,165.00,"33,000.00"
2019-03-11,2019031101006518,MEGA,5,41,"1,000",165.00,"165,000.00"
2019-03-11,2019031101006511,MEGA,5,19,500,165.00,"82,500.00"
2019-03-11,2019031101006465,MEGA,42,41,34,164.00,"5,576.00"
2019-03-11,2019031101006263,MEGA,42,47,129,164.00,"21,156.00"
2019-03-11,2019031101006517,MEGA,5,43,109,165.00,"17,985.00"
2019-03-11,2019031101006516,MEGA,5,14,17,165.00,"2,805.00"
2019-03-11,2019031101006515,MEGA,5,14,17,165.00,"2,805.00"
2019-03-11,2019031101006514,MEGA,5,1,"1,002",165.00,"165,330.00"
2019-03-11,2019031101006513,MEGA,5,53,50,165.00,"8,250.00"
2019-03-11,2019031101006512,MEGA,5,21,200,165.00,"33,000.00"
2019-03-11,2019031101006746,MERO,25,39,41,604.00,"24,764.00"
2019-03-11,2019031101006745,MERO,42,39,70,605.00,"42,350.00"
2019-03-11,2019031101006527,MERO,36,47,16,604.00,"9,664.00"
2019-03-11,2019031101006710,MLBL,33,22,100,167.00,"16,700.00"
2019-03-11,2019031101006709,MMFDB,22,33,40,964.00,"38,560.00"
2019-03-11,2019031101006445,MMFDB,49,33,10,964.00,"9,640.00"
2019-03-11,2019031101006416,MNBBL,8,34,14,347.00,"4,858.00"
2019-03-11,2019031101006460,MSLB,28,41,10,"1,365.00","13,650.00"
2019-03-11,2019031101006459,MSLB,28,22,12,"1,330.00","15,960.00"
2019-03-11,2019031101006629,MSMBS,46,58,100,538.00,"53,800.00"
2019-03-11,2019031101006641,NABIL,5,13,100,696.00,"69,600.00"
2019-03-11,2019031101006583,NABIL,58,5,20,699.00,"13,980.00"
2019-03-11,2019031101006638,NABILP,13,34,200,661.00,"132,200.00"
2019-03-11,2019031101006637,NABILP,48,34,"1,000",661.00,"661,000.00"
2019-03-11,2019031101006271,NABILP,37,34,145,664.00,"96,280.00"
2019-03-11,2019031101006447,NABILP,45,50,100,661.00,"66,100.00"
2019-03-11,2019031101006446,NABILP,37,50,100,661.00,"66,100.00"
2019-03-11,2019031101006300,NABILP,14,34,100,664.00,"66,400.00"
2019-03-11,2019031101006636,NABILP,1,34,200,661.00,"132,200.00"
2019-03-11,2019031101006353,NADEP,50,47,10,684.00,"6,840.00"
2019-03-11,2019031101006318,NBB,42,43,250,193.00,"48,250.00"
2019-03-11,2019031101006317,NBB,42,38,200,193.00,"38,600.00"
2019-03-11,2019031101006316,NBB,42,22,861,192.00,"165,312.00"
2019-03-11,2019031101006314,NBB,34,22,50,192.00,"9,600.00"
2019-03-11,2019031101006324,NBB,42,53,200,194.00,"38,800.00"
2019-03-11,2019031101006323,NBB,42,33,350,194.00,"67,900.00"
2019-03-11,2019031101006322,NBB,42,35,107,194.00,"20,758.00"
2019-03-11,2019031101006321,NBB,42,54,100,194.00,"19,400.00"
2019-03-11,2019031101006320,NBB,42,21,100,194.00,"19,400.00"
2019-03-11,2019031101006319,NBB,42,11,300,193.00,"57,900.00"
2019-03-11,2019031101006330,NBB,42,17,200,195.00,"39,000.00"
2019-03-11,2019031101006329,NBB,42,59,200,195.00,"39,000.00"
2019-03-11,2019031101006328,NBB,42,32,500,195.00,"97,500.00"
2019-03-11,2019031101006327,NBB,42,42,250,194.00,"48,500.00"
2019-03-11,2019031101006326,NBB,42,6,500,194.00,"97,000.00"
2019-03-11,2019031101006325,NBB,42,59,200,194.00,"38,800.00"
2019-03-11,2019031101006336,NBB,42,54,500,195.00,"97,500.00"
2019-03-11,2019031101006335,NBB,42,53,"1,307",195.00,"254,865.00"
2019-03-11,2019031101006334,NBB,42,16,"2,000",195.00,"390,000.00"
2019-03-11,2019031101006333,NBB,42,53,250,195.00,"48,750.00"
2019-03-11,2019031101006332,NBB,42,21,300,195.00,"58,500.00"
2019-03-11,2019031101006331,NBB,42,48,150,195.00,"29,250.00"
2019-03-11,2019031101006694,NBBL,28,19,89,668.00,"59,452.00"
2019-03-11,2019031101006693,NBBL,28,34,11,665.00,"7,315.00"
2019-03-11,2019031101006692,NBL,33,36,10,289.00,"2,890.00"
2019-03-11,2019031101006743,NCCB,33,17,10,213.00,"2,130.00"
2019-03-11,2019031101006742,NCCB,33,5,200,212.00,"42,400.00"
2019-03-11,2019031101006705,NCCB,58,5,"1,800",212.00,"381,600.00"
2019-03-11,2019031101006704,NCCB,58,16,200,212.00,"42,400.00"
2019-03-11,2019031101006689,NCCB,36,16,300,212.00,"63,600.00"
2019-03-11,2019031101006653,NCCB,58,16,500,212.00,"106,000.00"
2019-03-11,2019031101006306,NCCB,49,44,500,212.00,"106,000.00"
2019-03-11,2019031101006269,NCCB,58,44,"1,800",212.00,"381,600.00"
2019-03-11,2019031101006635,NCCB,58,32,"1,000",212.00,"212,000.00"
2019-03-11,2019031101006582,NCCB,58,25,500,212.00,"106,000.00"
2019-03-11,2019031101006579,NCCB,39,17,20,213.00,"4,260.00"
2019-03-11,2019031101006535,NCCB,58,50,"1,000",212.00,"212,000.00"
2019-03-11,2019031101006457,NCCB,58,32,"2,000",212.00,"424,000.00"
2019-03-11,2019031101006456,NCCB,58,44,500,212.00,"106,000.00"
2019-03-11,2019031101006697,NHPC,58,59,50,69.00,"3,450.00"
2019-03-11,2019031101006737,NIB,6,16,50,531.00,"26,550.00"
2019-03-11,2019031101006444,NIB,49,16,50,531.00,"26,550.00"
2019-03-11,2019031101006443,NIB,49,32,100,531.00,"53,100.00"
2019-03-11,2019031101006415,NIB,42,51,50,530.00,"26,500.00"
2019-03-11,2019031101006748,NIBPO,14,48,15,481.00,"7,215.00"
2019-03-11,2019031101006633,NIBPO,20,48,685,481.00,"329,485.00"
2019-03-11,2019031101006632,NIBPO,20,48,15,480.00,"7,200.00"
2019-03-11,2019031101006280,NIBPO,38,48,"1,000",480.00,"480,000.00"
2019-03-11,2019031101006703,NICA,54,50,33,400.00,"13,200.00"
2019-03-11,2019031101006702,NICA,54,17,"1,000",400.00,"400,000.00"
2019-03-11,2019031101006701,NICA,54,14,200,400.00,"80,000.00"
2019-03-11,2019031101006700,NICA,54,6,200,400.00,"80,000.00"
2019-03-11,2019031101006699,NICA,54,49,91,399.00,"36,309.00"
2019-03-11,2019031101006691,NICA,55,49,10,399.00,"3,990.00"
2019-03-11,2019031101006595,NICA,43,56,"1,000",399.00,"399,000.00"
2019-03-11,2019031101006594,NICA,43,14,264,399.00,"105,336.00"
2019-03-11,2019031101006593,NICA,43,44,330,399.00,"131,670.00"
2019-03-11,2019031101006592,NICA,43,44,750,398.00,"298,500.00"
2019-03-11,2019031101006584,NICA,14,44,100,398.00,"39,800.00"
2019-03-11,2019031101006379,NICA,57,44,150,398.00,"59,700.00"
2019-03-11,2019031101006601,NICA,43,46,500,399.00,"199,500.00"
2019-03-11,2019031101006600,NICA,43,34,"1,000",399.00,"399,000.00"
2019-03-11,2019031101006599,NICA,43,32,57,399.00,"22,743.00"
2019-03-11,2019031101006598,NICA,43,43,100,399.00,"39,900.00"
2019-03-11,2019031101006597,NICA,43,34,"1,000",399.00,"399,000.00"
2019-03-11,2019031101006596,NICA,43,35,500,399.00,"199,500.00"
2019-03-11,2019031101006690,NICA,43,49,49,399.00,"19,551.00"
2019-03-11,2019031101006662,NICA,43,49,100,399.00,"39,900.00"
2019-03-11,2019031101006605,NICA,43,54,200,399.00,"79,800.00"
2019-03-11,2019031101006604,NICA,43,50,250,399.00,"99,750.00"
2019-03-11,2019031101006603,NICA,43,46,300,399.00,"119,700.00"
2019-03-11,2019031101006602,NICA,43,50,100,399.00,"39,900.00"
2019-03-11,2019031101006642,NICL,43,40,10,383.00,"3,830.00"
2019-03-11,2019031101006562,NICL,32,40,486,382.00,"185,652.00"
2019-03-11,2019031101006528,NICL,45,40,39,382.00,"14,898.00"
2019-03-11,2019031101006449,NICL,16,17,150,384.00,"57,600.00"
2019-03-11,2019031101006448,NICL,16,37,50,383.00,"19,150.00"
2019-03-11,2019031101006608,NIL,34,46,20,534.00,"10,680.00"
2019-03-11,2019031101006576,NIL,35,46,100,534.00,"53,400.00"
2019-03-11,2019031101006531,NIL,57,51,200,532.00,"106,400.00"
2019-03-11,2019031101006510,NIL,52,50,200,533.00,"106,600.00"
2019-03-11,2019031101006509,NIL,52,34,"1,000",533.00,"533,000.00"
2019-03-11,2019031101006508,NIL,52,34,500,533.00,"266,500.00"
2019-03-11,2019031101006507,NIL,52,57,78,533.00,"41,574.00"
2019-03-11,2019031101006425,NIL,51,57,22,533.00,"11,726.00"
2019-03-11,2019031101006424,NIL,51,43,78,533.00,"41,574.00"
2019-03-11,2019031101006385,NIL,57,34,900,532.00,"478,800.00"
2019-03-11,2019031101006254,NIL,29,34,100,532.00,"53,200.00"
2019-03-11,2019031101006491,NLBBL,37,16,20,472.00,"9,440.00"
2019-03-11,2019031101006523,NLG,36,39,114,828.00,"94,392.00"
2019-03-11,2019031101006682,NLIC,58,1,200,"1,116.00","223,200.00"
2019-03-11,2019031101006657,NLIC,33,38,193,"1,118.00","215,774.00"
2019-03-11,2019031101006567,NLIC,26,42,17,"1,117.00","18,989.00"
2019-03-11,2019031101006534,NLIC,1,38,46,"1,118.00","51,428.00"
2019-03-11,2019031101006471,NLIC,1,44,84,"1,118.00","93,912.00"
2019-03-11,2019031101006394,NLIC,45,26,17,"1,118.00","19,006.00"
2019-03-11,2019031101006345,NLIC,45,51,10,"1,118.00","11,180.00"
2019-03-11,2019031101006273,NLIC,21,35,12,"1,118.00","13,416.00"
2019-03-11,2019031101006352,NLICL,34,40,100,662.00,"66,200.00"
2019-03-11,2019031101006308,NLICL,35,40,300,660.00,"198,000.00"
2019-03-11,2019031101006707,NMB,57,41,150,322.00,"48,300.00"
2019-03-11,2019031101006706,NMB,57,41,50,322.00,"16,100.00"
2019-03-11,2019031101006652,NMB,35,41,50,322.00,"16,100.00"
2019-03-11,2019031101006504,NMB,57,8,29,320.00,"9,280.00"
2019-03-11,2019031101006503,NMB,6,8,18,320.00,"5,760.00"
2019-03-11,2019031101006475,NMB,8,25,200,321.00,"64,200.00"
2019-03-11,2019031101006568,NMBMF,18,58,10,"1,081.00","10,810.00"
2019-03-11,2019031101006472,NMBMF,18,42,10,"1,060.00","10,600.00"
2019-03-11,2019031101006295,NMFBS,45,38,46,"1,687.00","77,602.00"
2019-03-11,2019031101006288,NMFBS,5,47,12,"1,656.00","19,872.00"
2019-03-11,2019031101006435,NSEWA,11,22,10,566.00,"5,660.00"
2019-03-11,2019031101006413,NSEWA,11,11,10,560.00,"5,600.00"
2019-03-11,2019031101006677,NTC,43,57,10,678.00,"6,780.00"
2019-03-11,2019031101006673,NTC,42,14,"1,000",674.00,"674,000.00"
2019-03-11,2019031101006672,NTC,45,14,500,674.00,"337,000.00"
2019-03-11,2019031101006671,NTC,53,14,"1,000",674.00,"674,000.00"
2019-03-11,2019031101006670,NTC,16,14,50,675.00,"33,750.00"
2019-03-11,2019031101006669,NTC,45,14,10,675.00,"6,750.00"
2019-03-11,2019031101006668,NTC,19,14,50,675.00,"33,750.00"
2019-03-11,2019031101006667,NTC,54,14,100,675.00,"67,500.00"
2019-03-11,2019031101006666,NTC,14,14,100,675.00,"67,500.00"
2019-03-11,2019031101006665,NTC,59,14,100,675.00,"67,500.00"
2019-03-11,2019031101006664,NTC,13,14,140,676.00,"94,640.00"
2019-03-11,2019031101006663,NTC,42,14,150,676.00,"101,400.00"
2019-03-11,2019031101006739,NUBL,16,53,10,768.00,"7,680.00"
2019-03-11,2019031101006610,NUBL,16,11,10,753.00,"7,530.00"
2019-03-11,2019031101006540,NUBL,16,41,100,751.00,"75,100.00"
2019-03-11,2019031101006539,NUBL,16,37,151,750.00,"113,250.00"
2019-03-11,2019031101006538,NUBL,16,58,51,749.00,"38,199.00"
2019-03-11,2019031101006537,NUBL,16,53,50,748.00,"37,400.00"
2019-03-11,2019031101006536,NUBL,16,17,98,747.00,"73,206.00"
2019-03-11,2019031101006375,NUBL,34,17,88,747.00,"65,736.00"
2019-03-11,2019031101006738,OHL,7,16,10,437.00,"4,370.00"
2019-03-11,2019031101006525,OHL,42,38,95,429.00,"40,755.00"
2019-03-11,2019031101006464,PCBL,7,53,837,316.00,"264,492.00"
2019-03-11,2019031101006463,PCBL,7,53,200,316.00,"63,200.00"
2019-03-11,2019031101006462,PCBL,7,43,222,316.00,"70,152.00"
2019-03-11,2019031101006461,PCBL,7,34,120,316.00,"37,920.00"
2019-03-11,2019031101006646,PFL,7,13,209,131.00,"27,379.00"
2019-03-11,2019031101006645,PFL,7,44,22,131.00,"2,882.00"
2019-03-11,2019031101006716,PIC,50,41,10,"1,045.00","10,450.00"
2019-03-11,2019031101006708,PIC,50,19,126,"1,045.00","131,670.00"
2019-03-11,2019031101006656,PIC,49,19,74,"1,045.00","77,330.00"
2019-03-11,2019031101006647,PIC,50,38,76,"1,045.00","79,420.00"
2019-03-11,2019031101006310,PIC,39,43,30,"1,046.00","31,380.00"
2019-03-11,2019031101006304,PIC,50,46,20,"1,045.00","20,900.00"
2019-03-11,2019031101006279,PIC,50,41,10,"1,045.00","10,450.00"
2019-03-11,2019031101006278,PIC,50,35,31,"1,045.00","32,395.00"
2019-03-11,2019031101006547,PMHPL,46,21,10,111.00,"1,110.00"
2019-03-11,2019031101006698,PRIN,25,17,100,420.00,"42,000.00"
2019-03-11,2019031101006684,PRIN,46,10,327,419.00,"137,013.00"
2019-03-11,2019031101006681,PRIN,58,10,50,419.00,"20,950.00"
2019-03-11,2019031101006620,PRIN,36,10,500,419.00,"209,500.00"
2019-03-11,2019031101006590,PRIN,25,10,200,419.00,"83,800.00"
2019-03-11,2019031101006552,PRIN,49,17,500,420.00,"210,000.00"
2019-03-11,2019031101006293,PRIN,22,17,200,420.00,"84,000.00"
2019-03-11,2019031101006753,PRVU,39,8,"1,500",236.00,"354,000.00"
2019-03-11,2019031101006634,PRVU,5,25,"1,500",236.00,"354,000.00"
2019-03-11,2019031101006619,PRVU,5,58,"1,680",236.00,"396,480.00"
2019-03-11,2019031101006343,PRVU,42,45,200,236.00,"47,200.00"
2019-03-11,2019031101006270,PRVU,45,40,72,236.00,"16,992.00"
2019-03-11,2019031101006474,PRVU,14,58,500,236.00,"118,000.00"
2019-03-11,2019031101006455,PRVU,28,46,"1,000",236.00,"236,000.00"
2019-03-11,2019031101006441,PRVU,14,48,500,236.00,"118,000.00"
2019-03-11,2019031101006410,PRVU,50,45,"1,780",236.00,"420,080.00"
2019-03-11,2019031101006403,PRVU,49,48,500,235.00,"117,500.00"
2019-03-11,2019031101006611,PRVU,50,58,"1,500",236.00,"354,000.00"
2019-03-11,2019031101006606,PRVU,42,37,280,235.00,"65,800.00"
2019-03-11,2019031101006502,PRVU,25,25,500,235.00,"117,500.00"
2019-03-11,2019031101006501,PRVU,14,25,200,235.00,"47,000.00"
2019-03-11,2019031101006500,PRVU,49,25,"1,950",235.00,"458,250.00"
2019-03-11,2019031101006621,RBCLPO,59,53,10,"8,620.00","86,200.00"
2019-03-11,2019031101006356,RBCLPO,14,41,19,"8,620.00","163,780.00"
2019-03-11,2019031101006752,RHPC,58,54,300,93.00,"27,900.00"
2019-03-11,2019031101006674,RHPC,58,54,60,93.00,"5,580.00"
2019-03-11,2019031101006607,RHPC,58,54,10,93.00,930.00
2019-03-11,2019031101006532,RHPC,58,54,10,93.00,930.00
2019-03-11,2019031101006408,RHPC,58,16,20,92.00,"1,840.00"
2019-03-11,2019031101006355,RLFL,1,58,210,116.00,"24,360.00"
2019-03-11,2019031101006354,RLFL,1,33,10,116.00,"1,160.00"
2019-03-11,2019031101006272,RLFL,21,21,"2,715",114.00,"309,510.00"
2019-03-11,2019031101006655,RMDC,34,41,10,540.00,"5,400.00"
2019-03-11,2019031101006654,RSDC,42,38,25,381.00,"9,525.00"
2019-03-11,2019031101006309,RSDC,21,16,30,380.00,"11,400.00"
2019-03-11,2019031101006264,RSDC,43,38,10,381.00,"3,810.00"
2019-03-11,2019031101006493,SADBL,16,16,12,142.00,"1,704.00"
2019-03-11,2019031101006492,SADBL,16,50,38,141.00,"5,358.00"
2019-03-11,2019031101006373,SANIMA,53,16,20,303.00,"6,060.00"
2019-03-11,2019031101006303,SANIMA,53,42,100,303.00,"30,300.00"
2019-03-11,2019031101006268,SANIMA,53,21,100,303.00,"30,300.00"
2019-03-11,2019031101006267,SANIMA,53,22,130,303.00,"39,390.00"
2019-03-11,2019031101006266,SANIMA,53,45,150,302.00,"45,300.00"
2019-03-11,2019031101006265,SANIMA,53,58,20,302.00,"6,040.00"
2019-03-11,2019031101006733,SBI,25,17,300,387.00,"116,100.00"
2019-03-11,2019031101006544,SBI,29,28,75,390.00,"29,250.00"
2019-03-11,2019031101006361,SBI,44,11,32,390.00,"12,480.00"
2019-03-11,2019031101006344,SBI,44,16,18,390.00,"7,020.00"
2019-03-11,2019031101006711,SBL,34,51,50,290.00,"14,500.00"
2019-03-11,2019031101006422,SBL,54,48,290,290.00,"84,100.00"
2019-03-11,2019031101006421,SBL,54,37,100,290.00,"29,000.00"
2019-03-11,2019031101006420,SBL,54,1,"1,000",290.00,"290,000.00"
2019-03-11,2019031101006419,SBL,54,44,100,290.00,"29,000.00"
2019-03-11,2019031101006418,SBL,54,46,25,290.00,"7,250.00"
2019-03-11,2019031101006378,SBL,35,49,814,289.00,"235,246.00"
2019-03-11,2019031101006524,SCB,1,1,80,540.00,"43,200.00"
2019-03-11,2019031101006301,SDESI,34,48,27,590.00,"15,930.00"
2019-03-11,2019031101006291,SDESI,34,48,27,590.00,"15,930.00"
2019-03-11,2019031101006643,SEOS,7,7,100,9.94,994.00
2019-03-11,2019031101006680,SHINE,5,43,66,239.00,"15,774.00"
2019-03-11,2019031101006564,SHINE,5,38,629,239.00,"150,331.00"
2019-03-11,2019031101006412,SHPC,45,28,136,228.00,"31,008.00"
2019-03-11,2019031101006372,SHPC,45,28,200,228.00,"45,600.00"
2019-03-11,2019031101006371,SHPC,40,28,30,228.00,"6,840.00"
2019-03-11,2019031101006370,SHPC,11,28,500,228.00,"114,000.00"
2019-03-11,2019031101006369,SHPC,57,28,500,229.00,"114,500.00"
2019-03-11,2019031101006368,SHPC,13,28,300,229.00,"68,700.00"
2019-03-11,2019031101006367,SHPC,45,28,72,229.00,"16,488.00"
2019-03-11,2019031101006366,SHPC,46,28,200,230.00,"46,000.00"
2019-03-11,2019031101006365,SHPC,50,28,100,230.00,"23,000.00"
2019-03-11,2019031101006364,SHPC,45,28,212,230.00,"48,760.00"
2019-03-11,2019031101006363,SHPC,45,28,50,231.00,"11,550.00"
2019-03-11,2019031101006696,SIC,50,34,10,"1,330.00","13,300.00"
2019-03-11,2019031101006695,SIC,50,58,90,"1,330.00","119,700.00"
2019-03-11,2019031101006414,SIC,7,53,20,"1,329.00","26,580.00"
2019-03-11,2019031101006490,SICL,21,17,100,906.00,"90,600.00"
2019-03-11,2019031101006409,SICL,36,21,50,900.00,"45,000.00"
2019-03-11,2019031101006374,SICL,36,16,10,900.00,"9,000.00"
2019-03-11,2019031101006262,SICL,42,25,50,901.00,"45,050.00"
2019-03-11,2019031101006747,SIL,38,40,138,618.00,"85,284.00"
2019-03-11,2019031101006440,SIL,58,34,500,619.00,"309,500.00"
2019-03-11,2019031101006439,SIL,58,44,500,619.00,"309,500.00"
2019-03-11,2019031101006438,SIL,58,50,200,618.00,"123,600.00"
2019-03-11,2019031101006437,SIL,58,1,50,618.00,"30,900.00"
2019-03-11,2019031101006351,SKBBL,10,16,11,856.00,"9,416.00"
2019-03-11,2019031101006386,SLBSL,39,47,10,765.00,"7,650.00"
2019-03-11,2019031101006561,SLICL,39,17,"1,000",540.00,"540,000.00"
2019-03-11,2019031101006736,SRBL,36,25,100,221.00,"22,100.00"
2019-03-11,2019031101006735,SRBL,36,48,500,221.00,"110,500.00"
2019-03-11,2019031101006734,SRBL,36,54,90,220.00,"19,800.00"
2019-03-11,2019031101006651,SRBL,49,54,210,220.00,"46,200.00"
2019-03-11,2019031101006650,SRBL,49,50,"2,000",220.00,"440,000.00"
2019-03-11,2019031101006649,SRBL,49,34,490,220.00,"107,800.00"
2019-03-11,2019031101006631,SRBL,28,34,10,220.00,"2,200.00"
2019-03-11,2019031101006630,SRBL,28,44,19,219.00,"4,161.00"
2019-03-11,2019031101006609,SWBBL,57,14,10,829.00,"8,290.00"
2019-03-11,2019031101006729,TRH,58,48,10,253.00,"2,530.00"
2019-03-11,2019031101006728,TRH,58,26,380,251.00,"95,380.00"
2019-03-11,2019031101006727,TRH,58,8,130,251.00,"32,630.00"
2019-03-11,2019031101006726,TRH,58,45,140,250.00,"35,000.00"
2019-03-11,2019031101006725,TRH,58,22,70,250.00,"17,500.00"
2019-03-11,2019031101006585,UIC,21,6,300,789.00,"236,700.00"
2019-03-11,2019031101006720,UPPER,59,33,700,235.00,"164,500.00"
2019-03-11,2019031101006713,UPPER,45,33,71,235.00,"16,685.00"
2019-03-11,2019031101006712,UPPER,45,45,929,235.00,"218,315.00"
2019-03-11,2019031101006644,UPPER,59,56,50,234.00,"11,700.00"
2019-03-11,2019031101006578,UPPER,25,45,50,235.00,"11,750.00"
2019-03-11,2019031101006430,UPPER,36,8,50,235.00,"11,750.00"
2019-03-11,2019031101006429,UPPER,36,33,499,235.00,"117,265.00"
2019-03-11,2019031101006428,UPPER,36,39,200,235.00,"47,000.00"
2019-03-11,2019031101006427,UPPER,36,14,100,235.00,"23,500.00"
2019-03-11,2019031101006395,UPPER,59,26,50,234.00,"11,700.00"
2019-03-11,2019031101006292,UPPER,59,21,40,234.00,"9,360.00"
2019-03-11,2019031101006454,UPPER,26,51,21,235.00,"4,935.00"
2019-03-11,2019031101006453,UPPER,26,57,29,235.00,"6,815.00"
2019-03-11,2019031101006434,UPPER,36,57,21,235.00,"4,935.00"
2019-03-11,2019031101006433,UPPER,36,41,40,235.00,"9,400.00"
2019-03-11,2019031101006432,UPPER,36,57,40,235.00,"9,400.00"
2019-03-11,2019031101006431,UPPER,36,57,50,235.00,"11,750.00"
2019-03-11,2019031101006483,UPPER,59,51,29,235.00,"6,815.00"
2019-03-11,2019031101006480,UPPER,16,51,21,235.00,"4,935.00"
2019-03-11,2019031101006479,UPPER,16,51,50,235.00,"11,750.00"
2019-03-11,2019031101006478,UPPER,16,51,50,235.00,"11,750.00"
2019-03-11,2019031101006477,UPPER,16,51,50,235.00,"11,750.00"
2019-03-11,2019031101006476,UPPER,16,51,29,235.00,"6,815.00"
2019-03-11,2019031101006569,UPPER,17,51,29,235.00,"6,815.00"
2019-03-11,2019031101006566,UPPER,59,57,50,234.00,"11,700.00"
2019-03-11,2019031101006487,UPPER,59,51,21,235.00,"4,935.00"
2019-03-11,2019031101006486,UPPER,59,51,50,235.00,"11,750.00"
2019-03-11,2019031101006485,UPPER,59,51,50,235.00,"11,750.00"
2019-03-11,2019031101006484,UPPER,59,51,50,235.00,"11,750.00"
2019-03-11,2019031101006575,UPPER,17,45,21,235.00,"4,935.00"
2019-03-11,2019031101006574,UPPER,17,33,20,235.00,"4,700.00"
2019-03-11,2019031101006573,UPPER,17,39,100,235.00,"23,500.00"
2019-03-11,2019031101006572,UPPER,17,42,40,235.00,"9,400.00"
2019-03-11,2019031101006571,UPPER,17,51,40,235.00,"9,400.00"
2019-03-11,2019031101006570,UPPER,17,51,50,235.00,"11,750.00"
2019-03-11,2019031101005895,ADBL,16,34,"1,000",298.00,"298,000.00"
2019-03-11,2019031101006241,AKPL,1,21,63,181.00,"11,403.00"
2019-03-11,2019031101006202,AKPL,22,49,10,181.00,"1,810.00"
2019-03-11,2019031101006128,AKPL,22,39,13,184.00,"2,392.00"
2019-03-11,2019031101005869,AKPL,22,45,500,184.00,"92,000.00"
2019-03-11,2019031101005821,AKPL,22,29,50,184.00,"9,200.00"
2019-03-11,2019031101005820,AKPL,22,39,200,184.00,"36,800.00"
2019-03-11,2019031101005819,AKPL,22,34,49,184.00,"9,016.00"
2019-03-11,2019031101005818,AKPL,22,44,100,184.00,"18,400.00"
2019-03-11,2019031101005801,AKPL,22,8,10,183.00,"1,830.00"
2019-03-11,2019031101006182,ALICL,39,28,40,398.00,"15,920.00"
2019-03-11,2019031101006181,ALICL,39,38,60,398.00,"23,880.00"
2019-03-11,2019031101006169,ALICL,39,38,100,397.00,"39,700.00"
2019-03-11,2019031101006118,AMFI,44,6,10,650.00,"6,500.00"
2019-03-11,2019031101006039,AMFI,19,56,10,648.00,"6,480.00"
2019-03-11,2019031101006201,API,25,39,50,134.00,"6,700.00"
2019-03-11,2019031101005890,API,25,39,100,134.00,"13,400.00"
2019-03-11,2019031101005889,API,25,38,50,134.00,"6,700.00"
2019-03-11,2019031101006206,BOKL,11,29,100,250.00,"25,000.00"
2019-03-11,2019031101005977,BPCL,19,39,40,356.00,"14,240.00"
2019-03-11,2019031101005904,BPCL,52,39,30,355.00,"10,650.00"
2019-03-11,2019031101005903,BPCL,21,39,70,355.00,"24,850.00"
2019-03-11,2019031101005948,CBBL,22,1,50,894.00,"44,700.00"
2019-03-11,2019031101005762,CBBL,52,57,50,891.00,"44,550.00"
2019-03-11,2019031101006240,CBL,58,47,35,154.00,"5,390.00"
2019-03-11,2019031101006239,CBL,51,47,144,154.00,"22,176.00"
2019-03-11,2019031101006212,CBL,58,25,200,155.00,"31,000.00"
2019-03-11,2019031101006211,CBL,58,58,300,155.00,"46,500.00"
2019-03-11,2019031101005910,CBL,51,42,300,154.00,"46,200.00"
2019-03-11,2019031101005791,CBL,51,53,56,154.00,"8,624.00"
2019-03-11,2019031101006161,CCBL,17,38,327,165.00,"53,955.00"
2019-03-11,2019031101006046,CCBL,29,26,119,164.00,"19,516.00"
2019-03-11,2019031101005988,CCBL,58,38,"1,849",165.00,"305,085.00"
2019-03-11,2019031101005987,CCBL,58,43,10,165.00,"1,650.00"
2019-03-11,2019031101005986,CCBL,58,43,10,165.00,"1,650.00"
2019-03-11,2019031101005985,CCBL,58,35,50,165.00,"8,250.00"
2019-03-11,2019031101005984,CCBL,58,22,81,165.00,"13,365.00"
2019-03-11,2019031101005951,CCBL,29,42,31,164.00,"5,084.00"
2019-03-11,2019031101005950,CCBL,44,42,69,164.00,"11,316.00"
2019-03-11,2019031101006203,CHCL,58,16,50,518.00,"25,900.00"
2019-03-11,2019031101006085,CHCL,58,16,50,518.00,"25,900.00"
2019-03-11,2019031101006084,CHCL,58,22,90,517.00,"46,530.00"
2019-03-11,2019031101006083,CHCL,58,6,10,517.00,"5,170.00"
2019-03-11,2019031101006078,CHCL,58,6,50,517.00,"25,850.00"
2019-03-11,2019031101005880,CHCL,36,6,30,517.00,"15,510.00"
2019-03-11,2019031101005851,CHCL,58,39,49,516.00,"25,284.00"
2019-03-11,2019031101006204,CHLBS,44,22,10,568.00,"5,680.00"
2019-03-11,2019031101006197,CHLBS,44,22,10,568.00,"5,680.00"
2019-03-11,2019031101006180,CHLBS,39,47,10,569.00,"5,690.00"
2019-03-11,2019031101006179,CHLBS,39,47,10,569.00,"5,690.00"
2019-03-11,2019031101006160,CHLBS,44,56,10,568.00,"5,680.00"
2019-03-11,2019031101006159,CHLBS,44,48,10,567.00,"5,670.00"
2019-03-11,2019031101005998,CHLBS,45,52,10,565.00,"5,650.00"
2019-03-11,2019031101005997,CHLBS,45,52,10,565.00,"5,650.00"
2019-03-11,2019031101005974,CHLBS,49,25,10,562.00,"5,620.00"
2019-03-11,2019031101006136,CIT,25,38,10,"2,617.00","26,170.00"
2019-03-11,2019031101006135,CIT,25,11,15,"2,616.00","39,240.00"
2019-03-11,2019031101006069,CIT,22,11,15,"2,616.00","39,240.00"
2019-03-11,2019031101005885,CIT,37,38,100,"2,616.00","261,600.00"
2019-03-11,2019031101005784,CIT,49,21,10,"2,615.00","26,150.00"
2019-03-11,2019031101006089,CZBIL,29,38,210,212.00,"44,520.00"
2019-03-11,2019031101005899,CZBIL,29,26,500,213.00,"106,500.00"
2019-03-11,2019031101005898,CZBIL,29,56,200,213.00,"42,600.00"
2019-03-11,2019031101005788,CZBIL,29,6,72,213.00,"15,336.00"
2019-03-11,2019031101005787,CZBIL,29,13,350,213.00,"74,550.00"
2019-03-11,2019031101006252,DBBL,55,42,100,125.00,"12,500.00"
2019-03-11,2019031101006167,DBBL,58,42,300,125.00,"37,500.00"
2019-03-11,2019031101005863,DDBL,1,33,100,602.00,"60,200.00"
2019-03-11,2019031101005862,DDBL,1,58,102,600.00,"61,200.00"
2019-03-11,2019031101006227,DHPL,19,7,11,85.00,935.00
2019-03-11,2019031101006051,DHPL,19,56,10,85.00,850.00
2019-03-11,2019031101006251,EBL,13,45,20,526.00,"10,520.00"
2019-03-11,2019031101005802,EBL,49,22,125,527.00,"65,875.00"
2019-03-11,2019031101005800,EBL,1,22,50,527.00,"26,350.00"
2019-03-11,2019031101005865,EBL,19,22,200,527.00,"105,400.00"
2019-03-11,2019031101005999,EBL,34,22,50,527.00,"26,350.00"
2019-03-11,2019031101006168,EIC,11,29,20,820.00,"16,400.00"
2019-03-11,2019031101006177,FOWAD,11,26,39,"1,550.00","60,450.00"
2019-03-11,2019031101006200,GBBL,13,38,75,186.00,"13,950.00"
2019-03-11,2019031101006199,GBBL,13,48,100,186.00,"18,600.00"
2019-03-11,2019031101005969,GBBL,25,58,182,185.00,"33,670.00"
2019-03-11,2019031101005901,GBBL,42,58,"2,200",185.00,"407,000.00"
2019-03-11,2019031101005852,GBBL,50,58,168,185.00,"31,080.00"
2019-03-11,2019031101005803,GBIME,22,28,900,265.00,"238,500.00"
2019-03-11,2019031101006153,GBLBS,41,47,90,453.00,"40,770.00"
2019-03-11,2019031101006152,GBLBS,41,47,10,453.00,"4,530.00"
2019-03-11,2019031101006061,GBLBS,49,56,10,448.00,"4,480.00"
2019-03-11,2019031101005782,GBLBS,49,42,10,448.00,"4,480.00"
2019-03-11,2019031101006130,GDBL,17,8,500,181.00,"90,500.00"
2019-03-11,2019031101006129,GDBL,59,8,29,181.00,"5,249.00"
2019-03-11,2019031101005878,GDBL,14,58,160,182.00,"29,120.00"
2019-03-11,2019031101006097,GDBL,50,8,200,181.00,"36,200.00"
2019-03-11,2019031101006096,GDBL,10,8,20,181.00,"3,620.00"
2019-03-11,2019031101006098,GDBL,59,8,21,181.00,"3,801.00"
2019-03-11,2019031101005909,GFCL,55,52,581,116.00,"67,396.00"
2019-03-11,2019031101006162,GILB,55,6,10,"1,096.00","10,960.00"
2019-03-11,2019031101006107,GLICL,51,58,68,740.00,"50,320.00"
2019-03-11,2019031101006106,GLICL,7,58,50,740.00,"37,000.00"
2019-03-11,2019031101005920,GLICL,45,50,100,740.00,"74,000.00"
2019-03-11,2019031101005845,GLICL,57,58,261,739.00,"192,879.00"
2019-03-11,2019031101005844,GLICL,19,58,26,740.00,"19,240.00"
2019-03-11,2019031101005843,GLICL,49,58,200,740.00,"148,000.00"
2019-03-11,2019031101005842,GLICL,52,58,13,741.00,"9,633.00"
2019-03-11,2019031101005796,GLICL,7,56,54,742.00,"40,068.00"
2019-03-11,2019031101005772,GUFL,14,22,200,110.00,"22,000.00"
2019-03-11,2019031101005811,HBL,40,58,72,438.00,"31,536.00"
2019-03-11,2019031101006235,HGI,43,7,100,390.00,"39,000.00"
2019-03-11,2019031101006071,HPPL,36,56,10,178.00,"1,780.00"
2019-03-11,2019031101006021,HPPL,41,45,10,177.00,"1,770.00"
2019-03-11,2019031101005923,HPPL,45,22,300,186.00,"55,800.00"
2019-03-11,2019031101005922,HPPL,45,42,10,180.00,"1,800.00"
2019-03-11,2019031101006045,ICFC,41,13,50,151.00,"7,550.00"
2019-03-11,2019031101006166,JBBL,46,37,36,140.00,"5,040.00"
2019-03-11,2019031101006120,JBBL,46,22,"1,165",139.00,"161,935.00"
2019-03-11,2019031101006119,JBBL,46,51,50,139.00,"6,950.00"
2019-03-11,2019031101005979,JBBL,46,58,91,138.00,"12,558.00"
2019-03-11,2019031101006253,JBNL,33,59,10,173.00,"1,730.00"
2019-03-11,2019031101006222,JBNL,33,42,600,172.00,"103,200.00"
2019-03-11,2019031101006221,JBNL,33,54,50,172.00,"8,600.00"
2019-03-11,2019031101006220,JBNL,33,11,"1,000",172.00,"172,000.00"
2019-03-11,2019031101006219,JBNL,33,14,300,172.00,"51,600.00"
2019-03-11,2019031101006218,JBNL,33,11,100,172.00,"17,200.00"
2019-03-11,2019031101005757,JBNL,48,48,500,171.00,"85,500.00"
2019-03-11,2019031101006217,JBNL,33,17,"1,660",172.00,"285,520.00"
2019-03-11,2019031101005849,JBNL,52,17,25,172.00,"4,300.00"
2019-03-11,2019031101005832,JBNL,45,28,141,171.00,"24,111.00"
2019-03-11,2019031101005829,JBNL,45,49,35,171.00,"5,985.00"
2019-03-11,2019031101005793,JBNL,45,11,500,171.00,"85,500.00"
2019-03-11,2019031101005792,JBNL,45,11,500,171.00,"85,500.00"
2019-03-11,2019031101006053,JFL,41,52,50,164.00,"8,200.00"
2019-03-11,2019031101005891,KBL,49,42,100,237.00,"23,700.00"
2019-03-11,2019031101005780,KBL,49,22,100,237.00,"23,700.00"
2019-03-11,2019031101005779,KBL,49,39,115,237.00,"27,255.00"
2019-03-11,2019031101005776,KKHC,37,6,16,70.00,"1,120.00"
2019-03-11,2019031101005872,KSBBL,42,40,281,138.00,"38,778.00"
2019-03-11,2019031101005871,KSBBL,42,34,319,138.00,"44,022.00"
2019-03-11,2019031101005763,KSBBL,14,34,200,138.00,"27,600.00"
2019-03-11,2019031101005991,LBBL,58,50,16,173.00,"2,768.00"
2019-03-11,2019031101006049,LBL,36,17,20,195.00,"3,900.00"
2019-03-11,2019031101006048,LBL,36,8,"1,000",195.00,"195,000.00"
2019-03-11,2019031101006047,LBL,36,28,980,195.00,"191,100.00"
2019-03-11,2019031101006040,LBL,32,28,20,195.00,"3,900.00"
2019-03-11,2019031101006026,LBL,45,38,"1,000",194.00,"194,000.00"
2019-03-11,2019031101006025,LBL,45,8,"1,000",194.00,"194,000.00"
2019-03-11,2019031101006024,LBL,45,39,12,194.00,"2,328.00"
2019-03-11,2019031101005853,LBL,32,39,10,194.00,"1,940.00"
2019-03-11,2019031101005814,LBL,32,1,"1,400",192.00,"268,800.00"
2019-03-11,2019031101005783,LBL,41,1,100,192.00,"19,200.00"
2019-03-11,2019031101005756,LBL,32,45,100,193.00,"19,300.00"
2019-03-11,2019031101006158,LGIL,28,44,500,521.00,"260,500.00"
2019-03-11,2019031101006013,LGIL,47,17,225,520.00,"117,000.00"
2019-03-11,2019031101006012,LGIL,47,28,500,520.00,"260,000.00"
2019-03-11,2019031101005790,LGIL,17,36,580,519.00,"301,020.00"
2019-03-11,2019031101005789,LGIL,17,11,200,518.00,"103,600.00"
2019-03-11,2019031101005877,LICN,1,22,20,"1,465.00","29,300.00"
2019-03-11,2019031101005795,LICN,1,38,200,"1,464.00","292,800.00"
2019-03-11,2019031101005765,LICN,38,38,500,"1,460.00","730,000.00"
2019-03-11,2019031101006038,MBL,50,21,"1,000",217.00,"217,000.00"
2019-03-11,2019031101006037,MBL,50,28,820,217.00,"177,940.00"
2019-03-11,2019031101006028,MBL,39,28,"1,000",217.00,"217,000.00"
2019-03-11,2019031101005902,MBL,57,28,280,217.00,"60,760.00"
2019-03-11,2019031101006193,MEGA,13,57,93,164.00,"15,252.00"
2019-03-11,2019031101006192,MEGA,13,25,680,164.00,"111,520.00"
2019-03-11,2019031101006105,MEGA,11,25,320,164.00,"52,480.00"
2019-03-11,2019031101006104,MEGA,11,14,80,164.00,"13,120.00"
2019-03-11,2019031101006080,MEGA,52,14,20,164.00,"3,280.00"
2019-03-11,2019031101006079,MEGA,52,48,90,164.00,"14,760.00"
2019-03-11,2019031101005775,MEGA,48,32,500,162.00,"81,000.00"
2019-03-11,2019031101005774,MEGA,32,32,380,162.00,"61,560.00"
2019-03-11,2019031101005773,MEGA,35,32,100,162.00,"16,200.00"
2019-03-11,2019031101006054,MEGA,45,52,13,163.00,"2,119.00"
2019-03-11,2019031101006052,MEGA,38,52,200,163.00,"32,600.00"
2019-03-11,2019031101005976,MEGA,1,52,10,163.00,"1,630.00"
2019-03-11,2019031101005975,MEGA,38,52,80,163.00,"13,040.00"
2019-03-11,2019031101005856,MEGA,19,48,10,164.00,"1,640.00"
2019-03-11,2019031101005777,MEGA,38,32,20,162.00,"3,240.00"
2019-03-11,2019031101006131,MERO,36,47,16,602.00,"9,632.00"
2019-03-11,2019031101005758,MERO,52,39,16,601.00,"9,616.00"
2019-03-11,2019031101006214,MLBL,33,13,293,167.00,"48,931.00"
2019-03-11,2019031101006010,MLBL,58,50,30,167.00,"5,010.00"
2019-03-11,2019031101006109,MNBBL,40,34,476,347.00,"165,172.00"
2019-03-11,2019031101006108,MNBBL,40,19,24,346.00,"8,304.00"
2019-03-11,2019031101005908,MNBBL,1,34,10,347.00,"3,470.00"
2019-03-11,2019031101005881,MNBBL,1,28,42,347.00,"14,574.00"
2019-03-11,2019031101006044,MSMBS,57,10,11,528.00,"5,808.00"
2019-03-11,2019031101006034,MSMBS,29,48,22,530.00,"11,660.00"
2019-03-11,2019031101006033,MSMBS,29,48,22,530.00,"11,660.00"
2019-03-11,2019031101006032,MSMBS,29,48,22,530.00,"11,660.00"
2019-03-11,2019031101006031,MSMBS,29,48,22,530.00,"11,660.00"
2019-03-11,2019031101006248,NABIL,57,37,60,695.00,"41,700.00"
2019-03-11,2019031101006247,NABIL,45,37,40,695.00,"27,800.00"
2019-03-11,2019031101006246,NABIL,13,37,45,696.00,"31,320.00"
2019-03-11,2019031101006233,NABIL,13,19,205,696.00,"142,680.00"
2019-03-11,2019031101006232,NABIL,52,19,20,696.00,"13,920.00"
2019-03-11,2019031101006231,NABIL,58,19,30,696.00,"20,880.00"
2019-03-11,2019031101005847,NABIL,1,3,50,700.00,"35,000.00"
2019-03-11,2019031101006230,NABIL,46,19,100,697.00,"69,700.00"
2019-03-11,2019031101006229,NABIL,1,19,100,697.00,"69,700.00"
2019-03-11,2019031101006210,NABIL,41,19,100,698.00,"69,800.00"
2019-03-11,2019031101006209,NABIL,18,19,25,698.00,"17,450.00"
2019-03-11,2019031101006208,NABIL,16,19,20,698.00,"13,960.00"
2019-03-11,2019031101006011,NABIL,22,3,100,700.00,"70,000.00"
2019-03-11,2019031101006250,NABILP,19,29,25,660.00,"16,500.00"
2019-03-11,2019031101006165,NABILP,8,22,200,662.00,"132,400.00"
2019-03-11,2019031101006070,NABILP,52,22,100,662.00,"66,200.00"
2019-03-11,2019031101006060,NABILP,35,34,"1,000",661.00,"661,000.00"
2019-03-11,2019031101006050,NABILP,19,57,400,660.00,"264,000.00"
2019-03-11,2019031101005900,NABILP,44,34,117,659.00,"77,103.00"
2019-03-11,2019031101005887,NABILP,28,34,383,659.00,"252,397.00"
2019-03-11,2019031101005886,NABILP,28,7,100,659.00,"65,900.00"
2019-03-11,2019031101005850,NABILP,17,34,"1,000",658.00,"658,000.00"
2019-03-11,2019031101006008,NABILP,19,57,100,660.00,"66,000.00"
2019-03-11,2019031101006007,NABILP,19,35,200,660.00,"132,000.00"
2019-03-11,2019031101006006,NABILP,19,34,300,660.00,"198,000.00"
2019-03-11,2019031101005990,NABILP,44,34,"1,000",659.00,"659,000.00"
2019-03-11,2019031101005919,NADEP,21,13,10,682.00,"6,820.00"
2019-03-11,2019031101006157,NBB,34,42,50,192.00,"9,600.00"
2019-03-11,2019031101005989,NBB,17,42,250,192.00,"48,000.00"
2019-03-11,2019031101005972,NBB,14,28,92,191.00,"17,572.00"
2019-03-11,2019031101005971,NBB,35,28,150,191.00,"28,650.00"
2019-03-11,2019031101005970,NBB,50,28,100,191.00,"19,100.00"
2019-03-11,2019031101005944,NBB,41,28,100,192.00,"19,200.00"
2019-03-11,2019031101006245,NBL,45,50,500,288.00,"144,000.00"
2019-03-11,2019031101006244,NBL,34,50,"1,000",288.00,"288,000.00"
2019-03-11,2019031101006243,NBL,49,50,20,288.00,"5,760.00"
2019-03-11,2019031101006242,NBL,25,50,384,288.00,"110,592.00"
2019-03-11,2019031101006058,NBL,25,39,"1,616",288.00,"465,408.00"
2019-03-11,2019031101006057,NBL,33,39,384,288.00,"110,592.00"
2019-03-11,2019031101005952,NBL,25,19,46,288.00,"13,248.00"
2019-03-11,2019031101005879,NBL,22,19,24,288.00,"6,912.00"
2019-03-11,2019031101005841,NBL,1,35,625,287.00,"179,375.00"
2019-03-11,2019031101005781,NBL,25,36,"1,136",287.00,"326,032.00"
2019-03-11,2019031101005964,NBL,33,58,70,288.00,"20,160.00"
2019-03-11,2019031101005963,NBL,33,36,200,288.00,"57,600.00"
2019-03-11,2019031101005962,NBL,33,50,346,288.00,"99,648.00"
2019-03-11,2019031101005955,NBL,25,50,"1,654",288.00,"476,352.00"
2019-03-11,2019031101005954,NBL,25,57,"1,000",288.00,"288,000.00"
2019-03-11,2019031101005953,NBL,25,59,300,288.00,"86,400.00"
2019-03-11,2019031101006236,NCCB,37,44,200,212.00,"42,400.00"
2019-03-11,2019031101006175,NCCB,33,17,10,213.00,"2,130.00"
2019-03-11,2019031101006170,NCCB,58,58,"4,000",212.00,"848,000.00"
2019-03-11,2019031101006138,NCCB,58,34,"1,231",212.00,"260,972.00"
2019-03-11,2019031101006137,NCCB,58,34,200,212.00,"42,400.00"
2019-03-11,2019031101006113,NCCB,20,34,300,212.00,"63,600.00"
2019-03-11,2019031101005754,NCCB,17,46,500,211.00,"105,500.00"
2019-03-11,2019031101006005,NCCB,50,44,"2,000",211.00,"422,000.00"
2019-03-11,2019031101005946,NCCB,50,25,730,211.00,"154,030.00"
2019-03-11,2019031101005945,NCCB,49,25,50,211.00,"10,550.00"
2019-03-11,2019031101005817,NCCB,14,44,499,211.00,"105,289.00"
2019-03-11,2019031101005816,NCCB,49,44,500,211.00,"105,500.00"
2019-03-11,2019031101005815,NCCB,58,44,30,211.00,"6,330.00"
2019-03-11,2019031101006072,NCCB,50,44,270,211.00,"56,970.00"
2019-03-11,2019031101006043,NCCB,36,34,500,212.00,"106,000.00"
2019-03-11,2019031101006042,NCCB,36,55,"1,000",212.00,"212,000.00"
2019-03-11,2019031101006041,NCCB,36,5,500,212.00,"106,000.00"
2019-03-11,2019031101006019,NCCB,36,32,"1,000",212.00,"212,000.00"
2019-03-11,2019031101006018,NCCB,36,32,"1,000",212.00,"212,000.00"
2019-03-11,2019031101006112,NCCB,20,50,200,212.00,"42,400.00"
2019-03-11,2019031101006111,NCCB,20,17,"1,000",212.00,"212,000.00"
2019-03-11,2019031101006110,NCCB,20,34,500,212.00,"106,000.00"
2019-03-11,2019031101006075,NCCB,29,44,730,211.00,"154,030.00"
2019-03-11,2019031101006074,NCCB,39,44,500,211.00,"105,500.00"
2019-03-11,2019031101006073,NCCB,55,44,500,211.00,"105,500.00"
2019-03-11,2019031101005980,NHDL,45,58,10,131.00,"1,310.00"
2019-03-11,2019031101005875,NHPC,29,22,100,68.00,"6,800.00"
2019-03-11,2019031101005917,NIB,42,37,500,530.00,"265,000.00"
2019-03-11,2019031101005916,NIB,42,45,50,530.00,"26,500.00"
2019-03-11,2019031101005915,NIB,42,22,100,530.00,"53,000.00"
2019-03-11,2019031101005914,NIB,42,13,679,530.00,"359,870.00"
2019-03-11,2019031101005913,NIB,42,55,50,530.00,"26,500.00"
2019-03-11,2019031101005912,NIB,42,22,163,530.00,"86,390.00"
2019-03-11,2019031101005859,NIB,1,22,12,530.00,"6,360.00"
2019-03-11,2019031101005858,NIB,1,44,38,529.00,"20,102.00"
2019-03-11,2019031101005840,NIB,19,44,11,529.00,"5,819.00"
2019-03-11,2019031101005771,NIB,42,58,378,527.00,"199,206.00"
2019-03-11,2019031101005978,NIBPO,13,34,500,479.00,"239,500.00"
2019-03-11,2019031101005965,NIBPO,34,38,110,478.00,"52,580.00"
2019-03-11,2019031101006186,NICA,6,45,136,397.00,"53,992.00"
2019-03-11,2019031101006185,NICA,49,45,100,398.00,"39,800.00"
2019-03-11,2019031101006184,NICA,49,45,50,398.00,"19,900.00"
2019-03-11,2019031101006183,NICA,7,45,114,398.00,"45,372.00"
2019-03-11,2019031101006081,NICA,7,26,64,398.00,"25,472.00"
2019-03-11,2019031101006029,NICA,57,26,36,398.00,"14,328.00"
2019-03-11,2019031101005983,NICA,57,42,100,398.00,"39,800.00"
2019-03-11,2019031101005943,NICA,57,1,117,398.00,"46,566.00"
2019-03-11,2019031101005861,NICA,57,50,247,398.00,"98,306.00"
2019-03-11,2019031101005860,NICA,45,50,53,398.00,"21,094.00"
2019-03-11,2019031101005831,NICA,19,44,10,399.00,"3,990.00"
2019-03-11,2019031101005761,NICA,45,34,420,398.00,"167,160.00"
2019-03-11,2019031101006134,NICL,45,40,300,383.00,"114,900.00"
2019-03-11,2019031101006133,NICL,45,37,61,382.00,"23,302.00"
2019-03-11,2019031101005826,NICL,38,49,200,383.00,"76,600.00"
2019-03-11,2019031101005857,NIL,42,40,27,532.00,"14,364.00"
2019-03-11,2019031101005836,NIL,57,34,800,531.00,"424,800.00"
2019-03-11,2019031101006151,NLG,49,16,237,825.00,"195,525.00"
2019-03-11,2019031101006228,NLIC,36,54,17,"1,118.00","19,006.00"
2019-03-11,2019031101006196,NLIC,21,58,50,"1,116.00","55,800.00"
2019-03-11,2019031101006132,NLIC,33,36,17,"1,115.00","18,955.00"
2019-03-11,2019031101006082,NLIC,50,51,10,"1,114.00","11,140.00"
2019-03-11,2019031101005839,NLIC,25,42,100,"1,114.00","111,400.00"
2019-03-11,2019031101005838,NLIC,16,42,67,"1,116.00","74,772.00"
2019-03-11,2019031101005812,NLIC,19,34,10,"1,119.00","11,190.00"
2019-03-11,2019031101005769,NLIC,42,34,50,"1,119.00","55,950.00"
2019-03-11,2019031101006172,NMB,50,51,"1,590",321.00,"510,390.00"
2019-03-11,2019031101006059,NMB,50,51,200,321.00,"64,200.00"
2019-03-11,2019031101006027,NMB,6,44,32,320.00,"10,240.00"
2019-03-11,2019031101005996,NMB,53,45,200,319.00,"63,800.00"
2019-03-11,2019031101005956,NMB,53,42,100,319.00,"31,900.00"
2019-03-11,2019031101005894,NMB,26,44,468,320.00,"149,760.00"
2019-03-11,2019031101005884,NMB,26,25,475,320.00,"152,000.00"
2019-03-11,2019031101005883,NMB,55,51,500,321.00,"160,500.00"
2019-03-11,2019031101005830,NMB,26,58,57,320.00,"18,240.00"
2019-03-11,2019031101006036,NMBMF,13,10,17,"1,040.00","17,680.00"
2019-03-11,2019031101006035,NMBMF,37,10,12,"1,040.00","12,480.00"
2019-03-11,2019031101006226,NMFBS,5,47,12,"1,656.00","19,872.00"
2019-03-11,2019031101006195,NMFBS,5,16,13,"1,656.00","21,528.00"
2019-03-11,2019031101006194,NMFBS,33,16,10,"1,661.00","16,610.00"
2019-03-11,2019031101006215,NSEWA,11,56,10,555.00,"5,550.00"
2019-03-11,2019031101005767,NSEWA,11,1,10,555.00,"5,550.00"
2019-03-11,2019031101006003,NTC,42,47,45,676.00,"30,420.00"
2019-03-11,2019031101006002,NTC,21,47,20,677.00,"13,540.00"
2019-03-11,2019031101006001,NTC,26,47,10,677.00,"6,770.00"
2019-03-11,2019031101006124,NUBL,38,14,28,742.00,"20,776.00"
2019-03-11,2019031101006123,NUBL,38,50,100,740.00,"74,000.00"
2019-03-11,2019031101006122,NUBL,38,11,154,739.00,"113,806.00"
2019-03-11,2019031101006121,NUBL,38,42,80,738.00,"59,040.00"
2019-03-11,2019031101006064,NUBL,41,42,20,738.00,"14,760.00"
2019-03-11,2019031101006068,PCBL,1,34,"1,000",315.00,"315,000.00"
2019-03-11,2019031101006249,PIC,49,35,39,"1,045.00","40,755.00"
2019-03-11,2019031101006224,PIC,49,35,30,"1,045.00","31,350.00"
2019-03-11,2019031101006223,PIC,49,21,20,"1,045.00","20,900.00"
2019-03-11,2019031101006156,PIC,58,41,11,"1,045.00","11,495.00"
2019-03-11,2019031101005810,PIC,39,25,150,"1,044.00","156,600.00"
2019-03-11,2019031101005809,PIC,39,39,50,"1,043.00","52,150.00"
2019-03-11,2019031101005807,PIC,33,42,11,"1,038.00","11,418.00"
2019-03-11,2019031101006178,PICL,36,33,600,713.00,"427,800.00"
2019-03-11,2019031101006127,PICL,36,47,300,716.00,"214,800.00"
2019-03-11,2019031101006126,PICL,36,16,100,716.00,"71,600.00"
2019-03-11,2019031101006117,PICL,32,21,71,712.00,"50,552.00"
2019-03-11,2019031101006077,PICL,32,34,700,712.00,"498,400.00"
2019-03-11,2019031101005905,PLIC,36,42,50,453.00,"22,650.00"
2019-03-11,2019031101006174,PMHPL,46,56,10,111.00,"1,110.00"
2019-03-11,2019031101005994,PMHPL,46,13,10,111.00,"1,110.00"
2019-03-11,2019031101005864,PMHPL,10,13,10,110.00,"1,100.00"
2019-03-11,2019031101005828,PMHPL,45,42,10,112.00,"1,120.00"
2019-03-11,2019031101005827,PMHPL,45,21,10,112.00,"1,120.00"
2019-03-11,2019031101005808,PMHPL,45,26,10,111.00,"1,110.00"
2019-03-11,2019031101006164,PRIN,58,52,134,421.00,"56,414.00"
2019-03-11,2019031101006163,PRIN,58,48,16,420.00,"6,720.00"
2019-03-11,2019031101006155,PRIN,40,48,120,420.00,"50,400.00"
2019-03-11,2019031101006154,PRIN,40,22,180,420.00,"75,600.00"
2019-03-11,2019031101006142,PRIN,11,22,20,420.00,"8,400.00"
2019-03-11,2019031101006116,PRIN,58,34,391,419.00,"163,829.00"
2019-03-11,2019031101006115,PRIN,58,46,553,419.00,"231,707.00"
2019-03-11,2019031101006088,PRIN,34,46,10,419.00,"4,190.00"
2019-03-11,2019031101006022,PRIN,38,46,97,419.00,"40,643.00"
2019-03-11,2019031101005921,PRIN,52,46,25,419.00,"10,475.00"
2019-03-11,2019031101005897,PRIN,45,13,10,418.00,"4,180.00"
2019-03-11,2019031101005896,PRIN,45,28,87,418.00,"36,366.00"
2019-03-11,2019031101006213,PRVU,28,46,100,237.00,"23,700.00"
2019-03-11,2019031101006191,PRVU,28,57,206,236.00,"48,616.00"
2019-03-11,2019031101006173,PRVU,52,57,294,236.00,"69,384.00"
2019-03-11,2019031101006139,PRVU,19,28,100,237.00,"23,700.00"
2019-03-11,2019031101005928,PRVU,33,13,620,235.00,"145,700.00"
2019-03-11,2019031101005892,PRVU,35,22,300,234.00,"70,200.00"
2019-03-11,2019031101005876,PRVU,35,40,200,234.00,"46,800.00"
2019-03-11,2019031101005874,PRVU,35,42,600,234.00,"140,400.00"
2019-03-11,2019031101005934,PRVU,33,11,50,235.00,"11,750.00"
2019-03-11,2019031101005933,PRVU,33,56,100,235.00,"23,500.00"
2019-03-11,2019031101005932,PRVU,33,33,700,235.00,"164,500.00"
2019-03-11,2019031101005931,PRVU,33,53,90,235.00,"21,150.00"
2019-03-11,2019031101005930,PRVU,33,45,782,235.00,"183,770.00"
2019-03-11,2019031101005929,PRVU,33,25,"1,000",235.00,"235,000.00"
2019-03-11,2019031101005940,PRVU,33,33,300,235.00,"70,500.00"
2019-03-11,2019031101005939,PRVU,33,41,"1,000",235.00,"235,000.00"
2019-03-11,2019031101005938,PRVU,33,14,100,235.00,"23,500.00"
2019-03-11,2019031101005937,PRVU,33,55,50,235.00,"11,750.00"
2019-03-11,2019031101005936,PRVU,33,25,200,235.00,"47,000.00"
2019-03-11,2019031101005935,PRVU,33,26,100,235.00,"23,500.00"
2019-03-11,2019031101006009,PRVU,49,8,500,235.00,"117,500.00"
2019-03-11,2019031101005981,PRVU,49,42,150,235.00,"35,250.00"
2019-03-11,2019031101005942,PRVU,33,19,15,235.00,"3,525.00"
2019-03-11,2019031101005941,PRVU,33,57,"1,000",235.00,"235,000.00"
2019-03-11,2019031101006103,PRVU,28,53,300,236.00,"70,800.00"
2019-03-11,2019031101006102,PRVU,28,33,300,236.00,"70,800.00"
2019-03-11,2019031101006101,PRVU,28,21,200,236.00,"47,200.00"
2019-03-11,2019031101006100,PRVU,28,38,"2,000",236.00,"472,000.00"
2019-03-11,2019031101006099,PRVU,28,53,386,236.00,"91,096.00"
2019-03-11,2019031101005755,RADHI,54,21,11,168.00,"1,848.00"
2019-03-11,2019031101005906,RBCL,45,33,10,"9,430.00","94,300.00"
2019-03-11,2019031101006198,RSDC,43,38,10,381.00,"3,810.00"
2019-03-11,2019031101006176,RSDC,43,38,10,381.00,"3,810.00"
2019-03-11,2019031101006171,RSDC,19,21,19,380.00,"7,220.00"
2019-03-11,2019031101006141,RSDC,43,38,10,381.00,"3,810.00"
2019-03-11,2019031101006067,RSDC,25,38,100,381.00,"38,100.00"
2019-03-11,2019031101006066,RSDC,49,38,10,381.00,"3,810.00"
2019-03-11,2019031101006065,RSDC,42,38,25,381.00,"9,525.00"
2019-03-11,2019031101005873,SADBL,1,14,231,141.00,"32,571.00"
2019-03-11,2019031101006004,SANIMA,8,58,80,302.00,"24,160.00"
2019-03-11,2019031101005927,SANIMA,8,16,120,302.00,"36,240.00"
2019-03-11,2019031101005926,SANIMA,1,16,30,302.00,"9,060.00"
2019-03-11,2019031101005846,SANIMA,7,52,200,303.00,"60,600.00"
2019-03-11,2019031101006238,SBI,8,17,50,391.00,"19,550.00"
2019-03-11,2019031101006140,SBI,58,44,50,391.00,"19,550.00"
2019-03-11,2019031101005868,SBI,59,49,221,390.00,"86,190.00"
2019-03-11,2019031101005867,SBI,59,50,84,390.00,"32,760.00"
2019-03-11,2019031101005866,SBI,59,19,81,389.00,"31,509.00"
2019-03-11,2019031101006225,SBL,11,49,100,289.00,"28,900.00"
2019-03-11,2019031101006189,SBL,58,49,86,289.00,"24,854.00"
2019-03-11,2019031101006188,SBL,58,17,14,289.00,"4,046.00"
2019-03-11,2019031101005834,SBL,53,17,247,289.00,"71,383.00"
2019-03-11,2019031101005833,SBL,53,26,12,289.00,"3,468.00"
2019-03-11,2019031101006187,SCB,1,1,200,540.00,"108,000.00"
2019-03-11,2019031101005925,SCB,1,28,20,539.00,"10,780.00"
2019-03-11,2019031101005918,SDESI,34,48,27,590.00,"15,930.00"
2019-03-11,2019031101005907,SDESI,44,48,27,590.00,"15,930.00"
2019-03-11,2019031101005760,SDESI,44,45,73,590.00,"43,070.00"
2019-03-11,2019031101005759,SDESI,17,45,27,591.00,"15,957.00"
2019-03-11,2019031101006076,SHPC,45,1,50,231.00,"11,550.00"
2019-03-11,2019031101005924,SHPC,50,1,850,231.00,"196,350.00"
2019-03-11,2019031101006207,SICL,42,35,50,901.00,"45,050.00"
2019-03-11,2019031101006094,SICL,36,49,25,900.00,"22,500.00"
2019-03-11,2019031101006093,SICL,36,42,34,900.00,"30,600.00"
2019-03-11,2019031101006092,SICL,36,6,13,900.00,"11,700.00"
2019-03-11,2019031101006091,SICL,36,53,50,897.00,"44,850.00"
2019-03-11,2019031101006087,SIL,49,25,50,615.00,"30,750.00"
2019-03-11,2019031101005960,SIL,44,34,31,617.00,"19,127.00"
2019-03-11,2019031101005959,SIL,44,39,13,617.00,"8,021.00"
2019-03-11,2019031101005958,SIL,44,43,39,616.00,"24,024.00"
2019-03-11,2019031101005957,SIL,44,25,10,616.00,"6,160.00"
2019-03-11,2019031101005855,SIL,49,6,200,615.00,"123,000.00"
2019-03-11,2019031101005854,SIL,49,56,418,614.00,"256,652.00"
2019-03-11,2019031101006114,SINDU,58,29,100,117.00,"11,700.00"
2019-03-11,2019031101005806,SKBBL,26,43,190,865.00,"164,350.00"
2019-03-11,2019031101005805,SKBBL,26,19,40,865.00,"34,600.00"
2019-03-11,2019031101005804,SKBBL,26,21,20,865.00,"17,300.00"
2019-03-11,2019031101005870,SLBSL,22,13,10,764.00,"7,640.00"
2019-03-11,2019031101005813,SLBSL,41,42,10,765.00,"7,650.00"
2019-03-11,2019031101006190,SLICL,19,39,160,540.00,"86,400.00"
2019-03-11,2019031101005837,SLICL,42,58,100,535.00,"53,500.00"
2019-03-11,2019031101005825,SLICL,17,1,50,540.00,"27,000.00"
2019-03-11,2019031101005824,SLICL,17,50,200,540.00,"108,000.00"
2019-03-11,2019031101005823,SLICL,17,25,51,538.00,"27,438.00"
2019-03-11,2019031101005822,SLICL,17,50,140,538.00,"75,320.00"
2019-03-11,2019031101005794,SMB,59,6,10,625.00,"6,250.00"
2019-03-11,2019031101005882,SMB,50,13,10,613.00,"6,130.00"
2019-03-11,2019031101006023,SMB,59,10,10,618.00,"6,180.00"
2019-03-11,2019031101006234,SRBL,17,34,200,219.00,"43,800.00"
2019-03-11,2019031101006148,SRBL,44,6,500,219.00,"109,500.00"
2019-03-11,2019031101006147,SRBL,44,25,"1,000",219.00,"219,000.00"
2019-03-11,2019031101006146,SRBL,44,38,500,219.00,"109,500.00"
2019-03-11,2019031101006145,SRBL,44,21,35,219.00,"7,665.00"
2019-03-11,2019031101006144,SRBL,44,21,88,219.00,"19,272.00"
2019-03-11,2019031101006143,SRBL,44,42,500,219.00,"109,500.00"
2019-03-11,2019031101005995,SRBL,44,16,100,217.00,"21,700.00"
2019-03-11,2019031101005911,SRBL,49,34,500,218.00,"109,000.00"
2019-03-11,2019031101005768,SRBL,44,28,"1,603",218.00,"349,454.00"
2019-03-11,2019031101006237,UPPER,59,22,50,234.00,"11,700.00"
2019-03-11,2019031101006216,UPPER,59,22,50,234.00,"11,700.00"
2019-03-11,2019031101006205,UPPER,59,56,40,234.00,"9,360.00"
2019-03-11,2019031101006150,UPPER,39,19,160,234.00,"37,440.00"
2019-03-11,2019031101006149,UPPER,39,44,260,234.00,"60,840.00"
2019-03-11,2019031101006125,UPPER,45,52,40,233.00,"9,320.00"
2019-03-11,2019031101005764,UPPER,1,45,170,233.00,"39,610.00"
2019-03-11,2019031101005797,UPPER,59,19,400,234.00,"93,600.00"
2019-03-11,2019031101005786,UPPER,42,29,80,234.00,"18,720.00"
2019-03-11,2019031101005785,UPPER,42,32,20,234.00,"4,680.00"
2019-03-11,2019031101005778,UPPER,1,35,50,233.00,"11,650.00"
2019-03-11,2019031101005770,UPPER,1,35,50,233.00,"11,650.00"
2019-03-11,2019031101005766,UPPER,1,35,40,233.00,"9,320.00"
2019-03-11,2019031101005947,UPPER,59,13,50,234.00,"11,700.00"
2019-03-11,2019031101005893,UPPER,59,13,40,234.00,"9,360.00"
2019-03-11,2019031101005888,UPPER,59,49,40,234.00,"9,360.00"
2019-03-11,2019031101005848,UPPER,59,42,40,234.00,"9,360.00"
2019-03-11,2019031101005799,UPPER,59,51,40,234.00,"9,360.00"
2019-03-11,2019031101005798,UPPER,59,29,920,234.00,"215,280.00"
2019-03-11,2019031101005973,UPPER,59,43,40,234.00,"9,360.00"
2019-03-11,2019031101005968,UPPER,46,42,400,235.00,"94,000.00"
2019-03-11,2019031101005967,UPPER,46,16,100,235.00,"23,500.00"
2019-03-11,2019031101005966,UPPER,46,56,50,235.00,"11,750.00"
2019-03-11,2019031101005961,UPPER,59,13,50,234.00,"11,700.00"
2019-03-11,2019031101005949,UPPER,45,45,52,235.00,"12,220.00"
2019-03-11,2019031101006015,UPPER,59,44,740,234.00,"173,160.00"
2019-03-11,2019031101006014,UPPER,59,56,50,234.00,"11,700.00"
2019-03-11,2019031101006000,UPPER,59,13,40,234.00,"9,360.00"
2019-03-11,2019031101005993,UPPER,16,14,100,235.00,"23,500.00"
2019-03-11,2019031101005992,UPPER,16,42,300,235.00,"70,500.00"
2019-03-11,2019031101005982,UPPER,59,43,50,234.00,"11,700.00"
2019-03-11,2019031101006095,UPPER,45,59,50,233.00,"11,650.00"
2019-03-11,2019031101006090,UPPER,45,52,50,233.00,"11,650.00"
2019-03-11,2019031101006086,UPPER,1,59,32,233.00,"7,456.00"
2019-03-11,2019031101006030,UPPER,1,43,40,233.00,"9,320.00"
2019-03-11,2019031101006017,UPPER,59,44,300,234.00,"70,200.00"
2019-03-11,2019031101006016,UPPER,36,44,200,234.00,"46,800.00"
2019-03-11,2019031101006063,VLBS,41,14,300,693.00,"207,900.00"
2019-03-11,2019031101006056,VLBS,41,43,105,683.00,"71,715.00"
2019-03-11,2019031101006055,VLBS,41,43,110,682.00,"75,020.00"
2019-03-11,2019031101006020,VLBS,42,10,12,670.00,"8,040.00"
2019-03-11,2019031101005391,ADBL,16,53,76,296.00,"22,496.00"
2019-03-11,2019031101005638,AKJCL,42,42,10,81.00,810.00
2019-03-11,2019031101005608,AKJCL,42,42,10,81.00,810.00
2019-03-11,2019031101005315,AKJCL,42,58,10,81.00,810.00
2019-03-11,2019031101005501,AKPL,22,35,63,182.00,"11,466.00"
2019-03-11,2019031101005723,ALICL,45,21,15,396.00,"5,940.00"
2019-03-11,2019031101005662,ALICL,16,38,100,397.00,"39,700.00"
2019-03-11,2019031101005392,ALICL,45,26,30,396.00,"11,880.00"
2019-03-11,2019031101005560,AMFI,19,10,10,648.00,"6,480.00"
2019-03-11,2019031101005572,API,25,38,50,134.00,"6,700.00"
2019-03-11,2019031101005552,API,25,43,125,133.00,"16,625.00"
2019-03-11,2019031101005521,API,6,43,50,133.00,"6,650.00"
2019-03-11,2019031101005520,API,45,43,325,133.00,"43,225.00"
2019-03-11,2019031101005487,API,25,38,105,134.00,"14,070.00"
2019-03-11,2019031101005473,API,42,38,20,134.00,"2,680.00"
2019-03-11,2019031101005440,BARUN,25,39,90,93.00,"8,370.00"
2019-03-11,2019031101005312,BARUN,25,16,10,93.00,930.00
2019-03-11,2019031101005489,BHBL,34,51,328,145.00,"47,560.00"
2019-03-11,2019031101005713,BOKL,49,29,25,250.00,"6,250.00"
2019-03-11,2019031101005704,BOKL,58,28,29,248.00,"7,192.00"
2019-03-11,2019031101005652,BOKL,14,51,"2,000",250.00,"500,000.00"
2019-03-11,2019031101005525,BPCL,21,26,10,355.00,"3,550.00"
2019-03-11,2019031101005485,BPCL,21,44,20,355.00,"7,100.00"
2019-03-11,2019031101005417,BPCL,25,34,10,355.00,"3,550.00"
2019-03-11,2019031101005325,BPCL,25,16,20,355.00,"7,100.00"
2019-03-11,2019031101005413,CBL,58,53,74,153.00,"11,322.00"
2019-03-11,2019031101005412,CBL,36,53,346,153.00,"52,938.00"
2019-03-11,2019031101005366,CBL,46,16,"1,200",154.00,"184,800.00"
2019-03-11,2019031101005335,CBL,36,16,24,153.00,"3,672.00"
2019-03-11,2019031101005626,CCBL,44,58,16,164.00,"2,624.00"
2019-03-11,2019031101005625,CCBL,36,58,77,164.00,"12,628.00"
2019-03-11,2019031101005422,CCBL,36,53,105,164.00,"17,220.00"
2019-03-11,2019031101005699,CFCL,49,28,196,105.00,"20,580.00"
2019-03-11,2019031101005698,CFCL,25,28,10,105.00,"1,050.00"
2019-03-11,2019031101005689,CHCL,16,6,10,517.00,"5,170.00"
2019-03-11,2019031101005607,CHCL,58,45,50,516.00,"25,800.00"
2019-03-11,2019031101005606,CHCL,58,19,56,515.00,"28,840.00"
2019-03-11,2019031101005592,CHCL,32,19,45,511.00,"22,995.00"
2019-03-11,2019031101005445,CHCL,58,57,20,510.00,"10,200.00"
2019-03-11,2019031101005674,CHLBS,48,56,10,561.00,"5,610.00"
2019-03-11,2019031101005663,CHLBS,48,56,10,561.00,"5,610.00"
2019-03-11,2019031101005654,CHLBS,48,56,10,561.00,"5,610.00"
2019-03-11,2019031101005639,CHLBS,48,56,10,561.00,"5,610.00"
2019-03-11,2019031101005357,CHLBS,48,44,10,561.00,"5,610.00"
2019-03-11,2019031101005351,CHLBS,48,44,10,561.00,"5,610.00"
2019-03-11,2019031101005289,CHLBS,48,44,10,561.00,"5,610.00"
2019-03-11,2019031101005537,CIT,52,38,20,"2,617.00","52,340.00"
2019-03-11,2019031101005527,CIT,39,50,10,"2,616.00","26,160.00"
2019-03-11,2019031101005526,CIT,39,38,32,"2,616.00","83,712.00"
2019-03-11,2019031101005468,CIT,6,38,58,"2,616.00","151,728.00"
2019-03-11,2019031101005296,CIT,52,38,10,"2,616.00","26,160.00"
2019-03-11,2019031101005291,CIT,50,40,50,"2,614.00","130,700.00"
2019-03-11,2019031101005290,CIT,28,21,30,"2,615.00","78,450.00"
2019-03-11,2019031101005268,CIT,28,21,50,"2,615.00","130,750.00"
2019-03-11,2019031101005261,CIT,50,18,150,"2,614.00","392,100.00"
2019-03-11,2019031101005260,CIT,52,18,50,"2,614.00","130,700.00"
2019-03-11,2019031101005680,CZBIL,53,13,150,213.00,"31,950.00"
2019-03-11,2019031101005670,CZBIL,53,54,100,213.00,"21,300.00"
2019-03-11,2019031101005669,CZBIL,53,41,100,213.00,"21,300.00"
2019-03-11,2019031101005668,CZBIL,53,48,450,213.00,"95,850.00"
2019-03-11,2019031101005667,CZBIL,53,13,700,213.00,"149,100.00"
2019-03-11,2019031101005666,CZBIL,53,41,500,213.00,"106,500.00"
2019-03-11,2019031101005431,CZBIL,57,34,63,211.00,"13,293.00"
2019-03-11,2019031101005430,CZBIL,57,58,300,211.00,"63,300.00"
2019-03-11,2019031101005429,CZBIL,57,22,137,211.00,"28,907.00"
2019-03-11,2019031101005408,CZBIL,50,49,200,210.00,"42,000.00"
2019-03-11,2019031101005396,CZBIL,50,1,234,210.00,"49,140.00"
2019-03-11,2019031101005257,CZBIL,45,22,300,211.00,"63,300.00"
2019-03-11,2019031101005617,CZBIL,54,39,200,212.00,"42,400.00"
2019-03-11,2019031101005616,CZBIL,54,41,200,212.00,"42,400.00"
2019-03-11,2019031101005493,CZBIL,45,38,90,211.00,"18,990.00"
2019-03-11,2019031101005492,CZBIL,45,14,410,211.00,"86,510.00"
2019-03-11,2019031101005491,CZBIL,45,34,517,211.00,"109,087.00"
2019-03-11,2019031101005623,CZBIL,54,1,200,212.00,"42,400.00"
2019-03-11,2019031101005622,CZBIL,54,54,50,212.00,"10,600.00"
2019-03-11,2019031101005621,CZBIL,54,41,100,212.00,"21,200.00"
2019-03-11,2019031101005620,CZBIL,54,25,100,212.00,"21,200.00"
2019-03-11,2019031101005619,CZBIL,54,17,500,212.00,"106,000.00"
2019-03-11,2019031101005618,CZBIL,54,44,200,212.00,"42,400.00"
2019-03-11,2019031101005549,DBBL,10,16,82,124.00,"10,168.00"
2019-03-11,2019031101005272,DBBL,57,48,200,125.00,"25,000.00"
2019-03-11,2019031101005271,DBBL,57,17,300,125.00,"37,500.00"
2019-03-11,2019031101005270,DBBL,57,59,500,125.00,"62,500.00"
2019-03-11,2019031101005269,DBBL,57,43,"1,232",125.00,"154,000.00"
2019-03-11,2019031101005637,DDBL,4,1,65,603.00,"39,195.00"
2019-03-11,2019031101005646,EBL,34,58,48,525.00,"25,200.00"
2019-03-11,2019031101005645,EBL,57,58,100,526.00,"52,600.00"
2019-03-11,2019031101005274,EBL,42,22,100,526.00,"52,600.00"
2019-03-11,2019031101005471,EDBL,37,57,25,282.00,"7,050.00"
2019-03-11,2019031101005716,FMDBL,45,28,42,380.00,"15,960.00"
2019-03-11,2019031101005641,FMDBL,42,28,258,381.00,"98,298.00"
2019-03-11,2019031101005640,FMDBL,42,39,42,381.00,"16,002.00"
2019-03-11,2019031101005395,FMDBL,33,34,100,380.00,"38,000.00"
2019-03-11,2019031101005394,FMDBL,33,16,562,380.00,"213,560.00"
2019-03-11,2019031101005287,FMDBL,49,56,200,379.00,"75,800.00"
2019-03-11,2019031101005286,FMDBL,49,17,100,376.00,"37,600.00"
2019-03-11,2019031101005576,FOWAD,42,46,15,"1,545.00","23,175.00"
2019-03-11,2019031101005575,FOWAD,42,49,10,"1,544.00","15,440.00"
2019-03-11,2019031101005574,FOWAD,42,54,15,"1,540.00","23,100.00"
2019-03-11,2019031101005573,FOWAD,42,44,25,"1,540.00","38,500.00"
2019-03-11,2019031101005415,FOWAD,53,46,30,"1,530.00","45,900.00"
2019-03-11,2019031101005720,GBBL,26,43,699,186.00,"130,014.00"
2019-03-11,2019031101005719,GBBL,26,46,68,186.00,"12,648.00"
2019-03-11,2019031101005718,GBBL,26,48,180,186.00,"33,480.00"
2019-03-11,2019031101005313,GBBL,1,48,100,186.00,"18,600.00"
2019-03-11,2019031101005659,GBIME,25,58,29,264.00,"7,656.00"
2019-03-11,2019031101005658,GBIME,45,58,18,264.00,"4,752.00"
2019-03-11,2019031101005434,GBIME,45,53,32,264.00,"8,448.00"
2019-03-11,2019031101005433,GBIME,17,53,133,264.00,"35,112.00"
2019-03-11,2019031101005409,GBIME,19,28,100,265.00,"26,500.00"
2019-03-11,2019031101005305,GBIME,19,56,863,265.00,"228,695.00"
2019-03-11,2019031101005642,GBLBS,52,1,10,447.00,"4,470.00"
2019-03-11,2019031101005516,GBLBS,49,39,140,448.00,"62,720.00"
2019-03-11,2019031101005500,GBLBS,1,42,100,450.00,"45,000.00"
2019-03-11,2019031101005499,GBLBS,1,36,10,450.00,"4,500.00"
2019-03-11,2019031101005498,GBLBS,1,34,10,449.00,"4,490.00"
2019-03-11,2019031101005425,GBLBS,49,16,10,448.00,"4,480.00"
2019-03-11,2019031101005362,GBLBS,49,36,10,448.00,"4,480.00"
2019-03-11,2019031101005342,GBLBS,49,36,10,448.00,"4,480.00"
2019-03-11,2019031101005316,GDBL,1,14,300,183.00,"54,900.00"
2019-03-11,2019031101005297,GDBL,1,14,200,183.00,"36,600.00"
2019-03-11,2019031101005443,GFCL,38,53,220,114.00,"25,080.00"
2019-03-11,2019031101005475,GLICL,17,29,30,743.00,"22,290.00"
2019-03-11,2019031101005292,GRDBL,21,28,10,102.00,"1,020.00"
2019-03-11,2019031101005308,GUFL,14,28,18,110.00,"1,980.00"
2019-03-11,2019031101005470,HATH,6,53,80,121.00,"9,680.00"
2019-03-11,2019031101005673,HBL,1,58,69,441.00,"30,429.00"
2019-03-11,2019031101005427,HBL,46,7,100,442.00,"44,200.00"
2019-03-11,2019031101005556,HIDCL,13,25,478,130.00,"62,140.00"
2019-03-11,2019031101005555,HIDCL,53,25,146,130.00,"18,980.00"
2019-03-11,2019031101005554,HIDCL,16,25,912,131.00,"119,472.00"
2019-03-11,2019031101005553,HIDCL,22,25,264,132.00,"34,848.00"
2019-03-11,2019031101005536,HIDCL,22,37,36,132.00,"4,752.00"
2019-03-11,2019031101005488,HIDCL,16,53,88,131.00,"11,528.00"
2019-03-11,2019031101005709,HPPL,45,45,10,183.00,"1,830.00"
2019-03-11,2019031101005708,HPPL,45,25,75,182.00,"13,650.00"
2019-03-11,2019031101005707,HPPL,45,39,10,181.00,"1,810.00"
2019-03-11,2019031101005683,HPPL,41,37,10,180.00,"1,800.00"
2019-03-11,2019031101005682,HPPL,41,34,10,179.00,"1,790.00"
2019-03-11,2019031101005518,ICFC,35,53,155,149.00,"23,095.00"
2019-03-11,2019031101005746,JBBL,47,58,58,138.00,"8,004.00"
2019-03-11,2019031101005672,JBBL,47,19,21,138.00,"2,898.00"
2019-03-11,2019031101005529,JBBL,47,53,367,138.00,"50,646.00"
2019-03-11,2019031101005694,JBNL,5,17,315,172.00,"54,180.00"
2019-03-11,2019031101005693,JBNL,5,6,60,172.00,"10,320.00"
2019-03-11,2019031101005692,JBNL,5,56,125,172.00,"21,500.00"
2019-03-11,2019031101005544,KBBL,48,43,35,208.00,"7,280.00"
2019-03-11,2019031101005543,KBBL,10,43,20,208.00,"4,160.00"
2019-03-11,2019031101005690,KBL,13,33,100,236.00,"23,600.00"
2019-03-11,2019031101005341,KMFL,51,47,37,870.00,"32,190.00"
2019-03-11,2019031101005435,KPCL,39,26,10,91.00,910.00
2019-03-11,2019031101005474,KPCL,39,26,10,91.00,910.00
2019-03-11,2019031101005437,KPCL,39,16,10,91.00,910.00
2019-03-11,2019031101005533,KPCL,39,26,10,91.00,910.00
2019-03-11,2019031101005600,KRBL,6,51,36,97.00,"3,492.00"
2019-03-11,2019031101005254,KRBL,6,44,64,97.00,"6,208.00"
2019-03-11,2019031101005581,KSBBL,58,34,30,138.00,"4,140.00"
2019-03-11,2019031101005675,LBL,14,45,100,193.00,"19,300.00"
2019-03-11,2019031101005365,LICN,28,38,100,"1,464.00","146,400.00"
2019-03-11,2019031101005364,LICN,28,17,180,"1,461.00","262,980.00"
2019-03-11,2019031101005363,LICN,28,38,200,"1,460.00","292,000.00"
2019-03-11,2019031101005295,LICN,28,38,100,"1,451.00","145,100.00"
2019-03-11,2019031101005303,LLBS,57,58,100,776.00,"77,600.00"
2019-03-11,2019031101005285,LLBS,57,28,21,776.00,"16,296.00"
2019-03-11,2019031101005752,MBL,58,28,30,217.00,"6,510.00"
2019-03-11,2019031101005540,MBL,34,28,"1,000",217.00,"217,000.00"
2019-03-11,2019031101005381,MBL,1,28,220,217.00,"47,740.00"
2019-03-11,2019031101005380,MBL,1,36,280,217.00,"60,760.00"
2019-03-11,2019031101005302,MBL,26,28,"1,000",216.00,"216,000.00"
2019-03-11,2019031101005301,MBL,50,28,500,216.00,"108,000.00"
2019-03-11,2019031101005300,MBL,16,28,150,216.00,"32,400.00"
2019-03-11,2019031101005745,MDB,58,39,30,228.00,"6,840.00"
2019-03-11,2019031101005725,MDB,42,39,115,228.00,"26,220.00"
2019-03-11,2019031101005688,MEGA,35,58,18,162.00,"2,916.00"
2019-03-11,2019031101005679,MEGA,49,59,500,163.00,"81,500.00"
2019-03-11,2019031101005678,MEGA,49,36,52,163.00,"8,476.00"
2019-03-11,2019031101005677,MEGA,49,57,102,163.00,"16,626.00"
2019-03-11,2019031101005358,MERO,52,37,67,601.00,"40,267.00"
2019-03-11,2019031101005266,MERO,52,28,30,601.00,"18,030.00"
2019-03-11,2019031101005585,MFIL,58,53,56,113.00,"6,328.00"
2019-03-11,2019031101005733,MNBBL,42,34,50,345.00,"17,250.00"
2019-03-11,2019031101005732,MNBBL,42,53,13,345.00,"4,485.00"
2019-03-11,2019031101005579,MNBBL,16,53,105,345.00,"36,225.00"
2019-03-11,2019031101005438,MNBBL,16,19,395,345.00,"136,275.00"
2019-03-11,2019031101005276,MNBBL,58,28,83,344.00,"28,552.00"
2019-03-11,2019031101005320,MSMBS,41,58,60,536.00,"32,160.00"
2019-03-11,2019031101005275,MSMBS,29,10,11,526.00,"5,786.00"
2019-03-11,2019031101005262,MSMBS,29,10,11,526.00,"5,786.00"
2019-03-11,2019031101005598,NABIL,28,28,"3,500",698.00,"2,443,000.00"
2019-03-11,2019031101005566,NABIL,36,3,40,699.00,"27,960.00"
2019-03-11,2019031101005535,NABIL,45,21,160,695.00,"111,200.00"
2019-03-11,2019031101005534,NABIL,5,21,40,695.00,"27,800.00"
2019-03-11,2019031101005361,NABIL,5,21,20,695.00,"13,900.00"
2019-03-11,2019031101005319,NABIL,5,22,90,695.00,"62,550.00"
2019-03-11,2019031101005318,NABIL,14,22,40,695.00,"27,800.00"
2019-03-11,2019031101005439,NABILP,28,34,267,658.00,"175,686.00"
2019-03-11,2019031101005671,NADEP,34,41,94,685.00,"64,390.00"
2019-03-11,2019031101005700,NBB,25,28,500,192.00,"96,000.00"
2019-03-11,2019031101005565,NBB,22,28,330,192.00,"63,360.00"
2019-03-11,2019031101005349,NBB,41,28,"1,000",192.00,"192,000.00"
2019-03-11,2019031101005687,NBL,49,36,100,287.00,"28,700.00"
2019-03-11,2019031101005686,NBL,19,36,300,287.00,"86,100.00"
2019-03-11,2019031101005685,NBL,59,36,400,287.00,"114,800.00"
2019-03-11,2019031101005684,NBL,53,36,"1,064",287.00,"305,368.00"
2019-03-11,2019031101005657,NBL,53,48,936,287.00,"268,632.00"
2019-03-11,2019031101005656,NBL,35,48,150,287.00,"43,050.00"
2019-03-11,2019031101005655,NBL,49,48,914,287.00,"262,318.00"
2019-03-11,2019031101005602,NBL,37,19,50,288.00,"14,400.00"
2019-03-11,2019031101005542,NBL,1,19,150,288.00,"43,200.00"
2019-03-11,2019031101005352,NBL,49,25,62,287.00,"17,794.00"
2019-03-11,2019031101005273,NBL,49,28,24,287.00,"6,888.00"
2019-03-11,2019031101005753,NCCB,17,58,"1,418",211.00,"299,198.00"
2019-03-11,2019031101005731,NCCB,36,45,101,210.00,"21,210.00"
2019-03-11,2019031101005730,NCCB,34,45,149,210.00,"31,290.00"
2019-03-11,2019031101005728,NCCB,40,58,100,211.00,"21,100.00"
2019-03-11,2019031101005594,NCCB,34,25,34,210.00,"7,140.00"
2019-03-11,2019031101005583,NCCB,48,58,482,211.00,"101,702.00"
2019-03-11,2019031101005496,NCCB,44,46,170,211.00,"35,870.00"
2019-03-11,2019031101005428,NCCB,19,46,204,211.00,"43,044.00"
2019-03-11,2019031101005350,NCCB,19,28,200,211.00,"42,200.00"
2019-03-11,2019031101005348,NCCB,19,43,96,211.00,"20,256.00"
2019-03-11,2019031101005282,NCCB,34,16,74,210.00,"15,540.00"
2019-03-11,2019031101005582,NCCB,48,32,18,211.00,"3,798.00"
2019-03-11,2019031101005571,NCCB,34,49,108,210.00,"22,680.00"
2019-03-11,2019031101005563,NCCB,49,32,108,211.00,"22,788.00"
2019-03-11,2019031101005531,NCCB,46,32,374,211.00,"78,914.00"
2019-03-11,2019031101005530,NCCB,46,46,126,211.00,"26,586.00"
2019-03-11,2019031101005514,NCCB,34,43,21,210.00,"4,410.00"
2019-03-11,2019031101005367,NHDL,48,37,10,129.00,"1,290.00"
2019-03-11,2019031101005633,NHPC,20,19,500,69.00,"34,500.00"
2019-03-11,2019031101005632,NHPC,20,7,"1,010",69.00,"69,690.00"
2019-03-11,2019031101005631,NHPC,20,11,"1,200",69.00,"82,800.00"
2019-03-11,2019031101005630,NHPC,20,25,500,69.00,"34,500.00"
2019-03-11,2019031101005629,NHPC,20,17,350,69.00,"24,150.00"
2019-03-11,2019031101005628,NHPC,20,17,500,69.00,"34,500.00"
2019-03-11,2019031101005379,NHPC,58,13,50,68.00,"3,400.00"
2019-03-11,2019031101005627,NHPC,20,37,"1,200",69.00,"82,800.00"
2019-03-11,2019031101005448,NHPC,58,37,50,69.00,"3,450.00"
2019-03-11,2019031101005404,NHPC,51,7,200,68.00,"13,600.00"
2019-03-11,2019031101005403,NHPC,51,7,"1,000",68.00,"68,000.00"
2019-03-11,2019031101005402,NHPC,51,38,100,68.00,"6,800.00"
2019-03-11,2019031101005401,NHPC,51,13,210,68.00,"14,280.00"
2019-03-11,2019031101005715,NIB,41,58,50,527.00,"26,350.00"
2019-03-11,2019031101005714,NIB,32,58,200,527.00,"105,400.00"
2019-03-11,2019031101005462,NIB,59,22,325,530.00,"172,250.00"
2019-03-11,2019031101005461,NIB,59,1,100,530.00,"53,000.00"
2019-03-11,2019031101005460,NIB,59,54,100,530.00,"53,000.00"
2019-03-11,2019031101005459,NIB,59,28,37,530.00,"19,610.00"
2019-03-11,2019031101005423,NIB,17,50,200,528.00,"105,600.00"
2019-03-11,2019031101005356,NIB,59,22,40,527.00,"21,080.00"
2019-03-11,2019031101005355,NIB,57,22,160,527.00,"84,320.00"
2019-03-11,2019031101005458,NIB,59,8,100,529.00,"52,900.00"
2019-03-11,2019031101005457,NIB,59,25,14,529.00,"7,406.00"
2019-03-11,2019031101005456,NIB,59,59,12,529.00,"6,348.00"
2019-03-11,2019031101005455,NIB,59,4,100,529.00,"52,900.00"
2019-03-11,2019031101005454,NIB,59,47,20,528.00,"10,560.00"
2019-03-11,2019031101005453,NIB,59,50,152,528.00,"80,256.00"
2019-03-11,2019031101005740,NICA,45,45,27,398.00,"10,746.00"
2019-03-11,2019031101005739,NICA,43,45,73,398.00,"29,054.00"
2019-03-11,2019031101005578,NICA,43,50,350,398.00,"139,300.00"
2019-03-11,2019031101005570,NICA,43,40,50,398.00,"19,900.00"
2019-03-11,2019031101005567,NICA,45,44,200,399.00,"79,800.00"
2019-03-11,2019031101005548,NICA,1,44,150,399.00,"59,850.00"
2019-03-11,2019031101005255,NICA,50,14,190,399.00,"75,810.00"
2019-03-11,2019031101005545,NICA,43,59,132,398.00,"52,536.00"
2019-03-11,2019031101005449,NICA,43,50,20,398.00,"7,960.00"
2019-03-11,2019031101005347,NICA,43,22,100,398.00,"39,800.00"
2019-03-11,2019031101005336,NICA,43,14,200,398.00,"79,600.00"
2019-03-11,2019031101005307,NICA,43,16,75,398.00,"29,850.00"
2019-03-11,2019031101005256,NICA,50,44,310,399.00,"123,690.00"
2019-03-11,2019031101005653,NIL,42,34,200,531.00,"106,200.00"
2019-03-11,2019031101005615,NIL,53,33,170,530.00,"90,100.00"
2019-03-11,2019031101005550,NIL,53,14,30,530.00,"15,900.00"
2019-03-11,2019031101005490,NIL,38,34,550,530.00,"291,500.00"
2019-03-11,2019031101005483,NIL,38,34,450,530.00,"238,500.00"
2019-03-11,2019031101005482,NIL,38,16,100,530.00,"53,000.00"
2019-03-11,2019031101005400,NIL,58,11,200,528.00,"105,600.00"
2019-03-11,2019031101005373,NLG,42,37,20,823.00,"16,460.00"
2019-03-11,2019031101005372,NLG,19,37,10,825.00,"8,250.00"
2019-03-11,2019031101005371,NLG,19,37,35,825.00,"28,875.00"
2019-03-11,2019031101005748,NLIC,16,39,17,"1,116.00","18,972.00"
2019-03-11,2019031101005735,NLIC,50,50,17,"1,117.00","18,989.00"
2019-03-11,2019031101005734,NLIC,50,50,17,"1,117.00","18,989.00"
2019-03-11,2019031101005721,NLIC,16,42,50,"1,116.00","55,800.00"
2019-03-11,2019031101005605,NLIC,48,28,250,"1,117.00","279,250.00"
2019-03-11,2019031101005597,NLIC,54,34,182,"1,119.00","203,658.00"
2019-03-11,2019031101005385,NLIC,36,36,400,"1,115.00","446,000.00"
2019-03-11,2019031101005384,NLIC,36,16,17,"1,115.00","18,955.00"
2019-03-11,2019031101005383,NLIC,36,36,17,"1,115.00","18,955.00"
2019-03-11,2019031101005338,NLIC,6,16,10,"1,116.00","11,160.00"
2019-03-11,2019031101005288,NLIC,49,42,83,"1,115.00","92,545.00"
2019-03-11,2019031101005263,NLIC,49,36,17,"1,115.00","18,955.00"
2019-03-11,2019031101005596,NLIC,54,41,318,"1,117.00","355,206.00"
2019-03-11,2019031101005568,NLIC,16,42,100,"1,116.00","111,600.00"
2019-03-11,2019031101005547,NLIC,16,42,12,"1,116.00","13,392.00"
2019-03-11,2019031101005519,NLIC,44,44,7,"1,115.00","7,805.00"
2019-03-11,2019031101005414,NLIC,16,16,54,"1,116.00","60,264.00"
2019-03-11,2019031101005386,NLIC,36,36,17,"1,115.00","18,955.00"
2019-03-11,2019031101005717,NLICL,5,44,50,663.00,"33,150.00"
2019-03-11,2019031101005590,NLICL,44,47,50,662.00,"33,100.00"
2019-03-11,2019031101005589,NLICL,44,46,100,662.00,"66,200.00"
2019-03-11,2019031101005564,NLICL,50,39,200,657.00,"131,400.00"
2019-03-11,2019031101005558,NLICL,49,58,150,660.00,"99,000.00"
2019-03-11,2019031101005557,NLICL,49,59,350,660.00,"231,000.00"
2019-03-11,2019031101005377,NLICL,53,59,150,660.00,"99,000.00"
2019-03-11,2019031101005376,NLICL,53,14,50,659.00,"32,950.00"
2019-03-11,2019031101005375,NLICL,53,34,100,659.00,"65,900.00"
2019-03-11,2019031101005374,NLICL,53,40,150,658.00,"98,700.00"
2019-03-11,2019031101005743,NMB,56,58,200,320.00,"64,000.00"
2019-03-11,2019031101005742,NMB,58,58,330,320.00,"105,600.00"
2019-03-11,2019031101005741,NMB,53,58,890,320.00,"284,800.00"
2019-03-11,2019031101005551,NMB,45,51,160,321.00,"51,360.00"
2019-03-11,2019031101005343,NMB,45,53,150,321.00,"48,150.00"
2019-03-11,2019031101005332,NMB,45,38,190,321.00,"60,990.00"
2019-03-11,2019031101005311,NMB,41,44,200,322.00,"64,400.00"
2019-03-11,2019031101005310,NMB,41,25,500,322.00,"161,000.00"
2019-03-11,2019031101005309,NMB,41,14,300,322.00,"96,600.00"
2019-03-11,2019031101005681,NMFBS,42,38,10,"1,687.00","16,870.00"
2019-03-11,2019031101005293,NNLB,29,32,50,475.00,"23,750.00"
2019-03-11,2019031101005327,NSEWA,49,36,10,549.00,"5,490.00"
2019-03-11,2019031101005326,NSEWA,49,10,10,549.00,"5,490.00"
2019-03-11,2019031101005480,NUBL,42,11,21,739.00,"15,519.00"
2019-03-11,2019031101005479,NUBL,42,45,30,738.00,"22,140.00"
2019-03-11,2019031101005478,NUBL,42,45,49,735.00,"36,015.00"
2019-03-11,2019031101005706,OHL,42,58,20,429.00,"8,580.00"
2019-03-11,2019031101005695,OHL,34,58,10,437.00,"4,370.00"
2019-03-11,2019031101005727,PCBL,59,45,100,314.00,"31,400.00"
2019-03-11,2019031101005436,PFL,7,58,13,129.00,"1,677.00"
2019-03-11,2019031101005406,PFL,7,53,69,129.00,"8,901.00"
2019-03-11,2019031101005405,PFL,51,53,100,129.00,"12,900.00"
2019-03-11,2019031101005661,PIC,39,39,11,"1,040.00","11,440.00"
2019-03-11,2019031101005660,PIC,39,45,12,"1,040.00","12,480.00"
2019-03-11,2019031101005446,PIC,34,16,33,"1,037.00","34,221.00"
2019-03-11,2019031101005344,PIC,59,45,10,"1,040.00","10,400.00"
2019-03-11,2019031101005676,PICL,17,58,933,715.00,"667,095.00"
2019-03-11,2019031101005472,PICL,53,33,100,710.00,"71,000.00"
2019-03-11,2019031101005279,PICL,53,49,48,710.00,"34,080.00"
2019-03-11,2019031101005505,PLIC,59,10,100,454.00,"45,400.00"
2019-03-11,2019031101005750,PMHPL,10,21,10,110.00,"1,100.00"
2019-03-11,2019031101005522,PMHPL,10,44,10,110.00,"1,100.00"
2019-03-11,2019031101005486,PMHPL,10,26,10,110.00,"1,100.00"
2019-03-11,2019031101005463,PMHPL,10,44,10,110.00,"1,100.00"
2019-03-11,2019031101005441,PMHPL,10,26,10,110.00,"1,100.00"
2019-03-11,2019031101005416,PMHPL,10,44,10,110.00,"1,100.00"
2019-03-11,2019031101005389,PMHPL,10,44,10,110.00,"1,100.00"
2019-03-11,2019031101005370,PMHPL,10,44,10,110.00,"1,100.00"
2019-03-11,2019031101005334,PMHPL,10,44,10,110.00,"1,100.00"
2019-03-11,2019031101005294,PMHPL,10,44,10,110.00,"1,100.00"
2019-03-11,2019031101005749,PRVU,35,45,80,234.00,"18,720.00"
2019-03-11,2019031101005729,PRVU,35,26,138,234.00,"32,292.00"
2019-03-11,2019031101005712,PRVU,35,32,30,234.00,"7,020.00"
2019-03-11,2019031101005711,PRVU,35,45,100,234.00,"23,400.00"
2019-03-11,2019031101005697,PRVU,35,13,400,234.00,"93,600.00"
2019-03-11,2019031101005258,PRVU,45,34,800,234.00,"187,200.00"
2019-03-11,2019031101005328,PRVU,59,13,140,234.00,"32,760.00"
2019-03-11,2019031101005306,PRVU,35,13,160,234.00,"37,440.00"
2019-03-11,2019031101005267,PRVU,45,13,500,234.00,"117,000.00"
2019-03-11,2019031101005259,PRVU,45,13,200,234.00,"46,800.00"
2019-03-11,2019031101005502,PRVU,45,54,120,235.00,"28,200.00"
2019-03-11,2019031101005469,PRVU,32,54,380,235.00,"89,300.00"
2019-03-11,2019031101005467,PRVU,59,16,43,234.00,"10,062.00"
2019-03-11,2019031101005331,PRVU,59,53,300,234.00,"70,200.00"
2019-03-11,2019031101005330,PRVU,59,25,125,234.00,"29,250.00"
2019-03-11,2019031101005329,PRVU,59,48,"1,000",234.00,"234,000.00"
2019-03-11,2019031101005696,PRVU,35,25,530,234.00,"124,020.00"
2019-03-11,2019031101005587,PRVU,1,25,70,234.00,"16,380.00"
2019-03-11,2019031101005586,PRVU,1,14,30,234.00,"7,020.00"
2019-03-11,2019031101005528,PRVU,59,25,392,234.00,"91,728.00"
2019-03-11,2019031101005503,PRVU,45,13,380,235.00,"89,300.00"
2019-03-11,2019031101005447,RHPC,1,54,10,93.00,930.00
2019-03-11,2019031101005442,RHPC,1,54,10,92.00,920.00
2019-03-11,2019031101005378,RHPC,8,44,10,91.00,910.00
2019-03-11,2019031101005744,RMDC,21,41,15,535.00,"8,025.00"
2019-03-11,2019031101005593,RMDC,17,41,185,535.00,"98,975.00"
2019-03-11,2019031101005393,RMDC,17,37,15,535.00,"8,025.00"
2019-03-11,2019031101005665,RRHP,45,39,10,91.00,910.00
2019-03-11,2019031101005495,RRHP,45,26,10,91.00,910.00
2019-03-11,2019031101005477,RRHP,45,16,10,91.00,910.00
2019-03-11,2019031101005421,RRHP,45,44,10,91.00,910.00
2019-03-11,2019031101005635,RSDC,42,41,25,381.00,"9,525.00"
2019-03-11,2019031101005634,RSDC,26,41,58,381.00,"22,098.00"
2019-03-11,2019031101005524,RSDC,26,43,10,381.00,"3,810.00"
2019-03-11,2019031101005588,SADBL,58,53,308,140.00,"43,120.00"
2019-03-11,2019031101005411,SADBL,11,14,19,141.00,"2,679.00"
2019-03-11,2019031101005410,SADBL,11,38,481,141.00,"67,821.00"
2019-03-11,2019031101005604,SANIMA,1,45,50,302.00,"15,100.00"
2019-03-11,2019031101005603,SANIMA,1,11,105,302.00,"31,710.00"
2019-03-11,2019031101005601,SANIMA,58,11,30,302.00,"9,060.00"
2019-03-11,2019031101005515,SANIMA,14,55,300,301.00,"90,300.00"
2019-03-11,2019031101005738,SBI,18,19,19,389.00,"7,391.00"
2019-03-11,2019031101005737,SBI,18,40,81,389.00,"31,509.00"
2019-03-11,2019031101005705,SBI,18,45,20,388.00,"7,760.00"
2019-03-11,2019031101005691,SBI,58,45,30,388.00,"11,640.00"
2019-03-11,2019031101005452,SBI,25,52,250,389.00,"97,250.00"
2019-03-11,2019031101005451,SBI,25,1,50,389.00,"19,450.00"
2019-03-11,2019031101005450,SBI,25,25,130,389.00,"50,570.00"
2019-03-11,2019031101005418,SCB,7,1,30,540.00,"16,200.00"
2019-03-11,2019031101005382,SCB,8,1,80,540.00,"43,200.00"
2019-03-11,2019031101005369,SCB,8,21,20,540.00,"10,800.00"
2019-03-11,2019031101005726,SDESI,17,39,23,591.00,"13,593.00"
2019-03-11,2019031101005569,SDESI,29,56,86,595.00,"51,170.00"
2019-03-11,2019031101005354,SDESI,34,21,50,591.00,"29,550.00"
2019-03-11,2019031101005337,SDESI,34,28,22,591.00,"13,002.00"
2019-03-11,2019031101005333,SDESI,34,45,23,591.00,"13,593.00"
2019-03-11,2019031101005664,SEF,53,53,"2,000",9.15,"18,300.00"
2019-03-11,2019031101005265,SEF,22,49,"1,500",9.23,"13,845.00"
2019-03-11,2019031101005264,SEF,22,58,"2,500",9.23,"23,075.00"
2019-03-11,2019031101005314,SHL,49,50,150,205.00,"30,750.00"
2019-03-11,2019031101005584,SHPC,50,36,"1,100",231.00,"254,100.00"
2019-03-11,2019031101005494,SHPC,50,16,50,231.00,"11,550.00"
2019-03-11,2019031101005613,SIC,52,34,50,"1,319.00","65,950.00"
2019-03-11,2019031101005612,SIC,52,40,100,"1,319.00","131,900.00"
2019-03-11,2019031101005611,SIC,52,53,50,"1,318.00","65,900.00"
2019-03-11,2019031101005610,SIC,52,1,10,"1,318.00","13,180.00"
2019-03-11,2019031101005609,SIC,52,43,50,"1,317.00","65,850.00"
2019-03-11,2019031101005539,SIC,16,58,57,"1,315.00","74,955.00"
2019-03-11,2019031101005506,SICL,18,16,12,893.00,"10,716.00"
2019-03-11,2019031101005388,SICL,8,21,50,892.00,"44,600.00"
2019-03-11,2019031101005299,SICL,53,52,200,896.00,"179,200.00"
2019-03-11,2019031101005298,SICL,53,35,100,895.00,"89,500.00"
2019-03-11,2019031101005281,SIFC,53,25,67,132.00,"8,844.00"
2019-03-11,2019031101005280,SIFC,47,25,33,132.00,"4,356.00"
2019-03-11,2019031101005747,SIL,34,56,50,614.00,"30,700.00"
2019-03-11,2019031101005724,SINDU,58,53,426,115.00,"48,990.00"
2019-03-11,2019031101005722,SINDU,39,53,100,115.00,"11,500.00"
2019-03-11,2019031101005710,SINDU,21,53,200,115.00,"23,000.00"
2019-03-11,2019031101005644,SINDU,1,53,200,116.00,"23,200.00"
2019-03-11,2019031101005643,SINDU,52,53,450,116.00,"52,200.00"
2019-03-11,2019031101005624,SINDU,59,53,100,117.00,"11,700.00"
2019-03-11,2019031101005559,SKBBL,35,34,10,860.00,"8,600.00"
2019-03-11,2019031101005324,SLBBL,37,28,100,500.00,"50,000.00"
2019-03-11,2019031101005323,SLBBL,34,28,20,500.00,"10,000.00"
2019-03-11,2019031101005517,SLBS,42,54,18,960.00,"17,280.00"
2019-03-11,2019031101005444,SLBSL,41,26,10,765.00,"7,650.00"
2019-03-11,2019031101005426,SLBSL,41,44,10,765.00,"7,650.00"
2019-03-11,2019031101005317,SLBSL,41,38,10,765.00,"7,650.00"
2019-03-11,2019031101005701,SLICL,22,35,56,537.00,"30,072.00"
2019-03-11,2019031101005636,SLICL,45,35,200,537.00,"107,400.00"
2019-03-11,2019031101005390,SLICL,42,35,20,537.00,"10,740.00"
2019-03-11,2019031101005407,SMB,59,36,10,625.00,"6,250.00"
2019-03-11,2019031101005321,SPDL,16,36,10,90.00,900.00
2019-03-11,2019031101005751,SRBL,44,58,27,217.00,"5,859.00"
2019-03-11,2019031101005420,SRBL,57,28,100,218.00,"21,800.00"
2019-03-11,2019031101005419,SRBL,57,13,500,218.00,"109,000.00"
2019-03-11,2019031101005359,SRBL,34,28,"1,297",217.00,"281,449.00"
2019-03-11,2019031101005346,SRBL,33,57,500,218.00,"109,000.00"
2019-03-11,2019031101005322,SRBL,34,16,73,217.00,"15,841.00"
2019-03-11,2019031101005278,SRBL,33,21,398,218.00,"86,764.00"
2019-03-11,2019031101005277,SRBL,33,44,55,218.00,"11,990.00"
2019-03-11,2019031101005476,TRH,14,58,16,250.00,"4,000.00"
2019-03-11,2019031101005466,TRH,14,54,90,249.00,"22,410.00"
2019-03-11,2019031101005595,UFL,4,59,880,148.00,"130,240.00"
2019-03-11,2019031101005538,UFL,28,59,50,148.00,"7,400.00"
2019-03-11,2019031101005651,UIC,17,22,100,785.00,"78,500.00"
2019-03-11,2019031101005650,UIC,17,7,50,785.00,"39,250.00"
2019-03-11,2019031101005649,UIC,17,16,122,784.00,"95,648.00"
2019-03-11,2019031101005648,UIC,17,19,50,783.00,"39,150.00"
2019-03-11,2019031101005647,UIC,17,39,20,781.00,"15,620.00"
2019-03-11,2019031101005465,UIC,17,39,30,781.00,"23,430.00"
2019-03-11,2019031101005284,UIC,19,29,300,780.00,"234,000.00"
2019-03-11,2019031101005283,UIC,19,16,200,778.00,"155,600.00"
2019-03-11,2019031101005703,UMHL,45,37,190,113.00,"21,470.00"
2019-03-11,2019031101005702,UMHL,45,14,80,113.00,"9,040.00"
2019-03-11,2019031101005481,UMHL,45,7,14,112.00,"1,568.00"
2019-03-11,2019031101005736,UPPER,1,39,40,233.00,"9,320.00"
2019-03-11,2019031101005614,UPPER,40,40,5,234.00,"1,170.00"
2019-03-11,2019031101005599,UPPER,1,18,50,233.00,"11,650.00"
2019-03-11,2019031101005591,UPPER,29,16,50,234.00,"11,700.00"
2019-03-11,2019031101005562,UPPER,1,18,28,233.00,"6,524.00"
2019-03-11,2019031101005561,UPPER,32,18,22,233.00,"5,126.00"
2019-03-11,2019031101005339,UPPER,59,44,50,233.00,"11,650.00"
2019-03-11,2019031101005304,UPPER,59,44,40,233.00,"9,320.00"
2019-03-11,2019031101005387,UPPER,59,44,50,233.00,"11,650.00"
2019-03-11,2019031101005368,UPPER,59,18,40,233.00,"9,320.00"
2019-03-11,2019031101005360,UPPER,59,18,50,233.00,"11,650.00"
2019-03-11,2019031101005353,UPPER,59,44,40,233.00,"9,320.00"
2019-03-11,2019031101005345,UPPER,59,45,50,233.00,"11,650.00"
2019-03-11,2019031101005340,UPPER,59,45,50,233.00,"11,650.00"
2019-03-11,2019031101005432,UPPER,32,44,40,233.00,"9,320.00"
2019-03-11,2019031101005424,UPPER,32,44,40,233.00,"9,320.00"
2019-03-11,2019031101005399,UPPER,32,37,28,233.00,"6,524.00"
2019-03-11,2019031101005398,UPPER,59,37,22,233.00,"5,126.00"
2019-03-11,2019031101005397,UPPER,59,44,40,233.00,"9,320.00"
2019-03-11,2019031101005504,UPPER,32,26,50,233.00,"11,650.00"
2019-03-11,2019031101005497,UPPER,32,44,50,233.00,"11,650.00"
2019-03-11,2019031101005484,UPPER,32,18,40,233.00,"9,320.00"
2019-03-11,2019031101005464,UPPER,32,26,50,233.00,"11,650.00"
2019-03-11,2019031101005512,UPPER,48,57,50,234.00,"11,700.00"
2019-03-11,2019031101005511,UPPER,48,57,40,234.00,"9,360.00"
2019-03-11,2019031101005510,UPPER,48,19,50,234.00,"11,700.00"
2019-03-11,2019031101005509,UPPER,48,16,10,234.00,"2,340.00"
2019-03-11,2019031101005508,UPPER,48,22,40,234.00,"9,360.00"
2019-03-11,2019031101005507,UPPER,48,5,50,234.00,"11,700.00"
2019-03-11,2019031101005546,UPPER,32,18,50,233.00,"11,650.00"
2019-03-11,2019031101005541,UPPER,32,26,50,233.00,"11,650.00"
2019-03-11,2019031101005532,UPPER,32,44,40,233.00,"9,320.00"
2019-03-11,2019031101005523,UPPER,32,18,40,233.00,"9,320.00"
2019-03-11,2019031101005513,UPPER,48,38,100,234.00,"23,400.00"
2019-03-11,2019031101005580,VLBS,42,10,15,670.00,"10,050.00"
2019-03-11,2019031101005577,VLBS,42,43,10,670.00,"6,700.00"
2019-03-11,2019031101005227,ADBL,16,21,20,296.00,"5,920.00"
2019-03-11,2019031101005211,ADBL,16,18,710,296.00,"210,160.00"
2019-03-11,2019031101005210,ADBL,41,18,250,296.00,"74,000.00"
2019-03-11,2019031101005209,ADBL,38,18,40,297.00,"11,880.00"
2019-03-11,2019031101005050,ADBL,33,58,340,297.00,"100,980.00"
2019-03-11,2019031101005038,ADBL,36,58,100,297.00,"29,700.00"
2019-03-11,2019031101005010,ADBL,29,58,"1,000",297.00,"297,000.00"
2019-03-11,2019031101004873,AKJCL,41,21,10,80.00,800.00
2019-03-11,2019031101004872,AKJCL,52,21,10,80.00,800.00
2019-03-11,2019031101005206,AKPL,22,8,"3,623",183.00,"663,009.00"
2019-03-11,2019031101005186,AKPL,22,40,100,182.00,"18,200.00"
2019-03-11,2019031101005148,AKPL,22,38,300,179.00,"53,700.00"
2019-03-11,2019031101005128,AKPL,22,36,196,178.00,"34,888.00"
2019-03-11,2019031101005127,ALICL,57,38,100,397.00,"39,700.00"
2019-03-11,2019031101004929,ALICL,50,38,100,395.00,"39,500.00"
2019-03-11,2019031101004928,ALICL,26,38,10,395.00,"3,950.00"
2019-03-11,2019031101005081,AMFI,21,45,10,647.00,"6,470.00"
2019-03-11,2019031101005033,AMFI,36,38,10,650.00,"6,500.00"
2019-03-11,2019031101005017,AMFI,36,38,10,650.00,"6,500.00"
2019-03-11,2019031101005208,API,17,38,25,134.00,"3,350.00"
2019-03-11,2019031101005124,API,45,25,175,133.00,"23,275.00"
2019-03-11,2019031101004796,API,25,38,15,134.00,"2,010.00"
2019-03-11,2019031101004947,BARUN,41,39,50,94.00,"4,700.00"
2019-03-11,2019031101005192,BHBL,41,1,326,143.00,"46,618.00"
2019-03-11,2019031101005162,BHBL,41,17,474,143.00,"67,782.00"
2019-03-11,2019031101005133,BHBL,41,28,200,143.00,"28,600.00"
2019-03-11,2019031101005142,BOKL,50,35,"1,108",249.00,"275,892.00"
2019-03-11,2019031101005136,BOKL,50,38,250,248.00,"62,000.00"
2019-03-11,2019031101005135,BOKL,50,25,458,248.00,"113,584.00"
2019-03-11,2019031101005097,BOKL,42,25,100,248.00,"24,800.00"
2019-03-11,2019031101004998,BOKL,58,49,10,247.00,"2,470.00"
2019-03-11,2019031101004773,BOKL,19,49,90,247.00,"22,230.00"
2019-03-11,2019031101004884,BPCL,25,21,20,355.00,"7,100.00"
2019-03-11,2019031101004875,CBL,58,42,183,155.00,"28,365.00"
2019-03-11,2019031101004874,CBL,58,22,20,154.00,"3,080.00"
2019-03-11,2019031101004830,CBL,58,42,817,155.00,"126,635.00"
2019-03-11,2019031101004829,CBL,58,16,"2,000",155.00,"310,000.00"
2019-03-11,2019031101004828,CBL,58,22,252,155.00,"39,060.00"
2019-03-11,2019031101004827,CBL,58,54,100,155.00,"15,500.00"
2019-03-11,2019031101004820,CBL,58,58,931,154.00,"143,374.00"
2019-03-11,2019031101004819,CBL,58,57,"1,500",154.00,"231,000.00"
2019-03-11,2019031101004826,CBL,58,54,100,155.00,"15,500.00"
2019-03-11,2019031101004825,CBL,58,58,500,155.00,"77,500.00"
2019-03-11,2019031101004824,CBL,58,22,500,155.00,"77,500.00"
2019-03-11,2019031101004823,CBL,58,57,200,155.00,"31,000.00"
2019-03-11,2019031101004822,CBL,58,58,100,155.00,"15,500.00"
2019-03-11,2019031101004821,CBL,58,25,"2,000",154.00,"308,000.00"
2019-03-11,2019031101004814,CCBL,44,45,50,165.00,"8,250.00"
2019-03-11,2019031101004813,CCBL,44,32,105,165.00,"17,325.00"
2019-03-11,2019031101004812,CCBL,44,45,"2,500",165.00,"412,500.00"
2019-03-11,2019031101004811,CCBL,44,25,"1,000",165.00,"165,000.00"
2019-03-11,2019031101004810,CCBL,44,56,500,165.00,"82,500.00"
2019-03-11,2019031101004809,CCBL,44,29,200,165.00,"33,000.00"
2019-03-11,2019031101004808,CCBL,44,44,50,165.00,"8,250.00"
2019-03-11,2019031101004807,CCBL,44,44,50,165.00,"8,250.00"
2019-03-11,2019031101004806,CCBL,44,45,500,165.00,"82,500.00"
2019-03-11,2019031101004805,CCBL,44,59,100,165.00,"16,500.00"
2019-03-11,2019031101004804,CCBL,44,13,402,165.00,"66,330.00"
2019-03-11,2019031101005087,CHCL,58,42,400,510.00,"204,000.00"
2019-03-11,2019031101004775,CHCL,58,40,200,514.00,"102,800.00"
2019-03-11,2019031101004774,CHCL,58,59,100,514.00,"51,400.00"
2019-03-11,2019031101004770,CHCL,58,7,400,513.00,"205,200.00"
2019-03-11,2019031101004769,CHCL,58,48,126,513.00,"64,638.00"
2019-03-11,2019031101004768,CHCL,58,37,100,513.00,"51,300.00"
2019-03-11,2019031101004761,CHCL,58,45,500,512.00,"256,000.00"
2019-03-11,2019031101004759,CHCL,58,50,138,510.00,"70,380.00"
2019-03-11,2019031101004758,CHCL,58,19,46,510.00,"23,460.00"
2019-03-11,2019031101005190,CHLBS,48,26,10,561.00,"5,610.00"
2019-03-11,2019031101005177,CHLBS,58,58,10,566.00,"5,660.00"
2019-03-11,2019031101004892,CHLBS,48,21,10,561.00,"5,610.00"
2019-03-11,2019031101004883,CHLBS,48,47,10,561.00,"5,610.00"
2019-03-11,2019031101005224,CIT,49,18,100,"2,610.00","261,000.00"
2019-03-11,2019031101005174,CIT,39,38,41,"2,615.00","107,215.00"
2019-03-11,2019031101005158,CIT,46,35,15,"2,616.00","39,240.00"
2019-03-11,2019031101005066,CIT,39,5,100,"2,615.00","261,500.00"
2019-03-11,2019031101005065,CIT,39,21,100,"2,614.00","261,400.00"
2019-03-11,2019031101004856,CIT,33,47,200,"2,613.00","522,600.00"
2019-03-11,2019031101004851,CIT,33,38,100,"2,612.00","261,200.00"
2019-03-11,2019031101004835,CLBSL,44,21,16,604.00,"9,664.00"
2019-03-11,2019031101004834,CLBSL,44,56,10,604.00,"6,040.00"
2019-03-11,2019031101004833,CLBSL,44,16,16,600.00,"9,600.00"
2019-03-11,2019031101004792,CLBSL,42,39,10,593.00,"5,930.00"
2019-03-11,2019031101005229,CZBIL,45,22,63,211.00,"13,293.00"
2019-03-11,2019031101005228,CZBIL,45,53,50,211.00,"10,550.00"
2019-03-11,2019031101005096,CZBIL,50,58,10,210.00,"2,100.00"
2019-03-11,2019031101004839,CZBIL,50,44,100,210.00,"21,000.00"
2019-03-11,2019031101004801,CZBIL,50,41,273,210.00,"57,330.00"
2019-03-11,2019031101004756,CZBIL,16,48,546,210.00,"114,660.00"
2019-03-11,2019031101005095,CZBIL,50,26,100,210.00,"21,000.00"
2019-03-11,2019031101005086,CZBIL,50,57,60,209.00,"12,540.00"
2019-03-11,2019031101005084,CZBIL,32,57,400,209.00,"83,600.00"
2019-03-11,2019031101005083,CZBIL,22,57,40,209.00,"8,360.00"
2019-03-11,2019031101005073,CZBIL,58,22,10,210.00,"2,100.00"
2019-03-11,2019031101004987,CZBIL,22,34,10,209.00,"2,090.00"
2019-03-11,2019031101005070,DBBL,40,35,80,124.00,"9,920.00"
2019-03-11,2019031101004803,DBBL,40,59,17,124.00,"2,108.00"
2019-03-11,2019031101004767,DBBL,46,48,210,124.00,"26,040.00"
2019-03-11,2019031101005237,DDBL,34,59,200,604.00,"120,800.00"
2019-03-11,2019031101005236,DDBL,34,59,100,604.00,"60,400.00"
2019-03-11,2019031101005213,DDBL,34,59,700,604.00,"422,800.00"
2019-03-11,2019031101005069,DDBL,4,50,30,602.00,"18,060.00"
2019-03-11,2019031101005068,DDBL,4,47,85,600.00,"51,000.00"
2019-03-11,2019031101004876,DDBL,51,50,30,597.00,"17,910.00"
2019-03-11,2019031101005134,DHPL,19,7,11,85.00,935.00
2019-03-11,2019031101004787,DHPL,19,39,10,85.00,850.00
2019-03-11,2019031101004952,EBL,51,53,35,529.00,"18,515.00"
2019-03-11,2019031101004951,EBL,51,47,20,528.00,"10,560.00"
2019-03-11,2019031101004858,EBL,36,59,156,525.00,"81,900.00"
2019-03-11,2019031101004799,EBL,34,59,20,525.00,"10,500.00"
2019-03-11,2019031101004798,EBL,40,59,15,525.00,"7,875.00"
2019-03-11,2019031101005203,FMDBL,1,33,13,375.00,"4,875.00"
2019-03-11,2019031101005202,FMDBL,1,17,47,374.00,"17,578.00"
2019-03-11,2019031101005185,FMDBL,1,17,150,374.00,"56,100.00"
2019-03-11,2019031101005171,FMDBL,1,17,100,374.00,"37,400.00"
2019-03-11,2019031101005140,FMDBL,28,17,100,374.00,"37,400.00"
2019-03-11,2019031101004919,FMDBL,53,6,190,371.00,"70,490.00"
2019-03-11,2019031101004933,GBBL,50,22,245,185.00,"45,325.00"
2019-03-11,2019031101004932,GBBL,50,41,87,185.00,"16,095.00"
2019-03-11,2019031101004931,GBBL,26,41,37,185.00,"6,845.00"
2019-03-11,2019031101005126,GBIME,42,56,117,265.00,"31,005.00"
2019-03-11,2019031101004868,GBLBS,42,16,200,452.00,"90,400.00"
2019-03-11,2019031101004791,GBLBS,49,38,10,448.00,"4,480.00"
