Date,Transact. No.,Symbol,Buyer,Seller,Quantity,Rate,Amount
2019-06-11,2019061101007657,ADBL,35,52,131,416.00,"54,496.00"
2019-06-11,2019061101007606,ADBL,42,52,100,416.00,"41,600.00"
2019-06-11,2019061101007570,ADBL,35,8,200,415.00,"83,000.00"
2019-06-11,2019061101007503,ADBL,35,49,200,415.00,"83,000.00"
2019-06-11,2019061101007468,ADBL,35,39,49,415.00,"20,335.00"
2019-06-11,2019061101007417,ADBL,35,51,100,415.00,"41,500.00"
2019-06-11,2019061101007347,ADBL,35,47,320,415.00,"132,800.00"
2019-06-11,2019061101007265,ADBL,52,34,323,414.00,"133,722.00"
2019-06-11,2019061101007264,ADBL,29,34,100,414.00,"41,400.00"
2019-06-11,2019061101007263,ADBL,51,34,100,414.00,"41,400.00"
2019-06-11,2019061101007262,ADBL,28,34,290,414.00,"120,060.00"
2019-06-11,2019061101007261,ADBL,57,34,187,415.00,"77,605.00"
2019-06-11,2019061101007673,AHPC,16,43,100,107.00,"10,700.00"
2019-06-11,2019061101007598,AHPC,3,16,15,109.00,"1,635.00"
2019-06-11,2019061101007526,AHPC,16,43,300,107.00,"32,100.00"
2019-06-11,2019061101007525,AHPC,40,43,100,107.00,"10,700.00"
2019-06-11,2019061101007524,AHPC,22,43,500,107.00,"53,500.00"
2019-06-11,2019061101007523,AHPC,42,43,100,108.00,"10,800.00"
2019-06-11,2019061101007649,AKJCL,37,38,20,75.00,"1,500.00"
2019-06-11,2019061101007591,AKPL,41,20,10,190.00,"1,900.00"
2019-06-11,2019061101007636,ALICL,41,17,25,399.00,"9,975.00"
2019-06-11,2019061101007572,API,38,1,50,149.00,"7,450.00"
2019-06-11,2019061101007529,API,25,57,50,150.00,"7,500.00"
2019-06-11,2019061101007480,API,29,43,103,148.00,"15,244.00"
2019-06-11,2019061101007479,API,40,43,100,148.00,"14,800.00"
2019-06-11,2019061101007478,API,43,43,200,148.00,"29,600.00"
2019-06-11,2019061101007477,API,56,43,50,148.00,"7,400.00"
2019-06-11,2019061101007476,API,25,43,500,148.00,"74,000.00"
2019-06-11,2019061101007475,API,25,43,47,148.00,"6,956.00"
2019-06-11,2019061101007429,API,25,57,114,150.00,"17,100.00"
2019-06-11,2019061101007388,API,19,1,"2,730",149.00,"406,770.00"
2019-06-11,2019061101007269,API,25,1,270,149.00,"40,230.00"
2019-06-11,2019061101007585,BFC,59,51,500,107.00,"53,500.00"
2019-06-11,2019061101007520,BFC,17,5,455,106.00,"48,230.00"
2019-06-11,2019061101007519,BFC,34,5,200,106.00,"21,200.00"
2019-06-11,2019061101007489,BFC,34,33,100,106.00,"10,600.00"
2019-06-11,2019061101007488,BFC,45,33,100,106.00,"10,600.00"
2019-06-11,2019061101007487,BFC,45,33,300,106.00,"31,800.00"
2019-06-11,2019061101007672,BOKL,25,11,295,263.00,"77,585.00"
2019-06-11,2019061101007671,BOKL,48,11,150,263.00,"39,450.00"
2019-06-11,2019061101007670,BOKL,51,11,100,263.00,"26,300.00"
2019-06-11,2019061101007669,BOKL,19,11,200,263.00,"52,600.00"
2019-06-11,2019061101007668,BOKL,49,11,81,263.00,"21,303.00"
2019-06-11,2019061101007667,BOKL,51,11,60,263.00,"15,780.00"
2019-06-11,2019061101007666,BOKL,45,11,114,264.00,"30,096.00"
2019-06-11,2019061101007483,BOKL,45,11,186,264.00,"49,104.00"
2019-06-11,2019061101007482,BOKL,22,11,115,264.00,"30,360.00"
2019-06-11,2019061101007549,BPCL,34,49,300,407.00,"122,100.00"
2019-06-11,2019061101007548,BPCL,34,51,11,407.00,"4,477.00"
2019-06-11,2019061101007329,BPCL,25,49,50,406.00,"20,300.00"
2019-06-11,2019061101007547,BPCL,34,51,11,407.00,"4,477.00"
2019-06-11,2019061101007546,BPCL,34,51,11,407.00,"4,477.00"
2019-06-11,2019061101007545,BPCL,34,51,11,407.00,"4,477.00"
2019-06-11,2019061101007544,BPCL,34,51,11,407.00,"4,477.00"
2019-06-11,2019061101007543,BPCL,34,58,11,407.00,"4,477.00"
2019-06-11,2019061101007542,BPCL,34,34,581,407.00,"236,467.00"
2019-06-11,2019061101007651,CBBL,34,7,88,939.00,"82,632.00"
2019-06-11,2019061101007282,CBBL,34,4,25,939.00,"23,475.00"
2019-06-11,2019061101007646,CBL,43,50,10,147.00,"1,470.00"
2019-06-11,2019061101007602,CCBL,41,38,100,166.00,"16,600.00"
2019-06-11,2019061101007601,CCBL,46,38,25,166.00,"4,150.00"
2019-06-11,2019061101007600,CCBL,51,38,71,166.00,"11,786.00"
2019-06-11,2019061101007320,CHCL,28,48,354,518.00,"183,372.00"
2019-06-11,2019061101007319,CHCL,32,48,100,518.00,"51,800.00"
2019-06-11,2019061101007318,CHCL,54,48,46,518.00,"23,828.00"
2019-06-11,2019061101007584,CMF1,43,42,500,9.50,"4,750.00"
2019-06-11,2019061101007492,CMF1,43,42,500,9.50,"4,750.00"
2019-06-11,2019061101007624,CZBIL,52,3,77,222.00,"17,094.00"
2019-06-11,2019061101007623,CZBIL,52,55,823,222.00,"182,706.00"
2019-06-11,2019061101007581,CZBIL,45,55,177,222.00,"39,294.00"
2019-06-11,2019061101007580,CZBIL,45,22,123,222.00,"27,306.00"
2019-06-11,2019061101007384,CZBIL,34,22,377,222.00,"83,694.00"
2019-06-11,2019061101007383,CZBIL,34,51,323,222.00,"71,706.00"
2019-06-11,2019061101007375,CZBIL,56,51,100,222.00,"22,200.00"
2019-06-11,2019061101007244,CZBIL,47,51,500,222.00,"111,000.00"
2019-06-11,2019061101007678,DBBL,59,19,337,147.00,"49,539.00"
2019-06-11,2019061101007677,DBBL,32,19,63,147.00,"9,261.00"
2019-06-11,2019061101007708,EBL,14,7,250,665.00,"166,250.00"
2019-06-11,2019061101007559,EBL,14,40,26,665.00,"17,290.00"
2019-06-11,2019061101007321,EBL,38,7,100,666.00,"66,600.00"
2019-06-11,2019061101007280,EBL,45,57,50,668.00,"33,400.00"
2019-06-11,2019061101007279,EBL,45,41,450,667.00,"300,150.00"
2019-06-11,2019061101007706,EIC,47,43,80,384.00,"30,720.00"
2019-06-11,2019061101007638,EIC,26,55,62,381.00,"23,622.00"
2019-06-11,2019061101007637,EIC,7,55,23,381.00,"8,763.00"
2019-06-11,2019061101007337,FOWAD,38,17,200,"1,414.00","282,800.00"
2019-06-11,2019061101007336,FOWAD,38,37,87,"1,413.00","122,931.00"
2019-06-11,2019061101007695,GBIME,36,4,489,298.00,"145,722.00"
2019-06-11,2019061101007694,GBIME,57,4,100,298.00,"29,800.00"
2019-06-11,2019061101007693,GBIME,59,4,100,298.00,"29,800.00"
2019-06-11,2019061101007692,GBIME,1,4,206,298.00,"61,388.00"
2019-06-11,2019061101007665,GBIME,6,4,100,300.00,"30,000.00"
2019-06-11,2019061101007422,GBIME,1,41,94,298.00,"28,012.00"
2019-06-11,2019061101007344,GBIME,43,48,500,299.00,"149,500.00"
2019-06-11,2019061101007343,GBIME,43,48,200,299.00,"59,800.00"
2019-06-11,2019061101007342,GBIME,43,48,89,299.00,"26,611.00"
2019-06-11,2019061101007332,GBIME,49,4,100,300.00,"30,000.00"
2019-06-11,2019061101007323,GBIME,6,4,50,300.00,"15,000.00"
2019-06-11,2019061101007284,GBIME,49,4,50,300.00,"15,000.00"
2019-06-11,2019061101007421,GBIME,42,41,50,298.00,"14,900.00"
2019-06-11,2019061101007420,GBIME,19,41,56,299.00,"16,744.00"
2019-06-11,2019061101007386,GBIME,19,52,44,299.00,"13,156.00"
2019-06-11,2019061101007359,GBIME,14,52,289,299.00,"86,411.00"
2019-06-11,2019061101007346,GBIME,14,48,711,299.00,"212,589.00"
2019-06-11,2019061101007345,GBIME,13,48,500,299.00,"149,500.00"
2019-06-11,2019061101007389,GBLBS,21,13,178,355.00,"63,190.00"
2019-06-11,2019061101007352,GBLBS,7,13,100,355.00,"35,500.00"
2019-06-11,2019061101007351,GBLBS,41,13,22,355.00,"7,810.00"
2019-06-11,2019061101007250,GBLBS,41,40,48,355.00,"17,040.00"
2019-06-11,2019061101007292,GHL,56,18,20,86.00,"1,720.00"
2019-06-11,2019061101007504,GRDBL,6,33,100,117.00,"11,700.00"
2019-06-11,2019061101007401,GUFL,57,5,200,120.00,"24,000.00"
2019-06-11,2019061101007528,HDL,45,44,10,"1,750.00","17,500.00"
2019-06-11,2019061101007527,HDL,45,56,40,"1,749.00","69,960.00"
2019-06-11,2019061101007353,HDL,58,56,60,"1,731.00","103,860.00"
2019-06-11,2019061101007246,HDL,58,14,40,"1,731.00","69,240.00"
2019-06-11,2019061101007245,HDL,57,14,15,"1,732.00","25,980.00"
2019-06-11,2019061101007595,HGI,55,13,228,371.00,"84,588.00"
2019-06-11,2019061101007594,HGI,38,13,170,371.00,"63,070.00"
2019-06-11,2019061101007593,HGI,47,13,20,372.00,"7,440.00"
2019-06-11,2019061101007288,HIDCL,34,43,500,161.00,"80,500.00"
2019-06-11,2019061101007705,HPPL,47,53,10,177.00,"1,770.00"
2019-06-11,2019061101007652,HURJA,50,42,20,148.00,"2,960.00"
2019-06-11,2019061101007367,HURJA,50,42,20,148.00,"2,960.00"
2019-06-11,2019061101007586,IGI,55,55,10,397.00,"3,970.00"
2019-06-11,2019061101007348,IGI,48,43,10,390.00,"3,900.00"
2019-06-11,2019061101007522,JBBL,58,38,400,158.00,"63,200.00"
2019-06-11,2019061101007676,JBNL,6,57,33,209.00,"6,897.00"
2019-06-11,2019061101007675,JBNL,6,40,67,208.00,"13,936.00"
2019-06-11,2019061101007550,JBNL,34,40,100,208.00,"20,800.00"
2019-06-11,2019061101007423,JBNL,34,40,85,208.00,"17,680.00"
2019-06-11,2019061101007402,JBNL,34,59,15,208.00,"3,120.00"
2019-06-11,2019061101007354,JBNL,34,54,800,208.00,"166,400.00"
2019-06-11,2019061101007267,JBNL,43,54,200,208.00,"41,600.00"
2019-06-11,2019061101007518,JOSHI,6,29,20,94.00,"1,880.00"
2019-06-11,2019061101007517,JOSHI,6,41,10,94.00,940.00
2019-06-11,2019061101007516,JOSHI,6,52,40,94.00,"3,760.00"
2019-06-11,2019061101007515,JOSHI,6,42,20,94.00,"1,880.00"
2019-06-11,2019061101007514,JOSHI,6,48,10,94.00,940.00
2019-06-11,2019061101007513,JOSHI,6,48,20,94.00,"1,880.00"
2019-06-11,2019061101007369,JOSHI,22,48,20,93.00,"1,860.00"
2019-06-11,2019061101007302,JOSHI,22,44,20,93.00,"1,860.00"
2019-06-11,2019061101007512,JOSHI,6,48,20,94.00,"1,880.00"
2019-06-11,2019061101007511,JOSHI,6,48,20,94.00,"1,880.00"
2019-06-11,2019061101007510,JOSHI,6,48,10,94.00,940.00
2019-06-11,2019061101007486,JOSHI,22,48,20,93.00,"1,860.00"
2019-06-11,2019061101007441,JOSHI,22,48,20,93.00,"1,860.00"
2019-06-11,2019061101007409,JOSHI,22,48,20,93.00,"1,860.00"
2019-06-11,2019061101007444,KADBL,22,38,100,200.00,"20,000.00"
2019-06-11,2019061101007691,KBBL,40,58,"1,000",234.00,"234,000.00"
2019-06-11,2019061101007663,KBL,57,39,44,212.00,"9,328.00"
2019-06-11,2019061101007641,KPCL,59,45,10,94.00,940.00
2019-06-11,2019061101007645,KRBL,49,49,100,124.00,"12,400.00"
2019-06-11,2019061101007472,KRBL,49,6,500,124.00,"62,000.00"
2019-06-11,2019061101007505,KSBBL,26,32,100,165.00,"16,500.00"
2019-06-11,2019061101007467,KSBBL,46,21,546,164.00,"89,544.00"
2019-06-11,2019061101007466,KSBBL,3,21,470,164.00,"77,080.00"
2019-06-11,2019061101007465,KSBBL,46,21,500,164.00,"82,000.00"
2019-06-11,2019061101007464,KSBBL,46,21,500,164.00,"82,000.00"
2019-06-11,2019061101007463,KSBBL,57,21,"2,000",164.00,"328,000.00"
2019-06-11,2019061101007462,KSBBL,25,21,50,164.00,"8,200.00"
2019-06-11,2019061101007461,KSBBL,33,21,934,164.00,"153,176.00"
2019-06-11,2019061101007358,KSBBL,46,51,200,165.00,"33,000.00"
2019-06-11,2019061101007357,KSBBL,46,19,400,165.00,"66,000.00"
2019-06-11,2019061101007411,LBBL,35,32,70,199.00,"13,930.00"
2019-06-11,2019061101007410,LBBL,43,32,30,199.00,"5,970.00"
2019-06-11,2019061101007289,LBBL,43,45,20,199.00,"3,980.00"
2019-06-11,2019061101007240,LBBL,43,4,50,199.00,"9,950.00"
2019-06-11,2019061101007689,LBL,49,47,50,218.00,"10,900.00"
2019-06-11,2019061101007688,LBL,49,46,"1,285",218.00,"280,130.00"
2019-06-11,2019061101007687,LBL,49,45,60,218.00,"13,080.00"
2019-06-11,2019061101007686,LBL,49,52,"1,000",218.00,"218,000.00"
2019-06-11,2019061101007685,LBL,49,44,"1,643",218.00,"358,174.00"
2019-06-11,2019061101007407,LBL,48,38,54,217.00,"11,718.00"
2019-06-11,2019061101007497,LGIL,25,32,250,468.00,"117,000.00"
2019-06-11,2019061101007460,LGIL,51,52,50,469.00,"23,450.00"
2019-06-11,2019061101007254,LGIL,25,52,200,470.00,"94,000.00"
2019-06-11,2019061101007253,LGIL,39,52,30,470.00,"14,100.00"
2019-06-11,2019061101007428,MBL,43,48,200,268.00,"53,600.00"
2019-06-11,2019061101007588,MDB,42,45,84,242.00,"20,328.00"
2019-06-11,2019061101007587,MDB,35,45,26,242.00,"6,292.00"
2019-06-11,2019061101007714,MEGA,38,56,200,200.00,"40,000.00"
2019-06-11,2019061101007597,MEGA,38,42,163,200.00,"32,600.00"
2019-06-11,2019061101007596,MEGA,28,42,37,200.00,"7,400.00"
2019-06-11,2019061101007272,MEGA,49,49,1,200.00,200.00
2019-06-11,2019061101007331,MHNL,1,59,130,107.00,"13,910.00"
2019-06-11,2019061101007330,MHNL,1,39,40,107.00,"4,280.00"
2019-06-11,2019061101007370,MLBL,59,33,"1,500",195.00,"292,500.00"
2019-06-11,2019061101007400,MNBBL,5,25,38,374.00,"14,212.00"
2019-06-11,2019061101007399,MNBBL,41,25,300,374.00,"112,200.00"
2019-06-11,2019061101007398,MNBBL,34,25,50,374.00,"18,700.00"
2019-06-11,2019061101007397,MNBBL,59,25,100,374.00,"37,400.00"
2019-06-11,2019061101007396,MNBBL,58,25,35,374.00,"13,090.00"
2019-06-11,2019061101007294,MNBBL,58,4,100,374.00,"37,400.00"
2019-06-11,2019061101007664,MSLB,50,26,15,900.00,"13,500.00"
2019-06-11,2019061101007293,NABIL,6,49,70,822.00,"57,540.00"
2019-06-11,2019061101007713,NABILP,25,25,60,805.00,"48,300.00"
2019-06-11,2019061101007701,NADEP,6,45,20,442.00,"8,840.00"
2019-06-11,2019061101007239,NADEP,32,55,20,441.00,"8,820.00"
2019-06-11,2019061101007238,NADEP,32,20,10,441.00,"4,410.00"
2019-06-11,2019061101007237,NADEP,32,20,10,441.00,"4,410.00"
2019-06-11,2019061101007661,NBB,58,53,500,225.00,"112,500.00"
2019-06-11,2019061101007659,NBB,6,39,100,226.00,"22,600.00"
2019-06-11,2019061101007446,NBB,58,32,500,225.00,"112,500.00"
2019-06-11,2019061101007406,NBB,58,25,300,225.00,"67,500.00"
2019-06-11,2019061101007395,NBB,58,4,100,225.00,"22,500.00"
2019-06-11,2019061101007387,NBB,58,10,200,225.00,"45,000.00"
2019-06-11,2019061101007300,NBB,58,43,73,225.00,"16,425.00"
2019-06-11,2019061101007712,NBL,33,44,50,327.00,"16,350.00"
2019-06-11,2019061101007690,NBL,28,44,500,327.00,"163,500.00"
2019-06-11,2019061101007679,NBL,28,41,100,326.00,"32,600.00"
2019-06-11,2019061101007643,NBL,53,44,"1,600",327.00,"523,200.00"
2019-06-11,2019061101007642,NBL,53,55,400,327.00,"130,800.00"
2019-06-11,2019061101007634,NBL,28,55,"1,000",326.00,"326,000.00"
2019-06-11,2019061101007291,NBL,28,14,550,326.00,"179,300.00"
2019-06-11,2019061101007278,NBL,28,45,700,326.00,"228,200.00"
2019-06-11,2019061101007618,NBL,7,55,"1,000",327.00,"327,000.00"
2019-06-11,2019061101007617,NBL,28,33,341,326.00,"111,166.00"
2019-06-11,2019061101007616,NBL,28,33,679,326.00,"221,354.00"
2019-06-11,2019061101007615,NBL,38,55,10,327.00,"3,270.00"
2019-06-11,2019061101007445,NBL,28,6,"1,700",326.00,"554,200.00"
2019-06-11,2019061101007432,NBL,56,55,10,327.00,"3,270.00"
2019-06-11,2019061101007656,NCCB,39,28,225,257.00,"57,825.00"
2019-06-11,2019061101007655,NCCB,1,28,"1,000",257.00,"257,000.00"
2019-06-11,2019061101007654,NCCB,34,28,50,257.00,"12,850.00"
2019-06-11,2019061101007653,NCCB,34,28,225,257.00,"57,825.00"
2019-06-11,2019061101007481,NCCB,34,28,"1,007",257.00,"258,799.00"
2019-06-11,2019061101007439,NCCB,34,55,"1,768",257.00,"454,376.00"
2019-06-11,2019061101007373,NCCB,58,38,928,257.00,"238,496.00"
2019-06-11,2019061101007372,NCCB,48,38,72,257.00,"18,504.00"
2019-06-11,2019061101007341,NCCB,48,50,428,257.00,"109,996.00"
2019-06-11,2019061101007340,NCCB,14,50,11,257.00,"2,827.00"
2019-06-11,2019061101007438,NCCB,14,55,200,257.00,"51,400.00"
2019-06-11,2019061101007437,NCCB,8,55,500,257.00,"128,500.00"
2019-06-11,2019061101007436,NCCB,29,55,60,257.00,"15,420.00"
2019-06-11,2019061101007435,NCCB,46,55,200,257.00,"51,400.00"
2019-06-11,2019061101007434,NCCB,41,55,200,257.00,"51,400.00"
2019-06-11,2019061101007433,NCCB,58,55,"2,072",257.00,"532,504.00"
2019-06-11,2019061101007390,NGPL,21,51,1,125.00,125.00
2019-06-11,2019061101007554,NHDL,52,56,200,141.00,"28,200.00"
2019-06-11,2019061101007539,NHPC,39,45,100,68.00,"6,800.00"
2019-06-11,2019061101007607,NIB,46,43,81,531.00,"43,011.00"
2019-06-11,2019061101007551,NIB,46,13,50,531.00,"26,550.00"
2019-06-11,2019061101007317,NIB,48,43,72,532.00,"38,304.00"
2019-06-11,2019061101007316,NIB,48,32,100,532.00,"53,200.00"
2019-06-11,2019061101007315,NIB,48,42,28,532.00,"14,896.00"
2019-06-11,2019061101007277,NIB,16,48,50,532.00,"26,600.00"
2019-06-11,2019061101007700,NIBPO,53,28,800,495.00,"396,000.00"
2019-06-11,2019061101007699,NIBPO,17,28,200,496.00,"99,200.00"
2019-06-11,2019061101007531,NIBPO,17,49,200,496.00,"99,200.00"
2019-06-11,2019061101007271,NIBPO,53,22,137,495.00,"67,815.00"
2019-06-11,2019061101007707,NICA,38,4,200,457.00,"91,400.00"
2019-06-11,2019061101007614,NICA,53,4,447,457.00,"204,279.00"
2019-06-11,2019061101007613,NICA,53,42,"1,972",457.00,"901,204.00"
2019-06-11,2019061101007612,NICA,53,33,500,456.00,"228,000.00"
2019-06-11,2019061101007611,NICA,53,4,81,456.00,"36,936.00"
2019-06-11,2019061101007534,NICA,41,4,100,456.00,"45,600.00"
2019-06-11,2019061101007251,NICA,43,36,461,456.00,"210,216.00"
2019-06-11,2019061101007533,NICA,25,4,500,456.00,"228,000.00"
2019-06-11,2019061101007532,NICA,44,4,319,456.00,"145,464.00"
2019-06-11,2019061101007361,NICA,34,42,100,457.00,"45,700.00"
2019-06-11,2019061101007270,NICA,44,4,181,456.00,"82,536.00"
2019-06-11,2019061101007255,NICA,53,4,280,456.00,"127,680.00"
2019-06-11,2019061101007252,NICA,43,4,539,456.00,"245,784.00"
2019-06-11,2019061101007414,NICL,25,21,150,368.00,"55,200.00"
2019-06-11,2019061101007413,NICL,39,21,150,368.00,"55,200.00"
2019-06-11,2019061101007622,NIL,34,50,100,500.00,"50,000.00"
2019-06-11,2019061101007303,NIL,34,51,800,500.00,"400,000.00"
2019-06-11,2019061101007574,NLG,41,39,50,766.00,"38,300.00"
2019-06-11,2019061101007571,NLG,49,41,100,769.00,"76,900.00"
2019-06-11,2019061101007569,NLG,41,38,67,766.00,"51,322.00"
2019-06-11,2019061101007568,NLG,25,38,19,766.00,"14,554.00"
2019-06-11,2019061101007297,NLG,43,49,94,769.00,"72,286.00"
2019-06-11,2019061101007501,NLG,25,49,21,766.00,"16,086.00"
2019-06-11,2019061101007500,NLG,39,49,40,768.00,"30,720.00"
2019-06-11,2019061101007499,NLG,41,49,20,768.00,"15,360.00"
2019-06-11,2019061101007498,NLG,45,49,15,768.00,"11,520.00"
2019-06-11,2019061101007298,NLG,45,49,10,769.00,"7,690.00"
2019-06-11,2019061101007553,NLIC,14,57,10,912.00,"9,120.00"
2019-06-11,2019061101007431,NLIC,57,57,10,913.00,"9,130.00"
2019-06-11,2019061101007311,NLIC,16,37,10,912.00,"9,120.00"
2019-06-11,2019061101007310,NLIC,42,37,90,912.00,"82,080.00"
2019-06-11,2019061101007309,NLIC,53,37,25,913.00,"22,825.00"
2019-06-11,2019061101007308,NLIC,8,37,20,914.00,"18,280.00"
2019-06-11,2019061101007307,NLIC,56,37,33,914.00,"30,162.00"
2019-06-11,2019061101007306,NLIC,39,37,10,915.00,"9,150.00"
2019-06-11,2019061101007305,NLIC,57,37,10,915.00,"9,150.00"
2019-06-11,2019061101007599,NLICL,43,5,10,629.00,"6,290.00"
2019-06-11,2019061101007608,NMBMF,35,57,12,"1,010.00","12,120.00"
2019-06-11,2019061101007579,NMBMF,35,37,12,"1,010.00","12,120.00"
2019-06-11,2019061101007578,NMBMF,42,37,13,"1,011.00","13,143.00"
2019-06-11,2019061101007577,NMBMF,38,37,10,"1,011.00","10,110.00"
2019-06-11,2019061101007506,NMBMF,38,57,25,"1,012.00","25,300.00"
2019-06-11,2019061101007314,NNLB,41,44,10,380.00,"3,800.00"
2019-06-11,2019061101007313,NNLB,25,44,100,380.00,"38,000.00"
2019-06-11,2019061101007312,NNLB,25,44,100,380.00,"38,000.00"
2019-06-11,2019061101007243,NSEWA,41,47,20,417.00,"8,340.00"
2019-06-11,2019061101007592,OHL,48,49,10,646.00,"6,460.00"
2019-06-11,2019061101007502,OHL,49,36,"1,000",641.00,"641,000.00"
2019-06-11,2019061101007639,PCBL,53,39,173,299.00,"51,727.00"
2019-06-11,2019061101007567,PCBL,53,14,300,299.00,"89,700.00"
2019-06-11,2019061101007566,PCBL,53,21,100,299.00,"29,900.00"
2019-06-11,2019061101007565,PCBL,53,6,16,298.00,"4,768.00"
2019-06-11,2019061101007564,PCBL,53,57,50,298.00,"14,900.00"
2019-06-11,2019061101007563,PCBL,53,26,400,298.00,"119,200.00"
2019-06-11,2019061101007562,PCBL,53,40,300,298.00,"89,400.00"
2019-06-11,2019061101007561,PCBL,53,32,11,297.00,"3,267.00"
2019-06-11,2019061101007560,PCBL,53,57,150,297.00,"44,550.00"
2019-06-11,2019061101007442,PCBL,52,43,100,297.00,"29,700.00"
2019-06-11,2019061101007362,PCBL,50,57,50,297.00,"14,850.00"
2019-06-11,2019061101007304,PFL,13,50,19,139.00,"2,641.00"
2019-06-11,2019061101007635,PIC,39,21,20,"1,055.00","21,100.00"
2019-06-11,2019061101007609,PIC,41,21,30,"1,055.00","31,650.00"
2019-06-11,2019061101007603,PIC,6,38,189,"1,055.00","199,395.00"
2019-06-11,2019061101007589,PIC,6,55,11,"1,055.00","11,605.00"
2019-06-11,2019061101007537,PIC,29,38,100,"1,055.00","105,500.00"
2019-06-11,2019061101007459,PIC,49,47,151,"1,054.00","159,154.00"
2019-06-11,2019061101007286,PIC,40,3,50,"1,055.00","52,750.00"
2019-06-11,2019061101007275,PIC,40,45,130,"1,055.00","137,150.00"
2019-06-11,2019061101007274,PIC,48,45,20,"1,055.00","21,100.00"
2019-06-11,2019061101007273,PIC,35,45,30,"1,056.00","31,680.00"
2019-06-11,2019061101007260,PIC,29,20,16,"1,057.00","16,912.00"
2019-06-11,2019061101007426,PIC,50,47,100,"1,054.00","105,400.00"
2019-06-11,2019061101007425,PIC,50,47,50,"1,054.00","52,700.00"
2019-06-11,2019061101007424,PIC,59,47,58,"1,054.00","61,132.00"
2019-06-11,2019061101007405,PIC,35,47,150,"1,055.00","158,250.00"
2019-06-11,2019061101007404,PIC,59,47,10,"1,055.00","10,550.00"
2019-06-11,2019061101007403,PIC,40,47,20,"1,055.00","21,100.00"
2019-06-11,2019061101007457,PIC,55,32,139,"1,052.00","146,228.00"
2019-06-11,2019061101007456,PIC,28,32,200,"1,052.00","210,400.00"
2019-06-11,2019061101007455,PIC,59,32,22,"1,052.00","23,144.00"
2019-06-11,2019061101007454,PIC,50,32,50,"1,053.00","52,650.00"
2019-06-11,2019061101007453,PIC,34,32,20,"1,053.00","21,060.00"
2019-06-11,2019061101007427,PIC,50,47,50,"1,054.00","52,700.00"
2019-06-11,2019061101007660,PICL,1,40,50,640.00,"32,000.00"
2019-06-11,2019061101007604,PICL,5,28,50,634.00,"31,700.00"
2019-06-11,2019061101007496,PICL,7,40,"1,000",635.00,"635,000.00"
2019-06-11,2019061101007495,PICL,5,40,100,635.00,"63,500.00"
2019-06-11,2019061101007494,PICL,32,40,150,636.00,"95,400.00"
2019-06-11,2019061101007493,PICL,38,40,100,640.00,"64,000.00"
2019-06-11,2019061101007371,PICL,4,20,100,642.00,"64,200.00"
2019-06-11,2019061101007471,PLIC,43,1,18,447.00,"8,046.00"
2019-06-11,2019061101007470,PLIC,43,1,100,447.00,"44,700.00"
2019-06-11,2019061101007469,PLIC,43,1,32,447.00,"14,304.00"
2019-06-11,2019061101007235,PLIC,43,57,50,447.00,"22,350.00"
2019-06-11,2019061101007234,PLIC,43,57,100,447.00,"44,700.00"
2019-06-11,2019061101007233,PLIC,43,57,150,447.00,"67,050.00"
2019-06-11,2019061101007232,PLIC,43,57,200,447.00,"89,400.00"
2019-06-11,2019061101007231,PLIC,35,57,40,447.00,"17,880.00"
2019-06-11,2019061101007230,PLIC,29,57,394,448.00,"176,512.00"
2019-06-11,2019061101007236,PLIC,43,57,18,447.00,"8,046.00"
2019-06-11,2019061101007349,PPCL,38,44,20,138.00,"2,760.00"
2019-06-11,2019061101007339,PPCL,38,39,400,138.00,"55,200.00"
2019-06-11,2019061101007682,PRIN,36,50,500,393.00,"196,500.00"
2019-06-11,2019061101007644,PRIN,32,11,100,392.00,"39,200.00"
2019-06-11,2019061101007366,PRIN,50,44,248,390.00,"96,720.00"
2019-06-11,2019061101007365,PRIN,41,44,20,390.00,"7,800.00"
2019-06-11,2019061101007364,PRIN,35,44,32,391.00,"12,512.00"
2019-06-11,2019061101007702,PROFL,32,46,10,114.00,"1,140.00"
2019-06-11,2019061101007674,PROFL,32,58,67,112.00,"7,504.00"
2019-06-11,2019061101007681,PRVU,36,45,500,271.00,"135,500.00"
2019-06-11,2019061101007680,PRVU,36,45,200,271.00,"54,200.00"
2019-06-11,2019061101007558,PRVU,25,16,250,270.00,"67,500.00"
2019-06-11,2019061101007535,PRVU,35,45,200,271.00,"54,200.00"
2019-06-11,2019061101007268,PRVU,55,59,14,271.00,"3,794.00"
2019-06-11,2019061101007242,PRVU,57,26,118,270.00,"31,860.00"
2019-06-11,2019061101007241,PRVU,35,26,50,271.00,"13,550.00"
2019-06-11,2019061101007440,PRVU,42,45,100,271.00,"27,100.00"
2019-06-11,2019061101007328,PRVU,25,36,80,270.00,"21,600.00"
2019-06-11,2019061101007327,PRVU,6,36,390,270.00,"105,300.00"
2019-06-11,2019061101007326,PRVU,57,36,994,270.00,"268,380.00"
2019-06-11,2019061101007325,PRVU,44,36,50,271.00,"13,550.00"
2019-06-11,2019061101007324,PRVU,55,36,986,271.00,"267,206.00"
2019-06-11,2019061101007521,RADHI,52,50,200,166.00,"33,200.00"
2019-06-11,2019061101007648,RBCL,33,8,23,"9,900.00","227,700.00"
2019-06-11,2019061101007590,RBCLPO,34,34,10,"9,205.00","92,050.00"
2019-06-11,2019061101007408,RHPC,21,21,1,93.00,93.00
2019-06-11,2019061101007452,RLFL,28,52,604,133.00,"80,332.00"
2019-06-11,2019061101007451,RLFL,51,52,316,133.00,"42,028.00"
2019-06-11,2019061101007450,RLFL,44,52,30,133.00,"3,990.00"
2019-06-11,2019061101007449,RLFL,44,52,50,133.00,"6,650.00"
2019-06-11,2019061101007633,RMDC,6,21,84,670.00,"56,280.00"
2019-06-11,2019061101007632,RMDC,6,55,100,653.00,"65,300.00"
2019-06-11,2019061101007631,RMDC,6,55,100,652.00,"65,200.00"
2019-06-11,2019061101007630,RMDC,6,55,100,651.00,"65,100.00"
2019-06-11,2019061101007629,RMDC,6,59,130,650.00,"84,500.00"
2019-06-11,2019061101007628,RMDC,6,55,100,650.00,"65,000.00"
2019-06-11,2019061101007627,RMDC,6,11,115,650.00,"74,750.00"
2019-06-11,2019061101007626,RMDC,6,19,135,648.00,"87,480.00"
2019-06-11,2019061101007536,RMDC,5,19,18,643.00,"11,574.00"
2019-06-11,2019061101007490,RMDC,5,17,12,643.00,"7,716.00"
2019-06-11,2019061101007491,RRHP,7,45,10,104.00,"1,040.00"
2019-06-11,2019061101007382,RRHP,36,52,10,106.00,"1,060.00"
2019-06-11,2019061101007381,RRHP,36,11,10,106.00,"1,060.00"
2019-06-11,2019061101007380,RRHP,36,11,10,106.00,"1,060.00"
2019-06-11,2019061101007379,RRHP,36,50,10,106.00,"1,060.00"
2019-06-11,2019061101007378,RRHP,36,47,10,106.00,"1,060.00"
2019-06-11,2019061101007377,RRHP,36,47,10,106.00,"1,060.00"
2019-06-11,2019061101007376,RRHP,36,57,10,105.00,"1,050.00"
2019-06-11,2019061101007416,RSDC,22,39,40,370.00,"14,800.00"
2019-06-11,2019061101007621,SANIMA,14,56,301,347.00,"104,447.00"
2019-06-11,2019061101007610,SBI,58,17,28,467.00,"13,076.00"
2019-06-11,2019061101007650,SBL,35,39,400,325.00,"130,000.00"
2019-06-11,2019061101007530,SBL,34,39,200,325.00,"65,000.00"
2019-06-11,2019061101007334,SBL,45,4,20,324.00,"6,480.00"
2019-06-11,2019061101007333,SBL,53,4,30,326.00,"9,780.00"
2019-06-11,2019061101007301,SBL,53,56,236,326.00,"76,936.00"
2019-06-11,2019061101007266,SBL,35,39,455,326.00,"148,330.00"
2019-06-11,2019061101007220,SBL,1,39,200,325.00,"65,000.00"
2019-06-11,2019061101007219,SBL,25,39,500,325.00,"162,500.00"
2019-06-11,2019061101007218,SBL,45,39,500,325.00,"162,500.00"
2019-06-11,2019061101007217,SBL,48,39,100,325.00,"32,500.00"
2019-06-11,2019061101007216,SBL,56,39,100,325.00,"32,500.00"
2019-06-11,2019061101007215,SBL,56,39,100,325.00,"32,500.00"
2019-06-11,2019061101007229,SBL,35,49,51,326.00,"16,626.00"
2019-06-11,2019061101007228,SBL,35,51,379,326.00,"123,554.00"
2019-06-11,2019061101007227,SBL,35,57,100,326.00,"32,600.00"
2019-06-11,2019061101007226,SBL,35,39,15,325.00,"4,875.00"
2019-06-11,2019061101007222,SBL,58,39,"1,000",325.00,"325,000.00"
2019-06-11,2019061101007221,SBL,34,39,500,325.00,"162,500.00"
2019-06-11,2019061101007448,SCB,14,26,28,672.00,"18,816.00"
2019-06-11,2019061101007447,SCB,25,26,100,672.00,"67,200.00"
2019-06-11,2019061101007322,SCB,16,53,100,673.00,"67,300.00"
2019-06-11,2019061101007418,SHINE,34,33,"2,500",255.00,"637,500.00"
2019-06-11,2019061101007710,SHIVM,21,53,26,667.00,"17,342.00"
2019-06-11,2019061101007709,SHIVM,40,53,24,667.00,"16,008.00"
2019-06-11,2019061101007704,SHIVM,40,53,50,667.00,"33,350.00"
2019-06-11,2019061101007683,SHIVM,13,52,300,668.00,"200,400.00"
2019-06-11,2019061101007620,SHIVM,49,50,100,669.00,"66,900.00"
2019-06-11,2019061101007619,SHIVM,49,4,900,669.00,"602,100.00"
2019-06-11,2019061101007223,SHIVM,38,39,30,670.00,"20,100.00"
2019-06-11,2019061101007538,SHIVM,40,50,346,667.00,"230,782.00"
2019-06-11,2019061101007430,SHIVM,3,4,100,669.00,"66,900.00"
2019-06-11,2019061101007368,SHIVM,40,7,80,667.00,"53,360.00"
2019-06-11,2019061101007299,SHIVM,44,18,50,666.00,"33,300.00"
2019-06-11,2019061101007698,SHL,58,43,100,233.00,"23,300.00"
2019-06-11,2019061101007697,SHL,50,43,100,233.00,"23,300.00"
2019-06-11,2019061101007474,SHL,43,43,500,233.00,"116,500.00"
2019-06-11,2019061101007473,SHL,50,43,100,233.00,"23,300.00"
2019-06-11,2019061101007392,SHL,53,43,600,233.00,"139,800.00"
2019-06-11,2019061101007391,SHL,51,43,100,233.00,"23,300.00"
2019-06-11,2019061101007276,SHPC,17,43,500,252.00,"126,000.00"
2019-06-11,2019061101007696,SIC,3,35,30,"1,339.00","40,170.00"
2019-06-11,2019061101007647,SIC,38,20,91,"1,336.00","121,576.00"
2019-06-11,2019061101007556,SIC,52,35,50,"1,339.00","66,950.00"
2019-06-11,2019061101007555,SIC,52,57,50,"1,339.00","66,950.00"
2019-06-11,2019061101007458,SIC,29,32,15,"1,335.00","20,025.00"
2019-06-11,2019061101007355,SIC,42,35,50,"1,336.00","66,800.00"
2019-06-11,2019061101007541,SIL,32,37,31,548.00,"16,988.00"
2019-06-11,2019061101007363,SIL,59,37,160,548.00,"87,680.00"
2019-06-11,2019061101007360,SIL,5,50,200,550.00,"110,000.00"
2019-06-11,2019061101007711,SINDU,59,59,10,142.00,"1,420.00"
2019-06-11,2019061101007290,SINDU,6,34,50,144.00,"7,200.00"
2019-06-11,2019061101007338,SLBBL,32,16,250,447.00,"111,750.00"
2019-06-11,2019061101007374,SLBS,58,58,10,755.00,"7,550.00"
2019-06-11,2019061101007583,SLBSL,25,55,10,565.00,"5,650.00"
2019-06-11,2019061101007394,SLICL,45,33,25,484.00,"12,100.00"
2019-06-11,2019061101007393,SLICL,42,33,167,484.00,"80,828.00"
2019-06-11,2019061101007259,SLICL,42,43,833,484.00,"403,172.00"
2019-06-11,2019061101007258,SLICL,42,43,100,484.00,"48,400.00"
2019-06-11,2019061101007257,SLICL,41,43,25,484.00,"12,100.00"
2019-06-11,2019061101007256,SLICL,34,43,42,485.00,"20,370.00"
2019-06-11,2019061101007582,SMATA,41,58,10,"1,250.00","12,500.00"
2019-06-11,2019061101007557,SMATA,41,16,14,"1,245.00","17,430.00"
2019-06-11,2019061101007484,SMATA,41,50,10,"1,237.00","12,370.00"
2019-06-11,2019061101007335,SPARS,21,8,10,507.00,"5,070.00"
2019-06-11,2019061101007658,SPDL,38,34,434,98.00,"42,532.00"
2019-06-11,2019061101007640,SPDL,38,40,500,97.00,"48,500.00"
2019-06-11,2019061101007540,SRBL,34,44,49,254.00,"12,446.00"
2019-06-11,2019061101007412,SRBL,34,37,200,254.00,"50,800.00"
2019-06-11,2019061101007356,SRBL,34,38,100,254.00,"25,400.00"
2019-06-11,2019061101007295,SRBL,34,17,"2,000",254.00,"508,000.00"
2019-06-11,2019061101007552,TRH,57,28,100,310.00,"31,000.00"
2019-06-11,2019061101007419,TRH,52,3,72,310.00,"22,320.00"
2019-06-11,2019061101007385,TRH,57,3,200,310.00,"62,000.00"
2019-06-11,2019061101007225,TRH,52,3,500,310.00,"155,000.00"
2019-06-11,2019061101007224,TRH,36,3,178,310.00,"55,180.00"
2019-06-11,2019061101007443,UIC,55,37,10,959.00,"9,590.00"
2019-06-11,2019061101007415,UMHL,14,53,986,112.00,"110,432.00"
2019-06-11,2019061101007283,UMHL,14,46,14,112.00,"1,568.00"
2019-06-11,2019061101007684,UNL,3,38,10,"19,700.00","197,000.00"
2019-06-11,2019061101007509,UPCL,55,59,"1,000",92.00,"92,000.00"
2019-06-11,2019061101007508,UPCL,49,59,300,92.00,"27,600.00"
2019-06-11,2019061101007507,UPCL,49,59,100,92.00,"9,200.00"
2019-06-11,2019061101007281,UPCL,49,18,50,92.00,"4,600.00"
2019-06-11,2019061101007703,UPPER,14,25,40,269.00,"10,760.00"
2019-06-11,2019061101007662,UPPER,14,25,40,269.00,"10,760.00"
2019-06-11,2019061101007625,UPPER,14,25,40,269.00,"10,760.00"
2019-06-11,2019061101007605,UPPER,14,45,50,269.00,"13,450.00"
2019-06-11,2019061101007285,UPPER,6,20,40,269.00,"10,760.00"
2019-06-11,2019061101007249,UPPER,6,43,200,269.00,"53,800.00"
2019-06-11,2019061101007248,UPPER,6,26,233,269.00,"62,677.00"
2019-06-11,2019061101007247,UPPER,6,17,143,269.00,"38,467.00"
2019-06-11,2019061101007485,UPPER,56,25,20,270.00,"5,400.00"
2019-06-11,2019061101007350,UPPER,14,35,116,269.00,"31,204.00"
2019-06-11,2019061101007296,UPPER,51,20,40,268.00,"10,720.00"
2019-06-11,2019061101007287,UPPER,6,35,384,269.00,"103,296.00"
2019-06-11,2019061101007576,VLBS,52,11,50,530.00,"26,500.00"
2019-06-11,2019061101007575,VLBS,52,11,11,530.00,"5,830.00"
2019-06-11,2019061101007209,ADBL,57,4,50,415.00,"20,750.00"
2019-06-11,2019061101007063,ADBL,52,52,50,416.00,"20,800.00"
2019-06-11,2019061101006843,ADBL,25,3,150,415.00,"62,250.00"
2019-06-11,2019061101007176,AHPC,38,16,100,109.00,"10,900.00"
2019-06-11,2019061101007100,AHPC,38,16,76,109.00,"8,284.00"
2019-06-11,2019061101007099,AHPC,38,20,100,109.00,"10,900.00"
2019-06-11,2019061101007121,ALBSL,58,10,10,422.00,"4,220.00"
2019-06-11,2019061101007111,ALBSL,58,20,10,422.00,"4,220.00"
2019-06-11,2019061101007106,ALBSL,28,19,10,430.00,"4,300.00"
2019-06-11,2019061101007105,ALBSL,28,34,10,429.00,"4,290.00"
2019-06-11,2019061101007104,ALBSL,28,34,10,429.00,"4,290.00"
2019-06-11,2019061101007103,ALBSL,28,25,10,429.00,"4,290.00"
2019-06-11,2019061101006783,ALBSL,29,58,10,421.00,"4,210.00"
2019-06-11,2019061101006781,ALBSL,29,58,70,421.00,"29,470.00"
2019-06-11,2019061101006919,ALBSL,38,20,10,428.00,"4,280.00"
2019-06-11,2019061101006830,ALBSL,45,58,10,420.00,"4,200.00"
2019-06-11,2019061101006817,ALBSL,45,58,10,420.00,"4,200.00"
2019-06-11,2019061101006802,ALBSL,45,58,10,420.00,"4,200.00"
2019-06-11,2019061101006798,ALBSL,29,58,10,421.00,"4,210.00"
2019-06-11,2019061101006790,ALBSL,29,58,10,421.00,"4,210.00"
2019-06-11,2019061101007102,ALBSL,28,25,10,429.00,"4,290.00"
2019-06-11,2019061101007101,ALBSL,28,20,10,428.00,"4,280.00"
2019-06-11,2019061101007074,ALBSL,38,20,10,428.00,"4,280.00"
2019-06-11,2019061101007061,ALBSL,38,20,10,428.00,"4,280.00"
2019-06-11,2019061101007035,ALBSL,38,20,10,428.00,"4,280.00"
2019-06-11,2019061101006993,ALBSL,38,17,10,428.00,"4,280.00"
2019-06-11,2019061101007073,ALICL,40,57,50,395.00,"19,750.00"
2019-06-11,2019061101007019,ALICL,40,22,125,395.00,"49,375.00"
2019-06-11,2019061101006822,ALICL,32,47,462,394.00,"182,028.00"
2019-06-11,2019061101006821,ALICL,41,47,"1,000",395.00,"395,000.00"
2019-06-11,2019061101006820,ALICL,56,47,50,395.00,"19,750.00"
2019-06-11,2019061101006819,ALICL,33,47,338,395.00,"133,510.00"
2019-06-11,2019061101006816,BFC,3,51,100,107.00,"10,700.00"
2019-06-11,2019061101006815,BFC,3,51,100,107.00,"10,700.00"
2019-06-11,2019061101006814,BFC,33,51,20,107.00,"2,140.00"
2019-06-11,2019061101007148,BOKL,22,45,50,264.00,"13,200.00"
2019-06-11,2019061101007069,BOKL,22,59,15,264.00,"3,960.00"
2019-06-11,2019061101006865,BOKL,22,41,20,264.00,"5,280.00"
2019-06-11,2019061101006864,BOKL,26,41,480,264.00,"126,720.00"
2019-06-11,2019061101006809,BOKL,34,11,200,265.00,"53,000.00"
2019-06-11,2019061101006808,BOKL,49,11,50,265.00,"13,250.00"
2019-06-11,2019061101006807,BOKL,41,11,100,265.00,"26,500.00"
2019-06-11,2019061101006806,BOKL,58,11,229,265.00,"60,685.00"
2019-06-11,2019061101006805,BOKL,41,11,70,265.00,"18,550.00"
2019-06-11,2019061101006804,BOKL,42,11,50,265.00,"13,250.00"
2019-06-11,2019061101007203,BPCL,25,57,100,406.00,"40,600.00"
2019-06-11,2019061101007163,BPCL,20,45,11,406.00,"4,466.00"
2019-06-11,2019061101006991,BPCL,34,34,100,407.00,"40,700.00"
2019-06-11,2019061101007139,CBBL,34,4,50,939.00,"46,950.00"
2019-06-11,2019061101007135,CBBL,34,6,40,939.00,"37,560.00"
2019-06-11,2019061101007181,CCBL,41,50,32,167.00,"5,344.00"
2019-06-11,2019061101006990,CCBL,42,50,50,167.00,"8,350.00"
2019-06-11,2019061101007033,CHCL,54,36,100,518.00,"51,800.00"
2019-06-11,2019061101007098,CIT,25,25,51,"2,506.00","127,806.00"
2019-06-11,2019061101007097,CIT,51,25,10,"2,506.00","25,060.00"
2019-06-11,2019061101007096,CIT,10,25,50,"2,507.00","125,350.00"
2019-06-11,2019061101007095,CIT,48,25,20,"2,507.00","50,140.00"
2019-06-11,2019061101007094,CIT,49,25,15,"2,508.00","37,620.00"
2019-06-11,2019061101007093,CIT,37,25,100,"2,508.00","250,800.00"
2019-06-11,2019061101007076,CZBIL,48,51,10,222.00,"2,220.00"
2019-06-11,2019061101007070,CZBIL,58,4,10,221.00,"2,210.00"
2019-06-11,2019061101006996,CZBIL,4,51,307,222.00,"68,154.00"
2019-06-11,2019061101006995,CZBIL,4,4,193,222.00,"42,846.00"
2019-06-11,2019061101006976,CZBIL,4,4,500,222.00,"111,000.00"
2019-06-11,2019061101006975,DBBL,41,21,"3,498",146.00,"510,708.00"
2019-06-11,2019061101006960,DBBL,45,21,400,147.00,"58,800.00"
2019-06-11,2019061101006959,DBBL,28,21,"2,000",147.00,"294,000.00"
2019-06-11,2019061101006958,DBBL,40,21,250,147.00,"36,750.00"
2019-06-11,2019061101006957,DBBL,1,21,300,147.00,"44,100.00"
2019-06-11,2019061101006956,DBBL,41,21,200,147.00,"29,400.00"
2019-06-11,2019061101006842,DBBL,10,8,206,149.00,"30,694.00"
2019-06-11,2019061101006841,DBBL,10,22,300,149.00,"44,700.00"
2019-06-11,2019061101006840,DBBL,10,20,354,148.00,"52,392.00"
2019-06-11,2019061101006839,DBBL,10,1,90,148.00,"13,320.00"
2019-06-11,2019061101006818,DBBL,34,1,40,148.00,"5,920.00"
2019-06-11,2019061101007159,DDBL,49,4,50,702.00,"35,100.00"
2019-06-11,2019061101007107,DDBL,49,6,34,702.00,"23,868.00"
2019-06-11,2019061101007078,DDBL,48,7,39,703.00,"27,417.00"
2019-06-11,2019061101007198,EBL,14,6,20,665.00,"13,300.00"
2019-06-11,2019061101006853,EDBL,17,16,35,296.00,"10,360.00"
2019-06-11,2019061101007064,EIC,7,51,77,381.00,"29,337.00"
2019-06-11,2019061101006989,FOWAD,17,39,48,"1,410.00","67,680.00"
2019-06-11,2019061101006927,GBBL,19,13,500,228.00,"114,000.00"
2019-06-11,2019061101007134,GBIME,16,4,805,300.00,"241,500.00"
2019-06-11,2019061101007133,GBIME,16,56,"1,195",300.00,"358,500.00"
2019-06-11,2019061101006718,GBIME,43,56,911,299.00,"272,389.00"
2019-06-11,2019061101006717,GBIME,34,56,89,299.00,"26,611.00"
2019-06-11,2019061101006920,GBLBS,41,45,10,355.00,"3,550.00"
2019-06-11,2019061101007184,GRDBL,13,26,50,117.00,"5,850.00"
2019-06-11,2019061101006966,GRDBL,49,26,200,117.00,"23,400.00"
2019-06-11,2019061101007056,HBL,11,46,35,570.00,"19,950.00"
2019-06-11,2019061101007055,HBL,11,32,50,569.00,"28,450.00"
2019-06-11,2019061101007200,HDL,57,45,35,"1,732.00","60,620.00"
2019-06-11,2019061101006800,HDL,45,44,500,"1,745.00","872,500.00"
2019-06-11,2019061101006799,HDL,39,44,150,"1,745.00","261,750.00"
2019-06-11,2019061101006732,HDL,39,33,150,"1,745.00","261,750.00"
2019-06-11,2019061101006731,HDL,40,33,50,"1,746.00","87,300.00"
2019-06-11,2019061101006923,HGI,38,4,350,371.00,"129,850.00"
2019-06-11,2019061101006792,HGI,36,13,200,372.00,"74,400.00"
2019-06-11,2019061101007039,HIDCL,34,10,"1,000",161.00,"161,000.00"
2019-06-11,2019061101006829,HIDCL,34,45,25,161.00,"4,025.00"
2019-06-11,2019061101007155,HPPL,47,42,10,177.00,"1,770.00"
2019-06-11,2019061101007023,HPPL,34,1,200,178.00,"35,600.00"
2019-06-11,2019061101006979,HPPL,34,17,10,178.00,"1,780.00"
2019-06-11,2019061101006938,HPPL,34,45,10,178.00,"1,780.00"
2019-06-11,2019061101006776,HPPL,34,46,10,178.00,"1,780.00"
2019-06-11,2019061101007201,HURJA,50,34,20,148.00,"2,960.00"
2019-06-11,2019061101007188,HURJA,50,34,20,148.00,"2,960.00"
2019-06-11,2019061101007166,HURJA,50,34,20,148.00,"2,960.00"
2019-06-11,2019061101007150,HURJA,50,34,20,148.00,"2,960.00"
2019-06-11,2019061101007091,HURJA,50,22,20,148.00,"2,960.00"
2019-06-11,2019061101006908,HURJA,50,38,20,148.00,"2,960.00"
2019-06-11,2019061101006907,HURJA,50,39,20,148.00,"2,960.00"
2019-06-11,2019061101006876,HURJA,50,39,20,148.00,"2,960.00"
2019-06-11,2019061101006863,HURJA,50,39,20,148.00,"2,960.00"
2019-06-11,2019061101006844,HURJA,50,39,20,148.00,"2,960.00"
2019-06-11,2019061101007186,JBNL,43,17,800,208.00,"166,400.00"
2019-06-11,2019061101007185,JBNL,57,17,200,208.00,"41,600.00"
2019-06-11,2019061101007060,JBNL,34,6,100,208.00,"20,800.00"
2019-06-11,2019061101007059,JBNL,34,51,"1,623",208.00,"337,584.00"
2019-06-11,2019061101007058,JBNL,34,10,"3,700",208.00,"769,600.00"
2019-06-11,2019061101006951,JBNL,38,41,214,207.00,"44,298.00"
2019-06-11,2019061101006950,JBNL,37,41,286,207.00,"59,202.00"
2019-06-11,2019061101006828,JBNL,51,10,100,208.00,"20,800.00"
2019-06-11,2019061101006789,JBNL,37,43,14,207.00,"2,898.00"
2019-06-11,2019061101006905,JFL,56,53,64,180.00,"11,520.00"
2019-06-11,2019061101006787,JOSHI,22,20,20,93.00,"1,860.00"
2019-06-11,2019061101006775,KBL,32,28,253,211.00,"53,383.00"
2019-06-11,2019061101006774,KBL,25,28,200,211.00,"42,200.00"
2019-06-11,2019061101006773,KBL,40,28,100,211.00,"21,100.00"
2019-06-11,2019061101006772,KBL,7,28,500,211.00,"105,500.00"
2019-06-11,2019061101006771,KBL,57,28,50,211.00,"10,550.00"
2019-06-11,2019061101006770,KBL,26,28,500,211.00,"105,500.00"
2019-06-11,2019061101006719,KBL,22,20,200,214.00,"42,800.00"
2019-06-11,2019061101006739,KBL,46,28,500,213.00,"106,500.00"
2019-06-11,2019061101006738,KBL,4,28,300,213.00,"63,900.00"
2019-06-11,2019061101006737,KBL,49,28,"2,000",213.00,"426,000.00"
2019-06-11,2019061101006736,KBL,32,28,500,213.00,"106,500.00"
2019-06-11,2019061101006735,KBL,40,28,300,213.00,"63,900.00"
2019-06-11,2019061101006734,KBL,17,28,460,213.00,"97,980.00"
2019-06-11,2019061101006745,KBL,38,28,100,213.00,"21,300.00"
2019-06-11,2019061101006744,KBL,7,28,100,213.00,"21,300.00"
2019-06-11,2019061101006743,KBL,51,28,200,213.00,"42,600.00"
2019-06-11,2019061101006742,KBL,41,28,"1,000",213.00,"213,000.00"
2019-06-11,2019061101006741,KBL,51,28,500,213.00,"106,500.00"
2019-06-11,2019061101006740,KBL,52,28,100,213.00,"21,300.00"
2019-06-11,2019061101006751,KBL,52,28,155,212.00,"32,860.00"
2019-06-11,2019061101006750,KBL,51,28,"1,000",213.00,"213,000.00"
2019-06-11,2019061101006749,KBL,48,28,500,213.00,"106,500.00"
2019-06-11,2019061101006748,KBL,32,28,100,213.00,"21,300.00"
2019-06-11,2019061101006747,KBL,13,28,500,213.00,"106,500.00"
2019-06-11,2019061101006746,KBL,48,28,"1,000",213.00,"213,000.00"
2019-06-11,2019061101006757,KBL,4,28,50,212.00,"10,600.00"
2019-06-11,2019061101006756,KBL,43,28,100,212.00,"21,200.00"
2019-06-11,2019061101006755,KBL,58,28,200,212.00,"42,400.00"
2019-06-11,2019061101006754,KBL,36,28,"1,000",212.00,"212,000.00"
2019-06-11,2019061101006753,KBL,46,28,200,212.00,"42,400.00"
2019-06-11,2019061101006752,KBL,34,28,"2,000",212.00,"424,000.00"
2019-06-11,2019061101006763,KBL,48,28,500,212.00,"106,000.00"
2019-06-11,2019061101006762,KBL,14,28,500,212.00,"106,000.00"
2019-06-11,2019061101006761,KBL,29,28,500,212.00,"106,000.00"
2019-06-11,2019061101006760,KBL,34,28,100,212.00,"21,200.00"
2019-06-11,2019061101006759,KBL,48,28,"1,000",212.00,"212,000.00"
2019-06-11,2019061101006758,KBL,32,28,300,212.00,"63,600.00"
2019-06-11,2019061101006769,KBL,51,28,500,211.00,"105,500.00"
2019-06-11,2019061101006768,KBL,26,28,160,211.00,"33,760.00"
2019-06-11,2019061101006767,KBL,25,28,500,211.00,"105,500.00"
2019-06-11,2019061101006766,KBL,32,28,300,211.00,"63,300.00"
2019-06-11,2019061101006765,KBL,32,28,300,211.00,"63,300.00"
2019-06-11,2019061101006764,KBL,37,28,"2,000",212.00,"424,000.00"
2019-06-11,2019061101007177,KKHC,20,13,746,71.00,"52,966.00"
2019-06-11,2019061101006801,KKHC,20,46,16,71.00,"1,136.00"
2019-06-11,2019061101006730,KPCL,59,20,10,94.00,940.00
2019-06-11,2019061101006971,KPCL,59,45,10,94.00,940.00
2019-06-11,2019061101006782,KRBL,14,33,100,122.00,"12,200.00"
2019-06-11,2019061101007053,KSBBL,33,41,66,164.00,"10,824.00"
2019-06-11,2019061101007052,KSBBL,33,41,434,164.00,"71,176.00"
2019-06-11,2019061101007015,KSBBL,46,17,499,165.00,"82,335.00"
2019-06-11,2019061101006953,KSBBL,13,17,100,165.00,"16,500.00"
2019-06-11,2019061101006952,KSBBL,41,17,155,165.00,"25,575.00"
2019-06-11,2019061101006917,KSBBL,41,58,100,165.00,"16,500.00"
2019-06-11,2019061101006846,KSBBL,47,13,54,166.00,"8,964.00"
2019-06-11,2019061101006729,KSBBL,41,58,200,165.00,"33,000.00"
2019-06-11,2019061101007152,LBL,48,21,100,217.00,"21,700.00"
2019-06-11,2019061101007151,LBL,58,21,100,217.00,"21,700.00"
2019-06-11,2019061101006903,LBL,58,42,200,217.00,"43,400.00"
2019-06-11,2019061101006877,LEMF,26,4,"1,500",7.88,"11,820.00"
2019-06-11,2019061101007132,LGIL,39,41,70,470.00,"32,900.00"
2019-06-11,2019061101007131,LGIL,35,41,130,470.00,"61,100.00"
2019-06-11,2019061101007003,LGIL,14,53,100,471.00,"47,100.00"
2019-06-11,2019061101007002,LGIL,25,53,200,471.00,"94,200.00"
2019-06-11,2019061101007168,MBL,44,51,24,269.00,"6,456.00"
2019-06-11,2019061101007167,MBL,44,53,126,269.00,"33,894.00"
2019-06-11,2019061101006994,MBL,44,53,374,269.00,"100,606.00"
2019-06-11,2019061101007183,MEGA,28,45,100,200.00,"20,000.00"
2019-06-11,2019061101007141,MEGA,48,48,"1,000",202.00,"202,000.00"
2019-06-11,2019061101007089,MEGA,34,17,141,201.00,"28,341.00"
2019-06-11,2019061101007088,MEGA,34,26,"1,771",201.00,"355,971.00"
2019-06-11,2019061101007087,MEGA,34,13,100,201.00,"20,100.00"
2019-06-11,2019061101007086,MEGA,34,43,250,201.00,"50,250.00"
2019-06-11,2019061101006968,MEGA,28,41,500,200.00,"100,000.00"
2019-06-11,2019061101006788,MEGA,28,39,101,200.00,"20,200.00"
2019-06-11,2019061101007085,MEGA,34,34,500,201.00,"100,500.00"
2019-06-11,2019061101007084,MEGA,34,52,122,201.00,"24,522.00"
2019-06-11,2019061101007083,MEGA,34,46,300,201.00,"60,300.00"
2019-06-11,2019061101007082,MEGA,34,52,100,201.00,"20,100.00"
2019-06-11,2019061101007081,MEGA,34,14,200,201.00,"40,200.00"
2019-06-11,2019061101007080,MEGA,34,45,83,201.00,"16,683.00"
2019-06-11,2019061101006825,MERO,20,46,16,560.00,"8,960.00"
2019-06-11,2019061101007212,MHNL,1,21,40,107.00,"4,280.00"
2019-06-11,2019061101006992,MHNL,48,48,30,107.00,"3,210.00"
2019-06-11,2019061101006954,MHNL,48,34,38,107.00,"4,066.00"
2019-06-11,2019061101006894,MHNL,48,21,30,107.00,"3,210.00"
2019-06-11,2019061101007211,MNBBL,50,7,50,375.00,"18,750.00"
2019-06-11,2019061101006855,MNBBL,21,7,20,375.00,"7,500.00"
2019-06-11,2019061101006850,MNBBL,58,13,213,374.00,"79,662.00"
2019-06-11,2019061101006847,MSLB,14,46,15,890.00,"13,350.00"
2019-06-11,2019061101007113,NABIL,6,4,50,822.00,"41,100.00"
2019-06-11,2019061101007077,NABIL,6,42,300,822.00,"246,600.00"
2019-06-11,2019061101007009,NABIL,6,10,75,822.00,"61,650.00"
2019-06-11,2019061101007008,NABIL,58,10,25,822.00,"20,550.00"
2019-06-11,2019061101006873,NABIL,58,13,75,822.00,"61,650.00"
2019-06-11,2019061101006872,NABIL,52,13,20,822.00,"16,440.00"
2019-06-11,2019061101006871,NABIL,40,13,75,822.00,"61,650.00"
2019-06-11,2019061101006870,NABIL,7,13,10,823.00,"8,230.00"
2019-06-11,2019061101007192,NBB,58,4,25,225.00,"5,625.00"
2019-06-11,2019061101007191,NBB,58,4,99,225.00,"22,275.00"
2019-06-11,2019061101007117,NBB,58,45,100,225.00,"22,500.00"
2019-06-11,2019061101007021,NBB,58,32,100,225.00,"22,500.00"
2019-06-11,2019061101006836,NBB,56,4,33,226.00,"7,458.00"
2019-06-11,2019061101006835,NBB,56,14,267,226.00,"60,342.00"
2019-06-11,2019061101007090,NBL,28,45,10,326.00,"3,260.00"
2019-06-11,2019061101007028,NBL,28,3,100,326.00,"32,600.00"
2019-06-11,2019061101006974,NBL,28,21,600,326.00,"195,600.00"
2019-06-11,2019061101006803,NBL,59,55,25,327.00,"8,175.00"
2019-06-11,2019061101006784,NBL,28,8,150,326.00,"48,900.00"
2019-06-11,2019061101007016,NCCB,34,33,510,258.00,"131,580.00"
2019-06-11,2019061101006988,NCCB,41,33,390,258.00,"100,620.00"
2019-06-11,2019061101006987,NCCB,19,33,"1,000",258.00,"258,000.00"
2019-06-11,2019061101006986,NCCB,41,33,100,258.00,"25,800.00"
2019-06-11,2019061101007204,NIB,46,45,12,531.00,"6,372.00"
2019-06-11,2019061101007195,NIB,46,20,157,531.00,"83,367.00"
2019-06-11,2019061101007194,NIB,46,39,100,531.00,"53,100.00"
2019-06-11,2019061101006912,NIB,38,20,60,531.00,"31,860.00"
2019-06-11,2019061101006895,NIB,53,34,216,530.00,"114,480.00"
2019-06-11,2019061101006892,NIB,53,46,44,530.00,"23,320.00"
2019-06-11,2019061101006824,NIB,39,20,31,531.00,"16,461.00"
2019-06-11,2019061101006823,NIB,39,17,69,531.00,"36,639.00"
2019-06-11,2019061101006849,NIBLPF,36,4,"1,000",7.70,"7,700.00"
2019-06-11,2019061101007153,NIBPO,53,48,50,495.00,"24,750.00"
2019-06-11,2019061101007115,NIBPO,53,17,76,495.00,"37,620.00"
2019-06-11,2019061101007114,NIBPO,39,17,410,495.00,"202,950.00"
2019-06-11,2019061101007031,NIBPO,39,4,90,495.00,"44,550.00"
2019-06-11,2019061101007030,NIBPO,34,4,10,496.00,"4,960.00"
2019-06-11,2019061101007173,NICA,11,36,300,456.00,"136,800.00"
2019-06-11,2019061101007172,NICA,53,36,200,456.00,"91,200.00"
2019-06-11,2019061101007171,NICA,54,36,39,456.00,"17,784.00"
2019-06-11,2019061101007158,NICA,11,42,573,457.00,"261,861.00"
2019-06-11,2019061101007138,NICA,54,32,11,456.00,"5,016.00"
2019-06-11,2019061101007137,NICA,14,32,89,456.00,"40,584.00"
2019-06-11,2019061101006921,NICA,7,43,"1,000",456.00,"456,000.00"
2019-06-11,2019061101006780,NICA,59,49,20,457.00,"9,140.00"
2019-06-11,2019061101006715,NICA,57,51,100,455.00,"45,500.00"
2019-06-11,2019061101006973,NICA,55,4,"1,000",456.00,"456,000.00"
2019-06-11,2019061101006962,NICA,38,42,345,457.00,"157,665.00"
2019-06-11,2019061101006961,NICA,38,49,30,457.00,"13,710.00"
2019-06-11,2019061101006947,NICA,11,43,97,455.00,"44,135.00"
2019-06-11,2019061101006937,NICA,38,4,"1,000",456.00,"456,000.00"
2019-06-11,2019061101006936,NICA,38,3,100,456.00,"45,600.00"
2019-06-11,2019061101007092,NICA,59,42,10,457.00,"4,570.00"
2019-06-11,2019061101007066,NICA,14,17,657,456.00,"299,592.00"
2019-06-11,2019061101007032,NICA,14,57,150,456.00,"68,400.00"
2019-06-11,2019061101007029,NICA,36,42,"1,000",457.00,"457,000.00"
2019-06-11,2019061101007006,NICA,55,42,"1,000",457.00,"457,000.00"
2019-06-11,2019061101007001,NICA,14,43,104,456.00,"47,424.00"
2019-06-11,2019061101007197,NIL,43,34,900,501.00,"450,900.00"
2019-06-11,2019061101006981,NIL,43,57,100,501.00,"50,100.00"
2019-06-11,2019061101006878,NIL,34,41,300,500.00,"150,000.00"
2019-06-11,2019061101006862,NIL,34,17,250,500.00,"125,000.00"
2019-06-11,2019061101006851,NIL,34,11,100,500.00,"50,000.00"
2019-06-11,2019061101006779,NIL,41,29,25,501.00,"12,525.00"
2019-06-11,2019061101007014,NLG,43,25,56,769.00,"43,064.00"
2019-06-11,2019061101007005,NLIC,56,45,17,914.00,"15,538.00"
2019-06-11,2019061101006926,NLIC,7,46,17,914.00,"15,538.00"
2019-06-11,2019061101007170,NLICL,35,52,30,626.00,"18,780.00"
2019-06-11,2019061101006982,NLICL,35,44,"4,000",625.00,"2,500,000.00"
2019-06-11,2019061101006955,NLICL,35,44,"1,000",625.00,"625,000.00"
2019-06-11,2019061101007175,NMFBS,33,17,15,"1,500.00","22,500.00"
2019-06-11,2019061101007174,NMFBS,33,49,15,"1,494.00","22,410.00"
2019-06-11,2019061101006875,NMFBS,33,16,17,"1,478.00","25,126.00"
2019-06-11,2019061101006859,NSEWA,41,10,10,417.00,"4,170.00"
2019-06-11,2019061101007025,NTC,6,34,180,700.00,"126,000.00"
2019-06-11,2019061101007000,NTC,59,34,10,700.00,"7,000.00"
2019-06-11,2019061101006980,NTC,6,32,90,698.00,"62,820.00"
2019-06-11,2019061101006935,NTC,8,32,20,698.00,"13,960.00"
2019-06-11,2019061101006934,NTC,39,32,40,698.00,"27,920.00"
2019-06-11,2019061101007110,OHL,45,17,40,647.00,"25,880.00"
2019-06-11,2019061101007109,OHL,45,17,"1,000",646.00,"646,000.00"
2019-06-11,2019061101007108,OHL,45,50,110,646.00,"71,060.00"
2019-06-11,2019061101007202,PIC,49,33,29,"1,058.00","30,682.00"
2019-06-11,2019061101007123,PIC,49,3,11,"1,058.00","11,638.00"
2019-06-11,2019061101007122,PIC,42,3,39,"1,058.00","41,262.00"
2019-06-11,2019061101007022,PIC,42,45,11,"1,058.00","11,638.00"
2019-06-11,2019061101006963,PIC,42,47,50,"1,060.00","53,000.00"
2019-06-11,2019061101006918,PIC,36,47,89,"1,060.00","94,340.00"
2019-06-11,2019061101006777,PIC,38,10,11,"1,058.00","11,638.00"
2019-06-11,2019061101006972,PICL,38,40,200,645.00,"129,000.00"
2019-06-11,2019061101007196,PLIC,29,42,106,448.00,"47,488.00"
2019-06-11,2019061101006902,PLIC,53,48,28,449.00,"12,572.00"
2019-06-11,2019061101006869,PLIC,38,48,25,449.00,"11,225.00"
2019-06-11,2019061101007187,PPCL,38,32,30,138.00,"4,140.00"
2019-06-11,2019061101007024,PPCL,38,29,10,138.00,"1,380.00"
2019-06-11,2019061101006970,PPCL,38,58,20,138.00,"2,760.00"
2019-06-11,2019061101006939,PPCL,38,58,20,138.00,"2,760.00"
2019-06-11,2019061101006922,PPCL,38,58,30,138.00,"4,140.00"
2019-06-11,2019061101006811,PPCL,38,48,30,138.00,"4,140.00"
2019-06-11,2019061101007120,PRIN,48,50,100,392.00,"39,200.00"
2019-06-11,2019061101007119,PRIN,11,50,74,392.00,"29,008.00"
2019-06-11,2019061101007057,PRIN,11,14,105,392.00,"41,160.00"
2019-06-11,2019061101007043,PRIN,11,53,21,392.00,"8,232.00"
2019-06-11,2019061101007042,PRIN,41,53,25,392.00,"9,800.00"
2019-06-11,2019061101007041,PRIN,38,53,829,392.00,"324,968.00"
2019-06-11,2019061101006813,PRIN,38,50,15,393.00,"5,895.00"
2019-06-11,2019061101006812,PRIN,25,50,100,393.00,"39,300.00"
2019-06-11,2019061101007040,PRVU,45,59,60,271.00,"16,260.00"
2019-06-11,2019061101006911,PRVU,45,45,40,271.00,"10,840.00"
2019-06-11,2019061101006910,PRVU,59,45,25,271.00,"6,775.00"
2019-06-11,2019061101006909,PRVU,28,45,15,271.00,"4,065.00"
2019-06-11,2019061101006854,PRVU,6,56,200,272.00,"54,400.00"
2019-06-11,2019061101006852,PRVU,28,41,485,271.00,"131,435.00"
2019-06-11,2019061101007161,RADHI,29,50,200,166.00,"33,200.00"
2019-06-11,2019061101007160,RADHI,36,50,256,166.00,"42,496.00"
2019-06-11,2019061101007136,RADHI,29,50,223,167.00,"37,241.00"
2019-06-11,2019061101007116,RADHI,29,47,11,167.00,"1,837.00"
2019-06-11,2019061101007067,RADHI,29,47,11,167.00,"1,837.00"
2019-06-11,2019061101006949,RADHI,29,55,11,167.00,"1,837.00"
2019-06-11,2019061101006868,RADHI,36,26,11,168.00,"1,848.00"
2019-06-11,2019061101006867,RADHI,36,47,190,168.00,"31,920.00"
2019-06-11,2019061101007182,RBCL,57,8,80,"9,900.00","792,000.00"
2019-06-11,2019061101007157,RBCL,34,17,10,"10,000.00","100,000.00"
2019-06-11,2019061101006945,RBCLPO,42,17,10,"9,200.00","92,000.00"
2019-06-11,2019061101006944,RBCLPO,33,17,20,"9,210.00","184,200.00"
2019-06-11,2019061101006943,RBCLPO,42,17,20,"9,220.00","184,400.00"
2019-06-11,2019061101006965,RLFL,39,1,500,134.00,"67,000.00"
2019-06-11,2019061101006964,RLFL,45,1,100,134.00,"13,400.00"
2019-06-11,2019061101006728,RRHP,7,34,10,104.00,"1,040.00"
2019-06-11,2019061101006928,RSDC,38,44,50,375.00,"18,750.00"
2019-06-11,2019061101007162,SADBL,46,19,300,152.00,"45,600.00"
2019-06-11,2019061101006931,SAEF,34,34,"5,000",9.75,"48,750.00"
2019-06-11,2019061101006985,SANIMA,14,16,66,347.00,"22,902.00"
2019-06-11,2019061101006984,SANIMA,47,16,100,347.00,"34,700.00"
2019-06-11,2019061101006983,SANIMA,58,16,47,347.00,"16,309.00"
2019-06-11,2019061101006906,SANIMA,58,1,100,347.00,"34,700.00"
2019-06-11,2019061101006893,SANIMA,58,1,162,347.00,"56,214.00"
2019-06-11,2019061101006874,SANIMA,58,42,200,347.00,"69,400.00"
2019-06-11,2019061101007208,SBI,45,38,232,465.00,"107,880.00"
2019-06-11,2019061101007207,SBI,34,38,200,466.00,"93,200.00"
2019-06-11,2019061101007206,SBI,25,38,50,466.00,"23,300.00"
2019-06-11,2019061101007205,SBI,19,38,118,466.00,"54,988.00"
2019-06-11,2019061101007007,SBI,19,35,22,466.00,"10,252.00"
2019-06-11,2019061101006834,SBI,19,4,10,466.00,"4,660.00"
2019-06-11,2019061101006833,SBI,42,4,20,466.00,"9,320.00"
2019-06-11,2019061101006832,SBI,34,4,20,466.00,"9,320.00"
2019-06-11,2019061101007214,SBL,36,39,104,325.00,"33,800.00"
2019-06-11,2019061101007213,SBL,36,32,15,325.00,"4,875.00"
2019-06-11,2019061101007011,SBL,58,45,200,326.00,"65,200.00"
2019-06-11,2019061101007010,SBL,58,26,210,326.00,"68,460.00"
2019-06-11,2019061101006721,SBL,36,1,200,325.00,"65,000.00"
2019-06-11,2019061101007013,SCB,7,53,10,673.00,"6,730.00"
2019-06-11,2019061101007012,SCB,46,53,100,673.00,"67,300.00"
2019-06-11,2019061101006977,SCB,35,16,36,674.00,"24,264.00"
2019-06-11,2019061101006924,SCB,46,42,100,673.00,"67,300.00"
2019-06-11,2019061101007130,SHINE,34,55,677,255.00,"172,635.00"
2019-06-11,2019061101007129,SHINE,49,55,49,255.00,"12,495.00"
2019-06-11,2019061101007126,SHIVM,34,34,300,665.00,"199,500.00"
2019-06-11,2019061101007125,SHIVM,33,34,100,666.00,"66,600.00"
2019-06-11,2019061101007124,SHIVM,7,34,100,666.00,"66,600.00"
2019-06-11,2019061101007072,SHIVM,45,37,100,669.00,"66,900.00"
2019-06-11,2019061101007071,SHIVM,45,13,50,669.00,"33,450.00"
2019-06-11,2019061101006793,SHIVM,57,32,100,667.00,"66,700.00"
2019-06-11,2019061101006791,SHIVM,57,10,50,667.00,"33,350.00"
2019-06-11,2019061101006723,SHIVM,46,38,100,668.00,"66,800.00"
2019-06-11,2019061101006722,SHIVM,33,38,100,668.00,"66,800.00"
2019-06-11,2019061101006858,SHIVM,41,21,50,666.00,"33,300.00"
2019-06-11,2019061101006857,SHIVM,50,21,550,666.00,"366,300.00"
2019-06-11,2019061101006856,SHIVM,53,21,250,667.00,"166,750.00"
2019-06-11,2019061101006796,SHIVM,53,32,150,667.00,"100,050.00"
2019-06-11,2019061101006795,SHIVM,45,32,200,667.00,"133,400.00"
2019-06-11,2019061101006794,SHIVM,44,32,50,667.00,"33,350.00"
2019-06-11,2019061101006884,SHIVM,5,50,100,665.00,"66,500.00"
2019-06-11,2019061101006883,SHIVM,58,50,"1,000",665.00,"665,000.00"
2019-06-11,2019061101006882,SHIVM,5,50,100,665.00,"66,500.00"
2019-06-11,2019061101006881,SHIVM,28,50,300,665.00,"199,500.00"
2019-06-11,2019061101006880,SHIVM,45,50,300,665.00,"199,500.00"
2019-06-11,2019061101006879,SHIVM,22,50,130,665.00,"86,450.00"
2019-06-11,2019061101006890,SHIVM,3,50,50,664.00,"33,200.00"
2019-06-11,2019061101006889,SHIVM,34,50,90,664.00,"59,760.00"
2019-06-11,2019061101006888,SHIVM,6,50,20,664.00,"13,280.00"
2019-06-11,2019061101006887,SHIVM,45,50,"1,000",664.00,"664,000.00"
2019-06-11,2019061101006886,SHIVM,16,50,500,664.00,"332,000.00"
2019-06-11,2019061101006885,SHIVM,3,50,100,665.00,"66,500.00"
2019-06-11,2019061101006999,SHIVM,34,47,50,665.00,"33,250.00"
2019-06-11,2019061101006998,SHIVM,53,47,200,666.00,"133,200.00"
2019-06-11,2019061101006997,SHIVM,58,47,50,666.00,"33,300.00"
2019-06-11,2019061101006946,SHIVM,58,1,50,666.00,"33,300.00"
2019-06-11,2019061101006896,SHIVM,44,38,50,664.00,"33,200.00"
2019-06-11,2019061101006891,SHIVM,44,50,"2,310",664.00,"1,533,840.00"
2019-06-11,2019061101007199,SHL,17,17,"2,000",234.00,"468,000.00"
2019-06-11,2019061101007128,SHPC,56,58,50,254.00,"12,700.00"
2019-06-11,2019061101007127,SHPC,56,43,46,253.00,"11,638.00"
2019-06-11,2019061101007027,SHPC,42,43,50,253.00,"12,650.00"
2019-06-11,2019061101007026,SHPC,28,43,"1,000",253.00,"253,000.00"
2019-06-11,2019061101007149,SIC,29,21,100,"1,335.00","133,500.00"
2019-06-11,2019061101007054,SIC,29,7,110,"1,335.00","146,850.00"
2019-06-11,2019061101007065,SICL,14,4,28,825.00,"23,100.00"
2019-06-11,2019061101007051,SICL,51,21,44,825.00,"36,300.00"
2019-06-11,2019061101007050,SICL,28,21,50,825.00,"41,250.00"
2019-06-11,2019061101007049,SICL,39,21,100,825.00,"82,500.00"
2019-06-11,2019061101007048,SICL,39,21,65,825.00,"53,625.00"
2019-06-11,2019061101007047,SICL,40,21,500,827.00,"413,500.00"
2019-06-11,2019061101007046,SICL,49,21,50,827.00,"41,350.00"
2019-06-11,2019061101007045,SICL,28,21,30,828.00,"24,840.00"
2019-06-11,2019061101007044,SICL,41,21,161,830.00,"133,630.00"
2019-06-11,2019061101006978,SICL,41,58,13,830.00,"10,790.00"
2019-06-11,2019061101006848,SIFC,6,59,372,156.00,"58,032.00"
2019-06-11,2019061101007189,SIL,41,55,200,549.00,"109,800.00"
2019-06-11,2019061101007165,SIL,42,50,100,550.00,"55,000.00"
2019-06-11,2019061101007164,SIL,29,50,90,550.00,"49,500.00"
2019-06-11,2019061101007036,SIL,29,25,10,550.00,"5,500.00"
2019-06-11,2019061101006930,SIL,37,37,500,550.00,"275,000.00"
2019-06-11,2019061101006929,SIL,37,50,389,549.00,"213,561.00"
2019-06-11,2019061101007180,SKBBL,14,17,400,965.00,"386,000.00"
2019-06-11,2019061101007075,SKBBL,14,34,200,967.00,"193,400.00"
2019-06-11,2019061101007179,SLBBL,14,51,11,447.00,"4,917.00"
2019-06-11,2019061101007178,SLBBL,47,51,29,447.00,"12,963.00"
2019-06-11,2019061101006778,SLBS,14,50,18,755.00,"13,590.00"
2019-06-11,2019061101007154,SLICL,41,17,10,489.00,"4,890.00"
2019-06-11,2019061101007020,SMB,29,50,10,422.00,"4,220.00"
2019-06-11,2019061101006797,SMB,29,20,10,422.00,"4,220.00"
2019-06-11,2019061101007062,SPARS,21,40,10,507.00,"5,070.00"
2019-06-11,2019061101007038,SPARS,35,39,10,507.00,"5,070.00"
2019-06-11,2019061101007034,SPARS,35,50,10,507.00,"5,070.00"
2019-06-11,2019061101006948,SPARS,35,58,10,507.00,"5,070.00"
2019-06-11,2019061101006933,SPARS,35,58,10,507.00,"5,070.00"
2019-06-11,2019061101006845,SPARS,35,10,10,507.00,"5,070.00"
2019-06-11,2019061101006720,SPARS,11,20,10,508.00,"5,080.00"
2019-06-11,2019061101006716,SPARS,11,34,10,508.00,"5,080.00"
2019-06-11,2019061101007190,SPDL,38,56,202,97.00,"19,594.00"
2019-06-11,2019061101006727,SPDL,38,56,350,96.00,"33,600.00"
2019-06-11,2019061101006726,SPDL,38,50,15,96.00,"1,440.00"
2019-06-11,2019061101006725,SPDL,38,50,15,96.00,"1,440.00"
2019-06-11,2019061101006724,SPDL,38,34,100,96.00,"9,600.00"
2019-06-11,2019061101007156,TRH,6,58,650,312.00,"202,800.00"
2019-06-11,2019061101007118,TRH,6,4,350,311.00,"108,850.00"
2019-06-11,2019061101006925,TRH,36,22,100,310.00,"31,000.00"
2019-06-11,2019061101006904,TRH,36,25,"1,000",310.00,"310,000.00"
2019-06-11,2019061101007018,UMHL,59,53,18,113.00,"2,034.00"
2019-06-11,2019061101006915,UMHL,6,53,100,114.00,"11,400.00"
2019-06-11,2019061101006914,UMHL,46,53,150,114.00,"17,100.00"
2019-06-11,2019061101006913,UMHL,43,53,100,114.00,"11,400.00"
2019-06-11,2019061101006901,UMHL,17,53,20,115.00,"2,300.00"
2019-06-11,2019061101006900,UMHL,45,53,148,115.00,"17,020.00"
2019-06-11,2019061101006942,UMHL,59,53,682,113.00,"77,066.00"
2019-06-11,2019061101006941,UMHL,50,53,500,113.00,"56,500.00"
2019-06-11,2019061101006940,UMHL,50,53,"1,000",113.00,"113,000.00"
2019-06-11,2019061101006916,UMHL,25,53,300,114.00,"34,200.00"
2019-06-11,2019061101007210,UPCL,6,59,200,93.00,"18,600.00"
2019-06-11,2019061101007193,UPCL,21,59,100,93.00,"9,300.00"
2019-06-11,2019061101007147,UPCL,29,59,20,94.00,"1,880.00"
2019-06-11,2019061101007146,UPCL,29,39,50,94.00,"4,700.00"
2019-06-11,2019061101007145,UPCL,29,40,30,94.00,"2,820.00"
2019-06-11,2019061101006861,UPCL,58,47,100,93.00,"9,300.00"
2019-06-11,2019061101006860,UPCL,58,59,520,93.00,"48,360.00"
2019-06-11,2019061101007169,UPPER,51,43,40,268.00,"10,720.00"
2019-06-11,2019061101007144,UPPER,51,45,45,268.00,"12,060.00"
2019-06-11,2019061101007143,UPPER,11,45,50,268.00,"13,400.00"
2019-06-11,2019061101007142,UPPER,34,20,40,268.00,"10,720.00"
2019-06-11,2019061101006810,UPPER,41,10,50,268.00,"13,400.00"
2019-06-11,2019061101006786,UPPER,41,39,78,268.00,"20,904.00"
2019-06-11,2019061101006785,UPPER,34,39,172,268.00,"46,096.00"
2019-06-11,2019061101006733,UPPER,34,45,40,268.00,"10,720.00"
2019-06-11,2019061101006897,UPPER,47,41,22,268.00,"5,896.00"
2019-06-11,2019061101006838,UPPER,47,10,28,268.00,"7,504.00"
2019-06-11,2019061101006837,UPPER,41,10,22,268.00,"5,896.00"
2019-06-11,2019061101006831,UPPER,41,20,50,268.00,"13,400.00"
2019-06-11,2019061101006827,UPPER,36,17,357,269.00,"96,033.00"
2019-06-11,2019061101006826,UPPER,36,53,293,269.00,"78,817.00"
2019-06-11,2019061101006969,UPPER,34,20,50,268.00,"13,400.00"
2019-06-11,2019061101006967,UPPER,34,17,40,268.00,"10,720.00"
2019-06-11,2019061101006932,UPPER,34,20,40,268.00,"10,720.00"
2019-06-11,2019061101006899,UPPER,34,41,28,268.00,"7,504.00"
2019-06-11,2019061101006898,UPPER,35,41,50,268.00,"13,400.00"
2019-06-11,2019061101007140,UPPER,34,10,50,268.00,"13,400.00"
2019-06-11,2019061101007112,UPPER,34,45,50,268.00,"13,400.00"
2019-06-11,2019061101007079,UPPER,34,4,100,268.00,"26,800.00"
2019-06-11,2019061101007068,UPPER,34,45,10,268.00,"2,680.00"
2019-06-11,2019061101007037,UPPER,34,20,40,268.00,"10,720.00"
2019-06-11,2019061101007004,UPPER,34,20,50,268.00,"13,400.00"
2019-06-11,2019061101007017,VLBS,52,22,11,530.00,"5,830.00"
2019-06-11,2019061101006685,ADBL,28,33,10,414.00,"4,140.00"
2019-06-11,2019061101006609,ADBL,28,28,500,414.00,"207,000.00"
2019-06-11,2019061101006528,ADBL,52,6,200,415.00,"83,000.00"
2019-06-11,2019061101006527,ADBL,52,21,193,415.00,"80,095.00"
2019-06-11,2019061101006478,ADBL,28,41,200,414.00,"82,800.00"
2019-06-11,2019061101006696,AKPL,6,46,13,188.00,"2,444.00"
2019-06-11,2019061101006664,AKPL,6,10,20,188.00,"3,760.00"
2019-06-11,2019061101006676,ALBSL,46,20,10,421.00,"4,210.00"
2019-06-11,2019061101006648,ALBSL,56,20,20,421.00,"8,420.00"
2019-06-11,2019061101006533,ALBSL,52,20,10,422.00,"4,220.00"
2019-06-11,2019061101006497,ALBSL,52,20,10,422.00,"4,220.00"
2019-06-11,2019061101006488,ALBSL,52,53,10,422.00,"4,220.00"
2019-06-11,2019061101006303,ALBSL,56,48,10,421.00,"4,210.00"
2019-06-11,2019061101006215,API,44,44,1,147.00,147.00
2019-06-11,2019061101006460,BFC,33,6,80,107.00,"8,560.00"
2019-06-11,2019061101006459,BFC,33,6,20,107.00,"2,140.00"
2019-06-11,2019061101006600,BPCL,20,21,100,406.00,"40,600.00"
2019-06-11,2019061101006486,BPCL,20,41,33,406.00,"13,398.00"
2019-06-11,2019061101006709,CBL,59,46,129,146.00,"18,834.00"
2019-06-11,2019061101006494,CBL,42,35,400,147.00,"58,800.00"
2019-06-11,2019061101006365,CBL,42,5,200,147.00,"29,400.00"
2019-06-11,2019061101006357,CBL,42,25,400,147.00,"58,800.00"
2019-06-11,2019061101006356,CBL,56,25,100,147.00,"14,700.00"
2019-06-11,2019061101006233,CBL,35,25,500,147.00,"73,500.00"
2019-06-11,2019061101006232,CBL,35,16,500,147.00,"73,500.00"
2019-06-11,2019061101006606,CCBL,42,41,114,167.00,"19,038.00"
2019-06-11,2019061101006605,CCBL,42,51,102,167.00,"17,034.00"
2019-06-11,2019061101006604,CCBL,42,32,190,167.00,"31,730.00"
2019-06-11,2019061101006501,CCBL,48,32,10,167.00,"1,670.00"
2019-06-11,2019061101006500,CCBL,48,50,40,167.00,"6,680.00"
2019-06-11,2019061101006305,CCBL,38,50,20,167.00,"3,340.00"
2019-06-11,2019061101006260,CCBL,38,50,20,167.00,"3,340.00"
2019-06-11,2019061101006547,CIT,16,35,10,"2,519.00","25,190.00"
2019-06-11,2019061101006349,CIT,40,17,19,"2,510.00","47,690.00"
2019-06-11,2019061101006342,CIT,56,17,50,"2,510.00","125,500.00"
2019-06-11,2019061101006341,CIT,38,17,20,"2,511.00","50,220.00"
2019-06-11,2019061101006340,CIT,10,17,20,"2,515.00","50,300.00"
2019-06-11,2019061101006339,CIT,49,17,41,"2,516.00","103,156.00"
2019-06-11,2019061101006338,CIT,25,17,50,"2,517.00","125,850.00"
2019-06-11,2019061101006240,CIT,49,35,50,"2,519.00","125,950.00"
2019-06-11,2019061101006382,CORBL,34,58,100,126.00,"12,600.00"
2019-06-11,2019061101006578,CZBIL,58,16,14,221.00,"3,094.00"
2019-06-11,2019061101006535,CZBIL,58,35,300,221.00,"66,300.00"
2019-06-11,2019061101006282,DBBL,42,1,270,148.00,"39,960.00"
2019-06-11,2019061101006248,DDBL,48,7,61,703.00,"42,883.00"
2019-06-11,2019061101006684,EBL,42,4,50,667.00,"33,350.00"
2019-06-11,2019061101006683,EBL,42,1,43,667.00,"28,681.00"
2019-06-11,2019061101006658,EBL,58,1,100,661.00,"66,100.00"
2019-06-11,2019061101006657,EBL,28,1,100,661.00,"66,100.00"
2019-06-11,2019061101006656,EBL,42,1,657,667.00,"438,219.00"
2019-06-11,2019061101006467,EBL,46,34,10,663.00,"6,630.00"
2019-06-11,2019061101006439,EBL,46,6,40,663.00,"26,520.00"
2019-06-11,2019061101006438,EBL,46,6,60,663.00,"39,780.00"
2019-06-11,2019061101006325,EBL,8,6,50,664.00,"33,200.00"
2019-06-11,2019061101006577,EBL,34,57,50,662.00,"33,100.00"
2019-06-11,2019061101006576,EBL,5,57,200,662.00,"132,400.00"
2019-06-11,2019061101006575,EBL,13,57,200,662.00,"132,400.00"
2019-06-11,2019061101006483,EBL,7,35,100,663.00,"66,300.00"
2019-06-11,2019061101006482,EBL,19,35,60,663.00,"39,780.00"
2019-06-11,2019061101006468,EBL,19,34,90,663.00,"59,670.00"
2019-06-11,2019061101006655,EBL,42,44,100,667.00,"66,700.00"
2019-06-11,2019061101006654,EBL,42,6,53,666.00,"35,298.00"
2019-06-11,2019061101006653,EBL,42,57,500,666.00,"333,000.00"
2019-06-11,2019061101006652,EBL,42,45,60,666.00,"39,960.00"
2019-06-11,2019061101006651,EBL,42,48,90,665.00,"59,850.00"
2019-06-11,2019061101006650,EBL,42,35,40,663.00,"26,520.00"
2019-06-11,2019061101006623,EIC,29,41,150,381.00,"57,150.00"
2019-06-11,2019061101006456,EIC,48,43,200,384.00,"76,800.00"
2019-06-11,2019061101006587,GBBL,39,49,79,227.00,"17,933.00"
2019-06-11,2019061101006522,GBBL,36,17,100,226.00,"22,600.00"
2019-06-11,2019061101006450,GBBL,41,17,100,226.00,"22,600.00"
2019-06-11,2019061101006449,GBBL,53,17,300,226.00,"67,800.00"
2019-06-11,2019061101006327,GBIME,42,56,100,300.00,"30,000.00"
2019-06-11,2019061101006304,GBIME,26,56,50,300.00,"15,000.00"
2019-06-11,2019061101006273,GBIME,34,57,11,299.00,"3,289.00"
2019-06-11,2019061101006272,GBIME,32,57,100,299.00,"29,900.00"
2019-06-11,2019061101006271,GBIME,52,57,50,299.00,"14,950.00"
2019-06-11,2019061101006270,GBIME,6,57,39,299.00,"11,661.00"
2019-06-11,2019061101006223,GBIME,33,56,50,300.00,"15,000.00"
2019-06-11,2019061101006404,GBLBS,41,38,10,355.00,"3,550.00"
2019-06-11,2019061101006294,GBLBS,41,13,10,355.00,"3,550.00"
2019-06-11,2019061101006293,GBLBS,56,13,100,355.00,"35,500.00"
2019-06-11,2019061101006292,GBLBS,47,13,100,355.00,"35,500.00"
2019-06-11,2019061101006291,GBLBS,16,13,200,355.00,"71,000.00"
2019-06-11,2019061101006290,GBLBS,50,13,20,355.00,"7,100.00"
2019-06-11,2019061101006289,GBLBS,1,13,100,356.00,"35,600.00"
2019-06-11,2019061101006288,GBLBS,19,13,50,356.00,"17,800.00"
2019-06-11,2019061101006287,GBLBS,45,13,300,356.00,"106,800.00"
2019-06-11,2019061101006286,GBLBS,26,13,20,356.00,"7,120.00"
2019-06-11,2019061101006285,GBLBS,39,13,10,357.00,"3,570.00"
2019-06-11,2019061101006284,GBLBS,1,13,90,357.00,"32,130.00"
2019-06-11,2019061101006608,GDBL,20,37,100,214.00,"21,400.00"
2019-06-11,2019061101006607,GDBL,20,42,50,214.00,"10,700.00"
2019-06-11,2019061101006431,GFCL,59,25,100,136.00,"13,600.00"
2019-06-11,2019061101006672,GLICL,55,34,54,523.00,"28,242.00"
2019-06-11,2019061101006490,GLICL,53,34,50,523.00,"26,150.00"
2019-06-11,2019061101006489,GLICL,34,34,100,523.00,"52,300.00"
2019-06-11,2019061101006399,GRDBL,41,58,"1,000",117.00,"117,000.00"
2019-06-11,2019061101006398,GRDBL,38,58,500,117.00,"58,500.00"
2019-06-11,2019061101006397,GRDBL,52,58,50,118.00,"5,900.00"
2019-06-11,2019061101006363,GRDBL,49,50,100,119.00,"11,900.00"
2019-06-11,2019061101006352,GRDBL,58,26,10,120.00,"1,200.00"
2019-06-11,2019061101006610,HDL,57,21,50,"1,746.00","87,300.00"
2019-06-11,2019061101006520,HDL,54,54,500,"1,755.00","877,500.00"
2019-06-11,2019061101006519,HDL,54,35,15,"1,755.00","26,325.00"
2019-06-11,2019061101006518,HDL,54,3,10,"1,750.00","17,500.00"
2019-06-11,2019061101006391,HDL,45,44,500,"1,750.00","875,000.00"
2019-06-11,2019061101006390,HDL,57,44,50,"1,751.00","87,550.00"
2019-06-11,2019061101006389,HDL,40,44,70,"1,752.00","122,640.00"
2019-06-11,2019061101006388,HDL,45,44,100,"1,753.00","175,300.00"
2019-06-11,2019061101006515,HGI,38,49,500,371.00,"185,500.00"
2019-06-11,2019061101006514,HGI,41,49,500,372.00,"186,000.00"
2019-06-11,2019061101006401,HGI,58,50,100,375.00,"37,500.00"
2019-06-11,2019061101006526,HIDCL,34,58,11,161.00,"1,771.00"
2019-06-11,2019061101006504,HIDCL,34,41,139,161.00,"22,379.00"
2019-06-11,2019061101006503,HIDCL,38,41,361,161.00,"58,121.00"
2019-06-11,2019061101006387,HPPL,34,1,20,178.00,"3,560.00"
2019-06-11,2019061101006395,HURJA,50,14,20,148.00,"2,960.00"
2019-06-11,2019061101006697,ICFC,6,6,"1,131",164.00,"185,484.00"
2019-06-11,2019061101006695,JBBL,58,21,"1,396",158.00,"220,568.00"
2019-06-11,2019061101006694,JBBL,57,21,950,159.00,"151,050.00"
2019-06-11,2019061101006370,JBBL,57,49,50,159.00,"7,950.00"
2019-06-11,2019061101006361,JBBL,48,49,500,159.00,"79,500.00"
2019-06-11,2019061101006360,JBBL,57,49,"1,715",159.00,"272,685.00"
2019-06-11,2019061101006358,JBBL,57,50,50,159.00,"7,950.00"
2019-06-11,2019061101006573,JBNL,37,33,200,207.00,"41,400.00"
2019-06-11,2019061101006525,JBNL,36,36,547,207.00,"113,229.00"
2019-06-11,2019061101006396,JBNL,57,10,"1,000",208.00,"208,000.00"
2019-06-11,2019061101006306,JBNL,46,10,200,208.00,"41,600.00"
2019-06-11,2019061101006705,JFL,50,22,73,181.00,"13,213.00"
2019-06-11,2019061101006704,JFL,50,43,127,181.00,"22,987.00"
2019-06-11,2019061101006359,JFL,56,59,100,180.00,"18,000.00"
2019-06-11,2019061101006660,JOSHI,22,50,10,93.00,930.00
2019-06-11,2019061101006443,JOSHI,22,48,20,93.00,"1,860.00"
2019-06-11,2019061101006242,KADBL,42,46,500,203.00,"101,500.00"
2019-06-11,2019061101006521,KBBL,58,33,200,233.00,"46,600.00"
2019-06-11,2019061101006499,KBBL,34,33,300,234.00,"70,200.00"
2019-06-11,2019061101006498,KBBL,6,33,500,234.00,"117,000.00"
2019-06-11,2019061101006343,KBBL,38,38,74,235.00,"17,390.00"
2019-06-11,2019061101006643,KBL,19,20,200,214.00,"42,800.00"
2019-06-11,2019061101006532,KKHC,20,48,58,71.00,"4,118.00"
2019-06-11,2019061101006640,KPCL,59,20,10,94.00,940.00
2019-06-11,2019061101006410,KPCL,59,38,10,94.00,940.00
2019-06-11,2019061101006485,KPCL,59,20,10,94.00,940.00
2019-06-11,2019061101006474,KPCL,59,38,10,94.00,940.00
2019-06-11,2019061101006409,KRBL,14,55,450,122.00,"54,900.00"
2019-06-11,2019061101006408,KRBL,25,55,50,123.00,"6,150.00"
2019-06-11,2019061101006680,KSBBL,41,47,31,165.00,"5,115.00"
2019-06-11,2019061101006677,KSBBL,41,25,14,165.00,"2,310.00"
2019-06-11,2019061101006476,KSBBL,58,13,30,166.00,"4,980.00"
2019-06-11,2019061101006475,KSBBL,58,19,220,165.00,"36,300.00"
2019-06-11,2019061101006491,LBL,38,44,50,218.00,"10,900.00"
2019-06-11,2019061101006479,LBL,58,16,700,217.00,"151,900.00"
2019-06-11,2019061101006461,LBL,1,16,700,217.00,"151,900.00"
2019-06-11,2019061101006392,LBL,52,5,100,217.00,"21,700.00"
2019-06-11,2019061101006347,LBL,44,44,"5,000",217.00,"1,085,000.00"
2019-06-11,2019061101006622,LGIL,25,11,100,471.00,"47,100.00"
2019-06-11,2019061101006523,LGIL,25,34,150,471.00,"70,650.00"
2019-06-11,2019061101006239,LICN,25,40,22,"1,668.00","36,696.00"
2019-06-11,2019061101006238,LICN,49,40,20,"1,670.00","33,400.00"
2019-06-11,2019061101006586,LLBS,36,28,20,702.00,"14,040.00"
2019-06-11,2019061101006585,LLBS,45,28,200,702.00,"140,400.00"
2019-06-11,2019061101006584,LLBS,29,28,100,702.00,"70,200.00"
2019-06-11,2019061101006583,LLBS,32,28,100,703.00,"70,300.00"
2019-06-11,2019061101006582,LLBS,40,28,10,708.00,"7,080.00"
2019-06-11,2019061101006581,LLBS,20,28,30,710.00,"21,300.00"
2019-06-11,2019061101006580,LLBS,22,28,26,711.00,"18,486.00"
2019-06-11,2019061101006690,MBL,44,51,126,269.00,"33,894.00"
2019-06-11,2019061101006689,MBL,22,51,155,269.00,"41,695.00"
2019-06-11,2019061101006595,MBL,22,16,45,269.00,"12,105.00"
2019-06-11,2019061101006641,MEGA,28,43,31,200.00,"6,200.00"
2019-06-11,2019061101006599,MEGA,28,49,231,200.00,"46,200.00"
2019-06-11,2019061101006598,MEGA,58,49,269,200.00,"53,800.00"
2019-06-11,2019061101006553,MEGA,26,45,100,201.00,"20,100.00"
2019-06-11,2019061101006534,MEGA,58,46,19,200.00,"3,800.00"
2019-06-11,2019061101006470,MEGA,38,45,15,201.00,"3,015.00"
2019-06-11,2019061101006228,MEGA,6,47,"1,000",200.00,"200,000.00"
2019-06-11,2019061101006227,MEGA,59,47,"1,000",200.00,"200,000.00"
2019-06-11,2019061101006226,MEGA,56,47,100,200.00,"20,000.00"
2019-06-11,2019061101006225,MEGA,58,47,257,200.00,"51,400.00"
2019-06-11,2019061101006335,MEGA,58,52,212,200.00,"42,400.00"
2019-06-11,2019061101006334,MEGA,56,52,300,200.00,"60,000.00"
2019-06-11,2019061101006333,MEGA,1,52,200,200.00,"40,000.00"
2019-06-11,2019061101006332,MEGA,56,52,500,200.00,"100,000.00"
2019-06-11,2019061101006331,MEGA,19,52,57,200.00,"11,400.00"
2019-06-11,2019061101006229,MEGA,19,47,43,200.00,"8,600.00"
2019-06-11,2019061101006536,MFIL,1,48,10,128.00,"1,280.00"
2019-06-11,2019061101006708,MHNL,29,49,40,106.00,"4,240.00"
2019-06-11,2019061101006435,MNBBL,58,58,65,374.00,"24,310.00"
2019-06-11,2019061101006258,NABIL,40,40,25,822.00,"20,550.00"
2019-06-11,2019061101006257,NABIL,45,40,25,823.00,"20,575.00"
2019-06-11,2019061101006703,NABILP,59,49,20,815.00,"16,300.00"
2019-06-11,2019061101006661,NADEP,38,38,20,449.00,"8,980.00"
2019-06-11,2019061101006597,NADEP,38,20,10,441.00,"4,410.00"
2019-06-11,2019061101006472,NADEP,38,17,10,441.00,"4,410.00"
2019-06-11,2019061101006469,NADEP,38,20,10,441.00,"4,410.00"
2019-06-11,2019061101006441,NADEP,38,20,10,441.00,"4,410.00"
2019-06-11,2019061101006436,NADEP,38,17,10,441.00,"4,410.00"
2019-06-11,2019061101006428,NADEP,38,38,20,441.00,"8,820.00"
2019-06-11,2019061101006412,NADEP,38,20,10,441.00,"4,410.00"
2019-06-11,2019061101006457,NBB,58,22,500,225.00,"112,500.00"
2019-06-11,2019061101006314,NBB,58,39,201,225.00,"45,225.00"
2019-06-11,2019061101006295,NBB,58,39,299,225.00,"67,275.00"
2019-06-11,2019061101006252,NBB,58,40,74,225.00,"16,650.00"
2019-06-11,2019061101006251,NBB,58,25,127,225.00,"28,575.00"
2019-06-11,2019061101006710,NBL,28,59,500,326.00,"163,000.00"
2019-06-11,2019061101006364,NBL,52,55,"1,000",327.00,"327,000.00"
2019-06-11,2019061101006323,NBL,42,55,100,327.00,"32,700.00"
2019-06-11,2019061101006317,NBL,57,55,250,327.00,"81,750.00"
2019-06-11,2019061101006264,NBL,57,57,950,327.00,"310,650.00"
2019-06-11,2019061101006246,NBL,20,57,50,327.00,"16,350.00"
2019-06-11,2019061101006702,NCCB,41,3,100,258.00,"25,800.00"
2019-06-11,2019061101006688,NCCB,48,50,200,259.00,"51,800.00"
2019-06-11,2019061101006675,NCCB,48,50,200,259.00,"51,800.00"
2019-06-11,2019061101006670,NCCB,33,20,221,258.00,"57,018.00"
2019-06-11,2019061101006669,NCCB,46,20,130,258.00,"33,540.00"
2019-06-11,2019061101006508,NCCB,46,41,170,258.00,"43,860.00"
2019-06-11,2019061101006507,NCCB,41,41,330,258.00,"85,140.00"
2019-06-11,2019061101006345,NCCB,41,43,84,258.00,"21,672.00"
2019-06-11,2019061101006283,NCCB,41,50,100,259.00,"25,900.00"
2019-06-11,2019061101006255,NCCB,41,49,86,258.00,"22,188.00"
2019-06-11,2019061101006254,NCCB,54,49,200,258.00,"51,600.00"
2019-06-11,2019061101006253,NCCB,49,49,114,258.00,"29,412.00"
2019-06-11,2019061101006386,NHPC,26,51,"1,500",68.00,"102,000.00"
2019-06-11,2019061101006247,NHPC,11,51,500,68.00,"34,000.00"
2019-06-11,2019061101006687,NIB,54,20,21,531.00,"11,151.00"
2019-06-11,2019061101006572,NIB,54,35,29,531.00,"15,399.00"
2019-06-11,2019061101006530,NIB,42,17,14,531.00,"7,434.00"
2019-06-11,2019061101006437,NIB,53,32,39,530.00,"20,670.00"
2019-06-11,2019061101006324,NIB,38,35,10,531.00,"5,310.00"
2019-06-11,2019061101006316,NIB,53,20,44,530.00,"23,320.00"
2019-06-11,2019061101006298,NIB,53,44,100,530.00,"53,000.00"
2019-06-11,2019061101006277,NIB,53,20,44,530.00,"23,320.00"
2019-06-11,2019061101006234,NIB,53,14,183,530.00,"96,990.00"
2019-06-11,2019061101006216,NIB,53,20,44,530.00,"23,320.00"
2019-06-11,2019061101006714,NICA,57,4,"1,000",455.00,"455,000.00"
2019-06-11,2019061101006713,NICA,57,4,800,455.00,"364,000.00"
2019-06-11,2019061101006712,NICA,57,33,340,455.00,"154,700.00"
2019-06-11,2019061101006682,NICA,38,33,15,455.00,"6,825.00"
2019-06-11,2019061101006679,NICA,38,33,90,455.00,"40,950.00"
2019-06-11,2019061101006671,NICA,38,33,55,455.00,"25,025.00"
2019-06-11,2019061101006315,NICA,53,8,451,454.00,"204,754.00"
2019-06-11,2019061101006278,NICA,22,8,49,454.00,"22,246.00"
2019-06-11,2019061101006263,NICA,22,44,151,454.00,"68,554.00"
2019-06-11,2019061101006262,NICA,20,44,500,454.00,"227,000.00"
2019-06-11,2019061101006261,NICA,28,44,949,454.00,"430,846.00"
2019-06-11,2019061101006231,NICA,28,8,51,454.00,"23,154.00"
2019-06-11,2019061101006543,NICA,41,4,20,455.00,"9,100.00"
2019-06-11,2019061101006512,NICA,28,4,200,455.00,"91,000.00"
2019-06-11,2019061101006477,NICA,53,8,500,454.00,"227,000.00"
2019-06-11,2019061101006406,NICA,53,8,500,454.00,"227,000.00"
2019-06-11,2019061101006393,NICA,59,4,20,455.00,"9,100.00"
2019-06-11,2019061101006353,NICA,57,8,"1,000",454.00,"454,000.00"
2019-06-11,2019061101006624,NICA,38,11,60,455.00,"27,300.00"
2019-06-11,2019061101006621,NICA,34,11,109,455.00,"49,595.00"
2019-06-11,2019061101006620,NICA,34,19,88,455.00,"40,040.00"
2019-06-11,2019061101006619,NICA,34,26,62,455.00,"28,210.00"
2019-06-11,2019061101006618,NICA,34,6,11,455.00,"5,005.00"
2019-06-11,2019061101006617,NICA,34,4,230,455.00,"104,650.00"
2019-06-11,2019061101006665,NICA,38,11,35,455.00,"15,925.00"
2019-06-11,2019061101006659,NICA,38,11,100,455.00,"45,500.00"
2019-06-11,2019061101006649,NICA,7,11,20,455.00,"9,100.00"
2019-06-11,2019061101006647,NICA,38,11,75,455.00,"34,125.00"
2019-06-11,2019061101006642,NICA,38,11,500,455.00,"227,500.00"
2019-06-11,2019061101006637,NICA,38,11,100,455.00,"45,500.00"
2019-06-11,2019061101006502,NICL,42,5,100,369.00,"36,900.00"
2019-06-11,2019061101006616,NIL,34,25,71,500.00,"35,500.00"
2019-06-11,2019061101006268,NIL,34,25,30,500.00,"15,000.00"
2019-06-11,2019061101006663,NLBBL,44,39,290,488.00,"141,520.00"
2019-06-11,2019061101006662,NLBBL,57,39,40,490.00,"19,600.00"
2019-06-11,2019061101006471,NLBBL,55,59,10,499.00,"4,990.00"
2019-06-11,2019061101006243,NLBBL,34,34,"2,000",490.00,"980,000.00"
2019-06-11,2019061101006350,NLG,41,49,200,770.00,"154,000.00"
2019-06-11,2019061101006280,NLIC,42,40,10,912.00,"9,120.00"
2019-06-11,2019061101006279,NLIC,49,40,40,915.00,"36,600.00"
2019-06-11,2019061101006245,NLIC,49,54,10,915.00,"9,150.00"
2019-06-11,2019061101006646,NLICL,16,34,100,624.00,"62,400.00"
2019-06-11,2019061101006645,NLICL,16,48,200,624.00,"124,800.00"
2019-06-11,2019061101006529,NLICL,42,48,100,625.00,"62,500.00"
2019-06-11,2019061101006510,NMBMF,38,39,10,"1,011.00","10,110.00"
2019-06-11,2019061101006509,NMBMF,57,20,15,"1,012.00","15,180.00"
2019-06-11,2019061101006505,NNLB,51,44,100,385.00,"38,500.00"
2019-06-11,2019061101006537,NUBL,42,8,30,842.00,"25,260.00"
2019-06-11,2019061101006448,PCBL,6,32,23,296.00,"6,808.00"
2019-06-11,2019061101006434,PCBL,6,48,137,296.00,"40,552.00"
2019-06-11,2019061101006667,PFL,59,50,20,139.00,"2,780.00"
2019-06-11,2019061101006244,PFL,42,38,40,140.00,"5,600.00"
2019-06-11,2019061101006636,PIC,59,32,42,"1,054.00","44,268.00"
2019-06-11,2019061101006635,PIC,57,32,50,"1,054.00","52,700.00"
2019-06-11,2019061101006634,PIC,17,32,200,"1,054.00","210,800.00"
2019-06-11,2019061101006633,PIC,28,32,174,"1,054.00","183,396.00"
2019-06-11,2019061101006632,PIC,41,32,50,"1,055.00","52,750.00"
2019-06-11,2019061101006631,PIC,51,32,50,"1,055.00","52,750.00"
2019-06-11,2019061101006241,PIC,3,29,50,"1,060.00","53,000.00"
2019-06-11,2019061101006230,PIC,28,29,50,"1,060.00","53,000.00"
2019-06-11,2019061101006221,PIC,6,29,100,"1,060.00","106,000.00"
2019-06-11,2019061101006480,PIC,8,53,11,"1,057.00","11,627.00"
2019-06-11,2019061101006455,PIC,8,39,5,"1,057.00","5,285.00"
2019-06-11,2019061101006454,PIC,1,39,25,"1,059.00","26,475.00"
2019-06-11,2019061101006453,PIC,36,39,50,"1,060.00","53,000.00"
2019-06-11,2019061101006452,PIC,36,39,20,"1,061.00","21,220.00"
2019-06-11,2019061101006329,PIC,48,20,100,"1,063.00","106,300.00"
2019-06-11,2019061101006630,PIC,49,32,100,"1,055.00","105,500.00"
2019-06-11,2019061101006629,PIC,50,32,50,"1,055.00","52,750.00"
2019-06-11,2019061101006628,PIC,40,32,100,"1,056.00","105,600.00"
2019-06-11,2019061101006627,PIC,38,32,100,"1,056.00","105,600.00"
2019-06-11,2019061101006626,PIC,21,32,100,"1,057.00","105,700.00"
2019-06-11,2019061101006625,PIC,8,32,84,"1,057.00","88,788.00"
2019-06-11,2019061101006674,PLIC,26,48,110,448.00,"49,280.00"
2019-06-11,2019061101006673,PLIC,7,48,57,448.00,"25,536.00"
2019-06-11,2019061101006432,PPCL,38,34,30,138.00,"4,140.00"
2019-06-11,2019061101006419,PPCL,38,35,40,138.00,"5,520.00"
2019-06-11,2019061101006417,PPCL,38,42,10,138.00,"1,380.00"
2019-06-11,2019061101006411,PPCL,38,42,10,138.00,"1,380.00"
2019-06-11,2019061101006407,PPCL,38,34,10,138.00,"1,380.00"
2019-06-11,2019061101006346,PPCL,38,34,10,138.00,"1,380.00"
2019-06-11,2019061101006328,PPCL,38,34,10,138.00,"1,380.00"
2019-06-11,2019061101006400,PPCL,38,34,10,138.00,"1,380.00"
2019-06-11,2019061101006394,PPCL,38,19,10,138.00,"1,380.00"
2019-06-11,2019061101006385,PPCL,38,34,10,138.00,"1,380.00"
2019-06-11,2019061101006384,PPCL,38,19,10,138.00,"1,380.00"
2019-06-11,2019061101006367,PPCL,38,34,10,138.00,"1,380.00"
2019-06-11,2019061101006362,PPCL,38,34,10,138.00,"1,380.00"
2019-06-11,2019061101006297,PRIN,38,14,15,396.00,"5,940.00"
2019-06-11,2019061101006611,PROFL,21,38,100,111.00,"11,100.00"
2019-06-11,2019061101006552,PRVU,32,43,75,271.00,"20,325.00"
2019-06-11,2019061101006551,PRVU,32,16,500,271.00,"135,500.00"
2019-06-11,2019061101006550,PRVU,32,17,76,271.00,"20,596.00"
2019-06-11,2019061101006549,PRVU,32,8,73,271.00,"19,783.00"
2019-06-11,2019061101006548,PRVU,32,17,280,271.00,"75,880.00"
2019-06-11,2019061101006493,PRVU,58,17,20,271.00,"5,420.00"
2019-06-11,2019061101006492,PRVU,26,17,200,271.00,"54,200.00"
2019-06-11,2019061101006638,RADHI,29,34,11,167.00,"1,837.00"
2019-06-11,2019061101006554,RADHI,29,34,11,167.00,"1,837.00"
2019-06-11,2019061101006541,RADHI,29,34,11,167.00,"1,837.00"
2019-06-11,2019061101006425,RBCL,45,17,10,"10,000.00","100,000.00"
2019-06-11,2019061101006313,RBCL,59,6,28,"9,900.00","277,200.00"
2019-06-11,2019061101006302,RBCL,59,6,20,"9,900.00","198,000.00"
2019-06-11,2019061101006256,RBCL,58,17,10,"9,996.00","99,960.00"
2019-06-11,2019061101006321,RBCLPO,49,17,20,"9,200.00","184,000.00"
2019-06-11,2019061101006320,RBCLPO,19,17,10,"9,200.00","92,000.00"
2019-06-11,2019061101006319,RBCLPO,50,17,10,"9,210.00","92,100.00"
2019-06-11,2019061101006318,RBCLPO,58,17,10,"9,210.00","92,100.00"
2019-06-11,2019061101006274,RBCLPO,33,14,24,"9,350.00","224,400.00"
2019-06-11,2019061101006701,RHPC,22,26,10,94.00,940.00
2019-06-11,2019061101006700,RHPC,41,26,12,94.00,"1,128.00"
2019-06-11,2019061101006699,RHPC,41,7,19,94.00,"1,786.00"
2019-06-11,2019061101006698,RHPC,41,8,18,94.00,"1,692.00"
2019-06-11,2019061101006267,RMDC,58,4,100,645.00,"64,500.00"
2019-06-11,2019061101006266,RMDC,58,34,100,644.00,"64,400.00"
2019-06-11,2019061101006265,RMDC,58,33,100,643.00,"64,300.00"
2019-06-11,2019061101006531,RRHP,7,58,10,104.00,"1,040.00"
2019-06-11,2019061101006451,RRHP,34,20,10,104.00,"1,040.00"
2019-06-11,2019061101006440,RRHP,34,38,10,104.00,"1,040.00"
2019-06-11,2019061101006269,RSDC,42,16,50,369.00,"18,450.00"
2019-06-11,2019061101006237,RSDC,34,16,10,370.00,"3,700.00"
2019-06-11,2019061101006236,RSDC,40,16,30,370.00,"11,100.00"
2019-06-11,2019061101006540,SADBL,1,44,500,152.00,"76,000.00"
2019-06-11,2019061101006539,SADBL,34,44,400,152.00,"60,800.00"
2019-06-11,2019061101006538,SADBL,46,44,477,152.00,"72,504.00"
2019-06-11,2019061101006403,SADBL,46,34,297,152.00,"45,144.00"
2019-06-11,2019061101006615,SANIMA,58,43,117,347.00,"40,599.00"
2019-06-11,2019061101006579,SANIMA,58,10,10,348.00,"3,480.00"
2019-06-11,2019061101006524,SANIMA,58,35,300,347.00,"104,100.00"
2019-06-11,2019061101006344,SANIMA,58,10,"1,701",348.00,"591,948.00"
2019-06-11,2019061101006416,SBI,14,43,91,467.00,"42,497.00"
2019-06-11,2019061101006415,SBI,41,43,20,467.00,"9,340.00"
2019-06-11,2019061101006414,SBI,36,43,130,467.00,"60,710.00"
2019-06-11,2019061101006301,SBI,46,17,100,468.00,"46,800.00"
2019-06-11,2019061101006300,SBI,46,17,50,468.00,"23,400.00"
2019-06-11,2019061101006706,SBL,36,1,100,325.00,"32,500.00"
2019-06-11,2019061101006424,SBL,36,32,581,325.00,"188,825.00"
2019-06-11,2019061101006423,SBL,47,32,500,325.00,"162,500.00"
2019-06-11,2019061101006422,SBL,56,32,200,326.00,"65,200.00"
2019-06-11,2019061101006421,SBL,56,32,40,326.00,"13,040.00"
2019-06-11,2019061101006420,SBL,41,32,26,326.00,"8,476.00"
2019-06-11,2019061101006511,SCB,8,16,50,674.00,"33,700.00"
2019-06-11,2019061101006250,SDESI,20,44,17,573.00,"9,741.00"
2019-06-11,2019061101006487,SHIVM,3,16,30,672.00,"20,160.00"
2019-06-11,2019061101006463,SHIVM,44,34,150,671.00,"100,650.00"
2019-06-11,2019061101006462,SHIVM,44,48,250,670.00,"167,500.00"
2019-06-11,2019061101006380,SHIVM,44,36,955,667.00,"636,985.00"
2019-06-11,2019061101006379,SHIVM,7,36,500,667.00,"333,500.00"
2019-06-11,2019061101006378,SHIVM,53,36,200,668.00,"133,600.00"
2019-06-11,2019061101006275,SHIVM,40,36,20,670.00,"13,400.00"
2019-06-11,2019061101006310,SHIVM,29,47,200,670.00,"134,000.00"
2019-06-11,2019061101006309,SHIVM,3,47,20,670.00,"13,400.00"
2019-06-11,2019061101006308,SHIVM,35,47,40,670.00,"26,800.00"
2019-06-11,2019061101006307,SHIVM,34,47,70,670.00,"46,900.00"
2019-06-11,2019061101006296,SHIVM,3,48,20,673.00,"13,460.00"
2019-06-11,2019061101006276,SHIVM,34,36,30,670.00,"20,100.00"
2019-06-11,2019061101006369,SHIVM,45,42,65,668.00,"43,420.00"
2019-06-11,2019061101006368,SHIVM,16,42,15,669.00,"10,035.00"
2019-06-11,2019061101006351,SHIVM,16,37,50,669.00,"33,450.00"
2019-06-11,2019061101006337,SHIVM,16,42,150,669.00,"100,350.00"
2019-06-11,2019061101006312,SHIVM,16,47,85,669.00,"56,865.00"
2019-06-11,2019061101006311,SHIVM,44,47,85,669.00,"56,865.00"
2019-06-11,2019061101006377,SHIVM,34,36,200,668.00,"133,600.00"
2019-06-11,2019061101006376,SHIVM,52,36,100,668.00,"66,800.00"
2019-06-11,2019061101006375,SHIVM,50,36,100,668.00,"66,800.00"
2019-06-11,2019061101006374,SHIVM,5,36,100,668.00,"66,800.00"
2019-06-11,2019061101006373,SHIVM,44,36,"1,000",668.00,"668,000.00"
2019-06-11,2019061101006372,SHIVM,45,36,545,668.00,"364,060.00"
2019-06-11,2019061101006594,SHL,49,43,"1,000",233.00,"233,000.00"
2019-06-11,2019061101006593,SHL,22,43,100,233.00,"23,300.00"
2019-06-11,2019061101006592,SHL,58,43,100,233.00,"23,300.00"
2019-06-11,2019061101006591,SHL,3,43,100,233.00,"23,300.00"
2019-06-11,2019061101006590,SHL,26,43,"1,000",234.00,"234,000.00"
2019-06-11,2019061101006589,SHL,43,43,200,234.00,"46,800.00"
2019-06-11,2019061101006588,SHL,5,43,500,234.00,"117,000.00"
2019-06-11,2019061101006405,SHL,3,44,100,235.00,"23,500.00"
2019-06-11,2019061101006218,SHL,53,7,500,235.00,"117,500.00"
2019-06-11,2019061101006217,SHL,52,7,100,235.00,"23,500.00"
2019-06-11,2019061101006249,SHPC,56,58,200,254.00,"50,800.00"
2019-06-11,2019061101006222,SHPC,49,49,100,255.00,"25,500.00"
2019-06-11,2019061101006693,SIC,1,1,100,"1,335.00","133,500.00"
2019-06-11,2019061101006692,SIC,1,1,50,"1,335.00","66,750.00"
2019-06-11,2019061101006691,SIC,1,1,100,"1,335.00","133,500.00"
2019-06-11,2019061101006681,SIC,4,1,100,"1,340.00","134,000.00"
2019-06-11,2019061101006612,SIC,41,20,35,"1,345.00","47,075.00"
2019-06-11,2019061101006546,SICL,45,34,200,832.00,"166,400.00"
2019-06-11,2019061101006603,SIFC,6,35,128,156.00,"19,968.00"
2019-06-11,2019061101006602,SIFC,26,35,100,156.00,"15,600.00"
2019-06-11,2019061101006601,SIL,25,50,111,549.00,"60,939.00"
2019-06-11,2019061101006544,SIL,4,37,100,550.00,"55,000.00"
2019-06-11,2019061101006371,SIL,28,45,300,551.00,"165,300.00"
2019-06-11,2019061101006348,SIL,58,22,96,551.00,"52,896.00"
2019-06-11,2019061101006383,SINDU,29,45,240,144.00,"34,560.00"
2019-06-11,2019061101006686,SKBBL,29,14,50,974.00,"48,700.00"
2019-06-11,2019061101006678,SKBBL,22,14,36,974.00,"35,064.00"
2019-06-11,2019061101006444,SLBBL,42,32,100,448.00,"44,800.00"
2019-06-11,2019061101006446,SLBBL,47,32,271,447.00,"121,137.00"
2019-06-11,2019061101006445,SLBBL,45,32,179,447.00,"80,013.00"
2019-06-11,2019061101006413,SLBS,14,32,18,755.00,"13,590.00"
2019-06-11,2019061101006495,SLBSL,18,53,10,558.00,"5,580.00"
2019-06-11,2019061101006473,SLBSL,18,58,10,558.00,"5,580.00"
2019-06-11,2019061101006458,SLBSL,18,58,10,558.00,"5,580.00"
2019-06-11,2019061101006442,SLBSL,43,38,10,562.00,"5,620.00"
2019-06-11,2019061101006322,SLBSL,52,57,20,565.00,"11,300.00"
2019-06-11,2019061101006299,SLBSL,52,39,10,565.00,"5,650.00"
2019-06-11,2019061101006666,SLICL,58,17,500,489.00,"244,500.00"
2019-06-11,2019061101006639,SLICL,34,28,58,485.00,"28,130.00"
2019-06-11,2019061101006613,SLICL,58,5,109,488.00,"53,192.00"
2019-06-11,2019061101006427,SLICL,25,17,50,484.00,"24,200.00"
2019-06-11,2019061101006426,SLICL,38,17,40,485.00,"19,400.00"
2019-06-11,2019061101006235,SMB,29,17,30,425.00,"12,750.00"
2019-06-11,2019061101006711,SPARS,11,49,10,508.00,"5,080.00"
2019-06-11,2019061101006668,SPARS,22,20,10,508.00,"5,080.00"
2019-06-11,2019061101006596,SPARS,22,49,10,508.00,"5,080.00"
2019-06-11,2019061101006574,SPARS,22,20,10,508.00,"5,080.00"
2019-06-11,2019061101006542,SPARS,22,20,10,508.00,"5,080.00"
2019-06-11,2019061101006433,SPARS,22,20,10,508.00,"5,080.00"
2019-06-11,2019061101006402,SPARS,22,4,10,508.00,"5,080.00"
2019-06-11,2019061101006381,SPARS,22,4,10,508.00,"5,080.00"
2019-06-11,2019061101006366,SPARS,22,17,10,508.00,"5,080.00"
2019-06-11,2019061101006707,SRBL,50,51,45,255.00,"11,475.00"
2019-06-11,2019061101006545,SWBBL,42,16,25,880.00,"22,000.00"
2019-06-11,2019061101006614,TRH,20,4,150,311.00,"46,650.00"
2019-06-11,2019061101006484,TRH,36,4,"1,000",310.00,"310,000.00"
2019-06-11,2019061101006330,TRH,36,14,222,310.00,"68,820.00"
2019-06-11,2019061101006355,UIC,47,38,50,948.00,"47,400.00"
2019-06-11,2019061101006354,UIC,32,38,300,950.00,"285,000.00"
2019-06-11,2019061101006513,UPCL,49,32,50,92.00,"4,600.00"
2019-06-11,2019061101006506,UPCL,58,32,50,92.00,"4,600.00"
2019-06-11,2019061101006496,UPCL,34,32,50,92.00,"4,600.00"
2019-06-11,2019061101006336,UPCL,34,58,50,92.00,"4,600.00"
2019-06-11,2019061101006259,UPCL,42,59,100,93.00,"9,300.00"
2019-06-11,2019061101006644,UPPER,34,45,303,268.00,"81,204.00"
2019-06-11,2019061101006571,UPPER,34,21,285,268.00,"76,380.00"
2019-06-11,2019061101006570,UPPER,52,21,50,268.00,"13,400.00"
2019-06-11,2019061101006569,UPPER,39,21,100,268.00,"26,800.00"
2019-06-11,2019061101006568,UPPER,41,21,200,268.00,"53,600.00"
2019-06-11,2019061101006224,UPPER,40,20,40,269.00,"10,760.00"
2019-06-11,2019061101006430,UPPER,42,26,60,270.00,"16,200.00"
2019-06-11,2019061101006429,UPPER,42,55,40,270.00,"10,800.00"
2019-06-11,2019061101006326,UPPER,40,20,40,269.00,"10,760.00"
2019-06-11,2019061101006281,UPPER,40,20,50,269.00,"13,450.00"
2019-06-11,2019061101006466,UPPER,55,17,439,269.00,"118,091.00"
2019-06-11,2019061101006465,UPPER,38,17,500,269.00,"134,500.00"
2019-06-11,2019061101006464,UPPER,40,17,11,269.00,"2,959.00"
2019-06-11,2019061101006447,UPPER,40,38,50,269.00,"13,450.00"
2019-06-11,2019061101006555,UPPER,1,21,21,269.00,"5,649.00"
2019-06-11,2019061101006517,UPPER,1,17,479,269.00,"128,851.00"
2019-06-11,2019061101006516,UPPER,55,17,521,269.00,"140,149.00"
2019-06-11,2019061101006481,UPPER,55,38,40,269.00,"10,760.00"
2019-06-11,2019061101006561,UPPER,41,21,200,268.00,"53,600.00"
2019-06-11,2019061101006560,UPPER,42,21,200,268.00,"53,600.00"
2019-06-11,2019061101006559,UPPER,32,21,50,269.00,"13,450.00"
2019-06-11,2019061101006558,UPPER,46,21,50,269.00,"13,450.00"
2019-06-11,2019061101006557,UPPER,45,21,100,269.00,"26,900.00"
2019-06-11,2019061101006556,UPPER,46,21,300,269.00,"80,700.00"
2019-06-11,2019061101006567,UPPER,38,21,50,268.00,"13,400.00"
2019-06-11,2019061101006566,UPPER,45,21,"1,000",268.00,"268,000.00"
2019-06-11,2019061101006565,UPPER,52,21,200,268.00,"53,600.00"
2019-06-11,2019061101006564,UPPER,59,21,50,268.00,"13,400.00"
2019-06-11,2019061101006563,UPPER,17,21,150,268.00,"40,200.00"
2019-06-11,2019061101006562,UPPER,58,21,200,268.00,"53,600.00"
2019-06-11,2019061101006093,ADBL,36,45,500,415.00,"207,500.00"
2019-06-11,2019061101006092,ADBL,36,4,612,415.00,"253,980.00"
2019-06-11,2019061101006046,ADBL,47,4,38,415.00,"15,770.00"
2019-06-11,2019061101005804,ADBL,57,56,85,413.00,"35,105.00"
2019-06-11,2019061101005777,ADBL,47,40,50,414.00,"20,700.00"
2019-06-11,2019061101005735,ADBL,57,29,27,413.00,"11,151.00"
2019-06-11,2019061101006053,AKJCL,17,48,20,74.00,"1,480.00"
2019-06-11,2019061101006010,AKJCL,37,48,20,74.00,"1,480.00"
2019-06-11,2019061101006009,AKJCL,37,48,20,74.00,"1,480.00"
2019-06-11,2019061101006008,AKJCL,37,48,10,74.00,740.00
2019-06-11,2019061101006007,AKJCL,37,48,10,74.00,740.00
2019-06-11,2019061101006006,AKJCL,37,48,10,74.00,740.00
2019-06-11,2019061101006005,AKJCL,37,48,20,74.00,"1,480.00"
2019-06-11,2019061101005894,AKJCL,45,48,10,73.00,730.00
2019-06-11,2019061101005855,AKJCL,45,22,20,73.00,"1,460.00"
2019-06-11,2019061101006127,ALBSL,36,36,30,421.00,"12,630.00"
2019-06-11,2019061101006126,ALBSL,6,36,50,422.00,"21,100.00"
2019-06-11,2019061101006125,ALBSL,6,36,20,423.00,"8,460.00"
2019-06-11,2019061101006124,ALBSL,57,36,130,425.00,"55,250.00"
2019-06-11,2019061101005811,ALBSL,57,22,10,425.00,"4,250.00"
2019-06-11,2019061101005745,ALBSL,32,22,10,424.00,"4,240.00"
2019-06-11,2019061101006073,API,44,44,1,147.00,147.00
2019-06-11,2019061101005938,API,44,44,1,147.00,147.00
2019-06-11,2019061101005814,API,25,57,39,150.00,"5,850.00"
2019-06-11,2019061101006200,BFC,33,22,200,107.00,"21,400.00"
2019-06-11,2019061101006199,BFC,33,22,180,107.00,"19,260.00"
2019-06-11,2019061101006198,BFC,6,22,20,107.00,"2,140.00"
2019-06-11,2019061101005975,BFC,32,50,340,107.00,"36,380.00"
2019-06-11,2019061101005952,BFC,32,22,100,107.00,"10,700.00"
2019-06-11,2019061101005922,BFC,32,11,60,107.00,"6,420.00"
2019-06-11,2019061101006183,BNT,45,28,100,"6,684.00","668,400.00"
2019-06-11,2019061101006182,BNT,55,28,10,"6,687.00","66,870.00"
2019-06-11,2019061101006181,BNT,6,28,10,"6,687.00","66,870.00"
2019-06-11,2019061101006026,BPCL,20,33,50,406.00,"20,300.00"
2019-06-11,2019061101006101,CBBL,34,45,500,939.00,"469,500.00"
2019-06-11,2019061101006100,CBBL,34,33,50,938.00,"46,900.00"
2019-06-11,2019061101005904,CBBL,34,1,60,937.00,"56,220.00"
2019-06-11,2019061101005903,CBBL,42,1,20,938.00,"18,760.00"
2019-06-11,2019061101006136,CBL,59,25,"1,000",146.00,"146,000.00"
2019-06-11,2019061101005968,CBL,59,21,210,146.00,"30,660.00"
2019-06-11,2019061101005836,CBL,59,42,147,146.00,"21,462.00"
2019-06-11,2019061101006153,CHCL,54,8,354,518.00,"183,372.00"
2019-06-11,2019061101006152,CHCL,6,8,500,518.00,"259,000.00"
2019-06-11,2019061101006151,CHCL,56,8,200,518.00,"103,600.00"
2019-06-11,2019061101006150,CHCL,10,8,"1,000",519.00,"519,000.00"
2019-06-11,2019061101006149,CHCL,10,8,138,519.00,"71,622.00"
2019-06-11,2019061101006148,CHCL,34,8,"1,500",520.00,"780,000.00"
2019-06-11,2019061101006147,CHCL,20,8,308,520.00,"160,160.00"
2019-06-11,2019061101006141,CIT,26,35,50,"2,520.00","126,000.00"
2019-06-11,2019061101006190,CLBSL,58,45,10,520.00,"5,200.00"
2019-06-11,2019061101006177,CZBIL,39,4,67,222.00,"14,874.00"
2019-06-11,2019061101006176,CZBIL,57,4,503,222.00,"111,666.00"
2019-06-11,2019061101006175,CZBIL,43,4,737,222.00,"163,614.00"
2019-06-11,2019061101005986,CZBIL,43,16,74,222.00,"16,428.00"
2019-06-11,2019061101005842,CZBIL,43,42,110,222.00,"24,420.00"
2019-06-11,2019061101005739,CZBIL,43,22,40,222.00,"8,880.00"
2019-06-11,2019061101005958,DBBL,29,8,"2,000",148.00,"296,000.00"
2019-06-11,2019061101005957,DBBL,48,8,500,148.00,"74,000.00"
2019-06-11,2019061101005956,DBBL,51,8,172,148.00,"25,456.00"
2019-06-11,2019061101005955,DBBL,26,8,50,148.00,"7,400.00"
2019-06-11,2019061101005954,DBBL,47,8,818,148.00,"121,064.00"
2019-06-11,2019061101005847,DBBL,47,42,182,148.00,"26,936.00"
2019-06-11,2019061101005846,DBBL,47,42,132,148.00,"19,536.00"
2019-06-11,2019061101005779,DBBL,32,22,90,149.00,"13,410.00"
2019-06-11,2019061101005880,DDBL,49,40,412,705.00,"290,460.00"
2019-06-11,2019061101005879,DDBL,49,33,100,704.00,"70,400.00"
2019-06-11,2019061101006211,EBL,49,57,50,665.00,"33,250.00"
2019-06-11,2019061101005991,EBL,14,25,200,665.00,"133,000.00"
2019-06-11,2019061101005990,EBL,14,28,"1,000",664.00,"664,000.00"
2019-06-11,2019061101005989,EBL,14,39,20,664.00,"13,280.00"
2019-06-11,2019061101005988,EBL,14,38,70,663.00,"46,410.00"
2019-06-11,2019061101005987,EBL,14,52,310,663.00,"205,530.00"
2019-06-11,2019061101005746,EBL,40,29,30,662.00,"19,860.00"
2019-06-11,2019061101005724,EBL,33,33,50,661.00,"33,050.00"
2019-06-11,2019061101006051,FMDBL,56,41,15,405.00,"6,075.00"
2019-06-11,2019061101005887,FMDBL,56,28,80,400.00,"32,000.00"
2019-06-11,2019061101005886,FMDBL,56,53,33,399.00,"13,167.00"
2019-06-11,2019061101005885,FMDBL,56,25,90,399.00,"35,910.00"
2019-06-11,2019061101005844,FMDBL,22,25,10,399.00,"3,990.00"
2019-06-11,2019061101005721,FMDBL,56,59,280,393.00,"110,040.00"
2019-06-11,2019061101005720,FMDBL,56,59,250,393.00,"98,250.00"
2019-06-11,2019061101006142,FOWAD,6,25,100,"1,416.00","141,600.00"
2019-06-11,2019061101005890,FOWAD,56,59,48,"1,415.00","67,920.00"
2019-06-11,2019061101005889,FOWAD,56,41,41,"1,415.00","58,015.00"
2019-06-11,2019061101006033,GBBL,36,49,921,227.00,"209,067.00"
2019-06-11,2019061101006032,GBBL,36,37,79,227.00,"17,933.00"
2019-06-11,2019061101005881,GBIME,22,56,250,300.00,"75,000.00"
2019-06-11,2019061101005953,GBLBS,1,55,10,357.00,"3,570.00"
2019-06-11,2019061101005719,GBLBS,56,57,40,357.00,"14,280.00"
2019-06-11,2019061101006146,GMFBS,4,29,10,260.00,"2,600.00"
2019-06-11,2019061101006104,GMFIL,32,26,"2,000",128.00,"256,000.00"
2019-06-11,2019061101006103,GMFIL,52,26,50,128.00,"6,400.00"
2019-06-11,2019061101005893,HBL,29,46,55,570.00,"31,350.00"
2019-06-11,2019061101005803,HBL,29,34,45,570.00,"25,650.00"
2019-06-11,2019061101005823,HDL,5,44,250,"1,755.00","438,750.00"
2019-06-11,2019061101005822,HDL,5,44,250,"1,755.00","438,750.00"
2019-06-11,2019061101005821,HDL,34,44,50,"1,756.00","87,800.00"
2019-06-11,2019061101005820,HDL,40,44,80,"1,757.00","140,560.00"
2019-06-11,2019061101006025,HGI,38,54,30,371.00,"11,130.00"
2019-06-11,2019061101006024,HGI,26,54,100,372.00,"37,200.00"
2019-06-11,2019061101006023,HGI,17,54,150,373.00,"55,950.00"
2019-06-11,2019061101005934,HGI,48,13,100,374.00,"37,400.00"
2019-06-11,2019061101005933,HGI,41,13,10,374.00,"3,740.00"
2019-06-11,2019061101005932,HGI,39,13,250,374.00,"93,500.00"
2019-06-11,2019061101005931,HGI,45,13,50,375.00,"18,750.00"
2019-06-11,2019061101005930,HGI,5,13,10,375.00,"3,750.00"
2019-06-11,2019061101006185,HIDCL,45,49,52,162.00,"8,424.00"
2019-06-11,2019061101006167,HIDCL,45,39,148,162.00,"23,976.00"
2019-06-11,2019061101006166,HIDCL,51,39,78,162.00,"12,636.00"
2019-06-11,2019061101006164,HURJA,50,49,20,148.00,"2,960.00"
2019-06-11,2019061101006134,HURJA,50,43,20,148.00,"2,960.00"
2019-06-11,2019061101005994,HURJA,50,8,20,148.00,"2,960.00"
2019-06-11,2019061101005906,HURJA,50,58,20,148.00,"2,960.00"
2019-06-11,2019061101006050,JBBL,57,51,100,159.00,"15,900.00"
2019-06-11,2019061101005848,JBBL,22,35,10,160.00,"1,600.00"
2019-06-11,2019061101005824,JBBL,57,48,50,159.00,"7,950.00"
2019-06-11,2019061101006214,JBNL,36,10,862,208.00,"179,296.00"
2019-06-11,2019061101006178,JBNL,36,1,200,207.00,"41,400.00"
2019-06-11,2019061101006160,JBNL,53,10,"1,000",208.00,"208,000.00"
2019-06-11,2019061101006135,JBNL,14,10,"3,138",208.00,"652,704.00"
2019-06-11,2019061101006105,JBNL,14,50,500,208.00,"104,000.00"
2019-06-11,2019061101006000,JBNL,14,16,81,208.00,"16,848.00"
2019-06-11,2019061101005916,JBNL,18,10,171,208.00,"35,568.00"
