Date,Transact. No.,Symbol,Buyer,Seller,Quantity,Rate,Amount
2020-07-15,2020071501015579,ADBL,49,28,98,385.00,"37,730.00"
2020-07-15,2020071501015578,ADBL,49,26,902,384.00,"346,368.00"
2020-07-15,2020071501015381,ADBL,1,26,"1,000",383.00,"383,000.00"
2020-07-15,2020071501015380,ADBL,50,26,100,383.00,"38,300.00"
2020-07-15,2020071501015379,ADBL,38,26,364,383.00,"139,412.00"
2020-07-15,2020071501015836,AKPL,34,40,10,116.00,"1,160.00"
2020-07-15,2020071501015833,ALBSL,52,29,170,780.00,"132,600.00"
2020-07-15,2020071501015623,ALBSL,10,51,20,783.00,"15,660.00"
2020-07-15,2020071501015733,ALICL,34,49,100,607.00,"60,700.00"
2020-07-15,2020071501015570,ALICL,16,14,493,605.00,"298,265.00"
2020-07-15,2020071501015744,BARUN,52,1,70,84.00,"5,880.00"
2020-07-15,2020071501015743,BARUN,42,1,80,85.00,"6,800.00"
2020-07-15,2020071501015422,BFC,45,45,50,96.00,"4,800.00"
2020-07-15,2020071501015656,BNT,49,40,10,"6,200.00","62,000.00"
2020-07-15,2020071501015672,BOKL,33,11,10,219.00,"2,190.00"
2020-07-15,2020071501015830,BPCL,47,34,10,359.00,"3,590.00"
2020-07-15,2020071501015729,BPCL,42,34,100,359.00,"35,900.00"
2020-07-15,2020071501015361,BPCL,47,33,200,355.00,"71,000.00"
2020-07-15,2020071501015809,CBBL,19,56,500,"1,090.00","545,000.00"
2020-07-15,2020071501015738,CBBL,59,56,50,"1,087.00","54,350.00"
2020-07-15,2020071501015703,CBBL,48,4,10,"1,088.00","10,880.00"
2020-07-15,2020071501015702,CBBL,41,4,75,"1,088.00","81,600.00"
2020-07-15,2020071501015597,CBBL,41,4,25,"1,088.00","27,200.00"
2020-07-15,2020071501015596,CBBL,16,4,125,"1,088.00","136,000.00"
2020-07-15,2020071501015558,CBBL,6,56,40,"1,090.00","43,600.00"
2020-07-15,2020071501015442,CBBL,43,56,50,"1,090.00","54,500.00"
2020-07-15,2020071501015392,CBBL,32,56,20,"1,090.00","21,800.00"
2020-07-15,2020071501015684,CBL,6,51,927,139.00,"128,853.00"
2020-07-15,2020071501015683,CBL,6,43,200,139.00,"27,800.00"
2020-07-15,2020071501015682,CBL,6,46,300,139.00,"41,700.00"
2020-07-15,2020071501015681,CBL,6,1,73,139.00,"10,147.00"
2020-07-15,2020071501015704,CCBL,53,41,510,165.00,"84,150.00"
2020-07-15,2020071501015751,CHCL,32,52,90,398.00,"35,820.00"
2020-07-15,2020071501015663,CHCL,43,20,10,399.00,"3,990.00"
2020-07-15,2020071501015662,CHCL,43,41,550,398.00,"218,900.00"
2020-07-15,2020071501015483,CHCL,32,52,10,398.00,"3,980.00"
2020-07-15,2020071501015450,CHCL,1,55,90,397.00,"35,730.00"
2020-07-15,2020071501015449,CHCL,32,55,10,398.00,"3,980.00"
2020-07-15,2020071501015855,CIT,32,10,100,"2,428.00","242,800.00"
2020-07-15,2020071501015764,CIT,16,49,60,"2,426.00","145,560.00"
2020-07-15,2020071501015763,CIT,29,49,15,"2,427.00","36,405.00"
2020-07-15,2020071501015762,CIT,41,49,25,"2,428.00","60,700.00"
2020-07-15,2020071501015689,CIT,41,35,20,"2,428.00","48,560.00"
2020-07-15,2020071501015688,CIT,45,35,30,"2,428.00","72,840.00"
2020-07-15,2020071501015854,CMF1,4,58,100,10.06,"1,006.00"
2020-07-15,2020071501015639,CMF1,4,58,100,10.06,"1,006.00"
2020-07-15,2020071501015638,CMF1,4,45,200,10.05,"2,010.00"
2020-07-15,2020071501015624,CZBIL,49,49,10,188.00,"1,880.00"
2020-07-15,2020071501015766,DDBL,22,44,25,866.00,"21,650.00"
2020-07-15,2020071501015378,DDBL,53,44,25,865.00,"21,625.00"
2020-07-15,2020071501015377,DDBL,35,44,100,865.00,"86,500.00"
2020-07-15,2020071501015837,EBL,54,4,200,675.00,"135,000.00"
2020-07-15,2020071501015831,EBL,56,4,10,675.00,"6,750.00"
2020-07-15,2020071501015817,EBL,58,14,38,669.00,"25,422.00"
2020-07-15,2020071501015816,EBL,46,14,100,670.00,"67,000.00"
2020-07-15,2020071501015815,EBL,40,14,100,670.00,"67,000.00"
2020-07-15,2020071501015814,EBL,58,14,187,670.00,"125,290.00"
2020-07-15,2020071501015429,EBL,44,56,800,673.00,"538,400.00"
2020-07-15,2020071501015428,EBL,44,4,"1,800",670.00,"1,206,000.00"
2020-07-15,2020071501015614,EBL,34,4,979,675.00,"660,825.00"
2020-07-15,2020071501015613,EBL,34,6,21,673.00,"14,133.00"
2020-07-15,2020071501015584,EBL,58,54,13,670.00,"8,710.00"
2020-07-15,2020071501015498,EBL,44,4,100,675.00,"67,500.00"
2020-07-15,2020071501015497,EBL,44,33,800,674.00,"539,200.00"
2020-07-15,2020071501015496,EBL,44,56,200,673.00,"134,600.00"
2020-07-15,2020071501015687,EIC,28,38,380,412.00,"156,560.00"
2020-07-15,2020071501015724,FMDBL,4,35,50,555.00,"27,750.00"
2020-07-15,2020071501015615,FMDBL,6,50,100,553.00,"55,300.00"
2020-07-15,2020071501015437,FOWAD,14,58,81,"1,599.00","129,519.00"
2020-07-15,2020071501015436,FOWAD,14,43,100,"1,598.00","159,800.00"
2020-07-15,2020071501015435,FOWAD,14,29,19,"1,595.00","30,305.00"
2020-07-15,2020071501015660,GBBL,34,45,40,223.00,"8,920.00"
2020-07-15,2020071501015659,GBBL,34,43,70,221.00,"15,470.00"
2020-07-15,2020071501015616,GBBL,49,13,50,220.00,"11,000.00"
2020-07-15,2020071501015517,GBBL,49,43,300,221.00,"66,300.00"
2020-07-15,2020071501015802,GBIME,45,28,400,239.00,"95,600.00"
2020-07-15,2020071501015801,GBIME,49,28,500,239.00,"119,500.00"
2020-07-15,2020071501015800,GBIME,14,28,50,239.00,"11,950.00"
2020-07-15,2020071501015799,GBIME,49,28,150,239.00,"35,850.00"
2020-07-15,2020071501015798,GBIME,57,28,100,239.00,"23,900.00"
2020-07-15,2020071501015797,GBIME,33,28,300,239.00,"71,700.00"
2020-07-15,2020071501015502,GBIME,33,28,200,240.00,"48,000.00"
2020-07-15,2020071501015501,GBIME,11,28,100,240.00,"24,000.00"
2020-07-15,2020071501015500,GBIME,41,28,50,240.00,"12,000.00"
2020-07-15,2020071501015499,GBIME,38,28,86,240.00,"20,640.00"
2020-07-15,2020071501015415,GBIME,38,17,99,240.00,"23,760.00"
2020-07-15,2020071501015390,GBIME,56,6,200,241.00,"48,200.00"
2020-07-15,2020071501015525,GBIME,8,28,250,240.00,"60,000.00"
2020-07-15,2020071501015524,GBIME,52,28,500,240.00,"120,000.00"
2020-07-15,2020071501015523,GBIME,28,28,136,240.00,"32,640.00"
2020-07-15,2020071501015505,GBIME,28,28,864,240.00,"207,360.00"
2020-07-15,2020071501015504,GBIME,1,28,500,240.00,"120,000.00"
2020-07-15,2020071501015503,GBIME,26,28,200,240.00,"48,000.00"
2020-07-15,2020071501015790,GBIME,41,28,500,240.00,"120,000.00"
2020-07-15,2020071501015789,GBIME,11,28,236,240.00,"56,640.00"
2020-07-15,2020071501015529,GBIME,11,28,764,240.00,"183,360.00"
2020-07-15,2020071501015528,GBIME,47,28,100,240.00,"24,000.00"
2020-07-15,2020071501015527,GBIME,38,28,50,240.00,"12,000.00"
2020-07-15,2020071501015526,GBIME,50,28,200,240.00,"48,000.00"
2020-07-15,2020071501015796,GBIME,21,28,200,239.00,"47,800.00"
2020-07-15,2020071501015795,GBIME,50,28,500,239.00,"119,500.00"
2020-07-15,2020071501015794,GBIME,35,28,"1,000",239.00,"239,000.00"
2020-07-15,2020071501015793,GBIME,58,28,300,239.00,"71,700.00"
2020-07-15,2020071501015792,GBIME,38,28,50,239.00,"11,950.00"
2020-07-15,2020071501015791,GBIME,38,28,584,239.00,"139,576.00"
2020-07-15,2020071501015835,GBLBS,13,13,10,540.00,"5,400.00"
2020-07-15,2020071501015742,GBLBS,58,13,10,540.00,"5,400.00"
2020-07-15,2020071501015741,GBLBS,58,37,100,539.00,"53,900.00"
2020-07-15,2020071501015740,GBLBS,58,33,10,538.00,"5,380.00"
2020-07-15,2020071501015493,GBLBS,13,7,206,537.00,"110,622.00"
2020-07-15,2020071501015492,GBLBS,13,51,15,537.00,"8,055.00"
2020-07-15,2020071501015491,GBLBS,13,7,100,537.00,"53,700.00"
2020-07-15,2020071501015490,GBLBS,13,42,100,537.00,"53,700.00"
2020-07-15,2020071501015489,GBLBS,13,53,250,536.00,"134,000.00"
2020-07-15,2020071501015423,GBLBS,13,44,236,535.00,"126,260.00"
2020-07-15,2020071501015400,GBLBS,25,44,100,535.00,"53,500.00"
2020-07-15,2020071501015451,GFCL,11,35,176,145.00,"25,520.00"
2020-07-15,2020071501015397,GGBSL,16,48,50,905.00,"45,250.00"
2020-07-15,2020071501015583,GILB,51,19,11,"1,318.00","14,498.00"
2020-07-15,2020071501015652,GLBSL,43,21,400,851.00,"340,400.00"
2020-07-15,2020071501015651,GLBSL,43,48,10,851.00,"8,510.00"
2020-07-15,2020071501015650,GLBSL,43,41,20,851.00,"17,020.00"
2020-07-15,2020071501015649,GLBSL,43,21,10,851.00,"8,510.00"
2020-07-15,2020071501015648,GLBSL,43,35,200,850.00,"170,000.00"
2020-07-15,2020071501015647,GLBSL,43,34,19,850.00,"16,150.00"
2020-07-15,2020071501015413,GLBSL,43,42,90,815.00,"73,350.00"
2020-07-15,2020071501015513,GLBSL,43,48,10,835.00,"8,350.00"
2020-07-15,2020071501015512,GLBSL,43,46,200,835.00,"167,000.00"
2020-07-15,2020071501015511,GLBSL,43,44,10,835.00,"8,350.00"
2020-07-15,2020071501015510,GLBSL,43,56,10,832.00,"8,320.00"
2020-07-15,2020071501015509,GLBSL,43,26,200,825.00,"165,000.00"
2020-07-15,2020071501015414,GLBSL,43,29,10,824.00,"8,240.00"
2020-07-15,2020071501015607,GLBSL,43,44,13,844.00,"10,972.00"
2020-07-15,2020071501015562,GLBSL,43,44,77,844.00,"64,988.00"
2020-07-15,2020071501015561,GLBSL,43,43,30,843.00,"25,290.00"
2020-07-15,2020071501015560,GLBSL,43,48,20,843.00,"16,860.00"
2020-07-15,2020071501015559,GLBSL,43,58,23,843.00,"19,389.00"
2020-07-15,2020071501015514,GLBSL,43,41,10,840.00,"8,400.00"
2020-07-15,2020071501015646,GLBSL,43,45,40,850.00,"34,000.00"
2020-07-15,2020071501015645,GLBSL,43,1,83,848.00,"70,384.00"
2020-07-15,2020071501015644,GLBSL,43,1,23,847.00,"19,481.00"
2020-07-15,2020071501015610,GLBSL,43,1,17,848.00,"14,416.00"
2020-07-15,2020071501015609,GLBSL,43,51,10,845.00,"8,450.00"
2020-07-15,2020071501015608,GLBSL,43,26,10,845.00,"8,450.00"
2020-07-15,2020071501015431,GLICL,53,6,15,465.00,"6,975.00"
2020-07-15,2020071501015750,GMFIL,16,43,72,123.00,"8,856.00"
2020-07-15,2020071501015668,GMFIL,40,43,500,123.00,"61,500.00"
2020-07-15,2020071501015667,GMFIL,40,43,500,123.00,"61,500.00"
2020-07-15,2020071501015666,GMFIL,43,43,408,124.00,"50,592.00"
2020-07-15,2020071501015665,GRDBL,44,1,50,109.00,"5,450.00"
2020-07-15,2020071501015664,GRDBL,44,46,70,109.00,"7,630.00"
2020-07-15,2020071501015765,HDL,5,28,50,"1,599.00","79,950.00"
2020-07-15,2020071501015709,HDL,14,45,100,"1,596.00","159,600.00"
2020-07-15,2020071501015443,HDL,34,28,12,"1,600.00","19,200.00"
2020-07-15,2020071501015371,HGI,11,1,267,419.00,"111,873.00"
2020-07-15,2020071501015853,ILBS,48,13,11,823.00,"9,053.00"
2020-07-15,2020071501015852,ILBS,48,26,11,822.00,"9,042.00"
2020-07-15,2020071501015508,ILBS,57,42,10,820.00,"8,200.00"
2020-07-15,2020071501015507,ILBS,57,45,110,820.00,"90,200.00"
2020-07-15,2020071501015506,ILBS,57,6,80,820.00,"65,600.00"
2020-07-15,2020071501015739,JBBL,54,41,10,166.00,"1,660.00"
2020-07-15,2020071501015484,JBBL,43,19,300,163.00,"48,900.00"
2020-07-15,2020071501015520,JSLBB,5,37,30,"1,670.00","50,100.00"
2020-07-15,2020071501015402,KBL,47,32,45,186.00,"8,370.00"
2020-07-15,2020071501015844,KMCDB,33,39,10,825.00,"8,250.00"
2020-07-15,2020071501015843,KMCDB,33,25,10,825.00,"8,250.00"
2020-07-15,2020071501015842,KMCDB,33,6,100,825.00,"82,500.00"
2020-07-15,2020071501015708,KMCDB,33,38,10,811.00,"8,110.00"
2020-07-15,2020071501015478,KMCDB,33,52,70,823.00,"57,610.00"
2020-07-15,2020071501015477,KMCDB,33,39,10,823.00,"8,230.00"
2020-07-15,2020071501015476,KMCDB,33,43,10,823.00,"8,230.00"
2020-07-15,2020071501015425,LBBL,1,19,100,181.00,"18,100.00"
2020-07-15,2020071501015424,LBBL,1,19,100,182.00,"18,200.00"
2020-07-15,2020071501015417,LBBL,57,19,100,183.00,"18,300.00"
2020-07-15,2020071501015365,LBBL,44,21,140,184.00,"25,760.00"
2020-07-15,2020071501015364,LBBL,47,21,200,184.00,"36,800.00"
2020-07-15,2020071501015669,LBL,37,55,100,209.00,"20,900.00"
2020-07-15,2020071501015565,LBL,37,55,200,208.00,"41,600.00"
2020-07-15,2020071501015564,LBL,6,55,500,208.00,"104,000.00"
2020-07-15,2020071501015563,LBL,34,55,300,208.00,"62,400.00"
2020-07-15,2020071501015737,LGIL,10,53,162,453.00,"73,386.00"
2020-07-15,2020071501015736,LGIL,56,53,65,454.00,"29,510.00"
2020-07-15,2020071501015781,LLBS,58,26,17,"1,214.00","20,638.00"
2020-07-15,2020071501015780,LLBS,58,57,16,"1,214.00","19,424.00"
2020-07-15,2020071501015779,LLBS,58,43,100,"1,210.00","121,000.00"
2020-07-15,2020071501015778,LLBS,58,35,27,"1,210.00","32,670.00"
2020-07-15,2020071501015368,LLBS,25,47,140,"1,208.00","169,120.00"
2020-07-15,2020071501015805,MBL,14,25,100,220.00,"22,000.00"
2020-07-15,2020071501015518,MBL,40,25,10,220.00,"2,200.00"
2020-07-15,2020071501015373,MBL,37,25,10,220.00,"2,200.00"
2020-07-15,2020071501015686,MEGA,10,4,100,208.00,"20,800.00"
2020-07-15,2020071501015557,MEGA,40,4,10,208.00,"2,080.00"
2020-07-15,2020071501015410,MEGA,39,17,90,207.00,"18,630.00"
2020-07-15,2020071501015832,MERO,11,51,28,674.00,"18,872.00"
2020-07-15,2020071501015594,MERO,28,51,22,674.00,"14,828.00"
2020-07-15,2020071501015593,MERO,28,42,13,674.00,"8,762.00"
2020-07-15,2020071501015426,MERO,28,42,35,674.00,"23,590.00"
2020-07-15,2020071501015654,MFIL,6,28,157,308.00,"48,356.00"
2020-07-15,2020071501015653,MFIL,6,45,143,307.00,"43,901.00"
2020-07-15,2020071501015630,MFIL,49,45,"1,357",307.00,"416,599.00"
2020-07-15,2020071501015629,MFIL,49,52,100,306.00,"30,600.00"
2020-07-15,2020071501015628,MFIL,49,58,236,306.00,"72,216.00"
2020-07-15,2020071501015627,MFIL,49,34,15,305.00,"4,575.00"
2020-07-15,2020071501015626,MFIL,49,25,200,304.00,"60,800.00"
2020-07-15,2020071501015625,MFIL,49,25,92,304.00,"27,968.00"
2020-07-15,2020071501015482,MFIL,49,51,150,302.00,"45,300.00"
2020-07-15,2020071501015481,MFIL,49,45,500,302.00,"151,000.00"
2020-07-15,2020071501015480,MFIL,49,38,"1,012",302.00,"305,624.00"
2020-07-15,2020071501015479,MFIL,49,4,941,302.00,"284,182.00"
2020-07-15,2020071501015838,MLBBL,49,53,10,815.00,"8,150.00"
2020-07-15,2020071501015411,MLBBL,8,33,31,800.00,"24,800.00"
2020-07-15,2020071501015632,MLBL,38,56,200,183.00,"36,600.00"
2020-07-15,2020071501015369,MNBBL,25,6,50,312.00,"15,600.00"
2020-07-15,2020071501015575,MPFL,32,56,10,112.00,"1,120.00"
2020-07-15,2020071501015444,MPFL,48,52,82,111.00,"9,102.00"
2020-07-15,2020071501015522,MSMBS,41,16,10,760.00,"7,600.00"
2020-07-15,2020071501015848,NBB,44,43,213,209.00,"44,517.00"
2020-07-15,2020071501015847,NBB,44,44,200,209.00,"41,800.00"
2020-07-15,2020071501015846,NBB,44,58,37,208.00,"7,696.00"
2020-07-15,2020071501015845,NBB,44,51,50,205.00,"10,250.00"
2020-07-15,2020071501015680,NBB,44,58,67,208.00,"13,936.00"
2020-07-15,2020071501015679,NBB,44,45,500,208.00,"104,000.00"
2020-07-15,2020071501015469,NBB,44,51,500,204.00,"102,000.00"
2020-07-15,2020071501015468,NBB,44,6,100,204.00,"20,400.00"
2020-07-15,2020071501015467,NBB,44,51,"1,600",204.00,"326,400.00"
2020-07-15,2020071501015466,NBB,44,35,200,203.00,"40,600.00"
2020-07-15,2020071501015465,NBB,44,45,10,203.00,"2,030.00"
2020-07-15,2020071501015612,NBB,44,38,200,205.00,"41,000.00"
2020-07-15,2020071501015611,NBB,44,22,55,205.00,"11,275.00"
2020-07-15,2020071501015473,NBB,44,22,445,205.00,"91,225.00"
2020-07-15,2020071501015472,NBB,44,17,235,205.00,"48,175.00"
2020-07-15,2020071501015471,NBB,44,52,10,205.00,"2,050.00"
2020-07-15,2020071501015470,NBB,44,49,100,204.00,"20,400.00"
2020-07-15,2020071501015678,NBB,44,10,100,207.00,"20,700.00"
2020-07-15,2020071501015677,NBB,44,45,100,207.00,"20,700.00"
2020-07-15,2020071501015676,NBB,44,38,"2,089",206.00,"430,334.00"
2020-07-15,2020071501015675,NBB,44,51,500,206.00,"103,000.00"
2020-07-15,2020071501015674,NBB,44,35,200,206.00,"41,200.00"
2020-07-15,2020071501015673,NBB,44,33,244,206.00,"50,264.00"
2020-07-15,2020071501015447,NBF2,6,47,200,9.90,"1,980.00"
2020-07-15,2020071501015446,NBF2,6,26,"3,000",9.89,"29,670.00"
2020-07-15,2020071501015391,NBF2,39,26,"2,000",9.89,"19,780.00"
2020-07-15,2020071501015386,NBF2,43,11,"1,000",9.88,"9,880.00"
2020-07-15,2020071501015834,NBL,33,59,50,249.00,"12,450.00"
2020-07-15,2020071501015777,NBL,6,51,"1,000",248.00,"248,000.00"
2020-07-15,2020071501015776,NBL,6,44,200,248.00,"49,600.00"
2020-07-15,2020071501015775,NBL,6,45,"1,000",248.00,"248,000.00"
2020-07-15,2020071501015774,NBL,6,58,"1,000",248.00,"248,000.00"
2020-07-15,2020071501015773,NBL,6,25,"1,000",248.00,"248,000.00"
2020-07-15,2020071501015642,NBL,53,6,500,247.00,"123,500.00"
2020-07-15,2020071501015641,NBL,53,6,398,247.00,"98,306.00"
2020-07-15,2020071501015534,NBL,40,13,50,248.00,"12,400.00"
2020-07-15,2020071501015521,NBL,53,39,102,247.00,"25,194.00"
2020-07-15,2020071501015455,NBL,58,13,10,248.00,"2,480.00"
2020-07-15,2020071501015416,NBL,4,34,"1,000",247.00,"247,000.00"
2020-07-15,2020071501015772,NBL,6,22,500,248.00,"124,000.00"
2020-07-15,2020071501015771,NBL,6,41,500,248.00,"124,000.00"
2020-07-15,2020071501015770,NBL,6,32,115,248.00,"28,520.00"
2020-07-15,2020071501015769,NBL,6,43,303,248.00,"75,144.00"
2020-07-15,2020071501015768,NBL,6,10,100,248.00,"24,800.00"
2020-07-15,2020071501015767,NBL,6,13,377,248.00,"93,496.00"
2020-07-15,2020071501015813,NCCB,58,35,60,186.00,"11,160.00"
2020-07-15,2020071501015710,NCCB,40,33,10,187.00,"1,870.00"
2020-07-15,2020071501015705,NCCB,58,33,10,187.00,"1,870.00"
2020-07-15,2020071501015574,NCCB,58,57,100,186.00,"18,600.00"
2020-07-15,2020071501015550,NCCB,58,6,150,186.00,"27,900.00"
2020-07-15,2020071501015549,NCCB,58,26,500,186.00,"93,000.00"
2020-07-15,2020071501015537,NCCB,8,43,150,184.00,"27,600.00"
2020-07-15,2020071501015375,NCCB,7,43,200,184.00,"36,800.00"
2020-07-15,2020071501015374,NCCB,58,43,650,184.00,"119,600.00"
2020-07-15,2020071501015548,NCCB,58,57,600,186.00,"111,600.00"
2020-07-15,2020071501015547,NCCB,58,56,200,186.00,"37,200.00"
2020-07-15,2020071501015546,NCCB,58,58,200,186.00,"37,200.00"
2020-07-15,2020071501015545,NCCB,58,56,90,186.00,"16,740.00"
2020-07-15,2020071501015544,NCCB,58,35,200,186.00,"37,200.00"
2020-07-15,2020071501015538,NCCB,8,56,10,186.00,"1,860.00"
2020-07-15,2020071501015460,NHPC,54,1,300,53.00,"15,900.00"
2020-07-15,2020071501015723,NIB,39,41,265,431.00,"114,215.00"
2020-07-15,2020071501015722,NIB,14,41,20,431.00,"8,620.00"
2020-07-15,2020071501015721,NIB,39,41,331,431.00,"142,661.00"
2020-07-15,2020071501015720,NIB,39,41,31,431.00,"13,361.00"
2020-07-15,2020071501015719,NIB,10,41,200,432.00,"86,400.00"
2020-07-15,2020071501015530,NIB,32,49,100,434.00,"43,400.00"
2020-07-15,2020071501015359,NIB,51,43,100,433.00,"43,300.00"
2020-07-15,2020071501015718,NIB,56,41,50,432.00,"21,600.00"
2020-07-15,2020071501015717,NIB,38,41,250,432.00,"108,000.00"
2020-07-15,2020071501015716,NIB,16,41,33,432.00,"14,256.00"
2020-07-15,2020071501015715,NIB,14,41,200,433.00,"86,600.00"
2020-07-15,2020071501015535,NIBPO,44,34,100,363.00,"36,300.00"
2020-07-15,2020071501015755,NICA,45,32,25,553.00,"13,825.00"
2020-07-15,2020071501015754,NICA,45,49,120,553.00,"66,360.00"
2020-07-15,2020071501015753,NICA,45,51,30,553.00,"16,590.00"
2020-07-15,2020071501015752,NICA,45,28,233,553.00,"128,849.00"
2020-07-15,2020071501015732,NICA,41,28,150,551.00,"82,650.00"
2020-07-15,2020071501015731,NICA,1,28,700,551.00,"385,700.00"
2020-07-15,2020071501015362,NICA,16,28,500,553.00,"276,500.00"
2020-07-15,2020071501015730,NICA,26,28,50,552.00,"27,600.00"
2020-07-15,2020071501015725,NICA,26,56,50,552.00,"27,600.00"
2020-07-15,2020071501015671,NICA,1,28,800,551.00,"440,800.00"
2020-07-15,2020071501015670,NICA,38,28,100,552.00,"55,200.00"
2020-07-15,2020071501015595,NICA,50,28,100,553.00,"55,300.00"
2020-07-15,2020071501015519,NICA,47,28,50,553.00,"27,650.00"
2020-07-15,2020071501015464,NICBF,4,26,100,10.38,"1,038.00"
2020-07-15,2020071501015463,NICBF,4,56,100,10.24,"1,024.00"
2020-07-15,2020071501015462,NICBF,4,36,500,10.04,"5,020.00"
2020-07-15,2020071501015657,NICL,16,45,37,439.00,"16,243.00"
2020-07-15,2020071501015412,NICL,45,40,100,440.00,"44,000.00"
2020-07-15,2020071501015587,NLBBL,33,22,10,761.00,"7,610.00"
2020-07-15,2020071501015825,NLG,43,49,10,657.00,"6,570.00"
2020-07-15,2020071501015824,NLG,43,32,200,656.00,"131,200.00"
2020-07-15,2020071501015823,NLG,43,6,150,656.00,"98,400.00"
2020-07-15,2020071501015655,NLIC,33,46,95,"1,260.00","119,700.00"
2020-07-15,2020071501015459,NLIC,58,17,30,"1,265.00","37,950.00"
2020-07-15,2020071501015434,NLIC,26,46,100,"1,260.00","126,000.00"
2020-07-15,2020071501015433,NLIC,41,46,46,"1,260.00","57,960.00"
2020-07-15,2020071501015409,NLIC,34,46,100,"1,263.00","126,300.00"
2020-07-15,2020071501015804,NLICL,20,44,784,662.00,"519,008.00"
2020-07-15,2020071501015808,NMB,50,41,42,397.00,"16,674.00"
2020-07-15,2020071501015661,NMB,50,4,926,397.00,"367,622.00"
2020-07-15,2020071501015581,NMB,49,4,74,397.00,"29,378.00"
2020-07-15,2020071501015580,NMB,49,4,926,397.00,"367,622.00"
2020-07-15,2020071501015577,NMB,16,4,74,397.00,"29,378.00"
2020-07-15,2020071501015576,NMB,16,36,126,397.00,"50,022.00"
2020-07-15,2020071501015403,NMB,58,36,20,397.00,"7,940.00"
2020-07-15,2020071501015401,NMB,47,26,85,396.00,"33,660.00"
2020-07-15,2020071502000001,NMB50,42,42,100,10.00,"1,000.00"
2020-07-15,2020071501015453,NMBMF,41,5,30,808.00,"24,240.00"
2020-07-15,2020071501015448,NMFBS,33,55,10,"1,650.00","16,500.00"
2020-07-15,2020071501015384,NMFBS,33,42,100,"1,635.00","163,500.00"
2020-07-15,2020071501015851,NRIC,45,36,40,504.00,"20,160.00"
2020-07-15,2020071501015850,NRIC,45,38,20,504.00,"10,080.00"
2020-07-15,2020071501015849,NRIC,44,38,10,504.00,"5,040.00"
2020-07-15,2020071501015812,NRIC,6,38,20,504.00,"10,080.00"
2020-07-15,2020071501015810,NRIC,49,25,20,505.00,"10,100.00"
2020-07-15,2020071501015714,NRIC,6,36,50,504.00,"25,200.00"
2020-07-15,2020071501015370,NRIC,56,36,40,504.00,"20,160.00"
2020-07-15,2020071501015363,NRIC,56,44,50,504.00,"25,200.00"
2020-07-15,2020071501015430,NRIC,22,36,40,503.00,"20,120.00"
2020-07-15,2020071501015405,NRIC,22,36,40,503.00,"20,120.00"
2020-07-15,2020071501015399,NRIC,22,57,40,503.00,"20,120.00"
2020-07-15,2020071501015398,NRIC,22,43,40,503.00,"20,120.00"
2020-07-15,2020071501015383,NRIC,56,38,40,504.00,"20,160.00"
2020-07-15,2020071501015382,NRIC,56,38,50,504.00,"25,200.00"
2020-07-15,2020071501015494,NRIC,22,38,40,503.00,"20,120.00"
2020-07-15,2020071501015485,NRIC,22,43,40,503.00,"20,120.00"
2020-07-15,2020071501015474,NRIC,6,25,50,504.00,"25,200.00"
2020-07-15,2020071501015461,NRIC,22,36,40,503.00,"20,120.00"
2020-07-15,2020071501015454,NRIC,28,25,60,504.00,"30,240.00"
2020-07-15,2020071501015432,NRIC,22,38,50,503.00,"25,150.00"
2020-07-15,2020071501015582,NRIC,50,36,40,504.00,"20,160.00"
2020-07-15,2020071501015536,NRIC,50,34,50,504.00,"25,200.00"
2020-07-15,2020071501015533,NRIC,50,38,40,504.00,"20,160.00"
2020-07-15,2020071501015532,NRIC,50,25,200,504.00,"100,800.00"
2020-07-15,2020071501015516,NRIC,50,36,40,504.00,"20,160.00"
2020-07-15,2020071501015515,NRIC,50,25,90,504.00,"45,360.00"
2020-07-15,2020071501015643,NRIC,6,38,40,504.00,"20,160.00"
2020-07-15,2020071501015622,NRIC,6,36,40,504.00,"20,160.00"
2020-07-15,2020071501015618,NRIC,56,20,50,505.00,"25,250.00"
2020-07-15,2020071501015617,NRIC,56,38,10,505.00,"5,050.00"
2020-07-15,2020071501015600,NRIC,6,36,10,504.00,"5,040.00"
2020-07-15,2020071501015598,NRIC,22,44,40,503.00,"20,120.00"
2020-07-15,2020071501015695,NRIC,8,49,40,505.00,"20,200.00"
2020-07-15,2020071501015694,NRIC,8,53,50,505.00,"25,250.00"
2020-07-15,2020071501015693,NRIC,8,53,40,505.00,"20,200.00"
2020-07-15,2020071501015692,NRIC,8,49,40,505.00,"20,200.00"
2020-07-15,2020071501015691,NRIC,8,37,40,505.00,"20,200.00"
2020-07-15,2020071501015690,NRIC,8,20,490,505.00,"247,450.00"
2020-07-15,2020071501015701,NRIC,6,34,40,504.00,"20,160.00"
2020-07-15,2020071501015700,NRIC,8,25,340,505.00,"171,700.00"
2020-07-15,2020071501015699,NRIC,8,48,50,505.00,"25,250.00"
2020-07-15,2020071501015698,NRIC,8,4,500,505.00,"252,500.00"
2020-07-15,2020071501015697,NRIC,8,48,40,505.00,"20,200.00"
2020-07-15,2020071501015696,NRIC,8,48,40,505.00,"20,200.00"
2020-07-15,2020071501015735,NSEWA,16,17,80,768.00,"61,440.00"
2020-07-15,2020071501015734,NSEWA,6,17,10,769.00,"7,690.00"
2020-07-15,2020071501015728,NSEWA,43,38,10,780.00,"7,800.00"
2020-07-15,2020071501015727,NSEWA,43,48,10,779.00,"7,790.00"
2020-07-15,2020071501015726,NSEWA,43,1,10,778.00,"7,780.00"
2020-07-15,2020071501015592,NUBL,6,28,380,"1,015.00","385,700.00"
2020-07-15,2020071501015591,NUBL,51,28,20,"1,018.00","20,360.00"
2020-07-15,2020071501015439,NUBL,58,56,15,"1,020.00","15,300.00"
2020-07-15,2020071501015438,NUBL,58,1,10,"1,019.00","10,190.00"
2020-07-15,2020071501015788,PCBL,45,13,30,255.00,"7,650.00"
2020-07-15,2020071501015787,PCBL,35,13,100,255.00,"25,500.00"
2020-07-15,2020071501015786,PCBL,29,13,200,255.00,"51,000.00"
2020-07-15,2020071501015785,PCBL,33,13,136,255.00,"34,680.00"
2020-07-15,2020071501015784,PCBL,41,13,100,256.00,"25,600.00"
2020-07-15,2020071501015783,PCBL,47,13,34,256.00,"8,704.00"
2020-07-15,2020071501015760,PCBL,33,4,10,257.00,"2,570.00"
2020-07-15,2020071501015376,PCBL,47,40,200,256.00,"51,200.00"
2020-07-15,2020071501015828,PRIN,5,58,100,475.00,"47,500.00"
2020-07-15,2020071501015827,PRIN,5,46,100,475.00,"47,500.00"
2020-07-15,2020071501015826,PRIN,5,58,250,475.00,"118,750.00"
2020-07-15,2020071501015586,PRIN,35,46,100,474.00,"47,400.00"
2020-07-15,2020071501015585,PRIN,35,55,100,474.00,"47,400.00"
2020-07-15,2020071501015685,PRVU,21,45,232,230.00,"53,360.00"
2020-07-15,2020071501015640,RADHI,38,22,38,179.00,"6,802.00"
2020-07-15,2020071501015552,RBCL,11,16,11,"9,199.00","101,189.00"
2020-07-15,2020071501015404,RBCL,6,36,10,"9,150.00","91,500.00"
2020-07-15,2020071501015588,RMDC,4,6,15,701.00,"10,515.00"
2020-07-15,2020071501015811,RSDC,51,55,100,542.00,"54,200.00"
2020-07-15,2020071501015782,RSDC,57,21,10,545.00,"5,450.00"
2020-07-15,2020071501015599,SABSL,49,38,11,832.00,"9,152.00"
2020-07-15,2020071501015531,SABSL,19,52,10,839.00,"8,390.00"
2020-07-15,2020071501015458,SABSL,49,38,11,830.00,"9,130.00"
2020-07-15,2020071501015457,SABSL,49,6,10,830.00,"8,300.00"
2020-07-15,2020071501015456,SABSL,49,11,11,830.00,"9,130.00"
2020-07-15,2020071501015543,SAEF,6,42,"1,000",9.93,"9,930.00"
2020-07-15,2020071501015542,SAEF,6,43,"12,700",9.85,"125,095.00"
2020-07-15,2020071501015541,SAEF,6,43,700,9.84,"6,888.00"
2020-07-15,2020071501015540,SAEF,6,58,"5,000",9.80,"49,000.00"
2020-07-15,2020071501015539,SAEF,6,36,600,9.66,"5,796.00"
2020-07-15,2020071501015807,SANIMA,34,13,373,330.00,"123,090.00"
2020-07-15,2020071501015806,SANIMA,38,13,192,331.00,"63,552.00"
2020-07-15,2020071501015602,SANIMA,38,58,48,331.00,"15,888.00"
2020-07-15,2020071501015601,SANIMA,49,58,62,331.00,"20,522.00"
2020-07-15,2020071501015389,SANIMA,49,19,38,331.00,"12,578.00"
2020-07-15,2020071501015388,SANIMA,25,19,50,331.00,"16,550.00"
2020-07-15,2020071501015387,SANIMA,35,19,312,331.00,"103,272.00"
2020-07-15,2020071501015475,SAPDBL,25,6,25,120.00,"3,000.00"
2020-07-15,2020071501015637,SBI,44,45,110,435.00,"47,850.00"
2020-07-15,2020071501015636,SBI,44,44,100,435.00,"43,500.00"
2020-07-15,2020071501015635,SBI,44,11,20,434.00,"8,680.00"
2020-07-15,2020071501015634,SBI,44,26,130,434.00,"56,420.00"
2020-07-15,2020071501015633,SBI,44,38,95,434.00,"41,230.00"
2020-07-15,2020071501015631,SBI,40,38,10,434.00,"4,340.00"
2020-07-15,2020071501015385,SBI,49,38,300,434.00,"130,200.00"
2020-07-15,2020071501015360,SBI,49,38,500,434.00,"217,000.00"
2020-07-15,2020071501015658,SBL,17,38,11,296.00,"3,256.00"
2020-07-15,2020071502000003,SFMF,44,59,100,10.00,"1,000.00"
2020-07-15,2020071502000002,SFMF,42,42,100,10.00,"1,000.00"
2020-07-15,2020071501015841,SHIVM,48,6,10,598.00,"5,980.00"
2020-07-15,2020071501015803,SHIVM,56,25,10,595.00,"5,950.00"
2020-07-15,2020071501015756,SHIVM,8,6,70,598.00,"41,860.00"
2020-07-15,2020071501015707,SHIVM,56,6,20,598.00,"11,960.00"
2020-07-15,2020071501015706,SHIVM,56,43,60,597.00,"35,820.00"
2020-07-15,2020071501015590,SHIVM,56,39,100,595.00,"59,500.00"
2020-07-15,2020071501015418,SHIVM,33,38,880,592.00,"520,960.00"
2020-07-15,2020071501015396,SHIVM,33,57,120,592.00,"71,040.00"
2020-07-15,2020071501015395,SHIVM,52,57,250,593.00,"148,250.00"
2020-07-15,2020071501015394,SHIVM,41,57,50,593.00,"29,650.00"
2020-07-15,2020071501015393,SHIVM,14,57,80,593.00,"47,440.00"
2020-07-15,2020071501015589,SHIVM,56,49,383,592.00,"226,736.00"
2020-07-15,2020071501015551,SHIVM,6,49,10,592.00,"5,920.00"
2020-07-15,2020071501015445,SHIVM,22,49,107,592.00,"63,344.00"
2020-07-15,2020071501015421,SHIVM,22,38,60,592.00,"35,520.00"
2020-07-15,2020071501015420,SHIVM,53,38,10,592.00,"5,920.00"
2020-07-15,2020071501015419,SHIVM,26,38,50,592.00,"29,600.00"
2020-07-15,2020071501015840,SHPC,28,49,170,223.00,"37,910.00"
2020-07-15,2020071501015839,SHPC,34,49,50,225.00,"11,250.00"
2020-07-15,2020071501015749,SHPC,58,29,50,227.00,"11,350.00"
2020-07-15,2020071501015748,SHPC,58,53,128,227.00,"29,056.00"
2020-07-15,2020071501015747,SHPC,58,50,182,225.00,"40,950.00"
2020-07-15,2020071501015746,SHPC,58,42,250,225.00,"56,250.00"
2020-07-15,2020071501015745,SHPC,58,32,390,224.00,"87,360.00"
2020-07-15,2020071501015372,SIL,4,36,20,580.00,"11,600.00"
2020-07-15,2020071501015427,SJCL,59,38,20,134.00,"2,680.00"
2020-07-15,2020071501015829,SKBBL,45,58,500,"1,301.00","650,500.00"
2020-07-15,2020071501015713,SKBBL,45,5,52,"1,300.00","67,600.00"
2020-07-15,2020071501015712,SKBBL,45,26,51,"1,300.00","66,300.00"
2020-07-15,2020071501015711,SKBBL,45,43,250,"1,300.00","325,000.00"
2020-07-15,2020071501015759,SLBBL,14,57,29,923.00,"26,767.00"
2020-07-15,2020071501015758,SLBBL,28,57,100,924.00,"92,400.00"
2020-07-15,2020071501015757,SLBBL,34,57,10,932.00,"9,320.00"
2020-07-15,2020071501015569,SLBBL,14,44,170,923.00,"156,910.00"
2020-07-15,2020071501015406,SLBBL,54,44,45,925.00,"41,625.00"
2020-07-15,2020071501015367,SLBBL,54,5,105,925.00,"97,125.00"
2020-07-15,2020071501015366,SLBBL,17,5,50,927.00,"46,350.00"
2020-07-15,2020071501015568,SLBBL,10,44,50,923.00,"46,150.00"
2020-07-15,2020071501015567,SLBBL,28,44,200,923.00,"184,600.00"
2020-07-15,2020071501015566,SLBBL,59,44,30,925.00,"27,750.00"
2020-07-15,2020071501015486,SLBBL,53,22,100,924.00,"92,400.00"
2020-07-15,2020071501015408,SLBBL,54,44,200,925.00,"185,000.00"
2020-07-15,2020071501015407,SLBBL,54,44,50,925.00,"46,250.00"
2020-07-15,2020071501015606,SLBSL,46,33,20,955.00,"19,100.00"
2020-07-15,2020071501015605,SLBSL,46,1,20,938.00,"18,760.00"
2020-07-15,2020071501015604,SLBSL,46,38,60,938.00,"56,280.00"
2020-07-15,2020071501015603,SLBSL,46,47,10,938.00,"9,380.00"
2020-07-15,2020071501015621,SLICL,52,6,50,448.00,"22,400.00"
2020-07-15,2020071501015620,SLICL,40,6,300,448.00,"134,400.00"
2020-07-15,2020071501015619,SLICL,34,6,200,448.00,"89,600.00"
2020-07-15,2020071501015495,SLICL,21,6,50,449.00,"22,450.00"
2020-07-15,2020071501015571,SPARS,25,41,10,915.00,"9,150.00"
2020-07-15,2020071501015488,SPARS,25,51,20,912.00,"18,240.00"
2020-07-15,2020071501015487,SPARS,25,58,10,910.00,"9,100.00"
2020-07-15,2020071501015441,SPARS,25,42,20,900.00,"18,000.00"
2020-07-15,2020071501015440,SPARS,25,33,15,900.00,"13,500.00"
2020-07-15,2020071501015822,SRBL,44,37,151,234.00,"35,334.00"
2020-07-15,2020071501015821,SRBL,44,1,300,233.00,"69,900.00"
2020-07-15,2020071501015820,SRBL,44,34,14,233.00,"3,262.00"
2020-07-15,2020071501015819,SRBL,44,7,"1,000",232.00,"232,000.00"
2020-07-15,2020071501015818,SRBL,44,35,35,231.00,"8,085.00"
2020-07-15,2020071501015761,SWBBL,6,49,80,"1,233.00","98,640.00"
2020-07-15,2020071501015452,SWBBL,35,49,10,"1,233.00","12,330.00"
2020-07-15,2020071501015556,UIC,29,43,248,370.00,"91,760.00"
2020-07-15,2020071501015555,UIC,13,43,52,370.00,"19,240.00"
2020-07-15,2020071501015554,UIC,39,43,100,371.00,"37,100.00"
2020-07-15,2020071501015553,UIC,56,43,100,371.00,"37,100.00"
2020-07-15,2020071501015573,UPPER,26,13,825,233.00,"192,225.00"
2020-07-15,2020071501015572,UPPER,26,50,28,233.00,"6,524.00"
2020-07-15,2020071501014982,ADBL,49,26,158,384.00,"60,672.00"
2020-07-15,2020071501015098,ADBL,1,26,50,384.00,"19,200.00"
2020-07-15,2020071501015097,ADBL,32,26,512,386.00,"197,632.00"
2020-07-15,2020071501015095,ADBL,32,28,488,386.00,"188,368.00"
2020-07-15,2020071501015062,ADBL,44,28,12,386.00,"4,632.00"
2020-07-15,2020071501015061,ADBL,44,53,500,386.00,"193,000.00"
2020-07-15,2020071501015060,ADBL,44,43,88,386.00,"33,968.00"
2020-07-15,2020071501015316,AHPC,33,56,11,93.00,"1,023.00"
2020-07-15,2020071501015207,AHPC,56,52,600,92.00,"55,200.00"
2020-07-15,2020071501015140,AHPC,56,17,"1,463",92.00,"134,596.00"
2020-07-15,2020071501015077,AHPC,45,17,985,92.00,"90,620.00"
2020-07-15,2020071501014954,AHPC,45,33,15,92.00,"1,380.00"
2020-07-15,2020071501015179,AKPL,47,38,918,115.00,"105,570.00"
2020-07-15,2020071501015178,AKPL,1,38,980,115.00,"112,700.00"
2020-07-15,2020071501015345,ALBSL,13,13,1,771.00,771.00
2020-07-15,2020071501015255,ALBSL,58,42,16,780.00,"12,480.00"
2020-07-15,2020071501015254,ALBSL,39,42,84,780.00,"65,520.00"
2020-07-15,2020071501015153,ALBSL,39,32,11,780.00,"8,580.00"
2020-07-15,2020071501014913,ALBSL,39,58,11,780.00,"8,580.00"
2020-07-15,2020071501014996,ALICL,38,58,50,609.00,"30,450.00"
2020-07-15,2020071501015003,API,25,16,23,108.00,"2,484.00"
2020-07-15,2020071501015002,API,25,44,177,107.00,"18,939.00"
2020-07-15,2020071501014865,API,47,44,588,106.00,"62,328.00"
2020-07-15,2020071501014864,API,56,44,30,106.00,"3,180.00"
2020-07-15,2020071501014863,API,14,44,382,106.00,"40,492.00"
2020-07-15,2020071501015199,BFC,43,38,20,95.00,"1,900.00"
2020-07-15,2020071501015155,BFC,43,38,50,94.00,"4,700.00"
2020-07-15,2020071501015133,BFC,43,38,30,93.00,"2,790.00"
2020-07-15,2020071501015093,BFC,43,38,20,92.00,"1,840.00"
2020-07-15,2020071501015049,BFC,43,38,20,91.00,"1,820.00"
2020-07-15,2020071501015004,BFC,43,38,50,90.00,"4,500.00"
2020-07-15,2020071501015324,BPCL,47,33,12,355.00,"4,260.00"
2020-07-15,2020071501015323,BPCL,51,33,188,356.00,"66,928.00"
2020-07-15,2020071501014892,BPCL,42,17,15,360.00,"5,400.00"
2020-07-15,2020071501015352,CBBL,34,56,100,"1,090.00","109,000.00"
2020-07-15,2020071501015351,CBBL,6,56,100,"1,090.00","109,000.00"
2020-07-15,2020071501015350,CBBL,6,56,40,"1,090.00","43,600.00"
2020-07-15,2020071501015326,CBBL,45,56,384,"1,091.00","418,944.00"
2020-07-15,2020071501014859,CBBL,19,7,130,"1,100.00","143,000.00"
2020-07-15,2020071501015268,CBBL,59,49,100,"1,094.00","109,400.00"
2020-07-15,2020071501015132,CBBL,52,56,50,"1,095.00","54,750.00"
2020-07-15,2020071501015273,CBBL,45,49,616,"1,091.00","672,056.00"
2020-07-15,2020071501015272,CBBL,25,49,50,"1,092.00","54,600.00"
2020-07-15,2020071501015271,CBBL,33,49,119,"1,092.00","129,948.00"
2020-07-15,2020071501015270,CBBL,59,49,100,"1,093.00","109,300.00"
2020-07-15,2020071501015269,CBBL,21,49,15,"1,094.00","16,410.00"
2020-07-15,2020071501015105,CBL,38,1,100,139.00,"13,900.00"
2020-07-15,2020071501014951,CBL,8,1,100,139.00,"13,900.00"
2020-07-15,2020071501015170,CIT,45,58,25,"2,428.00","60,700.00"
2020-07-15,2020071501015169,CIT,19,58,10,"2,429.00","24,290.00"
2020-07-15,2020071501015168,CIT,38,58,15,"2,431.00","36,465.00"
2020-07-15,2020071501015011,CIT,36,33,20,"2,438.00","48,760.00"
2020-07-15,2020071501014914,CIT,54,33,24,"2,435.00","58,440.00"
2020-07-15,2020071501014906,CIT,50,14,45,"2,439.00","109,755.00"
2020-07-15,2020071501014905,CIT,50,54,55,"2,438.00","134,090.00"
2020-07-15,2020071501015226,CZBIL,14,43,200,185.00,"37,000.00"
2020-07-15,2020071501015225,CZBIL,56,43,300,185.00,"55,500.00"
2020-07-15,2020071501015224,CZBIL,43,43,50,185.00,"9,250.00"
2020-07-15,2020071501015223,CZBIL,38,43,15,185.00,"2,775.00"
2020-07-15,2020071501015222,CZBIL,6,43,500,185.00,"92,500.00"
2020-07-15,2020071501015221,CZBIL,48,43,100,185.00,"18,500.00"
2020-07-15,2020071501015220,CZBIL,34,43,44,185.00,"8,140.00"
2020-07-15,2020071501015219,CZBIL,47,43,289,187.00,"54,043.00"
2020-07-15,2020071501015131,CZBIL,47,6,10,187.00,"1,870.00"
2020-07-15,2020071501015218,DDBL,13,44,200,866.00,"173,200.00"
2020-07-15,2020071501014885,DDBL,22,44,50,866.00,"43,300.00"
2020-07-15,2020071501014884,DDBL,22,44,40,866.00,"34,640.00"
2020-07-15,2020071501014872,DDBL,54,32,100,868.00,"86,800.00"
2020-07-15,2020071501015333,EBL,37,4,100,670.00,"67,000.00"
2020-07-15,2020071501015010,EBL,1,4,100,670.00,"67,000.00"
2020-07-15,2020071501014979,EBL,46,33,50,674.00,"33,700.00"
2020-07-15,2020071501014948,EDBL,14,19,95,298.00,"28,310.00"
2020-07-15,2020071501014947,EDBL,7,19,100,298.00,"29,800.00"
2020-07-15,2020071501014946,EDBL,57,19,105,298.00,"31,290.00"
2020-07-15,2020071501015328,EIC,11,17,200,412.00,"82,400.00"
2020-07-15,2020071501015327,EIC,11,52,94,410.00,"38,540.00"
2020-07-15,2020071501014904,EIC,7,28,"1,000",409.00,"409,000.00"
2020-07-15,2020071501014903,EIC,7,21,200,409.00,"81,800.00"
2020-07-15,2020071501014902,EIC,7,19,400,408.00,"163,200.00"
2020-07-15,2020071501015244,FMDBL,6,36,897,553.00,"496,041.00"
2020-07-15,2020071501015243,FMDBL,6,36,103,553.00,"56,959.00"
2020-07-15,2020071501014930,FMDBL,6,6,217,553.00,"120,001.00"
2020-07-15,2020071501014890,FMDBL,56,34,30,556.00,"16,680.00"
2020-07-15,2020071501015332,GBBL,48,43,30,221.00,"6,630.00"
2020-07-15,2020071501014889,GBBL,55,45,100,220.00,"22,000.00"
2020-07-15,2020071501015087,GBIME,35,6,75,241.00,"18,075.00"
2020-07-15,2020071501015086,GBIME,55,6,250,241.00,"60,250.00"
2020-07-15,2020071501015085,GBIME,17,6,100,241.00,"24,100.00"
2020-07-15,2020071501015084,GBIME,56,6,200,241.00,"48,200.00"
2020-07-15,2020071501015083,GBIME,6,6,45,241.00,"10,845.00"
2020-07-15,2020071501014909,GBIME,46,28,200,242.00,"48,400.00"
2020-07-15,2020071501014977,GGBSL,16,35,10,905.00,"9,050.00"
2020-07-15,2020071501014924,GGBSL,16,43,20,905.00,"18,100.00"
2020-07-15,2020071501015027,GILB,34,19,50,"1,304.00","65,200.00"
2020-07-15,2020071501015005,GILB,34,19,50,"1,304.00","65,200.00"
2020-07-15,2020071501015022,GLBSL,43,42,10,815.00,"8,150.00"
2020-07-15,2020071501014867,GLICL,53,5,40,465.00,"18,600.00"
2020-07-15,2020071501014866,GLICL,17,5,20,465.00,"9,300.00"
2020-07-15,2020071501015173,HBL,58,19,30,540.00,"16,200.00"
2020-07-15,2020071501015130,HBL,16,32,170,533.00,"90,610.00"
2020-07-15,2020071501015129,HBL,43,32,20,534.00,"10,680.00"
2020-07-15,2020071501014995,HDHPC,6,45,40,106.00,"4,240.00"
2020-07-15,2020071501014994,HDHPC,6,45,30,106.00,"3,180.00"
2020-07-15,2020071501014993,HDHPC,6,51,50,106.00,"5,300.00"
2020-07-15,2020071501014992,HDHPC,6,57,20,106.00,"2,120.00"
2020-07-15,2020071501014991,HDHPC,6,29,90,106.00,"9,540.00"
2020-07-15,2020071501014990,HDHPC,6,29,20,106.00,"2,120.00"
2020-07-15,2020071501014965,HDHPC,39,57,500,104.00,"52,000.00"
2020-07-15,2020071501014964,HDHPC,39,1,100,104.00,"10,400.00"
2020-07-15,2020071501014963,HDHPC,39,48,60,104.00,"6,240.00"
2020-07-15,2020071501014962,HDHPC,39,58,10,102.00,"1,020.00"
2020-07-15,2020071501014971,HDHPC,39,39,350,104.00,"36,400.00"
2020-07-15,2020071501014970,HDHPC,39,56,100,104.00,"10,400.00"
2020-07-15,2020071501014969,HDHPC,39,56,100,104.00,"10,400.00"
2020-07-15,2020071501014968,HDHPC,39,38,80,104.00,"8,320.00"
2020-07-15,2020071501014967,HDHPC,39,33,100,104.00,"10,400.00"
2020-07-15,2020071501014966,HDHPC,39,33,100,104.00,"10,400.00"
2020-07-15,2020071501014989,HDHPC,6,37,10,105.00,"1,050.00"
2020-07-15,2020071501014988,HDHPC,6,41,500,105.00,"52,500.00"
2020-07-15,2020071501014987,HDHPC,6,43,50,104.00,"5,200.00"
2020-07-15,2020071501014986,HDHPC,6,19,10,104.00,"1,040.00"
2020-07-15,2020071501014985,HDHPC,6,11,50,104.00,"5,200.00"
2020-07-15,2020071501014984,HDHPC,6,39,630,104.00,"65,520.00"
2020-07-15,2020071501015106,HDL,34,34,33,"1,600.00","52,800.00"
2020-07-15,2020071501015064,HDL,34,35,155,"1,599.00","247,845.00"
2020-07-15,2020071501015043,HDL,14,57,50,"1,596.00","79,800.00"
2020-07-15,2020071501014908,HDL,54,54,"1,000","1,595.00","1,595,000.00"
2020-07-15,2020071501014876,HDL,14,6,50,"1,596.00","79,800.00"
2020-07-15,2020071501015125,HGI,44,25,10,415.00,"4,150.00"
2020-07-15,2020071501015124,HGI,44,43,125,414.00,"51,750.00"
2020-07-15,2020071501015227,HIDCL,57,10,390,133.00,"51,870.00"
2020-07-15,2020071501015048,HIDCL,33,34,127,132.00,"16,764.00"
2020-07-15,2020071501014941,HURJA,33,58,20,87.00,"1,740.00"
2020-07-15,2020071501015046,ILBS,56,6,10,820.00,"8,200.00"
2020-07-15,2020071501014978,ILBS,56,6,10,820.00,"8,200.00"
2020-07-15,2020071501015156,JBBL,53,22,66,165.00,"10,890.00"
2020-07-15,2020071501014955,JSLBB,5,37,30,"1,670.00","50,100.00"
2020-07-15,2020071501015059,KBL,8,44,50,187.00,"9,350.00"
2020-07-15,2020071501014875,KBL,47,32,200,186.00,"37,200.00"
2020-07-15,2020071501014877,KKHC,16,45,10,49.00,490.00
2020-07-15,2020071501015238,KMCDB,33,7,10,810.00,"8,100.00"
2020-07-15,2020071501015193,KMCDB,33,58,370,820.00,"303,400.00"
2020-07-15,2020071501015192,KMCDB,33,48,50,820.00,"41,000.00"
2020-07-15,2020071501015191,KMCDB,33,21,10,820.00,"8,200.00"
2020-07-15,2020071501015165,KMCDB,33,38,10,810.00,"8,100.00"
2020-07-15,2020071501015146,KMCDB,33,25,40,819.00,"32,760.00"
2020-07-15,2020071501014873,KMCDB,47,38,10,808.00,"8,080.00"
2020-07-15,2020071501015000,KMCDB,58,7,20,819.00,"16,380.00"
2020-07-15,2020071501014999,KMCDB,58,11,10,818.00,"8,180.00"
2020-07-15,2020071501014998,KMCDB,58,7,10,817.00,"8,170.00"
2020-07-15,2020071501014997,KMCDB,58,48,10,817.00,"8,170.00"
2020-07-15,2020071501014879,KMCDB,33,25,100,816.00,"81,600.00"
2020-07-15,2020071501015051,KSBBL,45,25,200,145.00,"29,000.00"
2020-07-15,2020071501014957,LBBL,44,28,660,184.00,"121,440.00"
2020-07-15,2020071501014956,LBBL,44,53,200,184.00,"36,800.00"
2020-07-15,2020071501015318,LBL,40,55,"1,000",209.00,"209,000.00"
2020-07-15,2020071501015195,LBL,38,55,10,210.00,"2,100.00"
2020-07-15,2020071501014929,LICN,38,26,300,"1,330.00","399,000.00"
2020-07-15,2020071501014911,LICN,25,17,20,"1,335.00","26,700.00"
2020-07-15,2020071501015256,LLBS,25,49,80,"1,207.00","96,560.00"
2020-07-15,2020071501015104,LLBS,45,34,27,"1,200.00","32,400.00"
2020-07-15,2020071501014907,LLBS,45,32,20,"1,200.00","24,000.00"
2020-07-15,2020071501015342,MBL,22,25,"1,064",220.00,"234,080.00"
2020-07-15,2020071501015341,MBL,22,49,36,220.00,"7,920.00"
2020-07-15,2020071501014939,MDB,22,53,100,307.00,"30,700.00"
2020-07-15,2020071501015274,MEGA,34,4,60,208.00,"12,480.00"
2020-07-15,2020071501015164,MEGA,43,4,10,208.00,"2,080.00"
2020-07-15,2020071501015071,MERO,56,20,15,675.00,"10,125.00"
2020-07-15,2020071501015340,MFIL,6,4,49,302.00,"14,798.00"
2020-07-15,2020071501015339,MFIL,6,51,100,301.00,"30,100.00"
2020-07-15,2020071501015338,MFIL,6,6,450,301.00,"135,450.00"
2020-07-15,2020071501015337,MFIL,6,53,101,301.00,"30,401.00"
2020-07-15,2020071501015336,MFIL,6,18,300,301.00,"90,300.00"
2020-07-15,2020071501015259,MNBBL,57,13,200,310.00,"62,000.00"
2020-07-15,2020071501015258,MNBBL,37,13,200,310.00,"62,000.00"
2020-07-15,2020071501015197,MNBBL,25,6,25,312.00,"7,800.00"
2020-07-15,2020071501014937,MNBBL,25,17,25,312.00,"7,800.00"
2020-07-15,2020071501014926,MNBBL,14,32,100,310.00,"31,000.00"
2020-07-15,2020071501015295,NABIL,44,46,200,765.00,"153,000.00"
2020-07-15,2020071501015294,NABIL,44,45,51,765.00,"39,015.00"
2020-07-15,2020071501015293,NABIL,44,36,30,765.00,"22,950.00"
2020-07-15,2020071501015292,NABIL,44,29,39,765.00,"29,835.00"
2020-07-15,2020071501015291,NABIL,44,14,190,764.00,"145,160.00"
2020-07-15,2020071501015290,NABIL,44,43,297,764.00,"226,908.00"
2020-07-15,2020071501014933,NABIL,1,57,18,754.00,"13,572.00"
2020-07-15,2020071501015289,NABIL,44,57,100,763.00,"76,300.00"
2020-07-15,2020071501015288,NABIL,44,37,24,763.00,"18,312.00"
2020-07-15,2020071501015287,NABIL,44,57,112,762.00,"85,344.00"
2020-07-15,2020071501015286,NABIL,44,56,450,761.00,"342,450.00"
2020-07-15,2020071501015285,NABIL,44,25,"1,000",760.00,"760,000.00"
2020-07-15,2020071501015001,NABIL,58,56,50,761.00,"38,050.00"
2020-07-15,2020071501015354,NADEP,28,6,54,686.00,"37,044.00"
2020-07-15,2020071501015353,NADEP,28,45,23,685.00,"15,755.00"
2020-07-15,2020071501015284,NADEP,28,13,23,683.00,"15,709.00"
2020-07-15,2020071501015127,NADEP,41,34,10,680.00,"6,800.00"
2020-07-15,2020071501015305,NBB,44,55,200,202.00,"40,400.00"
2020-07-15,2020071501015304,NBB,44,44,500,202.00,"101,000.00"
2020-07-15,2020071501015303,NBB,44,55,50,202.00,"10,100.00"
2020-07-15,2020071501015302,NBB,44,28,"5,528",202.00,"1,116,656.00"
2020-07-15,2020071501015301,NBB,44,8,950,202.00,"191,900.00"
2020-07-15,2020071501015300,NBB,44,37,350,202.00,"70,700.00"
2020-07-15,2020071501015036,NBB,44,49,575,201.00,"115,575.00"
2020-07-15,2020071501015035,NBB,44,37,"1,000",201.00,"201,000.00"
2020-07-15,2020071501015034,NBB,44,6,500,201.00,"100,500.00"
2020-07-15,2020071501015033,NBB,44,14,12,200.00,"2,400.00"
2020-07-15,2020071501015166,NBB,58,37,50,202.00,"10,100.00"
2020-07-15,2020071501015139,NBB,54,13,100,200.00,"20,000.00"
2020-07-15,2020071501015066,NBB,44,37,100,202.00,"20,200.00"
2020-07-15,2020071501015041,NBB,1,6,87,199.00,"17,313.00"
2020-07-15,2020071501015040,NBB,44,6,13,201.00,"2,613.00"
2020-07-15,2020071501015037,NBB,44,45,500,201.00,"100,500.00"
2020-07-15,2020071501015358,NBF2,43,57,"1,000",9.75,"9,750.00"
2020-07-15,2020071501015275,NBF2,6,39,"1,000",9.63,"9,630.00"
2020-07-15,2020071501014861,NBF2,43,41,"5,000",9.45,"47,250.00"
2020-07-15,2020071501015177,NBL,33,13,50,248.00,"12,400.00"
2020-07-15,2020071501015030,NBL,29,58,50,247.00,"12,350.00"
2020-07-15,2020071501015029,NBL,29,43,450,247.00,"111,150.00"
2020-07-15,2020071501015020,NBL,33,43,30,247.00,"7,410.00"
2020-07-15,2020071501014980,NBL,56,58,75,246.00,"18,450.00"
2020-07-15,2020071501014916,NBL,56,5,200,246.00,"49,200.00"
2020-07-15,2020071501015198,NEF,6,39,500,9.33,"4,665.00"
2020-07-15,2020071501015138,NEF,6,56,"1,000",9.24,"9,240.00"
2020-07-15,2020071501015137,NEF,6,58,"1,000",9.21,"9,210.00"
2020-07-15,2020071501015136,NEF,6,22,"2,414",9.20,"22,208.80"
2020-07-15,2020071501015355,NFS,50,49,260,130.00,"33,800.00"
2020-07-15,2020071501015081,NGPL,58,44,391,115.00,"44,965.00"
2020-07-15,2020071501015080,NGPL,45,44,250,115.00,"28,750.00"
2020-07-15,2020071501015079,NGPL,57,44,104,116.00,"12,064.00"
2020-07-15,2020071501015078,NGPL,37,44,49,116.00,"5,684.00"
2020-07-15,2020071501015032,NIB,41,45,275,433.00,"119,075.00"
2020-07-15,2020071501015031,NIB,33,45,25,433.00,"10,825.00"
2020-07-15,2020071501014931,NIB,43,49,50,434.00,"21,700.00"
2020-07-15,2020071501015263,NIBPO,43,55,29,357.00,"10,353.00"
2020-07-15,2020071501015262,NIBPO,1,55,100,358.00,"35,800.00"
2020-07-15,2020071501014894,NIBPO,1,4,"1,900",358.00,"680,200.00"
2020-07-15,2020071501014893,NIBPO,49,4,100,358.00,"35,800.00"
2020-07-15,2020071501015283,NICA,58,28,17,553.00,"9,401.00"
2020-07-15,2020071501015282,NICA,58,34,50,552.00,"27,600.00"
2020-07-15,2020071501015281,NICA,58,41,10,552.00,"5,520.00"
2020-07-15,2020071501015280,NICA,58,14,200,552.00,"110,400.00"
2020-07-15,2020071501015279,NICA,58,10,400,552.00,"220,800.00"
2020-07-15,2020071501015278,NICA,58,5,55,552.00,"30,360.00"
2020-07-15,2020071501015101,NICA,45,25,50,551.00,"27,550.00"
2020-07-15,2020071501015100,NICA,26,25,350,551.00,"192,850.00"
2020-07-15,2020071501015058,NICA,26,36,150,551.00,"82,650.00"
2020-07-15,2020071501015057,NICA,49,36,50,551.00,"27,550.00"
2020-07-15,2020071501014934,NICA,48,50,500,551.00,"275,500.00"
2020-07-15,2020071501015277,NICA,58,8,85,552.00,"46,920.00"
2020-07-15,2020071501015276,NICA,58,52,303,552.00,"167,256.00"
2020-07-15,2020071501015237,NICA,57,52,200,552.00,"110,400.00"
2020-07-15,2020071501015196,NICA,29,25,200,551.00,"110,200.00"
2020-07-15,2020071501015103,NICA,52,25,200,551.00,"110,200.00"
2020-07-15,2020071501015102,NICA,58,25,200,551.00,"110,200.00"
2020-07-15,2020071501015298,NICL,21,42,100,439.00,"43,900.00"
2020-07-15,2020071501015297,NICL,33,42,150,439.00,"65,850.00"
2020-07-15,2020071501015074,NICL,7,45,100,440.00,"44,000.00"
2020-07-15,2020071501014959,NICL,34,45,48,441.00,"21,168.00"
2020-07-15,2020071501014958,NICL,49,45,116,441.00,"51,156.00"
2020-07-15,2020071501015245,NICL,35,45,50,440.00,"22,000.00"
2020-07-15,2020071501015182,NICL,6,43,10,443.00,"4,430.00"
2020-07-15,2020071501015076,NICL,52,45,29,440.00,"12,760.00"
2020-07-15,2020071501015075,NICL,57,45,200,440.00,"88,000.00"
2020-07-15,2020071501015296,NICL,49,42,100,439.00,"43,900.00"
2020-07-15,2020071501015252,NIL,43,43,15,607.00,"9,105.00"
2020-07-15,2020071501015251,NIL,43,44,105,606.00,"63,630.00"
2020-07-15,2020071501015250,NIL,43,45,16,605.00,"9,680.00"
2020-07-15,2020071501015249,NIL,43,19,100,605.00,"60,500.00"
2020-07-15,2020071501015248,NIL,43,43,264,605.00,"159,720.00"
2020-07-15,2020071501014976,NIL,43,43,36,605.00,"21,780.00"
2020-07-15,2020071501014975,NIL,43,25,232,604.00,"140,128.00"
2020-07-15,2020071501014974,NIL,43,43,832,600.00,"499,200.00"
2020-07-15,2020071501015121,NLBBL,48,22,100,766.00,"76,600.00"
2020-07-15,2020071501015120,NLBBL,56,22,10,766.00,"7,660.00"
2020-07-15,2020071501015070,NLBBL,46,6,100,771.00,"77,100.00"
2020-07-15,2020071501015045,NLBBL,26,22,100,767.00,"76,700.00"
2020-07-15,2020071501015331,NLG,43,6,10,656.00,"6,560.00"
2020-07-15,2020071501015330,NLG,43,47,90,652.00,"58,680.00"
2020-07-15,2020071501015056,NLG,43,47,10,652.00,"6,520.00"
2020-07-15,2020071501015055,NLG,43,29,155,651.00,"100,905.00"
2020-07-15,2020071501015241,NLIC,34,6,100,"1,263.00","126,300.00"
2020-07-15,2020071501015240,NLIC,34,26,100,"1,263.00","126,300.00"
2020-07-15,2020071501015206,NLIC,49,26,100,"1,263.00","126,300.00"
2020-07-15,2020071501015205,NLIC,41,6,22,"1,260.00","27,720.00"
2020-07-15,2020071501015190,NLIC,41,6,22,"1,260.00","27,720.00"
2020-07-15,2020071501015181,NLIC,41,34,10,"1,260.00","12,600.00"
2020-07-15,2020071501014942,NLIC,52,26,75,"1,260.00","94,500.00"
2020-07-15,2020071501015180,NLIC,57,34,40,"1,260.00","50,400.00"
2020-07-15,2020071501015044,NLIC,58,26,15,"1,263.00","18,945.00"
2020-07-15,2020071501014983,NLIC,57,26,60,"1,260.00","75,600.00"
2020-07-15,2020071501014945,NLIC,54,26,240,"1,260.00","302,400.00"
2020-07-15,2020071501014944,NLIC,40,26,125,"1,260.00","157,500.00"
2020-07-15,2020071501014943,NLIC,33,26,500,"1,260.00","630,000.00"
2020-07-15,2020071501015335,NLICL,42,44,81,674.00,"54,594.00"
2020-07-15,2020071501015267,NLICL,6,45,100,675.00,"67,500.00"
2020-07-15,2020071501015217,NLICL,42,26,10,674.00,"6,740.00"
2020-07-15,2020071501015216,NLICL,42,26,200,674.00,"134,800.00"
2020-07-15,2020071501015215,NLICL,42,28,72,673.00,"48,456.00"
2020-07-15,2020071501015214,NLICL,42,26,10,671.00,"6,710.00"
2020-07-15,2020071501015213,NLICL,42,28,"1,000",671.00,"671,000.00"
2020-07-15,2020071501015212,NLICL,42,51,60,670.00,"40,200.00"
2020-07-15,2020071501015211,NLICL,42,39,200,670.00,"134,000.00"
2020-07-15,2020071501015210,NLICL,42,28,50,670.00,"33,500.00"
2020-07-15,2020071501015209,NLICL,42,46,17,665.00,"11,305.00"
2020-07-15,2020071501015349,NMB,38,34,368,395.00,"145,360.00"
2020-07-15,2020071501015348,NMB,33,34,100,396.00,"39,600.00"
2020-07-15,2020071501015347,NMB,34,34,32,396.00,"12,672.00"
2020-07-15,2020071501015315,NMB,25,36,500,397.00,"198,500.00"
2020-07-15,2020071501015242,NMB,41,36,80,397.00,"31,760.00"
2020-07-15,2020071501015175,NMB,34,44,18,396.00,"7,128.00"
2020-07-15,2020071501015015,NMB,17,14,100,397.00,"39,700.00"
2020-07-15,2020071501015014,NMB,51,14,310,397.00,"123,070.00"
2020-07-15,2020071501015088,NMB,29,8,500,397.00,"198,500.00"
2020-07-15,2020071501015042,NMB,33,14,300,397.00,"119,100.00"
2020-07-15,2020071501015019,NMB,26,14,500,397.00,"198,500.00"
2020-07-15,2020071501015018,NMB,45,14,50,397.00,"19,850.00"
2020-07-15,2020071501015017,NMB,10,14,"1,000",397.00,"397,000.00"
2020-07-15,2020071501015016,NMB,51,14,50,397.00,"19,850.00"
2020-07-15,2020071501015174,NMB,49,44,"9,982",396.00,"3,952,872.00"
2020-07-15,2020071501015172,NMB,34,36,485,397.00,"192,545.00"
2020-07-15,2020071501015171,NMB,34,8,15,397.00,"5,955.00"
2020-07-15,2020071501015091,NMB,49,8,18,396.00,"7,128.00"
2020-07-15,2020071501015090,NMB,26,8,20,396.00,"7,920.00"
2020-07-15,2020071501015089,NMB,45,8,62,396.00,"24,552.00"
2020-07-15,2020071501015307,NMBHF1,25,43,"5,005",9.50,"47,547.50"
2020-07-15,2020071501015306,NMBHF1,47,43,"10,000",9.50,"95,000.00"
2020-07-15,2020071501015239,NMBMF,8,4,10,818.00,"8,180.00"
2020-07-15,2020071501015065,NMBMF,45,49,90,810.00,"72,900.00"
2020-07-15,2020071501014973,NMFBS,33,19,89,"1,618.00","144,002.00"
2020-07-15,2020071501014972,NMFBS,10,19,11,"1,620.00","17,820.00"
2020-07-15,2020071501015346,NRIC,56,36,40,504.00,"20,160.00"
2020-07-15,2020071501015344,NRIC,56,38,20,504.00,"10,080.00"
2020-07-15,2020071501015343,NRIC,41,38,30,504.00,"15,120.00"
2020-07-15,2020071501015325,NRIC,41,56,40,504.00,"20,160.00"
2020-07-15,2020071501015322,NRIC,41,44,10,504.00,"5,040.00"
2020-07-15,2020071501015321,NRIC,41,4,200,504.00,"100,800.00"
2020-07-15,2020071501014874,NRIC,33,56,25,504.00,"12,600.00"
2020-07-15,2020071501014862,NRIC,33,34,40,504.00,"20,160.00"
2020-07-15,2020071501014925,NRIC,21,38,50,503.00,"25,150.00"
2020-07-15,2020071501014910,NRIC,33,6,140,504.00,"70,560.00"
2020-07-15,2020071501014891,NRIC,33,38,40,504.00,"20,160.00"
2020-07-15,2020071501014888,NRIC,33,16,50,504.00,"25,200.00"
2020-07-15,2020071501014887,NRIC,33,21,40,504.00,"20,160.00"
2020-07-15,2020071501014886,NRIC,33,34,50,504.00,"25,200.00"
2020-07-15,2020071501015006,NRIC,22,35,40,503.00,"20,120.00"
2020-07-15,2020071501014961,NRIC,45,7,50,503.00,"25,150.00"
2020-07-15,2020071501014953,NRIC,45,21,50,503.00,"25,150.00"
2020-07-15,2020071501014952,NRIC,33,6,45,504.00,"22,680.00"
2020-07-15,2020071501014940,NRIC,21,34,40,503.00,"20,120.00"
2020-07-15,2020071501014938,NRIC,21,38,40,503.00,"20,120.00"
2020-07-15,2020071501015039,NRIC,47,34,40,504.00,"20,160.00"
2020-07-15,2020071501015038,NRIC,47,6,815,504.00,"410,760.00"
2020-07-15,2020071501015026,NRIC,22,44,40,503.00,"20,120.00"
2020-07-15,2020071501015023,NRIC,22,7,50,503.00,"25,150.00"
2020-07-15,2020071501015013,NRIC,22,46,580,503.00,"291,740.00"
2020-07-15,2020071501015007,NRIC,22,5,40,503.00,"20,120.00"
2020-07-15,2020071501015145,NRIC,22,44,40,503.00,"20,120.00"
2020-07-15,2020071501015134,NRIC,22,35,40,503.00,"20,120.00"
2020-07-15,2020071501015126,NRIC,1,38,10,504.00,"5,040.00"
2020-07-15,2020071501015099,NRIC,47,53,40,504.00,"20,160.00"
2020-07-15,2020071501015082,NRIC,47,7,40,504.00,"20,160.00"
2020-07-15,2020071501015050,NRIC,47,5,40,504.00,"20,160.00"
2020-07-15,2020071501015201,NRIC,6,38,30,504.00,"15,120.00"
2020-07-15,2020071501015200,NRIC,22,44,40,503.00,"20,120.00"
2020-07-15,2020071501015184,NRIC,22,7,40,503.00,"20,120.00"
2020-07-15,2020071501015183,NRIC,22,36,50,503.00,"25,150.00"
2020-07-15,2020071501015176,NRIC,22,35,40,503.00,"20,120.00"
2020-07-15,2020071501015152,NRIC,22,36,40,503.00,"20,120.00"
2020-07-15,2020071501015247,NRIC,22,38,10,503.00,"5,030.00"
2020-07-15,2020071501015246,NRIC,57,38,30,504.00,"15,120.00"
2020-07-15,2020071501015228,NRIC,57,41,30,504.00,"15,120.00"
2020-07-15,2020071501015204,NRIC,6,21,40,504.00,"20,160.00"
2020-07-15,2020071501015203,NRIC,6,46,40,504.00,"20,160.00"
2020-07-15,2020071501015202,NRIC,6,21,40,504.00,"20,160.00"
2020-07-15,2020071501015320,NRIC,41,36,50,504.00,"25,200.00"
2020-07-15,2020071501015319,NRIC,41,48,40,504.00,"20,160.00"
2020-07-15,2020071501015317,NRIC,41,44,40,504.00,"20,160.00"
2020-07-15,2020071501015309,NRIC,41,38,30,504.00,"15,120.00"
2020-07-15,2020071501015308,NRIC,41,45,40,504.00,"20,160.00"
2020-07-15,2020071501015257,NRIC,41,41,20,504.00,"10,080.00"
2020-07-15,2020071501014899,NTC,43,7,100,654.00,"65,400.00"
2020-07-15,2020071501014898,NTC,43,25,50,651.00,"32,550.00"
2020-07-15,2020071501014897,NTC,43,19,50,651.00,"32,550.00"
2020-07-15,2020071501014896,NTC,43,22,600,651.00,"390,600.00"
2020-07-15,2020071501014895,NTC,43,43,380,651.00,"247,380.00"
2020-07-15,2020071501014901,NTC,43,59,20,655.00,"13,100.00"
2020-07-15,2020071501014900,NTC,43,55,200,654.00,"130,800.00"
2020-07-15,2020071501015314,OHL,35,35,598,329.00,"196,742.00"
2020-07-15,2020071501015313,OHL,35,49,500,324.00,"162,000.00"
2020-07-15,2020071501015312,OHL,35,46,200,324.00,"64,800.00"
2020-07-15,2020071501015311,OHL,35,14,500,324.00,"162,000.00"
2020-07-15,2020071501015310,OHL,35,42,202,324.00,"65,448.00"
2020-07-15,2020071501015054,OHL,42,56,315,318.00,"100,170.00"
2020-07-15,2020071501015053,OHL,42,45,105,312.00,"32,760.00"
2020-07-15,2020071501015052,OHL,42,44,585,312.00,"182,520.00"
2020-07-15,2020071501015118,OHL,42,21,50,323.00,"16,150.00"
2020-07-15,2020071501015117,OHL,42,19,442,319.00,"140,998.00"
2020-07-15,2020071501015116,OHL,42,56,105,318.00,"33,390.00"
2020-07-15,2020071501015194,PCBL,47,41,66,256.00,"16,896.00"
2020-07-15,2020071501015167,PCBL,19,41,152,256.00,"38,912.00"
2020-07-15,2020071501015135,PCBL,33,14,32,255.00,"8,160.00"
2020-07-15,2020071501015028,PCBL,33,58,32,255.00,"8,160.00"
2020-07-15,2020071501015092,PICL,37,6,35,493.00,"17,255.00"
2020-07-15,2020071501014981,PMHPL,13,45,10,71.00,710.00
2020-07-15,2020071501015024,PPCL,32,35,30,109.00,"3,270.00"
2020-07-15,2020071501015012,PPCL,32,58,230,109.00,"25,070.00"
2020-07-15,2020071501014869,PPCL,8,49,10,111.00,"1,110.00"
2020-07-15,2020071501015356,PRIN,42,17,161,473.00,"76,153.00"
2020-07-15,2020071501015329,PRIN,37,57,50,472.00,"23,600.00"
2020-07-15,2020071501015144,PRVU,58,8,45,228.00,"10,260.00"
2020-07-15,2020071501015072,PRVU,14,58,80,229.00,"18,320.00"
2020-07-15,2020071501015143,PRVU,11,8,50,228.00,"11,400.00"
2020-07-15,2020071501015142,PRVU,6,8,"1,585",228.00,"361,380.00"
2020-07-15,2020071501015141,PRVU,14,8,320,229.00,"73,280.00"
2020-07-15,2020071501015334,RADHI,38,22,10,176.00,"1,760.00"
2020-07-15,2020071501015253,RADHI,38,25,100,173.00,"17,300.00"
2020-07-15,2020071501015189,RADHI,38,43,56,172.00,"9,632.00"
2020-07-15,2020071501015188,RADHI,38,35,11,170.00,"1,870.00"
2020-07-15,2020071501015187,RADHI,38,41,12,170.00,"2,040.00"
2020-07-15,2020071501015186,RADHI,38,49,58,170.00,"9,860.00"
2020-07-15,2020071501015008,RADHI,38,38,10,169.00,"1,690.00"
2020-07-15,2020071501015357,RBCL,18,36,10,"9,150.00","91,500.00"
2020-07-15,2020071501015047,RHPL,33,35,30,150.00,"4,500.00"
2020-07-15,2020071501015009,RHPL,33,11,40,150.00,"6,000.00"
2020-07-15,2020071501015073,RMDC,4,6,36,701.00,"25,236.00"
2020-07-15,2020071501014860,RMDC,16,6,100,702.00,"70,200.00"
2020-07-15,2020071501015119,SABSL,56,6,10,832.00,"8,320.00"
2020-07-15,2020071501015025,SABSL,19,38,10,835.00,"8,350.00"
2020-07-15,2020071501014932,SABSL,56,36,14,838.00,"11,732.00"
2020-07-15,2020071501015185,SADBL,42,13,"1,135",141.00,"160,035.00"
2020-07-15,2020071501015163,SADBL,42,13,40,142.00,"5,680.00"
2020-07-15,2020071501015162,SADBL,17,13,100,142.00,"14,200.00"
2020-07-15,2020071501015161,SADBL,32,13,100,142.00,"14,200.00"
2020-07-15,2020071501015160,SADBL,52,13,500,142.00,"71,000.00"
2020-07-15,2020071501015159,SADBL,45,13,50,142.00,"7,100.00"
2020-07-15,2020071501015158,SADBL,32,13,100,143.00,"14,300.00"
2020-07-15,2020071501014912,SANIMA,35,4,150,331.00,"49,650.00"
2020-07-15,2020071501014871,SBI,58,38,25,434.00,"10,850.00"
2020-07-15,2020071501014870,SBI,44,3,13,432.00,"5,616.00"
2020-07-15,2020071501014950,SCB,58,29,20,645.00,"12,900.00"
2020-07-15,2020071501014949,SCB,58,52,30,640.00,"19,200.00"
2020-07-15,2020071501014883,SCB,7,52,10,640.00,"6,400.00"
2020-07-15,2020071501014882,SCB,7,52,100,640.00,"64,000.00"
2020-07-15,2020071501014881,SCB,7,34,120,640.00,"76,800.00"
2020-07-15,2020071501014880,SCB,7,13,20,640.00,"12,800.00"
2020-07-15,2020071501015266,SDESI,46,4,22,926.00,"20,372.00"
2020-07-15,2020071501015265,SDESI,28,4,18,926.00,"16,668.00"
2020-07-15,2020071501015264,SDESI,19,4,10,927.00,"9,270.00"
2020-07-15,2020071501015096,SDESI,25,14,20,944.00,"18,880.00"
2020-07-15,2020071501015069,SHIVM,14,4,20,593.00,"11,860.00"
2020-07-15,2020071501015068,SHIVM,57,4,10,594.00,"5,940.00"
2020-07-15,2020071501015067,SHIVM,57,4,20,594.00,"11,880.00"
2020-07-15,2020071501014915,SHIVM,5,43,100,597.00,"59,700.00"
2020-07-15,2020071501015154,SHPC,28,29,10,223.00,"2,230.00"
2020-07-15,2020071501014928,SHPC,58,32,40,224.00,"8,960.00"
2020-07-15,2020071501014922,SICL,58,50,100,"1,019.00","101,900.00"
2020-07-15,2020071501014921,SICL,58,43,50,"1,015.00","50,750.00"
2020-07-15,2020071501014920,SICL,58,25,100,"1,014.00","101,400.00"
2020-07-15,2020071501014919,SICL,58,59,50,"1,014.00","50,700.00"
2020-07-15,2020071501014918,SICL,58,42,100,"1,014.00","101,400.00"
2020-07-15,2020071501014917,SICL,58,22,95,"1,013.00","96,235.00"
2020-07-15,2020071501015299,SIL,44,25,200,576.00,"115,200.00"
2020-07-15,2020071501015128,SJCL,5,7,20,135.00,"2,700.00"
2020-07-15,2020071501015123,SJCL,5,35,10,135.00,"1,350.00"
2020-07-15,2020071501015122,SJCL,26,35,10,135.00,"1,350.00"
2020-07-15,2020071501015094,SJCL,26,38,20,135.00,"2,700.00"
2020-07-15,2020071501014960,SJCL,26,38,20,135.00,"2,700.00"
2020-07-15,2020071501014927,SJCL,26,7,20,135.00,"2,700.00"
2020-07-15,2020071501014878,SJCL,26,35,20,135.00,"2,700.00"
2020-07-15,2020071501015115,SLBBL,28,33,66,932.00,"61,512.00"
2020-07-15,2020071501015114,SLBS,34,59,53,"1,044.00","55,332.00"
2020-07-15,2020071501015113,SLBS,6,59,100,"1,045.00","104,500.00"
2020-07-15,2020071501015112,SLBS,6,59,44,"1,045.00","45,980.00"
2020-07-15,2020071501015111,SLBS,42,59,20,"1,045.00","20,900.00"
2020-07-15,2020071501015110,SLBS,49,59,10,"1,045.00","10,450.00"
2020-07-15,2020071501015109,SLBS,21,59,80,"1,050.00","84,000.00"
2020-07-15,2020071501015108,SLBS,45,59,78,"1,055.00","82,290.00"
2020-07-15,2020071501015107,SLBS,5,59,15,"1,060.00","15,900.00"
2020-07-15,2020071501014936,SLICL,34,58,20,450.00,"9,000.00"
2020-07-15,2020071501014935,SLICL,34,17,30,450.00,"13,500.00"
2020-07-15,2020071501015151,SPDL,49,38,137,98.00,"13,426.00"
2020-07-15,2020071501015150,SPDL,47,38,500,98.00,"49,000.00"
2020-07-15,2020071501015149,SPDL,13,38,200,98.00,"19,600.00"
2020-07-15,2020071501015148,SPDL,26,38,225,99.00,"22,275.00"
2020-07-15,2020071501015147,SPDL,56,38,100,99.00,"9,900.00"
2020-07-15,2020071501015208,SRBL,39,49,12,230.00,"2,760.00"
2020-07-15,2020071501015063,UIC,56,34,50,371.00,"18,550.00"
2020-07-15,2020071501014868,UIC,56,45,100,371.00,"37,100.00"
2020-07-15,2020071501015236,UPPER,25,50,172,233.00,"40,076.00"
2020-07-15,2020071501015235,UPPER,25,47,40,233.00,"9,320.00"
2020-07-15,2020071501015234,UPPER,25,11,40,233.00,"9,320.00"
2020-07-15,2020071501015233,UPPER,25,11,40,233.00,"9,320.00"
2020-07-15,2020071501015232,UPPER,25,11,40,233.00,"9,320.00"
2020-07-15,2020071501015231,UPPER,25,11,50,233.00,"11,650.00"
2020-07-15,2020071501015230,UPPER,25,8,50,233.00,"11,650.00"
2020-07-15,2020071501015229,UPPER,25,58,128,233.00,"29,824.00"
2020-07-15,2020071501015021,UPPER,22,25,400,233.00,"93,200.00"
2020-07-15,2020071501015261,VLBS,17,33,20,"1,020.00","20,400.00"
2020-07-15,2020071501015260,VLBS,40,33,50,"1,020.00","51,000.00"
2020-07-15,2020071501015157,VLBS,7,13,250,"1,021.00","255,250.00"
2020-07-15,2020071501014923,WOMI,28,53,200,"1,001.00","200,200.00"
2020-07-15,2020071501014702,ADBL,49,32,50,384.00,"19,200.00"
2020-07-15,2020071501014557,ADBL,49,48,22,384.00,"8,448.00"
2020-07-15,2020071501014556,ADBL,39,48,10,385.00,"3,850.00"
2020-07-15,2020071501014487,ADBL,49,22,20,384.00,"7,680.00"
2020-07-15,2020071501014838,AKJCL,26,45,10,49.00,490.00
2020-07-15,2020071501014835,ALICL,57,6,100,606.00,"60,600.00"
2020-07-15,2020071501014573,ALICL,56,58,50,609.00,"30,450.00"
2020-07-15,2020071501014837,API,14,44,618,106.00,"65,508.00"
2020-07-15,2020071501014836,API,25,44,382,106.00,"40,492.00"
2020-07-15,2020071501014631,API,25,44,618,106.00,"65,508.00"
2020-07-15,2020071501014630,API,58,44,382,106.00,"40,492.00"
2020-07-15,2020071501014604,API,25,44,50,107.00,"5,350.00"
2020-07-15,2020071501014516,BBC,22,6,100,"1,561.00","156,100.00"
2020-07-15,2020071501014715,BOKL,1,32,100,218.00,"21,800.00"
2020-07-15,2020071501014710,BOKL,1,13,347,218.00,"75,646.00"
2020-07-15,2020071501014595,BOKL,49,55,500,219.00,"109,500.00"
2020-07-15,2020071501014783,BPCL,25,45,10,360.00,"3,600.00"
2020-07-15,2020071501014782,BPCL,25,33,200,358.00,"71,600.00"
2020-07-15,2020071501014781,BPCL,25,53,10,357.00,"3,570.00"
2020-07-15,2020071501014858,CBBL,19,58,370,"1,100.00","407,000.00"
2020-07-15,2020071501014645,CBBL,52,58,30,"1,100.00","33,000.00"
2020-07-15,2020071501014448,CBBL,42,41,73,"1,100.00","80,300.00"
2020-07-15,2020071501014814,CBL,32,34,200,138.00,"27,600.00"
2020-07-15,2020071501014709,CBL,32,22,120,138.00,"16,560.00"
2020-07-15,2020071501014708,CBL,28,22,70,138.00,"9,660.00"
2020-07-15,2020071501014587,CBL,58,1,35,139.00,"4,865.00"
2020-07-15,2020071501014840,CCBL,25,48,200,166.00,"33,200.00"
2020-07-15,2020071501014737,CCBL,53,32,29,165.00,"4,785.00"
2020-07-15,2020071501014736,CCBL,34,32,71,165.00,"11,715.00"
2020-07-15,2020071501014661,CCBL,34,8,329,165.00,"54,285.00"
2020-07-15,2020071501014660,CCBL,34,8,100,165.00,"16,500.00"
2020-07-15,2020071501014659,CCBL,17,8,811,165.00,"133,815.00"
2020-07-15,2020071501014656,CFCL,43,45,"1,000",120.00,"120,000.00"
2020-07-15,2020071501014686,CHCL,25,45,50,398.00,"19,900.00"
2020-07-15,2020071501014685,CHCL,32,45,26,398.00,"10,348.00"
2020-07-15,2020071501014559,CHCL,32,56,74,398.00,"29,452.00"
2020-07-15,2020071501014534,CHCL,1,22,39,397.00,"15,483.00"
2020-07-15,2020071501014438,CHCL,1,56,200,397.00,"79,400.00"
2020-07-15,2020071501014847,CIT,54,58,26,"2,435.00","63,310.00"
2020-07-15,2020071501014846,CIT,35,58,50,"2,435.00","121,750.00"
2020-07-15,2020071501014845,CIT,32,58,24,"2,435.00","58,440.00"
2020-07-15,2020071501014670,CIT,14,49,24,"2,435.00","58,440.00"
2020-07-15,2020071501014578,CIT,45,7,20,"2,432.00","48,640.00"
2020-07-15,2020071501014409,CIT,17,7,30,"2,432.00","72,960.00"
2020-07-15,2020071501014764,CLBSL,38,44,260,767.00,"199,420.00"
2020-07-15,2020071501014555,CZBIL,47,37,201,187.00,"37,587.00"
2020-07-15,2020071501014449,CZBIL,49,52,150,186.00,"27,900.00"
2020-07-15,2020071501014856,DDBL,26,1,150,867.00,"130,050.00"
2020-07-15,2020071501014772,DDBL,26,42,16,867.00,"13,872.00"
2020-07-15,2020071501014714,EBL,44,45,50,674.00,"33,700.00"
2020-07-15,2020071501014666,EBL,45,13,20,670.00,"13,400.00"
2020-07-15,2020071501014665,EBL,35,13,100,670.00,"67,000.00"
2020-07-15,2020071501014637,EBL,58,45,80,674.00,"53,920.00"
2020-07-15,2020071501014369,EBL,58,52,20,674.00,"13,480.00"
2020-07-15,2020071501014405,EDBL,57,45,75,298.00,"22,350.00"
2020-07-15,2020071501014404,EDBL,17,45,20,299.00,"5,980.00"
2020-07-15,2020071501014403,EDBL,44,45,11,299.00,"3,289.00"
2020-07-15,2020071501014773,EIC,45,32,100,407.00,"40,700.00"
2020-07-15,2020071501014829,FMDBL,6,17,685,553.00,"378,805.00"
2020-07-15,2020071501014828,FMDBL,47,17,315,555.00,"174,825.00"
2020-07-15,2020071501014716,FMDBL,19,34,118,556.00,"65,608.00"
2020-07-15,2020071501014712,FMDBL,47,43,200,555.00,"111,000.00"
2020-07-15,2020071501014697,FMDBL,47,57,50,555.00,"27,750.00"
2020-07-15,2020071501014701,GBBL,42,43,100,221.00,"22,100.00"
2020-07-15,2020071501014549,GBBL,18,43,27,221.00,"5,967.00"
2020-07-15,2020071501014505,GBBL,18,43,973,221.00,"215,033.00"
2020-07-15,2020071501014504,GBBL,16,43,27,221.00,"5,967.00"
2020-07-15,2020071501014479,GBBL,16,43,973,221.00,"215,033.00"
2020-07-15,2020071501014478,GBBL,25,43,27,222.00,"5,994.00"
2020-07-15,2020071501014690,GBIME,6,16,455,241.00,"109,655.00"
2020-07-15,2020071501014675,GBIME,34,16,30,241.00,"7,230.00"
2020-07-15,2020071501014548,GBIME,42,16,15,241.00,"3,615.00"
2020-07-15,2020071501014485,GBIME,42,1,10,241.00,"2,410.00"
2020-07-15,2020071501014649,GGBSL,14,56,15,902.00,"13,530.00"
2020-07-15,2020071501014648,GGBSL,38,56,10,906.00,"9,060.00"
2020-07-15,2020071501014510,GGBSL,38,38,10,906.00,"9,060.00"
2020-07-15,2020071501014414,GGBSL,38,38,10,906.00,"9,060.00"
2020-07-15,2020071501014800,GLBSL,48,29,13,805.00,"10,465.00"
2020-07-15,2020071501014673,GLBSL,48,38,10,805.00,"8,050.00"
2020-07-15,2020071501014459,GLBSL,48,17,10,805.00,"8,050.00"
2020-07-15,2020071501014839,GLICL,38,35,20,465.00,"9,300.00"
2020-07-15,2020071501014825,GLICL,38,6,22,465.00,"10,230.00"
2020-07-15,2020071501014824,GLICL,32,6,50,465.00,"23,250.00"
2020-07-15,2020071501014823,GLICL,59,6,100,466.00,"46,600.00"
2020-07-15,2020071501014822,GLICL,32,6,50,466.00,"23,300.00"
2020-07-15,2020071501014821,GLICL,5,6,200,466.00,"93,200.00"
2020-07-15,2020071501014820,GLICL,51,6,50,467.00,"23,350.00"
2020-07-15,2020071501014808,GLICL,51,32,50,467.00,"23,350.00"
2020-07-15,2020071501014704,GLICL,59,6,85,468.00,"39,780.00"
2020-07-15,2020071501014703,GLICL,59,34,15,468.00,"7,020.00"
2020-07-15,2020071501014680,GLICL,33,34,85,468.00,"39,780.00"
2020-07-15,2020071501014843,GMFIL,34,43,20,125.00,"2,500.00"
2020-07-15,2020071501014816,HBL,58,19,36,540.00,"19,440.00"
2020-07-15,2020071501014815,HBL,58,32,14,539.00,"7,546.00"
2020-07-15,2020071501014402,HBL,58,33,250,531.00,"132,750.00"
2020-07-15,2020071501014401,HBL,41,33,50,531.00,"26,550.00"
2020-07-15,2020071501014400,HBL,45,33,300,532.00,"159,600.00"
2020-07-15,2020071501014579,HDHPC,5,48,40,104.00,"4,160.00"
2020-07-15,2020071501014852,HDL,14,6,50,"1,596.00","79,800.00"
2020-07-15,2020071501014802,HDL,50,33,110,"1,597.00","175,670.00"
2020-07-15,2020071501014669,HDL,50,57,90,"1,598.00","143,820.00"
2020-07-15,2020071501014615,HDL,22,57,10,"1,598.00","15,980.00"
2020-07-15,2020071501014532,HDL,39,34,50,"1,600.00","80,000.00"
2020-07-15,2020071501014531,HDL,39,34,10,"1,600.00","16,000.00"
2020-07-15,2020071501014470,HDL,39,6,40,"1,600.00","64,000.00"
2020-07-15,2020071501014469,HDL,17,6,50,"1,600.00","80,000.00"
2020-07-15,2020071501014468,HDL,33,6,60,"1,601.00","96,060.00"
2020-07-15,2020071501014430,HDL,33,53,100,"1,601.00","160,100.00"
2020-07-15,2020071501014513,HIDCL,47,10,19,133.00,"2,527.00"
2020-07-15,2020071501014512,HIDCL,47,14,61,133.00,"8,113.00"
2020-07-15,2020071501014511,HIDCL,47,45,907,133.00,"120,631.00"
2020-07-15,2020071501014483,HIDCL,33,52,31,132.00,"4,092.00"
2020-07-15,2020071501014706,HPPL,5,52,100,132.00,"13,200.00"
2020-07-15,2020071501014671,HURJA,33,35,20,87.00,"1,740.00"
2020-07-15,2020071501014424,HURJA,33,35,20,87.00,"1,740.00"
2020-07-15,2020071501014586,IGI,8,45,100,439.00,"43,900.00"
2020-07-15,2020071501014533,ILBS,55,6,100,820.00,"82,000.00"
2020-07-15,2020071501014484,ILBS,55,49,21,817.00,"17,157.00"
2020-07-15,2020071501014458,ILBS,58,21,11,810.00,"8,910.00"
2020-07-15,2020071501014378,ILBS,8,49,179,817.00,"146,243.00"
2020-07-15,2020071501014377,ILBS,8,49,21,816.00,"17,136.00"
2020-07-15,2020071501014563,JBBL,54,40,50,165.00,"8,250.00"
2020-07-15,2020071501014530,JBBL,19,13,715,162.00,"115,830.00"
2020-07-15,2020071501014529,JBBL,51,13,10,162.00,"1,620.00"
2020-07-15,2020071501014528,JBBL,33,13,"1,000",162.00,"162,000.00"
2020-07-15,2020071501014527,JBBL,51,13,100,162.00,"16,200.00"
2020-07-15,2020071501014526,JBBL,10,13,100,162.00,"16,200.00"
2020-07-15,2020071501014519,JBBL,32,13,50,163.00,"8,150.00"
2020-07-15,2020071501014518,JBBL,40,13,489,163.00,"79,707.00"
2020-07-15,2020071501014525,JBBL,42,13,100,162.00,"16,200.00"
2020-07-15,2020071501014524,JBBL,14,13,350,163.00,"57,050.00"
2020-07-15,2020071501014523,JBBL,42,13,500,163.00,"81,500.00"
2020-07-15,2020071501014522,JBBL,57,13,100,163.00,"16,300.00"
2020-07-15,2020071501014521,JBBL,6,13,100,163.00,"16,300.00"
2020-07-15,2020071501014520,JBBL,22,13,50,163.00,"8,150.00"
2020-07-15,2020071501014851,JOSHI,22,45,10,50.00,500.00
2020-07-15,2020071501014850,JOSHI,37,45,10,50.00,500.00
2020-07-15,2020071501014598,JSLBB,1,56,15,"1,675.00","25,125.00"
2020-07-15,2020071501014597,JSLBB,1,37,10,"1,670.00","16,700.00"
2020-07-15,2020071501014412,JSLBB,21,37,10,"1,670.00","16,700.00"
2020-07-15,2020071501014857,KBL,35,45,220,187.00,"41,140.00"
2020-07-15,2020071501014740,KKHC,54,22,100,50.00,"5,000.00"
2020-07-15,2020071501014739,KKHC,37,22,50,50.00,"2,500.00"
2020-07-15,2020071501014738,KKHC,35,22,100,50.00,"5,000.00"
2020-07-15,2020071501014762,KMCDB,33,13,10,815.00,"8,150.00"
2020-07-15,2020071501014734,KMCDB,47,35,10,808.00,"8,080.00"
2020-07-15,2020071501014688,KMCDB,33,41,10,814.00,"8,140.00"
2020-07-15,2020071501014651,KMCDB,49,38,10,808.00,"8,080.00"
2020-07-15,2020071501014450,KMCDB,49,21,10,808.00,"8,080.00"
2020-07-15,2020071501014406,KMCDB,49,38,10,808.00,"8,080.00"
2020-07-15,2020071501014552,KPCL,38,34,20,103.00,"2,060.00"
2020-07-15,2020071501014551,KPCL,45,34,160,103.00,"16,480.00"
2020-07-15,2020071501014550,KPCL,37,34,740,104.00,"76,960.00"
2020-07-15,2020071501014683,LBL,38,55,"1,000",208.00,"208,000.00"
2020-07-15,2020071501014582,LBL,38,55,952,209.00,"198,968.00"
2020-07-15,2020071501014560,LBL,38,55,690,208.00,"143,520.00"
2020-07-15,2020071501014547,LBL,51,55,100,208.00,"20,800.00"
2020-07-15,2020071501014546,LBL,25,55,"1,000",208.00,"208,000.00"
2020-07-15,2020071501014545,LBL,33,55,200,208.00,"41,600.00"
2020-07-15,2020071501014440,LBL,34,55,399,209.00,"83,391.00"
2020-07-15,2020071501014488,LBL,13,55,200,209.00,"41,800.00"
2020-07-15,2020071501014475,LBL,45,55,20,209.00,"4,180.00"
2020-07-15,2020071501014456,LBL,14,55,500,209.00,"104,500.00"
2020-07-15,2020071501014443,LBL,52,55,54,209.00,"11,286.00"
2020-07-15,2020071501014442,LBL,6,55,300,209.00,"62,700.00"
2020-07-15,2020071501014441,LBL,32,55,500,209.00,"104,500.00"
2020-07-15,2020071501014544,LBL,6,55,10,208.00,"2,080.00"
2020-07-15,2020071501014543,LBL,38,55,100,208.00,"20,800.00"
2020-07-15,2020071501014542,LBL,51,55,300,208.00,"62,400.00"
2020-07-15,2020071501014541,LBL,19,55,500,208.00,"104,000.00"
2020-07-15,2020071501014540,LBL,43,55,100,208.00,"20,800.00"
2020-07-15,2020071501014489,LBL,34,55,75,209.00,"15,675.00"
2020-07-15,2020071501014803,LGIL,34,17,114,454.00,"51,756.00"
2020-07-15,2020071501014721,LGIL,32,17,200,454.00,"90,800.00"
2020-07-15,2020071501014720,LGIL,33,17,36,454.00,"16,344.00"
2020-07-15,2020071501014719,LGIL,44,17,50,455.00,"22,750.00"
2020-07-15,2020071501014689,LGIL,34,46,68,456.00,"31,008.00"
2020-07-15,2020071501014609,LICN,29,17,50,"1,330.00","66,500.00"
2020-07-15,2020071501014608,LICN,45,17,100,"1,331.00","133,100.00"
2020-07-15,2020071501014607,LICN,33,17,500,"1,332.00","666,000.00"
2020-07-15,2020071501014606,LICN,33,17,300,"1,333.00","399,900.00"
2020-07-15,2020071501014605,LICN,6,17,50,"1,335.00","66,750.00"
2020-07-15,2020071501014476,LICN,26,57,100,"1,340.00","134,000.00"
2020-07-15,2020071501014724,MEGA,39,44,145,207.00,"30,015.00"
2020-07-15,2020071501014723,MEGA,14,44,13,207.00,"2,691.00"
2020-07-15,2020071501014722,MEGA,4,44,333,207.00,"68,931.00"
2020-07-15,2020071501014796,MERO,56,20,10,675.00,"6,750.00"
2020-07-15,2020071501014612,MERO,34,53,10,670.00,"6,700.00"
2020-07-15,2020071501014611,MERO,6,53,190,673.00,"127,870.00"
2020-07-15,2020071501014833,MFIL,6,18,500,301.00,"150,500.00"
2020-07-15,2020071501014429,MLBBL,49,55,25,814.00,"20,350.00"
2020-07-15,2020071501014428,MLBBL,45,55,50,814.00,"40,700.00"
2020-07-15,2020071501014774,MNBBL,1,13,100,310.00,"31,000.00"
2020-07-15,2020071501014654,MNBBL,25,17,400,312.00,"124,800.00"
2020-07-15,2020071501014653,MNBBL,25,45,100,311.00,"31,100.00"
2020-07-15,2020071501014664,MPFL,32,52,10,111.00,"1,110.00"
2020-07-15,2020071501014760,NABIL,44,43,62,762.00,"47,244.00"
2020-07-15,2020071501014751,NABIL,44,25,15,763.00,"11,445.00"
2020-07-15,2020071501014431,NABIL,44,29,100,765.00,"76,500.00"
2020-07-15,2020071501014374,NABIL,44,52,50,763.00,"38,150.00"
2020-07-15,2020071501014373,NABIL,44,50,169,763.00,"128,947.00"
2020-07-15,2020071501014372,NABIL,44,53,500,760.00,"380,000.00"
2020-07-15,2020071501014371,NABIL,44,54,24,758.00,"18,192.00"
2020-07-15,2020071501014370,NABIL,44,58,42,757.00,"31,794.00"
2020-07-15,2020071501014726,NADEP,49,41,11,680.00,"7,480.00"
2020-07-15,2020071501014628,NBB,44,47,56,200.00,"11,200.00"
2020-07-15,2020071501014627,NBB,44,7,"3,000",200.00,"600,000.00"
2020-07-15,2020071501014626,NBB,44,46,200,200.00,"40,000.00"
2020-07-15,2020071501014625,NBB,44,14,350,200.00,"70,000.00"
2020-07-15,2020071501014618,NBB,44,55,895,200.00,"179,000.00"
2020-07-15,2020071501014515,NBB,1,13,340,199.00,"67,660.00"
2020-07-15,2020071501014507,NBB,44,13,160,199.00,"31,840.00"
2020-07-15,2020071501014624,NBB,44,44,"1,000",200.00,"200,000.00"
2020-07-15,2020071501014623,NBB,44,35,200,200.00,"40,000.00"
2020-07-15,2020071501014622,NBB,44,6,500,200.00,"100,000.00"
2020-07-15,2020071501014621,NBB,44,5,814,200.00,"162,800.00"
2020-07-15,2020071501014620,NBB,44,55,"1,000",200.00,"200,000.00"
2020-07-15,2020071501014619,NBB,44,55,"1,000",200.00,"200,000.00"
2020-07-15,2020071501014616,NBF2,39,56,"1,500",9.43,"14,145.00"
2020-07-15,2020071501014562,NBF2,43,56,"2,000",9.38,"18,760.00"
2020-07-15,2020071501014761,NBL,33,43,20,247.00,"4,940.00"
2020-07-15,2020071501014698,NBL,43,43,500,246.00,"123,000.00"
2020-07-15,2020071501014679,NBL,33,33,200,247.00,"49,400.00"
2020-07-15,2020071501014678,NBL,33,44,"2,000",247.00,"494,000.00"
2020-07-15,2020071501014677,NBL,33,47,100,247.00,"24,700.00"
2020-07-15,2020071501014676,NBL,33,28,547,247.00,"135,109.00"
2020-07-15,2020071501014436,NBL,25,5,100,245.00,"24,500.00"
2020-07-15,2020071501014435,NBL,34,5,36,245.00,"8,820.00"
2020-07-15,2020071501014434,NBL,17,5,200,245.00,"49,000.00"
2020-07-15,2020071501014433,NBL,33,5,"1,000",245.00,"245,000.00"
2020-07-15,2020071501014432,NBL,57,5,48,245.00,"11,760.00"
2020-07-15,2020071501014425,NBL,16,44,"1,000",246.00,"246,000.00"
2020-07-15,2020071501014641,NBL,44,28,200,247.00,"49,400.00"
2020-07-15,2020071501014640,NBL,44,13,300,246.00,"73,800.00"
2020-07-15,2020071501014617,NBL,33,21,800,245.00,"196,000.00"
2020-07-15,2020071501014514,NBL,33,28,30,247.00,"7,410.00"
2020-07-15,2020071501014451,NBL,25,44,100,246.00,"24,600.00"
2020-07-15,2020071501014437,NBL,33,5,116,245.00,"28,420.00"
2020-07-15,2020071501014844,NCCB,17,46,200,185.00,"37,000.00"
2020-07-15,2020071501014730,NCCB,58,46,100,185.00,"18,500.00"
2020-07-15,2020071501014725,NCCB,34,1,200,185.00,"37,000.00"
2020-07-15,2020071501014699,NCCB,58,21,350,184.00,"64,400.00"
2020-07-15,2020071501014658,NCCB,58,57,89,184.00,"16,376.00"
2020-07-15,2020071501014577,NCCB,58,57,110,184.00,"20,240.00"
2020-07-15,2020071501014561,NCCB,58,49,500,184.00,"92,000.00"
2020-07-15,2020071501014506,NCCB,58,57,390,184.00,"71,760.00"
2020-07-15,2020071501014834,NGPL,45,37,"1,000",117.00,"117,000.00"
2020-07-15,2020071501014480,NGPL,22,37,100,117.00,"11,700.00"
2020-07-15,2020071501014854,NIB,14,45,107,433.00,"46,331.00"
2020-07-15,2020071501014778,NIB,33,49,25,434.00,"10,850.00"
2020-07-15,2020071501014756,NIB,57,49,60,434.00,"26,040.00"
2020-07-15,2020071501014643,NIB,14,34,49,433.00,"21,217.00"
2020-07-15,2020071501014636,NIB,14,46,346,433.00,"149,818.00"
2020-07-15,2020071501014585,NIB,14,56,11,433.00,"4,763.00"
2020-07-15,2020071501014564,NIB,53,17,11,432.00,"4,752.00"
2020-07-15,2020071501014584,NIB,14,14,487,433.00,"210,871.00"
2020-07-15,2020071501014569,NIB,16,17,13,432.00,"5,616.00"
2020-07-15,2020071501014568,NIB,46,17,100,432.00,"43,200.00"
2020-07-15,2020071501014567,NIB,41,17,500,432.00,"216,000.00"
2020-07-15,2020071501014566,NIB,51,17,14,432.00,"6,048.00"
2020-07-15,2020071501014565,NIB,58,17,62,432.00,"26,784.00"
2020-07-15,2020071501014744,NIBPO,44,3,100,360.00,"36,000.00"
2020-07-15,2020071501014743,NIBPO,44,55,44,360.00,"15,840.00"
2020-07-15,2020071501014779,NICA,38,11,100,551.00,"55,100.00"
2020-07-15,2020071501014696,NICA,58,52,81,552.00,"44,712.00"
2020-07-15,2020071501014695,NICA,58,13,200,552.00,"110,400.00"
2020-07-15,2020071501014694,NICA,58,22,20,552.00,"11,040.00"
2020-07-15,2020071501014693,NICA,58,25,103,552.00,"56,856.00"
2020-07-15,2020071501014692,NICA,58,22,300,551.00,"165,300.00"
2020-07-15,2020071501014408,NICA,59,17,489,550.00,"268,950.00"
2020-07-15,2020071501014407,NICA,34,17,11,550.00,"6,050.00"
2020-07-15,2020071501014391,NICA,57,57,418,551.00,"230,318.00"
2020-07-15,2020071501014390,NICA,57,28,900,551.00,"495,900.00"
2020-07-15,2020071501014389,NICA,57,14,100,551.00,"55,100.00"
2020-07-15,2020071501014388,NICA,57,14,100,551.00,"55,100.00"
2020-07-15,2020071501014691,NICA,58,28,296,551.00,"163,096.00"
2020-07-15,2020071501014663,NICA,45,28,50,551.00,"27,550.00"
2020-07-15,2020071501014581,NICA,59,55,50,550.00,"27,500.00"
2020-07-15,2020071501014576,NICA,56,28,20,551.00,"11,020.00"
2020-07-15,2020071501014494,NICA,41,28,134,551.00,"73,834.00"
2020-07-15,2020071501014444,NICA,59,32,30,550.00,"16,500.00"
2020-07-15,2020071501014393,NICL,49,52,50,441.00,"22,050.00"
2020-07-15,2020071501014392,NICL,36,52,50,442.00,"22,100.00"
2020-07-15,2020071501014799,NIL,32,43,168,600.00,"100,800.00"
2020-07-15,2020071501014798,NIL,32,28,132,600.00,"79,200.00"
2020-07-15,2020071501014790,NIL,13,28,100,600.00,"60,000.00"
2020-07-15,2020071501014789,NIL,32,28,50,600.00,"30,000.00"
2020-07-15,2020071501014788,NIL,49,28,500,600.00,"300,000.00"
2020-07-15,2020071501014787,NIL,44,28,100,601.00,"60,100.00"
2020-07-15,2020071501014786,NIL,52,28,200,601.00,"120,200.00"
2020-07-15,2020071501014785,NIL,32,28,100,601.00,"60,100.00"
2020-07-15,2020071501014784,NIL,33,28,68,602.00,"40,936.00"
2020-07-15,2020071501014508,NIL,33,46,57,602.00,"34,314.00"
2020-07-15,2020071501014770,NLG,43,37,100,650.00,"65,000.00"
2020-07-15,2020071501014769,NLG,43,43,650,649.00,"421,850.00"
2020-07-15,2020071501014768,NLG,43,57,80,645.00,"51,600.00"
2020-07-15,2020071501014767,NLG,43,28,77,645.00,"49,665.00"
2020-07-15,2020071501014766,NLG,43,42,50,645.00,"32,250.00"
2020-07-15,2020071501014765,NLG,43,6,100,644.00,"64,400.00"
2020-07-15,2020071501014427,NLG,45,25,33,640.00,"21,120.00"
2020-07-15,2020071501014813,NLIC,6,6,22,"1,262.00","27,764.00"
2020-07-15,2020071501014812,NLIC,6,6,22,"1,262.00","27,764.00"
2020-07-15,2020071501014811,NLIC,6,6,22,"1,262.00","27,764.00"
2020-07-15,2020071501014810,NLIC,6,6,22,"1,262.00","27,764.00"
2020-07-15,2020071501014809,NLIC,6,6,22,"1,262.00","27,764.00"
2020-07-15,2020071501014682,NLIC,48,26,85,"1,263.00","107,355.00"
2020-07-15,2020071501014681,NLIC,48,14,15,"1,263.00","18,945.00"
2020-07-15,2020071501014575,NLIC,52,52,25,"1,260.00","31,500.00"
2020-07-15,2020071501014467,NLIC,8,14,100,"1,263.00","126,300.00"
2020-07-15,2020071501014745,NMB,51,5,300,397.00,"119,100.00"
2020-07-15,2020071501014657,NMB,37,44,100,398.00,"39,800.00"
2020-07-15,2020071501014632,NMB,1,44,100,398.00,"39,800.00"
2020-07-15,2020071501014594,NMB,51,37,390,397.00,"154,830.00"
2020-07-15,2020071501014593,NMB,25,37,100,397.00,"39,700.00"
2020-07-15,2020071501014592,NMB,46,37,10,397.00,"3,970.00"
2020-07-15,2020071501014397,NMB,55,44,100,398.00,"39,800.00"
2020-07-15,2020071501014795,NMBMF,49,4,390,810.00,"315,900.00"
2020-07-15,2020071501014794,NMBMF,49,21,37,809.00,"29,933.00"
2020-07-15,2020071501014793,NMBMF,49,43,40,809.00,"32,360.00"
2020-07-15,2020071501014558,NMBMF,43,21,99,806.00,"79,794.00"
2020-07-15,2020071501014498,NMBMF,43,21,101,806.00,"81,406.00"
2020-07-15,2020071501014849,NRIC,33,21,40,504.00,"20,160.00"
2020-07-15,2020071501014842,NRIC,33,56,25,504.00,"12,600.00"
2020-07-15,2020071501014831,NRIC,33,21,40,504.00,"20,160.00"
2020-07-15,2020071501014827,NRIC,33,57,40,505.00,"20,200.00"
2020-07-15,2020071501014826,NRIC,33,4,20,505.00,"10,100.00"
2020-07-15,2020071501014807,NRIC,33,16,10,504.00,"5,040.00"
2020-07-15,2020071501014361,NRIC,38,6,100,504.00,"50,400.00"
2020-07-15,2020071501014360,NRIC,49,6,930,504.00,"468,720.00"
2020-07-15,2020071501014359,NRIC,32,6,500,504.00,"252,000.00"
2020-07-15,2020071501014367,NRIC,13,6,100,504.00,"50,400.00"
2020-07-15,2020071501014366,NRIC,41,6,100,504.00,"50,400.00"
2020-07-15,2020071501014365,NRIC,57,6,150,504.00,"75,600.00"
2020-07-15,2020071501014364,NRIC,57,6,50,504.00,"25,200.00"
2020-07-15,2020071501014363,NRIC,57,6,100,504.00,"50,400.00"
2020-07-15,2020071501014362,NRIC,56,6,300,504.00,"151,200.00"
2020-07-15,2020071501014416,NRIC,41,21,10,504.00,"5,040.00"
2020-07-15,2020071501014399,NRIC,41,44,40,504.00,"20,160.00"
2020-07-15,2020071501014394,NRIC,41,56,40,504.00,"20,160.00"
2020-07-15,2020071501014386,NRIC,41,26,40,504.00,"20,160.00"
2020-07-15,2020071501014385,NRIC,49,4,50,505.00,"25,250.00"
2020-07-15,2020071501014368,NRIC,41,6,670,504.00,"337,680.00"
2020-07-15,2020071501014446,NRIC,49,16,40,504.00,"20,160.00"
2020-07-15,2020071501014421,NRIC,49,6,40,504.00,"20,160.00"
2020-07-15,2020071501014420,NRIC,49,38,20,504.00,"10,080.00"
2020-07-15,2020071501014419,NRIC,21,38,30,504.00,"15,120.00"
2020-07-15,2020071501014418,NRIC,21,32,40,504.00,"20,160.00"
2020-07-15,2020071501014417,NRIC,21,21,30,504.00,"15,120.00"
2020-07-15,2020071501014491,NRIC,11,1,30,504.00,"15,120.00"
2020-07-15,2020071501014490,NRIC,21,16,40,503.00,"20,120.00"
2020-07-15,2020071501014477,NRIC,21,35,10,503.00,"5,030.00"
2020-07-15,2020071501014474,NRIC,21,16,50,503.00,"25,150.00"
2020-07-15,2020071501014452,NRIC,49,1,60,504.00,"30,240.00"
2020-07-15,2020071501014447,NRIC,49,20,40,504.00,"20,160.00"
2020-07-15,2020071501014503,NRIC,21,44,40,503.00,"20,120.00"
2020-07-15,2020071501014502,NRIC,17,4,200,505.00,"101,000.00"
2020-07-15,2020071501014501,NRIC,17,32,40,504.00,"20,160.00"
2020-07-15,2020071501014500,NRIC,17,32,50,504.00,"25,200.00"
2020-07-15,2020071501014499,NRIC,17,1,10,504.00,"5,040.00"
2020-07-15,2020071501014497,NRIC,21,32,40,503.00,"20,120.00"
2020-07-15,2020071501014599,NRIC,49,57,15,504.00,"7,560.00"
2020-07-15,2020071501014596,NRIC,21,44,40,503.00,"20,120.00"
2020-07-15,2020071501014589,NRIC,21,32,40,503.00,"20,120.00"
2020-07-15,2020071501014572,NRIC,42,57,25,504.00,"12,600.00"
2020-07-15,2020071501014571,NRIC,42,36,40,504.00,"20,160.00"
2020-07-15,2020071501014509,NRIC,21,20,40,503.00,"20,120.00"
2020-07-15,2020071501014634,NRIC,49,20,40,504.00,"20,160.00"
2020-07-15,2020071501014633,NRIC,49,16,50,504.00,"25,200.00"
2020-07-15,2020071501014603,NRIC,49,40,40,504.00,"20,160.00"
2020-07-15,2020071501014602,NRIC,49,20,10,504.00,"5,040.00"
2020-07-15,2020071501014601,NRIC,49,16,40,504.00,"20,160.00"
2020-07-15,2020071501014600,NRIC,49,16,40,504.00,"20,160.00"
2020-07-15,2020071501014667,NRIC,49,6,990,504.00,"498,960.00"
2020-07-15,2020071501014652,NRIC,49,20,50,504.00,"25,200.00"
2020-07-15,2020071501014650,NRIC,49,16,40,504.00,"20,160.00"
2020-07-15,2020071501014644,NRIC,49,6,40,504.00,"20,160.00"
2020-07-15,2020071501014642,NRIC,49,39,40,504.00,"20,160.00"
2020-07-15,2020071501014638,NRIC,49,38,40,504.00,"20,160.00"
2020-07-15,2020071501014728,NRIC,6,4,500,505.00,"252,500.00"
2020-07-15,2020071501014707,NRIC,49,32,40,504.00,"20,160.00"
2020-07-15,2020071501014687,NRIC,49,47,40,504.00,"20,160.00"
2020-07-15,2020071501014684,NRIC,49,7,50,504.00,"25,200.00"
2020-07-15,2020071501014674,NRIC,49,39,40,504.00,"20,160.00"
2020-07-15,2020071501014668,NRIC,49,6,10,504.00,"5,040.00"
2020-07-15,2020071501014755,NRIC,33,6,15,504.00,"7,560.00"
2020-07-15,2020071501014754,NRIC,49,6,95,504.00,"47,880.00"
2020-07-15,2020071501014742,NRIC,49,21,10,504.00,"5,040.00"
2020-07-15,2020071501014741,NRIC,49,41,180,504.00,"90,720.00"
2020-07-15,2020071501014735,NRIC,49,38,50,504.00,"25,200.00"
2020-07-15,2020071501014729,NRIC,49,16,40,504.00,"20,160.00"
2020-07-15,2020071501014806,NRIC,49,16,30,504.00,"15,120.00"
2020-07-15,2020071501014777,NRIC,49,21,40,504.00,"20,160.00"
2020-07-15,2020071501014771,NRIC,49,35,30,504.00,"15,120.00"
2020-07-15,2020071501014763,NRIC,50,35,20,504.00,"10,080.00"
2020-07-15,2020071501014759,NRIC,50,16,40,504.00,"20,160.00"
2020-07-15,2020071501014757,NRIC,50,49,40,504.00,"20,160.00"
2020-07-15,2020071501014776,NTC,58,43,10,651.00,"6,510.00"
2020-07-15,2020071501014775,NTC,58,6,140,650.00,"91,000.00"
2020-07-15,2020071501014461,NTC,11,19,50,648.00,"32,400.00"
2020-07-15,2020071501014460,NTC,52,19,50,648.00,"32,400.00"
2020-07-15,2020071501014797,NUBL,55,56,50,"1,020.00","51,000.00"
2020-07-15,2020071501014711,NUBL,55,56,20,"1,020.00","20,400.00"
2020-07-15,2020071501014700,NUBL,53,56,50,"1,020.00","51,000.00"
2020-07-15,2020071501014832,PCBL,19,39,348,255.00,"88,740.00"
2020-07-15,2020071501014672,PCBL,45,4,400,254.00,"101,600.00"
2020-07-15,2020071501014841,PFL,56,6,10,146.00,"1,460.00"
2020-07-15,2020071501014718,PFL,56,6,10,146.00,"1,460.00"
2020-07-15,2020071501014801,PIC,46,56,50,616.00,"30,800.00"
2020-07-15,2020071501014591,PMHPL,13,38,10,71.00,710.00
2020-07-15,2020071501014830,PPCL,32,35,30,109.00,"3,270.00"
2020-07-15,2020071501014727,PPCL,32,17,850,110.00,"93,500.00"
2020-07-15,2020071501014705,PPCL,38,17,140,110.00,"15,400.00"
2020-07-15,2020071501014495,PPCL,38,35,30,110.00,"3,300.00"
2020-07-15,2020071501014614,PRIN,48,17,139,473.00,"65,747.00"
2020-07-15,2020071501014749,PRVU,37,34,"1,000",229.00,"229,000.00"
2020-07-15,2020071501014713,RHPC,47,13,18,84.00,"1,512.00"
2020-07-15,2020071501014426,RHPC,39,4,10,84.00,840.00
2020-07-15,2020071501014848,RHPL,33,35,40,150.00,"6,000.00"
2020-07-15,2020071501014583,RHPL,33,35,30,150.00,"4,500.00"
2020-07-15,2020071501014570,RHPL,33,38,40,150.00,"6,000.00"
2020-07-15,2020071501014553,RHPL,33,39,"1,500",150.00,"225,000.00"
2020-07-15,2020071501014398,RHPL,33,26,40,150.00,"6,000.00"
2020-07-15,2020071501014554,RRHP,19,38,10,89.00,890.00
2020-07-15,2020071501014758,RSDC,56,17,20,544.00,"10,880.00"
2020-07-15,2020071501014466,RSDC,34,43,193,542.00,"104,606.00"
2020-07-15,2020071501014465,RSDC,42,43,236,543.00,"128,148.00"
2020-07-15,2020071501014464,RSDC,39,43,50,544.00,"27,200.00"
2020-07-15,2020071501014463,RSDC,6,43,21,545.00,"11,445.00"
2020-07-15,2020071501014462,RSDC,6,25,29,545.00,"15,805.00"
2020-07-15,2020071501014413,RSDC,39,1,50,544.00,"27,200.00"
2020-07-15,2020071501014395,RSDC,39,1,100,544.00,"54,400.00"
2020-07-15,2020071501014387,RSDC,42,34,42,543.00,"22,806.00"
2020-07-15,2020071501014482,SABSL,57,6,90,838.00,"75,420.00"
2020-07-15,2020071501014481,SABSL,57,33,11,838.00,"9,218.00"
2020-07-15,2020071501014610,SANIMA,35,34,38,331.00,"12,578.00"
2020-07-15,2020071501014457,SANIMA,22,19,30,332.00,"9,960.00"
2020-07-15,2020071501014396,SANIMA,22,40,100,332.00,"33,200.00"
2020-07-15,2020071501014574,SAPDBL,37,6,150,120.00,"18,000.00"
2020-07-15,2020071501014753,SBI,57,6,131,430.00,"56,330.00"
2020-07-15,2020071501014752,SBI,43,6,19,431.00,"8,189.00"
2020-07-15,2020071501014662,SBI,57,57,125,430.00,"53,750.00"
2020-07-15,2020071501014635,SBI,53,38,70,434.00,"30,380.00"
2020-07-15,2020071501014473,SBI,53,34,150,434.00,"65,100.00"
2020-07-15,2020071501014805,SHIVM,46,1,50,596.00,"29,800.00"
2020-07-15,2020071501014804,SHIVM,46,47,50,596.00,"29,800.00"
2020-07-15,2020071501014455,SHIVM,5,6,196,595.00,"116,620.00"
2020-07-15,2020071501014639,SHL,7,45,100,154.00,"15,400.00"
2020-07-15,2020071501014717,SHPC,28,57,300,223.00,"66,900.00"
2020-07-15,2020071501014486,SHPC,28,52,73,223.00,"16,279.00"
2020-07-15,2020071501014384,SIC,42,28,20,700.00,"14,000.00"
2020-07-15,2020071501014383,SIC,42,49,17,700.00,"11,900.00"
2020-07-15,2020071501014382,SIC,42,49,80,700.00,"56,000.00"
2020-07-15,2020071501014381,SIC,42,6,25,700.00,"17,500.00"
2020-07-15,2020071501014380,SIC,42,36,180,699.00,"125,820.00"
2020-07-15,2020071501014379,SIC,42,36,420,695.00,"291,900.00"
2020-07-15,2020071501014855,SICL,32,46,100,"1,010.00","101,000.00"
2020-07-15,2020071501014472,SIFC,38,45,100,159.00,"15,900.00"
2020-07-15,2020071501014471,SIFC,14,45,100,159.00,"15,900.00"
2020-07-15,2020071501014819,SIL,48,36,355,580.00,"205,900.00"
2020-07-15,2020071501014818,SIL,48,45,50,580.00,"29,000.00"
2020-07-15,2020071501014817,SIL,48,42,95,580.00,"55,100.00"
2020-07-15,2020071501014733,SIL,44,25,151,576.00,"86,976.00"
2020-07-15,2020071501014732,SIL,13,25,100,577.00,"57,700.00"
2020-07-15,2020071501014731,SIL,8,25,11,578.00,"6,358.00"
2020-07-15,2020071501014493,SIL,8,25,89,578.00,"51,442.00"
2020-07-15,2020071501014492,SIL,44,25,151,578.00,"87,278.00"
2020-07-15,2020071501014647,SJCL,26,11,10,135.00,"1,350.00"
2020-07-15,2020071501014646,SJCL,52,11,10,135.00,"1,350.00"
2020-07-15,2020071501014613,SJCL,52,35,20,135.00,"2,700.00"
2020-07-15,2020071501014517,SJCL,52,38,20,135.00,"2,700.00"
2020-07-15,2020071501014415,SJCL,38,26,20,135.00,"2,700.00"
2020-07-15,2020071501014655,SKBBL,8,43,50,"1,300.00","65,000.00"
2020-07-15,2020071501014629,SKBBL,45,6,500,"1,293.00","646,500.00"
2020-07-15,2020071501014454,SLBBL,57,46,100,934.00,"93,400.00"
2020-07-15,2020071501014453,SLBBL,57,44,94,930.00,"87,420.00"
2020-07-15,2020071501014445,SLBBL,28,50,100,923.00,"92,300.00"
2020-07-15,2020071501014748,SLBS,5,56,37,"1,060.00","39,220.00"
2020-07-15,2020071501014747,SLBS,5,40,11,"1,059.00","11,649.00"
2020-07-15,2020071501014746,SLBS,5,47,37,"1,058.00","39,146.00"
2020-07-15,2020071501014588,SLBS,45,42,22,"1,055.00","23,210.00"
2020-07-15,2020071501014439,SLBS,26,42,30,"1,055.00","31,650.00"
2020-07-15,2020071501014780,SLICL,34,36,450,449.00,"202,050.00"
2020-07-15,2020071501014411,SLICL,40,6,100,449.00,"44,900.00"
2020-07-15,2020071501014410,SLICL,40,52,350,449.00,"157,150.00"
2020-07-15,2020071501014423,SPDL,26,45,75,99.00,"7,425.00"
2020-07-15,2020071501014422,SPDL,1,45,425,99.00,"42,075.00"
2020-07-15,2020071501014792,SRBL,39,13,816,230.00,"187,680.00"
2020-07-15,2020071501014791,SRBL,18,13,446,230.00,"102,580.00"
2020-07-15,2020071501014590,SRBL,18,22,19,230.00,"4,370.00"
2020-07-15,2020071501014539,SRBL,44,34,86,233.00,"20,038.00"
2020-07-15,2020071501014538,SRBL,44,59,500,233.00,"116,500.00"
2020-07-15,2020071501014537,SRBL,44,6,219,232.00,"50,808.00"
2020-07-15,2020071501014536,SRBL,44,34,100,232.00,"23,200.00"
2020-07-15,2020071501014535,SRBL,44,40,29,232.00,"6,728.00"
2020-07-15,2020071501014853,UIC,39,42,70,372.00,"26,040.00"
2020-07-15,2020071501014750,UIC,10,42,200,372.00,"74,400.00"
2020-07-15,2020071501014580,UPPER,45,25,220,233.00,"51,260.00"
2020-07-15,2020071501014496,UPPER,55,38,50,232.00,"11,600.00"
2020-07-15,2020071501014376,WOMI,54,4,54,"1,000.00","54,000.00"
2020-07-15,2020071501014375,WOMI,56,4,10,"1,000.00","10,000.00"
2020-07-15,2020071501014094,ADBL,38,38,116,383.00,"44,428.00"
2020-07-15,2020071501014045,ADBL,26,48,112,385.00,"43,120.00"
2020-07-15,2020071501014044,ADBL,26,54,159,385.00,"61,215.00"
2020-07-15,2020071501014043,ADBL,26,51,159,385.00,"61,215.00"
2020-07-15,2020071501014042,ADBL,26,53,257,385.00,"98,945.00"
2020-07-15,2020071501013889,ADBL,38,38,147,383.00,"56,301.00"
2020-07-15,2020071501014325,AHPC,43,14,10,91.00,910.00
2020-07-15,2020071501014116,ALBSL,41,22,10,781.00,"7,810.00"
2020-07-15,2020071501014115,ALBSL,41,22,10,781.00,"7,810.00"
2020-07-15,2020071501013944,ALBSL,39,41,67,780.00,"52,260.00"
2020-07-15,2020071501013943,ALBSL,39,32,50,780.00,"39,000.00"
2020-07-15,2020071501013942,ALBSL,39,14,116,780.00,"90,480.00"
2020-07-15,2020071501013941,ALBSL,39,36,100,779.00,"77,900.00"
2020-07-15,2020071501013940,ALBSL,39,33,11,778.00,"8,558.00"
2020-07-15,2020071501013939,ALBSL,39,36,50,776.00,"38,800.00"
2020-07-15,2020071501014222,ALICL,57,58,200,609.00,"121,800.00"
2020-07-15,2020071501014182,ALICL,21,58,200,609.00,"121,800.00"
2020-07-15,2020071501014181,ALICL,21,58,100,608.00,"60,800.00"
2020-07-15,2020071501014213,API,41,44,20,107.00,"2,140.00"
2020-07-15,2020071501014023,API,4,44,100,107.00,"10,700.00"
2020-07-15,2020071501014034,BARUN,42,21,10,85.00,850.00
2020-07-15,2020071501014033,BARUN,42,49,10,85.00,850.00
2020-07-15,2020071501014113,BOKL,49,47,250,219.00,"54,750.00"
2020-07-15,2020071501014112,BPCL,51,38,12,356.00,"4,272.00"
2020-07-15,2020071501013898,BPCL,47,38,12,355.00,"4,260.00"
2020-07-15,2020071501014331,CBBL,42,41,127,"1,100.00","139,700.00"
2020-07-15,2020071501014330,CBBL,42,11,100,"1,099.00","109,900.00"
2020-07-15,2020071501014092,CBBL,33,40,381,"1,092.00","416,052.00"
2020-07-15,2020071501013907,CBBL,33,49,168,"1,095.00","183,960.00"
2020-07-15,2020071501013885,CBL,8,1,100,139.00,"13,900.00"
2020-07-15,2020071501014253,CIT,50,49,10,"2,435.00","24,350.00"
2020-07-15,2020071501014156,CIT,45,49,55,"2,435.00","133,925.00"
2020-07-15,2020071501014013,CIT,17,49,30,"2,435.00","73,050.00"
2020-07-15,2020071501013976,CIT,45,49,31,"2,435.00","75,485.00"
2020-07-15,2020071501013875,CIT,6,49,50,"2,435.00","121,750.00"
2020-07-15,2020071501014050,CLBSL,38,44,90,767.00,"69,030.00"
2020-07-15,2020071501014082,CMF1,4,58,100,10.06,"1,006.00"
2020-07-15,2020071501014065,CMF1,4,4,100,9.96,996.00
2020-07-15,2020071501014005,CMF1,4,4,100,9.77,977.00
2020-07-15,2020071501014352,CZBIL,38,52,50,186.00,"9,300.00"
2020-07-15,2020071501014075,CZBIL,4,44,97,187.00,"18,139.00"
2020-07-15,2020071501014279,DDBL,26,46,25,867.00,"21,675.00"
2020-07-15,2020071501013963,DDBL,25,44,100,869.00,"86,900.00"
2020-07-15,2020071501013962,DDBL,58,44,920,869.00,"799,480.00"
2020-07-15,2020071501013961,DDBL,17,44,30,870.00,"26,100.00"
2020-07-15,2020071501014179,EBL,13,13,500,674.00,"337,000.00"
2020-07-15,2020071501014178,EBL,49,13,80,674.00,"53,920.00"
2020-07-15,2020071501014144,EBL,33,4,438,675.00,"295,650.00"
2020-07-15,2020071501014136,EBL,44,38,80,677.00,"54,160.00"
2020-07-15,2020071501014135,EBL,44,37,500,677.00,"338,500.00"
2020-07-15,2020071501014134,EBL,44,43,170,677.00,"115,090.00"
2020-07-15,2020071501014131,EBL,33,46,48,675.00,"32,400.00"
2020-07-15,2020071501013923,EBL,33,37,14,675.00,"9,450.00"
2020-07-15,2020071501014229,EDBL,44,45,89,299.00,"26,611.00"
2020-07-15,2020071501014228,EDBL,58,45,11,300.00,"3,300.00"
2020-07-15,2020071501014350,FMDBL,47,48,85,555.00,"47,175.00"
2020-07-15,2020071501014349,FMDBL,4,48,15,555.00,"8,325.00"
2020-07-15,2020071501014124,FMDBL,4,34,50,556.00,"27,800.00"
2020-07-15,2020071501014017,GBBL,25,4,73,222.00,"16,206.00"
2020-07-15,2020071501014016,GBBL,4,4,"1,000",222.00,"222,000.00"
2020-07-15,2020071501014015,GBBL,34,4,793,222.00,"176,046.00"
2020-07-15,2020071501014342,GBIME,42,28,75,241.00,"18,075.00"
2020-07-15,2020071501014341,GBIME,11,28,"1,000",241.00,"241,000.00"
2020-07-15,2020071501014340,GBIME,41,28,100,241.00,"24,100.00"
2020-07-15,2020071501014339,GBIME,47,28,50,241.00,"12,050.00"
2020-07-15,2020071501014338,GBIME,39,28,25,241.00,"6,025.00"
2020-07-15,2020071501014337,GBIME,45,28,100,241.00,"24,100.00"
2020-07-15,2020071501014220,GBIME,38,16,92,241.00,"22,172.00"
2020-07-15,2020071501014219,GBIME,38,16,200,241.00,"48,200.00"
2020-07-15,2020071501014218,GBIME,22,16,170,241.00,"40,970.00"
2020-07-15,2020071501014030,GBIME,58,28,150,242.00,"36,300.00"
2020-07-15,2020071501014025,GBIME,42,28,100,242.00,"24,200.00"
2020-07-15,2020071501014265,GBLBS,58,56,65,532.00,"34,580.00"
2020-07-15,2020071501014264,GBLBS,57,56,100,533.00,"53,300.00"
2020-07-15,2020071501014263,GBLBS,14,56,35,535.00,"18,725.00"
2020-07-15,2020071501013979,GGBSL,38,49,10,906.00,"9,060.00"
2020-07-15,2020071501013887,GLBSL,14,29,143,805.00,"115,115.00"
2020-07-15,2020071501013886,GLBSL,14,29,50,806.00,"40,300.00"
2020-07-15,2020071501014062,GLICL,48,54,100,469.00,"46,900.00"
2020-07-15,2020071501014090,GMFBS,48,13,10,850.00,"8,500.00"
2020-07-15,2020071501014343,HDL,14,6,30,"1,603.00","48,090.00"
2020-07-15,2020071501014255,HDL,32,58,65,"1,602.00","104,130.00"
2020-07-15,2020071501014175,HDL,33,28,100,"1,603.00","160,300.00"
2020-07-15,2020071501014155,HDL,17,48,50,"1,600.00","80,000.00"
2020-07-15,2020071501014140,HDL,35,28,100,"1,603.00","160,300.00"
2020-07-15,2020071501014357,HIDCL,33,41,31,132.00,"4,092.00"
2020-07-15,2020071501014093,HPPL,26,54,10,131.00,"1,310.00"
2020-07-15,2020071501014064,HPPL,18,52,81,133.00,"10,773.00"
2020-07-15,2020071501014063,HPPL,18,1,134,133.00,"17,822.00"
2020-07-15,2020071501014138,HURJA,33,57,20,87.00,"1,740.00"
2020-07-15,2020071501014123,HURJA,47,38,20,87.00,"1,740.00"
2020-07-15,2020071501013924,HURJA,47,38,20,87.00,"1,740.00"
2020-07-15,2020071501013922,IGI,35,6,"2,000",432.00,"864,000.00"
2020-07-15,2020071501014348,ILBS,55,49,14,816.00,"11,424.00"
2020-07-15,2020071501014301,ILBS,55,21,11,816.00,"8,976.00"
2020-07-15,2020071501014293,ILBS,55,49,300,817.00,"245,100.00"
2020-07-15,2020071501014276,ILBS,55,34,210,816.00,"171,360.00"
2020-07-15,2020071501014275,ILBS,55,7,10,815.00,"8,150.00"
2020-07-15,2020071501014274,ILBS,55,57,100,815.00,"81,500.00"
2020-07-15,2020071501014273,ILBS,55,6,111,814.00,"90,354.00"
2020-07-15,2020071501014272,ILBS,55,51,11,814.00,"8,954.00"
2020-07-15,2020071501014271,ILBS,55,49,11,814.00,"8,954.00"
2020-07-15,2020071501014270,ILBS,55,13,11,813.00,"8,943.00"
2020-07-15,2020071501014269,ILBS,55,21,11,810.00,"8,910.00"
2020-07-15,2020071501014126,JBBL,5,35,245,165.00,"40,425.00"
2020-07-15,2020071501014132,JOSHI,37,38,20,50.00,"1,000.00"
2020-07-15,2020071501014311,JSLBB,21,29,90,"1,670.00","150,300.00"
2020-07-15,2020071501014329,KMCDB,49,55,40,808.00,"32,320.00"
2020-07-15,2020071501014328,KMCDB,47,55,50,809.00,"40,450.00"
2020-07-15,2020071501014327,KMCDB,47,55,10,809.00,"8,090.00"
2020-07-15,2020071501013969,KPCL,37,38,10,104.00,"1,040.00"
2020-07-15,2020071501014122,KPCL,37,54,10,104.00,"1,040.00"
2020-07-15,2020071501014028,KPCL,37,38,100,104.00,"10,400.00"
2020-07-15,2020071501014145,KPCL,37,57,10,104.00,"1,040.00"
2020-07-15,2020071501014139,KPCL,37,38,10,104.00,"1,040.00"
2020-07-15,2020071501014238,LBL,55,55,200,210.00,"42,000.00"
2020-07-15,2020071501014212,LBL,38,55,"1,000",210.00,"210,000.00"
2020-07-15,2020071501014137,LBL,33,55,300,210.00,"63,000.00"
2020-07-15,2020071501014084,LBL,38,55,"1,210",211.00,"255,310.00"
