Date,Transact. No.,Symbol,Buyer,Seller,Quantity,Rate,Amount
2019-10-14,2019101401003217,ADBL,39,58,"2,000",410.00,"820,000.00"
2019-10-14,2019101401003106,ADBL,49,58,"1,440",410.00,"590,400.00"
2019-10-14,2019101401003026,ADBL,43,58,100,410.00,"41,000.00"
2019-10-14,2019101401003013,ADBL,45,58,60,410.00,"24,600.00"
2019-10-14,2019101401002949,ADBL,41,58,150,410.00,"61,500.00"
2019-10-14,2019101401002921,ADBL,6,58,200,410.00,"82,000.00"
2019-10-14,2019101401003353,AKBSL,58,55,10,407.00,"4,070.00"
2019-10-14,2019101401003296,AKBSL,55,55,10,407.00,"4,070.00"
2019-10-14,2019101401003280,AKBSL,55,55,10,407.00,"4,070.00"
2019-10-14,2019101401003258,AKBSL,55,55,10,407.00,"4,070.00"
2019-10-14,2019101401003233,AKBSL,55,55,10,407.00,"4,070.00"
2019-10-14,2019101401003023,AKBSL,1,20,10,406.00,"4,060.00"
2019-10-14,2019101401002965,AKBSL,55,21,10,405.00,"4,050.00"
2019-10-14,2019101401003253,AKJCL,59,49,30,56.00,"1,680.00"
2019-10-14,2019101401003252,AKJCL,59,47,150,56.00,"8,400.00"
2019-10-14,2019101401003080,ALICL,11,10,479,310.00,"148,490.00"
2019-10-14,2019101401003079,ALICL,48,10,50,310.00,"15,500.00"
2019-10-14,2019101401003035,ALICL,55,10,200,311.00,"62,200.00"
2019-10-14,2019101401003034,ALICL,14,10,250,311.00,"77,750.00"
2019-10-14,2019101401003033,ALICL,28,10,"1,000",312.00,"312,000.00"
2019-10-14,2019101401003032,ALICL,41,10,100,312.00,"31,200.00"
2019-10-14,2019101401003031,ALICL,39,10,100,312.00,"31,200.00"
2019-10-14,2019101401003030,ALICL,56,10,200,313.00,"62,600.00"
2019-10-14,2019101401003029,ALICL,44,10,21,317.00,"6,657.00"
2019-10-14,2019101401003194,API,25,45,50,112.00,"5,600.00"
2019-10-14,2019101401003158,API,7,6,150,111.00,"16,650.00"
2019-10-14,2019101401003085,API,26,6,100,111.00,"11,100.00"
2019-10-14,2019101401003157,BOKL,59,5,42,233.00,"9,786.00"
2019-10-14,2019101401003156,BOKL,49,5,50,233.00,"11,650.00"
2019-10-14,2019101401003155,BOKL,4,5,200,233.00,"46,600.00"
2019-10-14,2019101401003154,BOKL,14,5,500,233.00,"116,500.00"
2019-10-14,2019101401003153,BOKL,7,5,50,233.00,"11,650.00"
2019-10-14,2019101401003152,BOKL,45,5,50,233.00,"11,650.00"
2019-10-14,2019101401003151,BOKL,49,5,"1,208",233.00,"281,464.00"
2019-10-14,2019101401003086,BOKL,49,41,181,233.00,"42,173.00"
2019-10-14,2019101401002970,BOKL,49,57,25,233.00,"5,825.00"
2019-10-14,2019101401002969,BOKL,17,57,25,234.00,"5,850.00"
2019-10-14,2019101401003292,BPCL,33,26,10,363.00,"3,630.00"
2019-10-14,2019101401003054,BPCL,55,21,20,359.00,"7,180.00"
2019-10-14,2019101401002951,BPCL,14,21,27,358.00,"9,666.00"
2019-10-14,2019101401002923,BPCL,14,29,22,358.00,"7,876.00"
2019-10-14,2019101401002914,BPCL,59,26,20,359.00,"7,180.00"
2019-10-14,2019101401003053,BPCL,55,26,280,359.00,"100,520.00"
2019-10-14,2019101401003360,CBBL,42,19,300,969.00,"290,700.00"
2019-10-14,2019101401003269,CBL,43,17,10,144.00,"1,440.00"
2019-10-14,2019101401003213,CBL,28,58,"2,000",143.00,"286,000.00"
2019-10-14,2019101401003212,CBL,28,58,609,143.00,"87,087.00"
2019-10-14,2019101401003111,CBL,45,58,145,143.00,"20,735.00"
2019-10-14,2019101401003368,CCBL,45,14,17,155.00,"2,635.00"
2019-10-14,2019101401003367,CCBL,45,58,13,154.00,"2,002.00"
2019-10-14,2019101401002978,CCBL,50,6,343,153.00,"52,479.00"
2019-10-14,2019101401002962,CCBL,51,6,200,153.00,"30,600.00"
2019-10-14,2019101401002961,CCBL,45,54,824,152.00,"125,248.00"
2019-10-14,2019101401002925,CCBL,58,6,340,153.00,"52,020.00"
2019-10-14,2019101401003231,CHCL,13,45,10,421.00,"4,210.00"
2019-10-14,2019101401003061,CHCL,13,36,219,421.00,"92,199.00"
2019-10-14,2019101401003284,CIT,14,39,26,"1,771.00","46,046.00"
2019-10-14,2019101401003265,CLBSL,57,49,10,484.00,"4,840.00"
2019-10-14,2019101401003375,CZBIL,49,5,925,194.00,"179,450.00"
2019-10-14,2019101401003374,CZBIL,41,5,50,195.00,"9,750.00"
2019-10-14,2019101401003373,CZBIL,32,5,25,195.00,"4,875.00"
2019-10-14,2019101401003162,CZBIL,32,19,270,195.00,"52,650.00"
2019-10-14,2019101401003295,DBBL,25,4,300,127.00,"38,100.00"
2019-10-14,2019101401003294,DBBL,8,4,400,127.00,"50,800.00"
2019-10-14,2019101401003293,DBBL,25,4,150,127.00,"19,050.00"
2019-10-14,2019101401003211,DBBL,13,4,50,128.00,"6,400.00"
2019-10-14,2019101401002958,DBBL,38,4,100,128.00,"12,800.00"
2019-10-14,2019101401003345,EBL,49,33,100,560.00,"56,000.00"
2019-10-14,2019101401003001,EBL,11,48,20,560.00,"11,200.00"
2019-10-14,2019101401002916,EBL,28,48,180,560.00,"100,800.00"
2019-10-14,2019101401002915,EBL,28,33,20,559.00,"11,180.00"
2019-10-14,2019101401003176,EDBL,11,57,80,270.00,"21,600.00"
2019-10-14,2019101401003175,EDBL,11,57,420,270.00,"113,400.00"
2019-10-14,2019101401003041,EIC,8,57,10,235.00,"2,350.00"
2019-10-14,2019101401003011,EIC,28,42,249,234.00,"58,266.00"
2019-10-14,2019101401002968,EIC,28,49,251,234.00,"58,734.00"
2019-10-14,2019101401003220,FMDBL,19,56,50,316.00,"15,800.00"
2019-10-14,2019101401003179,FMDBL,19,19,439,316.00,"138,724.00"
2019-10-14,2019101401003178,FMDBL,44,19,50,316.00,"15,800.00"
2019-10-14,2019101401003177,FMDBL,26,19,11,317.00,"3,487.00"
2019-10-14,2019101401003127,FMDBL,48,41,51,317.00,"16,167.00"
2019-10-14,2019101401003126,FMDBL,51,41,20,317.00,"6,340.00"
2019-10-14,2019101401003125,FMDBL,19,41,113,318.00,"35,934.00"
2019-10-14,2019101401003039,FMDBL,19,19,106,318.00,"33,708.00"
2019-10-14,2019101401003169,GBLBS,35,19,185,311.00,"57,535.00"
2019-10-14,2019101401003168,GBLBS,53,19,150,311.00,"46,650.00"
2019-10-14,2019101401003167,GBLBS,6,19,50,312.00,"15,600.00"
2019-10-14,2019101401003144,GBLBS,6,42,40,312.00,"12,480.00"
2019-10-14,2019101401003056,GBLBS,6,40,10,312.00,"3,120.00"
2019-10-14,2019101401003390,GFCL,59,11,550,133.00,"73,150.00"
2019-10-14,2019101401003376,GFCL,59,11,950,133.00,"126,350.00"
2019-10-14,2019101401003366,GFCL,28,11,"1,000",134.00,"134,000.00"
2019-10-14,2019101401003365,GFCL,28,11,240,134.00,"32,160.00"
2019-10-14,2019101401003124,GFCL,59,11,50,136.00,"6,800.00"
2019-10-14,2019101401003046,GFCL,28,11,760,134.00,"101,840.00"
2019-10-14,2019101401002955,GFCL,28,11,"1,000",134.00,"134,000.00"
2019-10-14,2019101401003025,GLBSL,32,10,100,427.00,"42,700.00"
2019-10-14,2019101401003279,GLICL,25,38,20,364.00,"7,280.00"
2019-10-14,2019101401003058,GLICL,14,41,120,357.00,"42,840.00"
2019-10-14,2019101401003010,GMFBS,42,10,200,454.00,"90,800.00"
2019-10-14,2019101401003009,GMFBS,58,10,30,455.00,"13,650.00"
2019-10-14,2019101401002948,GUFL,3,18,150,109.00,"16,350.00"
2019-10-14,2019101401002947,GUFL,42,18,500,109.00,"54,500.00"
2019-10-14,2019101401003120,HBL,52,10,20,493.00,"9,860.00"
2019-10-14,2019101401003119,HBL,47,10,50,494.00,"24,700.00"
2019-10-14,2019101401003118,HBL,11,10,90,499.00,"44,910.00"
2019-10-14,2019101401003117,HBL,57,10,20,500.00,"10,000.00"
2019-10-14,2019101401003116,HBL,35,10,20,500.00,"10,000.00"
2019-10-14,2019101401003159,HDL,32,19,25,"1,461.00","36,525.00"
2019-10-14,2019101401003251,HIDCL,13,41,200,139.00,"27,800.00"
2019-10-14,2019101401003250,HIDCL,13,45,500,139.00,"69,500.00"
2019-10-14,2019101401003249,HIDCL,13,1,14,139.00,"1,946.00"
2019-10-14,2019101401003225,HIDCL,13,19,500,138.00,"69,000.00"
2019-10-14,2019101401003224,HIDCL,13,45,51,138.00,"7,038.00"
2019-10-14,2019101401003245,HPPL,18,44,10,144.00,"1,440.00"
2019-10-14,2019101401003278,HURJA,52,26,20,104.00,"2,080.00"
2019-10-14,2019101401003277,HURJA,52,26,20,104.00,"2,080.00"
2019-10-14,2019101401003143,HURJA,52,32,20,104.00,"2,080.00"
2019-10-14,2019101401003142,HURJA,52,32,20,104.00,"2,080.00"
2019-10-14,2019101401003141,HURJA,52,45,20,104.00,"2,080.00"
2019-10-14,2019101401003140,HURJA,52,45,20,104.00,"2,080.00"
2019-10-14,2019101401003139,HURJA,52,45,20,104.00,"2,080.00"
2019-10-14,2019101401003234,ILBS,47,58,100,418.00,"41,800.00"
2019-10-14,2019101401003282,JBBL,34,4,260,158.00,"41,080.00"
2019-10-14,2019101401003281,JBBL,14,4,100,158.00,"15,800.00"
2019-10-14,2019101401003172,JBBL,49,4,300,160.00,"48,000.00"
2019-10-14,2019101401003370,JFL,8,32,604,193.00,"116,572.00"
2019-10-14,2019101401003350,JFL,19,32,500,194.00,"97,000.00"
2019-10-14,2019101401003349,JFL,56,32,200,194.00,"38,800.00"
2019-10-14,2019101401002997,JFL,45,32,300,195.00,"58,500.00"
2019-10-14,2019101401003276,KRBL,5,41,20,103.00,"2,060.00"
2019-10-14,2019101401003187,KRBL,37,41,100,103.00,"10,300.00"
2019-10-14,2019101401003387,LBL,34,42,10,214.00,"2,140.00"
2019-10-14,2019101401003204,LBL,28,38,25,213.00,"5,325.00"
2019-10-14,2019101401003097,LBL,48,42,46,214.00,"9,844.00"
2019-10-14,2019101401002905,LBL,29,54,112,212.00,"23,744.00"
2019-10-14,2019101401002904,LBL,35,54,40,212.00,"8,480.00"
2019-10-14,2019101401003399,LICN,56,49,637,980.00,"624,260.00"
2019-10-14,2019101401003219,LICN,6,49,30,980.00,"29,400.00"
2019-10-14,2019101401003096,LICN,57,49,100,980.00,"98,000.00"
2019-10-14,2019101401003095,LICN,14,49,13,980.00,"12,740.00"
2019-10-14,2019101401003094,LICN,45,49,10,981.00,"9,810.00"
2019-10-14,2019101401003163,LLBS,25,50,33,670.00,"22,110.00"
2019-10-14,2019101401003038,MBL,33,1,"1,891",221.00,"417,911.00"
2019-10-14,2019101401002940,MBL,36,1,109,221.00,"24,089.00"
2019-10-14,2019101401003248,MEGA,11,44,50,197.00,"9,850.00"
2019-10-14,2019101401003241,MEGA,43,44,10,197.00,"1,970.00"
2019-10-14,2019101401003358,MERO,34,34,10,556.00,"5,560.00"
2019-10-14,2019101401003255,MERO,43,18,50,555.00,"27,750.00"
2019-10-14,2019101401002933,MLBL,38,41,25,215.00,"5,375.00"
2019-10-14,2019101401003394,MNBBL,7,6,140,303.00,"42,420.00"
2019-10-14,2019101401003393,MNBBL,41,6,21,303.00,"6,363.00"
2019-10-14,2019101401003392,MNBBL,55,6,312,303.00,"94,536.00"
2019-10-14,2019101401003391,MNBBL,1,6,27,304.00,"8,208.00"
2019-10-14,2019101401003209,MNBBL,1,6,133,304.00,"40,432.00"
2019-10-14,2019101401003107,MNBBL,55,41,220,303.00,"66,660.00"
2019-10-14,2019101401003093,MNBBL,55,57,68,303.00,"20,604.00"
2019-10-14,2019101401003092,MNBBL,45,57,32,303.00,"9,696.00"
2019-10-14,2019101401003037,MNBBL,45,28,68,303.00,"20,604.00"
2019-10-14,2019101401003036,MNBBL,8,28,100,303.00,"30,300.00"
2019-10-14,2019101401002956,MNBBL,45,28,100,304.00,"30,400.00"
2019-10-14,2019101401003351,MSLB,14,48,42,917.00,"38,514.00"
2019-10-14,2019101401003380,NABIL,49,1,100,765.00,"76,500.00"
2019-10-14,2019101401003274,NABIL,34,1,10,765.00,"7,650.00"
2019-10-14,2019101401003214,NABIL,6,19,15,758.00,"11,370.00"
2019-10-14,2019101401003087,NABIL,19,19,200,760.00,"152,000.00"
2019-10-14,2019101401003052,NABIL,57,19,25,760.00,"19,000.00"
2019-10-14,2019101401002927,NABIL,28,19,100,760.00,"76,000.00"
2019-10-14,2019101401003386,NADEP,57,58,490,396.00,"194,040.00"
2019-10-14,2019101401003385,NADEP,39,58,30,398.00,"11,940.00"
2019-10-14,2019101401003384,NADEP,26,58,50,398.00,"19,900.00"
2019-10-14,2019101401003383,NADEP,42,58,280,398.00,"111,440.00"
2019-10-14,2019101401003382,NADEP,29,58,50,399.00,"19,950.00"
2019-10-14,2019101401003381,NADEP,28,58,200,399.00,"79,800.00"
2019-10-14,2019101401003268,NADEP,28,58,50,399.00,"19,950.00"
2019-10-14,2019101401003272,NBB,25,25,400,210.00,"84,000.00"
2019-10-14,2019101401003271,NBB,25,34,500,210.00,"105,000.00"
2019-10-14,2019101401003174,NBB,56,34,500,210.00,"105,000.00"
2019-10-14,2019101401003401,NBL,33,58,10,315.00,"3,150.00"
2019-10-14,2019101401003400,NBL,33,33,190,314.00,"59,660.00"
2019-10-14,2019101401003257,NBL,43,33,10,314.00,"3,140.00"
2019-10-14,2019101401003134,NBL,26,8,460,313.00,"143,980.00"
2019-10-14,2019101401003123,NBL,48,54,75,313.00,"23,475.00"
2019-10-14,2019101401003122,NBL,13,54,550,313.00,"172,150.00"
2019-10-14,2019101401003121,NBL,21,54,229,313.00,"71,677.00"
2019-10-14,2019101401003055,NBL,21,43,700,313.00,"219,100.00"
2019-10-14,2019101401002953,NBL,21,47,700,313.00,"219,100.00"
2019-10-14,2019101401003402,NCCB,58,55,10,198.00,"1,980.00"
2019-10-14,2019101401003377,NCCB,8,55,20,198.00,"3,960.00"
2019-10-14,2019101401003256,NCCB,8,55,10,198.00,"1,980.00"
2019-10-14,2019101401002957,NCCB,8,55,10,198.00,"1,980.00"
2019-10-14,2019101401003232,NEF,22,18,"2,035",7.25,"14,753.75"
2019-10-14,2019101401003137,NHPC,20,56,50,54.00,"2,700.00"
2019-10-14,2019101401003128,NHPC,20,14,90,53.00,"4,770.00"
2019-10-14,2019101401003070,NHPC,8,14,10,53.00,530.00
2019-10-14,2019101401003069,NHPC,8,43,10,53.00,530.00
2019-10-14,2019101401003006,NHPC,8,43,20,53.00,"1,060.00"
2019-10-14,2019101401002950,NHPC,8,43,20,53.00,"1,060.00"
2019-10-14,2019101401003084,NIB,39,45,64,436.00,"27,904.00"
2019-10-14,2019101401003083,NIB,22,45,18,436.00,"7,848.00"
2019-10-14,2019101401003082,NIB,17,45,150,436.00,"65,400.00"
2019-10-14,2019101401003081,NIB,44,45,50,437.00,"21,850.00"
2019-10-14,2019101401003017,NIB,19,45,2,438.00,876.00
2019-10-14,2019101401003016,NIB,50,45,50,438.00,"21,900.00"
2019-10-14,2019101401002942,NIB,39,55,100,437.00,"43,700.00"
2019-10-14,2019101401002941,NIB,42,55,928,437.00,"405,536.00"
2019-10-14,2019101401003395,NICA,35,13,19,378.00,"7,182.00"
2019-10-14,2019101401003283,NICA,35,58,100,378.00,"37,800.00"
2019-10-14,2019101401003240,NICA,35,26,131,378.00,"49,518.00"
2019-10-14,2019101401003239,NICA,22,26,20,378.00,"7,560.00"
2019-10-14,2019101401003230,NICA,56,44,25,380.00,"9,500.00"
2019-10-14,2019101401003229,NICA,1,44,200,380.00,"76,000.00"
2019-10-14,2019101401003040,NICA,59,41,20,381.00,"7,620.00"
2019-10-14,2019101401003228,NICA,14,44,30,380.00,"11,400.00"
2019-10-14,2019101401003227,NICA,39,44,25,380.00,"9,500.00"
2019-10-14,2019101401003226,NICA,42,44,460,380.00,"174,800.00"
2019-10-14,2019101401003223,NICA,42,5,40,380.00,"15,200.00"
2019-10-14,2019101401003222,NICA,45,5,500,380.00,"190,000.00"
2019-10-14,2019101401003221,NICA,6,5,10,380.00,"3,800.00"
2019-10-14,2019101401003369,NLG,6,25,11,543.00,"5,973.00"
2019-10-14,2019101401003091,NLG,14,32,10,533.00,"5,330.00"
2019-10-14,2019101401003090,NLG,6,32,160,533.00,"85,280.00"
2019-10-14,2019101401003089,NLG,26,32,100,533.00,"53,300.00"
2019-10-14,2019101401003015,NLG,25,32,10,543.00,"5,430.00"
2019-10-14,2019101401002994,NLG,35,10,34,533.00,"18,122.00"
2019-10-14,2019101401002988,NLG,13,10,100,533.00,"53,300.00"
2019-10-14,2019101401002977,NLG,6,10,100,533.00,"53,300.00"
2019-10-14,2019101401002976,NLG,43,10,100,533.00,"53,300.00"
2019-10-14,2019101401003197,NLIC,28,41,7,760.00,"5,320.00"
2019-10-14,2019101401003196,NLIC,38,41,10,760.00,"7,600.00"
2019-10-14,2019101401003195,NLIC,46,41,49,760.00,"37,240.00"
2019-10-14,2019101401003166,NLIC,46,10,79,760.00,"60,040.00"
2019-10-14,2019101401003165,NLIC,19,10,50,760.00,"38,000.00"
2019-10-14,2019101401003164,NLIC,54,10,50,760.00,"38,000.00"
2019-10-14,2019101401002946,NLIC,21,41,25,761.00,"19,025.00"
2019-10-14,2019101401002945,NLIC,21,42,22,761.00,"16,742.00"
2019-10-14,2019101401003352,NLICL,43,52,10,462.00,"4,620.00"
2019-10-14,2019101401003266,NLICL,44,50,80,461.00,"36,880.00"
2019-10-14,2019101401003215,NLICL,43,39,10,463.00,"4,630.00"
2019-10-14,2019101401003072,NLICL,44,59,650,461.00,"299,650.00"
2019-10-14,2019101401003071,NLICL,44,41,120,461.00,"55,320.00"
2019-10-14,2019101401003007,NLICL,59,59,350,461.00,"161,350.00"
2019-10-14,2019101401003065,NMBMF,1,41,10,"1,105.00","11,050.00"
2019-10-14,2019101401003138,NMBSF1,34,8,"4,000",10.10,"40,400.00"
2019-10-14,2019101401003045,NMFBS,49,14,30,"1,712.00","51,360.00"
2019-10-14,2019101401003044,NMFBS,49,29,95,"1,711.00","162,545.00"
2019-10-14,2019101401003043,NMFBS,49,6,15,"1,710.00","25,650.00"
2019-10-14,2019101401003290,NTC,59,46,10,629.00,"6,290.00"
2019-10-14,2019101401003254,NTC,39,42,"5,000",622.00,"3,110,000.00"
2019-10-14,2019101401003210,NTC,59,46,10,629.00,"6,290.00"
2019-10-14,2019101401003108,NTC,39,42,"5,000",622.00,"3,110,000.00"
2019-10-14,2019101401002952,NTC,59,46,10,629.00,"6,290.00"
2019-10-14,2019101401002943,OHL,21,21,6,469.00,"2,814.00"
2019-10-14,2019101401003218,OHL,50,4,50,480.00,"24,000.00"
2019-10-14,2019101401003303,OHL,55,4,17,477.00,"8,109.00"
2019-10-14,2019101401003302,OHL,55,4,50,477.00,"23,850.00"
2019-10-14,2019101401003301,OHL,35,4,10,478.00,"4,780.00"
2019-10-14,2019101401003300,OHL,45,4,10,478.00,"4,780.00"
2019-10-14,2019101401003299,OHL,35,4,10,478.00,"4,780.00"
2019-10-14,2019101401003298,OHL,13,4,60,478.00,"28,680.00"
2019-10-14,2019101401003309,OHL,35,4,10,476.00,"4,760.00"
2019-10-14,2019101401003308,OHL,51,4,110,476.00,"52,360.00"
2019-10-14,2019101401003307,OHL,57,4,500,476.00,"238,000.00"
2019-10-14,2019101401003306,OHL,28,4,150,477.00,"71,550.00"
2019-10-14,2019101401003305,OHL,22,4,100,477.00,"47,700.00"
2019-10-14,2019101401003304,OHL,6,4,20,477.00,"9,540.00"
2019-10-14,2019101401003310,OHL,5,4,172,476.00,"81,872.00"
2019-10-14,2019101401003051,PCBL,34,58,956,263.00,"251,428.00"
2019-10-14,2019101401003050,PCBL,32,58,500,263.00,"131,500.00"
2019-10-14,2019101401003049,PCBL,19,58,12,263.00,"3,156.00"
2019-10-14,2019101401003048,PCBL,21,58,32,264.00,"8,448.00"
2019-10-14,2019101401003047,PCBL,21,19,70,264.00,"18,480.00"
2019-10-14,2019101401003379,PIC,8,50,18,367.00,"6,606.00"
2019-10-14,2019101401003378,PIC,8,58,32,364.00,"11,648.00"
2019-10-14,2019101401003348,PIC,40,58,50,364.00,"18,200.00"
2019-10-14,2019101401003347,PIC,59,58,18,364.00,"6,552.00"
2019-10-14,2019101401003062,PIC,59,40,11,364.00,"4,004.00"
2019-10-14,2019101401003024,PIC,59,40,11,364.00,"4,004.00"
2019-10-14,2019101401003012,PIC,59,56,300,364.00,"109,200.00"
2019-10-14,2019101401002996,PIC,59,40,11,364.00,"4,004.00"
2019-10-14,2019101401003371,PLIC,28,58,100,321.00,"32,100.00"
2019-10-14,2019101401003078,PLIC,28,36,99,321.00,"31,779.00"
2019-10-14,2019101401003185,PMHPL,54,52,20,88.00,"1,760.00"
2019-10-14,2019101401002980,PPCL,57,20,10,92.00,920.00
2019-10-14,2019101401002966,PPCL,57,20,10,92.00,920.00
2019-10-14,2019101401002959,PPCL,57,20,10,92.00,920.00
2019-10-14,2019101401002944,PPCL,18,20,10,93.00,930.00
2019-10-14,2019101401002922,PPCL,18,20,10,93.00,930.00
2019-10-14,2019101401003362,PRVU,55,4,132,266.00,"35,112.00"
2019-10-14,2019101401003344,PRVU,8,10,456,264.00,"120,384.00"
2019-10-14,2019101401003343,PRVU,49,10,50,264.00,"13,200.00"
2019-10-14,2019101401003342,PRVU,11,10,30,264.00,"7,920.00"
2019-10-14,2019101401003341,PRVU,19,10,100,264.00,"26,400.00"
2019-10-14,2019101401003340,PRVU,44,10,"1,000",264.00,"264,000.00"
2019-10-14,2019101401002909,PRVU,17,33,147,266.00,"39,102.00"
2019-10-14,2019101401002908,PRVU,41,33,500,266.00,"133,000.00"
2019-10-14,2019101401002907,PRVU,32,33,264,266.00,"70,224.00"
2019-10-14,2019101401002920,PRVU,26,4,10,267.00,"2,670.00"
2019-10-14,2019101401002919,PRVU,52,38,139,266.00,"36,974.00"
2019-10-14,2019101401002918,PRVU,45,38,50,266.00,"13,300.00"
2019-10-14,2019101401002917,PRVU,52,38,11,266.00,"2,926.00"
2019-10-14,2019101401002911,PRVU,52,33,989,266.00,"263,074.00"
2019-10-14,2019101401002910,PRVU,1,33,100,266.00,"26,600.00"
2019-10-14,2019101401002982,PRVU,19,58,100,266.00,"26,600.00"
2019-10-14,2019101401002981,PRVU,52,58,645,266.00,"171,570.00"
2019-10-14,2019101401002979,PRVU,52,29,"1,000",266.00,"266,000.00"
2019-10-14,2019101401002975,PRVU,59,4,100,267.00,"26,700.00"
2019-10-14,2019101401002954,PRVU,52,36,216,266.00,"57,456.00"
2019-10-14,2019101401003112,PRVU,42,45,45,266.00,"11,970.00"
2019-10-14,2019101401003014,PRVU,44,4,400,267.00,"106,800.00"
2019-10-14,2019101401002986,PRVU,42,58,55,266.00,"14,630.00"
2019-10-14,2019101401002985,PRVU,56,58,150,266.00,"39,900.00"
2019-10-14,2019101401002984,PRVU,21,58,500,266.00,"133,000.00"
2019-10-14,2019101401002983,PRVU,34,58,150,266.00,"39,900.00"
2019-10-14,2019101401003136,PRVU,25,45,100,266.00,"26,600.00"
2019-10-14,2019101401003135,PRVU,32,45,200,266.00,"53,200.00"
2019-10-14,2019101401003132,PRVU,17,45,100,266.00,"26,600.00"
2019-10-14,2019101401003115,PRVU,6,45,105,266.00,"27,930.00"
2019-10-14,2019101401003114,PRVU,46,45,70,266.00,"18,620.00"
2019-10-14,2019101401003113,PRVU,26,45,50,266.00,"13,300.00"
2019-10-14,2019101401003267,PRVU,36,4,50,267.00,"13,350.00"
2019-10-14,2019101401003247,PRVU,6,4,50,267.00,"13,350.00"
2019-10-14,2019101401003216,PRVU,33,45,"8,329",266.00,"2,215,514.00"
2019-10-14,2019101401003171,PRVU,37,45,195,266.00,"51,870.00"
2019-10-14,2019101401003170,PRVU,25,45,500,266.00,"133,000.00"
2019-10-14,2019101401003315,PRVU,41,10,100,265.00,"26,500.00"
2019-10-14,2019101401003314,PRVU,17,10,84,265.00,"22,260.00"
2019-10-14,2019101401003313,PRVU,35,10,"1,000",265.00,"265,000.00"
2019-10-14,2019101401003312,PRVU,39,10,500,265.00,"132,500.00"
2019-10-14,2019101401003311,PRVU,38,10,200,265.00,"53,000.00"
2019-10-14,2019101401003321,PRVU,40,10,100,265.00,"26,500.00"
2019-10-14,2019101401003320,PRVU,34,10,100,265.00,"26,500.00"
2019-10-14,2019101401003319,PRVU,57,10,500,265.00,"132,500.00"
2019-10-14,2019101401003318,PRVU,21,10,50,265.00,"13,250.00"
2019-10-14,2019101401003317,PRVU,38,10,"1,000",265.00,"265,000.00"
2019-10-14,2019101401003316,PRVU,52,10,500,265.00,"132,500.00"
2019-10-14,2019101401003327,PRVU,43,10,250,265.00,"66,250.00"
2019-10-14,2019101401003326,PRVU,28,10,500,265.00,"132,500.00"
2019-10-14,2019101401003325,PRVU,28,10,"1,500",265.00,"397,500.00"
2019-10-14,2019101401003324,PRVU,28,10,"1,500",265.00,"397,500.00"
2019-10-14,2019101401003323,PRVU,28,10,"1,500",265.00,"397,500.00"
2019-10-14,2019101401003322,PRVU,17,10,100,265.00,"26,500.00"
2019-10-14,2019101401003333,PRVU,52,10,"1,000",265.00,"265,000.00"
2019-10-14,2019101401003332,PRVU,39,10,50,265.00,"13,250.00"
2019-10-14,2019101401003331,PRVU,48,10,500,265.00,"132,500.00"
2019-10-14,2019101401003330,PRVU,45,10,200,265.00,"53,000.00"
2019-10-14,2019101401003329,PRVU,8,10,100,265.00,"26,500.00"
2019-10-14,2019101401003328,PRVU,32,10,30,265.00,"7,950.00"
2019-10-14,2019101401003339,PRVU,34,10,500,264.00,"132,000.00"
2019-10-14,2019101401003338,PRVU,26,10,100,264.00,"26,400.00"
2019-10-14,2019101401003337,PRVU,22,10,50,264.00,"13,200.00"
2019-10-14,2019101401003336,PRVU,32,10,300,265.00,"79,500.00"
2019-10-14,2019101401003335,PRVU,32,10,"2,000",265.00,"530,000.00"
2019-10-14,2019101401003334,PRVU,48,10,50,265.00,"13,250.00"
2019-10-14,2019101401003287,RBCL,39,25,10,"8,394.00","83,940.00"
2019-10-14,2019101401003286,RBCL,38,25,10,"8,395.00","83,950.00"
2019-10-14,2019101401003285,RBCL,6,25,10,"8,400.00","84,000.00"
2019-10-14,2019101401003264,RHPC,26,38,120,77.00,"9,240.00"
2019-10-14,2019101401003263,RHPC,34,38,100,77.00,"7,700.00"
2019-10-14,2019101401003246,RHPC,33,38,25,78.00,"1,950.00"
2019-10-14,2019101401003088,RHPC,3,20,10,79.00,790.00
2019-10-14,2019101401003359,RHPL,39,11,200,158.00,"31,600.00"
2019-10-14,2019101401003297,RHPL,39,21,40,158.00,"6,320.00"
2019-10-14,2019101401003260,RHPL,29,58,10,159.00,"1,590.00"
2019-10-14,2019101401003259,RHPL,29,44,30,159.00,"4,770.00"
2019-10-14,2019101401003145,RHPL,39,44,30,158.00,"4,740.00"
2019-10-14,2019101401003133,RHPL,39,57,30,158.00,"4,740.00"
2019-10-14,2019101401002913,RHPL,54,44,30,158.00,"4,740.00"
2019-10-14,2019101401003018,RHPL,39,44,30,158.00,"4,740.00"
2019-10-14,2019101401003004,RHPL,39,44,30,158.00,"4,740.00"
2019-10-14,2019101401002989,RHPL,39,44,30,158.00,"4,740.00"
2019-10-14,2019101401002964,RHPL,39,44,10,158.00,"1,580.00"
2019-10-14,2019101401002963,RHPL,54,44,20,158.00,"3,160.00"
2019-10-14,2019101401002930,RHPL,54,44,30,158.00,"4,740.00"
2019-10-14,2019101401003109,RHPL,39,42,40,158.00,"6,320.00"
2019-10-14,2019101401003068,RHPL,28,19,300,159.00,"47,700.00"
2019-10-14,2019101401003067,RHPL,28,42,40,159.00,"6,360.00"
2019-10-14,2019101401003066,RHPL,28,33,530,159.00,"84,270.00"
2019-10-14,2019101401003057,RHPL,39,58,250,158.00,"39,500.00"
2019-10-14,2019101401003042,RHPL,39,44,30,158.00,"4,740.00"
2019-10-14,2019101401003398,RSDC,26,58,62,322.00,"19,964.00"
2019-10-14,2019101401003273,RSDC,36,22,33,327.00,"10,791.00"
2019-10-14,2019101401003059,RSDC,26,19,38,322.00,"12,236.00"
2019-10-14,2019101401003208,SABSL,32,55,10,447.00,"4,470.00"
2019-10-14,2019101401003003,SABSL,32,20,10,447.00,"4,470.00"
2019-10-14,2019101401003361,SANIMA,45,22,15,304.00,"4,560.00"
2019-10-14,2019101401003346,SANIMA,17,22,300,305.00,"91,500.00"
2019-10-14,2019101401003077,SANIMA,58,48,30,305.00,"9,150.00"
2019-10-14,2019101401003076,SANIMA,49,48,100,305.00,"30,500.00"
2019-10-14,2019101401003075,SANIMA,19,48,50,305.00,"15,250.00"
2019-10-14,2019101401003074,SANIMA,38,48,230,305.00,"70,150.00"
2019-10-14,2019101401003073,SANIMA,45,48,90,305.00,"27,450.00"
2019-10-14,2019101401002906,SANIMA,26,51,10,306.00,"3,060.00"
2019-10-14,2019101401003147,SAPDBL,32,16,20,127.00,"2,540.00"
2019-10-14,2019101401003002,SBI,28,32,50,400.00,"20,000.00"
2019-10-14,2019101401003262,SBL,28,34,141,337.00,"47,517.00"
2019-10-14,2019101401003261,SBL,28,56,59,337.00,"19,883.00"
2019-10-14,2019101401003243,SBL,51,53,498,336.00,"167,328.00"
2019-10-14,2019101401003242,SBL,51,53,502,336.00,"168,672.00"
2019-10-14,2019101401003186,SBL,51,14,498,336.00,"167,328.00"
2019-10-14,2019101401003173,SBL,13,14,20,336.00,"6,720.00"
2019-10-14,2019101401002928,SBL,44,54,663,335.00,"222,105.00"
2019-10-14,2019101401002926,SBL,26,44,10,336.00,"3,360.00"
2019-10-14,2019101401003064,SBL,38,10,384,336.00,"129,024.00"
2019-10-14,2019101401003063,SBL,7,10,100,336.00,"33,600.00"
2019-10-14,2019101401003000,SBL,49,44,"1,290",336.00,"433,440.00"
2019-10-14,2019101401002967,SBL,41,44,100,336.00,"33,600.00"
2019-10-14,2019101401002934,SBL,28,44,100,336.00,"33,600.00"
2019-10-14,2019101401002929,SBL,26,54,504,335.00,"168,840.00"
2019-10-14,2019101401003150,SBL,25,14,150,336.00,"50,400.00"
2019-10-14,2019101401003149,SBL,26,14,312,336.00,"104,832.00"
2019-10-14,2019101401003148,SBL,35,14,20,336.00,"6,720.00"
2019-10-14,2019101401003110,SBL,28,56,50,337.00,"16,850.00"
2019-10-14,2019101401003105,SBL,26,36,184,335.00,"61,640.00"
2019-10-14,2019101401003104,SBL,38,36,116,336.00,"38,976.00"
2019-10-14,2019101401003397,SCB,36,19,16,570.00,"9,120.00"
2019-10-14,2019101401003396,SCB,39,19,20,570.00,"11,400.00"
2019-10-14,2019101401003131,SCB,58,19,100,570.00,"57,000.00"
2019-10-14,2019101401003160,SHINE,49,45,100,252.00,"25,200.00"
2019-10-14,2019101401003403,SHIVM,48,43,10,508.00,"5,080.00"
2019-10-14,2019101401003372,SHIVM,7,22,50,505.00,"25,250.00"
2019-10-14,2019101401003270,SHIVM,55,21,100,502.00,"50,200.00"
2019-10-14,2019101401003238,SHIVM,55,39,120,502.00,"60,240.00"
2019-10-14,2019101401003237,SHIVM,25,39,100,502.00,"50,200.00"
2019-10-14,2019101401003236,SHIVM,41,39,10,502.00,"5,020.00"
2019-10-14,2019101401003188,SHIVM,25,22,90,503.00,"45,270.00"
2019-10-14,2019101401003022,SHIVM,11,33,20,504.00,"10,080.00"
2019-10-14,2019101401003021,SHIVM,54,33,140,504.00,"70,560.00"
2019-10-14,2019101401003020,SHIVM,57,33,300,504.00,"151,200.00"
2019-10-14,2019101401003019,SHIVM,49,33,40,504.00,"20,160.00"
2019-10-14,2019101401002924,SHIVM,14,58,100,505.00,"50,500.00"
2019-10-14,2019101401003198,SHIVM,25,4,250,502.00,"125,500.00"
2019-10-14,2019101401003193,SHIVM,32,22,200,503.00,"100,600.00"
2019-10-14,2019101401003192,SHIVM,14,22,10,503.00,"5,030.00"
2019-10-14,2019101401003191,SHIVM,4,22,900,503.00,"452,700.00"
2019-10-14,2019101401003190,SHIVM,4,22,600,503.00,"301,800.00"
2019-10-14,2019101401003189,SHIVM,32,22,200,503.00,"100,600.00"
2019-10-14,2019101401003235,SHIVM,52,39,370,502.00,"185,740.00"
2019-10-14,2019101401003203,SHIVM,52,4,130,502.00,"65,260.00"
2019-10-14,2019101401003202,SHIVM,40,4,20,502.00,"10,040.00"
2019-10-14,2019101401003201,SHIVM,49,4,300,502.00,"150,600.00"
2019-10-14,2019101401003200,SHIVM,42,4,50,502.00,"25,100.00"
2019-10-14,2019101401003199,SHIVM,32,4,200,502.00,"100,400.00"
2019-10-14,2019101401002998,SHL,10,21,422,207.00,"87,354.00"
2019-10-14,2019101401002939,SHPC,42,47,130,187.00,"24,310.00"
2019-10-14,2019101401002938,SHPC,39,47,30,187.00,"5,610.00"
2019-10-14,2019101401002937,SHPC,47,47,20,187.00,"3,740.00"
2019-10-14,2019101401002936,SHPC,45,47,50,187.00,"9,350.00"
2019-10-14,2019101401002935,SHPC,16,47,20,187.00,"3,740.00"
2019-10-14,2019101401003184,SIC,34,10,190,465.00,"88,350.00"
2019-10-14,2019101401003183,SIC,22,10,10,470.00,"4,700.00"
2019-10-14,2019101401003389,SJCL,52,46,100,168.00,"16,800.00"
2019-10-14,2019101401003388,SJCL,52,58,650,168.00,"109,200.00"
2019-10-14,2019101401003363,SJCL,7,21,20,167.00,"3,340.00"
2019-10-14,2019101401003291,SJCL,7,44,20,167.00,"3,340.00"
2019-10-14,2019101401003275,SJCL,52,44,20,167.00,"3,340.00"
2019-10-14,2019101401003101,SJCL,1,44,20,168.00,"3,360.00"
2019-10-14,2019101401003100,SJCL,1,44,20,168.00,"3,360.00"
2019-10-14,2019101401003099,SJCL,1,44,20,168.00,"3,360.00"
2019-10-14,2019101401003098,SJCL,1,42,20,168.00,"3,360.00"
2019-10-14,2019101401003060,SJCL,52,44,20,167.00,"3,340.00"
2019-10-14,2019101401003146,SJCL,52,57,20,167.00,"3,340.00"
2019-10-14,2019101401003130,SJCL,52,44,20,167.00,"3,340.00"
2019-10-14,2019101401003129,SJCL,52,42,20,167.00,"3,340.00"
2019-10-14,2019101401003103,SJCL,1,58,100,168.00,"16,800.00"
2019-10-14,2019101401003102,SJCL,1,44,20,168.00,"3,360.00"
2019-10-14,2019101401003289,SKBBL,42,14,102,925.00,"94,350.00"
2019-10-14,2019101401003288,SKBBL,42,34,100,924.00,"92,400.00"
2019-10-14,2019101401002932,SKBBL,42,51,300,919.00,"275,700.00"
2019-10-14,2019101401002931,SKBBL,42,34,85,918.00,"78,030.00"
2019-10-14,2019101401002999,SMB,21,40,10,417.00,"4,170.00"
2019-10-14,2019101401002990,SMFDB,7,55,30,500.00,"15,000.00"
2019-10-14,2019101401002992,SMFDB,50,55,40,500.00,"20,000.00"
2019-10-14,2019101401002991,SMFDB,45,55,30,500.00,"15,000.00"
2019-10-14,2019101401003357,SRBL,20,43,158,236.00,"37,288.00"
2019-10-14,2019101401003356,SRBL,13,43,200,236.00,"47,200.00"
2019-10-14,2019101401003355,SRBL,1,43,200,236.00,"47,200.00"
2019-10-14,2019101401003354,SRBL,1,43,192,236.00,"45,312.00"
2019-10-14,2019101401003207,SRBL,17,43,100,237.00,"23,700.00"
2019-10-14,2019101401003206,SRBL,35,43,30,237.00,"7,110.00"
2019-10-14,2019101401003205,SRBL,55,43,120,237.00,"28,440.00"
2019-10-14,2019101401002995,SRBL,55,42,500,237.00,"118,500.00"
2019-10-14,2019101401002987,SRBL,55,52,380,237.00,"90,060.00"
2019-10-14,2019101401002960,SRBL,34,52,50,237.00,"11,850.00"
2019-10-14,2019101401003161,TMDBL,39,57,25,150.00,"3,750.00"
2019-10-14,2019101401002974,UFL,52,28,"1,000",180.00,"180,000.00"
2019-10-14,2019101401002973,UFL,40,28,110,180.00,"19,800.00"
2019-10-14,2019101401002972,UFL,22,28,50,180.00,"9,000.00"
2019-10-14,2019101401002971,UFL,40,28,380,180.00,"68,400.00"
2019-10-14,2019101401003364,UPPER,33,45,10,236.00,"2,360.00"
2019-10-14,2019101401003244,UPPER,54,45,20,234.00,"4,680.00"
2019-10-14,2019101401003182,UPPER,37,45,50,234.00,"11,700.00"
2019-10-14,2019101401003181,UPPER,56,45,30,234.00,"7,020.00"
2019-10-14,2019101401003180,UPPER,56,45,70,234.00,"16,380.00"
2019-10-14,2019101401003028,UPPER,56,40,30,234.00,"7,020.00"
2019-10-14,2019101401003027,UPPER,41,40,10,234.00,"2,340.00"
2019-10-14,2019101401003008,UPPER,32,46,197,234.00,"46,098.00"
2019-10-14,2019101401003005,UPPER,32,40,40,234.00,"9,360.00"
2019-10-14,2019101401002993,UPPER,32,20,13,234.00,"3,042.00"
2019-10-14,2019101401002912,UPPER,32,40,50,234.00,"11,700.00"
2019-10-14,2019101401002802,ADBL,48,58,50,410.00,"20,500.00"
2019-10-14,2019101401002767,ADBL,58,38,49,409.00,"20,041.00"
2019-10-14,2019101401002766,ADBL,34,38,101,409.00,"41,309.00"
2019-10-14,2019101401002757,ADBL,49,58,780,410.00,"319,800.00"
2019-10-14,2019101401002749,ADBL,28,58,"1,000",410.00,"410,000.00"
2019-10-14,2019101401002747,ADBL,53,58,500,410.00,"205,000.00"
2019-10-14,2019101401002592,ADBL,6,58,100,410.00,"41,000.00"
2019-10-14,2019101401002742,ADBL,51,58,500,410.00,"205,000.00"
2019-10-14,2019101401002676,ADBL,34,22,114,409.00,"46,626.00"
2019-10-14,2019101401002628,ADBL,40,58,200,410.00,"82,000.00"
2019-10-14,2019101401002605,ADBL,14,58,300,410.00,"123,000.00"
2019-10-14,2019101401002594,ADBL,35,58,20,410.00,"8,200.00"
2019-10-14,2019101401002593,ADBL,17,58,100,410.00,"41,000.00"
2019-10-14,2019101401002816,AHPC,18,26,85,97.00,"8,245.00"
2019-10-14,2019101401002724,AHPC,3,26,15,96.00,"1,440.00"
2019-10-14,2019101401002783,AKBSL,59,57,10,407.00,"4,070.00"
2019-10-14,2019101401002692,AKBSL,55,20,10,407.00,"4,070.00"
2019-10-14,2019101401002688,AKBSL,17,20,10,407.00,"4,070.00"
2019-10-14,2019101401002684,AKBSL,17,20,10,407.00,"4,070.00"
2019-10-14,2019101401002677,AKBSL,17,20,10,407.00,"4,070.00"
2019-10-14,2019101401002665,AKBSL,17,20,10,407.00,"4,070.00"
2019-10-14,2019101401002461,AKBSL,17,20,10,407.00,"4,070.00"
2019-10-14,2019101401002440,AKBSL,17,20,10,407.00,"4,070.00"
2019-10-14,2019101401002652,AKBSL,17,20,10,407.00,"4,070.00"
2019-10-14,2019101401002649,AKBSL,17,20,10,407.00,"4,070.00"
2019-10-14,2019101401002637,AKBSL,17,20,10,407.00,"4,070.00"
2019-10-14,2019101401002616,AKBSL,17,20,10,407.00,"4,070.00"
2019-10-14,2019101401002588,AKBSL,17,20,10,407.00,"4,070.00"
2019-10-14,2019101401002570,AKBSL,17,20,10,407.00,"4,070.00"
2019-10-14,2019101401002646,AKJCL,59,21,20,55.00,"1,100.00"
2019-10-14,2019101401002645,AKJCL,11,49,50,56.00,"2,800.00"
2019-10-14,2019101401002882,AKPL,36,57,30,134.00,"4,020.00"
2019-10-14,2019101401002648,AKPL,36,25,50,134.00,"6,700.00"
2019-10-14,2019101401002890,ALBSL,52,40,10,387.00,"3,870.00"
2019-10-14,2019101401002755,API,25,45,50,112.00,"5,600.00"
2019-10-14,2019101401002733,API,21,6,"1,000",111.00,"111,000.00"
2019-10-14,2019101401002580,API,25,45,34,112.00,"3,808.00"
2019-10-14,2019101401002706,BOKL,49,42,240,233.00,"55,920.00"
2019-10-14,2019101401002617,BOKL,49,48,200,233.00,"46,600.00"
2019-10-14,2019101401002493,BOKL,56,14,96,234.00,"22,464.00"
2019-10-14,2019101401002492,BOKL,32,14,89,234.00,"20,826.00"
2019-10-14,2019101401002406,BOKL,32,25,111,234.00,"25,974.00"
2019-10-14,2019101401002405,BOKL,4,25,20,234.00,"4,680.00"
2019-10-14,2019101401002803,BPCL,14,42,150,358.00,"53,700.00"
2019-10-14,2019101401002729,BPCL,41,42,50,358.00,"17,900.00"
2019-10-14,2019101401002674,BPCL,14,21,33,357.00,"11,781.00"
2019-10-14,2019101401002725,CBL,41,42,382,142.00,"54,244.00"
2019-10-14,2019101401002433,CBL,41,33,"2,221",142.00,"315,382.00"
2019-10-14,2019101401002414,CBL,35,33,256,142.00,"36,352.00"
2019-10-14,2019101401002413,CBL,51,33,523,142.00,"74,266.00"
2019-10-14,2019101401002862,CCBL,42,6,80,153.00,"12,240.00"
2019-10-14,2019101401002861,CCBL,45,6,40,153.00,"6,120.00"
2019-10-14,2019101401002740,CCBL,45,4,960,153.00,"146,880.00"
2019-10-14,2019101401002739,CCBL,41,4,40,153.00,"6,120.00"
2019-10-14,2019101401002858,CHCL,13,21,85,421.00,"35,785.00"
2019-10-14,2019101401002807,CHCL,13,36,70,421.00,"29,470.00"
2019-10-14,2019101401002849,CIT,14,14,24,"1,775.00","42,600.00"
2019-10-14,2019101401002454,CLBSL,57,54,10,475.00,"4,750.00"
2019-10-14,2019101401002848,CZBIL,38,49,"1,000",196.00,"196,000.00"
2019-10-14,2019101401002784,CZBIL,32,42,10,195.00,"1,950.00"
2019-10-14,2019101401002781,CZBIL,32,46,45,195.00,"8,775.00"
2019-10-14,2019101401002770,CZBIL,32,1,50,195.00,"9,750.00"
2019-10-14,2019101401002769,CZBIL,25,1,50,195.00,"9,750.00"
2019-10-14,2019101401002553,CZBIL,32,4,900,195.00,"175,500.00"
2019-10-14,2019101401002482,CZBIL,58,4,100,195.00,"19,500.00"
2019-10-14,2019101401002604,DDBL,49,11,45,715.00,"32,175.00"
2019-10-14,2019101401002603,DDBL,43,11,150,717.00,"107,550.00"
2019-10-14,2019101401002885,EBL,39,29,100,558.00,"55,800.00"
2019-10-14,2019101401002884,EBL,14,29,88,558.00,"49,104.00"
2019-10-14,2019101401002844,EBL,41,33,80,559.00,"44,720.00"
2019-10-14,2019101401002822,EBL,41,22,20,559.00,"11,180.00"
2019-10-14,2019101401002809,EBL,17,48,100,560.00,"56,000.00"
2019-10-14,2019101401002758,EBL,37,48,50,560.00,"28,000.00"
2019-10-14,2019101401002656,EBL,37,28,100,560.00,"56,000.00"
2019-10-14,2019101401002499,EBL,34,28,30,560.00,"16,800.00"
2019-10-14,2019101401002470,EBL,14,29,49,558.00,"27,342.00"
2019-10-14,2019101401002469,EBL,51,29,100,559.00,"55,900.00"
2019-10-14,2019101401002468,EBL,32,29,70,559.00,"39,130.00"
2019-10-14,2019101401002467,EBL,45,29,47,560.00,"26,320.00"
2019-10-14,2019101401002735,EBL,28,48,30,560.00,"16,800.00"
2019-10-14,2019101401002709,EBL,34,48,60,560.00,"33,600.00"
2019-10-14,2019101401002703,EBL,41,48,10,560.00,"5,600.00"
2019-10-14,2019101401002687,EBL,14,21,163,558.00,"90,954.00"
2019-10-14,2019101401002669,EBL,45,48,44,560.00,"24,640.00"
2019-10-14,2019101401002668,EBL,45,28,56,560.00,"31,360.00"
2019-10-14,2019101401002814,EIC,25,41,100,231.00,"23,100.00"
2019-10-14,2019101401002791,EIC,33,49,500,232.00,"116,000.00"
2019-10-14,2019101401002698,FMDBL,51,17,30,317.00,"9,510.00"
2019-10-14,2019101401002453,FMDBL,35,19,100,316.00,"31,600.00"
2019-10-14,2019101401002452,FMDBL,11,19,50,316.00,"15,800.00"
2019-10-14,2019101401002451,FMDBL,44,19,30,316.00,"9,480.00"
2019-10-14,2019101401002502,FOWAD,49,48,19,"1,284.00","24,396.00"
2019-10-14,2019101401002573,GBBL,39,40,11,210.00,"2,310.00"
2019-10-14,2019101401002894,GBLBS,25,40,10,310.00,"3,100.00"
2019-10-14,2019101401002874,GBLBS,25,6,30,310.00,"9,300.00"
2019-10-14,2019101401002569,GBLBS,26,19,50,311.00,"15,550.00"
2019-10-14,2019101401002568,GBLBS,49,19,200,311.00,"62,200.00"
2019-10-14,2019101401002621,GHL,11,33,30,63.00,"1,890.00"
2019-10-14,2019101401002704,GILB,7,58,20,701.00,"14,020.00"
2019-10-14,2019101401002697,GILB,58,58,50,702.00,"35,100.00"
2019-10-14,2019101401002860,GMFBS,32,33,100,456.00,"45,600.00"
2019-10-14,2019101401002859,GMFBS,14,33,10,457.00,"4,570.00"
2019-10-14,2019101401002561,GUFL,42,46,500,109.00,"54,500.00"
2019-10-14,2019101401002409,HIDCL,54,42,45,136.00,"6,120.00"
2019-10-14,2019101401002738,ILBS,51,20,10,417.00,"4,170.00"
2019-10-14,2019101401002732,ILBS,39,20,10,418.00,"4,180.00"
2019-10-14,2019101401002728,ILBS,32,21,10,418.00,"4,180.00"
2019-10-14,2019101401002727,ILBS,32,20,10,418.00,"4,180.00"
2019-10-14,2019101401002723,ILBS,32,20,10,418.00,"4,180.00"
2019-10-14,2019101401002660,ILBS,32,21,10,418.00,"4,180.00"
2019-10-14,2019101401002601,ILBS,32,20,10,418.00,"4,180.00"
2019-10-14,2019101401002562,ILBS,32,20,10,418.00,"4,180.00"
2019-10-14,2019101401002539,ILBS,32,20,10,418.00,"4,180.00"
2019-10-14,2019101401002477,ILBS,32,20,10,418.00,"4,180.00"
2019-10-14,2019101401002825,JBBL,17,4,340,160.00,"54,400.00"
2019-10-14,2019101401002815,JBBL,17,4,250,160.00,"40,000.00"
2019-10-14,2019101401002808,JBBL,17,4,750,160.00,"120,000.00"
2019-10-14,2019101401002408,JFL,56,32,300,195.00,"58,500.00"
2019-10-14,2019101401002486,JOSHI,38,52,30,60.00,"1,800.00"
2019-10-14,2019101401002432,KBL,41,48,31,179.00,"5,549.00"
2019-10-14,2019101401002431,KBL,36,48,50,179.00,"8,950.00"
2019-10-14,2019101401002430,KBL,52,48,891,179.00,"159,489.00"
2019-10-14,2019101401002429,KBL,34,48,100,180.00,"18,000.00"
2019-10-14,2019101401002428,KBL,50,48,53,180.00,"9,540.00"
2019-10-14,2019101401002427,KBL,21,48,375,180.00,"67,500.00"
2019-10-14,2019101401002513,KPCL,21,26,10,80.00,800.00
2019-10-14,2019101401002490,KSBBL,38,29,50,141.00,"7,050.00"
2019-10-14,2019101401002489,KSBBL,33,29,"1,000",141.00,"141,000.00"
2019-10-14,2019101401002488,KSBBL,21,29,500,142.00,"71,000.00"
2019-10-14,2019101401002487,KSBBL,22,29,50,142.00,"7,100.00"
2019-10-14,2019101401002779,LBBL,45,45,500,175.00,"87,500.00"
2019-10-14,2019101401002651,LBBL,38,33,10,174.00,"1,740.00"
2019-10-14,2019101401002903,LBL,57,54,30,212.00,"6,360.00"
2019-10-14,2019101401002902,LBL,29,54,187,213.00,"39,831.00"
2019-10-14,2019101401002464,LBL,29,14,275,213.00,"58,575.00"
2019-10-14,2019101401002559,LICN,26,49,30,985.00,"29,550.00"
2019-10-14,2019101401002792,MBL,33,45,287,221.00,"63,427.00"
2019-10-14,2019101401002782,MBL,33,44,100,220.00,"22,000.00"
2019-10-14,2019101401002756,MBL,28,45,630,221.00,"139,230.00"
2019-10-14,2019101401002609,MBL,28,33,19,221.00,"4,199.00"
2019-10-14,2019101401002780,MDB,28,19,"1,000",242.00,"242,000.00"
2019-10-14,2019101401002798,MEGA,28,36,592,196.00,"116,032.00"
2019-10-14,2019101401002589,MEGA,28,11,351,196.00,"68,796.00"
2019-10-14,2019101401002445,MEGA,28,39,500,196.00,"98,000.00"
2019-10-14,2019101401002441,MEGA,28,39,500,196.00,"98,000.00"
2019-10-14,2019101401002537,MEGA,28,39,57,196.00,"11,172.00"
2019-10-14,2019101401002855,MHNL,40,59,180,79.00,"14,220.00"
2019-10-14,2019101401002854,MHNL,52,59,45,80.00,"3,600.00"
2019-10-14,2019101401002754,MLBL,57,41,50,215.00,"10,750.00"
2019-10-14,2019101401002717,MLBL,57,4,50,215.00,"10,750.00"
2019-10-14,2019101401002716,MLBL,57,4,50,215.00,"10,750.00"
2019-10-14,2019101401002695,MLBL,11,21,184,214.00,"39,376.00"
2019-10-14,2019101401002694,MLBL,4,21,38,214.00,"8,132.00"
2019-10-14,2019101401002693,MLBL,51,21,46,215.00,"9,890.00"
2019-10-14,2019101401002587,MLBL,51,4,50,215.00,"10,750.00"
2019-10-14,2019101401002586,MLBL,51,14,50,216.00,"10,800.00"
2019-10-14,2019101401002583,MLBL,51,4,500,215.00,"107,500.00"
2019-10-14,2019101401002566,MLBL,51,4,50,215.00,"10,750.00"
2019-10-14,2019101401002647,MLBL,51,4,50,215.00,"10,750.00"
2019-10-14,2019101401002641,MLBL,51,4,50,215.00,"10,750.00"
2019-10-14,2019101401002629,MLBL,51,4,150,215.00,"32,250.00"
2019-10-14,2019101401002599,MLBL,51,4,50,215.00,"10,750.00"
2019-10-14,2019101401002597,MLBL,51,4,200,215.00,"43,000.00"
2019-10-14,2019101401002590,MLBL,51,4,50,215.00,"10,750.00"
2019-10-14,2019101401002691,MLBL,51,59,200,215.00,"43,000.00"
2019-10-14,2019101401002683,MLBL,51,4,50,215.00,"10,750.00"
2019-10-14,2019101401002675,MLBL,51,4,50,215.00,"10,750.00"
2019-10-14,2019101401002667,MLBL,51,4,150,215.00,"32,250.00"
2019-10-14,2019101401002663,MLBL,51,4,50,215.00,"10,750.00"
2019-10-14,2019101401002654,MLBL,51,4,50,215.00,"10,750.00"
2019-10-14,2019101401002878,MNBBL,14,28,200,304.00,"60,800.00"
2019-10-14,2019101401002877,MNBBL,42,28,300,304.00,"91,200.00"
2019-10-14,2019101401002876,MNBBL,33,28,232,304.00,"70,528.00"
2019-10-14,2019101401002672,MNBBL,42,34,68,305.00,"20,740.00"
2019-10-14,2019101401002671,MNBBL,42,28,232,305.00,"70,760.00"
2019-10-14,2019101401002658,MNBBL,33,43,268,304.00,"81,472.00"
2019-10-14,2019101401002657,MNBBL,38,43,32,304.00,"9,728.00"
2019-10-14,2019101401002847,MSLB,39,48,20,917.00,"18,340.00"
2019-10-14,2019101401002846,MSLB,7,48,23,918.00,"21,114.00"
2019-10-14,2019101401002845,MSLB,45,48,15,922.00,"13,830.00"
2019-10-14,2019101401002896,NABIL,38,19,160,760.00,"121,600.00"
2019-10-14,2019101401002895,NABIL,38,38,40,758.00,"30,320.00"
2019-10-14,2019101401002893,NABIL,26,38,10,758.00,"7,580.00"
2019-10-14,2019101401002817,NABIL,45,22,20,758.00,"15,160.00"
2019-10-14,2019101401002794,NABIL,36,14,25,757.00,"18,925.00"
2019-10-14,2019101401002787,NABIL,6,14,231,758.00,"175,098.00"
2019-10-14,2019101401002517,NABIL,53,58,100,763.00,"76,300.00"
2019-10-14,2019101401002516,NABIL,6,58,49,763.00,"37,387.00"
2019-10-14,2019101401002485,NABIL,6,29,38,763.00,"28,994.00"
2019-10-14,2019101401002484,NABIL,25,29,100,763.00,"76,300.00"
2019-10-14,2019101401002483,NABIL,28,29,24,764.00,"18,336.00"
2019-10-14,2019101401002448,NABIL,21,21,56,765.00,"42,840.00"
2019-10-14,2019101401002523,NABIL,3,58,50,761.00,"38,050.00"
2019-10-14,2019101401002522,NABIL,25,58,500,761.00,"380,500.00"
2019-10-14,2019101401002521,NABIL,26,58,105,761.00,"79,905.00"
2019-10-14,2019101401002520,NABIL,45,58,100,762.00,"76,200.00"
2019-10-14,2019101401002519,NABIL,32,58,25,762.00,"19,050.00"
2019-10-14,2019101401002518,NABIL,28,58,40,762.00,"30,480.00"
2019-10-14,2019101401002529,NABIL,25,58,50,760.00,"38,000.00"
2019-10-14,2019101401002528,NABIL,10,58,500,760.00,"380,000.00"
2019-10-14,2019101401002527,NABIL,19,58,60,760.00,"45,600.00"
2019-10-14,2019101401002526,NABIL,56,58,15,760.00,"11,400.00"
2019-10-14,2019101401002525,NABIL,56,58,20,760.00,"15,200.00"
2019-10-14,2019101401002524,NABIL,34,58,50,760.00,"38,000.00"
2019-10-14,2019101401002786,NABIL,32,14,46,760.00,"34,960.00"
2019-10-14,2019101401002785,NABIL,45,14,79,760.00,"60,040.00"
2019-10-14,2019101401002533,NABIL,45,58,21,760.00,"15,960.00"
2019-10-14,2019101401002532,NABIL,11,58,200,760.00,"152,000.00"
2019-10-14,2019101401002531,NABIL,6,58,15,760.00,"11,400.00"
2019-10-14,2019101401002530,NABIL,41,58,100,760.00,"76,000.00"
2019-10-14,2019101401002471,NADEP,49,58,50,401.00,"20,050.00"
2019-10-14,2019101401002472,NADEP,34,58,10,400.00,"4,000.00"
2019-10-14,2019101401002857,NADEP,57,58,400,400.00,"160,000.00"
2019-10-14,2019101401002856,NADEP,28,45,250,399.00,"99,750.00"
2019-10-14,2019101401002496,NBB,47,29,90,209.00,"18,810.00"
2019-10-14,2019101401002748,NBB,56,53,500,210.00,"105,000.00"
2019-10-14,2019101401002702,NBB,56,21,66,209.00,"13,794.00"
2019-10-14,2019101401002670,NBB,56,22,62,209.00,"12,958.00"
2019-10-14,2019101401002497,NBB,56,29,210,209.00,"43,890.00"
2019-10-14,2019101401002705,NBL,21,21,50,313.00,"15,650.00"
2019-10-14,2019101401002700,NBL,21,46,500,313.00,"156,500.00"
2019-10-14,2019101401002852,NCCB,32,46,255,196.00,"49,980.00"
2019-10-14,2019101401002826,NCCB,19,46,30,196.00,"5,880.00"
2019-10-14,2019101401002771,NCCB,52,46,200,196.00,"39,200.00"
2019-10-14,2019101401002710,NCCB,1,1,70,196.00,"13,720.00"
2019-10-14,2019101401002600,NCCB,1,33,125,196.00,"24,500.00"
2019-10-14,2019101401002567,NCCB,29,46,15,197.00,"2,955.00"
2019-10-14,2019101401002563,NCCB,8,55,10,198.00,"1,980.00"
2019-10-14,2019101401002426,NCCB,48,33,279,195.00,"54,405.00"
2019-10-14,2019101401002778,NHPC,20,14,"1,000",52.00,"52,000.00"
2019-10-14,2019101401002777,NHPC,58,14,500,52.00,"26,000.00"
2019-10-14,2019101401002776,NHPC,17,14,500,52.00,"26,000.00"
2019-10-14,2019101401002775,NHPC,41,14,100,52.00,"5,200.00"
2019-10-14,2019101401002774,NHPC,54,14,580,52.00,"30,160.00"
2019-10-14,2019101401002760,NHPC,6,43,150,53.00,"7,950.00"
2019-10-14,2019101401002679,NHPC,54,34,110,52.00,"5,720.00"
2019-10-14,2019101401002768,NIB,57,45,148,438.00,"64,824.00"
2019-10-14,2019101401002726,NIB,57,41,52,438.00,"22,776.00"
2019-10-14,2019101401002664,NIB,42,22,58,437.00,"25,346.00"
2019-10-14,2019101401002635,NIB,35,41,148,438.00,"64,824.00"
2019-10-14,2019101401002581,NIB,35,54,152,438.00,"66,576.00"
2019-10-14,2019101401002515,NIB,42,45,14,437.00,"6,118.00"
2019-10-14,2019101401002514,NIB,43,45,104,437.00,"45,448.00"
2019-10-14,2019101401002446,NIB,34,54,163,438.00,"71,394.00"
2019-10-14,2019101401002721,NICA,22,44,300,381.00,"114,300.00"
2019-10-14,2019101401002720,NICA,34,44,100,381.00,"38,100.00"
2019-10-14,2019101401002719,NICA,33,44,500,381.00,"190,500.00"
2019-10-14,2019101401002718,NICA,35,44,129,382.00,"49,278.00"
2019-10-14,2019101401002653,NICA,48,13,51,383.00,"19,533.00"
2019-10-14,2019101401002644,NICA,35,11,"1,750",382.00,"668,500.00"
2019-10-14,2019101401002643,NICA,42,11,50,382.00,"19,100.00"
2019-10-14,2019101401002642,NICA,6,11,200,382.00,"76,400.00"
2019-10-14,2019101401002419,NICA,34,13,30,383.00,"11,490.00"
2019-10-14,2019101401002881,NICL,25,37,10,272.00,"2,720.00"
2019-10-14,2019101401002843,NICL,35,32,110,270.00,"29,700.00"
2019-10-14,2019101401002731,NICL,25,25,15,270.00,"4,050.00"
2019-10-14,2019101401002552,NIL,39,45,10,367.00,"3,670.00"
2019-10-14,2019101401002505,NIL,1,29,175,360.00,"63,000.00"
2019-10-14,2019101401002504,NIL,28,29,25,360.00,"9,000.00"
2019-10-14,2019101401002811,NLBBL,52,19,59,505.00,"29,795.00"
2019-10-14,2019101401002680,NLBBL,57,19,100,505.00,"50,500.00"
2019-10-14,2019101401002829,NLG,3,32,10,543.00,"5,430.00"
2019-10-14,2019101401002828,NLG,33,32,60,543.00,"32,580.00"
2019-10-14,2019101401002827,NLG,7,32,32,544.00,"17,408.00"
2019-10-14,2019101401002813,NLIC,57,53,220,760.00,"167,200.00"
2019-10-14,2019101401002773,NLIC,57,58,50,760.00,"38,000.00"
2019-10-14,2019101401002744,NLIC,57,45,150,760.00,"114,000.00"
2019-10-14,2019101401002743,NLIC,41,45,50,761.00,"38,050.00"
2019-10-14,2019101401002736,NLIC,56,52,315,762.00,"240,030.00"
2019-10-14,2019101401002690,NLIC,28,52,20,762.00,"15,240.00"
2019-10-14,2019101401002662,NLIC,1,4,20,761.00,"15,220.00"
2019-10-14,2019101401002750,NLICL,44,39,"1,000",461.00,"461,000.00"
2019-10-14,2019101401002416,NMBSF1,11,8,"1,000",10.10,"10,100.00"
2019-10-14,2019101401002901,NTC,59,42,240,623.00,"149,520.00"
2019-10-14,2019101401002900,NTC,28,42,200,624.00,"124,800.00"
2019-10-14,2019101401002899,NTC,22,42,100,625.00,"62,500.00"
2019-10-14,2019101401002898,NTC,39,42,160,625.00,"100,000.00"
2019-10-14,2019101401002789,NTC,59,46,10,629.00,"6,290.00"
2019-10-14,2019101401002762,NTC,39,7,398,625.00,"248,750.00"
2019-10-14,2019101401002474,NTC,49,7,50,630.00,"31,500.00"
2019-10-14,2019101401002473,NTC,42,7,42,630.00,"26,460.00"
2019-10-14,2019101401002555,NTC,59,7,10,630.00,"6,300.00"
2019-10-14,2019101401002501,NTC,39,21,10,625.00,"6,250.00"
2019-10-14,2019101401002640,NUBL,34,28,100,855.00,"85,500.00"
2019-10-14,2019101401002639,NUBL,49,28,200,855.00,"171,000.00"
2019-10-14,2019101401002873,OHL,28,4,720,478.00,"344,160.00"
2019-10-14,2019101401002872,OHL,41,4,10,480.00,"4,800.00"
2019-10-14,2019101401002759,OHL,28,4,30,485.00,"14,550.00"
2019-10-14,2019101401002661,PCBL,19,22,68,263.00,"17,884.00"
2019-10-14,2019101401002638,PCBL,19,42,20,263.00,"5,260.00"
2019-10-14,2019101401002551,PCBL,28,58,999,263.00,"262,737.00"
2019-10-14,2019101401002550,PCBL,17,58,100,263.00,"26,300.00"
2019-10-14,2019101401002549,PCBL,57,58,"1,000",263.00,"263,000.00"
2019-10-14,2019101401002548,PCBL,6,58,200,263.00,"52,600.00"
2019-10-14,2019101401002541,PCBL,32,58,500,264.00,"132,000.00"
2019-10-14,2019101401002540,PCBL,36,58,396,264.00,"104,544.00"
2019-10-14,2019101401002536,PCBL,36,39,100,264.00,"26,400.00"
2019-10-14,2019101401002547,PCBL,19,58,100,263.00,"26,300.00"
2019-10-14,2019101401002546,PCBL,19,58,100,263.00,"26,300.00"
2019-10-14,2019101401002545,PCBL,42,58,200,263.00,"52,600.00"
2019-10-14,2019101401002544,PCBL,55,58,350,263.00,"92,050.00"
2019-10-14,2019101401002543,PCBL,57,58,400,263.00,"105,200.00"
2019-10-14,2019101401002542,PCBL,4,58,155,263.00,"40,765.00"
2019-10-14,2019101401002613,PFL,20,17,79,133.00,"10,507.00"
2019-10-14,2019101401002612,PFL,32,17,64,133.00,"8,512.00"
2019-10-14,2019101401002888,PIC,59,1,84,364.00,"30,576.00"
2019-10-14,2019101401002887,PIC,59,1,16,365.00,"5,840.00"
2019-10-14,2019101401002892,PLIC,57,57,96,320.00,"30,720.00"
2019-10-14,2019101401002891,PLIC,7,57,50,320.00,"16,000.00"
2019-10-14,2019101401002711,PMHPL,54,21,10,88.00,880.00
2019-10-14,2019101401002535,PMHPL,54,26,10,88.00,880.00
2019-10-14,2019101401002475,PMHPL,54,26,10,88.00,880.00
2019-10-14,2019101401002823,PPCL,18,20,10,93.00,930.00
2019-10-14,2019101401002818,PPCL,18,20,10,93.00,930.00
2019-10-14,2019101401002812,PPCL,18,20,10,93.00,930.00
2019-10-14,2019101401002805,PPCL,18,20,10,93.00,930.00
2019-10-14,2019101401002582,PPCL,18,20,10,93.00,930.00
2019-10-14,2019101401002565,PPCL,18,20,10,93.00,930.00
2019-10-14,2019101401002560,PPCL,18,20,10,93.00,930.00
2019-10-14,2019101401002534,PPCL,18,20,10,93.00,930.00
2019-10-14,2019101401002466,PPCL,18,20,20,93.00,"1,860.00"
2019-10-14,2019101401002435,PPCL,34,20,10,93.00,930.00
2019-10-14,2019101401002793,PPCL,18,20,10,93.00,930.00
2019-10-14,2019101401002788,PPCL,18,20,10,93.00,930.00
2019-10-14,2019101401002772,PPCL,18,20,10,93.00,930.00
2019-10-14,2019101401002746,PPCL,18,20,30,93.00,"2,790.00"
2019-10-14,2019101401002614,PPCL,18,20,10,93.00,930.00
2019-10-14,2019101401002598,PPCL,18,20,10,93.00,930.00
2019-10-14,2019101401002865,PRIN,45,39,44,304.00,"13,376.00"
2019-10-14,2019101401002864,PRIN,45,39,290,304.00,"88,160.00"
2019-10-14,2019101401002863,PRIN,45,39,200,304.00,"60,800.00"
2019-10-14,2019101401002853,PRVU,8,4,200,267.00,"53,400.00"
2019-10-14,2019101401002797,PRVU,32,4,236,266.00,"62,776.00"
2019-10-14,2019101401002796,PRVU,29,4,50,266.00,"13,300.00"
2019-10-14,2019101401002795,PRVU,45,4,14,266.00,"3,724.00"
2019-10-14,2019101401002424,PRVU,34,45,"1,000",267.00,"267,000.00"
2019-10-14,2019101401002404,PRVU,34,45,500,267.00,"133,500.00"
2019-10-14,2019101401002460,PRVU,45,29,86,266.00,"22,876.00"
2019-10-14,2019101401002459,PRVU,39,29,25,266.00,"6,650.00"
2019-10-14,2019101401002458,PRVU,6,29,80,266.00,"21,280.00"
2019-10-14,2019101401002457,PRVU,45,29,100,266.00,"26,600.00"
2019-10-14,2019101401002456,PRVU,42,29,500,266.00,"133,000.00"
2019-10-14,2019101401002455,PRVU,40,29,409,266.00,"108,794.00"
2019-10-14,2019101401002591,PRVU,51,45,50,267.00,"13,350.00"
2019-10-14,2019101401002572,PRVU,10,45,"1,000",267.00,"267,000.00"
2019-10-14,2019101401002506,PRVU,49,45,100,267.00,"26,700.00"
2019-10-14,2019101401002503,PRVU,34,45,100,267.00,"26,700.00"
2019-10-14,2019101401002494,PRVU,11,45,100,267.00,"26,700.00"
2019-10-14,2019101401002412,RBCL,47,25,20,"8,400.00","168,000.00"
2019-10-14,2019101401002411,RBCL,59,25,20,"8,400.00","168,000.00"
2019-10-14,2019101401002611,RBCLPO,41,41,20,"7,220.00","144,400.00"
2019-10-14,2019101401002897,RHPL,54,44,30,158.00,"4,740.00"
2019-10-14,2019101401002790,RHPL,54,57,30,158.00,"4,740.00"
2019-10-14,2019101401002761,RHPL,54,57,30,158.00,"4,740.00"
2019-10-14,2019101401002730,RHPL,54,45,50,158.00,"7,900.00"
2019-10-14,2019101401002686,RHPL,54,1,50,158.00,"7,900.00"
2019-10-14,2019101401002678,RHPL,54,1,40,158.00,"6,320.00"
2019-10-14,2019101401002443,RHPL,29,20,40,158.00,"6,320.00"
2019-10-14,2019101401002442,RHPL,29,34,40,158.00,"6,320.00"
2019-10-14,2019101401002434,RHPL,29,34,40,158.00,"6,320.00"
2019-10-14,2019101401002421,RHPL,29,20,40,158.00,"6,320.00"
2019-10-14,2019101401002418,RHPL,29,34,50,158.00,"7,900.00"
2019-10-14,2019101401002538,RHPL,29,26,40,158.00,"6,320.00"
2019-10-14,2019101401002510,RHPL,29,20,40,158.00,"6,320.00"
2019-10-14,2019101401002508,RHPL,29,34,50,158.00,"7,900.00"
2019-10-14,2019101401002500,RHPL,29,26,40,158.00,"6,320.00"
2019-10-14,2019101401002476,RHPL,29,34,40,158.00,"6,320.00"
2019-10-14,2019101401002450,RHPL,29,34,40,158.00,"6,320.00"
2019-10-14,2019101401002615,RHPL,17,1,30,158.00,"4,740.00"
2019-10-14,2019101401002610,RHPL,17,1,30,158.00,"4,740.00"
2019-10-14,2019101401002608,RHPL,17,1,10,158.00,"1,580.00"
2019-10-14,2019101401002607,RHPL,40,1,30,158.00,"4,740.00"
2019-10-14,2019101401002585,RHPL,40,40,20,158.00,"3,160.00"
2019-10-14,2019101401002584,RHPL,29,40,20,158.00,"3,160.00"
2019-10-14,2019101401002666,RHPL,54,1,40,158.00,"6,320.00"
2019-10-14,2019101401002655,RHPL,54,1,50,158.00,"7,900.00"
2019-10-14,2019101401002650,RHPL,54,1,40,158.00,"6,320.00"
2019-10-14,2019101401002636,RHPL,54,1,50,158.00,"7,900.00"
2019-10-14,2019101401002619,RHPL,54,1,10,158.00,"1,580.00"
2019-10-14,2019101401002618,RHPL,17,1,30,158.00,"4,740.00"
2019-10-14,2019101401002883,RRHP,47,1,10,102.00,"1,020.00"
2019-10-14,2019101401002875,SADBL,28,56,310,140.00,"43,400.00"
2019-10-14,2019101401002753,SADBL,28,56,133,140.00,"18,620.00"
2019-10-14,2019101401002752,SADBL,1,56,200,140.00,"28,000.00"
2019-10-14,2019101401002481,SADBL,28,46,200,142.00,"28,400.00"
2019-10-14,2019101401002480,SADBL,28,39,100,142.00,"14,200.00"
2019-10-14,2019101401002659,SANIMA,17,22,185,306.00,"56,610.00"
2019-10-14,2019101401002578,SANIMA,17,13,45,306.00,"13,770.00"
2019-10-14,2019101401002577,SANIMA,39,13,30,306.00,"9,180.00"
2019-10-14,2019101401002576,SANIMA,6,13,10,306.00,"3,060.00"
2019-10-14,2019101401002575,SANIMA,34,13,30,306.00,"9,180.00"
2019-10-14,2019101401002574,SANIMA,14,13,10,306.00,"3,060.00"
2019-10-14,2019101401002851,SAPDBL,17,16,208,127.00,"26,416.00"
2019-10-14,2019101401002850,SAPDBL,17,16,192,127.00,"24,384.00"
2019-10-14,2019101401002737,SBI,37,32,50,400.00,"20,000.00"
2019-10-14,2019101401002722,SBI,57,21,94,398.00,"37,412.00"
2019-10-14,2019101401002627,SBI,28,16,129,397.00,"51,213.00"
2019-10-14,2019101401002626,SBI,1,16,200,397.00,"79,400.00"
2019-10-14,2019101401002625,SBI,45,16,50,398.00,"19,900.00"
2019-10-14,2019101401002624,SBI,35,16,30,398.00,"11,940.00"
2019-10-14,2019101401002623,SBI,10,16,100,399.00,"39,900.00"
2019-10-14,2019101401002622,SBI,34,16,45,399.00,"17,955.00"
2019-10-14,2019101401002889,SBL,44,39,"2,000",335.00,"670,000.00"
2019-10-14,2019101401002880,SBL,44,48,"1,000",336.00,"336,000.00"
2019-10-14,2019101401002879,SBL,44,44,425,336.00,"142,800.00"
2019-10-14,2019101401002830,SBL,21,44,500,336.00,"168,000.00"
2019-10-14,2019101401002804,SBL,45,44,100,336.00,"33,600.00"
2019-10-14,2019101401002745,SBL,44,14,"1,500",335.00,"502,500.00"
2019-10-14,2019101401002478,SBL,45,44,50,336.00,"16,800.00"
2019-10-14,2019101401002423,SBL,53,44,50,336.00,"16,800.00"
2019-10-14,2019101401002715,SBL,26,44,475,336.00,"159,600.00"
2019-10-14,2019101401002714,SBL,26,6,145,336.00,"48,720.00"
2019-10-14,2019101401002713,SBL,26,37,239,336.00,"80,304.00"
2019-10-14,2019101401002712,SBL,26,44,141,336.00,"47,376.00"
2019-10-14,2019101401002620,SBL,36,44,50,336.00,"16,800.00"
2019-10-14,2019101401002606,SBL,38,44,70,336.00,"23,520.00"
2019-10-14,2019101401002886,SCB,45,14,18,565.00,"10,170.00"
2019-10-14,2019101401002870,SCB,45,14,39,565.00,"22,035.00"
2019-10-14,2019101401002869,SCB,6,14,25,565.00,"14,125.00"
2019-10-14,2019101401002868,SCB,13,14,50,565.00,"28,250.00"
2019-10-14,2019101401002867,SCB,29,14,176,565.00,"99,440.00"
2019-10-14,2019101401002866,SCB,10,14,100,565.00,"56,500.00"
2019-10-14,2019101401002415,SCB,35,57,10,572.00,"5,720.00"
2019-10-14,2019101401002764,SCB,39,45,25,570.00,"14,250.00"
2019-10-14,2019101401002763,SCB,26,45,50,570.00,"28,500.00"
2019-10-14,2019101401002741,SCB,19,25,40,571.00,"22,840.00"
2019-10-14,2019101401002689,SCB,19,21,10,571.00,"5,710.00"
2019-10-14,2019101401002673,SCB,17,57,10,572.00,"5,720.00"
2019-10-14,2019101401002821,SCB,42,19,25,570.00,"14,250.00"
2019-10-14,2019101401002820,SCB,42,45,75,570.00,"42,750.00"
2019-10-14,2019101401002819,SCB,17,14,200,566.00,"113,200.00"
2019-10-14,2019101401002765,SCB,58,45,50,570.00,"28,500.00"
2019-10-14,2019101401002564,SEF,3,40,700,9.02,"6,314.00"
2019-10-14,2019101401002810,SHIVM,48,4,50,506.00,"25,300.00"
2019-10-14,2019101401002708,SHIVM,22,32,100,505.00,"50,500.00"
2019-10-14,2019101401002707,SHIVM,22,48,50,505.00,"25,250.00"
2019-10-14,2019101401002682,SHIVM,49,42,60,504.00,"30,240.00"
2019-10-14,2019101401002840,SHL,13,34,100,206.00,"20,600.00"
2019-10-14,2019101401002839,SHL,52,34,300,206.00,"61,800.00"
2019-10-14,2019101401002838,SHL,8,34,100,206.00,"20,600.00"
2019-10-14,2019101401002837,SHL,43,34,100,206.00,"20,600.00"
2019-10-14,2019101401002836,SHL,39,34,100,207.00,"20,700.00"
2019-10-14,2019101401002835,SHL,58,34,100,207.00,"20,700.00"
2019-10-14,2019101401002834,SHL,26,34,100,207.00,"20,700.00"
2019-10-14,2019101401002833,SHL,58,34,500,207.00,"103,500.00"
2019-10-14,2019101401002832,SHL,57,34,300,207.00,"62,100.00"
2019-10-14,2019101401002831,SHL,45,34,300,208.00,"62,400.00"
2019-10-14,2019101401002571,SHL,22,58,300,209.00,"62,700.00"
2019-10-14,2019101401002806,SHPC,56,46,70,190.00,"13,300.00"
2019-10-14,2019101401002439,SIFC,41,35,350,153.00,"53,550.00"
2019-10-14,2019101401002438,SIFC,43,35,200,154.00,"30,800.00"
2019-10-14,2019101401002596,SIL,39,25,40,380.00,"15,200.00"
2019-10-14,2019101401002595,SIL,32,25,10,380.00,"3,800.00"
2019-10-14,2019101401002579,SIL,32,34,90,380.00,"34,200.00"
2019-10-14,2019101401002602,SINDU,17,26,100,124.00,"12,400.00"
2019-10-14,2019101401002801,SJCL,52,57,20,167.00,"3,340.00"
2019-10-14,2019101401002751,SJCL,52,57,20,167.00,"3,340.00"
2019-10-14,2019101401002701,SJCL,6,33,60,168.00,"10,080.00"
2019-10-14,2019101401002696,SJCL,52,1,20,167.00,"3,340.00"
2019-10-14,2019101401002425,SJCL,52,20,20,167.00,"3,340.00"
2019-10-14,2019101401002420,SJCL,52,34,20,167.00,"3,340.00"
2019-10-14,2019101401002407,SJCL,52,34,20,167.00,"3,340.00"
2019-10-14,2019101401002462,SJCL,52,34,20,167.00,"3,340.00"
2019-10-14,2019101401002447,SJCL,52,20,20,167.00,"3,340.00"
2019-10-14,2019101401002444,SJCL,52,34,20,167.00,"3,340.00"
2019-10-14,2019101401002437,SJCL,52,34,20,167.00,"3,340.00"
2019-10-14,2019101401002554,SJCL,52,26,20,167.00,"3,340.00"
2019-10-14,2019101401002512,SJCL,52,20,20,167.00,"3,340.00"
2019-10-14,2019101401002511,SJCL,52,34,20,167.00,"3,340.00"
2019-10-14,2019101401002507,SJCL,52,26,20,167.00,"3,340.00"
2019-10-14,2019101401002491,SJCL,52,34,10,167.00,"1,670.00"
2019-10-14,2019101401002699,SLBSL,55,29,10,672.00,"6,720.00"
2019-10-14,2019101401002824,SMATA,54,21,10,535.00,"5,350.00"
2019-10-14,2019101401002558,SMATA,41,28,200,535.00,"107,000.00"
2019-10-14,2019101401002557,SMATA,58,28,100,536.00,"53,600.00"
2019-10-14,2019101401002556,SMATA,14,28,20,536.00,"10,720.00"
2019-10-14,2019101401002871,SRBL,21,21,6,233.00,"1,398.00"
2019-10-14,2019101401002685,SRBL,51,52,100,237.00,"23,700.00"
2019-10-14,2019101401002681,SRBL,42,52,20,237.00,"4,740.00"
2019-10-14,2019101401002495,SRBL,45,52,50,237.00,"11,850.00"
2019-10-14,2019101401002463,SRBL,21,52,300,237.00,"71,100.00"
2019-10-14,2019101401002634,TRH,45,33,477,275.00,"131,175.00"
2019-10-14,2019101401002633,TRH,55,33,100,275.00,"27,500.00"
2019-10-14,2019101401002632,TRH,35,33,30,276.00,"8,280.00"
2019-10-14,2019101401002631,TRH,35,33,91,276.00,"25,116.00"
2019-10-14,2019101401002630,TRH,32,33,60,276.00,"16,560.00"
2019-10-14,2019101401002800,UPPER,22,22,386,235.00,"90,710.00"
2019-10-14,2019101401002799,UPPER,40,22,43,235.00,"10,105.00"
2019-10-14,2019101401002734,UPPER,22,21,50,235.00,"11,750.00"
2019-10-14,2019101401002509,UPPER,40,1,40,235.00,"9,400.00"
2019-10-14,2019101401002498,UPPER,40,1,40,235.00,"9,400.00"
2019-10-14,2019101401002410,UPPER,40,1,40,235.00,"9,400.00"
2019-10-14,2019101401002479,UPPER,40,1,50,235.00,"11,750.00"
2019-10-14,2019101401002465,UPPER,40,1,50,235.00,"11,750.00"
2019-10-14,2019101401002449,UPPER,40,1,50,235.00,"11,750.00"
2019-10-14,2019101401002436,UPPER,40,1,40,235.00,"9,400.00"
2019-10-14,2019101401002422,UPPER,40,1,50,235.00,"11,750.00"
2019-10-14,2019101401002417,UPPER,40,1,40,235.00,"9,400.00"
2019-10-14,2019101401002842,VLBS,45,51,100,550.00,"55,000.00"
2019-10-14,2019101401002841,VLBS,45,43,70,549.00,"38,430.00"
2019-10-14,2019101401002322,ADBL,26,17,54,410.00,"22,140.00"
2019-10-14,2019101401002257,ADBL,26,38,143,410.00,"58,630.00"
2019-10-14,2019101401002256,ADBL,57,38,357,410.00,"146,370.00"
2019-10-14,2019101401002255,ADBL,59,38,500,410.00,"205,000.00"
2019-10-14,2019101401002198,ADBL,57,58,43,410.00,"17,630.00"
2019-10-14,2019101401002197,ADBL,56,58,170,410.00,"69,700.00"
2019-10-14,2019101401002190,ADBL,25,58,100,411.00,"41,100.00"
2019-10-14,2019101401002189,ADBL,52,58,60,412.00,"24,720.00"
2019-10-14,2019101401002075,ADBL,52,58,382,412.00,"157,384.00"
2019-10-14,2019101401002069,ADBL,52,14,58,412.00,"23,896.00"
2019-10-14,2019101401002068,ADBL,39,14,101,412.00,"41,612.00"
2019-10-14,2019101401002048,ADBL,14,58,"1,000",413.00,"413,000.00"
2019-10-14,2019101401002196,ADBL,53,58,200,410.00,"82,000.00"
2019-10-14,2019101401002195,ADBL,6,58,"1,000",410.00,"410,000.00"
2019-10-14,2019101401002194,ADBL,51,58,125,411.00,"51,375.00"
2019-10-14,2019101401002193,ADBL,49,58,"2,000",411.00,"822,000.00"
2019-10-14,2019101401002192,ADBL,52,58,20,411.00,"8,220.00"
2019-10-14,2019101401002191,ADBL,44,58,50,411.00,"20,550.00"
2019-10-14,2019101401002178,AKBSL,17,22,10,407.00,"4,070.00"
2019-10-14,2019101401002131,AKBSL,17,32,10,407.00,"4,070.00"
2019-10-14,2019101401002272,AKJCL,33,49,25,56.00,"1,400.00"
2019-10-14,2019101401002327,ALICL,44,32,50,317.00,"15,850.00"
2019-10-14,2019101401002245,ALICL,44,37,65,317.00,"20,605.00"
2019-10-14,2019101401002292,API,25,45,100,111.00,"11,100.00"
2019-10-14,2019101401002291,API,8,45,200,111.00,"22,200.00"
2019-10-14,2019101401002071,BOKL,4,11,80,234.00,"18,720.00"
2019-10-14,2019101401002070,BOKL,7,11,20,234.00,"4,680.00"
2019-10-14,2019101401001977,BOKL,7,25,30,234.00,"7,020.00"
2019-10-14,2019101401002206,BPCL,13,22,12,356.00,"4,272.00"
2019-10-14,2019101401002205,BPCL,48,22,10,357.00,"3,570.00"
2019-10-14,2019101401002336,CBBL,21,21,59,966.00,"56,994.00"
2019-10-14,2019101401001989,CBBL,44,49,15,965.00,"14,475.00"
2019-10-14,2019101401001987,CBBL,41,49,65,966.00,"62,790.00"
2019-10-14,2019101401001986,CBBL,36,49,10,967.00,"9,670.00"
2019-10-14,2019101401002395,CBL,51,25,110,142.00,"15,620.00"
2019-10-14,2019101401002273,CBL,51,58,"2,606",142.00,"370,052.00"
2019-10-14,2019101401002270,CBL,51,51,500,142.00,"71,000.00"
2019-10-14,2019101401002264,CBL,51,51,"1,261",142.00,"179,062.00"
2019-10-14,2019101401002263,CBL,42,51,100,142.00,"14,200.00"
2019-10-14,2019101401002262,CBL,38,51,100,142.00,"14,200.00"
2019-10-14,2019101401002261,CBL,8,51,535,142.00,"75,970.00"
2019-10-14,2019101401002134,CBL,8,22,10,142.00,"1,420.00"
2019-10-14,2019101401002034,CBL,45,58,30,143.00,"4,290.00"
2019-10-14,2019101401002316,CCBL,47,58,800,154.00,"123,200.00"
2019-10-14,2019101401002283,CCBL,32,58,"1,000",153.00,"153,000.00"
2019-10-14,2019101401002282,CCBL,13,58,800,153.00,"122,400.00"
2019-10-14,2019101401002281,CCBL,8,58,164,153.00,"25,092.00"
2019-10-14,2019101401002207,CCBL,6,58,700,154.00,"107,800.00"
2019-10-14,2019101401002124,CCBL,47,58,487,154.00,"74,998.00"
2019-10-14,2019101401002045,CCBL,47,22,13,154.00,"2,002.00"
2019-10-14,2019101401002111,CEFL,4,48,50,119.00,"5,950.00"
2019-10-14,2019101401002110,CEFL,4,47,50,119.00,"5,950.00"
2019-10-14,2019101401002109,CEFL,4,51,"3,000",118.00,"354,000.00"
2019-10-14,2019101401002108,CEFL,4,57,480,118.00,"56,640.00"
2019-10-14,2019101401002107,CEFL,4,42,40,118.00,"4,720.00"
2019-10-14,2019101401001982,CEFL,4,51,"3,090",117.00,"361,530.00"
2019-10-14,2019101401001946,CEFL,4,51,"2,000",116.00,"232,000.00"
2019-10-14,2019101401001945,CEFL,4,42,40,116.00,"4,640.00"
2019-10-14,2019101401002035,CHCL,48,14,10,424.00,"4,240.00"
2019-10-14,2019101401001965,CHCL,49,14,156,424.00,"66,144.00"
2019-10-14,2019101401001931,CHCL,49,45,13,420.00,"5,460.00"
2019-10-14,2019101401002217,CIT,16,8,19,"1,769.00","33,611.00"
2019-10-14,2019101401002390,CZBIL,49,25,103,194.00,"19,982.00"
2019-10-14,2019101401002333,CZBIL,49,17,50,194.00,"9,700.00"
2019-10-14,2019101401002332,CZBIL,32,17,100,195.00,"19,500.00"
2019-10-14,2019101401002132,CZBIL,32,56,26,195.00,"5,070.00"
2019-10-14,2019101401002101,CZBIL,49,38,50,194.00,"9,700.00"
2019-10-14,2019101401002100,CZBIL,39,38,500,194.00,"97,000.00"
2019-10-14,2019101401001971,CZBIL,32,1,100,196.00,"19,600.00"
2019-10-14,2019101401002099,CZBIL,45,38,50,195.00,"9,750.00"
2019-10-14,2019101401002098,CZBIL,6,38,60,195.00,"11,700.00"
2019-10-14,2019101401002097,CZBIL,43,38,200,195.00,"39,000.00"
2019-10-14,2019101401002096,CZBIL,22,38,40,195.00,"7,800.00"
2019-10-14,2019101401002095,CZBIL,19,38,100,195.00,"19,500.00"
2019-10-14,2019101401002094,CZBIL,32,38,400,195.00,"78,000.00"
2019-10-14,2019101401002269,EBL,45,42,53,560.00,"29,680.00"
2019-10-14,2019101401002268,EBL,22,42,50,560.00,"28,000.00"
2019-10-14,2019101401002267,EBL,41,42,30,560.00,"16,800.00"
2019-10-14,2019101401002266,EBL,20,42,167,560.00,"93,520.00"
2019-10-14,2019101401001920,EBL,39,44,109,560.00,"61,040.00"
2019-10-14,2019101401001956,EBL,21,51,46,560.00,"25,760.00"
2019-10-14,2019101401001925,EBL,21,45,151,560.00,"84,560.00"
2019-10-14,2019101401001924,EBL,21,44,203,560.00,"113,680.00"
2019-10-14,2019101401001923,EBL,6,44,10,560.00,"5,600.00"
2019-10-14,2019101401001922,EBL,34,44,200,560.00,"112,000.00"
2019-10-14,2019101401001921,EBL,52,44,200,560.00,"112,000.00"
2019-10-14,2019101401002234,EBL,1,28,200,562.00,"112,400.00"
2019-10-14,2019101401002055,EBL,20,16,33,560.00,"18,480.00"
2019-10-14,2019101401002014,EBL,43,16,50,560.00,"28,000.00"
2019-10-14,2019101401001964,EBL,41,16,21,560.00,"11,760.00"
2019-10-14,2019101401001963,EBL,51,16,146,560.00,"81,760.00"
2019-10-14,2019101401001957,EBL,51,51,254,560.00,"142,240.00"
2019-10-14,2019101401002022,EIC,49,49,500,233.00,"116,500.00"
2019-10-14,2019101401002021,EIC,20,49,22,233.00,"5,126.00"
2019-10-14,2019101401002020,EIC,49,49,37,234.00,"8,658.00"
2019-10-14,2019101401001983,EIC,34,50,500,234.00,"117,000.00"
2019-10-14,2019101401002160,FMDBL,44,56,20,316.00,"6,320.00"
2019-10-14,2019101401002393,GBBL,39,10,227,210.00,"47,670.00"
2019-10-14,2019101401002392,GBBL,52,10,150,211.00,"31,650.00"
2019-10-14,2019101401002391,GBBL,1,10,200,211.00,"42,200.00"
2019-10-14,2019101401002058,GBBL,35,11,200,212.00,"42,400.00"
2019-10-14,2019101401002057,GBBL,35,11,79,212.00,"16,748.00"
2019-10-14,2019101401001980,GBLBS,14,19,200,312.00,"62,400.00"
2019-10-14,2019101401001979,GBLBS,34,19,300,312.00,"93,600.00"
2019-10-14,2019101401001978,GBLBS,45,19,30,312.00,"9,360.00"
2019-10-14,2019101401001937,GBLBS,40,45,25,312.00,"7,800.00"
2019-10-14,2019101401001936,GBLBS,40,45,25,312.00,"7,800.00"
2019-10-14,2019101401002037,GFCL,59,52,380,133.00,"50,540.00"
2019-10-14,2019101401002033,GFCL,59,52,300,133.00,"39,900.00"
2019-10-14,2019101401001993,GHL,41,29,30,62.00,"1,860.00"
2019-10-14,2019101401002253,GLBSL,32,40,10,428.00,"4,280.00"
2019-10-14,2019101401001953,GLBSL,39,33,10,430.00,"4,300.00"
2019-10-14,2019101401001952,GLBSL,39,33,10,430.00,"4,300.00"
2019-10-14,2019101401001985,GLICL,50,35,97,362.00,"35,114.00"
2019-10-14,2019101401002341,GMFBS,56,33,10,463.00,"4,630.00"
2019-10-14,2019101401002321,HBL,21,21,65,500.00,"32,500.00"
2019-10-14,2019101401002053,HDL,42,58,10,"1,490.00","14,900.00"
2019-10-14,2019101401002354,HIDCL,45,4,30,137.00,"4,110.00"
2019-10-14,2019101401002353,HIDCL,45,47,70,137.00,"9,590.00"
2019-10-14,2019101401002352,HIDCL,45,38,100,137.00,"13,700.00"
2019-10-14,2019101401002179,HIDCL,54,22,14,136.00,"1,904.00"
2019-10-14,2019101401002147,HIDCL,51,22,18,135.00,"2,430.00"
2019-10-14,2019101401002088,HIDCL,37,22,200,136.00,"27,200.00"
2019-10-14,2019101401002087,HIDCL,6,22,36,136.00,"4,896.00"
2019-10-14,2019101401001975,HIDCL,44,47,10,137.00,"1,370.00"
2019-10-14,2019101401001950,HIDCL,6,17,64,136.00,"8,704.00"
2019-10-14,2019101401001949,HIDCL,32,17,36,136.00,"4,896.00"
2019-10-14,2019101401002274,ILBS,32,40,10,418.00,"4,180.00"
2019-10-14,2019101401002093,ILBS,32,57,10,418.00,"4,180.00"
2019-10-14,2019101401002295,JBBL,17,38,116,160.00,"18,560.00"
2019-10-14,2019101401002294,JBBL,17,45,44,160.00,"7,040.00"
2019-10-14,2019101401002280,JBBL,49,38,34,160.00,"5,440.00"
2019-10-14,2019101401002279,JBBL,49,28,50,160.00,"8,000.00"
2019-10-14,2019101401002001,JBBL,49,1,16,159.00,"2,544.00"
2019-10-14,2019101401002397,JFL,43,32,500,195.00,"97,500.00"
2019-10-14,2019101401001933,JFL,56,32,300,195.00,"58,500.00"
2019-10-14,2019101401002384,KBL,21,25,125,180.00,"22,500.00"
2019-10-14,2019101401002172,KBL,5,51,700,181.00,"126,700.00"
2019-10-14,2019101401001994,KBL,21,46,100,180.00,"18,000.00"
2019-10-14,2019101401002148,KPCL,21,32,10,80.00,800.00
2019-10-14,2019101401002138,KPCL,21,32,10,80.00,800.00
2019-10-14,2019101401002248,KRBL,5,16,180,101.00,"18,180.00"
2019-10-14,2019101401002247,KRBL,57,16,200,101.00,"20,200.00"
2019-10-14,2019101401002246,KRBL,22,16,20,102.00,"2,040.00"
2019-10-14,2019101401002373,LBBL,21,8,10,176.00,"1,760.00"
2019-10-14,2019101401002372,LBBL,21,46,30,176.00,"5,280.00"
2019-10-14,2019101401002370,LBL,29,25,38,213.00,"8,094.00"
2019-10-14,2019101401002369,LBL,21,25,70,213.00,"14,910.00"
2019-10-14,2019101401002046,LBL,33,14,25,214.00,"5,350.00"
2019-10-14,2019101401002360,LICN,38,49,10,985.00,"9,850.00"
2019-10-14,2019101401002387,MBL,28,57,30,221.00,"6,630.00"
2019-10-14,2019101401002351,MBL,36,45,30,223.00,"6,690.00"
2019-10-14,2019101401002233,MBL,50,45,12,223.00,"2,676.00"
2019-10-14,2019101401001942,MBL,33,51,"2,000",222.00,"444,000.00"
2019-10-14,2019101401002363,MEGA,6,39,443,196.00,"86,828.00"
2019-10-14,2019101401002031,MEGA,33,34,40,196.00,"7,840.00"
2019-10-14,2019101401002030,MEGA,33,22,10,196.00,"1,960.00"
2019-10-14,2019101401002180,MEGA,28,34,"1,960",196.00,"384,160.00"
2019-10-14,2019101401002185,MEGA,28,6,96,196.00,"18,816.00"
2019-10-14,2019101401002184,MEGA,28,6,98,196.00,"19,208.00"
2019-10-14,2019101401002183,MEGA,28,6,98,196.00,"19,208.00"
2019-10-14,2019101401002182,MEGA,28,6,96,196.00,"18,816.00"
2019-10-14,2019101401002181,MEGA,28,6,55,196.00,"10,780.00"
2019-10-14,2019101401001995,MEGAPO,33,35,"112,000",104.00,"11,648,000.00"
2019-10-14,2019101401001962,MERO,52,49,84,550.00,"46,200.00"
2019-10-14,2019101401001961,MERO,19,49,16,555.00,"8,880.00"
2019-10-14,2019101401002319,MLBL,51,4,50,215.00,"10,750.00"
2019-10-14,2019101401002173,MLBL,51,25,118,215.00,"25,370.00"
2019-10-14,2019101401002159,MLBL,22,14,100,216.00,"21,600.00"
2019-10-14,2019101401002086,MLBL,51,6,86,215.00,"18,490.00"
2019-10-14,2019101401002085,MLBL,38,6,64,215.00,"13,760.00"
2019-10-14,2019101401002054,MLBL,33,14,25,216.00,"5,400.00"
2019-10-14,2019101401002232,MNBBL,7,28,50,305.00,"15,250.00"
2019-10-14,2019101401002220,MNBBL,29,28,200,305.00,"61,000.00"
2019-10-14,2019101401002103,MNBBL,38,56,68,304.00,"20,672.00"
2019-10-14,2019101401001996,MNBBL,57,28,50,305.00,"15,250.00"
2019-10-14,2019101401002340,NABIL,28,42,36,764.00,"27,504.00"
2019-10-14,2019101401002313,NABIL,28,58,940,764.00,"718,160.00"
2019-10-14,2019101401002312,NABIL,45,58,50,764.00,"38,200.00"
2019-10-14,2019101401002311,NABIL,57,58,10,765.00,"7,650.00"
2019-10-14,2019101401002297,NABIL,52,58,30,766.00,"22,980.00"
2019-10-14,2019101401002165,NABIL,19,58,50,766.00,"38,300.00"
2019-10-14,2019101401002158,NABIL,22,58,10,766.00,"7,660.00"
2019-10-14,2019101401002135,NABIL,25,58,26,766.00,"19,916.00"
2019-10-14,2019101401002024,NABIL,33,58,25,766.00,"19,150.00"
2019-10-14,2019101401002308,NBB,21,21,112,210.00,"23,520.00"
2019-10-14,2019101401002141,NBB,47,22,10,209.00,"2,090.00"
2019-10-14,2019101401002394,NBL,38,8,44,314.00,"13,816.00"
2019-10-14,2019101401002371,NBL,32,21,126,314.00,"39,564.00"
2019-10-14,2019101401002275,NBL,21,8,126,314.00,"39,564.00"
2019-10-14,2019101401002140,NBL,13,56,"1,450",314.00,"455,300.00"
2019-10-14,2019101401002065,NBL,21,58,100,313.00,"31,300.00"
2019-10-14,2019101401002027,NBL,21,34,221,313.00,"69,173.00"
2019-10-14,2019101401001906,NBL,57,43,100,312.00,"31,200.00"
2019-10-14,2019101401002017,NBL,33,34,100,313.00,"31,300.00"
2019-10-14,2019101401001976,NBL,39,5,100,312.00,"31,200.00"
2019-10-14,2019101401001910,NBL,39,43,400,312.00,"124,800.00"
2019-10-14,2019101401001909,NBL,19,43,200,312.00,"62,400.00"
2019-10-14,2019101401001908,NBL,52,43,200,312.00,"62,400.00"
2019-10-14,2019101401001907,NBL,41,43,100,312.00,"31,200.00"
2019-10-14,2019101401002403,NCCB,11,33,100,196.00,"19,600.00"
2019-10-14,2019101401002402,NCCB,57,33,70,196.00,"13,720.00"
2019-10-14,2019101401002401,NCCB,1,33,118,196.00,"23,128.00"
2019-10-14,2019101401002400,NCCB,40,33,200,196.00,"39,200.00"
2019-10-14,2019101401002399,NCCB,57,33,83,196.00,"16,268.00"
2019-10-14,2019101401002304,NCCB,57,51,250,196.00,"49,000.00"
2019-10-14,2019101401002122,NCCB,49,28,80,197.00,"15,760.00"
2019-10-14,2019101401002121,NCCB,25,28,100,197.00,"19,700.00"
2019-10-14,2019101401002120,NCCB,34,28,50,197.00,"9,850.00"
2019-10-14,2019101401002119,NCCB,57,28,87,197.00,"17,139.00"
2019-10-14,2019101401002072,NCCB,33,55,25,198.00,"4,950.00"
2019-10-14,2019101401002000,NCCB,57,43,135,197.00,"26,595.00"
2019-10-14,2019101401002303,NCCB,32,51,"1,000",196.00,"196,000.00"
2019-10-14,2019101401002302,NCCB,22,51,50,196.00,"9,800.00"
2019-10-14,2019101401002301,NCCB,45,51,50,197.00,"9,850.00"
2019-10-14,2019101401002300,NCCB,34,51,30,197.00,"5,910.00"
2019-10-14,2019101401002299,NCCB,49,51,109,197.00,"21,473.00"
2019-10-14,2019101401002136,NCCB,49,10,11,197.00,"2,167.00"
2019-10-14,2019101401002289,NIB,6,54,44,438.00,"19,272.00"
2019-10-14,2019101401002162,NIB,43,42,50,437.00,"21,850.00"
2019-10-14,2019101401002151,NIB,19,6,44,438.00,"19,272.00"
2019-10-14,2019101401002029,NIB,33,54,25,438.00,"10,950.00"
2019-10-14,2019101401001948,NIB,44,45,90,439.00,"39,510.00"
2019-10-14,2019101401001947,NIB,44,41,10,439.00,"4,390.00"
2019-10-14,2019101401002155,NIBPO,17,35,190,412.00,"78,280.00"
2019-10-14,2019101401001974,NICA,50,6,235,383.00,"90,005.00"
2019-10-14,2019101401001973,NICA,50,11,15,383.00,"5,745.00"
2019-10-14,2019101401001941,NICL,19,25,20,265.00,"5,300.00"
2019-10-14,2019101401001940,NICL,53,25,10,265.00,"2,650.00"
2019-10-14,2019101401001939,NICL,34,25,10,266.00,"2,660.00"
2019-10-14,2019101401001938,NICL,37,25,20,266.00,"5,320.00"
2019-10-14,2019101401002310,NLIC,1,32,81,761.00,"61,641.00"
2019-10-14,2019101401002222,NLIC,1,28,90,761.00,"68,490.00"
2019-10-14,2019101401002221,NLIC,25,28,10,761.00,"7,610.00"
2019-10-14,2019101401002161,NLIC,57,1,80,760.00,"60,800.00"
2019-10-14,2019101401001930,NLIC,46,45,38,758.00,"28,804.00"
2019-10-14,2019101401002260,NLICL,6,6,"1,500",460.00,"690,000.00"
2019-10-14,2019101401002230,NLICL,17,39,200,463.00,"92,600.00"
2019-10-14,2019101401002177,NLICL,44,39,"1,000",460.00,"460,000.00"
2019-10-14,2019101401002176,NLICL,52,39,500,461.00,"230,500.00"
2019-10-14,2019101401002175,NLICL,56,39,20,462.00,"9,240.00"
2019-10-14,2019101401002174,NLICL,49,39,50,462.00,"23,100.00"
2019-10-14,2019101401002389,NMBHF1,21,21,"1,000",8.36,"8,360.00"
2019-10-14,2019101401002169,NMBMF,45,58,50,"1,120.00","56,000.00"
2019-10-14,2019101401002077,NMBMF,8,58,85,"1,120.00","95,200.00"
2019-10-14,2019101401002076,NMBMF,8,21,15,"1,119.00","16,785.00"
2019-10-14,2019101401002010,NMFBS,28,28,15,"1,682.00","25,230.00"
2019-10-14,2019101401002346,OHL,58,4,10,485.00,"4,850.00"
2019-10-14,2019101401002345,OHL,28,4,57,486.00,"27,702.00"
2019-10-14,2019101401002335,OHL,28,4,37,486.00,"17,982.00"
2019-10-14,2019101401002334,OHL,45,4,463,487.00,"225,481.00"
2019-10-14,2019101401002305,OHL,45,36,37,491.00,"18,167.00"
2019-10-14,2019101401002258,OHL,50,36,50,491.00,"24,550.00"
2019-10-14,2019101401002365,OHL,6,4,20,481.00,"9,620.00"
2019-10-14,2019101401002364,OHL,32,4,10,482.00,"4,820.00"
2019-10-14,2019101401002355,OHL,55,4,200,483.00,"96,600.00"
2019-10-14,2019101401002348,OHL,49,4,15,484.00,"7,260.00"
2019-10-14,2019101401002347,OHL,17,4,100,485.00,"48,500.00"
2019-10-14,2019101401002368,OHL,35,4,20,480.00,"9,600.00"
2019-10-14,2019101401002367,OHL,29,4,100,480.00,"48,000.00"
2019-10-14,2019101401002366,OHL,7,4,50,480.00,"24,000.00"
2019-10-14,2019101401002254,PCBL,36,42,320,264.00,"84,480.00"
2019-10-14,2019101401002146,PCBL,36,10,73,264.00,"19,272.00"
2019-10-14,2019101401002145,PCBL,32,10,131,265.00,"34,715.00"
2019-10-14,2019101401002139,PCBL,32,58,869,265.00,"230,285.00"
2019-10-14,2019101401002116,PCBL,13,58,131,265.00,"34,715.00"
2019-10-14,2019101401002115,PCBL,13,6,149,265.00,"39,485.00"
2019-10-14,2019101401001992,PCBL,49,11,70,264.00,"18,480.00"
2019-10-14,2019101401001991,PCBL,28,11,90,264.00,"23,760.00"
2019-10-14,2019101401002114,PCBL,13,58,220,265.00,"58,300.00"
2019-10-14,2019101401002105,PCBL,36,57,111,264.00,"29,304.00"
2019-10-14,2019101401002104,PCBL,45,57,10,264.00,"2,640.00"
2019-10-14,2019101401002090,PCBL,45,50,40,264.00,"10,560.00"
2019-10-14,2019101401002089,PCBL,49,50,122,264.00,"32,208.00"
2019-10-14,2019101401002049,PCBL,33,58,25,265.00,"6,625.00"
2019-10-14,2019101401002011,PFL,32,37,26,133.00,"3,458.00"
2019-10-14,2019101401002015,PIC,36,41,90,365.00,"32,850.00"
2019-10-14,2019101401002002,PIC,51,41,100,365.00,"36,500.00"
2019-10-14,2019101401001970,PIC,45,41,300,365.00,"109,500.00"
2019-10-14,2019101401001969,PIC,53,41,10,366.00,"3,660.00"
2019-10-14,2019101401002199,PMHPL,54,22,10,88.00,880.00
2019-10-14,2019101401002171,PMHPL,54,22,10,88.00,880.00
2019-10-14,2019101401002143,PMHPL,54,32,10,88.00,880.00
2019-10-14,2019101401002137,PMHPL,54,32,10,88.00,880.00
2019-10-14,2019101401002142,PPCL,34,32,10,93.00,930.00
2019-10-14,2019101401002164,PRIN,7,32,50,310.00,"15,500.00"
2019-10-14,2019101401002163,PRIN,6,32,15,310.00,"4,650.00"
2019-10-14,2019101401001954,PRIN,45,29,40,312.00,"12,480.00"
2019-10-14,2019101401002382,PRVU,40,44,91,266.00,"24,206.00"
2019-10-14,2019101401002381,PRVU,20,44,300,266.00,"79,800.00"
2019-10-14,2019101401002380,PRVU,52,44,"1,000",266.00,"266,000.00"
2019-10-14,2019101401002379,PRVU,25,44,"1,000",266.00,"266,000.00"
2019-10-14,2019101401002378,PRVU,25,44,200,266.00,"53,200.00"
2019-10-14,2019101401002377,PRVU,34,44,400,266.00,"106,400.00"
2019-10-14,2019101401001918,PRVU,33,29,500,267.00,"133,500.00"
2019-10-14,2019101401001917,PRVU,42,29,50,267.00,"13,350.00"
2019-10-14,2019101401002006,PRVU,1,45,180,267.00,"48,060.00"
2019-10-14,2019101401002005,PRVU,18,45,250,267.00,"66,750.00"
2019-10-14,2019101401002004,PRVU,17,45,50,267.00,"13,350.00"
2019-10-14,2019101401002003,PRVU,49,45,50,267.00,"13,350.00"
2019-10-14,2019101401001990,PRVU,13,45,200,268.00,"53,600.00"
2019-10-14,2019101401001919,PRVU,49,29,250,267.00,"66,750.00"
2019-10-14,2019101401002128,PRVU,22,47,200,268.00,"53,600.00"
2019-10-14,2019101401002050,PRVU,6,45,"1,184",267.00,"316,128.00"
2019-10-14,2019101401002036,PRVU,33,45,25,267.00,"6,675.00"
2019-10-14,2019101401002016,PRVU,1,45,100,267.00,"26,700.00"
2019-10-14,2019101401002008,PRVU,37,45,200,267.00,"53,400.00"
2019-10-14,2019101401002007,PRVU,54,45,300,267.00,"80,100.00"
2019-10-14,2019101401002224,PRVU,34,45,200,267.00,"53,400.00"
2019-10-14,2019101401002223,PRVU,56,45,500,267.00,"133,500.00"
2019-10-14,2019101401002200,PRVU,52,52,"2,213",267.00,"590,871.00"
2019-10-14,2019101401002168,PRVU,11,58,430,268.00,"115,240.00"
2019-10-14,2019101401002167,PRVU,11,54,500,268.00,"134,000.00"
2019-10-14,2019101401002166,PRVU,11,47,70,268.00,"18,760.00"
2019-10-14,2019101401002241,PRVU,26,45,50,267.00,"13,350.00"
2019-10-14,2019101401002229,PRVU,35,45,500,267.00,"133,500.00"
2019-10-14,2019101401002228,PRVU,51,45,"1,555",267.00,"415,185.00"
2019-10-14,2019101401002227,PRVU,37,45,100,267.00,"26,700.00"
2019-10-14,2019101401002226,PRVU,33,45,20,267.00,"5,340.00"
2019-10-14,2019101401002225,PRVU,34,45,"1,000",267.00,"267,000.00"
2019-10-14,2019101401002357,PRVU,49,25,108,266.00,"28,728.00"
2019-10-14,2019101401002376,PRVU,45,44,50,266.00,"13,300.00"
2019-10-14,2019101401002375,PRVU,42,44,500,266.00,"133,000.00"
2019-10-14,2019101401002374,PRVU,49,44,392,266.00,"104,272.00"
2019-10-14,2019101401002043,RHPC,26,38,500,78.00,"39,000.00"
2019-10-14,2019101401002042,RHPC,6,38,100,78.00,"7,800.00"
2019-10-14,2019101401002041,RHPC,8,38,222,78.00,"17,316.00"
2019-10-14,2019101401002040,RHPC,41,38,30,79.00,"2,370.00"
2019-10-14,2019101401002039,RHPC,8,38,111,79.00,"8,769.00"
2019-10-14,2019101401002038,RHPC,41,38,470,79.00,"37,130.00"
2019-10-14,2019101401002398,RHPL,29,34,40,158.00,"6,320.00"
2019-10-14,2019101401002383,RHPL,29,34,50,158.00,"7,900.00"
2019-10-14,2019101401002349,RHPL,29,42,40,158.00,"6,320.00"
2019-10-14,2019101401002331,RHPL,29,43,390,158.00,"61,620.00"
2019-10-14,2019101401002330,RHPL,52,43,110,158.00,"17,380.00"
2019-10-14,2019101401002317,RHPL,52,40,40,158.00,"6,320.00"
2019-10-14,2019101401001959,RHPL,59,53,30,159.00,"4,770.00"
2019-10-14,2019101401001958,RHPL,14,53,10,159.00,"1,590.00"
2019-10-14,2019101401001932,RHPL,14,58,10,159.00,"1,590.00"
2019-10-14,2019101401002083,RHPL,38,38,20,159.00,"3,180.00"
2019-10-14,2019101401002066,RHPL,38,38,30,159.00,"4,770.00"
2019-10-14,2019101401002052,RHPL,52,10,20,158.00,"3,160.00"
2019-10-14,2019101401002047,RHPL,48,19,40,160.00,"6,400.00"
2019-10-14,2019101401001988,RHPL,59,42,10,159.00,"1,590.00"
2019-10-14,2019101401001960,RHPL,59,45,20,159.00,"3,180.00"
2019-10-14,2019101401002278,RHPL,52,40,40,158.00,"6,320.00"
2019-10-14,2019101401002265,RHPL,52,40,40,158.00,"6,320.00"
2019-10-14,2019101401002210,RHPL,52,48,20,158.00,"3,160.00"
2019-10-14,2019101401002152,RHPL,52,32,40,158.00,"6,320.00"
2019-10-14,2019101401002149,RHPL,52,32,40,158.00,"6,320.00"
2019-10-14,2019101401002112,RHPL,52,57,30,158.00,"4,740.00"
2019-10-14,2019101401002074,SABSL,57,26,"1,010",454.00,"458,540.00"
2019-10-14,2019101401002073,SABSL,57,5,10,453.00,"4,530.00"
2019-10-14,2019101401002028,SABSL,32,52,10,447.00,"4,470.00"
2019-10-14,2019101401001997,SABSL,32,58,10,447.00,"4,470.00"
2019-10-14,2019101401002388,SANIMA,14,14,148,306.00,"45,288.00"
2019-10-14,2019101401002218,SANIMA,14,52,450,306.00,"137,700.00"
2019-10-14,2019101401002144,SANIMA,34,52,100,307.00,"30,700.00"
2019-10-14,2019101401002106,SANIMA,14,13,152,306.00,"46,512.00"
2019-10-14,2019101401002339,SAPDBL,17,16,10,127.00,"1,270.00"
2019-10-14,2019101401002012,SAPDBL,32,16,34,127.00,"4,318.00"
2019-10-14,2019101401002396,SBI,34,57,33,399.00,"13,167.00"
2019-10-14,2019101401002328,SBI,21,32,10,400.00,"4,000.00"
2019-10-14,2019101401002309,SBI,34,21,22,399.00,"8,778.00"
2019-10-14,2019101401002298,SBI,21,32,22,400.00,"8,800.00"
2019-10-14,2019101401002064,SBI,47,39,50,400.00,"20,000.00"
2019-10-14,2019101401002063,SBI,57,39,100,400.00,"40,000.00"
2019-10-14,2019101401001916,SBI,19,16,80,405.00,"32,400.00"
2019-10-14,2019101401001915,SBI,11,16,20,405.00,"8,100.00"
2019-10-14,2019101401001914,SBI,49,16,186,406.00,"75,516.00"
2019-10-14,2019101401001913,SBI,45,16,150,406.00,"60,900.00"
2019-10-14,2019101401001912,SBI,22,16,10,407.00,"4,070.00"
2019-10-14,2019101401002386,SBL,13,44,200,336.00,"67,200.00"
2019-10-14,2019101401002350,SBL,44,25,105,335.00,"35,175.00"
2019-10-14,2019101401002320,SBL,6,44,150,336.00,"50,400.00"
2019-10-14,2019101401002318,SBL,35,44,111,336.00,"37,296.00"
2019-10-14,2019101401002293,SBL,51,44,500,336.00,"168,000.00"
2019-10-14,2019101401002288,SBL,44,50,732,335.00,"245,220.00"
2019-10-14,2019101401002080,SBL,14,34,100,336.00,"33,600.00"
2019-10-14,2019101401002079,SBL,11,34,500,336.00,"168,000.00"
2019-10-14,2019101401002078,SBL,57,34,194,336.00,"65,184.00"
2019-10-14,2019101401002032,SBL,57,44,30,337.00,"10,110.00"
2019-10-14,2019101401001999,SBL,13,44,100,337.00,"33,700.00"
2019-10-14,2019101401001984,SBL,57,41,150,336.00,"50,400.00"
2019-10-14,2019101401002123,SBL,39,34,500,337.00,"168,500.00"
2019-10-14,2019101401002117,SBL,48,34,200,337.00,"67,400.00"
2019-10-14,2019101401002092,SBL,28,32,500,337.00,"168,500.00"
2019-10-14,2019101401002091,SBL,28,44,"1,320",337.00,"444,840.00"
2019-10-14,2019101401002082,SBL,57,34,46,336.00,"15,456.00"
2019-10-14,2019101401002081,SBL,25,34,160,336.00,"53,760.00"
2019-10-14,2019101401002212,SBL,45,56,"5,000",336.00,"1,680,000.00"
2019-10-14,2019101401002211,SBL,57,56,754,336.00,"253,344.00"
2019-10-14,2019101401002150,SBL,40,56,200,337.00,"67,400.00"
2019-10-14,2019101401002130,SBL,53,56,691,337.00,"232,867.00"
2019-10-14,2019101401002126,SBL,53,34,250,337.00,"84,250.00"
2019-10-14,2019101401002125,SBL,36,34,50,337.00,"16,850.00"
2019-10-14,2019101401002237,SBL,42,56,63,336.00,"21,168.00"
2019-10-14,2019101401002236,SBL,58,56,300,336.00,"100,800.00"
2019-10-14,2019101401002235,SBL,43,56,354,336.00,"118,944.00"
2019-10-14,2019101401002215,SBL,43,56,146,336.00,"49,056.00"
2019-10-14,2019101401002214,SBL,35,56,"1,000",336.00,"336,000.00"
2019-10-14,2019101401002213,SBL,14,56,100,336.00,"33,600.00"
2019-10-14,2019101401002244,SBL,52,44,422,336.00,"141,792.00"
2019-10-14,2019101401002243,SBL,46,44,50,336.00,"16,800.00"
2019-10-14,2019101401002242,SBL,29,44,"1,028",336.00,"345,408.00"
2019-10-14,2019101401002240,SBL,29,56,172,336.00,"57,792.00"
2019-10-14,2019101401002239,SBL,38,56,50,336.00,"16,800.00"
2019-10-14,2019101401002238,SBL,47,56,180,336.00,"60,480.00"
2019-10-14,2019101401002287,SBL,35,50,50,335.00,"16,750.00"
2019-10-14,2019101401002286,SBL,40,50,100,335.00,"33,500.00"
2019-10-14,2019101401002285,SBL,58,50,200,335.00,"67,000.00"
2019-10-14,2019101401002284,SBL,45,50,22,335.00,"7,370.00"
2019-10-14,2019101401002250,SBL,49,44,100,336.00,"33,600.00"
2019-10-14,2019101401002249,SBL,52,44,78,336.00,"26,208.00"
2019-10-14,2019101401002326,SCB,35,44,490,572.00,"280,280.00"
2019-10-14,2019101401002325,SCB,17,44,200,572.00,"114,400.00"
2019-10-14,2019101401002324,SCB,6,44,10,572.00,"5,720.00"
2019-10-14,2019101401002231,SCB,6,52,90,572.00,"51,480.00"
2019-10-14,2019101401002019,SCB,33,19,15,575.00,"8,625.00"
2019-10-14,2019101401002018,SCB,33,44,10,575.00,"5,750.00"
2019-10-14,2019101401001981,SCB,35,17,60,574.00,"34,440.00"
2019-10-14,2019101401001944,SCB,44,45,50,572.00,"28,600.00"
2019-10-14,2019101401001943,SCB,1,45,100,572.00,"57,200.00"
2019-10-14,2019101401002118,SDESI,35,57,12,607.00,"7,284.00"
2019-10-14,2019101401002013,SDESI,32,19,16,609.00,"9,744.00"
2019-10-14,2019101401002023,SEF,32,40,300,9.02,"2,706.00"
2019-10-14,2019101401002343,SHINE,29,17,30,250.00,"7,500.00"
2019-10-14,2019101401002342,SHINE,42,17,20,250.00,"5,000.00"
2019-10-14,2019101401002344,SHIVM,51,50,10,504.00,"5,040.00"
2019-10-14,2019101401002315,SHIVM,25,42,210,503.00,"105,630.00"
2019-10-14,2019101401002314,SHIVM,59,42,390,503.00,"196,170.00"
2019-10-14,2019101401002307,SHIVM,36,50,30,504.00,"15,120.00"
2019-10-14,2019101401002306,SHIVM,51,50,60,504.00,"30,240.00"
2019-10-14,2019101401002252,SHIVM,59,1,270,503.00,"135,810.00"
2019-10-14,2019101401001998,SHIVM,37,42,50,505.00,"25,250.00"
2019-10-14,2019101401001911,SHIVM,17,28,300,508.00,"152,400.00"
2019-10-14,2019101401002251,SHIVM,48,1,30,503.00,"15,090.00"
2019-10-14,2019101401002219,SHIVM,22,57,100,503.00,"50,300.00"
2019-10-14,2019101401002202,SHIVM,19,28,10,504.00,"5,040.00"
2019-10-14,2019101401002188,SHIVM,19,22,50,504.00,"25,200.00"
2019-10-14,2019101401002026,SHIVM,19,48,32,504.00,"16,128.00"
2019-10-14,2019101401002025,SHIVM,14,48,18,507.00,"9,126.00"
2019-10-14,2019101401002259,SHL,49,58,750,209.00,"156,750.00"
2019-10-14,2019101401001966,SHL,44,58,200,209.00,"41,800.00"
2019-10-14,2019101401001951,SHL,42,58,100,210.00,"21,000.00"
2019-10-14,2019101401002062,SHPC,48,28,500,189.00,"94,500.00"
2019-10-14,2019101401002061,SHPC,39,28,31,189.00,"5,859.00"
2019-10-14,2019101401002060,SHPC,35,28,50,190.00,"9,500.00"
2019-10-14,2019101401002059,SHPC,13,28,171,190.00,"32,490.00"
2019-10-14,2019101401002009,SICL,38,26,10,710.00,"7,100.00"
2019-10-14,2019101401002356,SIL,21,21,60,382.00,"22,920.00"
2019-10-14,2019101401002157,SIL,46,18,30,383.00,"11,490.00"
2019-10-14,2019101401002385,SJCL,33,34,20,168.00,"3,360.00"
2019-10-14,2019101401002358,SJCL,33,42,20,168.00,"3,360.00"
2019-10-14,2019101401002323,SJCL,49,40,20,168.00,"3,360.00"
2019-10-14,2019101401002290,SJCL,49,40,20,168.00,"3,360.00"
2019-10-14,2019101401002271,SJCL,49,40,20,168.00,"3,360.00"
2019-10-14,2019101401002154,SJCL,49,32,20,168.00,"3,360.00"
2019-10-14,2019101401002153,SJCL,49,32,10,168.00,"1,680.00"
2019-10-14,2019101401002129,SJCL,49,57,20,168.00,"3,360.00"
2019-10-14,2019101401002056,SJCL,49,10,20,168.00,"3,360.00"
2019-10-14,2019101401002051,SJCL,48,58,20,169.00,"3,380.00"
2019-10-14,2019101401002208,SJCL,49,48,20,168.00,"3,360.00"
2019-10-14,2019101401002044,SKBBL,42,34,15,918.00,"13,770.00"
2019-10-14,2019101401001955,SLBSL,55,57,50,667.00,"33,350.00"
2019-10-14,2019101401002067,SLICL,43,16,175,265.00,"46,375.00"
2019-10-14,2019101401002296,SMFBS,47,40,10,781.00,"7,810.00"
2019-10-14,2019101401001927,SMFDB,45,29,20,505.00,"10,100.00"
2019-10-14,2019101401001926,SMFDB,34,29,20,505.00,"10,100.00"
2019-10-14,2019101401001934,SMFDB,49,29,40,503.00,"20,120.00"
2019-10-14,2019101401001929,SMFDB,25,29,340,503.00,"171,020.00"
2019-10-14,2019101401001928,SMFDB,26,29,10,503.00,"5,030.00"
2019-10-14,2019101401002209,SPARS,32,45,10,536.00,"5,360.00"
2019-10-14,2019101401001905,SPARS,45,40,10,535.00,"5,350.00"
2019-10-14,2019101401002359,SRBL,21,43,200,237.00,"47,400.00"
2019-10-14,2019101401002338,SRBL,1,25,108,236.00,"25,488.00"
2019-10-14,2019101401002337,SRBL,1,25,31,236.00,"7,316.00"
2019-10-14,2019101401002216,SRBL,22,43,100,237.00,"23,700.00"
2019-10-14,2019101401002127,SRBL,6,6,42,237.00,"9,954.00"
2019-10-14,2019101401002102,SRBL,6,6,43,237.00,"10,191.00"
2019-10-14,2019101401002084,SRBL,6,6,43,237.00,"10,191.00"
2019-10-14,2019101401001935,SRBL,13,43,200,238.00,"47,600.00"
2019-10-14,2019101401002187,SWBBL,28,48,100,915.00,"91,500.00"
2019-10-14,2019101401002186,SWBBL,22,48,195,916.00,"178,620.00"
2019-10-14,2019101401002113,SWBBL,22,56,25,916.00,"22,900.00"
2019-10-14,2019101401001972,SWBBL,34,13,10,925.00,"9,250.00"
2019-10-14,2019101401001968,SWBBL,22,49,80,916.00,"73,280.00"
2019-10-14,2019101401001967,SWBBL,37,49,20,918.00,"18,360.00"
2019-10-14,2019101401002156,TMDBL,39,17,141,152.00,"21,432.00"
2019-10-14,2019101401002362,TRH,32,3,40,276.00,"11,040.00"
2019-10-14,2019101401002361,TRH,35,3,30,276.00,"8,280.00"
2019-10-14,2019101401001904,UFL,26,50,60,181.00,"10,860.00"
2019-10-14,2019101401002133,UIC,25,37,90,260.00,"23,400.00"
2019-10-14,2019101401002201,UMHL,57,45,23,103.00,"2,369.00"
2019-10-14,2019101401002329,UPCL,22,40,100,78.00,"7,800.00"
2019-10-14,2019101401002277,UPPER,40,45,57,235.00,"13,395.00"
2019-10-14,2019101401002276,UPPER,48,45,20,235.00,"4,700.00"
2019-10-14,2019101401002204,UPPER,48,48,20,235.00,"4,700.00"
2019-10-14,2019101401002203,UPPER,42,48,30,235.00,"7,050.00"
2019-10-14,2019101401002170,UPPER,42,22,50,235.00,"11,750.00"
2019-10-14,2019101401001896,ADBL,44,58,118,415.00,"48,970.00"
2019-10-14,2019101401001762,ADBL,39,17,49,412.00,"20,188.00"
2019-10-14,2019101401001761,ADBL,41,17,33,412.00,"13,596.00"
2019-10-14,2019101401001744,ADBL,28,58,83,413.00,"34,279.00"
2019-10-14,2019101401001723,ADBL,41,33,47,412.00,"19,364.00"
2019-10-14,2019101401001699,ADBL,41,38,20,412.00,"8,240.00"
2019-10-14,2019101401001518,ADBL,49,14,65,413.00,"26,845.00"
2019-10-14,2019101401001480,ADBL,19,14,10,413.00,"4,130.00"
2019-10-14,2019101401001479,ADBL,51,14,125,413.00,"51,625.00"
2019-10-14,2019101401001902,AKBSL,17,40,10,407.00,"4,070.00"
2019-10-14,2019101401001897,AKBSL,19,40,10,408.00,"4,080.00"
2019-10-14,2019101401001689,AKBSL,19,33,10,408.00,"4,080.00"
2019-10-14,2019101401001648,AKBSL,19,57,10,408.00,"4,080.00"
2019-10-14,2019101401001604,AKBSL,19,10,10,408.00,"4,080.00"
2019-10-14,2019101401001464,AKBSL,55,57,10,408.00,"4,080.00"
2019-10-14,2019101401001409,AKBSL,55,45,10,408.00,"4,080.00"
2019-10-14,2019101401001422,AKJCL,38,38,10,55.00,550.00
2019-10-14,2019101401001903,AKPL,36,16,20,134.00,"2,680.00"
2019-10-14,2019101401001881,AKPL,1,45,10,134.00,"1,340.00"
2019-10-14,2019101401001862,AKPL,42,45,43,136.00,"5,848.00"
2019-10-14,2019101401001839,AKPL,42,32,13,136.00,"1,768.00"
2019-10-14,2019101401001451,AKPL,38,38,13,138.00,"1,794.00"
2019-10-14,2019101401001701,ALBSL,21,10,10,386.00,"3,860.00"
2019-10-14,2019101401001671,ALBSL,48,29,10,386.00,"3,860.00"
2019-10-14,2019101401001807,ALICL,39,17,120,315.00,"37,800.00"
2019-10-14,2019101401001579,ALICL,28,52,500,315.00,"157,500.00"
2019-10-14,2019101401001578,ALICL,28,49,101,314.00,"31,714.00"
2019-10-14,2019101401001651,API,37,13,100,113.00,"11,300.00"
2019-10-14,2019101401001658,BOKL,49,11,146,233.00,"34,018.00"
2019-10-14,2019101401001657,BOKL,32,11,200,233.00,"46,600.00"
2019-10-14,2019101401001656,BOKL,58,11,50,233.00,"11,650.00"
2019-10-14,2019101401001763,BPCL,14,58,288,358.00,"103,104.00"
2019-10-14,2019101401001718,BPCL,22,58,212,358.00,"75,896.00"
2019-10-14,2019101401001548,BPCL,22,37,55,358.00,"19,690.00"
2019-10-14,2019101401001546,BPCL,22,56,33,358.00,"11,814.00"
2019-10-14,2019101401001425,BPCL,22,58,500,358.00,"179,000.00"
2019-10-14,2019101401001570,CBBL,28,19,100,970.00,"97,000.00"
2019-10-14,2019101401001569,CBBL,41,19,30,970.00,"29,100.00"
2019-10-14,2019101401001495,CBBL,6,19,18,975.00,"17,550.00"
2019-10-14,2019101401001432,CBBL,38,51,20,977.00,"19,540.00"
2019-10-14,2019101401001431,CBBL,38,36,50,977.00,"48,850.00"
2019-10-14,2019101401001888,CBL,8,49,455,142.00,"64,610.00"
2019-10-14,2019101401001887,CBL,28,49,935,142.00,"132,770.00"
2019-10-14,2019101401001636,CBL,28,16,48,142.00,"6,816.00"
2019-10-14,2019101401001498,CBL,28,49,17,142.00,"2,414.00"
2019-10-14,2019101401001485,CBL,49,49,"20,000",139.00,"2,780,000.00"
2019-10-14,2019101401001471,CBL,14,49,40,141.00,"5,640.00"
2019-10-14,2019101401001470,CBL,47,49,200,142.00,"28,400.00"
2019-10-14,2019101401001469,CBL,51,49,100,142.00,"14,200.00"
2019-10-14,2019101401001468,CBL,26,49,50,142.00,"7,100.00"
2019-10-14,2019101401001467,CBL,26,49,700,142.00,"99,400.00"
2019-10-14,2019101401001466,CBL,19,49,10,142.00,"1,420.00"
2019-10-14,2019101401001760,CCBL,49,58,100,155.00,"15,500.00"
2019-10-14,2019101401001551,CCBL,8,51,685,154.00,"105,490.00"
2019-10-14,2019101401001520,CCBL,48,51,100,154.00,"15,400.00"
2019-10-14,2019101401001434,CCBL,38,51,50,154.00,"7,700.00"
2019-10-14,2019101401001659,CFCL,17,3,33,108.00,"3,564.00"
2019-10-14,2019101401001592,CHL,58,1,12,79.00,948.00
2019-10-14,2019101401001741,CZBIL,32,3,26,196.00,"5,096.00"
2019-10-14,2019101401001676,CZBIL,51,29,20,197.00,"3,940.00"
2019-10-14,2019101401001662,CZBIL,51,11,10,197.00,"1,970.00"
2019-10-14,2019101401001482,CZBIL,38,38,10,196.00,"1,960.00"
2019-10-14,2019101401001822,DBBL,4,4,976,127.00,"123,952.00"
2019-10-14,2019101401001623,DHPL,39,1,10,54.00,540.00
2019-10-14,2019101401001864,EBL,22,16,200,561.00,"112,200.00"
2019-10-14,2019101401001863,EBL,45,16,50,561.00,"28,050.00"
2019-10-14,2019101401001845,EBL,33,28,84,562.00,"47,208.00"
2019-10-14,2019101401001844,EBL,33,16,116,561.00,"65,076.00"
2019-10-14,2019101401001842,EBL,4,4,133,561.00,"74,613.00"
2019-10-14,2019101401001814,EBL,22,16,100,561.00,"56,100.00"
2019-10-14,2019101401001516,EBL,34,35,25,565.00,"14,125.00"
2019-10-14,2019101401001496,EBL,34,35,50,565.00,"28,250.00"
2019-10-14,2019101401001481,EBL,34,35,25,565.00,"14,125.00"
2019-10-14,2019101401001544,EBL,36,52,51,566.00,"28,866.00"
2019-10-14,2019101401001537,EBL,35,33,20,565.00,"11,300.00"
2019-10-14,2019101401001532,EBL,57,33,80,565.00,"45,200.00"
2019-10-14,2019101401001531,EBL,57,28,20,565.00,"11,300.00"
2019-10-14,2019101401001523,EBL,28,28,55,565.00,"31,075.00"
2019-10-14,2019101401001517,EBL,34,28,25,565.00,"14,125.00"
2019-10-14,2019101401001745,EBL,6,16,50,564.00,"28,200.00"
2019-10-14,2019101401001717,EBL,36,44,12,564.00,"6,768.00"
2019-10-14,2019101401001713,EBL,36,59,37,564.00,"20,868.00"
2019-10-14,2019101401001712,EBL,6,59,50,564.00,"28,200.00"
2019-10-14,2019101401001554,EBL,20,5,20,567.00,"11,340.00"
2019-10-14,2019101401001545,EBL,36,51,100,566.00,"56,600.00"
2019-10-14,2019101401001813,EBL,51,16,100,561.00,"56,100.00"
2019-10-14,2019101401001811,EBL,6,28,30,562.00,"16,860.00"
2019-10-14,2019101401001801,EBL,7,44,50,563.00,"28,150.00"
2019-10-14,2019101401001800,EBL,38,44,30,563.00,"16,890.00"
2019-10-14,2019101401001799,EBL,41,44,10,563.00,"5,630.00"
2019-10-14,2019101401001798,EBL,34,44,10,563.00,"5,630.00"
2019-10-14,2019101401001663,EDBL,28,57,70,270.00,"18,900.00"
2019-10-14,2019101401001646,EIC,7,32,60,235.00,"14,100.00"
2019-10-14,2019101401001560,EIC,51,49,100,233.00,"23,300.00"
2019-10-14,2019101401001559,EIC,38,49,50,233.00,"11,650.00"
2019-10-14,2019101401001788,FMDBL,32,14,100,317.00,"31,700.00"
2019-10-14,2019101401001787,FMDBL,19,19,20,320.00,"6,400.00"
2019-10-14,2019101401001700,FMDBL,22,19,100,320.00,"32,000.00"
2019-10-14,2019101401001711,FOWAD,19,38,100,"1,262.00","126,200.00"
2019-10-14,2019101401001710,FOWAD,28,38,25,"1,263.00","31,575.00"
2019-10-14,2019101401001742,GBBL,35,58,21,212.00,"4,452.00"
2019-10-14,2019101401001714,GBLBS,40,41,10,312.00,"3,120.00"
2019-10-14,2019101401001552,GBLBS,40,57,15,312.00,"4,680.00"
2019-10-14,2019101401001543,GBLBS,57,19,10,316.00,"3,160.00"
2019-10-14,2019101401001519,GBLBS,38,38,15,313.00,"4,695.00"
2019-10-14,2019101401001478,GBLBS,19,19,200,313.00,"62,600.00"
2019-10-14,2019101401001477,GBLBS,38,19,25,313.00,"7,825.00"
2019-10-14,2019101401001476,GBLBS,28,19,300,314.00,"94,200.00"
2019-10-14,2019101401001452,GBLBS,38,57,15,313.00,"4,695.00"
2019-10-14,2019101401001891,GFCL,59,52,20,133.00,"2,660.00"
2019-10-14,2019101401001698,GLBSL,39,32,10,426.00,"4,260.00"
2019-10-14,2019101401001571,GLICL,1,35,17,362.00,"6,154.00"
2019-10-14,2019101401001767,GMFBS,58,17,10,455.00,"4,550.00"
2019-10-14,2019101401001865,GRDBL,35,5,100,102.00,"10,200.00"
2019-10-14,2019101401001827,GRDBL,35,33,100,102.00,"10,200.00"
2019-10-14,2019101401001826,GRDBL,48,33,50,102.00,"5,100.00"
2019-10-14,2019101401001825,GRDBL,21,33,50,102.00,"5,100.00"
2019-10-14,2019101401001628,GUFL,45,26,100,109.00,"10,900.00"
2019-10-14,2019101401001599,GUFL,5,26,200,109.00,"21,800.00"
2019-10-14,2019101401001540,GUFL,56,18,200,110.00,"22,000.00"
2019-10-14,2019101401001539,GUFL,22,18,50,110.00,"5,500.00"
2019-10-14,2019101401001538,GUFL,56,18,100,111.00,"11,100.00"
2019-10-14,2019101401001691,HIDCL,32,32,16,136.00,"2,176.00"
2019-10-14,2019101401001661,HIDCL,32,57,48,136.00,"6,528.00"
2019-10-14,2019101401001638,HIDCL,44,16,47,137.00,"6,439.00"
2019-10-14,2019101401001603,HPPL,18,45,10,146.00,"1,460.00"
2019-10-14,2019101401001602,HPPL,18,20,20,146.00,"2,920.00"
2019-10-14,2019101401001601,HPPL,18,45,20,146.00,"2,920.00"
2019-10-14,2019101401001600,HPPL,18,32,10,146.00,"1,460.00"
2019-10-14,2019101401001769,ICFC,22,17,49,159.00,"7,791.00"
2019-10-14,2019101401001791,ILBS,48,38,10,420.00,"4,200.00"
2019-10-14,2019101401001683,ILBS,51,32,10,417.00,"4,170.00"
2019-10-14,2019101401001654,KBL,21,35,200,180.00,"36,000.00"
2019-10-14,2019101401001653,KBL,21,17,200,180.00,"36,000.00"
2019-10-14,2019101401001580,KBL,52,58,50,179.00,"8,950.00"
2019-10-14,2019101401001572,KBL,39,40,100,180.00,"18,000.00"
