Date,Transact. No.,Symbol,Buyer,Seller,Quantity,Rate,Amount
2020-10-15,2020101504000299,BBC,45,26,50,"1,660.00","83,000.00"
2020-10-15,2020101504000278,BBC,36,50,30,"1,670.00","50,100.00"
2020-10-15,2020101504000240,BBC,22,45,10,"1,680.00","16,800.00"
2020-10-15,2020101504000089,BBC,36,48,180,"1,699.00","305,820.00"
2020-10-15,2020101504000088,BBC,36,42,10,"1,698.00","16,980.00"
2020-10-15,2020101504000087,BBC,36,42,10,"1,696.00","16,960.00"
2020-10-15,2020101504000086,BBC,36,19,20,"1,690.00","33,800.00"
2020-10-15,2020101504000085,BBC,36,1,25,"1,660.00","41,500.00"
2020-10-15,2020101504000084,BBC,36,13,20,"1,660.00","33,200.00"
2020-10-15,2020101503008357,BFC,17,14,198,141.00,"27,918.00"
2020-10-15,2020101504000081,BOKLPO,14,43,"6,800",141.00,"958,800.00"
2020-10-15,2020101504000080,BOKLPO,14,43,"1,000",141.00,"141,000.00"
2020-10-15,2020101504000078,BOKLPO,14,43,"1,000",141.00,"141,000.00"
2020-10-15,2020101504000077,BOKLPO,14,43,"5,000",141.51,"707,550.00"
2020-10-15,2020101504000075,BOKLPO,14,43,"10,000",141.85,"1,418,500.00"
2020-10-15,2020101504000073,BOKLPO,14,43,"17,000",142.00,"2,414,000.00"
2020-10-15,2020101504000045,BOKLPO,14,43,"1,000",191.00,"191,000.00"
2020-10-15,2020101504000054,BOKLPO,14,43,"1,000",146.00,"146,000.00"
2020-10-15,2020101504000053,BOKLPO,14,43,"10,000",146.10,"1,461,000.00"
2020-10-15,2020101504000051,BOKLPO,14,43,"15,000",146.10,"2,191,500.00"
2020-10-15,2020101504000049,BOKLPO,14,43,"5,000",146.51,"732,550.00"
2020-10-15,2020101504000047,BOKLPO,14,43,"1,000",151.00,"151,000.00"
2020-10-15,2020101504000046,BOKLPO,14,43,"1,000",155.00,"155,000.00"
2020-10-15,2020101504000072,BOKLPO,14,43,"10,000",143.00,"1,430,000.00"
2020-10-15,2020101504000070,BOKLPO,14,43,"42,000",143.00,"6,006,000.00"
2020-10-15,2020101504000059,BOKLPO,14,43,"1,000",143.00,"143,000.00"
2020-10-15,2020101504000058,BOKLPO,14,43,"10,000",145.00,"1,450,000.00"
2020-10-15,2020101504000056,BOKLPO,14,43,"1,100",145.00,"159,500.00"
2020-10-15,2020101504000055,BOKLPO,14,43,"1,000",145.10,"145,100.00"
2020-10-15,2020101503008242,CIT,35,25,10,"3,465.00","34,650.00"
2020-10-15,2020101503008306,CLBSL,46,7,11,712.00,"7,832.00"
2020-10-15,2020101503008290,CLBSL,25,19,10,712.00,"7,120.00"
2020-10-15,2020101504000230,CMF1,7,19,250,9.65,"2,412.50"
2020-10-15,2020101504000229,CMF1,7,21,500,9.65,"4,825.00"
2020-10-15,2020101504000226,CMF1,7,22,"1,000",9.64,"9,640.00"
2020-10-15,2020101504000225,CMF1,7,22,"1,000",9.64,"9,640.00"
2020-10-15,2020101504000224,CMF1,7,22,"1,000",9.64,"9,640.00"
2020-10-15,2020101504000151,CMF1,32,41,100,9.58,958.00
2020-10-15,2020101503008373,GBBL,42,22,402,265.00,"106,530.00"
2020-10-15,2020101503008372,GBBL,42,51,98,265.00,"25,970.00"
2020-10-15,2020101503008278,GBBL,58,49,10,265.00,"2,650.00"
2020-10-15,2020101503008277,GBBL,58,41,43,264.00,"11,352.00"
2020-10-15,2020101503008193,GBBL,50,41,100,264.00,"26,400.00"
2020-10-15,2020101504000215,GBD80/81,13,16,50,"1,046.00","52,300.00"
2020-10-15,2020101504000201,GBD80/81,13,40,25,"1,046.00","26,150.00"
2020-10-15,2020101503008210,GBLBS,44,48,795,508.00,"403,860.00"
2020-10-15,2020101503008209,GBLBS,26,48,100,508.00,"50,800.00"
2020-10-15,2020101503008208,GBLBS,19,48,115,508.00,"58,420.00"
2020-10-15,2020101504000294,GIC,48,58,10,368.00,"3,680.00"
2020-10-15,2020101504000293,GIC,48,49,10,368.00,"3,680.00"
2020-10-15,2020101504000286,GIC,48,57,10,368.00,"3,680.00"
2020-10-15,2020101504000283,GIC,48,32,10,368.00,"3,680.00"
2020-10-15,2020101504000234,GIC,48,16,10,368.00,"3,680.00"
2020-10-15,2020101504000232,GIC,48,47,10,368.00,"3,680.00"
2020-10-15,2020101504000012,GIC,28,28,8,343.00,"2,744.00"
2020-10-15,2020101504000009,GIC,28,28,2,346.00,692.00
2020-10-15,2020101504000002,GIC,35,52,10,341.00,"3,410.00"
2020-10-15,2020101504000228,GIC,48,47,10,368.00,"3,680.00"
2020-10-15,2020101504000158,GIC,52,42,10,367.00,"3,670.00"
2020-10-15,2020101504000105,GIC,48,47,10,360.00,"3,600.00"
2020-10-15,2020101504000100,GIC,58,16,2,353.00,706.00
2020-10-15,2020101504000093,GIC,5,1,10,353.00,"3,530.00"
2020-10-15,2020101504000024,GIC,52,57,10,347.00,"3,470.00"
2020-10-15,2020101504000212,GIMES1,45,34,"11,500",9.89,"113,735.00"
2020-10-15,2020101504000211,GIMES1,45,46,600,9.84,"5,904.00"
2020-10-15,2020101504000210,GIMES1,45,59,"1,100",9.80,"10,780.00"
2020-10-15,2020101504000191,GIMES1,35,59,500,9.80,"4,900.00"
2020-10-15,2020101504000112,GIMES1,45,26,447,9.70,"4,335.90"
2020-10-15,2020101504000111,GIMES1,32,26,"5,000",9.71,"48,550.00"
2020-10-15,2020101504000014,GIMES1,45,1,"2,500",9.65,"24,125.00"
2020-10-15,2020101504000005,GIMES1,22,59,900,9.80,"8,820.00"
2020-10-15,2020101503008350,GLICL,48,45,10,607.00,"6,070.00"
2020-10-15,2020101503008283,GLICL,46,45,145,607.00,"88,015.00"
2020-10-15,2020101503008282,GLICL,46,52,25,606.00,"15,150.00"
2020-10-15,2020101503008281,GLICL,46,35,100,606.00,"60,600.00"
2020-10-15,2020101503008280,GLICL,46,26,30,606.00,"18,180.00"
2020-10-15,2020101503008358,GMFBS,38,52,10,829.00,"8,290.00"
2020-10-15,2020101503008342,GMFBS,28,42,10,827.00,"8,270.00"
2020-10-15,2020101503008325,GRDBL,8,26,50,151.00,"7,550.00"
2020-10-15,2020101503008195,GRDBL,52,10,25,152.00,"3,800.00"
2020-10-15,2020101503008192,GUFL,42,29,50,147.00,"7,350.00"
2020-10-15,2020101503008191,GUFL,10,29,50,147.00,"7,350.00"
2020-10-15,2020101503008309,HIDCL,14,39,168,181.00,"30,408.00"
2020-10-15,2020101503008308,HIDCL,52,39,132,181.00,"23,892.00"
2020-10-15,2020101503008279,HIDCL,5,26,20,182.00,"3,640.00"
2020-10-15,2020101503008381,ICFC,58,17,"1,819",266.00,"483,854.00"
2020-10-15,2020101503008380,ICFC,19,17,181,267.00,"48,327.00"
2020-10-15,2020101503008343,ICFC,6,7,100,268.00,"26,800.00"
2020-10-15,2020101503008293,ILBS,51,34,10,812.00,"8,120.00"
2020-10-15,2020101503008275,ILBS,51,34,11,812.00,"8,932.00"
2020-10-15,2020101503008274,ILBS,36,46,67,817.00,"54,739.00"
2020-10-15,2020101503008273,ILBS,36,53,11,816.00,"8,976.00"
2020-10-15,2020101503008272,ILBS,36,34,11,815.00,"8,965.00"
2020-10-15,2020101503008207,ILBS,36,59,11,814.00,"8,954.00"
2020-10-15,2020101503008369,JBBL,5,45,12,208.00,"2,496.00"
2020-10-15,2020101503008328,JBBL,18,26,100,209.00,"20,900.00"
2020-10-15,2020101503008318,JBBL,5,29,63,208.00,"13,104.00"
2020-10-15,2020101503008317,JBBL,19,29,72,208.00,"14,976.00"
2020-10-15,2020101503008307,JBBL,51,26,150,209.00,"31,350.00"
2020-10-15,2020101503008305,JBBL,19,58,28,208.00,"5,824.00"
2020-10-15,2020101503008276,JBBL,47,26,100,209.00,"20,900.00"
2020-10-15,2020101503008197,JBBL,34,28,378,208.00,"78,624.00"
2020-10-15,2020101503008196,JBBL,3,28,122,208.00,"25,376.00"
2020-10-15,2020101503008304,JBBL,38,58,50,208.00,"10,400.00"
2020-10-15,2020101503008303,JBBL,58,58,100,208.00,"20,800.00"
2020-10-15,2020101503008302,JBBL,19,58,200,208.00,"41,600.00"
2020-10-15,2020101503008301,JBBL,45,58,122,208.00,"25,376.00"
2020-10-15,2020101503008286,JBBL,45,7,378,208.00,"78,624.00"
2020-10-15,2020101503008285,JBBL,34,7,622,208.00,"129,376.00"
2020-10-15,2020101504000001,JBBLPO,34,47,"1,580",111.00,"175,380.00"
2020-10-15,2020101503008378,JFL,50,40,10,215.00,"2,150.00"
2020-10-15,2020101503008264,JFL,50,42,50,214.00,"10,700.00"
2020-10-15,2020101503008263,JFL,50,29,108,214.00,"23,112.00"
2020-10-15,2020101503008289,JSLBB,38,58,20,"1,315.00","26,300.00"
2020-10-15,2020101503008288,JSLBB,14,58,60,"1,315.00","78,900.00"
2020-10-15,2020101503008287,JSLBB,42,58,50,"1,316.00","65,800.00"
2020-10-15,2020101503008284,KMCDB,40,32,70,718.00,"50,260.00"
2020-10-15,2020101503008327,KRBL,58,43,115,140.00,"16,100.00"
2020-10-15,2020101503008326,KRBL,11,43,154,140.00,"21,560.00"
2020-10-15,2020101503008360,KSBBL,34,22,20,223.00,"4,460.00"
2020-10-15,2020101503008356,KSBBL,34,34,638,223.00,"142,274.00"
2020-10-15,2020101503008355,KSBBL,45,34,"1,000",223.00,"223,000.00"
2020-10-15,2020101503008354,KSBBL,14,34,362,223.00,"80,726.00"
2020-10-15,2020101503008322,KSBBL,14,13,294,223.00,"65,562.00"
2020-10-15,2020101503008246,KSBBL,14,45,344,223.00,"76,712.00"
2020-10-15,2020101503008245,KSBBL,22,45,100,223.00,"22,300.00"
2020-10-15,2020101503008244,KSBBL,56,45,556,223.00,"123,988.00"
2020-10-15,2020101503008243,KSBBL,56,16,500,223.00,"111,500.00"
2020-10-15,2020101503008371,LBBL,49,42,76,217.00,"16,492.00"
2020-10-15,2020101503008370,LBBL,49,51,424,217.00,"92,008.00"
2020-10-15,2020101503008310,LBBL,17,25,"1,308",215.00,"281,220.00"
2020-10-15,2020101503008251,LBBL,1,33,148,214.00,"31,672.00"
2020-10-15,2020101503008250,LBBL,38,33,100,214.00,"21,400.00"
2020-10-15,2020101504000291,LEMF,8,1,500,8.86,"4,430.00"
2020-10-15,2020101504000285,LEMF,8,42,"1,274",8.86,"11,287.64"
2020-10-15,2020101504000268,LEMF,48,47,"22,590",9.00,"203,310.00"
2020-10-15,2020101504000257,LEMF,48,33,"2,000",9.00,"18,000.00"
2020-10-15,2020101504000027,LEMF,34,22,"1,000",8.99,"8,990.00"
2020-10-15,2020101504000256,LEMF,48,26,500,9.00,"4,500.00"
2020-10-15,2020101504000255,LEMF,48,58,"4,910",8.99,"44,140.90"
2020-10-15,2020101504000165,LEMF,34,58,200,8.99,"1,798.00"
2020-10-15,2020101503008365,LICN,14,40,35,"1,453.00","50,855.00"
2020-10-15,2020101503008364,LICN,8,40,20,"1,453.00","29,060.00"
2020-10-15,2020101503008363,LICN,25,40,29,"1,454.00","42,166.00"
2020-10-15,2020101503008362,LICN,35,40,16,"1,454.00","23,264.00"
2020-10-15,2020101503008311,LICN,35,34,100,"1,454.00","145,400.00"
2020-10-15,2020101504000277,LUK,50,25,500,9.10,"4,550.00"
2020-10-15,2020101504000274,LUK,19,45,200,9.10,"1,820.00"
2020-10-15,2020101504000273,LUK,48,52,100,9.00,900.00
2020-10-15,2020101504000270,LUK,48,52,100,9.00,900.00
2020-10-15,2020101504000269,LUK,48,36,"3,600",9.00,"32,400.00"
2020-10-15,2020101504000262,LUK,48,34,500,9.00,"4,500.00"
2020-10-15,2020101504000008,LUK,48,58,100,8.85,885.00
2020-10-15,2020101504000143,LUK,37,34,100,8.87,887.00
2020-10-15,2020101504000101,LUK,42,41,200,8.86,"1,772.00"
2020-10-15,2020101504000090,LUK,42,45,100,9.00,900.00
2020-10-15,2020101504000079,LUK,48,3,500,8.85,"4,425.00"
2020-10-15,2020101504000074,LUK,48,3,500,8.85,"4,425.00"
2020-10-15,2020101504000048,LUK,48,41,500,8.88,"4,440.00"
2020-10-15,2020101504000239,LUK,7,45,"4,500",8.88,"39,960.00"
2020-10-15,2020101504000235,LUK,7,1,100,8.88,888.00
2020-10-15,2020101504000233,LUK,7,57,200,8.88,"1,776.00"
2020-10-15,2020101504000173,LUK,7,49,100,8.88,888.00
2020-10-15,2020101504000170,LUK,7,33,100,8.88,888.00
2020-10-15,2020101504000166,LUK,34,47,100,9.00,900.00
2020-10-15,2020101504000258,LUK,48,45,500,9.00,"4,500.00"
2020-10-15,2020101504000253,LUK,48,21,100,9.00,900.00
2020-10-15,2020101504000252,LUK,48,34,"1,000",9.00,"9,000.00"
2020-10-15,2020101504000251,LUK,48,58,100,9.00,900.00
2020-10-15,2020101504000250,LUK,48,58,100,9.00,900.00
2020-10-15,2020101504000249,LUK,48,47,100,9.00,900.00
2020-10-15,2020101504000109,MEGAPO,49,38,"4,000",126.00,"504,000.00"
2020-10-15,2020101504000098,MEGAPO,22,38,"3,000",126.00,"378,000.00"
2020-10-15,2020101503008205,MERO,44,33,24,740.00,"17,760.00"
2020-10-15,2020101503008204,MERO,44,48,21,739.00,"15,519.00"
2020-10-15,2020101503008203,MERO,44,16,100,735.00,"73,500.00"
2020-10-15,2020101503008202,MERO,44,38,15,735.00,"11,025.00"
2020-10-15,2020101503008201,MERO,44,26,100,734.00,"73,400.00"
2020-10-15,2020101503008200,MERO,44,56,190,734.00,"139,460.00"
2020-10-15,2020101503008353,MFIL,16,57,10,320.00,"3,200.00"
2020-10-15,2020101503008320,MFIL,55,54,"1,365",317.00,"432,705.00"
2020-10-15,2020101503008271,MFIL,55,54,130,317.00,"41,210.00"
2020-10-15,2020101503008270,MFIL,58,54,"4,035",317.00,"1,279,095.00"
2020-10-15,2020101503008269,MFIL,55,54,800,318.00,"254,400.00"
2020-10-15,2020101503008268,MFIL,55,54,500,318.00,"159,000.00"
2020-10-15,2020101503008267,MFIL,50,54,300,318.00,"95,400.00"
2020-10-15,2020101503008266,MFIL,43,54,175,318.00,"55,650.00"
2020-10-15,2020101503008265,MFIL,40,54,60,319.00,"19,140.00"
2020-10-15,2020101503008375,MNBBL,48,16,10,354.00,"3,540.00"
2020-10-15,2020101503008374,MNBBL,14,16,20,354.00,"7,080.00"
2020-10-15,2020101503008331,MNBBL,58,35,94,353.00,"33,182.00"
2020-10-15,2020101504000301,NBF2,48,17,"29,500",9.00,"265,500.00"
2020-10-15,2020101504000296,NBF2,48,7,500,9.00,"4,500.00"
2020-10-15,2020101504000020,NBF2,39,57,500,8.97,"4,485.00"
2020-10-15,2020101504000013,NBF2,11,57,100,9.15,915.00
2020-10-15,2020101504000006,NBF2,34,45,300,8.89,"2,667.00"
2020-10-15,2020101504000041,NBF2,48,45,500,8.98,"4,490.00"
2020-10-15,2020101504000040,NBF2,13,45,500,8.98,"4,490.00"
2020-10-15,2020101504000034,NBF2,57,58,100,9.15,915.00
2020-10-15,2020101504000033,NBF2,57,32,100,9.00,900.00
2020-10-15,2020101504000032,NBF2,34,41,"10,000",9.00,"90,000.00"
2020-10-15,2020101504000152,NBF2,45,32,"2,500",9.00,"22,500.00"
2020-10-15,2020101504000149,NBF2,45,58,150,9.00,"1,350.00"
2020-10-15,2020101504000148,NBF2,45,32,"5,000",9.00,"45,000.00"
2020-10-15,2020101504000147,NBF2,45,32,"3,500",9.00,"31,500.00"
2020-10-15,2020101504000083,NBF2,37,19,100,8.93,893.00
2020-10-15,2020101504000052,NBF2,48,41,500,8.98,"4,490.00"
2020-10-15,2020101504000175,NBF2,16,21,400,8.95,"3,580.00"
2020-10-15,2020101504000163,NBF2,37,35,200,8.93,"1,786.00"
2020-10-15,2020101504000157,NBF2,37,48,400,8.93,"3,572.00"
2020-10-15,2020101504000275,NEF,48,47,"15,474",9.00,"139,266.00"
2020-10-15,2020101504000266,NEF,48,34,"1,000",9.00,"9,000.00"
2020-10-15,2020101504000254,NEF,48,52,"2,414",9.00,"21,726.00"
2020-10-15,2020101504000248,NEF,48,7,"1,127",9.00,"10,143.00"
2020-10-15,2020101504000247,NEF,48,46,241,9.00,"2,169.00"
2020-10-15,2020101504000246,NEF,48,52,966,9.00,"8,694.00"
2020-10-15,2020101504000071,NEF,48,34,540,9.00,"4,860.00"
2020-10-15,2020101504000050,NEF,48,6,483,9.00,"4,347.00"
2020-10-15,2020101504000031,NEF,34,25,191,8.99,"1,717.09"
2020-10-15,2020101504000030,NEF,34,51,"5,632",8.99,"50,631.68"
2020-10-15,2020101504000029,NEF,34,22,483,8.99,"4,342.17"
2020-10-15,2020101504000028,NEF,56,44,"1,127",8.83,"9,951.41"
2020-10-15,2020101504000153,NEF,16,19,"2,253",8.89,"20,029.17"
2020-10-15,2020101504000128,NEF,37,21,483,8.85,"4,274.55"
2020-10-15,2020101504000126,NEF,56,14,343,8.83,"3,028.69"
2020-10-15,2020101504000124,NEF,56,26,483,8.83,"4,264.89"
2020-10-15,2020101504000097,NEF,40,34,466,8.89,"4,142.74"
2020-10-15,2020101504000096,NEF,22,34,"1,000",8.89,"8,890.00"
2020-10-15,2020101504000245,NEF,48,34,150,9.00,"1,350.00"
2020-10-15,2020101504000244,NEF,48,7,"2,414",8.99,"21,701.86"
2020-10-15,2020101504000243,NEF,48,17,"2,214",8.95,"19,815.30"
2020-10-15,2020101504000242,NEF,48,1,"4,000",8.95,"35,800.00"
2020-10-15,2020101504000237,NEF,4,17,200,8.95,"1,790.00"
2020-10-15,2020101504000172,NEF,37,46,500,8.85,"4,425.00"
2020-10-15,2020101503008315,NFS,1,51,28,334.00,"9,352.00"
2020-10-15,2020101503008314,NFS,1,51,29,334.00,"9,686.00"
2020-10-15,2020101503008313,NFS,7,51,10,334.00,"3,340.00"
2020-10-15,2020101503008312,NFS,57,51,233,334.00,"77,822.00"
2020-10-15,2020101504000298,NIBLPF,48,7,"1,729",9.00,"15,561.00"
2020-10-15,2020101504000241,NIBLPF,48,43,"1,010",9.00,"9,090.00"
2020-10-15,2020101504000198,NIBLPF,45,34,"15,772",9.18,"144,786.96"
2020-10-15,2020101504000194,NIBLPF,45,34,"25,000",9.18,"229,500.00"
2020-10-15,2020101504000193,NIBLPF,45,34,"25,000",9.18,"229,500.00"
2020-10-15,2020101504000192,NIBLPF,45,34,"25,000",9.18,"229,500.00"
2020-10-15,2020101504000069,NIBLPF,37,43,"1,000",9.00,"9,000.00"
2020-10-15,2020101504000042,NIBLPF,48,32,100,8.99,899.00
2020-10-15,2020101504000133,NIBLPF,37,43,119,9.00,"1,071.00"
2020-10-15,2020101504000132,NIBLPF,37,43,"1,000",9.00,"9,000.00"
2020-10-15,2020101504000131,NIBLPF,45,1,"1,000",8.99,"8,990.00"
2020-10-15,2020101504000130,NIBLPF,45,21,"2,525",8.99,"22,699.75"
2020-10-15,2020101504000106,NIBLPF,45,16,"2,425",8.99,"21,800.75"
2020-10-15,2020101504000091,NIBLPF,48,43,900,9.00,"8,100.00"
2020-10-15,2020101504000176,NIBLPF,45,7,"1,229",9.04,"11,110.16"
2020-10-15,2020101504000167,NIBLPF,34,25,149,9.00,"1,341.00"
2020-10-15,2020101504000138,NIBLPF,37,25,"1,000",9.00,"9,000.00"
2020-10-15,2020101504000136,NIBLPF,37,25,"1,000",9.00,"9,000.00"
2020-10-15,2020101504000135,NIBLPF,37,25,376,9.00,"3,384.00"
2020-10-15,2020101504000134,NIBLPF,37,26,505,9.00,"4,545.00"
2020-10-15,2020101504000183,NIBLPF,45,22,"1,000",9.13,"9,130.00"
2020-10-15,2020101504000182,NIBLPF,45,28,"2,000",9.13,"18,260.00"
2020-10-15,2020101504000181,NIBLPF,45,6,900,9.13,"8,217.00"
2020-10-15,2020101504000180,NIBLPF,45,38,"3,184",9.12,"29,038.08"
2020-10-15,2020101504000178,NIBLPF,45,38,"2,316",9.12,"21,121.92"
2020-10-15,2020101504000177,NIBLPF,45,17,505,9.05,"4,570.25"
2020-10-15,2020101504000190,NIBLPF,45,34,"20,000",9.18,"183,600.00"
2020-10-15,2020101504000189,NIBLPF,45,26,"5,000",9.12,"45,600.00"
2020-10-15,2020101504000187,NIBLPF,45,34,"14,137",9.18,"129,777.66"
2020-10-15,2020101504000186,NIBLPF,45,17,"7,550",9.18,"69,309.00"
2020-10-15,2020101504000185,NIBLPF,45,41,"2,313",9.18,"21,233.34"
2020-10-15,2020101504000184,NIBLPF,45,26,"1,000",9.18,"9,180.00"
2020-10-15,2020101504000292,NIBPO,11,56,220,362.00,"79,640.00"
2020-10-15,2020101504000271,NIBPO,11,26,50,362.00,"18,100.00"
2020-10-15,2020101504000219,NIBPO,6,6,500,361.00,"180,500.00"
2020-10-15,2020101504000218,NIBPO,11,6,100,361.00,"36,100.00"
2020-10-15,2020101504000217,NIBPO,11,6,100,361.00,"36,100.00"
2020-10-15,2020101504000216,NIBPO,6,6,296,361.00,"106,856.00"
2020-10-15,2020101504000016,NIBPO,14,55,"1,000",361.00,"361,000.00"
2020-10-15,2020101504000188,NIBPO,6,49,58,361.00,"20,938.00"
2020-10-15,2020101504000174,NIBPO,6,14,631,361.00,"227,791.00"
2020-10-15,2020101504000162,NIBPO,38,49,100,362.00,"36,200.00"
2020-10-15,2020101504000144,NIBPO,6,11,15,361.00,"5,415.00"
2020-10-15,2020101504000110,NIBPO,14,34,300,362.00,"108,600.00"
2020-10-15,2020101504000108,NIBPO,14,26,500,361.00,"180,500.00"
2020-10-15,2020101504000168,NIBSF1,34,17,200,9.98,"1,996.00"
2020-10-15,2020101504000155,NIBSF1,45,14,"3,478",9.91,"34,466.98"
2020-10-15,2020101504000154,NIBSF1,45,14,"10,000",9.91,"99,100.00"
2020-10-15,2020101504000121,NIBSF1,56,26,"4,000",9.76,"39,040.00"
2020-10-15,2020101504000057,NIBSF1,41,50,"1,000",9.72,"9,720.00"
2020-10-15,2020101504000036,NIBSF1,49,17,"10,000",9.71,"97,100.00"
2020-10-15,2020101504000035,NIBSF1,49,55,500,9.71,"4,855.00"
2020-10-15,2020101504000019,NIBSF1,5,55,"9,500",9.71,"92,245.00"
2020-10-15,2020101504000018,NIBSF1,5,58,500,9.71,"4,855.00"
2020-10-15,2020101504000017,NIBSF1,56,58,"10,000",9.72,"97,200.00"
2020-10-15,2020101504000204,NICAD8283,13,49,300,"1,095.00","328,500.00"
2020-10-15,2020101504000203,NICAD8283,13,8,10,"1,090.00","10,900.00"
2020-10-15,2020101504000140,NICAD8283,29,49,500,"1,090.00","545,000.00"
2020-10-15,2020101504000044,NICAD8283,13,40,25,"1,075.00","26,875.00"
2020-10-15,2020101504000043,NICAD8283,11,40,25,"1,075.00","26,875.00"
2020-10-15,2020101504000037,NICAD8283,57,48,25,"1,089.00","27,225.00"
2020-10-15,2020101504000238,NICBF,34,41,120,9.10,"1,092.00"
2020-10-15,2020101504000202,NICBF,28,37,800,9.10,"7,280.00"
2020-10-15,2020101504000169,NICBF,34,37,200,9.10,"1,820.00"
2020-10-15,2020101504000263,NICGF,22,17,"2,600",9.40,"24,440.00"
2020-10-15,2020101504000222,NICGF,11,41,450,9.39,"4,225.50"
2020-10-15,2020101504000092,NICGF,48,6,"1,000",9.50,"9,500.00"
2020-10-15,2020101503008382,NLIC,22,42,25,"1,374.00","34,350.00"
2020-10-15,2020101503008366,NLIC,22,34,48,"1,374.00","65,952.00"
2020-10-15,2020101503008323,NLIC,22,35,50,"1,374.00","68,700.00"
2020-10-15,2020101503008262,NLIC,22,54,15,"1,374.00","20,610.00"
2020-10-15,2020101503008194,NLIC,22,1,30,"1,374.00","41,220.00"
2020-10-15,2020101503008187,NLIC,22,44,29,"1,374.00","39,846.00"
2020-10-15,2020101503008376,NLICL,19,16,100,749.00,"74,900.00"
2020-10-15,2020101503008349,NLICL,38,52,80,747.00,"59,760.00"
2020-10-15,2020101504000261,NMB50,16,1,"1,000",9.18,"9,180.00"
2020-10-15,2020101504000129,NMB50,17,14,"1,000",9.16,"9,160.00"
2020-10-15,2020101504000171,NMBHF1,21,46,500,9.20,"4,600.00"
2020-10-15,2020101504000161,NMBHF1,45,51,"5,774",9.38,"54,160.12"
2020-10-15,2020101504000156,NMBHF1,45,51,"10,000",9.38,"93,800.00"
2020-10-15,2020101504000123,NMBHF1,21,26,"1,596",9.20,"14,683.20"
2020-10-15,2020101504000122,NMBHF1,51,26,900,9.21,"8,289.00"
2020-10-15,2020101504000107,NMBHF1,51,35,100,9.21,921.00
2020-10-15,2020101504000082,NMBHF1,8,19,"3,155",9.16,"28,899.80"
2020-10-15,2020101504000026,NMBHF1,45,13,"5,000",9.20,"46,000.00"
2020-10-15,2020101504000025,NMBHF1,34,17,"1,664",9.23,"15,358.72"
2020-10-15,2020101504000015,NMBHF1,45,13,"5,000",9.20,"46,000.00"
2020-10-15,2020101503008341,NRIC,59,47,600,854.00,"512,400.00"
2020-10-15,2020101503008340,NRIC,59,56,100,854.00,"85,400.00"
2020-10-15,2020101503008339,NRIC,59,59,90,854.00,"76,860.00"
2020-10-15,2020101503008338,NRIC,59,45,25,853.00,"21,325.00"
2020-10-15,2020101503008337,NRIC,59,45,330,853.00,"281,490.00"
2020-10-15,2020101503008336,NRIC,59,7,"1,500",853.00,"1,279,500.00"
2020-10-15,2020101503008217,NRIC,56,42,40,853.00,"34,120.00"
2020-10-15,2020101503008216,NRIC,56,41,460,853.00,"392,380.00"
2020-10-15,2020101503008215,NRIC,32,41,50,853.00,"42,650.00"
2020-10-15,2020101503008214,NRIC,26,41,40,853.00,"34,120.00"
2020-10-15,2020101503008189,NRIC,26,5,10,853.00,"8,530.00"
2020-10-15,2020101503008188,NRIC,45,5,20,853.00,"17,060.00"
2020-10-15,2020101503008335,NRIC,34,45,20,853.00,"17,060.00"
2020-10-15,2020101503008334,NRIC,25,45,100,853.00,"85,300.00"
2020-10-15,2020101503008333,NRIC,56,45,50,853.00,"42,650.00"
2020-10-15,2020101503008294,NRIC,56,34,300,853.00,"255,900.00"
2020-10-15,2020101503008249,NRIC,56,43,60,853.00,"51,180.00"
2020-10-15,2020101503008247,NRIC,56,57,90,853.00,"76,770.00"
2020-10-15,2020101503008377,NRN,34,29,10,350.00,"3,500.00"
2020-10-15,2020101503008260,NRN,34,29,10,350.00,"3,500.00"
2020-10-15,2020101503008231,NTC,50,8,30,707.00,"21,210.00"
2020-10-15,2020101503008230,NTC,50,26,50,707.00,"35,350.00"
2020-10-15,2020101503008229,NTC,50,13,500,706.00,"353,000.00"
2020-10-15,2020101503008228,NTC,50,29,500,706.00,"353,000.00"
2020-10-15,2020101503008227,NTC,50,38,170,705.00,"119,850.00"
2020-10-15,2020101503008226,NTC,50,1,110,705.00,"77,550.00"
2020-10-15,2020101503008219,NTC,50,35,120,704.00,"84,480.00"
2020-10-15,2020101503008218,NTC,50,45,50,701.00,"35,050.00"
2020-10-15,2020101503008225,NTC,50,49,330,705.00,"232,650.00"
2020-10-15,2020101503008224,NTC,50,7,260,705.00,"183,300.00"
2020-10-15,2020101503008223,NTC,50,58,100,704.00,"70,400.00"
2020-10-15,2020101503008222,NTC,50,58,30,704.00,"21,120.00"
2020-10-15,2020101503008221,NTC,50,6,210,704.00,"147,840.00"
2020-10-15,2020101503008220,NTC,50,5,40,704.00,"28,160.00"
2020-10-15,2020101503008359,OHL,5,16,146,370.00,"54,020.00"
2020-10-15,2020101503008352,PFL,17,40,100,179.00,"17,900.00"
2020-10-15,2020101503008361,PLIC,52,5,100,641.00,"64,100.00"
2020-10-15,2020101503008199,PLIC,52,57,88,641.00,"56,408.00"
2020-10-15,2020101503008300,PROFL,49,46,"4,840",128.00,"619,520.00"
2020-10-15,2020101503008299,PROFL,29,46,400,128.00,"51,200.00"
2020-10-15,2020101503008298,PROFL,45,46,250,128.00,"32,000.00"
2020-10-15,2020101503008297,PROFL,50,46,500,128.00,"64,000.00"
2020-10-15,2020101503008296,PROFL,57,46,"1,000",128.00,"128,000.00"
2020-10-15,2020101503008295,PROFL,25,46,10,128.00,"1,280.00"
2020-10-15,2020101504000297,RBCLPO,45,38,20,"10,130.00","202,600.00"
2020-10-15,2020101504000290,RBCLPO,59,59,20,"10,130.00","202,600.00"
2020-10-15,2020101504000289,RBCLPO,32,59,30,"10,130.00","303,900.00"
2020-10-15,2020101504000288,RBCLPO,32,59,30,"10,135.00","304,050.00"
2020-10-15,2020101504000287,RBCLPO,38,59,20,"10,136.00","202,720.00"
2020-10-15,2020101504000284,RBCLPO,39,59,20,"10,140.00","202,800.00"
2020-10-15,2020101504000062,RBCLPO,28,17,20,"10,165.00","203,300.00"
2020-10-15,2020101504000003,RBCLPO,40,17,20,"10,350.00","207,000.00"
2020-10-15,2020101504000068,RBCLPO,49,17,10,"10,150.00","101,500.00"
2020-10-15,2020101504000067,RBCLPO,40,17,20,"10,150.00","203,000.00"
2020-10-15,2020101504000066,RBCLPO,40,17,20,"10,150.00","203,000.00"
2020-10-15,2020101504000065,RBCLPO,22,17,10,"10,150.00","101,500.00"
2020-10-15,2020101504000064,RBCLPO,33,17,100,"10,155.00","1,015,500.00"
2020-10-15,2020101504000063,RBCLPO,57,17,10,"10,160.00","101,600.00"
2020-10-15,2020101504000119,RBCLPO,32,17,30,"10,151.00","304,530.00"
2020-10-15,2020101504000118,RBCLPO,32,17,30,"10,151.00","304,530.00"
2020-10-15,2020101504000117,RBCLPO,7,17,10,"10,151.00","101,510.00"
2020-10-15,2020101504000116,RBCLPO,49,17,10,"10,151.00","101,510.00"
2020-10-15,2020101504000115,RBCLPO,33,17,20,"10,155.00","203,100.00"
2020-10-15,2020101504000114,RBCLPO,59,17,15,"10,161.00","152,415.00"
2020-10-15,2020101504000164,RBCLPO,32,45,40,"10,140.00","405,600.00"
2020-10-15,2020101504000160,RBCLPO,29,45,30,"10,141.00","304,230.00"
2020-10-15,2020101504000159,RBCLPO,32,45,30,"10,142.00","304,260.00"
2020-10-15,2020101504000137,RBCLPO,32,25,10,"10,143.00","101,430.00"
2020-10-15,2020101504000125,RBCLPO,28,28,20,"10,145.00","202,900.00"
2020-10-15,2020101504000120,RBCLPO,7,17,20,"10,150.00","203,000.00"
2020-10-15,2020101504000282,RBCLPO,39,59,30,"10,140.00","304,200.00"
2020-10-15,2020101504000281,RBCLPO,28,59,10,"10,141.00","101,410.00"
2020-10-15,2020101504000280,RBCLPO,32,59,10,"10,142.00","101,420.00"
2020-10-15,2020101504000279,RBCLPO,32,11,20,"10,142.00","202,840.00"
2020-10-15,2020101504000223,RBCLPO,7,17,20,"10,150.00","203,000.00"
2020-10-15,2020101504000179,RBCLPO,7,17,10,"10,150.00","101,500.00"
2020-10-15,2020101503008241,RLFL,55,46,49,170.00,"8,330.00"
2020-10-15,2020101503008240,RLFL,40,46,"1,000",170.00,"170,000.00"
2020-10-15,2020101503008239,RLFL,21,46,100,170.00,"17,000.00"
2020-10-15,2020101503008238,RLFL,45,46,100,170.00,"17,000.00"
2020-10-15,2020101503008237,RLFL,38,46,"1,000",170.00,"170,000.00"
2020-10-15,2020101503008236,RLFL,28,46,98,170.00,"16,660.00"
2020-10-15,2020101503008235,RLFL,35,46,300,171.00,"51,300.00"
2020-10-15,2020101503008234,RLFL,57,46,200,171.00,"34,200.00"
2020-10-15,2020101503008233,RLFL,43,46,153,171.00,"26,163.00"
2020-10-15,2020101503008232,RLFL,37,46,"3,000",171.00,"513,000.00"
2020-10-15,2020101503008351,RLI,35,44,10,600.00,"6,000.00"
2020-10-15,2020101503008330,RLI,43,22,20,601.00,"12,020.00"
2020-10-15,2020101503008329,RLI,43,52,10,601.00,"6,010.00"
2020-10-15,2020101503008316,RLI,35,18,10,600.00,"6,000.00"
2020-10-15,2020101503008291,RLI,50,32,10,599.00,"5,990.00"
2020-10-15,2020101503008259,RLI,48,35,10,600.00,"6,000.00"
2020-10-15,2020101503008258,RLI,48,51,10,600.00,"6,000.00"
2020-10-15,2020101503008257,RLI,48,51,10,600.00,"6,000.00"
2020-10-15,2020101503008248,RLI,50,18,10,599.00,"5,990.00"
2020-10-15,2020101504000302,SAEF,59,38,"5,000",10.48,"52,400.00"
2020-10-15,2020101504000300,SAEF,59,38,"5,000",10.47,"52,350.00"
2020-10-15,2020101504000295,SAEF,8,7,"5,000",10.41,"52,050.00"
2020-10-15,2020101504000236,SAEF,32,22,500,10.38,"5,190.00"
2020-10-15,2020101504000199,SAEF,32,6,"1,500",10.38,"15,570.00"
2020-10-15,2020101504000150,SAEF,59,59,"1,000",10.45,"10,450.00"
2020-10-15,2020101504000102,SAEF,45,41,500,10.45,"5,225.00"
2020-10-15,2020101504000061,SAEF,59,11,"1,050",10.39,"10,909.50"
2020-10-15,2020101504000060,SAEF,7,11,"3,950",10.39,"41,040.50"
2020-10-15,2020101504000022,SAEF,32,21,"2,000",10.44,"20,880.00"
2020-10-15,2020101504000145,SAEF,32,58,500,10.38,"5,190.00"
2020-10-15,2020101504000142,SAEF,32,59,400,10.38,"4,152.00"
2020-10-15,2020101504000141,SAEF,33,56,"9,500",10.40,"98,800.00"
2020-10-15,2020101504000139,SAEF,33,11,500,10.40,"5,200.00"
2020-10-15,2020101504000127,SAEF,46,41,500,10.45,"5,225.00"
2020-10-15,2020101504000103,SAEF,45,38,"9,500",10.50,"99,750.00"
2020-10-15,2020101504000276,SAND2085,13,41,25,"1,027.00","25,675.00"
2020-10-15,2020101503008368,SAPDBL,6,17,655,161.00,"105,455.00"
2020-10-15,2020101503008367,SAPDBL,6,26,30,160.00,"4,800.00"
2020-10-15,2020101503008190,SDLBSL,46,43,40,815.00,"32,600.00"
2020-10-15,2020101504000265,SEF,56,17,"4,450",9.21,"40,984.50"
2020-10-15,2020101504000264,SEF,34,17,"6,000",9.21,"55,260.00"
2020-10-15,2020101504000260,SEF,34,36,400,9.21,"3,684.00"
2020-10-15,2020101504000214,SEF,16,29,"1,000",9.20,"9,200.00"
2020-10-15,2020101504000213,SEF,16,57,500,9.20,"4,600.00"
2020-10-15,2020101504000200,SEF,47,38,"10,000",9.24,"92,400.00"
2020-10-15,2020101504000011,SEF,34,42,500,9.22,"4,610.00"
2020-10-15,2020101504000010,SEF,34,42,"5,900",9.22,"54,398.00"
2020-10-15,2020101504000007,SEF,34,21,"3,000",9.22,"27,660.00"
2020-10-15,2020101504000004,SEF,34,6,100,9.22,922.00
2020-10-15,2020101504000146,SEF,34,41,500,9.19,"4,595.00"
2020-10-15,2020101504000113,SEF,34,50,"4,000",9.19,"36,760.00"
2020-10-15,2020101504000104,SEF,33,25,500,9.18,"4,590.00"
2020-10-15,2020101504000076,SEF,34,55,"10,000",9.17,"91,700.00"
2020-10-15,2020101504000023,SEF,34,42,"10,000",9.28,"92,800.00"
2020-10-15,2020101504000021,SEF,34,42,"3,600",9.22,"33,192.00"
2020-10-15,2020101503008379,SFCL,56,28,10,140.00,"1,400.00"
2020-10-15,2020101504000231,SFMF,17,37,"1,000",9.22,"9,220.00"
2020-10-15,2020101504000227,SFMF,17,37,"1,000",9.22,"9,220.00"
2020-10-15,2020101504000220,SFMF,47,5,500,9.20,"4,600.00"
2020-10-15,2020101504000099,SFMF,33,5,500,9.20,"4,600.00"
2020-10-15,2020101503008319,SHINE,57,10,136,263.00,"35,768.00"
2020-10-15,2020101503008256,SHINE,1,45,366,265.00,"96,990.00"
2020-10-15,2020101503008255,SHINE,1,41,30,265.00,"7,950.00"
2020-10-15,2020101503008254,SHINE,1,4,100,265.00,"26,500.00"
2020-10-15,2020101503008253,SHINE,1,38,204,265.00,"54,060.00"
2020-10-15,2020101503008252,SHINE,1,41,"1,000",264.00,"264,000.00"
2020-10-15,2020101503008213,SHINE,57,56,100,263.00,"26,300.00"
2020-10-15,2020101503008348,SIFC,45,59,378,192.00,"72,576.00"
2020-10-15,2020101503008347,SIFC,45,59,"1,000",192.00,"192,000.00"
2020-10-15,2020101503008346,SIFC,28,59,100,192.00,"19,200.00"
2020-10-15,2020101503008345,SIFC,49,59,22,192.00,"4,224.00"
2020-10-15,2020101503008344,SIFC,13,59,500,193.00,"96,500.00"
2020-10-15,2020101503008324,SIFC,33,38,250,194.00,"48,500.00"
2020-10-15,2020101504000039,SIFCPO,49,50,"2,500",120.00,"300,000.00"
2020-10-15,2020101504000038,SIFCPO,49,50,"19,192",120.00,"2,303,040.00"
2020-10-15,2020101503008321,SKBBL,58,41,100,"1,347.00","134,700.00"
2020-10-15,2020101503008332,SLBS,13,36,12,922.00,"11,064.00"
2020-10-15,2020101503008261,SLICL,57,38,20,602.00,"12,040.00"
2020-10-15,2020101504000267,SRBLD83,13,29,10,"1,020.00","10,200.00"
2020-10-15,2020101504000304,STC,14,38,90,"3,450.00","310,500.00"
2020-10-15,2020101504000303,STC,41,38,10,"3,455.00","34,550.00"
2020-10-15,2020101504000272,STC,45,10,40,"3,470.00","138,800.00"
2020-10-15,2020101504000259,STC,16,52,50,"3,420.00","171,000.00"
2020-10-15,2020101504000221,STC,28,28,500,"3,450.00","1,725,000.00"
2020-10-15,2020101504000209,STC,16,45,80,"3,405.00","272,400.00"
2020-10-15,2020101504000195,STC,56,25,100,"3,469.00","346,900.00"
2020-10-15,2020101504000095,STC,45,37,40,"3,469.00","138,760.00"
2020-10-15,2020101504000094,STC,45,37,10,"3,469.00","34,690.00"
2020-10-15,2020101504000208,STC,5,45,20,"3,409.00","68,180.00"
2020-10-15,2020101504000207,STC,42,45,10,"3,410.00","34,100.00"
2020-10-15,2020101504000206,STC,59,45,100,"3,410.00","341,000.00"
2020-10-15,2020101504000205,STC,56,45,90,"3,415.00","307,350.00"
2020-10-15,2020101504000197,STC,56,17,10,"3,470.00","34,700.00"
2020-10-15,2020101504000196,STC,56,45,100,"3,470.00","347,000.00"
2020-10-15,2020101503008292,SWBBL,34,18,150,"1,241.00","186,150.00"
2020-10-15,2020101503008212,TMDBL,3,39,42,197.00,"8,274.00"
2020-10-15,2020101503008211,TMDBL,34,39,50,198.00,"9,900.00"
2020-10-15,2020101503008198,TMDBL,57,5,50,199.00,"9,950.00"
2020-10-15,2020101503008206,USLB,34,42,23,"1,094.00","25,162.00"
2020-10-15,2020101503008016,ALICL,1,13,20,711.00,"14,220.00"
2020-10-15,2020101503007710,ALICL,41,50,25,710.00,"17,750.00"
2020-10-15,2020101503007709,ALICL,59,50,175,710.00,"124,250.00"
2020-10-15,2020101503007744,BFC,48,55,500,142.00,"71,000.00"
2020-10-15,2020101503007734,BFC,45,22,15,140.00,"2,100.00"
2020-10-15,2020101503007733,BFC,34,22,100,140.00,"14,000.00"
2020-10-15,2020101503007732,BFC,35,22,50,140.00,"7,000.00"
2020-10-15,2020101503007731,BFC,45,22,131,140.00,"18,340.00"
2020-10-15,2020101503008182,CBBL,59,33,100,"1,118.00","111,800.00"
2020-10-15,2020101503007877,CBBL,14,22,100,"1,117.00","111,700.00"
2020-10-15,2020101503007806,CBBL,14,14,200,"1,117.00","223,400.00"
2020-10-15,2020101503007763,CBBL,14,42,50,"1,117.00","55,850.00"
2020-10-15,2020101503008003,CFCL,45,54,384,161.00,"61,824.00"
2020-10-15,2020101503008002,CFCL,14,54,100,161.00,"16,100.00"
2020-10-15,2020101503008001,CFCL,10,54,16,161.00,"2,576.00"
2020-10-15,2020101503007919,CIT,1,55,23,"3,459.00","79,557.00"
2020-10-15,2020101503007918,CIT,55,55,10,"3,459.00","34,590.00"
2020-10-15,2020101503007902,CIT,47,55,20,"3,460.00","69,200.00"
2020-10-15,2020101503007901,CIT,45,55,10,"3,460.00","34,600.00"
2020-10-15,2020101503008137,CLBSL,25,52,41,703.00,"28,823.00"
2020-10-15,2020101503008136,CLBSL,25,22,11,703.00,"7,733.00"
2020-10-15,2020101503007720,CLBSL,25,36,10,700.00,"7,000.00"
2020-10-15,2020101503007724,DDBL,38,19,100,849.00,"84,900.00"
2020-10-15,2020101503007723,DDBL,38,45,50,849.00,"42,450.00"
2020-10-15,2020101503007706,DDBL,36,34,529,848.00,"448,592.00"
2020-10-15,2020101503007705,DDBL,50,34,126,848.00,"106,848.00"
2020-10-15,2020101503007903,EDBL,55,36,250,308.00,"77,000.00"
2020-10-15,2020101503008048,FMDBL,6,42,"1,000",566.00,"566,000.00"
2020-10-15,2020101503008047,FMDBL,6,25,100,565.00,"56,500.00"
2020-10-15,2020101503008046,FMDBL,6,52,149,565.00,"84,185.00"
2020-10-15,2020101503008045,FMDBL,6,48,100,565.00,"56,500.00"
2020-10-15,2020101503008044,FMDBL,6,14,639,564.00,"360,396.00"
2020-10-15,2020101503008043,FMDBL,6,45,100,564.00,"56,400.00"
2020-10-15,2020101503008007,FMDBL,51,34,347,562.00,"195,014.00"
2020-10-15,2020101503008006,FMDBL,51,48,13,561.00,"7,293.00"
2020-10-15,2020101503007931,FMDBL,49,48,45,561.00,"25,245.00"
2020-10-15,2020101503007930,FMDBL,53,48,10,561.00,"5,610.00"
2020-10-15,2020101503007929,FMDBL,25,48,100,561.00,"56,100.00"
2020-10-15,2020101503007928,FMDBL,51,48,32,561.00,"17,952.00"
2020-10-15,2020101503007869,FOWAD,43,38,8,"1,537.00","12,296.00"
2020-10-15,2020101503007868,FOWAD,43,34,49,"1,537.00","75,313.00"
2020-10-15,2020101503007867,FOWAD,43,34,43,"1,537.00","66,091.00"
2020-10-15,2020101503008133,GBBL,58,41,857,264.00,"226,248.00"
2020-10-15,2020101503008081,GBBL,58,29,18,264.00,"4,752.00"
2020-10-15,2020101503008080,GBBL,58,21,125,264.00,"33,000.00"
2020-10-15,2020101503008070,GBBL,41,21,375,264.00,"99,000.00"
2020-10-15,2020101503008057,GBBL,54,45,45,263.00,"11,835.00"
2020-10-15,2020101503008056,GBBL,35,45,100,263.00,"26,300.00"
2020-10-15,2020101503008055,GBBL,22,45,150,263.00,"39,450.00"
2020-10-15,2020101503008054,GBBL,22,45,173,263.00,"45,499.00"
2020-10-15,2020101503008053,GBBL,52,45,500,263.00,"131,500.00"
2020-10-15,2020101503008052,GBBL,47,45,400,263.00,"105,200.00"
2020-10-15,2020101503008051,GBBL,25,45,37,263.00,"9,731.00"
2020-10-15,2020101503007933,GBBL,25,40,755,263.00,"198,565.00"
2020-10-15,2020101503008181,GBLBS,19,38,85,508.00,"43,180.00"
2020-10-15,2020101503008180,GBLBS,51,38,130,508.00,"66,040.00"
2020-10-15,2020101503007775,GBLBS,8,38,85,509.00,"43,265.00"
2020-10-15,2020101503007748,GBLBS,8,49,15,509.00,"7,635.00"
2020-10-15,2020101503008139,GFCL,11,37,14,190.00,"2,660.00"
2020-10-15,2020101503008138,GFCL,11,22,10,189.00,"1,890.00"
2020-10-15,2020101503007876,GFCL,11,57,20,189.00,"3,780.00"
2020-10-15,2020101503007875,GFCL,11,48,620,188.00,"116,560.00"
2020-10-15,2020101503007829,GFCL,32,48,30,188.00,"5,640.00"
2020-10-15,2020101503008014,GGBSL,6,42,10,785.00,"7,850.00"
2020-10-15,2020101503008146,GILB,44,44,27,"1,249.00","33,723.00"
2020-10-15,2020101503008145,GILB,44,43,49,"1,248.00","61,152.00"
2020-10-15,2020101503008144,GILB,44,8,49,"1,248.00","61,152.00"
2020-10-15,2020101503008143,GILB,44,55,60,"1,247.00","74,820.00"
2020-10-15,2020101503008142,GILB,44,54,15,"1,245.00","18,675.00"
2020-10-15,2020101503008013,GILB,34,59,13,"1,241.00","16,133.00"
2020-10-15,2020101503007982,GILB,34,37,154,"1,241.00","191,114.00"
2020-10-15,2020101503007981,GILB,55,37,100,"1,241.00","124,100.00"
2020-10-15,2020101503007980,GILB,59,37,186,"1,241.00","230,826.00"
2020-10-15,2020101503007979,GILB,18,37,60,"1,242.00","74,520.00"
2020-10-15,2020101503007808,GILB,18,33,40,"1,242.00","49,680.00"
2020-10-15,2020101503008050,GLBSL,51,39,"1,000",673.00,"673,000.00"
2020-10-15,2020101503007883,GLBSL,1,39,50,671.00,"33,550.00"
2020-10-15,2020101503007863,GLBSL,58,39,20,676.00,"13,520.00"
2020-10-15,2020101503007827,GLBSL,34,39,50,670.00,"33,500.00"
2020-10-15,2020101503007826,GLBSL,44,39,120,671.00,"80,520.00"
2020-10-15,2020101503007788,GLBSL,16,39,14,671.00,"9,394.00"
2020-10-15,2020101503007781,GLBSL,52,39,20,674.00,"13,480.00"
2020-10-15,2020101503007780,GLBSL,34,39,20,675.00,"13,500.00"
2020-10-15,2020101503007779,GLBSL,41,39,80,676.00,"54,080.00"
2020-10-15,2020101503007778,GLBSL,42,39,10,677.00,"6,770.00"
2020-10-15,2020101503007777,GLBSL,17,39,100,677.00,"67,700.00"
2020-10-15,2020101503007776,GLBSL,52,39,30,677.00,"20,310.00"
2020-10-15,2020101503007787,GLBSL,32,39,80,671.00,"53,680.00"
2020-10-15,2020101503007786,GLBSL,28,39,45,671.00,"30,195.00"
2020-10-15,2020101503007785,GLBSL,16,39,20,672.00,"13,440.00"
2020-10-15,2020101503007784,GLBSL,16,39,50,673.00,"33,650.00"
2020-10-15,2020101503007783,GLBSL,42,39,11,673.00,"7,403.00"
2020-10-15,2020101503007782,GLBSL,34,39,20,674.00,"13,480.00"
2020-10-15,2020101503008037,GLICL,51,48,35,604.00,"21,140.00"
2020-10-15,2020101503008036,GLICL,1,48,49,605.00,"29,645.00"
2020-10-15,2020101503008020,GLICL,1,41,50,605.00,"30,250.00"
2020-10-15,2020101503008019,GLICL,1,48,401,605.00,"242,605.00"
2020-10-15,2020101503007927,GLICL,36,48,99,605.00,"59,895.00"
2020-10-15,2020101503007825,GLICL,51,33,10,604.00,"6,040.00"
2020-10-15,2020101503007761,GLICL,51,35,20,604.00,"12,080.00"
2020-10-15,2020101503007760,GLICL,51,35,100,604.00,"60,400.00"
2020-10-15,2020101503007759,GLICL,6,35,80,604.00,"48,320.00"
2020-10-15,2020101503007813,GMFBS,38,17,10,820.00,"8,200.00"
2020-10-15,2020101503008072,GMFIL,58,18,75,175.00,"13,125.00"
2020-10-15,2020101503008064,GMFIL,45,18,10,175.00,"1,750.00"
2020-10-15,2020101503008170,GUFL,39,1,100,147.00,"14,700.00"
2020-10-15,2020101503008169,GUFL,26,1,150,147.00,"22,050.00"
2020-10-15,2020101503008168,GUFL,59,1,50,147.00,"7,350.00"
2020-10-15,2020101503008063,GUFL,25,33,50,148.00,"7,400.00"
2020-10-15,2020101503008035,GUFL,51,33,170,148.00,"25,160.00"
2020-10-15,2020101503008018,GUFL,58,33,30,148.00,"4,440.00"
2020-10-15,2020101503008163,HIDCL,38,26,51,182.00,"9,282.00"
2020-10-15,2020101503008077,HIDCL,35,26,10,182.00,"1,820.00"
2020-10-15,2020101503008010,HIDCL,52,34,61,181.00,"11,041.00"
2020-10-15,2020101503007997,HIDCL,42,26,200,182.00,"36,400.00"
2020-10-15,2020101503007766,HIDCL,52,42,375,181.00,"67,875.00"
2020-10-15,2020101503007740,HIDCL,35,26,10,182.00,"1,820.00"
2020-10-15,2020101503008149,ICFC,6,7,10,268.00,"2,680.00"
2020-10-15,2020101503008148,ICFC,19,33,119,267.00,"31,773.00"
2020-10-15,2020101503008147,ICFC,5,33,253,267.00,"67,551.00"
2020-10-15,2020101503008082,ICFC,5,22,30,267.00,"8,010.00"
2020-10-15,2020101503007985,ICFC,5,42,200,267.00,"53,400.00"
2020-10-15,2020101503007975,ICFC,10,7,50,268.00,"13,400.00"
2020-10-15,2020101503007816,ICFC,14,17,500,267.00,"133,500.00"
2020-10-15,2020101503007815,ICFC,6,17,303,267.00,"80,901.00"
2020-10-15,2020101503007801,ICFC,8,7,100,268.00,"26,800.00"
2020-10-15,2020101503007729,ICFC,45,7,100,268.00,"26,800.00"
2020-10-15,2020101503007934,ICFC,6,7,50,268.00,"13,400.00"
2020-10-15,2020101503007887,ICFC,5,38,17,267.00,"4,539.00"
2020-10-15,2020101503007886,ICFC,45,38,393,267.00,"104,931.00"
2020-10-15,2020101503007880,ICFC,45,58,"1,000",267.00,"267,000.00"
2020-10-15,2020101503007818,ICFC,45,17,107,267.00,"28,569.00"
2020-10-15,2020101503007817,ICFC,34,17,"1,000",267.00,"267,000.00"
2020-10-15,2020101503008162,ILBS,51,1,12,812.00,"9,744.00"
2020-10-15,2020101503008161,ILBS,51,1,12,812.00,"9,744.00"
2020-10-15,2020101503007708,ILBS,38,51,10,815.00,"8,150.00"
2020-10-15,2020101503008174,JBBL,50,26,200,209.00,"41,800.00"
2020-10-15,2020101503008157,JBBL,40,26,40,209.00,"8,360.00"
2020-10-15,2020101503008156,JBBL,40,52,140,209.00,"29,260.00"
2020-10-15,2020101503008155,JBBL,7,52,150,209.00,"31,350.00"
2020-10-15,2020101503008029,JBBL,3,42,100,208.00,"20,800.00"
2020-10-15,2020101503008028,JBBL,3,25,178,208.00,"37,024.00"
2020-10-15,2020101503007745,JBBL,58,56,50,208.00,"10,400.00"
2020-10-15,2020101503007743,JBBL,58,52,"1,000",209.00,"209,000.00"
2020-10-15,2020101503007703,JBBL,38,52,10,209.00,"2,090.00"
2020-10-15,2020101503007851,JBBL,58,7,778,208.00,"161,824.00"
2020-10-15,2020101503007850,JBBL,1,7,100,208.00,"20,800.00"
2020-10-15,2020101503007849,JBBL,28,7,122,208.00,"25,376.00"
2020-10-15,2020101503007810,JBBL,50,52,200,209.00,"41,800.00"
2020-10-15,2020101503007772,JBBL,28,35,878,208.00,"182,624.00"
2020-10-15,2020101503007771,JBBL,58,35,122,208.00,"25,376.00"
2020-10-15,2020101503008027,JBBL,47,25,322,208.00,"66,976.00"
2020-10-15,2020101503008004,JBBL,41,52,100,209.00,"20,900.00"
2020-10-15,2020101503007912,JBBL,47,7,178,208.00,"37,024.00"
2020-10-15,2020101503007911,JBBL,47,7,500,208.00,"104,000.00"
2020-10-15,2020101503007910,JBBL,14,7,100,208.00,"20,800.00"
2020-10-15,2020101503007909,JBBL,58,7,222,208.00,"46,176.00"
2020-10-15,2020101503008071,JFL,35,29,185,214.00,"39,590.00"
2020-10-15,2020101503008127,KMCDB,39,32,200,718.00,"143,600.00"
2020-10-15,2020101503008126,KMCDB,32,32,20,718.00,"14,360.00"
2020-10-15,2020101503008125,KMCDB,42,32,12,718.00,"8,616.00"
2020-10-15,2020101503008124,KMCDB,57,32,50,718.00,"35,900.00"
2020-10-15,2020101503008123,KMCDB,51,32,10,718.00,"7,180.00"
2020-10-15,2020101503008122,KMCDB,6,32,90,718.00,"64,620.00"
2020-10-15,2020101503007974,KMCDB,17,52,90,719.00,"64,710.00"
2020-10-15,2020101503007922,KMCDB,39,32,100,720.00,"72,000.00"
2020-10-15,2020101503007915,KMCDB,16,32,100,720.00,"72,000.00"
2020-10-15,2020101503007914,KMCDB,35,32,20,720.00,"14,400.00"
2020-10-15,2020101503008141,KRBL,19,43,73,141.00,"10,293.00"
2020-10-15,2020101503008140,KRBL,19,44,27,141.00,"3,807.00"
2020-10-15,2020101503008026,KRBL,11,45,20,140.00,"2,800.00"
2020-10-15,2020101503007917,KRBL,11,41,26,140.00,"3,640.00"
2020-10-15,2020101503007916,KRBL,13,41,124,140.00,"17,360.00"
2020-10-15,2020101503008073,KSBBL,56,34,500,223.00,"111,500.00"
2020-10-15,2020101503007993,KSBBL,45,14,63,224.00,"14,112.00"
2020-10-15,2020101503008175,LBBL,38,10,100,214.00,"21,400.00"
2020-10-15,2020101503008117,LBBL,38,25,200,215.00,"43,000.00"
2020-10-15,2020101503008116,LBBL,48,25,300,215.00,"64,500.00"
2020-10-15,2020101503008115,LBBL,49,25,11,215.00,"2,365.00"
2020-10-15,2020101503007747,LBBL,17,51,"1,476",217.00,"320,292.00"
2020-10-15,2020101503007746,LBBL,17,45,255,217.00,"55,335.00"
2020-10-15,2020101503007739,LBBL,42,45,100,217.00,"21,700.00"
2020-10-15,2020101503008096,LBBL,17,25,731,215.00,"157,165.00"
2020-10-15,2020101503007905,LBBL,41,51,100,217.00,"21,700.00"
2020-10-15,2020101503008102,LBBL,34,25,100,215.00,"21,500.00"
2020-10-15,2020101503008101,LBBL,26,25,100,215.00,"21,500.00"
2020-10-15,2020101503008100,LBBL,57,25,100,215.00,"21,500.00"
2020-10-15,2020101503008099,LBBL,59,25,"1,000",215.00,"215,000.00"
2020-10-15,2020101503008098,LBBL,53,25,50,215.00,"10,750.00"
2020-10-15,2020101503008097,LBBL,44,25,200,215.00,"43,000.00"
2020-10-15,2020101503008108,LBBL,22,25,100,215.00,"21,500.00"
2020-10-15,2020101503008107,LBBL,14,25,100,215.00,"21,500.00"
2020-10-15,2020101503008106,LBBL,1,25,400,215.00,"86,000.00"
2020-10-15,2020101503008105,LBBL,59,25,"1,000",215.00,"215,000.00"
2020-10-15,2020101503008104,LBBL,34,25,200,215.00,"43,000.00"
2020-10-15,2020101503008103,LBBL,17,25,50,215.00,"10,750.00"
2020-10-15,2020101503008114,LBBL,34,25,300,215.00,"64,500.00"
2020-10-15,2020101503008113,LBBL,17,25,150,215.00,"32,250.00"
2020-10-15,2020101503008112,LBBL,55,25,"2,000",215.00,"430,000.00"
2020-10-15,2020101503008111,LBBL,49,25,200,215.00,"43,000.00"
2020-10-15,2020101503008110,LBBL,3,25,"1,000",215.00,"215,000.00"
2020-10-15,2020101503008109,LBBL,48,25,400,215.00,"86,000.00"
2020-10-15,2020101503008172,LICN,25,34,10,"1,457.00","14,570.00"
2020-10-15,2020101503008171,LICN,37,34,20,"1,457.00","29,140.00"
2020-10-15,2020101503007860,LICN,35,35,17,"1,454.00","24,718.00"
2020-10-15,2020101503007821,LICN,35,17,17,"1,454.00","24,718.00"
2020-10-15,2020101503007820,LICN,16,17,30,"1,454.00","43,620.00"
2020-10-15,2020101503007819,LICN,45,17,16,"1,454.00","23,264.00"
2020-10-15,2020101503007871,LLBS,44,18,29,"1,100.00","31,900.00"
2020-10-15,2020101503007870,LLBS,18,18,70,"1,100.00","77,000.00"
2020-10-15,2020101503007718,MERO,38,56,10,734.00,"7,340.00"
2020-10-15,2020101503008000,MFIL,43,13,105,318.00,"33,390.00"
2020-10-15,2020101503007874,MFIL,43,45,20,318.00,"6,360.00"
2020-10-15,2020101503008185,MLBL,36,52,84,226.00,"18,984.00"
2020-10-15,2020101503008184,MLBL,41,52,100,226.00,"22,600.00"
2020-10-15,2020101503008183,MLBL,48,52,16,226.00,"3,616.00"
2020-10-15,2020101503008121,MLBL,48,52,234,226.00,"52,884.00"
2020-10-15,2020101503008120,MLBL,29,52,20,226.00,"4,520.00"
2020-10-15,2020101503008119,MLBL,48,52,200,226.00,"45,200.00"
2020-10-15,2020101503008118,MLBL,6,52,46,226.00,"10,396.00"
2020-10-15,2020101503008011,MMFDB,42,38,13,880.00,"11,440.00"
2020-10-15,2020101503007889,MMFDB,42,22,120,880.00,"105,600.00"
2020-10-15,2020101503008167,MNBBL,58,58,50,353.00,"17,650.00"
2020-10-15,2020101503008154,MNBBL,17,16,50,354.00,"17,700.00"
2020-10-15,2020101503008076,MNBBL,26,16,170,354.00,"60,180.00"
2020-10-15,2020101503008075,MNBBL,52,16,165,354.00,"58,410.00"
2020-10-15,2020101503008009,MNBBL,52,42,25,354.00,"8,850.00"
2020-10-15,2020101503007752,MNBBL,52,58,10,354.00,"3,540.00"
2020-10-15,2020101503007882,MPFL,51,41,200,141.00,"28,200.00"
2020-10-15,2020101503007809,MPFL,7,8,200,142.00,"28,400.00"
2020-10-15,2020101503007989,MSMBS,17,6,10,676.00,"6,760.00"
2020-10-15,2020101503008151,NADEP,38,59,100,654.00,"65,400.00"
2020-10-15,2020101503007830,NADEP,38,34,11,654.00,"7,194.00"
2020-10-15,2020101503007713,NADEP,38,16,230,654.00,"150,420.00"
2020-10-15,2020101503008060,NFS,57,17,20,334.00,"6,680.00"
2020-10-15,2020101503008067,NLBBL,5,44,65,733.00,"47,645.00"
2020-10-15,2020101503008066,NLBBL,5,22,30,732.00,"21,960.00"
2020-10-15,2020101503008186,NLIC,51,44,171,"1,374.00","234,954.00"
2020-10-15,2020101503008160,NLIC,58,26,10,"1,375.00","13,750.00"
2020-10-15,2020101503008068,NLIC,51,44,100,"1,374.00","137,400.00"
2020-10-15,2020101503008065,NLIC,34,26,10,"1,375.00","13,750.00"
2020-10-15,2020101503008059,NLIC,51,34,229,"1,374.00","314,646.00"
2020-10-15,2020101503008058,NLIC,16,34,61,"1,374.00","83,814.00"
2020-10-15,2020101503007921,NLIC,58,44,20,"1,377.00","27,540.00"
2020-10-15,2020101503007885,NLIC,16,25,30,"1,375.00","41,250.00"
2020-10-15,2020101503007884,NLIC,16,6,25,"1,375.00","34,375.00"
2020-10-15,2020101503007864,NLIC,16,46,200,"1,374.00","274,800.00"
2020-10-15,2020101503007852,NLIC,58,25,20,"1,375.00","27,500.00"
2020-10-15,2020101503008017,NLICL,35,16,100,749.00,"74,900.00"
2020-10-15,2020101503007738,NLICL,53,34,50,749.00,"37,450.00"
2020-10-15,2020101503007737,NLICL,53,17,290,749.00,"217,210.00"
2020-10-15,2020101503007722,NLICL,19,17,90,749.00,"67,410.00"
2020-10-15,2020101503007721,NLICL,19,37,70,748.00,"52,360.00"
2020-10-15,2020101503008062,NMBMF,25,10,10,791.00,"7,910.00"
2020-10-15,2020101503008040,NMBMF,25,49,16,791.00,"12,656.00"
2020-10-15,2020101503008039,NMBMF,44,49,14,791.00,"11,074.00"
2020-10-15,2020101503008038,NMBMF,37,49,14,791.00,"11,074.00"
2020-10-15,2020101503007764,NMBMF,44,25,36,791.00,"28,476.00"
2020-10-15,2020101503008069,NMFBS,53,10,10,"1,515.00","15,150.00"
2020-10-15,2020101503008042,NMFBS,53,22,26,"1,510.00","39,260.00"
2020-10-15,2020101503008179,NRIC,53,59,10,854.00,"8,540.00"
2020-10-15,2020101503008178,NRIC,53,34,100,854.00,"85,400.00"
2020-10-15,2020101503008177,NRIC,53,36,90,854.00,"76,860.00"
2020-10-15,2020101503008135,NRIC,58,36,10,854.00,"8,540.00"
2020-10-15,2020101503008134,NRIC,45,11,40,853.00,"34,120.00"
2020-10-15,2020101503008074,NRIC,45,29,40,853.00,"34,120.00"
2020-10-15,2020101503007704,NRIC,58,59,10,854.00,"8,540.00"
2020-10-15,2020101503007793,NRIC,29,38,40,852.00,"34,080.00"
2020-10-15,2020101503007774,NRIC,29,38,500,852.00,"426,000.00"
2020-10-15,2020101503007773,NRIC,29,36,100,852.00,"85,200.00"
2020-10-15,2020101503007735,NRIC,59,48,"1,000",853.00,"853,000.00"
2020-10-15,2020101503007728,NRIC,26,48,10,853.00,"8,530.00"
2020-10-15,2020101503007712,NRIC,26,29,40,853.00,"34,120.00"
2020-10-15,2020101503007831,NRIC,59,48,"4,000",853.00,"3,412,000.00"
2020-10-15,2020101503007812,NRIC,25,56,150,852.00,"127,800.00"
2020-10-15,2020101503007811,NRIC,38,56,50,852.00,"42,600.00"
2020-10-15,2020101503007800,NRIC,54,51,17,852.00,"14,484.00"
2020-10-15,2020101503007795,NRIC,46,59,248,852.00,"211,296.00"
2020-10-15,2020101503007794,NRIC,29,59,302,852.00,"257,304.00"
2020-10-15,2020101503007890,NRIC,59,16,40,853.00,"34,120.00"
2020-10-15,2020101503007881,NRIC,29,52,10,852.00,"8,520.00"
2020-10-15,2020101503007858,NRIC,52,58,2,853.00,"1,706.00"
2020-10-15,2020101503007857,NRIC,52,49,100,853.00,"85,300.00"
2020-10-15,2020101503007856,NRIC,52,42,50,853.00,"42,650.00"
2020-10-15,2020101503007855,NRIC,52,48,28,853.00,"23,884.00"
2020-10-15,2020101503007983,NRIC,46,36,50,853.00,"42,650.00"
2020-10-15,2020101503007935,NRIC,59,41,500,853.00,"426,500.00"
2020-10-15,2020101503007925,NRIC,59,38,250,853.00,"213,250.00"
2020-10-15,2020101503007924,NRIC,59,44,210,853.00,"179,130.00"
2020-10-15,2020101503007923,NRIC,59,29,540,853.00,"460,620.00"
2020-10-15,2020101503007891,NRIC,59,29,160,853.00,"136,480.00"
2020-10-15,2020101503008021,NRIC,59,59,20,852.00,"17,040.00"
2020-10-15,2020101503008015,NRIC,45,14,50,853.00,"42,650.00"
2020-10-15,2020101503008005,NRIC,59,55,20,852.00,"17,040.00"
2020-10-15,2020101503007994,NRIC,29,58,40,852.00,"34,080.00"
2020-10-15,2020101503007986,NRIC,29,42,50,852.00,"42,600.00"
2020-10-15,2020101503007984,NRIC,46,14,50,853.00,"42,650.00"
2020-10-15,2020101503008033,NRIC,28,59,470,852.00,"400,440.00"
2020-10-15,2020101503008031,NRIC,58,34,10,854.00,"8,540.00"
2020-10-15,2020101503008030,NRIC,58,45,100,853.00,"85,300.00"
2020-10-15,2020101503008024,NRIC,28,59,395,852.00,"336,540.00"
2020-10-15,2020101503008023,NRIC,49,59,60,852.00,"51,120.00"
2020-10-15,2020101503008022,NRIC,43,59,25,852.00,"21,300.00"
2020-10-15,2020101503008173,NRN,41,44,10,350.00,"3,500.00"
2020-10-15,2020101503008012,NRN,41,17,10,350.00,"3,500.00"
2020-10-15,2020101503007995,NRN,41,17,10,350.00,"3,500.00"
2020-10-15,2020101503007961,NRN,41,42,10,350.00,"3,500.00"
2020-10-15,2020101503007960,NRN,41,42,10,350.00,"3,500.00"
2020-10-15,2020101503007959,NRN,41,6,10,350.00,"3,500.00"
2020-10-15,2020101503007714,NRN,41,29,10,349.00,"3,490.00"
2020-10-15,2020101503007711,NRN,41,47,10,349.00,"3,490.00"
2020-10-15,2020101503007770,NRN,53,19,30,349.00,"10,470.00"
2020-10-15,2020101503007769,NRN,41,19,30,349.00,"10,470.00"
2020-10-15,2020101503007767,NRN,41,34,10,349.00,"3,490.00"
2020-10-15,2020101503007749,NRN,41,25,100,349.00,"34,900.00"
2020-10-15,2020101503007736,NRN,41,17,10,349.00,"3,490.00"
2020-10-15,2020101503007719,NRN,54,14,28,350.00,"9,800.00"
2020-10-15,2020101503007940,NRN,41,52,10,350.00,"3,500.00"
2020-10-15,2020101503007939,NRN,41,58,10,350.00,"3,500.00"
2020-10-15,2020101503007937,NRN,52,17,10,349.00,"3,490.00"
2020-10-15,2020101503007904,NRN,52,48,10,349.00,"3,490.00"
2020-10-15,2020101503007888,NRN,53,17,10,349.00,"3,490.00"
2020-10-15,2020101503007814,NRN,53,48,10,349.00,"3,490.00"
2020-10-15,2020101503007946,NRN,41,29,10,350.00,"3,500.00"
2020-10-15,2020101503007945,NRN,41,22,10,350.00,"3,500.00"
2020-10-15,2020101503007944,NRN,41,22,10,350.00,"3,500.00"
2020-10-15,2020101503007943,NRN,41,58,330,350.00,"115,500.00"
2020-10-15,2020101503007942,NRN,41,52,10,350.00,"3,500.00"
2020-10-15,2020101503007941,NRN,41,36,10,350.00,"3,500.00"
2020-10-15,2020101503007952,NRN,41,6,10,350.00,"3,500.00"
2020-10-15,2020101503007951,NRN,41,41,10,350.00,"3,500.00"
2020-10-15,2020101503007950,NRN,41,51,10,350.00,"3,500.00"
2020-10-15,2020101503007949,NRN,41,37,10,350.00,"3,500.00"
2020-10-15,2020101503007948,NRN,41,39,10,350.00,"3,500.00"
2020-10-15,2020101503007947,NRN,41,52,10,350.00,"3,500.00"
2020-10-15,2020101503007958,NRN,41,41,10,350.00,"3,500.00"
2020-10-15,2020101503007957,NRN,41,42,10,350.00,"3,500.00"
2020-10-15,2020101503007956,NRN,41,58,10,350.00,"3,500.00"
2020-10-15,2020101503007955,NRN,41,45,10,350.00,"3,500.00"
2020-10-15,2020101503007954,NRN,41,52,10,350.00,"3,500.00"
2020-10-15,2020101503007953,NRN,41,42,10,350.00,"3,500.00"
2020-10-15,2020101503007862,NTC,58,35,20,704.00,"14,080.00"
2020-10-15,2020101503007861,NTC,58,45,20,701.00,"14,020.00"
2020-10-15,2020101503007828,NTC,35,45,10,701.00,"7,010.00"
2020-10-15,2020101503007717,NTC,21,7,70,702.00,"49,140.00"
2020-10-15,2020101503008084,OHL,34,49,50,371.00,"18,550.00"
2020-10-15,2020101503007988,PFL,42,34,10,177.00,"1,770.00"
2020-10-15,2020101503007987,PFL,4,34,16,177.00,"2,832.00"
2020-10-15,2020101503008166,PLIC,52,38,100,641.00,"64,100.00"
2020-10-15,2020101503007896,PLIC,32,25,45,640.00,"28,800.00"
2020-10-15,2020101503007895,PLIC,52,25,51,640.00,"32,640.00"
2020-10-15,2020101503007894,PLIC,35,25,44,640.00,"28,160.00"
2020-10-15,2020101503007805,PLIC,50,39,31,641.00,"19,871.00"
2020-10-15,2020101503008150,PROFL,48,10,200,129.00,"25,800.00"
2020-10-15,2020101503008158,RLFL,45,46,22,172.00,"3,784.00"
2020-10-15,2020101503007990,RLFL,40,46,200,172.00,"34,400.00"
2020-10-15,2020101503007878,RLFL,59,46,50,172.00,"8,600.00"
2020-10-15,2020101503007854,RLFL,42,46,120,172.00,"20,640.00"
2020-10-15,2020101503007716,RLFL,43,40,47,171.00,"8,037.00"
2020-10-15,2020101503007715,RLFL,1,40,153,171.00,"26,163.00"
2020-10-15,2020101503008083,RLI,50,18,10,599.00,"5,990.00"
2020-10-15,2020101503008061,RLI,50,58,10,599.00,"5,990.00"
2020-10-15,2020101503007992,RLI,50,48,10,599.00,"5,990.00"
2020-10-15,2020101503007973,RLI,50,29,189,599.00,"113,211.00"
2020-10-15,2020101503007972,RLI,46,29,50,599.00,"29,950.00"
2020-10-15,2020101503007971,RLI,34,29,100,599.00,"59,900.00"
2020-10-15,2020101503007688,RLI,45,22,160,601.00,"96,160.00"
2020-10-15,2020101503007687,RLI,45,41,10,601.00,"6,010.00"
2020-10-15,2020101503007694,RLI,45,34,10,601.00,"6,010.00"
2020-10-15,2020101503007693,RLI,45,22,10,601.00,"6,010.00"
2020-10-15,2020101503007692,RLI,45,32,10,601.00,"6,010.00"
2020-10-15,2020101503007691,RLI,45,41,10,601.00,"6,010.00"
2020-10-15,2020101503007690,RLI,45,33,10,601.00,"6,010.00"
2020-10-15,2020101503007689,RLI,45,47,10,601.00,"6,010.00"
2020-10-15,2020101503007700,RLI,45,55,10,601.00,"6,010.00"
2020-10-15,2020101503007699,RLI,45,55,10,601.00,"6,010.00"
2020-10-15,2020101503007698,RLI,45,29,10,601.00,"6,010.00"
2020-10-15,2020101503007697,RLI,45,29,10,601.00,"6,010.00"
2020-10-15,2020101503007696,RLI,45,51,10,601.00,"6,010.00"
2020-10-15,2020101503007695,RLI,45,41,10,601.00,"6,010.00"
2020-10-15,2020101503007750,RLI,11,18,10,600.00,"6,000.00"
2020-10-15,2020101503007730,RLI,11,18,10,600.00,"6,000.00"
2020-10-15,2020101503007725,RLI,11,47,10,600.00,"6,000.00"
2020-10-15,2020101503007707,RLI,11,35,10,600.00,"6,000.00"
2020-10-15,2020101503007702,RLI,45,42,10,601.00,"6,010.00"
2020-10-15,2020101503007701,RLI,45,46,30,601.00,"18,030.00"
2020-10-15,2020101503007859,RLI,11,18,10,600.00,"6,000.00"
2020-10-15,2020101503007853,RLI,11,48,10,600.00,"6,000.00"
2020-10-15,2020101503007824,RLI,11,17,10,600.00,"6,000.00"
2020-10-15,2020101503007802,RLI,11,18,10,600.00,"6,000.00"
2020-10-15,2020101503007797,RLI,11,17,10,600.00,"6,000.00"
2020-10-15,2020101503007796,RLI,11,58,10,600.00,"6,000.00"
2020-10-15,2020101503007920,RLI,11,51,10,600.00,"6,000.00"
2020-10-15,2020101503007906,RLI,11,33,375,600.00,"225,000.00"
2020-10-15,2020101503007893,RLI,11,51,10,600.00,"6,000.00"
2020-10-15,2020101503007879,RLI,11,51,150,600.00,"90,000.00"
2020-10-15,2020101503007872,RLI,11,38,10,600.00,"6,000.00"
2020-10-15,2020101503007865,RLI,11,17,10,600.00,"6,000.00"
2020-10-15,2020101503007964,RLI,45,29,50,600.00,"30,000.00"
2020-10-15,2020101503007963,RLI,52,29,50,600.00,"30,000.00"
2020-10-15,2020101503007962,RLI,43,29,50,600.00,"30,000.00"
2020-10-15,2020101503007938,RLI,11,10,10,600.00,"6,000.00"
2020-10-15,2020101503007936,RLI,11,18,10,600.00,"6,000.00"
2020-10-15,2020101503007932,RLI,11,51,10,600.00,"6,000.00"
2020-10-15,2020101503007970,RLI,42,29,205,599.00,"122,795.00"
2020-10-15,2020101503007969,RLI,42,29,90,599.00,"53,910.00"
2020-10-15,2020101503007968,RLI,36,29,30,599.00,"17,970.00"
2020-10-15,2020101503007967,RLI,34,29,"1,000",599.00,"599,000.00"
2020-10-15,2020101503007966,RLI,47,29,940,599.00,"563,060.00"
2020-10-15,2020101503007965,RLI,53,29,250,600.00,"150,000.00"
2020-10-15,2020101503008095,RMDC,57,34,100,856.00,"85,600.00"
2020-10-15,2020101503008094,RMDC,58,34,"1,000",857.00,"857,000.00"
2020-10-15,2020101503008093,RMDC,37,34,50,858.00,"42,900.00"
2020-10-15,2020101503008092,RMDC,35,34,100,858.00,"85,800.00"
2020-10-15,2020101503008091,RMDC,49,34,10,858.00,"8,580.00"
2020-10-15,2020101503008090,RMDC,47,34,270,858.00,"231,660.00"
2020-10-15,2020101503007998,RMDC,6,34,200,859.00,"171,800.00"
2020-10-15,2020101503008089,RMDC,16,34,20,859.00,"17,180.00"
2020-10-15,2020101503008088,RMDC,49,34,50,859.00,"42,950.00"
2020-10-15,2020101503008087,RMDC,53,34,10,859.00,"8,590.00"
2020-10-15,2020101503008086,RMDC,47,34,10,859.00,"8,590.00"
2020-10-15,2020101503008085,RMDC,6,34,"1,446",859.00,"1,242,114.00"
2020-10-15,2020101503008025,RMDC,58,45,52,860.00,"44,720.00"
2020-10-15,2020101503007765,RSDC,37,29,77,543.00,"41,811.00"
2020-10-15,2020101503008008,SABSL,49,26,17,855.00,"14,535.00"
2020-10-15,2020101503007727,SABSL,49,17,11,855.00,"9,405.00"
2020-10-15,2020101503008176,SADBL,42,17,100,184.00,"18,400.00"
2020-10-15,2020101503008049,SADBL,47,17,100,184.00,"18,400.00"
2020-10-15,2020101503007866,SADBL,54,17,10,184.00,"1,840.00"
2020-10-15,2020101503007807,SADBL,41,50,120,183.00,"21,960.00"
2020-10-15,2020101503008130,SAPDBL,19,3,141,159.00,"22,419.00"
2020-10-15,2020101503008129,SAPDBL,41,3,259,159.00,"41,181.00"
2020-10-15,2020101503008128,SAPDBL,25,3,500,159.00,"79,500.00"
2020-10-15,2020101503007768,SAPDBL,36,26,32,160.00,"5,120.00"
2020-10-15,2020101503008153,SDLBSL,46,6,20,815.00,"16,300.00"
2020-10-15,2020101503008152,SDLBSL,49,6,10,815.00,"8,150.00"
2020-10-15,2020101503007900,SDLBSL,49,6,30,815.00,"24,450.00"
2020-10-15,2020101503007899,SDLBSL,43,6,50,815.00,"40,750.00"
2020-10-15,2020101503007898,SDLBSL,45,6,10,815.00,"8,150.00"
2020-10-15,2020101503007897,SDLBSL,32,6,10,816.00,"8,160.00"
2020-10-15,2020101503007758,SDLBSL,32,6,490,816.00,"399,840.00"
2020-10-15,2020101503007757,SDLBSL,18,6,100,816.00,"81,600.00"
2020-10-15,2020101503007756,SDLBSL,43,6,30,816.00,"24,480.00"
2020-10-15,2020101503007755,SDLBSL,45,6,100,817.00,"81,700.00"
2020-10-15,2020101503007754,SDLBSL,5,6,60,817.00,"49,020.00"
2020-10-15,2020101503007753,SDLBSL,58,6,20,818.00,"16,360.00"
2020-10-15,2020101503008165,SHINE,1,38,296,265.00,"78,440.00"
2020-10-15,2020101503008164,SHINE,1,45,"1,504",265.00,"398,560.00"
2020-10-15,2020101503007926,SHINE,57,45,100,263.00,"26,300.00"
2020-10-15,2020101503008041,SHL,17,10,450,185.00,"83,250.00"
2020-10-15,2020101503007999,SHL,58,10,105,185.00,"19,425.00"
2020-10-15,2020101503007908,SHL,39,38,150,183.00,"27,450.00"
2020-10-15,2020101503007907,SHL,51,38,350,183.00,"64,050.00"
2020-10-15,2020101503007873,SHL,14,10,100,185.00,"18,500.00"
2020-10-15,2020101503007848,SHL,10,38,200,183.00,"36,600.00"
2020-10-15,2020101503007835,SHL,44,38,100,184.00,"18,400.00"
2020-10-15,2020101503007834,SHL,29,38,100,184.00,"18,400.00"
2020-10-15,2020101503007833,SHL,53,38,100,184.00,"18,400.00"
2020-10-15,2020101503007832,SHL,34,38,100,184.00,"18,400.00"
2020-10-15,2020101503007823,SHL,14,10,200,185.00,"37,000.00"
2020-10-15,2020101503007822,SHL,10,10,500,185.00,"92,500.00"
2020-10-15,2020101503007841,SHL,32,38,100,184.00,"18,400.00"
2020-10-15,2020101503007840,SHL,21,38,200,184.00,"36,800.00"
2020-10-15,2020101503007839,SHL,58,38,350,184.00,"64,400.00"
2020-10-15,2020101503007838,SHL,28,38,500,184.00,"92,000.00"
2020-10-15,2020101503007837,SHL,4,38,"1,000",184.00,"184,000.00"
2020-10-15,2020101503007836,SHL,10,38,200,184.00,"36,800.00"
2020-10-15,2020101503007847,SHL,41,38,500,183.00,"91,500.00"
2020-10-15,2020101503007846,SHL,51,38,350,184.00,"64,400.00"
2020-10-15,2020101503007845,SHL,21,38,100,184.00,"18,400.00"
2020-10-15,2020101503007844,SHL,14,38,500,184.00,"92,000.00"
2020-10-15,2020101503007843,SHL,25,38,500,184.00,"92,000.00"
2020-10-15,2020101503007842,SHL,51,38,100,184.00,"18,400.00"
2020-10-15,2020101503007804,SIFC,45,10,500,193.00,"96,500.00"
2020-10-15,2020101503007803,SIFC,45,38,"1,350",193.00,"260,550.00"
2020-10-15,2020101503008132,SINDU,41,47,100,159.00,"15,900.00"
2020-10-15,2020101503008131,SINDU,41,59,"1,000",159.00,"159,000.00"
2020-10-15,2020101503007742,SKBBL,48,41,46,"1,347.00","61,962.00"
2020-10-15,2020101503007741,SKBBL,48,6,54,"1,346.00","72,684.00"
2020-10-15,2020101503007792,SLBS,19,38,332,908.00,"301,456.00"
2020-10-15,2020101503007791,SLBS,6,38,36,909.00,"32,724.00"
2020-10-15,2020101503007790,SLBS,49,38,50,909.00,"45,450.00"
2020-10-15,2020101503007789,SLBS,17,38,40,910.00,"36,400.00"
2020-10-15,2020101503007726,SLBS,38,43,10,919.00,"9,190.00"
2020-10-15,2020101503008079,SLICL,56,10,145,601.00,"87,145.00"
2020-10-15,2020101503008078,SLICL,52,10,105,602.00,"63,210.00"
2020-10-15,2020101503007991,SLICL,17,38,80,603.00,"48,240.00"
2020-10-15,2020101503007978,SLICL,17,19,120,603.00,"72,360.00"
2020-10-15,2020101503007977,SLICL,58,19,20,603.00,"12,060.00"
2020-10-15,2020101503007976,SLICL,49,19,100,603.00,"60,300.00"
2020-10-15,2020101503008032,SMFBS,57,44,10,956.00,"9,560.00"
2020-10-15,2020101503007996,SWBBL,38,50,150,"1,243.00","186,450.00"
2020-10-15,2020101503007751,SWBBL,51,26,36,"1,240.00","44,640.00"
2020-10-15,2020101503008159,TMDBL,28,39,"1,000",198.00,"198,000.00"
2020-10-15,2020101503007913,TMDBL,22,5,20,199.00,"3,980.00"
2020-10-15,2020101503007892,TRH,17,21,500,243.00,"121,500.00"
2020-10-15,2020101503008034,USLB,41,42,28,"1,094.00","30,632.00"
2020-10-15,2020101503007362,ALBSL,35,43,10,800.00,"8,000.00"
2020-10-15,2020101503007286,ALBSL,35,43,11,800.00,"8,800.00"
2020-10-15,2020101503007618,ALICL,26,13,200,711.00,"142,200.00"
2020-10-15,2020101503007617,ALICL,44,13,469,711.00,"333,459.00"
2020-10-15,2020101503007572,ALICL,44,34,180,711.00,"127,980.00"
2020-10-15,2020101503007260,ALICL,44,58,241,711.00,"171,351.00"
2020-10-15,2020101503007228,ALICL,44,41,110,711.00,"78,210.00"
2020-10-15,2020101503007325,BFC,34,55,100,142.00,"14,200.00"
2020-10-15,2020101503007610,CBBL,6,13,33,"1,119.00","36,927.00"
2020-10-15,2020101503007406,CBBL,55,13,20,"1,119.00","22,380.00"
2020-10-15,2020101503007649,CFCL,10,3,84,161.00,"13,524.00"
2020-10-15,2020101503007648,CFCL,49,3,586,161.00,"94,346.00"
2020-10-15,2020101503007645,CFCL,49,49,414,161.00,"66,654.00"
2020-10-15,2020101503007644,CFCL,55,49,86,161.00,"13,846.00"
2020-10-15,2020101503007409,CFCL,55,48,500,161.00,"80,500.00"
2020-10-15,2020101503007378,CFCL,55,59,414,161.00,"66,654.00"
2020-10-15,2020101503007377,CFCL,1,59,376,161.00,"60,536.00"
2020-10-15,2020101503007543,CIT,59,41,205,"3,460.00","709,300.00"
2020-10-15,2020101503007481,CIT,59,35,20,"3,460.00","69,200.00"
2020-10-15,2020101503007451,CIT,59,48,10,"3,460.00","34,600.00"
2020-10-15,2020101503007443,CIT,59,41,100,"3,460.00","346,000.00"
2020-10-15,2020101503007370,CIT,59,10,50,"3,460.00","173,000.00"
2020-10-15,2020101503007296,CIT,26,34,20,"3,461.00","69,220.00"
2020-10-15,2020101503007295,CIT,45,34,18,"3,461.00","62,298.00"
2020-10-15,2020101503007277,CIT,45,1,32,"3,461.00","110,752.00"
2020-10-15,2020101503007276,CIT,3,1,10,"3,461.00","34,610.00"
2020-10-15,2020101503007600,CLBSL,34,38,10,687.00,"6,870.00"
2020-10-15,2020101503007676,DDBL,6,45,10,850.00,"8,500.00"
2020-10-15,2020101503007580,DDBL,48,54,41,849.00,"34,809.00"
2020-10-15,2020101503007383,DDBL,48,54,35,849.00,"29,715.00"
2020-10-15,2020101503007382,DDBL,48,16,15,849.00,"12,735.00"
2020-10-15,2020101503007367,DDBL,32,16,29,849.00,"24,621.00"
2020-10-15,2020101503007677,EDBL,37,47,300,310.00,"93,000.00"
2020-10-15,2020101503007504,EDBL,26,36,140,307.00,"42,980.00"
2020-10-15,2020101503007489,EDBL,54,36,100,308.00,"30,800.00"
2020-10-15,2020101503007488,EDBL,16,36,100,308.00,"30,800.00"
2020-10-15,2020101503007487,EDBL,56,36,300,308.00,"92,400.00"
2020-10-15,2020101503007486,EDBL,50,36,100,309.00,"30,900.00"
2020-10-15,2020101503007485,EDBL,41,36,300,309.00,"92,700.00"
2020-10-15,2020101503007484,EDBL,58,36,10,310.00,"3,100.00"
2020-10-15,2020101503007643,FMDBL,1,14,100,562.00,"56,200.00"
2020-10-15,2020101503007642,FMDBL,3,14,250,562.00,"140,500.00"
2020-10-15,2020101503007578,FMDBL,3,13,150,562.00,"84,300.00"
2020-10-15,2020101503007577,FMDBL,14,13,60,562.00,"33,720.00"
2020-10-15,2020101503007576,FMDBL,19,13,50,562.00,"28,100.00"
2020-10-15,2020101503007575,FMDBL,34,13,240,562.00,"134,880.00"
2020-10-15,2020101503007464,FMDBL,41,42,400,563.00,"225,200.00"
2020-10-15,2020101503007243,FMDBL,51,43,42,564.00,"23,688.00"
2020-10-15,2020101503007231,FMDBL,51,50,348,564.00,"196,272.00"
2020-10-15,2020101503007470,FMDBL,34,42,60,562.00,"33,720.00"
2020-10-15,2020101503007469,FMDBL,33,42,200,562.00,"112,400.00"
2020-10-15,2020101503007468,FMDBL,58,42,50,563.00,"28,150.00"
2020-10-15,2020101503007467,FMDBL,37,42,200,563.00,"112,600.00"
2020-10-15,2020101503007466,FMDBL,59,42,20,563.00,"11,260.00"
2020-10-15,2020101503007465,FMDBL,47,42,20,563.00,"11,260.00"
2020-10-15,2020101503007533,FOWAD,17,34,10,"1,537.00","15,370.00"
2020-10-15,2020101503007520,FOWAD,19,34,12,"1,537.00","18,444.00"
2020-10-15,2020101503007292,FOWAD,50,38,22,"1,537.00","33,814.00"
2020-10-15,2020101503007595,GBBL,25,48,187,263.00,"49,181.00"
2020-10-15,2020101503007239,GBBL,25,55,21,263.00,"5,523.00"
2020-10-15,2020101503007238,GBBL,38,55,30,263.00,"7,890.00"
2020-10-15,2020101503007237,GBBL,4,55,49,263.00,"12,887.00"
2020-10-15,2020101503007526,GBLBS,46,11,10,509.00,"5,090.00"
2020-10-15,2020101503007517,GBLBS,46,1,90,509.00,"45,810.00"
2020-10-15,2020101503007516,GBLBS,7,1,75,509.00,"38,175.00"
2020-10-15,2020101503007386,GBLBS,7,22,10,509.00,"5,090.00"
2020-10-15,2020101503007224,GBLBS,7,51,15,509.00,"7,635.00"
2020-10-15,2020101503007223,GBLBS,43,51,110,509.00,"55,990.00"
2020-10-15,2020101503007581,GFCL,58,48,50,188.00,"9,400.00"
2020-10-15,2020101503007512,GFCL,41,48,300,188.00,"56,400.00"
2020-10-15,2020101503007475,GILB,59,17,14,"1,241.00","17,374.00"
2020-10-15,2020101503007220,GLBSL,28,39,55,671.00,"36,905.00"
2020-10-15,2020101503007219,GLBSL,57,39,50,671.00,"33,550.00"
2020-10-15,2020101503007218,GLBSL,55,39,20,671.00,"13,420.00"
2020-10-15,2020101503007217,GLBSL,20,39,50,671.00,"33,550.00"
2020-10-15,2020101503007216,GLBSL,35,39,100,671.00,"67,100.00"
2020-10-15,2020101503007215,GLBSL,52,39,25,671.00,"16,775.00"
2020-10-15,2020101503007202,GLBSL,35,39,30,675.00,"20,250.00"
2020-10-15,2020101503007201,GLBSL,42,39,50,675.00,"33,750.00"
2020-10-15,2020101503007200,GLBSL,16,39,100,679.00,"67,900.00"
2020-10-15,2020101503007199,GLBSL,42,39,10,679.00,"6,790.00"
2020-10-15,2020101503007198,GLBSL,1,39,20,680.00,"13,600.00"
2020-10-15,2020101503007208,GLBSL,49,39,20,675.00,"13,500.00"
2020-10-15,2020101503007207,GLBSL,55,39,30,675.00,"20,250.00"
2020-10-15,2020101503007206,GLBSL,28,39,100,675.00,"67,500.00"
2020-10-15,2020101503007205,GLBSL,32,39,45,675.00,"30,375.00"
2020-10-15,2020101503007204,GLBSL,32,39,45,675.00,"30,375.00"
2020-10-15,2020101503007203,GLBSL,44,39,40,675.00,"27,000.00"
2020-10-15,2020101503007214,GLBSL,52,39,100,671.00,"67,100.00"
2020-10-15,2020101503007213,GLBSL,42,39,20,671.00,"13,420.00"
2020-10-15,2020101503007212,GLBSL,49,39,65,671.00,"43,615.00"
2020-10-15,2020101503007211,GLBSL,49,39,100,673.00,"67,300.00"
2020-10-15,2020101503007210,GLBSL,20,39,50,673.00,"33,650.00"
2020-10-15,2020101503007209,GLBSL,57,39,25,675.00,"16,875.00"
2020-10-15,2020101503007357,GLICL,45,26,20,606.00,"12,120.00"
2020-10-15,2020101503007682,GMFBS,38,33,10,825.00,"8,250.00"
2020-10-15,2020101503007558,GRDBL,59,11,50,150.00,"7,500.00"
2020-10-15,2020101503007518,GRDBL,59,42,65,150.00,"9,750.00"
2020-10-15,2020101503007310,GRDBL,58,10,155,152.00,"23,560.00"
2020-10-15,2020101503007384,GUFL,37,25,"3,000",148.00,"444,000.00"
2020-10-15,2020101503007196,GUFL,6,33,500,148.00,"74,000.00"
2020-10-15,2020101503007195,GUFL,49,33,57,148.00,"8,436.00"
2020-10-15,2020101503007675,HIDCL,52,14,122,181.00,"22,082.00"
2020-10-15,2020101503007630,HIDCL,52,41,100,181.00,"18,100.00"
2020-10-15,2020101503007566,HIDCL,52,11,160,181.00,"28,960.00"
2020-10-15,2020101503007564,HIDCL,52,21,50,181.00,"9,050.00"
2020-10-15,2020101503007557,HIDCL,53,26,500,182.00,"91,000.00"
2020-10-15,2020101503007515,HIDCL,18,39,100,181.00,"18,100.00"
2020-10-15,2020101503007348,HIDCL,34,47,595,181.00,"107,695.00"
2020-10-15,2020101503007347,HIDCL,7,47,300,181.00,"54,300.00"
2020-10-15,2020101503007346,HIDCL,21,47,105,181.00,"19,005.00"
2020-10-15,2020101503007259,HIDCL,21,32,26,181.00,"4,706.00"
2020-10-15,2020101503007191,HIDCL,21,41,63,181.00,"11,403.00"
2020-10-15,2020101503007514,HIDCL,50,39,200,181.00,"36,200.00"
2020-10-15,2020101503007513,HIDCL,34,39,594,181.00,"107,514.00"
2020-10-15,2020101503007490,HIDCL,42,26,100,182.00,"18,200.00"
2020-10-15,2020101503007476,HIDCL,34,57,250,181.00,"45,250.00"
2020-10-15,2020101503007442,HIDCL,34,57,500,181.00,"90,500.00"
2020-10-15,2020101503007366,HIDCL,34,17,61,181.00,"11,041.00"
2020-10-15,2020101503007651,ICFC,45,7,100,268.00,"26,800.00"
2020-10-15,2020101503007446,ICFC,45,7,872,268.00,"233,696.00"
2020-10-15,2020101503007445,ICFC,45,42,50,268.00,"13,400.00"
2020-10-15,2020101503007360,ICFC,6,17,"1,263",267.00,"337,221.00"
2020-10-15,2020101503007345,ICFC,45,7,"2,000",268.00,"536,000.00"
2020-10-15,2020101503007250,ICFC,45,51,"1,000",268.00,"268,000.00"
2020-10-15,2020101503007249,ICFC,45,25,300,268.00,"80,400.00"
2020-10-15,2020101503007248,ICFC,45,38,100,268.00,"26,800.00"
2020-10-15,2020101503007638,ILBS,51,38,11,812.00,"8,932.00"
2020-10-15,2020101503007525,ILBS,51,45,11,812.00,"8,932.00"
2020-10-15,2020101503007261,ILBS,51,48,11,812.00,"8,932.00"
2020-10-15,2020101503007235,ILBS,51,32,11,812.00,"8,932.00"
2020-10-15,2020101503007641,JBBL,58,1,500,208.00,"104,000.00"
2020-10-15,2020101503007548,JBBL,58,32,328,208.00,"68,224.00"
2020-10-15,2020101503007547,JBBL,51,32,50,208.00,"10,400.00"
2020-10-15,2020101503007546,JBBL,58,32,100,208.00,"20,800.00"
2020-10-15,2020101503007545,JBBL,58,32,50,208.00,"10,400.00"
2020-10-15,2020101503007544,JBBL,51,32,472,208.00,"98,176.00"
2020-10-15,2020101503007291,JBBL,47,1,778,208.00,"161,824.00"
2020-10-15,2020101503007290,JBBL,58,1,100,208.00,"20,800.00"
2020-10-15,2020101503007289,JBBL,57,1,122,208.00,"25,376.00"
2020-10-15,2020101503007441,JBBL,57,52,100,209.00,"20,900.00"
2020-10-15,2020101503007440,JBBL,10,52,300,209.00,"62,700.00"
2020-10-15,2020101503007439,JBBL,10,56,700,209.00,"146,300.00"
2020-10-15,2020101503007381,JBBL,51,34,28,208.00,"5,824.00"
2020-10-15,2020101503007380,JBBL,11,34,50,208.00,"10,400.00"
2020-10-15,2020101503007379,JBBL,47,34,222,208.00,"46,176.00"
2020-10-15,2020101503007668,JFL,42,29,207,214.00,"44,298.00"
2020-10-15,2020101503007633,JFL,42,48,293,214.00,"62,702.00"
2020-10-15,2020101503007632,JFL,45,48,100,214.00,"21,400.00"
2020-10-15,2020101503007631,JFL,58,48,451,214.00,"96,514.00"
2020-10-15,2020101503007538,JSLBB,1,25,25,"1,320.00","33,000.00"
2020-10-15,2020101503007503,JSLBB,1,22,25,"1,320.00","33,000.00"
2020-10-15,2020101503007501,KMCDB,5,41,70,724.00,"50,680.00"
2020-10-15,2020101503007500,KMCDB,5,49,20,723.00,"14,460.00"
2020-10-15,2020101503007499,KMCDB,5,42,10,721.00,"7,210.00"
2020-10-15,2020101503007480,KMCDB,17,58,10,719.00,"7,190.00"
2020-10-15,2020101503007437,KMCDB,5,48,100,722.00,"72,200.00"
2020-10-15,2020101503007309,KRBL,33,43,100,140.00,"14,000.00"
2020-10-15,2020101503007308,KRBL,42,43,10,140.00,"1,400.00"
2020-10-15,2020101503007307,KRBL,21,43,71,140.00,"9,940.00"
2020-10-15,2020101503007306,KRBL,14,43,100,140.00,"14,000.00"
2020-10-15,2020101503007305,KRBL,45,43,700,140.00,"98,000.00"
2020-10-15,2020101503007225,KRBL,45,45,300,140.00,"42,000.00"
2020-10-15,2020101503007452,KSBBL,45,28,500,224.00,"112,000.00"
2020-10-15,2020101503007416,KSBBL,45,29,300,224.00,"67,200.00"
2020-10-15,2020101503007361,KSBBL,45,59,500,224.00,"112,000.00"
2020-10-15,2020101503007324,KSBBL,45,21,637,224.00,"142,688.00"
2020-10-15,2020101503007323,KSBBL,16,21,500,224.00,"112,000.00"
2020-10-15,2020101503007322,KSBBL,34,21,863,224.00,"193,312.00"
2020-10-15,2020101503007669,LBBL,49,45,45,217.00,"9,765.00"
2020-10-15,2020101503007640,LBBL,38,4,200,216.00,"43,200.00"
2020-10-15,2020101503007609,LBBL,36,45,100,217.00,"21,700.00"
2020-10-15,2020101503007608,LBBL,36,21,"1,000",217.00,"217,000.00"
2020-10-15,2020101503007607,LBBL,36,42,200,217.00,"43,400.00"
2020-10-15,2020101503007606,LBBL,36,29,700,217.00,"151,900.00"
2020-10-15,2020101503007342,LBBL,55,41,200,216.00,"43,200.00"
2020-10-15,2020101503007521,LBBL,33,25,50,216.00,"10,800.00"
2020-10-15,2020101503007473,LBBL,17,32,500,215.00,"107,500.00"
2020-10-15,2020101503007371,LBBL,55,25,250,216.00,"54,000.00"
2020-10-15,2020101503007329,LICN,25,19,10,"1,464.00","14,640.00"
2020-10-15,2020101503007463,MDB,42,43,390,373.00,"145,470.00"
2020-10-15,2020101503007462,MDB,57,43,100,373.00,"37,300.00"
2020-10-15,2020101503007461,MDB,42,43,14,373.00,"5,222.00"
2020-10-15,2020101503007460,MDB,42,33,30,373.00,"11,190.00"
2020-10-15,2020101503007671,MERO,58,48,68,730.00,"49,640.00"
2020-10-15,2020101503007670,MERO,34,48,32,730.00,"23,360.00"
2020-10-15,2020101503007589,MERO,34,41,43,730.00,"31,390.00"
2020-10-15,2020101503007532,MERO,34,26,61,730.00,"44,530.00"
2020-10-15,2020101503007531,MERO,17,26,39,730.00,"28,470.00"
2020-10-15,2020101503007399,MFIL,58,28,"5,965",317.00,"1,890,905.00"
2020-10-15,2020101503007398,MFIL,55,28,500,318.00,"159,000.00"
2020-10-15,2020101503007397,MFIL,7,28,500,318.00,"159,000.00"
2020-10-15,2020101503007396,MFIL,55,28,295,318.00,"93,810.00"
2020-10-15,2020101503007395,MFIL,55,28,"2,867",319.00,"914,573.00"
2020-10-15,2020101503007394,MFIL,16,28,600,319.00,"191,400.00"
2020-10-15,2020101503007393,MFIL,32,28,200,319.00,"63,800.00"
2020-10-15,2020101503007392,MFIL,13,28,500,320.00,"160,000.00"
2020-10-15,2020101503007391,MFIL,28,28,200,320.00,"64,000.00"
2020-10-15,2020101503007390,MFIL,25,28,100,320.00,"32,000.00"
2020-10-15,2020101503007389,MFIL,39,28,273,320.00,"87,360.00"
2020-10-15,2020101503007192,MFIL,39,32,15,320.00,"4,800.00"
2020-10-15,2020101503007339,MLBBL,20,50,74,742.00,"54,908.00"
2020-10-15,2020101503007316,MLBBL,45,50,26,743.00,"19,318.00"
2020-10-15,2020101503007313,MLBBL,45,6,74,743.00,"54,982.00"
2020-10-15,2020101503007312,MLBBL,48,6,10,743.00,"7,430.00"
2020-10-15,2020101503007471,MLBL,32,33,13,227.00,"2,951.00"
2020-10-15,2020101503007387,MLBL,6,57,200,226.00,"45,200.00"
2020-10-15,2020101503007352,MLBL,48,33,200,227.00,"45,400.00"
2020-10-15,2020101503007330,MLBL,42,33,215,227.00,"48,805.00"
2020-10-15,2020101503007294,MLBL,42,4,85,227.00,"19,295.00"
2020-10-15,2020101503007293,MLBL,4,4,215,227.00,"48,805.00"
2020-10-15,2020101503007583,MMFDB,32,22,20,877.00,"17,540.00"
2020-10-15,2020101503007582,MMFDB,32,17,10,876.00,"8,760.00"
2020-10-15,2020101503007537,MMFDB,53,4,15,873.00,"13,095.00"
2020-10-15,2020101503007536,MMFDB,34,4,50,875.00,"43,750.00"
2020-10-15,2020101503007535,MMFDB,21,4,50,875.00,"43,750.00"
2020-10-15,2020101503007534,MMFDB,21,4,10,876.00,"8,760.00"
2020-10-15,2020101503007197,MMFDB,52,11,20,877.00,"17,540.00"
2020-10-15,2020101503007436,MMFDB,49,6,100,876.00,"87,600.00"
2020-10-15,2020101503007435,MMFDB,41,6,50,876.00,"43,800.00"
2020-10-15,2020101503007434,MMFDB,36,6,20,876.00,"17,520.00"
2020-10-15,2020101503007258,MMFDB,43,22,20,877.00,"17,540.00"
2020-10-15,2020101503007257,MMFDB,43,34,75,877.00,"65,775.00"
2020-10-15,2020101503007256,MMFDB,43,11,30,877.00,"26,310.00"
2020-10-15,2020101503007369,MNBBL,58,33,500,353.00,"176,500.00"
2020-10-15,2020101503007351,MNBBL,58,1,100,353.00,"35,300.00"
2020-10-15,2020101503007565,MNBBL,58,40,72,353.00,"25,416.00"
2020-10-15,2020101503007528,MNBBL,34,25,73,354.00,"25,842.00"
2020-10-15,2020101503007527,MNBBL,34,42,168,354.00,"59,472.00"
2020-10-15,2020101503007567,MPFL,7,32,500,141.00,"70,500.00"
2020-10-15,2020101503007193,MPFL,57,34,500,141.00,"70,500.00"
2020-10-15,2020101503007627,NADEP,38,59,99,654.00,"64,746.00"
2020-10-15,2020101503007626,NADEP,3,59,10,654.00,"6,540.00"
2020-10-15,2020101503007625,NADEP,7,59,130,654.00,"85,020.00"
2020-10-15,2020101503007401,NADEP,6,16,80,655.00,"52,400.00"
2020-10-15,2020101503007400,NADEP,6,16,80,655.00,"52,400.00"
2020-10-15,2020101503007571,NFS,57,42,47,334.00,"15,698.00"
2020-10-15,2020101503007570,NFS,1,42,29,334.00,"9,686.00"
2020-10-15,2020101503007569,NFS,38,42,10,334.00,"3,340.00"
2020-10-15,2020101503007568,NFS,1,42,14,334.00,"4,676.00"
2020-10-15,2020101503007681,NLBBL,16,22,20,732.00,"14,640.00"
2020-10-15,2020101503007680,NLBBL,19,22,50,732.00,"36,600.00"
2020-10-15,2020101503007679,NLBBL,57,22,50,732.00,"36,600.00"
2020-10-15,2020101503007678,NLBBL,21,22,16,732.00,"11,712.00"
2020-10-15,2020101503007654,NLBBL,21,45,30,732.00,"21,960.00"
2020-10-15,2020101503007591,NLBBL,21,52,29,732.00,"21,228.00"
2020-10-15,2020101503007479,NLIC,58,21,10,"1,378.00","13,780.00"
2020-10-15,2020101503007478,NLIC,58,59,10,"1,377.00","13,770.00"
2020-10-15,2020101503007474,NLIC,16,44,190,"1,374.00","261,060.00"
2020-10-15,2020101503007450,NLIC,16,26,49,"1,374.00","67,326.00"
2020-10-15,2020101503007449,NLIC,49,26,151,"1,374.00","207,474.00"
2020-10-15,2020101503007438,NLIC,49,28,70,"1,374.00","96,180.00"
2020-10-15,2020101503007373,NLIC,49,34,400,"1,374.00","549,600.00"
2020-10-15,2020101503007332,NLIC,49,44,130,"1,374.00","178,620.00"
2020-10-15,2020101503007244,NLIC,18,50,30,"1,375.00","41,250.00"
2020-10-15,2020101503007232,NLIC,3,50,50,"1,375.00","68,750.00"
2020-10-15,2020101503007418,NLIC,49,32,199,"1,374.00","273,426.00"
2020-10-15,2020101503007414,NLIC,16,34,200,"1,375.00","275,000.00"
2020-10-15,2020101503007413,NLIC,16,51,700,"1,375.00","962,500.00"
2020-10-15,2020101503007412,NLIC,16,28,150,"1,375.00","206,250.00"
2020-10-15,2020101503007411,NLIC,16,50,48,"1,375.00","66,000.00"
2020-10-15,2020101503007410,NLIC,49,41,50,"1,374.00","68,700.00"
2020-10-15,2020101503007592,NMBMF,44,22,100,791.00,"79,100.00"
2020-10-15,2020101503007415,NMBMF,44,49,50,791.00,"39,550.00"
2020-10-15,2020101503007673,NRIC,53,35,"3,000",853.00,"2,559,000.00"
2020-10-15,2020101503007667,NRIC,39,21,122,853.00,"104,066.00"
2020-10-15,2020101503007666,NRIC,6,21,90,853.00,"76,770.00"
2020-10-15,2020101503007665,NRIC,32,21,50,853.00,"42,650.00"
2020-10-15,2020101503007664,NRIC,41,21,100,853.00,"85,300.00"
2020-10-15,2020101503007663,NRIC,33,21,138,853.00,"117,714.00"
2020-10-15,2020101503007278,NRIC,28,17,40,853.00,"34,120.00"
2020-10-15,2020101503007247,NRIC,28,6,40,853.00,"34,120.00"
2020-10-15,2020101503007242,NRIC,28,29,40,853.00,"34,120.00"
2020-10-15,2020101503007241,NRIC,58,36,10,854.00,"8,540.00"
2020-10-15,2020101503007236,NRIC,41,36,100,854.00,"85,400.00"
2020-10-15,2020101503007344,NRIC,28,45,100,853.00,"85,300.00"
2020-10-15,2020101503007331,NRIC,28,22,30,853.00,"25,590.00"
2020-10-15,2020101503007284,NRIC,28,34,539,853.00,"459,767.00"
2020-10-15,2020101503007282,NRIC,32,29,13,854.00,"11,102.00"
2020-10-15,2020101503007281,NRIC,32,56,100,854.00,"85,400.00"
2020-10-15,2020101503007280,NRIC,32,36,187,854.00,"159,698.00"
2020-10-15,2020101503007402,NRIC,11,36,290,853.00,"247,370.00"
2020-10-15,2020101503007385,NRIC,29,6,50,853.00,"42,650.00"
2020-10-15,2020101503007356,NRIC,29,34,44,853.00,"37,532.00"
2020-10-15,2020101503007355,NRIC,28,34,56,853.00,"47,768.00"
2020-10-15,2020101503007350,NRIC,11,49,3,854.00,"2,562.00"
2020-10-15,2020101503007349,NRIC,11,29,27,854.00,"23,058.00"
2020-10-15,2020101503007519,NRIC,11,45,100,853.00,"85,300.00"
2020-10-15,2020101503007511,NRIC,11,17,10,853.00,"8,530.00"
2020-10-15,2020101503007502,NRIC,11,29,50,853.00,"42,650.00"
2020-10-15,2020101503007497,NRIC,11,58,40,853.00,"34,120.00"
2020-10-15,2020101503007448,NRIC,53,59,50,854.00,"42,700.00"
2020-10-15,2020101503007447,NRIC,53,19,50,854.00,"42,700.00"
2020-10-15,2020101503007552,NRIC,33,34,112,853.00,"95,536.00"
2020-10-15,2020101503007550,NRIC,58,59,10,854.00,"8,540.00"
2020-10-15,2020101503007542,NRIC,33,14,120,853.00,"102,360.00"
2020-10-15,2020101503007541,NRIC,41,14,40,853.00,"34,120.00"
2020-10-15,2020101503007523,NRIC,49,58,150,853.00,"127,950.00"
2020-10-15,2020101503007522,NRIC,11,58,10,853.00,"8,530.00"
2020-10-15,2020101503007628,NRIC,33,42,10,853.00,"8,530.00"
2020-10-15,2020101503007624,NRIC,58,59,10,854.00,"8,540.00"
2020-10-15,2020101503007619,NRIC,33,13,50,853.00,"42,650.00"
2020-10-15,2020101503007590,NRIC,33,46,30,853.00,"25,590.00"
2020-10-15,2020101503007559,NRIC,33,34,40,853.00,"34,120.00"
2020-10-15,2020101503007553,NRIC,29,59,50,854.00,"42,700.00"
2020-10-15,2020101503007605,NRN,41,50,395,349.00,"137,855.00"
2020-10-15,2020101503007584,NRN,41,35,10,349.00,"3,490.00"
2020-10-15,2020101503007507,NRN,41,58,10,349.00,"3,490.00"
2020-10-15,2020101503007444,NRN,41,49,10,349.00,"3,490.00"
2020-10-15,2020101503007403,NRN,41,49,10,349.00,"3,490.00"
2020-10-15,2020101503007311,NRN,41,17,10,349.00,"3,490.00"
2020-10-15,2020101503007288,NRN,41,17,10,349.00,"3,490.00"
2020-10-15,2020101503007287,NRN,41,49,10,349.00,"3,490.00"
2020-10-15,2020101503007230,NTC,58,35,10,704.00,"7,040.00"
2020-10-15,2020101503007229,NTC,58,34,10,704.00,"7,040.00"
2020-10-15,2020101503007227,NTC,21,58,10,702.00,"7,020.00"
2020-10-15,2020101503007275,PFL,4,1,484,177.00,"85,668.00"
2020-10-15,2020101503007274,PFL,21,1,100,177.00,"17,700.00"
2020-10-15,2020101503007273,PFL,37,1,50,177.00,"8,850.00"
2020-10-15,2020101503007272,PFL,19,1,50,177.00,"8,850.00"
2020-10-15,2020101503007271,PFL,10,1,500,177.00,"88,500.00"
2020-10-15,2020101503007270,PFL,3,1,500,177.00,"88,500.00"
2020-10-15,2020101503007263,PFL,52,1,200,178.00,"35,600.00"
2020-10-15,2020101503007262,PFL,26,1,176,178.00,"31,328.00"
2020-10-15,2020101503007190,PFL,34,1,91,179.00,"16,289.00"
2020-10-15,2020101503007189,PFL,13,1,100,179.00,"17,900.00"
2020-10-15,2020101503007188,PFL,42,1,190,180.00,"34,200.00"
2020-10-15,2020101503007187,PFL,34,1,99,180.00,"17,820.00"
2020-10-15,2020101503007269,PFL,41,1,"1,000",177.00,"177,000.00"
2020-10-15,2020101503007268,PFL,26,1,200,177.00,"35,400.00"
2020-10-15,2020101503007267,PFL,55,1,500,177.00,"88,500.00"
2020-10-15,2020101503007266,PFL,47,1,100,177.00,"17,700.00"
2020-10-15,2020101503007265,PFL,17,1,50,178.00,"8,900.00"
2020-10-15,2020101503007264,PFL,14,1,90,178.00,"16,020.00"
2020-10-15,2020101503007662,PLIC,35,50,100,640.00,"64,000.00"
2020-10-15,2020101503007604,PLIC,42,39,20,641.00,"12,820.00"
2020-10-15,2020101503007603,PLIC,52,39,293,641.00,"187,813.00"
2020-10-15,2020101503007602,PLIC,6,39,100,641.00,"64,100.00"
2020-10-15,2020101503007601,PLIC,44,39,119,641.00,"76,279.00"
2020-10-15,2020101503007472,PLIC,44,34,20,641.00,"12,820.00"
2020-10-15,2020101503007506,PROFL,29,45,250,129.00,"32,250.00"
2020-10-15,2020101503007505,PROFL,34,45,100,129.00,"12,900.00"
2020-10-15,2020101503007338,PROFL,48,45,500,130.00,"65,000.00"
2020-10-15,2020101503007337,PROFL,35,45,390,130.00,"50,700.00"
2020-10-15,2020101503007336,PROFL,33,45,100,131.00,"13,100.00"
2020-10-15,2020101503007335,PROFL,49,45,110,131.00,"14,410.00"
2020-10-15,2020101503007334,PROFL,29,45,50,131.00,"6,550.00"
2020-10-15,2020101503007333,PROFL,29,45,100,132.00,"13,200.00"
2020-10-15,2020101503007686,RLI,45,34,10,601.00,"6,010.00"
2020-10-15,2020101503007685,RLI,45,19,10,601.00,"6,010.00"
2020-10-15,2020101503007684,RLI,45,44,10,601.00,"6,010.00"
2020-10-15,2020101503007683,RLI,11,18,10,600.00,"6,000.00"
2020-10-15,2020101503007674,RLI,11,42,10,600.00,"6,000.00"
2020-10-15,2020101503007672,RLI,11,11,10,600.00,"6,000.00"
2020-10-15,2020101503007283,RLI,35,1,10,599.00,"5,990.00"
2020-10-15,2020101503007279,RLI,35,6,10,599.00,"5,990.00"
2020-10-15,2020101503007246,RLI,35,1,10,599.00,"5,990.00"
2020-10-15,2020101503007245,RLI,35,48,10,599.00,"5,990.00"
2020-10-15,2020101503007222,RLI,35,20,10,599.00,"5,990.00"
2020-10-15,2020101503007221,RLI,35,49,10,599.00,"5,990.00"
2020-10-15,2020101503007321,RLI,14,29,10,600.00,"6,000.00"
2020-10-15,2020101503007320,RLI,14,6,10,600.00,"6,000.00"
2020-10-15,2020101503007319,RLI,14,42,10,600.00,"6,000.00"
2020-10-15,2020101503007318,RLI,14,51,10,600.00,"6,000.00"
2020-10-15,2020101503007317,RLI,14,45,10,600.00,"6,000.00"
2020-10-15,2020101503007304,RLI,35,29,10,599.00,"5,990.00"
2020-10-15,2020101503007376,RLI,22,49,10,599.00,"5,990.00"
2020-10-15,2020101503007375,RLI,22,29,10,599.00,"5,990.00"
2020-10-15,2020101503007374,RLI,22,36,10,599.00,"5,990.00"
2020-10-15,2020101503007363,RLI,22,49,10,599.00,"5,990.00"
2020-10-15,2020101503007341,RLI,35,29,10,599.00,"5,990.00"
2020-10-15,2020101503007326,RLI,35,32,10,599.00,"5,990.00"
2020-10-15,2020101503007421,RLI,58,45,20,600.00,"12,000.00"
2020-10-15,2020101503007420,RLI,58,42,10,600.00,"6,000.00"
2020-10-15,2020101503007419,RLI,58,29,57,600.00,"34,200.00"
2020-10-15,2020101503007405,RLI,29,6,10,599.00,"5,990.00"
2020-10-15,2020101503007404,RLI,53,29,10,599.00,"5,990.00"
2020-10-15,2020101503007388,RLI,22,29,10,599.00,"5,990.00"
2020-10-15,2020101503007432,RLI,45,16,100,599.00,"59,900.00"
2020-10-15,2020101503007431,RLI,56,16,10,599.00,"5,990.00"
2020-10-15,2020101503007430,RLI,29,16,100,599.00,"59,900.00"
2020-10-15,2020101503007429,RLI,5,16,100,599.00,"59,900.00"
2020-10-15,2020101503007428,RLI,29,16,40,599.00,"23,960.00"
2020-10-15,2020101503007422,RLI,58,34,13,600.00,"7,800.00"
2020-10-15,2020101503007458,RLI,35,45,100,600.00,"60,000.00"
2020-10-15,2020101503007457,RLI,35,28,10,600.00,"6,000.00"
2020-10-15,2020101503007456,RLI,35,42,10,600.00,"6,000.00"
2020-10-15,2020101503007455,RLI,35,21,10,600.00,"6,000.00"
2020-10-15,2020101503007453,RLI,47,44,10,599.00,"5,990.00"
2020-10-15,2020101503007433,RLI,47,16,50,599.00,"29,950.00"
2020-10-15,2020101503007530,RLI,35,58,10,600.00,"6,000.00"
2020-10-15,2020101503007524,RLI,35,44,10,600.00,"6,000.00"
2020-10-15,2020101503007498,RLI,35,44,10,600.00,"6,000.00"
2020-10-15,2020101503007483,RLI,35,58,10,600.00,"6,000.00"
2020-10-15,2020101503007477,RLI,35,29,10,600.00,"6,000.00"
2020-10-15,2020101503007459,RLI,35,41,10,600.00,"6,000.00"
2020-10-15,2020101503007563,RLI,11,47,10,600.00,"6,000.00"
2020-10-15,2020101503007562,RLI,11,34,30,600.00,"18,000.00"
2020-10-15,2020101503007561,RLI,11,34,10,600.00,"6,000.00"
2020-10-15,2020101503007560,RLI,17,34,30,600.00,"18,000.00"
2020-10-15,2020101503007554,RLI,17,58,10,600.00,"6,000.00"
2020-10-15,2020101503007549,RLI,35,44,10,600.00,"6,000.00"
2020-10-15,2020101503007616,RLI,11,49,10,600.00,"6,000.00"
2020-10-15,2020101503007615,RLI,11,19,10,600.00,"6,000.00"
2020-10-15,2020101503007614,RLI,11,19,40,600.00,"24,000.00"
2020-10-15,2020101503007613,RLI,25,19,100,600.00,"60,000.00"
2020-10-15,2020101503007612,RLI,11,18,10,600.00,"6,000.00"
2020-10-15,2020101503007579,RLI,11,19,10,600.00,"6,000.00"
2020-10-15,2020101503007661,RLI,11,18,10,600.00,"6,000.00"
2020-10-15,2020101503007650,RLI,11,38,10,600.00,"6,000.00"
2020-10-15,2020101503007647,RLI,11,58,10,600.00,"6,000.00"
2020-10-15,2020101503007646,RLI,11,22,100,600.00,"60,000.00"
2020-10-15,2020101503007637,RLI,11,34,10,600.00,"6,000.00"
2020-10-15,2020101503007629,RLI,11,18,10,600.00,"6,000.00"
2020-10-15,2020101503007408,RMDC,57,48,20,860.00,"17,200.00"
2020-10-15,2020101503007407,RMDC,14,48,20,860.00,"17,200.00"
2020-10-15,2020101503007364,RMDC,11,26,37,861.00,"31,857.00"
2020-10-15,2020101503007343,RMDC,11,32,12,861.00,"10,332.00"
2020-10-15,2020101503007285,RMDC,11,34,51,861.00,"43,911.00"
2020-10-15,2020101503007639,RSDC,37,1,73,543.00,"39,639.00"
2020-10-15,2020101503007529,RSDC,48,1,100,541.00,"54,100.00"
2020-10-15,2020101503007510,RSDC,48,1,41,541.00,"22,181.00"
2020-10-15,2020101503007509,RSDC,39,1,41,541.00,"22,181.00"
2020-10-15,2020101503007508,RSDC,36,1,18,541.00,"9,738.00"
2020-10-15,2020101503007314,RSDC,39,32,19,541.00,"10,279.00"
2020-10-15,2020101503007226,RSDC,36,32,12,541.00,"6,492.00"
2020-10-15,2020101503007454,SABSL,49,17,11,855.00,"9,405.00"
2020-10-15,2020101503007599,SADBL,41,38,74,183.00,"13,542.00"
2020-10-15,2020101503007598,SADBL,55,38,500,183.00,"91,500.00"
2020-10-15,2020101503007597,SADBL,29,38,"1,000",183.00,"183,000.00"
2020-10-15,2020101503007596,SADBL,14,38,26,183.00,"4,758.00"
2020-10-15,2020101503007255,SADBL,42,17,50,184.00,"9,200.00"
2020-10-15,2020101503007359,SAPDBL,36,6,68,160.00,"10,880.00"
2020-10-15,2020101503007358,SAPDBL,6,6,147,160.00,"23,520.00"
2020-10-15,2020101503007551,SDLBSL,43,6,10,818.00,"8,180.00"
2020-10-15,2020101503007252,SDLBSL,43,29,10,818.00,"8,180.00"
2020-10-15,2020101503007660,SFCL,8,29,"2,183",137.00,"299,071.00"
2020-10-15,2020101503007659,SFCL,17,29,50,137.00,"6,850.00"
2020-10-15,2020101503007658,SFCL,13,29,213,137.00,"29,181.00"
2020-10-15,2020101503007657,SFCL,51,29,100,138.00,"13,800.00"
2020-10-15,2020101503007656,SFCL,45,29,427,139.00,"59,353.00"
2020-10-15,2020101503007540,SFCL,45,13,73,139.00,"10,147.00"
2020-10-15,2020101503007253,SFCL,1,36,200,138.00,"27,600.00"
2020-10-15,2020101503007539,SFCL,58,13,300,139.00,"41,700.00"
2020-10-15,2020101503007427,SFCL,13,4,287,137.00,"39,319.00"
2020-10-15,2020101503007426,SFCL,57,4,50,138.00,"6,900.00"
2020-10-15,2020101503007425,SFCL,1,4,100,138.00,"13,800.00"
2020-10-15,2020101503007424,SFCL,34,4,100,138.00,"13,800.00"
2020-10-15,2020101503007423,SFCL,46,4,50,138.00,"6,900.00"
2020-10-15,2020101503007611,SHINE,57,50,661,263.00,"173,843.00"
2020-10-15,2020101503007496,SHINE,57,11,60,264.00,"15,840.00"
2020-10-15,2020101503007495,SHINE,57,45,70,264.00,"18,480.00"
2020-10-15,2020101503007494,SHINE,57,26,200,264.00,"52,800.00"
2020-10-15,2020101503007493,SHINE,57,40,121,264.00,"31,944.00"
2020-10-15,2020101503007492,SHINE,57,41,100,264.00,"26,400.00"
2020-10-15,2020101503007491,SHINE,57,34,815,264.00,"215,160.00"
2020-10-15,2020101503007372,SHINE,6,34,125,264.00,"33,000.00"
2020-10-15,2020101503007254,SHINE,57,55,100,263.00,"26,300.00"
2020-10-15,2020101503007636,SHL,6,59,500,185.00,"92,500.00"
2020-10-15,2020101503007574,SHL,10,54,330,185.00,"61,050.00"
2020-10-15,2020101503007573,SHL,10,44,"1,323",185.00,"244,755.00"
2020-10-15,2020101503007417,SHL,13,44,100,185.00,"18,500.00"
2020-10-15,2020101503007368,SHL,58,38,105,186.00,"19,530.00"
2020-10-15,2020101503007328,SHL,53,44,100,185.00,"18,500.00"
2020-10-15,2020101503007327,SHL,52,44,100,185.00,"18,500.00"
2020-10-15,2020101503007340,SINDU,33,21,100,156.00,"15,600.00"
2020-10-15,2020101503007194,SINDU,33,32,17,156.00,"2,652.00"
2020-10-15,2020101503007594,SKBBL,6,41,155,"1,347.00","208,785.00"
2020-10-15,2020101503007593,SKBBL,6,7,15,"1,347.00","20,205.00"
2020-10-15,2020101503007315,SKBBL,6,26,50,"1,346.00","67,300.00"
2020-10-15,2020101503007623,SLBBL,45,6,60,840.00,"50,400.00"
2020-10-15,2020101503007622,SLBBL,6,6,10,840.00,"8,400.00"
2020-10-15,2020101503007621,SLBBL,56,6,30,840.00,"25,200.00"
2020-10-15,2020101503007620,SLICL,52,59,20,602.00,"12,040.00"
2020-10-15,2020101503007556,SLICL,52,38,75,602.00,"45,150.00"
2020-10-15,2020101503007555,SLICL,32,38,25,602.00,"15,050.00"
2020-10-15,2020101503007482,SLICL,47,39,500,602.00,"301,000.00"
2020-10-15,2020101503007354,SLICL,47,48,500,602.00,"301,000.00"
2020-10-15,2020101503007353,SLICL,16,48,50,602.00,"30,100.00"
2020-10-15,2020101503007240,SLICL,38,25,100,603.00,"60,300.00"
2020-10-15,2020101503007652,SWBBL,5,45,10,"1,240.00","12,400.00"
2020-10-15,2020101503007635,SWBBL,55,38,20,"1,242.00","24,840.00"
2020-10-15,2020101503007588,TMDBL,28,1,146,196.00,"28,616.00"
2020-10-15,2020101503007587,TMDBL,21,1,100,196.00,"19,600.00"
2020-10-15,2020101503007586,TMDBL,26,1,20,196.00,"3,920.00"
2020-10-15,2020101503007585,TMDBL,45,1,200,197.00,"39,400.00"
2020-10-15,2020101503007299,TMDBL,53,39,30,198.00,"5,940.00"
2020-10-15,2020101503007298,TMDBL,53,39,300,198.00,"59,400.00"
2020-10-15,2020101503007297,TMDBL,14,39,100,198.00,"19,800.00"
2020-10-15,2020101503007251,TMDBL,14,41,200,198.00,"39,600.00"
2020-10-15,2020101503007303,TMDBL,29,39,100,197.00,"19,700.00"
2020-10-15,2020101503007302,TMDBL,28,39,"1,000",197.00,"197,000.00"
2020-10-15,2020101503007301,TMDBL,55,39,100,197.00,"19,700.00"
2020-10-15,2020101503007300,TMDBL,28,39,500,198.00,"99,000.00"
2020-10-15,2020101503007655,TRH,51,11,500,244.00,"122,000.00"
2020-10-15,2020101503007653,TRH,32,11,100,244.00,"24,400.00"
2020-10-15,2020101503007365,TRH,17,58,10,243.00,"2,430.00"
2020-10-15,2020101503007234,USLB,10,58,38,"1,095.00","41,610.00"
2020-10-15,2020101503007233,USLB,10,33,12,"1,095.00","13,140.00"
2020-10-15,2020101503007634,VLBS,34,32,20,910.00,"18,200.00"
2020-10-15,2020101503007152,ALBSL,35,43,11,799.00,"8,789.00"
2020-10-15,2020101503007094,ALBSL,35,58,11,800.00,"8,800.00"
2020-10-15,2020101503007093,ALBSL,35,19,44,800.00,"35,200.00"
2020-10-15,2020101503007092,ALBSL,35,6,10,800.00,"8,000.00"
2020-10-15,2020101503007091,ALBSL,35,44,11,800.00,"8,800.00"
2020-10-15,2020101503007005,ALBSL,51,58,200,800.00,"160,000.00"
2020-10-15,2020101503006994,ALBSL,35,25,15,799.00,"11,985.00"
2020-10-15,2020101503006943,ALBSL,35,38,11,799.00,"8,789.00"
2020-10-15,2020101503006887,ALICL,58,50,500,712.00,"356,000.00"
2020-10-15,2020101503006816,ALICL,53,52,93,712.00,"66,216.00"
2020-10-15,2020101503006815,ALICL,53,50,460,712.00,"327,520.00"
2020-10-15,2020101503006795,ALICL,54,50,10,712.00,"7,120.00"
2020-10-15,2020101503006935,BFC,42,51,150,144.00,"21,600.00"
2020-10-15,2020101503006873,BFC,42,57,50,145.00,"7,250.00"
2020-10-15,2020101503006836,BFC,42,48,310,144.00,"44,640.00"
2020-10-15,2020101503006818,BFC,42,42,35,144.00,"5,040.00"
2020-10-15,2020101503006726,BFC,42,57,100,145.00,"14,500.00"
2020-10-15,2020101503007027,CBBL,55,42,20,"1,119.00","22,380.00"
2020-10-15,2020101503007008,CBBL,58,42,30,"1,119.00","33,570.00"
2020-10-15,2020101503006989,CBBL,6,35,50,"1,118.00","55,900.00"
2020-10-15,2020101503006832,CBBL,6,57,182,"1,118.00","203,476.00"
2020-10-15,2020101503006831,CBBL,49,57,50,"1,118.00","55,900.00"
2020-10-15,2020101503007097,CIT,49,25,34,"3,468.00","117,912.00"
2020-10-15,2020101503007096,CIT,49,35,15,"3,467.00","52,005.00"
2020-10-15,2020101503007095,CIT,49,28,10,"3,466.00","34,660.00"
2020-10-15,2020101503006991,CIT,42,25,13,"3,468.00","45,084.00"
2020-10-15,2020101503006824,CIT,59,57,75,"3,460.00","259,500.00"
2020-10-15,2020101503006823,CIT,3,57,15,"3,461.00","51,915.00"
2020-10-15,2020101503006750,CIT,49,47,64,"3,467.00","221,888.00"
2020-10-15,2020101503007050,CLBSL,17,48,11,689.00,"7,579.00"
2020-10-15,2020101503006985,CLBSL,34,17,10,688.00,"6,880.00"
2020-10-15,2020101503006984,CLBSL,36,17,10,689.00,"6,890.00"
2020-10-15,2020101503006700,CORBL,1,55,200,198.00,"39,600.00"
2020-10-15,2020101503007124,DDBL,50,57,85,848.00,"72,080.00"
2020-10-15,2020101503007123,DDBL,34,57,15,848.00,"12,720.00"
2020-10-15,2020101503007122,DDBL,42,57,100,848.00,"84,800.00"
2020-10-15,2020101503007121,DDBL,58,57,10,848.00,"8,480.00"
2020-10-15,2020101503007120,DDBL,45,57,90,848.00,"76,320.00"
2020-10-15,2020101503007077,DDBL,59,45,176,850.00,"149,600.00"
2020-10-15,2020101503007056,DDBL,59,58,35,850.00,"29,750.00"
2020-10-15,2020101503006829,DDBL,59,58,39,850.00,"33,150.00"
2020-10-15,2020101503006828,DDBL,44,58,25,850.00,"21,250.00"
2020-10-15,2020101503006827,DDBL,59,58,36,850.00,"30,600.00"
2020-10-15,2020101503006687,DDBL,59,34,164,850.00,"139,400.00"
2020-10-15,2020101503007098,EDBL,16,47,454,310.00,"140,740.00"
2020-10-15,2020101503006840,EDBL,20,47,"2,000",309.00,"618,000.00"
2020-10-15,2020101503006839,EDBL,16,47,200,310.00,"62,000.00"
2020-10-15,2020101503006778,EDBL,32,47,500,310.00,"155,000.00"
2020-10-15,2020101503006777,EDBL,16,47,200,311.00,"62,200.00"
2020-10-15,2020101503006776,EDBL,20,47,896,312.00,"279,552.00"
2020-10-15,2020101503006838,EDBL,38,47,200,310.00,"62,000.00"
2020-10-15,2020101503006837,EDBL,59,47,146,310.00,"45,260.00"
2020-10-15,2020101503006782,EDBL,59,47,54,310.00,"16,740.00"
2020-10-15,2020101503006781,EDBL,51,47,200,310.00,"62,000.00"
2020-10-15,2020101503006780,EDBL,56,47,100,310.00,"31,000.00"
2020-10-15,2020101503006779,EDBL,19,47,50,310.00,"15,500.00"
2020-10-15,2020101503007009,FMDBL,51,34,10,564.00,"5,640.00"
2020-10-15,2020101503006908,FMDBL,51,45,100,564.00,"56,400.00"
2020-10-15,2020101503006905,FMDBL,21,45,100,564.00,"56,400.00"
2020-10-15,2020101503006853,FMDBL,41,43,200,563.00,"112,600.00"
2020-10-15,2020101503007059,FOWAD,50,36,28,"1,537.00","43,036.00"
2020-10-15,2020101503007058,FOWAD,34,36,21,"1,538.00","32,298.00"
2020-10-15,2020101503007055,GBBL,58,17,795,264.00,"209,880.00"
2020-10-15,2020101503006956,GBBL,58,51,10,264.00,"2,640.00"
2020-10-15,2020101503006881,GBBL,58,59,203,264.00,"53,592.00"
2020-10-15,2020101503007088,GBLBS,43,36,15,509.00,"7,635.00"
2020-10-15,2020101503006976,GBLBS,43,16,75,509.00,"38,175.00"
2020-10-15,2020101503006975,GBLBS,28,16,180,509.00,"91,620.00"
2020-10-15,2020101503006974,GBLBS,57,16,195,509.00,"99,255.00"
2020-10-15,2020101503006942,GBLBS,4,1,260,510.00,"132,600.00"
2020-10-15,2020101503006921,GBLBS,21,1,100,510.00,"51,000.00"
2020-10-15,2020101503006817,GBLBS,57,4,15,509.00,"7,635.00"
2020-10-15,2020101503006790,GBLBS,13,1,40,510.00,"20,400.00"
2020-10-15,2020101503006860,GLBSL,42,10,10,679.00,"6,790.00"
2020-10-15,2020101503006809,GLBSL,47,22,150,679.00,"101,850.00"
2020-10-15,2020101503006802,GLBSL,28,22,100,680.00,"68,000.00"
2020-10-15,2020101503006722,GLBSL,41,39,350,680.00,"238,000.00"
2020-10-15,2020101503006721,GLBSL,14,39,100,680.00,"68,000.00"
2020-10-15,2020101503006720,GLBSL,34,39,200,681.00,"136,200.00"
2020-10-15,2020101503006719,GLBSL,19,39,200,683.00,"136,600.00"
2020-10-15,2020101503006718,GLBSL,47,39,100,683.00,"68,300.00"
2020-10-15,2020101503006717,GLBSL,41,39,10,685.00,"6,850.00"
2020-10-15,2020101503006716,GLBSL,48,39,50,685.00,"34,250.00"
2020-10-15,2020101503006715,GLBSL,35,39,20,685.00,"13,700.00"
2020-10-15,2020101503007014,GLICL,6,11,100,604.00,"60,400.00"
2020-10-15,2020101503007002,GLICL,50,55,50,605.00,"30,250.00"
2020-10-15,2020101503006972,GLICL,6,13,20,604.00,"12,080.00"
2020-10-15,2020101503006971,GLICL,17,13,30,604.00,"18,120.00"
2020-10-15,2020101503007117,GMFBS,38,16,107,827.00,"88,489.00"
2020-10-15,2020101503006830,GMFBS,38,54,10,820.00,"8,200.00"
2020-10-15,2020101503006814,GRDBL,58,6,100,152.00,"15,200.00"
2020-10-15,2020101503006847,GUFL,6,45,300,149.00,"44,700.00"
2020-10-15,2020101503007129,HIDCL,21,48,13,181.00,"2,353.00"
2020-10-15,2020101503007054,HIDCL,21,42,144,181.00,"26,064.00"
2020-10-15,2020101503007053,HIDCL,55,42,20,182.00,"3,640.00"
2020-10-15,2020101503007052,HIDCL,28,42,123,182.00,"22,386.00"
2020-10-15,2020101503007011,HIDCL,28,48,13,182.00,"2,366.00"
2020-10-15,2020101503006866,HIDCL,28,32,63,182.00,"11,466.00"
2020-10-15,2020101503006758,HIDCL,28,34,500,182.00,"91,000.00"
2020-10-15,2020101503006757,HIDCL,28,1,100,182.00,"18,200.00"
2020-10-15,2020101503006756,HIDCL,28,22,263,182.00,"47,866.00"
2020-10-15,2020101503006744,HIDCL,58,22,200,182.00,"36,400.00"
2020-10-15,2020101503006702,HIDCL,21,45,983,181.00,"177,923.00"
2020-10-15,2020101503007107,ICFC,6,17,500,267.00,"133,500.00"
2020-10-15,2020101503007006,ICFC,6,26,26,267.00,"6,942.00"
2020-10-15,2020101503006949,ICFC,6,38,100,267.00,"26,700.00"
2020-10-15,2020101503006919,ICFC,6,39,75,267.00,"20,025.00"
2020-10-15,2020101503006918,ICFC,45,39,125,268.00,"33,500.00"
2020-10-15,2020101503006917,ICFC,45,51,291,268.00,"77,988.00"
2020-10-15,2020101503006770,ICFC,14,58,200,268.00,"53,600.00"
2020-10-15,2020101503006769,ICFC,50,58,206,268.00,"55,208.00"
2020-10-15,2020101503006916,ICFC,45,7,"1,000",268.00,"268,000.00"
2020-10-15,2020101503006915,ICFC,45,7,584,268.00,"156,512.00"
