Date,Transact. No.,Symbol,Buyer,Seller,Quantity,Rate,Amount
2019-06-27,2019062701007604,ADBL,6,49,700,413.00,"289,100.00"
2019-06-27,2019062701007603,ADBL,6,29,100,413.00,"41,300.00"
2019-06-27,2019062701007602,ADBL,6,37,500,413.00,"206,500.00"
2019-06-27,2019062701007601,ADBL,6,5,35,413.00,"14,455.00"
2019-06-27,2019062701007600,ADBL,6,5,59,413.00,"24,367.00"
2019-06-27,2019062701007599,ADBL,6,32,"1,000",413.00,"413,000.00"
2019-06-27,2019062701007598,ADBL,6,19,270,413.00,"111,510.00"
2019-06-27,2019062701007368,ADBL,54,52,300,412.00,"123,600.00"
2019-06-27,2019062701007229,ADBL,52,52,7,404.00,"2,828.00"
2019-06-27,2019062701007352,AHPC,26,28,554,108.00,"59,832.00"
2019-06-27,2019062701007351,AHPC,26,41,544,108.00,"58,752.00"
2019-06-27,2019062701007350,AHPC,26,1,281,107.00,"30,067.00"
2019-06-27,2019062701007349,AHPC,26,59,121,107.00,"12,947.00"
2019-06-27,2019062701007374,AKJCL,32,42,78,72.00,"5,616.00"
2019-06-27,2019062701007373,AKJCL,37,42,30,73.00,"2,190.00"
2019-06-27,2019062701007403,ALBSL,4,46,30,401.00,"12,030.00"
2019-06-27,2019062701007271,ALBSL,4,35,200,401.00,"80,200.00"
2019-06-27,2019062701007339,ALICL,56,8,100,395.00,"39,500.00"
2019-06-27,2019062701007338,ALICL,56,57,50,395.00,"19,750.00"
2019-06-27,2019062701007337,ALICL,56,33,388,393.00,"152,484.00"
2019-06-27,2019062701007419,API,25,37,12,145.00,"1,740.00"
2019-06-27,2019062701007418,API,25,33,28,145.00,"4,060.00"
2019-06-27,2019062701007400,API,26,25,200,144.00,"28,800.00"
2019-06-27,2019062701007276,BOKL,22,37,20,265.00,"5,300.00"
2019-06-27,2019062701007264,BOKL,52,6,66,263.00,"17,358.00"
2019-06-27,2019062701007263,BOKL,26,6,184,264.00,"48,576.00"
2019-06-27,2019062701007635,BPCL,36,47,10,405.00,"4,050.00"
2019-06-27,2019062701007634,BPCL,36,47,33,403.00,"13,299.00"
2019-06-27,2019062701007498,BPCL,43,36,218,400.00,"87,200.00"
2019-06-27,2019062701007309,BPCL,38,1,80,399.00,"31,920.00"
2019-06-27,2019062701007308,BPCL,7,1,500,399.00,"199,500.00"
2019-06-27,2019062701007307,BPCL,52,1,20,399.00,"7,980.00"
2019-06-27,2019062701007268,BPCL,52,33,66,399.00,"26,334.00"
2019-06-27,2019062701007255,BPCL,35,36,12,400.00,"4,800.00"
2019-06-27,2019062701007563,CBL,41,32,500,145.00,"72,500.00"
2019-06-27,2019062701007319,CBL,41,13,86,145.00,"12,470.00"
2019-06-27,2019062701007318,CBL,33,13,"2,000",145.00,"290,000.00"
2019-06-27,2019062701007317,CBL,20,13,50,145.00,"7,250.00"
2019-06-27,2019062701007316,CBL,42,13,100,145.00,"14,500.00"
2019-06-27,2019062701007315,CBL,26,13,100,145.00,"14,500.00"
2019-06-27,2019062701007314,CBL,25,13,100,145.00,"14,500.00"
2019-06-27,2019062701007313,CBL,26,13,100,145.00,"14,500.00"
2019-06-27,2019062701007312,CBL,26,13,464,145.00,"67,280.00"
2019-06-27,2019062701007348,CCBL,51,47,"2,000",167.00,"334,000.00"
2019-06-27,2019062701007199,CCBL,51,6,250,168.00,"42,000.00"
2019-06-27,2019062701007198,CCBL,51,41,250,168.00,"42,000.00"
2019-06-27,2019062701007197,CCBL,51,8,500,168.00,"84,000.00"
2019-06-27,2019062701007175,CCBL,36,38,969,166.00,"160,854.00"
2019-06-27,2019062701007174,CCBL,28,38,200,166.00,"33,200.00"
2019-06-27,2019062701007173,CCBL,45,38,500,167.00,"83,500.00"
2019-06-27,2019062701007172,CCBL,55,38,31,167.00,"5,177.00"
2019-06-27,2019062701007626,CHCL,45,41,500,508.00,"254,000.00"
2019-06-27,2019062701007594,CHCL,25,50,43,507.00,"21,801.00"
2019-06-27,2019062701007593,CHCL,56,50,21,507.00,"10,647.00"
2019-06-27,2019062701007592,CHCL,42,50,300,508.00,"152,400.00"
2019-06-27,2019062701007591,CHCL,50,50,84,508.00,"42,672.00"
2019-06-27,2019062701007590,CHCL,28,50,413,509.00,"210,217.00"
2019-06-27,2019062701007444,CIT,19,41,10,"2,475.00","24,750.00"
2019-06-27,2019062701007443,CIT,48,41,20,"2,476.00","49,520.00"
2019-06-27,2019062701007442,CIT,48,41,50,"2,477.00","123,850.00"
2019-06-27,2019062701007441,CIT,35,41,10,"2,480.00","24,800.00"
2019-06-27,2019062701007557,CLBSL,4,45,11,502.00,"5,522.00"
2019-06-27,2019062701007556,CLBSL,4,45,11,502.00,"5,522.00"
2019-06-27,2019062701007334,CLBSL,54,32,11,500.00,"5,500.00"
2019-06-27,2019062701007333,CLBSL,54,39,20,500.00,"10,000.00"
2019-06-27,2019062701007332,CLBSL,54,17,17,500.00,"8,500.00"
2019-06-27,2019062701007331,CLBSL,54,16,11,500.00,"5,500.00"
2019-06-27,2019062701007330,CLBSL,54,16,11,500.00,"5,500.00"
2019-06-27,2019062701007495,CZBIL,32,7,200,221.00,"44,200.00"
2019-06-27,2019062701007220,CZBIL,55,45,30,220.00,"6,600.00"
2019-06-27,2019062701007597,DBBL,37,41,591,138.00,"81,558.00"
2019-06-27,2019062701007552,DBBL,57,41,"1,450",139.00,"201,550.00"
2019-06-27,2019062701007448,DBBL,38,41,50,139.00,"6,950.00"
2019-06-27,2019062701007447,DBBL,38,21,150,139.00,"20,850.00"
2019-06-27,2019062701007218,DBBL,37,35,216,138.00,"29,808.00"
2019-06-27,2019062701007217,DBBL,51,35,500,138.00,"69,000.00"
2019-06-27,2019062701007216,DBBL,37,35,284,138.00,"39,192.00"
2019-06-27,2019062701007164,DBBL,5,21,300,139.00,"41,700.00"
2019-06-27,2019062701007299,DDBL,28,33,50,706.00,"35,300.00"
2019-06-27,2019062701007298,DDBL,43,33,10,707.00,"7,070.00"
2019-06-27,2019062701007657,EBL,14,56,50,663.00,"33,150.00"
2019-06-27,2019062701007656,EBL,56,56,286,663.00,"189,618.00"
2019-06-27,2019062701007205,EBL,56,39,14,663.00,"9,282.00"
2019-06-27,2019062701007204,EBL,25,39,40,663.00,"26,520.00"
2019-06-27,2019062701007188,EBL,25,39,60,663.00,"39,780.00"
2019-06-27,2019062701007187,EBL,34,39,900,663.00,"596,700.00"
2019-06-27,2019062701007186,EBL,6,39,40,664.00,"26,560.00"
2019-06-27,2019062701007494,EBL,56,42,200,663.00,"132,600.00"
2019-06-27,2019062701007372,EIC,38,6,82,371.00,"30,422.00"
2019-06-27,2019062701007371,EIC,48,6,50,374.00,"18,700.00"
2019-06-27,2019062701007574,GBBL,36,14,413,221.00,"91,273.00"
2019-06-27,2019062701007573,GBBL,25,14,500,221.00,"110,500.00"
2019-06-27,2019062701007572,GBBL,21,14,100,221.00,"22,100.00"
2019-06-27,2019062701007571,GBBL,41,14,50,221.00,"11,050.00"
2019-06-27,2019062701007570,GBBL,48,14,300,221.00,"66,300.00"
2019-06-27,2019062701007569,GBBL,45,14,100,222.00,"22,200.00"
2019-06-27,2019062701007568,GBBL,13,14,37,222.00,"8,214.00"
2019-06-27,2019062701007305,GBIME,22,33,20,304.00,"6,080.00"
2019-06-27,2019062701007239,GBIME,48,33,118,304.00,"35,872.00"
2019-06-27,2019062701007238,GBIME,48,59,74,304.00,"22,496.00"
2019-06-27,2019062701007237,GBIME,25,59,26,304.00,"7,904.00"
2019-06-27,2019062701007195,GBIME,25,55,24,304.00,"7,296.00"
2019-06-27,2019062701007194,GBIME,58,55,183,304.00,"55,632.00"
2019-06-27,2019062701007452,GHL,56,52,30,80.00,"2,400.00"
2019-06-27,2019062701007655,GLBSL,19,37,10,405.00,"4,050.00"
2019-06-27,2019062701007467,GLBSL,19,55,10,399.00,"3,990.00"
2019-06-27,2019062701007265,GLBSL,56,22,10,398.00,"3,980.00"
2019-06-27,2019062701007652,GMFBS,34,46,10,436.00,"4,360.00"
2019-06-27,2019062701007651,GMFBS,34,37,10,435.00,"4,350.00"
2019-06-27,2019062701007650,GMFBS,34,42,10,435.00,"4,350.00"
2019-06-27,2019062701007627,GMFBS,34,16,10,434.00,"4,340.00"
2019-06-27,2019062701007621,GMFBS,34,37,10,434.00,"4,340.00"
2019-06-27,2019062701007589,GMFBS,34,16,10,434.00,"4,340.00"
2019-06-27,2019062701007437,GMFBS,21,16,10,434.00,"4,340.00"
2019-06-27,2019062701007396,GMFBS,51,42,10,435.00,"4,350.00"
2019-06-27,2019062701007395,GMFBS,41,42,80,435.00,"34,800.00"
2019-06-27,2019062701007390,GMFBS,41,16,10,435.00,"4,350.00"
2019-06-27,2019062701007587,GMFBS,34,37,10,434.00,"4,340.00"
2019-06-27,2019062701007561,GMFBS,19,37,10,434.00,"4,340.00"
2019-06-27,2019062701007559,GMFBS,19,16,10,434.00,"4,340.00"
2019-06-27,2019062701007511,GMFBS,21,37,10,434.00,"4,340.00"
2019-06-27,2019062701007496,GMFBS,21,16,10,434.00,"4,340.00"
2019-06-27,2019062701007463,GMFBS,21,16,10,434.00,"4,340.00"
2019-06-27,2019062701007636,GUFL,52,17,300,121.00,"36,300.00"
2019-06-27,2019062701007658,HDL,57,33,10,"1,723.00","17,230.00"
2019-06-27,2019062701007551,HDL,36,33,50,"1,700.00","85,000.00"
2019-06-27,2019062701007541,HDL,36,25,55,"1,700.00","93,500.00"
2019-06-27,2019062701007540,HDL,17,25,150,"1,707.00","256,050.00"
2019-06-27,2019062701007539,HDL,41,25,50,"1,708.00","85,400.00"
2019-06-27,2019062701007538,HDL,41,25,50,"1,708.00","85,400.00"
2019-06-27,2019062701007248,HDL,40,45,120,"1,709.00","205,080.00"
2019-06-27,2019062701007223,HDL,57,45,100,"1,710.00","171,000.00"
2019-06-27,2019062701007537,HDL,41,25,50,"1,708.00","85,400.00"
2019-06-27,2019062701007536,HDL,57,25,90,"1,708.00","153,720.00"
2019-06-27,2019062701007535,HDL,41,25,50,"1,709.00","85,450.00"
2019-06-27,2019062701007534,HDL,40,25,80,"1,709.00","136,720.00"
2019-06-27,2019062701007533,HDL,57,25,100,"1,710.00","171,000.00"
2019-06-27,2019062701007532,HDL,19,25,50,"1,710.00","85,500.00"
2019-06-27,2019062701007200,HGI,11,48,61,358.00,"21,838.00"
2019-06-27,2019062701007285,HURJA,58,58,20,144.00,"2,880.00"
2019-06-27,2019062701007284,HURJA,58,34,20,144.00,"2,880.00"
2019-06-27,2019062701007283,HURJA,58,32,420,144.00,"60,480.00"
2019-06-27,2019062701007282,HURJA,58,13,20,144.00,"2,880.00"
2019-06-27,2019062701007281,HURJA,58,13,20,144.00,"2,880.00"
2019-06-27,2019062701007280,HURJA,58,26,20,144.00,"2,880.00"
2019-06-27,2019062701007279,HURJA,58,58,20,144.00,"2,880.00"
2019-06-27,2019062701007278,HURJA,58,45,20,144.00,"2,880.00"
2019-06-27,2019062701007277,HURJA,58,47,10,144.00,"1,440.00"
2019-06-27,2019062701007614,IGI,42,55,10,381.00,"3,810.00"
2019-06-27,2019062701007425,IGI,48,55,10,385.00,"3,850.00"
2019-06-27,2019062701007344,JBBL,44,32,912,155.00,"141,360.00"
2019-06-27,2019062701007343,JBBL,56,32,51,155.00,"7,905.00"
2019-06-27,2019062701007304,JBNL,56,45,732,207.00,"151,524.00"
2019-06-27,2019062701007303,JBNL,34,45,168,207.00,"34,776.00"
2019-06-27,2019062701007287,JBNL,38,45,100,208.00,"20,800.00"
2019-06-27,2019062701007500,JFL,34,22,127,175.00,"22,225.00"
2019-06-27,2019062701007347,JFL,34,41,81,174.00,"14,094.00"
2019-06-27,2019062701007346,JFL,6,41,500,174.00,"87,000.00"
2019-06-27,2019062701007321,KBBL,34,33,22,233.00,"5,126.00"
2019-06-27,2019062701007247,KBBL,34,22,220,233.00,"51,260.00"
2019-06-27,2019062701007246,KBBL,59,22,200,233.00,"46,600.00"
2019-06-27,2019062701007245,KBBL,49,22,580,233.00,"135,140.00"
2019-06-27,2019062701007497,KRBL,28,41,20,115.00,"2,300.00"
2019-06-27,2019062701007297,KSBBL,36,48,500,156.00,"78,000.00"
2019-06-27,2019062701007583,LBL,39,54,20,223.00,"4,460.00"
2019-06-27,2019062701007582,LBL,39,47,80,223.00,"17,840.00"
2019-06-27,2019062701007562,LBL,57,47,10,223.00,"2,230.00"
2019-06-27,2019062701007407,LBL,39,42,200,222.00,"44,400.00"
2019-06-27,2019062701007366,LBL,39,19,564,222.00,"125,208.00"
2019-06-27,2019062701007365,LBL,39,55,500,222.00,"111,000.00"
2019-06-27,2019062701007364,LBL,39,39,200,222.00,"44,400.00"
2019-06-27,2019062701007558,LGIL,43,45,460,427.00,"196,420.00"
2019-06-27,2019062701007477,LGIL,43,39,40,427.00,"17,080.00"
2019-06-27,2019062701007476,LGIL,38,39,40,427.00,"17,080.00"
2019-06-27,2019062701007251,LGIL,38,50,210,427.00,"89,670.00"
2019-06-27,2019062701007250,LGIL,25,50,90,427.00,"38,430.00"
2019-06-27,2019062701007249,LGIL,43,50,200,427.00,"85,400.00"
2019-06-27,2019062701007615,LICN,26,59,15,"1,600.00","24,000.00"
2019-06-27,2019062701007575,LICN,26,5,24,"1,600.00","38,400.00"
2019-06-27,2019062701007515,LICN,26,22,50,"1,600.00","80,000.00"
2019-06-27,2019062701007514,LICN,26,38,100,"1,598.00","159,800.00"
2019-06-27,2019062701007513,LICN,26,25,10,"1,597.00","15,970.00"
2019-06-27,2019062701007512,LICN,26,38,90,"1,596.00","143,640.00"
2019-06-27,2019062701007445,MBL,43,34,100,266.00,"26,600.00"
2019-06-27,2019062701007310,MBL,43,22,11,266.00,"2,926.00"
2019-06-27,2019062701007213,MBL,43,11,686,266.00,"182,476.00"
2019-06-27,2019062701007202,MDB,33,46,200,250.00,"50,000.00"
2019-06-27,2019062701007620,MEGA,43,43,10,201.00,"2,010.00"
2019-06-27,2019062701007555,MEGA,38,7,636,200.00,"127,200.00"
2019-06-27,2019062701007554,MEGA,44,7,"1,000",200.00,"200,000.00"
2019-06-27,2019062701007553,MEGA,38,7,364,200.00,"72,800.00"
2019-06-27,2019062701007499,MEGA,38,6,163,200.00,"32,600.00"
2019-06-27,2019062701007486,MEGA,22,43,100,201.00,"20,100.00"
2019-06-27,2019062701007466,MEGA,34,17,500,201.00,"100,500.00"
2019-06-27,2019062701007191,MEGA,38,46,473,200.00,"94,600.00"
2019-06-27,2019062701007190,MEGA,29,46,100,200.00,"20,000.00"
2019-06-27,2019062701007189,MEGA,58,46,27,200.00,"5,400.00"
2019-06-27,2019062701007167,MEGA,58,41,"1,973",200.00,"394,600.00"
2019-06-27,2019062701007166,MEGA,41,41,27,200.00,"5,400.00"
2019-06-27,2019062701007270,MERO,26,36,81,522.00,"42,282.00"
2019-06-27,2019062701007267,MERO,39,49,100,525.00,"52,500.00"
2019-06-27,2019062701007233,MERO,26,49,30,525.00,"15,750.00"
2019-06-27,2019062701007451,MFIL,18,43,10,127.00,"1,270.00"
2019-06-27,2019062701007518,MHNL,38,11,40,104.00,"4,160.00"
2019-06-27,2019062701007469,MHNL,38,11,30,104.00,"3,120.00"
2019-06-27,2019062701007493,MNBBL,25,22,"1,000",368.00,"368,000.00"
2019-06-27,2019062701007492,MNBBL,7,22,500,368.00,"184,000.00"
2019-06-27,2019062701007491,MNBBL,48,22,50,368.00,"18,400.00"
2019-06-27,2019062701007490,MNBBL,55,22,300,368.00,"110,400.00"
2019-06-27,2019062701007450,MNBBL,25,47,831,369.00,"306,639.00"
2019-06-27,2019062701007449,MNBBL,49,47,197,369.00,"72,693.00"
2019-06-27,2019062701007329,MNBBL,25,22,"1,000",370.00,"370,000.00"
2019-06-27,2019062701007616,MSLB,48,16,10,915.00,"9,150.00"
2019-06-27,2019062701007288,MSLB,16,34,16,901.00,"14,416.00"
2019-06-27,2019062701007659,NABIL,16,39,10,800.00,"8,000.00"
2019-06-27,2019062701007484,NABIL,5,6,144,799.00,"115,056.00"
2019-06-27,2019062701007453,NABIL,17,39,100,800.00,"80,000.00"
2019-06-27,2019062701007253,NABIL,5,39,15,800.00,"12,000.00"
2019-06-27,2019062701007252,NABIL,49,39,76,800.00,"60,800.00"
2019-06-27,2019062701007236,NABIL,49,29,50,800.00,"40,000.00"
2019-06-27,2019062701007235,NABIL,49,45,10,800.00,"8,000.00"
2019-06-27,2019062701007234,NABIL,49,14,264,800.00,"211,200.00"
2019-06-27,2019062701007595,NABILP,10,34,20,790.00,"15,800.00"
2019-06-27,2019062701007586,NABILP,28,34,304,785.00,"238,640.00"
2019-06-27,2019062701007585,NABILP,10,34,100,786.00,"78,600.00"
2019-06-27,2019062701007584,NABILP,11,34,32,789.00,"25,248.00"
2019-06-27,2019062701007474,NABILP,11,25,118,789.00,"93,102.00"
2019-06-27,2019062701007473,NABILP,59,25,32,789.00,"25,248.00"
2019-06-27,2019062701007254,NABILP,59,38,236,789.00,"186,204.00"
2019-06-27,2019062701007215,NABILP,11,34,40,790.00,"31,600.00"
2019-06-27,2019062701007377,NADEP,25,8,20,418.00,"8,360.00"
2019-06-27,2019062701007520,NAGRO,34,43,10,501.00,"5,010.00"
2019-06-27,2019062701007517,NAGRO,38,34,10,500.00,"5,000.00"
2019-06-27,2019062701007416,NAGRO,38,44,10,500.00,"5,000.00"
2019-06-27,2019062701007402,NAGRO,38,33,10,500.00,"5,000.00"
2019-06-27,2019062701007370,NAGRO,38,44,10,500.00,"5,000.00"
2019-06-27,2019062701007369,NAGRO,38,26,10,500.00,"5,000.00"
2019-06-27,2019062701007210,NAGRO,38,55,10,500.00,"5,000.00"
2019-06-27,2019062701007207,NAGRO,38,48,10,500.00,"5,000.00"
2019-06-27,2019062701007295,NAGRO,38,44,10,500.00,"5,000.00"
2019-06-27,2019062701007273,NAGRO,38,57,10,500.00,"5,000.00"
2019-06-27,2019062701007266,NAGRO,38,55,10,500.00,"5,000.00"
2019-06-27,2019062701007244,NAGRO,38,55,10,500.00,"5,000.00"
2019-06-27,2019062701007230,NAGRO,38,36,10,500.00,"5,000.00"
2019-06-27,2019062701007219,NAGRO,38,55,10,500.00,"5,000.00"
2019-06-27,2019062701007465,NBB,35,53,400,221.00,"88,400.00"
2019-06-27,2019062701007464,NBB,57,53,600,222.00,"133,200.00"
2019-06-27,2019062701007286,NBB,57,6,300,222.00,"66,600.00"
2019-06-27,2019062701007654,NBL,33,22,50,335.00,"16,750.00"
2019-06-27,2019062701007649,NBL,25,22,250,335.00,"83,750.00"
2019-06-27,2019062701007648,NBL,43,22,496,335.00,"166,160.00"
2019-06-27,2019062701007623,NBL,43,34,500,335.00,"167,500.00"
2019-06-27,2019062701007458,NBL,43,39,200,335.00,"67,000.00"
2019-06-27,2019062701007436,NBL,43,50,250,335.00,"83,750.00"
2019-06-27,2019062701007184,NBL,47,53,"1,300",335.00,"435,500.00"
2019-06-27,2019062701007183,NBL,47,53,"1,000",335.00,"335,000.00"
2019-06-27,2019062701007182,NBL,47,53,600,335.00,"201,000.00"
2019-06-27,2019062701007170,NBL,47,6,200,335.00,"67,000.00"
2019-06-27,2019062701007257,NBL,47,29,"1,854",335.00,"621,090.00"
2019-06-27,2019062701007256,NBL,47,29,700,335.00,"234,500.00"
2019-06-27,2019062701007206,NBL,47,57,200,335.00,"67,000.00"
2019-06-27,2019062701007201,NBL,47,6,200,335.00,"67,000.00"
2019-06-27,2019062701007196,NBL,47,29,100,335.00,"33,500.00"
2019-06-27,2019062701007185,NBL,47,53,100,335.00,"33,500.00"
2019-06-27,2019062701007393,NBL,43,45,500,335.00,"167,500.00"
2019-06-27,2019062701007362,NBL,43,34,54,335.00,"18,090.00"
2019-06-27,2019062701007345,NBL,45,34,100,335.00,"33,500.00"
2019-06-27,2019062701007336,NBL,47,34,346,335.00,"115,910.00"
2019-06-27,2019062701007302,NBL,47,45,654,335.00,"219,090.00"
2019-06-27,2019062701007301,NBL,47,45,146,335.00,"48,910.00"
2019-06-27,2019062701007578,NCCB,56,58,140,252.00,"35,280.00"
2019-06-27,2019062701007577,NCCB,34,58,"1,000",252.00,"252,000.00"
2019-06-27,2019062701007576,NCCB,33,58,"1,860",252.00,"468,720.00"
2019-06-27,2019062701007530,NCCB,33,58,140,252.00,"35,280.00"
2019-06-27,2019062701007529,NCCB,7,58,"2,000",252.00,"504,000.00"
2019-06-27,2019062701007528,NCCB,17,58,100,252.00,"25,200.00"
2019-06-27,2019062701007165,NCCB,33,50,"1,387",253.00,"350,911.00"
2019-06-27,2019062701007382,NCCB,29,38,400,252.00,"100,800.00"
2019-06-27,2019062701007381,NCCB,17,38,100,252.00,"25,200.00"
2019-06-27,2019062701007380,NCCB,34,38,560,252.00,"141,120.00"
2019-06-27,2019062701007342,NCCB,34,18,440,252.00,"110,880.00"
2019-06-27,2019062701007341,NCCB,1,18,100,252.00,"25,200.00"
2019-06-27,2019062701007340,NCCB,19,18,460,252.00,"115,920.00"
2019-06-27,2019062701007527,NCCB,41,58,500,252.00,"126,000.00"
2019-06-27,2019062701007526,NCCB,42,58,50,252.00,"12,600.00"
2019-06-27,2019062701007525,NCCB,56,58,210,252.00,"52,920.00"
2019-06-27,2019062701007385,NCCB,56,38,790,252.00,"199,080.00"
2019-06-27,2019062701007384,NCCB,47,38,100,252.00,"25,200.00"
2019-06-27,2019062701007383,NCCB,55,38,50,252.00,"12,600.00"
2019-06-27,2019062701007564,NHPC,52,52,10,68.00,680.00
2019-06-27,2019062701007290,NHPC,17,57,760,67.00,"50,920.00"
2019-06-27,2019062701007212,NHPC,17,41,11,67.00,737.00
2019-06-27,2019062701007523,NIB,57,44,100,527.00,"52,700.00"
2019-06-27,2019062701007203,NIBLPF,51,42,"2,000",7.10,"14,200.00"
2019-06-27,2019062701007327,NICA,6,28,22,463.00,"10,186.00"
2019-06-27,2019062701007300,NICA,45,6,100,462.00,"46,200.00"
2019-06-27,2019062701007274,NICA,54,28,878,463.00,"406,514.00"
2019-06-27,2019062701007639,NICL,42,37,30,356.00,"10,680.00"
2019-06-27,2019062701007565,NICL,43,37,10,356.00,"3,560.00"
2019-06-27,2019062701007406,NICL,29,44,241,355.00,"85,555.00"
2019-06-27,2019062701007376,NICL,29,42,60,355.00,"21,300.00"
2019-06-27,2019062701007375,NICL,29,52,230,355.00,"81,650.00"
2019-06-27,2019062701007354,NICL,49,44,300,354.00,"106,200.00"
2019-06-27,2019062701007258,NICL,57,52,200,355.00,"71,000.00"
2019-06-27,2019062701007232,NICL,57,52,100,355.00,"35,500.00"
2019-06-27,2019062701007392,NIL,34,44,440,469.00,"206,360.00"
2019-06-27,2019062701007391,NIL,34,44,60,469.00,"28,140.00"
2019-06-27,2019062701007355,NIL,45,33,66,466.00,"30,756.00"
2019-06-27,2019062701007180,NIL,45,48,145,466.00,"67,570.00"
2019-06-27,2019062701007179,NIL,25,48,150,466.00,"69,900.00"
2019-06-27,2019062701007178,NIL,58,48,20,466.00,"9,320.00"
2019-06-27,2019062701007519,NLBBL,43,6,40,481.00,"19,240.00"
2019-06-27,2019062701007480,NLBBL,25,6,50,482.00,"24,100.00"
2019-06-27,2019062701007479,NLBBL,19,6,200,482.00,"96,400.00"
2019-06-27,2019062701007478,NLBBL,51,6,30,483.00,"14,490.00"
2019-06-27,2019062701007647,NLIC,21,6,40,887.00,"35,480.00"
2019-06-27,2019062701007646,NLIC,34,6,50,887.00,"44,350.00"
2019-06-27,2019062701007645,NLIC,8,6,14,887.00,"12,418.00"
2019-06-27,2019062701007509,NLIC,8,13,86,887.00,"76,282.00"
2019-06-27,2019062701007508,NLIC,8,13,463,887.00,"410,681.00"
2019-06-27,2019062701007507,NLIC,59,13,100,888.00,"88,800.00"
2019-06-27,2019062701007261,NLIC,1,41,11,888.00,"9,768.00"
2019-06-27,2019062701007260,NLIC,1,36,40,888.00,"35,520.00"
2019-06-27,2019062701007259,NLIC,19,36,10,889.00,"8,890.00"
2019-06-27,2019062701007506,NLIC,59,13,100,888.00,"88,800.00"
2019-06-27,2019062701007505,NLIC,35,13,30,888.00,"26,640.00"
2019-06-27,2019062701007504,NLIC,16,13,50,888.00,"44,400.00"
2019-06-27,2019062701007503,NLIC,41,13,33,888.00,"29,304.00"
2019-06-27,2019062701007502,NLIC,1,13,100,888.00,"88,800.00"
2019-06-27,2019062701007501,NLIC,1,13,38,888.00,"33,744.00"
2019-06-27,2019062701007457,NLICL,47,41,66,599.00,"39,534.00"
2019-06-27,2019062701007456,NLICL,6,41,34,599.00,"20,366.00"
2019-06-27,2019062701007455,NLICL,5,41,100,599.00,"59,900.00"
2019-06-27,2019062701007522,NMFBS,33,39,29,"1,460.00","42,340.00"
2019-06-27,2019062701007521,NMFBS,33,59,29,"1,440.00","41,760.00"
2019-06-27,2019062701007482,NMFBS,33,47,10,"1,439.00","14,390.00"
2019-06-27,2019062701007446,NMFBS,33,33,108,"1,421.00","153,468.00"
2019-06-27,2019062701007516,NTC,43,52,10,703.00,"7,030.00"
2019-06-27,2019062701007243,OHL,42,59,20,636.00,"12,720.00"
2019-06-27,2019062701007224,OHL,42,21,30,632.00,"18,960.00"
2019-06-27,2019062701007211,OHL,42,16,50,626.00,"31,300.00"
2019-06-27,2019062701007192,OHL,42,48,10,623.00,"6,230.00"
2019-06-27,2019062701007633,PCBL,35,58,99,284.00,"28,116.00"
2019-06-27,2019062701007632,PCBL,55,58,"1,000",284.00,"284,000.00"
2019-06-27,2019062701007631,PCBL,21,58,500,284.00,"142,000.00"
2019-06-27,2019062701007630,PCBL,4,58,50,284.00,"14,200.00"
2019-06-27,2019062701007629,PCBL,6,58,200,284.00,"56,800.00"
2019-06-27,2019062701007628,PCBL,19,58,151,284.00,"42,884.00"
2019-06-27,2019062701007618,PCBL,19,6,149,284.00,"42,316.00"
2019-06-27,2019062701007617,PCBL,43,6,102,284.00,"28,968.00"
2019-06-27,2019062701007171,PCBL,55,6,93,286.00,"26,598.00"
2019-06-27,2019062701007550,PIC,11,5,58,980.00,"56,840.00"
2019-06-27,2019062701007549,PIC,35,5,11,980.00,"10,780.00"
2019-06-27,2019062701007548,PIC,22,5,50,980.00,"49,000.00"
2019-06-27,2019062701007547,PIC,19,5,50,980.00,"49,000.00"
2019-06-27,2019062701007546,PIC,38,5,10,980.00,"9,800.00"
2019-06-27,2019062701007545,PIC,17,5,10,980.00,"9,800.00"
2019-06-27,2019062701007177,PIC,40,5,20,982.00,"19,640.00"
2019-06-27,2019062701007176,PIC,22,5,80,982.00,"78,560.00"
2019-06-27,2019062701007163,PIC,22,11,20,982.00,"19,640.00"
2019-06-27,2019062701007162,PIC,8,11,20,982.00,"19,640.00"
2019-06-27,2019062701007161,PIC,19,11,10,983.00,"9,830.00"
2019-06-27,2019062701007544,PIC,45,5,10,980.00,"9,800.00"
2019-06-27,2019062701007543,PIC,39,5,30,982.00,"29,460.00"
2019-06-27,2019062701007542,PIC,45,5,36,983.00,"35,388.00"
2019-06-27,2019062701007489,PIC,10,33,200,984.00,"196,800.00"
2019-06-27,2019062701007379,PIC,45,32,20,983.00,"19,660.00"
2019-06-27,2019062701007378,PIC,45,39,44,983.00,"43,252.00"
2019-06-27,2019062701007225,PICL,56,43,30,563.00,"16,890.00"
2019-06-27,2019062701007524,PLIC,14,45,190,427.00,"81,130.00"
2019-06-27,2019062701007359,PLIC,51,58,50,424.00,"21,200.00"
2019-06-27,2019062701007358,PLIC,51,58,200,424.00,"84,800.00"
2019-06-27,2019062701007357,PLIC,45,58,100,425.00,"42,500.00"
2019-06-27,2019062701007356,PLIC,37,58,150,425.00,"63,750.00"
2019-06-27,2019062701007401,PMHPL,29,11,10,106.00,"1,060.00"
2019-06-27,2019062701007363,PMHPL,29,11,10,106.00,"1,060.00"
2019-06-27,2019062701007320,PMHPL,29,11,10,106.00,"1,060.00"
2019-06-27,2019062701007262,PMHPL,43,11,10,106.00,"1,060.00"
2019-06-27,2019062701007481,PPCL,19,53,10,141.00,"1,410.00"
2019-06-27,2019062701007413,PPCL,42,6,30,139.00,"4,170.00"
2019-06-27,2019062701007412,PPCL,16,6,"1,000",139.00,"139,000.00"
2019-06-27,2019062701007411,PPCL,36,6,500,139.00,"69,500.00"
2019-06-27,2019062701007410,PPCL,56,6,250,139.00,"34,750.00"
2019-06-27,2019062701007409,PPCL,1,6,120,139.00,"16,680.00"
2019-06-27,2019062701007408,PPCL,34,6,100,140.00,"14,000.00"
2019-06-27,2019062701007335,PPCL,1,49,30,139.00,"4,170.00"
2019-06-27,2019062701007168,PPCL,1,45,20,139.00,"2,780.00"
2019-06-27,2019062701007596,PRIN,42,50,150,375.00,"56,250.00"
2019-06-27,2019062701007328,PRIN,54,50,250,375.00,"93,750.00"
2019-06-27,2019062701007296,PRVU,45,7,100,269.00,"26,900.00"
2019-06-27,2019062701007193,PRVU,40,45,19,268.00,"5,092.00"
2019-06-27,2019062701007625,RBCL,35,35,55,"9,125.00","501,875.00"
2019-06-27,2019062701007415,RMDC,51,52,52,650.00,"33,800.00"
2019-06-27,2019062701007275,RMDC,51,41,19,650.00,"12,350.00"
2019-06-27,2019062701007424,RRHP,22,1,10,115.00,"1,150.00"
2019-06-27,2019062701007423,RRHP,22,22,215,114.00,"24,510.00"
2019-06-27,2019062701007422,RRHP,22,35,10,114.00,"1,140.00"
2019-06-27,2019062701007421,RRHP,22,7,10,114.00,"1,140.00"
2019-06-27,2019062701007420,RRHP,22,36,10,114.00,"1,140.00"
2019-06-27,2019062701007398,RRHP,22,13,10,113.00,"1,130.00"
2019-06-27,2019062701007397,RRHP,22,13,10,113.00,"1,130.00"
2019-06-27,2019062701007638,SANIMA,58,20,"1,000",350.00,"350,000.00"
2019-06-27,2019062701007637,SANIMA,58,39,300,350.00,"105,000.00"
2019-06-27,2019062701007588,SANIMA,14,20,"1,000",350.00,"350,000.00"
2019-06-27,2019062701007475,SANIMA,58,19,390,350.00,"136,500.00"
2019-06-27,2019062701007367,SANIMA,43,19,10,350.00,"3,500.00"
2019-06-27,2019062701007311,SANIMA,25,6,250,349.00,"87,250.00"
2019-06-27,2019062701007294,SANIMA,56,35,50,350.00,"17,500.00"
2019-06-27,2019062701007293,SANIMA,56,49,30,350.00,"10,500.00"
2019-06-27,2019062701007292,SANIMA,56,20,"1,000",350.00,"350,000.00"
2019-06-27,2019062701007291,SANIMA,56,51,300,350.00,"105,000.00"
2019-06-27,2019062701007272,SANIMA,25,47,156,349.00,"54,444.00"
2019-06-27,2019062701007653,SBL,25,39,300,322.00,"96,600.00"
2019-06-27,2019062701007566,SBL,18,57,"1,500",322.00,"483,000.00"
2019-06-27,2019062701007289,SBL,52,52,6,316.00,"1,896.00"
2019-06-27,2019062701007160,SBL,40,38,"1,000",322.00,"322,000.00"
2019-06-27,2019062701007510,SHIVM,25,1,200,644.00,"128,800.00"
2019-06-27,2019062701007454,SHIVM,7,6,60,645.00,"38,700.00"
2019-06-27,2019062701007438,SHIVM,6,6,50,645.00,"32,250.00"
2019-06-27,2019062701007435,SHIVM,6,36,50,645.00,"32,250.00"
2019-06-27,2019062701007434,SHIVM,48,36,"1,000",645.00,"645,000.00"
2019-06-27,2019062701007323,SHIVM,22,43,50,647.00,"32,350.00"
2019-06-27,2019062701007322,SHIVM,35,43,20,647.00,"12,940.00"
2019-06-27,2019062701007240,SHIVM,7,52,50,648.00,"32,400.00"
2019-06-27,2019062701007208,SHIVM,17,52,50,648.00,"32,400.00"
2019-06-27,2019062701007361,SHIVM,29,6,430,645.00,"277,350.00"
2019-06-27,2019062701007360,SHIVM,19,6,100,645.00,"64,500.00"
2019-06-27,2019062701007353,SHIVM,7,43,10,646.00,"6,460.00"
2019-06-27,2019062701007326,SHIVM,40,43,200,646.00,"129,200.00"
2019-06-27,2019062701007325,SHIVM,5,43,200,646.00,"129,200.00"
2019-06-27,2019062701007324,SHIVM,46,43,150,646.00,"96,900.00"
2019-06-27,2019062701007427,SHIVM,41,36,30,645.00,"19,350.00"
2019-06-27,2019062701007426,SHIVM,43,36,10,645.00,"6,450.00"
2019-06-27,2019062701007405,SHIVM,43,6,70,645.00,"45,150.00"
2019-06-27,2019062701007387,SHIVM,43,6,20,645.00,"12,900.00"
2019-06-27,2019062701007386,SHIVM,29,6,70,645.00,"45,150.00"
2019-06-27,2019062701007433,SHIVM,1,36,100,645.00,"64,500.00"
2019-06-27,2019062701007432,SHIVM,38,36,50,645.00,"32,250.00"
2019-06-27,2019062701007431,SHIVM,45,36,50,645.00,"32,250.00"
2019-06-27,2019062701007430,SHIVM,1,36,50,645.00,"32,250.00"
2019-06-27,2019062701007429,SHIVM,41,36,30,645.00,"19,350.00"
2019-06-27,2019062701007428,SHIVM,41,36,30,645.00,"19,350.00"
2019-06-27,2019062701007644,SHPC,11,41,205,247.00,"50,635.00"
2019-06-27,2019062701007643,SHPC,20,41,10,247.00,"2,470.00"
2019-06-27,2019062701007642,SHPC,37,41,500,247.00,"123,500.00"
2019-06-27,2019062701007641,SHPC,45,41,200,247.00,"49,400.00"
2019-06-27,2019062701007640,SHPC,56,41,85,247.00,"20,995.00"
2019-06-27,2019062701007488,SHPC,56,52,415,247.00,"102,505.00"
2019-06-27,2019062701007487,SHPC,37,52,300,247.00,"74,100.00"
2019-06-27,2019062701007389,SHPC,25,41,200,248.00,"49,600.00"
2019-06-27,2019062701007388,SHPC,49,41,13,248.00,"3,224.00"
2019-06-27,2019062701007214,SHPC,19,52,197,249.00,"49,053.00"
2019-06-27,2019062701007404,SIFC,35,48,400,155.00,"62,000.00"
2019-06-27,2019062701007560,SIL,25,22,11,438.00,"4,818.00"
2019-06-27,2019062701007417,SIL,52,40,100,430.00,"43,000.00"
2019-06-27,2019062701007394,SIL,44,13,221,432.00,"95,472.00"
2019-06-27,2019062701007306,SIL,37,39,200,431.00,"86,200.00"
2019-06-27,2019062701007231,SIL,34,13,100,432.00,"43,200.00"
2019-06-27,2019062701007462,SKBBL,6,14,200,947.00,"189,400.00"
2019-06-27,2019062701007461,SKBBL,6,25,25,947.00,"23,675.00"
2019-06-27,2019062701007460,SKBBL,6,58,50,945.00,"47,250.00"
2019-06-27,2019062701007459,SKBBL,6,14,75,944.00,"70,800.00"
2019-06-27,2019062701007483,SLBBL,56,7,10,420.00,"4,200.00"
2019-06-27,2019062701007624,SLBS,56,35,10,710.00,"7,100.00"
2019-06-27,2019062701007613,SLICL,57,58,791,450.00,"355,950.00"
2019-06-27,2019062701007612,SLICL,55,58,500,450.00,"225,000.00"
2019-06-27,2019062701007611,SLICL,1,58,100,451.00,"45,100.00"
2019-06-27,2019062701007610,SLICL,26,58,200,451.00,"90,200.00"
2019-06-27,2019062701007609,SLICL,40,58,400,451.00,"180,400.00"
2019-06-27,2019062701007608,SLICL,5,58,200,451.00,"90,200.00"
2019-06-27,2019062701007228,SLICL,52,58,50,457.00,"22,850.00"
2019-06-27,2019062701007209,SLICL,34,45,18,456.00,"8,208.00"
2019-06-27,2019062701007607,SLICL,52,58,500,452.00,"226,000.00"
2019-06-27,2019062701007606,SLICL,52,58,370,452.00,"167,240.00"
2019-06-27,2019062701007605,SLICL,35,58,100,453.00,"45,300.00"
2019-06-27,2019062701007440,SLICL,52,59,130,452.00,"58,760.00"
2019-06-27,2019062701007439,SLICL,29,59,20,454.00,"9,080.00"
2019-06-27,2019062701007269,SLICL,22,59,100,455.00,"45,500.00"
2019-06-27,2019062701007531,SMATA,48,32,19,"1,140.00","21,660.00"
2019-06-27,2019062701007567,SMB,56,10,10,412.00,"4,120.00"
2019-06-27,2019062701007622,SRBL,28,28,329,252.00,"82,908.00"
2019-06-27,2019062701007242,SWBBL,42,14,40,907.00,"36,280.00"
2019-06-27,2019062701007241,SWBBL,22,14,10,907.00,"9,070.00"
2019-06-27,2019062701007485,TRH,38,3,10,309.00,"3,090.00"
2019-06-27,2019062701007399,TRH,14,57,10,310.00,"3,100.00"
2019-06-27,2019062701007222,UIC,48,49,140,887.00,"124,180.00"
2019-06-27,2019062701007221,UIC,5,49,100,887.00,"88,700.00"
2019-06-27,2019062701007581,UPCL,22,14,200,92.00,"18,400.00"
2019-06-27,2019062701007580,UPCL,22,47,40,92.00,"3,680.00"
2019-06-27,2019062701007579,UPCL,22,13,500,92.00,"46,000.00"
2019-06-27,2019062701007472,UPPER,1,45,500,267.00,"133,500.00"
2019-06-27,2019062701007471,UPPER,45,45,10,267.00,"2,670.00"
2019-06-27,2019062701007470,UPPER,40,45,400,267.00,"106,800.00"
2019-06-27,2019062701007468,UPPER,40,25,500,267.00,"133,500.00"
2019-06-27,2019062701007227,UPPER,40,33,100,267.00,"26,700.00"
2019-06-27,2019062701007226,UPPER,36,33,100,267.00,"26,700.00"
2019-06-27,2019062701007181,UPPER,36,14,40,267.00,"10,680.00"
2019-06-27,2019062701007169,UPPER,36,58,40,267.00,"10,680.00"
2019-06-27,2019062701007619,VLBS,22,22,89,482.00,"42,898.00"
2019-06-27,2019062701007414,VLBS,22,43,22,480.00,"10,560.00"
2019-06-27,2019062701006962,ADBL,54,45,600,412.00,"247,200.00"
2019-06-27,2019062701006890,ADBL,39,52,350,412.00,"144,200.00"
2019-06-27,2019062701006848,ADBL,35,52,500,412.00,"206,000.00"
2019-06-27,2019062701006847,ADBL,6,52,350,412.00,"144,200.00"
2019-06-27,2019062701006802,ADBL,6,58,200,412.00,"82,400.00"
2019-06-27,2019062701006771,ADBL,6,57,100,412.00,"41,200.00"
2019-06-27,2019062701006710,ADBL,6,38,500,412.00,"206,000.00"
2019-06-27,2019062701006926,AKJCL,37,39,10,73.00,730.00
2019-06-27,2019062701006796,AKJCL,37,39,10,73.00,730.00
2019-06-27,2019062701006756,AKJCL,32,39,20,72.00,"1,440.00"
2019-06-27,2019062701006736,AKJCL,32,39,10,72.00,720.00
2019-06-27,2019062701006709,AKJCL,32,39,20,72.00,"1,440.00"
2019-06-27,2019062701006731,AKPL,54,22,13,183.00,"2,379.00"
2019-06-27,2019062701006929,ALBSL,26,42,10,400.00,"4,000.00"
2019-06-27,2019062701006728,ALBSL,26,58,10,400.00,"4,000.00"
2019-06-27,2019062701006711,ALBSL,26,17,10,400.00,"4,000.00"
2019-06-27,2019062701006679,ALBSL,26,17,10,400.00,"4,000.00"
2019-06-27,2019062701007084,ALICL,14,35,50,391.00,"19,550.00"
2019-06-27,2019062701007102,API,25,37,13,145.00,"1,885.00"
2019-06-27,2019062701007101,API,25,42,90,144.00,"12,960.00"
2019-06-27,2019062701007100,API,25,42,210,144.00,"30,240.00"
2019-06-27,2019062701007080,API,38,25,296,143.00,"42,328.00"
2019-06-27,2019062701006989,API,38,41,"1,229",143.00,"175,747.00"
2019-06-27,2019062701006988,API,40,41,200,143.00,"28,600.00"
2019-06-27,2019062701006987,API,32,41,96,143.00,"13,728.00"
2019-06-27,2019062701007059,BOKL,26,54,316,264.00,"83,424.00"
2019-06-27,2019062701006852,BOKL,40,37,200,265.00,"53,000.00"
2019-06-27,2019062701006834,BOKL,49,49,500,264.00,"132,000.00"
2019-06-27,2019062701006833,BOKL,33,49,960,264.00,"253,440.00"
2019-06-27,2019062701006832,BOKL,57,49,200,264.00,"52,800.00"
2019-06-27,2019062701006831,BOKL,7,49,875,264.00,"231,000.00"
2019-06-27,2019062701006830,BOKL,7,49,135,264.00,"35,640.00"
2019-06-27,2019062701006829,BOKL,25,49,200,264.00,"52,800.00"
2019-06-27,2019062701006828,BOKL,6,49,10,264.00,"2,640.00"
2019-06-27,2019062701006853,BPCL,38,21,243,400.00,"97,200.00"
2019-06-27,2019062701006806,BPCL,52,39,11,399.00,"4,389.00"
2019-06-27,2019062701006767,BPCL,52,39,11,399.00,"4,389.00"
2019-06-27,2019062701006668,BPCL,38,21,50,400.00,"20,000.00"
2019-06-27,2019062701006667,BPCL,37,21,100,400.00,"40,000.00"
2019-06-27,2019062701006666,BPCL,38,21,500,400.00,"200,000.00"
2019-06-27,2019062701006665,BPCL,29,21,50,400.00,"20,000.00"
2019-06-27,2019062701006664,BPCL,34,21,200,400.00,"80,000.00"
2019-06-27,2019062701006663,BPCL,45,21,20,400.00,"8,000.00"
2019-06-27,2019062701006662,BPCL,47,21,100,400.00,"40,000.00"
2019-06-27,2019062701006661,BPCL,50,21,200,400.00,"80,000.00"
2019-06-27,2019062701006660,BPCL,37,21,20,401.00,"8,020.00"
2019-06-27,2019062701007137,CBBL,35,45,19,935.00,"17,765.00"
2019-06-27,2019062701007129,CBL,26,41,36,145.00,"5,220.00"
2019-06-27,2019062701007128,CBL,28,41,"2,005",145.00,"290,725.00"
2019-06-27,2019062701007077,CBL,28,46,182,145.00,"26,390.00"
2019-06-27,2019062701007007,CBL,28,28,"2,000",145.00,"290,000.00"
2019-06-27,2019062701006990,CBL,11,49,200,146.00,"29,200.00"
2019-06-27,2019062701007146,CCBL,55,41,78,167.00,"13,026.00"
2019-06-27,2019062701006928,CCBL,55,47,66,167.00,"11,022.00"
2019-06-27,2019062701006779,CCBL,28,29,800,166.00,"132,800.00"
2019-06-27,2019062701006778,CCBL,59,29,"1,000",166.00,"166,000.00"
2019-06-27,2019062701006777,CCBL,40,29,200,166.00,"33,200.00"
2019-06-27,2019062701007095,CHCL,28,44,487,509.00,"247,883.00"
2019-06-27,2019062701007094,CHCL,42,44,100,509.00,"50,900.00"
2019-06-27,2019062701007081,CHCL,45,54,64,510.00,"32,640.00"
2019-06-27,2019062701006866,CHCL,45,37,"1,000",510.00,"510,000.00"
2019-06-27,2019062701006814,CHCL,45,14,13,510.00,"6,630.00"
2019-06-27,2019062701007010,CHL,56,45,10,92.00,920.00
2019-06-27,2019062701007031,CZBIL,34,7,200,221.00,"44,200.00"
2019-06-27,2019062701006963,CZBIL,34,45,300,221.00,"66,300.00"
2019-06-27,2019062701007149,EBL,6,39,460,664.00,"305,440.00"
2019-06-27,2019062701007148,EBL,6,39,480,664.00,"318,720.00"
2019-06-27,2019062701007147,EBL,20,39,60,665.00,"39,900.00"
2019-06-27,2019062701007089,EBL,20,19,40,665.00,"26,600.00"
2019-06-27,2019062701006734,EDBL,56,14,150,285.00,"42,750.00"
2019-06-27,2019062701006733,EDBL,39,14,50,285.00,"14,250.00"
2019-06-27,2019062701006732,EDBL,35,14,100,287.00,"28,700.00"
2019-06-27,2019062701007134,FMDBL,42,57,387,384.00,"148,608.00"
2019-06-27,2019062701007133,FMDBL,57,57,25,384.00,"9,600.00"
2019-06-27,2019062701007132,FMDBL,50,57,50,384.00,"19,200.00"
2019-06-27,2019062701007131,FMDBL,17,57,50,384.00,"19,200.00"
2019-06-27,2019062701007091,GBIME,58,59,500,304.00,"152,000.00"
2019-06-27,2019062701006991,GBIME,58,50,100,304.00,"30,400.00"
2019-06-27,2019062701006974,GBIME,58,35,270,304.00,"82,080.00"
2019-06-27,2019062701006881,GBIME,58,38,40,304.00,"12,160.00"
2019-06-27,2019062701006836,GBIME,56,37,400,305.00,"122,000.00"
2019-06-27,2019062701007121,GBLBS,57,14,10,352.00,"3,520.00"
2019-06-27,2019062701006982,GDBL,34,19,500,210.00,"105,000.00"
2019-06-27,2019062701007155,GILB,58,45,56,"1,220.00","68,320.00"
2019-06-27,2019062701007052,GILB,58,21,200,"1,210.00","242,000.00"
2019-06-27,2019062701006748,GILB,36,4,34,"1,234.00","41,956.00"
2019-06-27,2019062701007130,GLBSL,14,10,10,399.00,"3,990.00"
2019-06-27,2019062701007107,GLBSL,14,10,10,399.00,"3,990.00"
2019-06-27,2019062701007097,GLBSL,36,55,10,400.00,"4,000.00"
2019-06-27,2019062701007079,GLBSL,36,10,10,400.00,"4,000.00"
2019-06-27,2019062701007068,GLBSL,36,55,10,400.00,"4,000.00"
2019-06-27,2019062701007054,GLBSL,36,10,10,400.00,"4,000.00"
2019-06-27,2019062701006900,GLBSL,36,38,50,400.00,"20,000.00"
2019-06-27,2019062701006899,GLBSL,36,47,10,399.00,"3,990.00"
2019-06-27,2019062701006804,GLBSL,56,59,10,398.00,"3,980.00"
2019-06-27,2019062701006794,GLBSL,56,59,10,398.00,"3,980.00"
2019-06-27,2019062701006783,GLBSL,47,11,10,399.00,"3,990.00"
2019-06-27,2019062701006738,GLBSL,47,17,10,399.00,"3,990.00"
2019-06-27,2019062701007158,GLICL,25,48,105,477.00,"50,085.00"
2019-06-27,2019062701007157,GLICL,13,48,153,477.00,"72,981.00"
2019-06-27,2019062701006921,GMFBS,41,58,10,435.00,"4,350.00"
2019-06-27,2019062701006898,GMFBS,28,42,100,438.00,"43,800.00"
2019-06-27,2019062701006897,GMFBS,28,1,10,438.00,"4,380.00"
2019-06-27,2019062701006896,GMFBS,28,29,10,438.00,"4,380.00"
2019-06-27,2019062701006895,GMFBS,28,22,10,438.00,"4,380.00"
2019-06-27,2019062701006877,GMFBS,41,11,10,435.00,"4,350.00"
2019-06-27,2019062701006735,GMFBS,39,39,10,436.00,"4,360.00"
2019-06-27,2019062701006850,GMFBS,41,10,10,435.00,"4,350.00"
2019-06-27,2019062701006805,GMFBS,41,10,10,435.00,"4,350.00"
2019-06-27,2019062701006798,GMFBS,39,39,10,436.00,"4,360.00"
2019-06-27,2019062701006787,GMFBS,41,10,10,435.00,"4,350.00"
2019-06-27,2019062701006774,GMFBS,21,58,290,437.00,"126,730.00"
2019-06-27,2019062701006765,GMFBS,41,10,10,435.00,"4,350.00"
2019-06-27,2019062701007098,HBL,58,58,"2,000",553.00,"1,106,000.00"
2019-06-27,2019062701006964,HBL,49,58,490,552.00,"270,480.00"
2019-06-27,2019062701006763,HBL,49,11,347,552.00,"191,544.00"
2019-06-27,2019062701006762,HBL,41,11,100,552.00,"55,200.00"
2019-06-27,2019062701006761,HBL,26,11,45,552.00,"24,840.00"
2019-06-27,2019062701007145,HDL,58,25,275,"1,724.00","474,100.00"
2019-06-27,2019062701007144,HDL,58,22,15,"1,724.00","25,860.00"
2019-06-27,2019062701007143,HDL,58,36,20,"1,723.00","34,460.00"
2019-06-27,2019062701007142,HDL,58,49,90,"1,722.00","154,980.00"
2019-06-27,2019062701007141,HDL,58,52,100,"1,721.00","172,100.00"
2019-06-27,2019062701007106,HDL,58,49,210,"1,722.00","361,620.00"
2019-06-27,2019062701007105,HDL,58,33,100,"1,721.00","172,100.00"
2019-06-27,2019062701007104,HDL,58,22,40,"1,720.00","68,800.00"
2019-06-27,2019062701007103,HDL,58,33,150,"1,720.00","258,000.00"
2019-06-27,2019062701007111,HGI,43,48,29,358.00,"10,382.00"
2019-06-27,2019062701007110,HGI,40,48,100,358.00,"35,800.00"
2019-06-27,2019062701007109,HGI,45,48,70,358.00,"25,060.00"
2019-06-27,2019062701007108,HGI,45,48,10,359.00,"3,590.00"
2019-06-27,2019062701007096,HGI,35,50,20,360.00,"7,200.00"
2019-06-27,2019062701006969,HGI,40,50,50,360.00,"18,000.00"
2019-06-27,2019062701006968,HGI,11,50,40,361.00,"14,440.00"
2019-06-27,2019062701006967,HGI,17,50,16,365.00,"5,840.00"
2019-06-27,2019062701007046,HIDCL,36,50,"1,681",161.00,"270,641.00"
2019-06-27,2019062701007115,HURJA,45,58,20,143.00,"2,860.00"
2019-06-27,2019062701007114,HURJA,45,45,20,143.00,"2,860.00"
2019-06-27,2019062701007085,HURJA,45,58,20,143.00,"2,860.00"
2019-06-27,2019062701007047,HURJA,45,58,20,143.00,"2,860.00"
2019-06-27,2019062701006959,HURJA,45,58,20,143.00,"2,860.00"
2019-06-27,2019062701006891,HURJA,45,58,10,143.00,"1,430.00"
2019-06-27,2019062701006737,HURJA,45,58,10,143.00,"1,430.00"
2019-06-27,2019062701007022,ICFC,46,45,466,161.00,"75,026.00"
2019-06-27,2019062701006856,JBBL,56,38,199,155.00,"30,845.00"
2019-06-27,2019062701006855,JBBL,1,38,197,155.00,"30,535.00"
2019-06-27,2019062701006768,JBNL,38,1,100,208.00,"20,800.00"
2019-06-27,2019062701007029,KBBL,49,33,500,233.00,"116,500.00"
2019-06-27,2019062701007016,KBBL,49,58,570,233.00,"132,810.00"
2019-06-27,2019062701006956,KBBL,49,45,350,233.00,"81,550.00"
2019-06-27,2019062701006955,KBBL,17,45,100,233.00,"23,300.00"
2019-06-27,2019062701006997,KBL,38,45,416,212.00,"88,192.00"
2019-06-27,2019062701006980,KBL,49,45,34,212.00,"7,208.00"
2019-06-27,2019062701006927,KBL,49,29,100,212.00,"21,200.00"
2019-06-27,2019062701006901,KBL,49,38,20,212.00,"4,240.00"
2019-06-27,2019062701006893,KBL,49,56,346,212.00,"73,352.00"
2019-06-27,2019062701006892,KBL,14,56,54,212.00,"11,448.00"
2019-06-27,2019062701006849,KKHC,42,39,10,70.00,700.00
2019-06-27,2019062701006965,KPCL,39,39,10,93.00,930.00
2019-06-27,2019062701006860,KPCL,39,39,10,93.00,930.00
2019-06-27,2019062701006772,KPCL,39,39,10,93.00,930.00
2019-06-27,2019062701006747,KPCL,39,39,10,93.00,930.00
2019-06-27,2019062701006799,KSBBL,44,33,"1,000",155.00,"155,000.00"
2019-06-27,2019062701006757,KSBBL,36,43,120,157.00,"18,840.00"
2019-06-27,2019062701006953,LBBL,57,19,58,195.00,"11,310.00"
2019-06-27,2019062701006952,LBBL,57,19,200,195.00,"39,000.00"
2019-06-27,2019062701006951,LBBL,49,19,100,195.00,"19,500.00"
2019-06-27,2019062701006950,LBBL,42,19,20,195.00,"3,900.00"
2019-06-27,2019062701006949,LBBL,33,19,437,195.00,"85,215.00"
2019-06-27,2019062701007087,LBL,18,28,500,222.00,"111,000.00"
2019-06-27,2019062701007086,LBL,18,8,500,222.00,"111,000.00"
2019-06-27,2019062701007038,LBL,46,47,783,221.00,"173,043.00"
2019-06-27,2019062701006918,LBL,46,46,734,221.00,"162,214.00"
2019-06-27,2019062701006917,LBL,59,46,50,221.00,"11,050.00"
2019-06-27,2019062701006916,LBL,52,46,100,221.00,"22,100.00"
2019-06-27,2019062701006793,LGIL,14,45,260,428.00,"111,280.00"
2019-06-27,2019062701006724,LGIL,14,34,240,428.00,"102,720.00"
2019-06-27,2019062701006723,LGIL,25,34,500,429.00,"214,500.00"
2019-06-27,2019062701006722,LGIL,43,34,100,429.00,"42,900.00"
2019-06-27,2019062701006721,LGIL,43,34,100,429.00,"42,900.00"
2019-06-27,2019062701006720,LGIL,13,34,120,429.00,"51,480.00"
2019-06-27,2019062701006719,LGIL,52,34,200,430.00,"86,000.00"
2019-06-27,2019062701006718,LGIL,41,34,100,430.00,"43,000.00"
2019-06-27,2019062701006717,LGIL,40,34,100,430.00,"43,000.00"
2019-06-27,2019062701006716,LGIL,35,34,40,430.00,"17,200.00"
2019-06-27,2019062701007011,MBL,43,32,147,266.00,"39,102.00"
2019-06-27,2019062701006889,MBL,43,21,50,266.00,"13,300.00"
2019-06-27,2019062701006859,MDB,38,19,75,246.00,"18,450.00"
2019-06-27,2019062701006957,MEGA,41,49,500,200.00,"100,000.00"
2019-06-27,2019062701006759,MEGA,41,58,472,200.00,"94,400.00"
2019-06-27,2019062701006758,MEGA,35,58,28,200.00,"5,600.00"
2019-06-27,2019062701007018,MERO,56,56,"1,000",523.00,"523,000.00"
2019-06-27,2019062701006992,MERO,26,55,50,522.00,"26,100.00"
2019-06-27,2019062701006878,MERO,26,58,50,522.00,"26,100.00"
2019-06-27,2019062701006862,MFIL,28,21,32,128.00,"4,096.00"
2019-06-27,2019062701007078,MLBBL,56,3,10,421.00,"4,210.00"
2019-06-27,2019062701006902,MLBBL,10,39,10,421.00,"4,210.00"
2019-06-27,2019062701006958,MNBBL,49,19,68,369.00,"25,092.00"
2019-06-27,2019062701006773,MNBBL,49,45,115,369.00,"42,435.00"
2019-06-27,2019062701007140,NABIL,5,45,19,799.00,"15,181.00"
2019-06-27,2019062701007053,NABIL,20,14,100,800.00,"80,000.00"
2019-06-27,2019062701006876,NABIL,45,14,20,800.00,"16,000.00"
2019-06-27,2019062701006684,NABIL,58,14,40,800.00,"32,000.00"
2019-06-27,2019062701006683,NABIL,5,14,500,800.00,"400,000.00"
2019-06-27,2019062701006682,NABIL,5,14,296,800.00,"236,800.00"
2019-06-27,2019062701006681,NABIL,51,42,50,801.00,"40,050.00"
2019-06-27,2019062701007118,NAGRO,38,44,10,500.00,"5,000.00"
2019-06-27,2019062701007117,NAGRO,38,34,10,500.00,"5,000.00"
2019-06-27,2019062701007012,NAGRO,3,1,10,499.00,"4,990.00"
2019-06-27,2019062701006993,NAGRO,26,5,10,500.00,"5,000.00"
2019-06-27,2019062701006985,NAGRO,26,1,10,500.00,"5,000.00"
2019-06-27,2019062701006894,NAGRO,26,19,10,500.00,"5,000.00"
2019-06-27,2019062701006680,NAGRO,26,44,10,500.00,"5,000.00"
2019-06-27,2019062701006775,NAGRO,26,57,10,500.00,"5,000.00"
2019-06-27,2019062701006770,NAGRO,26,34,10,500.00,"5,000.00"
2019-06-27,2019062701006766,NAGRO,26,44,10,500.00,"5,000.00"
2019-06-27,2019062701006755,NAGRO,26,44,10,500.00,"5,000.00"
2019-06-27,2019062701006730,NAGRO,26,39,10,500.00,"5,000.00"
2019-06-27,2019062701006729,NAGRO,26,44,10,500.00,"5,000.00"
2019-06-27,2019062701006879,NAGRO,26,44,10,500.00,"5,000.00"
2019-06-27,2019062701006875,NAGRO,26,45,10,500.00,"5,000.00"
2019-06-27,2019062701006815,NAGRO,26,44,10,500.00,"5,000.00"
2019-06-27,2019062701006797,NAGRO,26,22,10,500.00,"5,000.00"
2019-06-27,2019062701006795,NAGRO,26,44,10,500.00,"5,000.00"
2019-06-27,2019062701006780,NAGRO,26,44,10,500.00,"5,000.00"
2019-06-27,2019062701007135,NBB,57,22,100,222.00,"22,200.00"
2019-06-27,2019062701006685,NBB,58,11,"1,000",222.00,"222,000.00"
2019-06-27,2019062701007138,NBL,47,21,200,335.00,"67,000.00"
2019-06-27,2019062701007112,NBL,47,40,500,335.00,"167,500.00"
2019-06-27,2019062701007049,NBL,43,49,"2,800",335.00,"938,000.00"
2019-06-27,2019062701007048,NBL,43,42,200,335.00,"67,000.00"
2019-06-27,2019062701007035,NBL,47,42,400,335.00,"134,000.00"
2019-06-27,2019062701007034,NBL,32,42,"1,000",335.00,"335,000.00"
2019-06-27,2019062701006712,NBL,43,49,"1,419",335.00,"475,365.00"
2019-06-27,2019062701006760,NBL,43,26,259,335.00,"86,765.00"
2019-06-27,2019062701006754,NBL,43,44,641,335.00,"214,735.00"
2019-06-27,2019062701006749,NBL,43,49,100,335.00,"33,500.00"
2019-06-27,2019062701006715,NBL,38,49,500,335.00,"167,500.00"
2019-06-27,2019062701006714,NBL,51,49,100,335.00,"33,500.00"
2019-06-27,2019062701006713,NBL,56,49,100,335.00,"33,500.00"
2019-06-27,2019062701006972,NBL,43,6,700,335.00,"234,500.00"
2019-06-27,2019062701006858,NBL,43,57,300,335.00,"100,500.00"
2019-06-27,2019062701006816,NBL,43,49,"1,000",335.00,"335,000.00"
2019-06-27,2019062701006800,NBL,43,49,259,335.00,"86,765.00"
2019-06-27,2019062701006788,NBL,43,37,"1,000",335.00,"335,000.00"
2019-06-27,2019062701006776,NBL,43,26,741,335.00,"248,235.00"
2019-06-27,2019062701007033,NBL,32,42,100,335.00,"33,500.00"
2019-06-27,2019062701007032,NBL,54,42,"1,100",335.00,"368,500.00"
2019-06-27,2019062701007030,NBL,54,6,600,335.00,"201,000.00"
2019-06-27,2019062701006984,NBL,54,43,300,335.00,"100,500.00"
2019-06-27,2019062701006983,NBL,29,43,700,335.00,"234,500.00"
2019-06-27,2019062701006973,NBL,29,6,300,335.00,"100,500.00"
2019-06-27,2019062701007150,NCCB,19,45,40,252.00,"10,080.00"
2019-06-27,2019062701007113,NCCB,6,50,113,253.00,"28,589.00"
2019-06-27,2019062701006920,NCCB,6,40,87,253.00,"22,011.00"
2019-06-27,2019062701006882,NCCB,21,40,113,253.00,"28,589.00"
2019-06-27,2019062701006843,NCCB,21,1,187,253.00,"47,311.00"
2019-06-27,2019062701006842,NCCB,42,1,200,253.00,"50,600.00"
2019-06-27,2019062701006841,NCCB,51,1,10,253.00,"2,530.00"
2019-06-27,2019062701006840,NCCB,25,1,203,253.00,"51,359.00"
2019-06-27,2019062701006884,NHDL,36,39,10,125.00,"1,250.00"
2019-06-27,2019062701006677,NHDL,36,39,10,125.00,"1,250.00"
2019-06-27,2019062701007037,NIB,33,19,90,526.00,"47,340.00"
2019-06-27,2019062701007036,NIB,32,19,100,526.00,"52,600.00"
2019-06-27,2019062701006914,NIB,29,39,28,525.00,"14,700.00"
2019-06-27,2019062701007003,NIBLPF,35,42,747,7.21,"5,385.87"
2019-06-27,2019062701007004,NICA,54,56,122,463.00,"56,486.00"
2019-06-27,2019062701006986,NICA,25,56,100,463.00,"46,300.00"
2019-06-27,2019062701006975,NICA,58,56,100,463.00,"46,300.00"
2019-06-27,2019062701006971,NICA,7,56,100,463.00,"46,300.00"
2019-06-27,2019062701006970,NICA,6,56,578,463.00,"267,614.00"
2019-06-27,2019062701006948,NICA,6,56,500,463.00,"231,500.00"
2019-06-27,2019062701006947,NICA,6,41,622,463.00,"287,986.00"
2019-06-27,2019062701006781,NICA,6,52,300,463.00,"138,900.00"
2019-06-27,2019062701006727,NICA,33,11,462,463.00,"213,906.00"
2019-06-27,2019062701006769,NICL,34,52,120,355.00,"42,600.00"
2019-06-27,2019062701007045,NIL,10,44,"1,640",468.00,"767,520.00"
2019-06-27,2019062701007044,NIL,6,44,200,469.00,"93,800.00"
2019-06-27,2019062701007043,NIL,58,44,100,469.00,"46,900.00"
2019-06-27,2019062701006741,NIL,45,4,200,470.00,"94,000.00"
2019-06-27,2019062701006740,NIL,45,57,180,470.00,"84,600.00"
2019-06-27,2019062701006930,NLBBL,51,8,130,483.00,"62,790.00"
2019-06-27,2019062701006883,NLBBL,14,6,180,485.00,"87,300.00"
2019-06-27,2019062701006960,NLIC,1,41,11,888.00,"9,768.00"
2019-06-27,2019062701006725,NLIC,21,33,39,889.00,"34,671.00"
2019-06-27,2019062701006924,NLICL,59,26,50,600.00,"30,000.00"
2019-06-27,2019062701006880,NLICL,44,46,50,599.00,"29,950.00"
2019-06-27,2019062701006839,NMBMF,28,5,50,"1,005.00","50,250.00"
2019-06-27,2019062701006838,NMBMF,28,42,20,"1,005.00","20,100.00"
2019-06-27,2019062701006837,NMBMF,28,42,20,"1,005.00","20,100.00"
2019-06-27,2019062701007023,NTC,44,48,100,700.00,"70,000.00"
2019-06-27,2019062701006868,NUBL,7,4,190,835.00,"158,650.00"
2019-06-27,2019062701006792,NUBL,7,14,75,835.00,"62,625.00"
2019-06-27,2019062701006791,NUBL,59,14,25,836.00,"20,900.00"
2019-06-27,2019062701006764,NUBL,29,4,10,840.00,"8,400.00"
2019-06-27,2019062701007020,OHL,40,44,268,617.00,"165,356.00"
2019-06-27,2019062701007002,OHL,5,44,20,617.00,"12,340.00"
2019-06-27,2019062701006966,OHL,42,44,50,617.00,"30,850.00"
2019-06-27,2019062701006867,OHL,25,44,136,617.00,"83,912.00"
2019-06-27,2019062701006745,OHL,25,44,100,617.00,"61,700.00"
2019-06-27,2019062701006744,OHL,39,44,50,618.00,"30,900.00"
2019-06-27,2019062701006743,OHL,45,44,76,618.00,"46,968.00"
2019-06-27,2019062701007119,PCBL,55,35,200,286.00,"57,200.00"
2019-06-27,2019062701007088,PCBL,55,58,49,285.00,"13,965.00"
2019-06-27,2019062701007074,PCBL,6,58,"1,000",285.00,"285,000.00"
2019-06-27,2019062701007073,PCBL,6,58,693,285.00,"197,505.00"
2019-06-27,2019062701007072,PCBL,25,58,300,285.00,"85,500.00"
2019-06-27,2019062701007008,PCBL,6,41,307,285.00,"87,495.00"
2019-06-27,2019062701006691,PCBL,21,58,500,285.00,"142,500.00"
2019-06-27,2019062701006690,PCBL,18,58,224,285.00,"63,840.00"
2019-06-27,2019062701006689,PCBL,13,58,500,286.00,"143,000.00"
2019-06-27,2019062701006688,PCBL,13,58,19,286.00,"5,434.00"
2019-06-27,2019062701006687,PCBL,45,58,150,287.00,"43,050.00"
2019-06-27,2019062701006675,PCBL,45,8,500,287.00,"143,500.00"
2019-06-27,2019062701006697,PCBL,47,58,200,285.00,"57,000.00"
2019-06-27,2019062701006696,PCBL,45,58,300,285.00,"85,500.00"
2019-06-27,2019062701006695,PCBL,25,58,500,285.00,"142,500.00"
2019-06-27,2019062701006694,PCBL,50,58,200,285.00,"57,000.00"
2019-06-27,2019062701006693,PCBL,1,58,100,285.00,"28,500.00"
2019-06-27,2019062701006692,PCBL,35,58,200,285.00,"57,000.00"
2019-06-27,2019062701006703,PCBL,25,58,"1,000",285.00,"285,000.00"
2019-06-27,2019062701006702,PCBL,54,58,175,285.00,"49,875.00"
2019-06-27,2019062701006701,PCBL,42,58,50,285.00,"14,250.00"
2019-06-27,2019062701006700,PCBL,48,58,100,285.00,"28,500.00"
2019-06-27,2019062701006699,PCBL,56,58,300,285.00,"85,500.00"
2019-06-27,2019062701006698,PCBL,57,58,50,285.00,"14,250.00"
2019-06-27,2019062701006999,PCBL,25,58,700,285.00,"199,500.00"
2019-06-27,2019062701006998,PCBL,50,58,300,285.00,"85,500.00"
2019-06-27,2019062701006707,PCBL,58,58,10,285.00,"2,850.00"
2019-06-27,2019062701006706,PCBL,39,58,100,285.00,"28,500.00"
2019-06-27,2019062701006705,PCBL,37,58,80,285.00,"22,800.00"
2019-06-27,2019062701006704,PCBL,35,58,200,285.00,"57,000.00"
2019-06-27,2019062701007159,PFL,40,58,13,139.00,"1,807.00"
2019-06-27,2019062701006944,PFL,40,58,13,139.00,"1,807.00"
2019-06-27,2019062701006996,PIC,41,35,25,983.00,"24,575.00"
2019-06-27,2019062701006995,PIC,25,35,180,983.00,"176,940.00"
2019-06-27,2019062701006954,PIC,34,39,50,984.00,"49,200.00"
2019-06-27,2019062701006915,PIC,25,54,20,983.00,"19,660.00"
2019-06-27,2019062701006846,PIC,41,40,21,983.00,"20,643.00"
2019-06-27,2019062701006845,PIC,6,40,32,983.00,"31,456.00"
2019-06-27,2019062701006844,PIC,45,40,27,983.00,"26,541.00"
2019-06-27,2019062701006865,PLIC,35,58,500,425.00,"212,500.00"
2019-06-27,2019062701006864,PLIC,57,58,50,426.00,"21,300.00"
2019-06-27,2019062701006863,PLIC,58,58,100,426.00,"42,600.00"
2019-06-27,2019062701006854,PLIC,36,45,310,427.00,"132,370.00"
2019-06-27,2019062701006813,PLIC,36,21,190,427.00,"81,130.00"
2019-06-27,2019062701006812,PLIC,45,21,200,428.00,"85,600.00"
2019-06-27,2019062701006811,PLIC,45,21,10,428.00,"4,280.00"
2019-06-27,2019062701006810,PLIC,35,21,50,429.00,"21,450.00"
2019-06-27,2019062701006809,PLIC,35,21,50,429.00,"21,450.00"
2019-06-27,2019062701006808,PLIC,54,21,100,429.00,"42,900.00"
2019-06-27,2019062701006807,PLIC,34,21,100,430.00,"43,000.00"
2019-06-27,2019062701007136,PPCL,1,58,20,139.00,"2,780.00"
2019-06-27,2019062701007090,PPCL,1,58,20,139.00,"2,780.00"
2019-06-27,2019062701007069,PPCL,1,58,20,139.00,"2,780.00"
2019-06-27,2019062701006913,PPCL,1,58,10,139.00,"1,390.00"
2019-06-27,2019062701006790,PPCL,36,43,360,140.00,"50,400.00"
2019-06-27,2019062701006746,PPCL,36,58,10,140.00,"1,400.00"
2019-06-27,2019062701006742,PPCL,36,58,10,140.00,"1,400.00"
2019-06-27,2019062701006739,PPCL,36,11,20,140.00,"2,800.00"
2019-06-27,2019062701006708,PPCL,36,11,20,140.00,"2,800.00"
2019-06-27,2019062701006961,PRIN,13,6,50,374.00,"18,700.00"
2019-06-27,2019062701006753,PRIN,57,45,30,374.00,"11,220.00"
2019-06-27,2019062701006752,PRIN,54,45,166,374.00,"62,084.00"
2019-06-27,2019062701007001,PRVU,40,49,100,268.00,"26,800.00"
2019-06-27,2019062701007000,PRVU,34,49,100,268.00,"26,800.00"
2019-06-27,2019062701006803,PRVU,34,1,100,268.00,"26,800.00"
2019-06-27,2019062701007042,RBCL,45,35,10,"9,310.00","93,100.00"
2019-06-27,2019062701007041,RBCL,6,35,20,"9,311.00","186,220.00"
2019-06-27,2019062701007040,RBCL,47,35,10,"9,312.00","93,120.00"
2019-06-27,2019062701007039,RBCL,6,35,10,"9,341.00","93,410.00"
2019-06-27,2019062701006820,RBCL,57,58,10,"9,350.00","93,500.00"
2019-06-27,2019062701006819,RBCL,42,58,20,"9,350.00","187,000.00"
2019-06-27,2019062701006670,RBCL,11,58,10,"9,365.00","93,650.00"
2019-06-27,2019062701006669,RBCL,25,58,10,"9,365.00","93,650.00"
2019-06-27,2019062701006818,RBCL,44,58,30,"9,350.00","280,500.00"
2019-06-27,2019062701006817,RBCL,6,58,20,"9,351.00","187,020.00"
2019-06-27,2019062701006674,RBCL,14,58,20,"9,356.00","187,120.00"
2019-06-27,2019062701006673,RBCL,4,58,10,"9,360.00","93,600.00"
2019-06-27,2019062701006672,RBCL,6,58,30,"9,361.00","280,830.00"
2019-06-27,2019062701006671,RBCL,47,58,20,"9,362.00","187,240.00"
2019-06-27,2019062701007006,RMDC,51,41,15,650.00,"9,750.00"
2019-06-27,2019062701006750,RRHP,44,39,10,111.00,"1,110.00"
2019-06-27,2019062701007076,SANIMA,56,20,"1,000",350.00,"350,000.00"
2019-06-27,2019062701007075,SANIMA,56,29,72,350.00,"25,200.00"
2019-06-27,2019062701007009,SANIMA,25,46,68,349.00,"23,732.00"
2019-06-27,2019062701006888,SANIMA,28,29,428,350.00,"149,800.00"
2019-06-27,2019062701006869,SANIMA,28,29,"1,000",350.00,"350,000.00"
2019-06-27,2019062701006851,SANIMA,28,52,300,350.00,"105,000.00"
2019-06-27,2019062701007093,SBI,56,16,665,462.00,"307,230.00"
2019-06-27,2019062701007092,SBI,56,41,10,462.00,"4,620.00"
2019-06-27,2019062701007051,SBI,17,46,22,461.00,"10,142.00"
2019-06-27,2019062701007050,SBI,44,46,100,461.00,"46,100.00"
2019-06-27,2019062701006887,SBI,19,4,130,461.00,"59,930.00"
2019-06-27,2019062701007058,SBL,18,39,"2,000",322.00,"644,000.00"
2019-06-27,2019062701007057,SBL,25,39,"1,000",322.00,"322,000.00"
2019-06-27,2019062701007056,SBL,44,39,"1,000",322.00,"322,000.00"
2019-06-27,2019062701007055,SBL,39,39,"2,604",322.00,"838,488.00"
2019-06-27,2019062701007021,SBL,39,46,149,322.00,"47,978.00"
2019-06-27,2019062701007019,SBL,39,41,78,322.00,"25,116.00"
2019-06-27,2019062701006981,SBL,39,32,169,322.00,"54,418.00"
2019-06-27,2019062701006919,SBL,39,38,"1,000",322.00,"322,000.00"
2019-06-27,2019062701007070,SCB,14,38,78,664.00,"51,792.00"
2019-06-27,2019062701007015,SCB,59,38,100,664.00,"66,400.00"
2019-06-27,2019062701007014,SCB,5,38,90,664.00,"59,760.00"
2019-06-27,2019062701007013,SCB,6,38,210,665.00,"139,650.00"
2019-06-27,2019062701007005,SEF,43,7,500,9.61,"4,805.00"
2019-06-27,2019062701006941,SEF,43,7,500,9.61,"4,805.00"
2019-06-27,2019062701006909,SEF,43,7,500,9.61,"4,805.00"
2019-06-27,2019062701007154,SHINE,6,35,500,259.00,"129,500.00"
2019-06-27,2019062701007153,SHINE,6,38,500,258.00,"129,000.00"
2019-06-27,2019062701007152,SHINE,6,1,457,258.00,"117,906.00"
2019-06-27,2019062701007151,SHINE,6,34,249,258.00,"64,242.00"
2019-06-27,2019062701006906,SHINE,6,34,251,258.00,"64,758.00"
2019-06-27,2019062701006905,SHINE,6,1,200,258.00,"51,600.00"
2019-06-27,2019062701006904,SHINE,6,29,49,257.00,"12,593.00"
2019-06-27,2019062701006726,SHINE,39,29,101,257.00,"25,957.00"
2019-06-27,2019062701007127,SHIVM,46,58,150,646.00,"96,900.00"
2019-06-27,2019062701007126,SHIVM,7,58,200,646.00,"129,200.00"
2019-06-27,2019062701007125,SHIVM,41,58,500,646.00,"323,000.00"
2019-06-27,2019062701007124,SHIVM,22,58,"1,000",646.00,"646,000.00"
2019-06-27,2019062701007123,SHIVM,5,58,100,646.00,"64,600.00"
2019-06-27,2019062701006822,SHIVM,34,49,190,647.00,"122,930.00"
2019-06-27,2019062701006821,SHIVM,45,49,100,648.00,"64,800.00"
2019-06-27,2019062701006782,SHIVM,38,58,"1,000",648.00,"648,000.00"
2019-06-27,2019062701006857,SHIVM,7,57,190,647.00,"122,930.00"
2019-06-27,2019062701006827,SHIVM,7,49,210,647.00,"135,870.00"
2019-06-27,2019062701006826,SHIVM,21,49,"1,000",647.00,"647,000.00"
2019-06-27,2019062701006825,SHIVM,10,49,200,647.00,"129,400.00"
2019-06-27,2019062701006824,SHIVM,39,49,250,647.00,"161,750.00"
2019-06-27,2019062701006823,SHIVM,48,49,50,647.00,"32,350.00"
2019-06-27,2019062701006932,SHIVM,34,58,200,646.00,"129,200.00"
2019-06-27,2019062701006931,SHIVM,40,58,100,646.00,"64,600.00"
2019-06-27,2019062701006923,SHIVM,40,52,150,646.00,"96,900.00"
2019-06-27,2019062701006922,SHIVM,36,52,50,646.00,"32,300.00"
2019-06-27,2019062701006908,SHIVM,36,52,150,646.00,"96,900.00"
2019-06-27,2019062701006907,SHIVM,19,52,50,646.00,"32,300.00"
2019-06-27,2019062701006938,SHIVM,22,58,200,646.00,"129,200.00"
2019-06-27,2019062701006937,SHIVM,22,58,200,646.00,"129,200.00"
2019-06-27,2019062701006936,SHIVM,45,58,100,646.00,"64,600.00"
2019-06-27,2019062701006935,SHIVM,1,58,700,646.00,"452,200.00"
2019-06-27,2019062701006934,SHIVM,28,58,500,646.00,"323,000.00"
2019-06-27,2019062701006933,SHIVM,25,58,200,646.00,"129,200.00"
2019-06-27,2019062701006994,SHIVM,42,44,75,647.00,"48,525.00"
2019-06-27,2019062701006946,SHIVM,42,58,925,647.00,"598,475.00"
2019-06-27,2019062701006945,SHIVM,42,57,10,647.00,"6,470.00"
2019-06-27,2019062701006943,SHIVM,7,25,50,646.00,"32,300.00"
2019-06-27,2019062701006940,SHIVM,7,58,280,646.00,"180,880.00"
2019-06-27,2019062701006939,SHIVM,22,58,20,646.00,"12,920.00"
2019-06-27,2019062701007122,SHIVM,7,58,50,646.00,"32,300.00"
2019-06-27,2019062701007099,SHIVM,7,44,200,647.00,"129,400.00"
2019-06-27,2019062701007083,SHIVM,7,44,210,647.00,"135,870.00"
2019-06-27,2019062701007082,SHIVM,7,45,20,646.00,"12,920.00"
2019-06-27,2019062701007071,SHIVM,17,44,15,647.00,"9,705.00"
2019-06-27,2019062701007017,SHIVM,34,44,500,647.00,"323,500.00"
2019-06-27,2019062701006925,SHPC,49,46,37,248.00,"9,176.00"
2019-06-27,2019062701006874,SHPC,49,46,50,248.00,"12,400.00"
2019-06-27,2019062701006873,SHPC,56,46,50,248.00,"12,400.00"
2019-06-27,2019062701006872,SHPC,22,46,200,248.00,"49,600.00"
2019-06-27,2019062701006871,SHPC,44,46,300,248.00,"74,400.00"
2019-06-27,2019062701006870,SHPC,22,46,400,248.00,"99,200.00"
2019-06-27,2019062701006789,SIC,25,32,19,613.00,"11,647.00"
2019-06-27,2019062701006786,SIC,29,25,80,601.00,"48,080.00"
2019-06-27,2019062701006785,SIC,16,25,20,601.00,"12,020.00"
2019-06-27,2019062701006784,SIC,11,25,20,602.00,"12,040.00"
2019-06-27,2019062701006676,SINDU,29,52,100,141.00,"14,100.00"
2019-06-27,2019062701007156,SKBBL,14,14,75,940.00,"70,500.00"
2019-06-27,2019062701006861,SKBBL,59,14,25,940.00,"23,500.00"
2019-06-27,2019062701006801,SKBBL,6,4,300,945.00,"283,500.00"
2019-06-27,2019062701006751,SKBBL,57,26,20,942.00,"18,840.00"
2019-06-27,2019062701007067,SLICL,44,58,50,457.00,"22,850.00"
2019-06-27,2019062701007066,SLICL,45,58,200,457.00,"91,400.00"
2019-06-27,2019062701007065,SLICL,52,58,50,457.00,"22,850.00"
2019-06-27,2019062701007064,SLICL,52,58,50,457.00,"22,850.00"
2019-06-27,2019062701007063,SLICL,52,58,50,457.00,"22,850.00"
2019-06-27,2019062701007062,SLICL,52,58,50,457.00,"22,850.00"
2019-06-27,2019062701007061,SLICL,22,58,31,457.00,"14,167.00"
2019-06-27,2019062701007060,SLICL,45,58,23,458.00,"10,534.00"
2019-06-27,2019062701006686,SLICL,45,47,27,458.00,"12,366.00"
2019-06-27,2019062701006835,SMFDB,25,45,144,498.00,"71,712.00"
2019-06-27,2019062701007116,SWBBL,14,1,25,907.00,"22,675.00"
2019-06-27,2019062701006903,TRH,29,25,200,308.00,"61,600.00"
2019-06-27,2019062701006886,TRH,29,48,800,308.00,"246,400.00"
2019-06-27,2019062701006885,TRH,45,48,100,308.00,"30,800.00"
2019-06-27,2019062701007120,UIC,50,49,10,890.00,"8,900.00"
2019-06-27,2019062701007028,UIC,17,49,150,890.00,"133,500.00"
2019-06-27,2019062701007027,UIC,10,49,50,890.00,"44,500.00"
2019-06-27,2019062701007026,UIC,55,49,10,891.00,"8,910.00"
2019-06-27,2019062701007025,UIC,57,49,100,891.00,"89,100.00"
2019-06-27,2019062701007024,UIC,22,49,20,892.00,"17,840.00"
2019-06-27,2019062701006978,UIC,22,19,30,892.00,"26,760.00"
2019-06-27,2019062701006977,UIC,34,19,100,892.00,"89,200.00"
2019-06-27,2019062701006976,UIC,58,19,20,895.00,"17,900.00"
2019-06-27,2019062701006912,UPCL,37,19,110,91.00,"10,010.00"
2019-06-27,2019062701006911,UPCL,21,19,50,91.00,"4,550.00"
2019-06-27,2019062701006910,UPCL,37,19,340,91.00,"30,940.00"
2019-06-27,2019062701006979,UPPER,36,58,50,267.00,"13,350.00"
2019-06-27,2019062701006942,UPPER,36,50,20,267.00,"5,340.00"
2019-06-27,2019062701006678,UPPER,55,38,57,266.00,"15,162.00"
2019-06-27,2019062701007139,VLBS,51,11,11,476.00,"5,236.00"
2019-06-27,2019062701006471,ADBL,10,19,31,413.00,"12,803.00"
2019-06-27,2019062701006443,ADBL,6,25,200,412.00,"82,400.00"
2019-06-27,2019062701006416,ADBL,6,58,650,412.00,"267,800.00"
2019-06-27,2019062701006415,ADBL,37,58,350,412.00,"144,200.00"
2019-06-27,2019062701006395,ADBL,37,58,150,412.00,"61,800.00"
2019-06-27,2019062701006394,ADBL,50,58,850,412.00,"350,200.00"
2019-06-27,2019062701006282,ADBL,50,45,150,412.00,"61,800.00"
2019-06-27,2019062701006281,ADBL,58,45,350,412.00,"144,200.00"
2019-06-27,2019062701006594,AHPC,35,45,900,106.00,"95,400.00"
2019-06-27,2019062701006293,AHPC,37,45,100,106.00,"10,600.00"
2019-06-27,2019062701006587,AKJCL,34,39,10,73.00,730.00
2019-06-27,2019062701006490,AKJCL,34,52,10,73.00,730.00
2019-06-27,2019062701006405,AKJCL,56,52,20,73.00,"1,460.00"
2019-06-27,2019062701006377,AKJCL,52,42,10,74.00,740.00
2019-06-27,2019062701006224,AKPL,54,22,13,183.00,"2,379.00"
2019-06-27,2019062701006606,ALBSL,26,42,10,400.00,"4,000.00"
2019-06-27,2019062701006598,ALBSL,26,42,10,400.00,"4,000.00"
2019-06-27,2019062701006544,ALBSL,26,51,10,400.00,"4,000.00"
2019-06-27,2019062701006375,ALBSL,41,51,20,395.00,"7,900.00"
2019-06-27,2019062701006603,API,32,48,300,143.00,"42,900.00"
2019-06-27,2019062701006510,API,32,58,970,143.00,"138,710.00"
2019-06-27,2019062701006473,API,25,42,42,144.00,"6,048.00"
2019-06-27,2019062701006340,API,32,25,"1,624",143.00,"232,232.00"
2019-06-27,2019062701006289,API,32,41,10,143.00,"1,430.00"
2019-06-27,2019062701006197,BFC,22,20,550,105.00,"57,750.00"
2019-06-27,2019062701006641,BOKL,10,37,100,265.00,"26,500.00"
2019-06-27,2019062701006469,BOKL,43,37,344,265.00,"91,160.00"
2019-06-27,2019062701006373,BOKL,43,57,163,265.00,"43,195.00"
2019-06-27,2019062701006659,BPCL,1,21,317,401.00,"127,117.00"
2019-06-27,2019062701006654,BPCL,1,49,183,401.00,"73,383.00"
2019-06-27,2019062701006653,BPCL,42,49,300,401.00,"120,300.00"
2019-06-27,2019062701006652,BPCL,36,49,300,401.00,"120,300.00"
2019-06-27,2019062701006651,BPCL,39,49,100,401.00,"40,100.00"
2019-06-27,2019062701006650,BPCL,16,49,100,402.00,"40,200.00"
2019-06-27,2019062701006649,BPCL,57,49,17,402.00,"6,834.00"
2019-06-27,2019062701006599,BPCL,57,39,11,402.00,"4,422.00"
2019-06-27,2019062701006172,BPCL,34,34,11,403.00,"4,433.00"
2019-06-27,2019062701006562,CBBL,6,22,90,934.00,"84,060.00"
2019-06-27,2019062701006561,CBBL,56,22,10,935.00,"9,350.00"
2019-06-27,2019062701006201,CBBL,39,59,120,949.00,"113,880.00"
2019-06-27,2019062701006304,CBBL,36,10,200,942.00,"188,400.00"
2019-06-27,2019062701006303,CBBL,33,10,100,942.00,"94,200.00"
2019-06-27,2019062701006302,CBBL,4,10,173,942.00,"162,966.00"
2019-06-27,2019062701006259,CBBL,29,47,10,946.00,"9,460.00"
2019-06-27,2019062701006202,CBBL,39,59,23,949.00,"21,827.00"
2019-06-27,2019062701006310,CBBL,50,10,65,933.00,"60,645.00"
2019-06-27,2019062701006309,CBBL,34,10,200,936.00,"187,200.00"
2019-06-27,2019062701006308,CBBL,16,10,50,937.00,"46,850.00"
2019-06-27,2019062701006307,CBBL,39,10,200,940.00,"188,000.00"
2019-06-27,2019062701006306,CBBL,39,10,200,941.00,"188,200.00"
2019-06-27,2019062701006305,CBBL,58,10,10,941.00,"9,410.00"
2019-06-27,2019062701006566,CBL,6,49,35,146.00,"5,110.00"
2019-06-27,2019062701006429,CBL,28,34,200,145.00,"29,000.00"
2019-06-27,2019062701006188,CBL,28,1,243,145.00,"35,235.00"
2019-06-27,2019062701006609,CCBL,45,47,100,167.00,"16,700.00"
2019-06-27,2019062701006608,CCBL,34,47,"2,000",167.00,"334,000.00"
2019-06-27,2019062701006607,CCBL,50,47,834,167.00,"139,278.00"
2019-06-27,2019062701006536,CCBL,52,38,10,168.00,"1,680.00"
2019-06-27,2019062701006436,CCBL,52,38,10,168.00,"1,680.00"
2019-06-27,2019062701006338,CCBL,50,19,118,167.00,"19,706.00"
2019-06-27,2019062701006285,CCBL,50,47,48,167.00,"8,016.00"
2019-06-27,2019062701006284,CCBL,34,47,"1,597",167.00,"266,699.00"
2019-06-27,2019062701006194,CCBL,54,38,200,168.00,"33,600.00"
2019-06-27,2019062701006631,CHCL,45,37,917,510.00,"467,670.00"
2019-06-27,2019062701006630,CHCL,44,37,83,510.00,"42,330.00"
2019-06-27,2019062701006516,CHCL,44,37,17,510.00,"8,670.00"
2019-06-27,2019062701006515,CHCL,28,37,500,510.00,"255,000.00"
2019-06-27,2019062701006514,CHCL,28,37,483,510.00,"246,330.00"
2019-06-27,2019062701006501,CHCL,57,58,60,510.00,"30,600.00"
2019-06-27,2019062701006244,CHCL,57,22,525,510.00,"267,750.00"
2019-06-27,2019062701006234,CHCL,43,44,20,511.00,"10,220.00"
2019-06-27,2019062701006616,CHL,56,39,10,92.00,920.00
2019-06-27,2019062701006612,CZBIL,25,14,30,221.00,"6,630.00"
2019-06-27,2019062701006565,CZBIL,25,49,16,221.00,"3,536.00"
2019-06-27,2019062701006564,CZBIL,7,49,384,221.00,"84,864.00"
2019-06-27,2019062701006414,CZBIL,7,43,189,221.00,"41,769.00"
2019-06-27,2019062701006325,CZBIL,29,42,50,222.00,"11,100.00"
2019-06-27,2019062701006180,CZBIL,29,45,10,222.00,"2,220.00"
2019-06-27,2019062701006179,CZBIL,29,8,90,222.00,"19,980.00"
2019-06-27,2019062701006403,DBBL,37,42,100,138.00,"13,800.00"
2019-06-27,2019062701006337,DBBL,44,44,6,136.00,816.00
2019-06-27,2019062701006222,DBBL,37,44,49,138.00,"6,762.00"
2019-06-27,2019062701006162,DDBL,28,26,10,706.00,"7,060.00"
2019-06-27,2019062701006423,EBL,6,14,20,664.00,"13,280.00"
2019-06-27,2019062701006389,EBL,49,6,63,665.00,"41,895.00"
2019-06-27,2019062701006592,FOWAD,14,21,15,"1,330.00","19,950.00"
2019-06-27,2019062701006591,FOWAD,14,22,19,"1,329.00","25,251.00"
2019-06-27,2019062701006211,FOWAD,50,39,16,"1,324.00","21,184.00"
2019-06-27,2019062701006210,FOWAD,50,39,50,"1,324.00","66,200.00"
2019-06-27,2019062701006209,FOWAD,49,39,10,"1,324.00","13,240.00"
2019-06-27,2019062701006167,GBBL,13,58,198,222.00,"43,956.00"
2019-06-27,2019062701006166,GBBL,58,58,500,222.00,"111,000.00"
2019-06-27,2019062701006165,GBBL,52,58,70,222.00,"15,540.00"
2019-06-27,2019062701006164,GBBL,55,58,232,222.00,"51,504.00"
2019-06-27,2019062701006312,GBIME,58,22,833,304.00,"253,232.00"
2019-06-27,2019062701006559,GBLBS,1,26,100,350.00,"35,000.00"
2019-06-27,2019062701006425,GBLBS,45,52,200,351.00,"70,200.00"
2019-06-27,2019062701006424,GBLBS,13,52,200,351.00,"70,200.00"
2019-06-27,2019062701006635,GDBL,58,6,70,211.00,"14,770.00"
2019-06-27,2019062701006634,GDBL,58,6,70,211.00,"14,770.00"
2019-06-27,2019062701006633,GDBL,1,6,200,211.00,"42,200.00"
2019-06-27,2019062701006632,GDBL,37,6,159,211.00,"33,549.00"
2019-06-27,2019062701006584,GILB,32,17,48,"1,233.00","59,184.00"
2019-06-27,2019062701006245,GILB,38,44,12,"1,211.00","14,532.00"
2019-06-27,2019062701006627,GLBSL,14,38,10,400.00,"4,000.00"
2019-06-27,2019062701006626,GLBSL,19,38,130,400.00,"52,000.00"
2019-06-27,2019062701006625,GLBSL,17,38,10,401.00,"4,010.00"
2019-06-27,2019062701006610,GLBSL,39,39,10,402.00,"4,020.00"
2019-06-27,2019062701006590,GLBSL,19,45,240,400.00,"96,000.00"
2019-06-27,2019062701006586,GLBSL,39,39,10,402.00,"4,020.00"
2019-06-27,2019062701006243,GLBSL,16,39,10,401.00,"4,010.00"
2019-06-27,2019062701006230,GLBSL,16,39,10,401.00,"4,010.00"
2019-06-27,2019062701006343,GLBSL,16,49,10,401.00,"4,010.00"
2019-06-27,2019062701006324,GLBSL,16,8,10,401.00,"4,010.00"
2019-06-27,2019062701006318,GLBSL,16,39,10,401.00,"4,010.00"
2019-06-27,2019062701006311,GLBSL,16,39,10,401.00,"4,010.00"
2019-06-27,2019062701006290,GLBSL,16,39,10,401.00,"4,010.00"
2019-06-27,2019062701006261,GLBSL,16,39,10,401.00,"4,010.00"
2019-06-27,2019062701006572,GLBSL,39,39,10,402.00,"4,020.00"
2019-06-27,2019062701006529,GLBSL,16,37,10,401.00,"4,010.00"
2019-06-27,2019062701006505,GLBSL,16,37,10,401.00,"4,010.00"
2019-06-27,2019062701006465,GLBSL,33,1,10,405.00,"4,050.00"
2019-06-27,2019062701006464,GLBSL,33,13,10,405.00,"4,050.00"
2019-06-27,2019062701006463,GLBSL,33,13,10,405.00,"4,050.00"
2019-06-27,2019062701006171,GLICL,34,48,548,481.00,"263,588.00"
2019-06-27,2019062701006170,GLICL,34,11,101,481.00,"48,581.00"
2019-06-27,2019062701006168,GLICL,13,43,17,477.00,"8,109.00"
2019-06-27,2019062701006479,GMFBS,41,29,10,435.00,"4,350.00"
2019-06-27,2019062701006461,GMFBS,41,13,10,435.00,"4,350.00"
2019-06-27,2019062701006460,GMFBS,41,13,10,435.00,"4,350.00"
2019-06-27,2019062701006459,GMFBS,41,13,10,435.00,"4,350.00"
2019-06-27,2019062701006458,GMFBS,41,45,10,435.00,"4,350.00"
2019-06-27,2019062701006174,GMFBS,21,39,10,434.00,"4,340.00"
2019-06-27,2019062701006163,GMFBS,21,39,10,434.00,"4,340.00"
2019-06-27,2019062701006426,HBL,58,58,"2,000",553.00,"1,106,000.00"
2019-06-27,2019062701006320,HDL,39,58,100,"1,723.00","172,300.00"
2019-06-27,2019062701006301,HDL,39,6,100,"1,723.00","172,300.00"
2019-06-27,2019062701006300,HDL,39,45,200,"1,722.00","344,400.00"
2019-06-27,2019062701006299,HDL,39,33,100,"1,721.00","172,100.00"
2019-06-27,2019062701006298,HDL,39,33,200,"1,720.00","344,000.00"
2019-06-27,2019062701006297,HDL,39,58,200,"1,720.00","344,000.00"
2019-06-27,2019062701006296,HDL,39,45,100,"1,715.00","171,500.00"
2019-06-27,2019062701006455,HGI,17,14,14,365.00,"5,110.00"
2019-06-27,2019062701006454,HGI,59,14,76,365.00,"27,740.00"
2019-06-27,2019062701006321,HIDCL,8,41,30,161.00,"4,830.00"
2019-06-27,2019062701006272,HIDCL,8,45,100,161.00,"16,100.00"
2019-06-27,2019062701006359,HURJA,45,51,20,143.00,"2,860.00"
2019-06-27,2019062701006645,ICFC,49,57,"1,749",162.00,"283,338.00"
2019-06-27,2019062701006393,ICFC,49,57,"2,000",162.00,"324,000.00"
2019-06-27,2019062701006601,IGI,42,55,10,392.00,"3,920.00"
2019-06-27,2019062701006235,IGI,42,55,10,385.00,"3,850.00"
2019-06-27,2019062701006332,IGI,42,55,10,392.00,"3,920.00"
2019-06-27,2019062701006513,JBBL,1,22,303,155.00,"46,965.00"
2019-06-27,2019062701006512,JBBL,41,22,11,155.00,"1,705.00"
2019-06-27,2019062701006381,JBBL,41,38,289,155.00,"44,795.00"
2019-06-27,2019062701006380,JBBL,59,38,200,155.00,"31,000.00"
2019-06-27,2019062701006379,JBBL,57,38,394,155.00,"61,070.00"
2019-06-27,2019062701006378,JBBL,10,38,17,155.00,"2,635.00"
2019-06-27,2019062701006277,JBBL,10,41,113,155.00,"17,515.00"
2019-06-27,2019062701006276,JBBL,49,41,200,155.00,"31,000.00"
2019-06-27,2019062701006182,JBBL,51,17,94,155.00,"14,570.00"
2019-06-27,2019062701006526,JBNL,38,14,300,208.00,"62,400.00"
2019-06-27,2019062701006525,JBNL,5,14,200,208.00,"41,600.00"
2019-06-27,2019062701006236,JBNL,38,28,205,208.00,"42,640.00"
2019-06-27,2019062701006215,JBNL,59,28,200,208.00,"41,600.00"
2019-06-27,2019062701006214,JBNL,1,28,50,208.00,"10,400.00"
2019-06-27,2019062701006213,JBNL,57,28,50,208.00,"10,400.00"
2019-06-27,2019062701006212,JBNL,38,28,500,208.00,"104,000.00"
2019-06-27,2019062701006178,JBNL,34,28,"1,000",208.00,"208,000.00"
2019-06-27,2019062701006629,JOSHI,22,38,10,83.00,830.00
2019-06-27,2019062701006532,KBL,6,13,22,213.00,"4,686.00"
2019-06-27,2019062701006638,KKHC,42,39,16,70.00,"1,120.00"
2019-06-27,2019062701006376,KKHC,42,58,10,70.00,700.00
2019-06-27,2019062701006648,KPCL,39,39,10,93.00,930.00
2019-06-27,2019062701006462,KPCL,39,52,10,93.00,930.00
2019-06-27,2019062701006346,KPCL,39,47,10,93.00,930.00
2019-06-27,2019062701006504,KPCL,39,52,10,93.00,930.00
2019-06-27,2019062701006535,KRBL,41,41,205,114.00,"23,370.00"
2019-06-27,2019062701006534,KRBL,57,41,45,114.00,"5,130.00"
2019-06-27,2019062701006487,KSBBL,36,33,500,157.00,"78,500.00"
2019-06-27,2019062701006486,KSBBL,36,46,"1,000",157.00,"157,000.00"
2019-06-27,2019062701006485,KSBBL,36,39,100,157.00,"15,700.00"
2019-06-27,2019062701006484,KSBBL,36,34,500,157.00,"78,500.00"
2019-06-27,2019062701006483,KSBBL,36,25,200,156.00,"31,200.00"
2019-06-27,2019062701006482,KSBBL,36,47,200,156.00,"31,200.00"
2019-06-27,2019062701006481,KSBBL,36,40,380,156.00,"59,280.00"
2019-06-27,2019062701006392,KSBBL,44,56,10,155.00,"1,550.00"
2019-06-27,2019062701006313,KSBBL,59,56,70,155.00,"10,850.00"
2019-06-27,2019062701006250,KSBBL,59,35,129,155.00,"19,995.00"
2019-06-27,2019062701006249,KSBBL,5,35,171,155.00,"26,505.00"
2019-06-27,2019062701006446,LBBL,33,41,563,195.00,"109,785.00"
2019-06-27,2019062701006445,LBBL,21,41,300,195.00,"58,500.00"
2019-06-27,2019062701006444,LBBL,59,41,88,195.00,"17,160.00"
2019-06-27,2019062701006207,LBBL,52,48,20,196.00,"3,920.00"
2019-06-27,2019062701006597,LBL,32,42,100,222.00,"22,200.00"
2019-06-27,2019062701006552,LBL,38,45,66,221.00,"14,586.00"
2019-06-27,2019062701006551,LBL,10,45,100,221.00,"22,100.00"
2019-06-27,2019062701006550,LBL,48,45,34,221.00,"7,514.00"
2019-06-27,2019062701006269,LBL,48,49,266,221.00,"58,786.00"
2019-06-27,2019062701006173,LBL,35,42,100,222.00,"22,200.00"
2019-06-27,2019062701006589,LGIL,51,29,170,431.00,"73,270.00"
2019-06-27,2019062701006448,LGIL,35,13,20,432.00,"8,640.00"
2019-06-27,2019062701006326,LGIL,22,22,100,431.00,"43,100.00"
2019-06-27,2019062701006353,LICN,22,1,50,"1,591.00","79,550.00"
2019-06-27,2019062701006258,LICN,22,59,30,"1,591.00","47,730.00"
2019-06-27,2019062701006470,MBL,43,41,137,266.00,"36,442.00"
2019-06-27,2019062701006640,MEGA,33,17,394,201.00,"79,194.00"
2019-06-27,2019062701006639,MEGA,33,29,106,201.00,"21,306.00"
2019-06-27,2019062701006546,MEGA,52,17,10,201.00,"2,010.00"
2019-06-27,2019062701006508,MEGA,56,17,91,201.00,"18,291.00"
2019-06-27,2019062701006507,MEGA,56,49,69,201.00,"13,869.00"
2019-06-27,2019062701006233,MEGA,57,49,50,201.00,"10,050.00"
2019-06-27,2019062701006280,MFIL,35,47,85,130.00,"11,050.00"
2019-06-27,2019062701006279,MFIL,35,52,50,130.00,"6,500.00"
2019-06-27,2019062701006278,MFIL,35,52,15,130.00,"1,950.00"
2019-06-27,2019062701006190,MFIL,28,8,500,128.00,"64,000.00"
2019-06-27,2019062701006228,MHNL,29,41,40,105.00,"4,200.00"
2019-06-27,2019062701006227,MHNL,29,41,30,105.00,"3,150.00"
2019-06-27,2019062701006226,MHNL,29,22,40,105.00,"4,200.00"
2019-06-27,2019062701006295,MLBBL,10,10,10,413.00,"4,130.00"
2019-06-27,2019062701006533,MLBL,33,22,216,192.00,"41,472.00"
2019-06-27,2019062701006291,MLBL,59,54,90,193.00,"17,370.00"
2019-06-27,2019062701006573,MNBBL,49,26,50,369.00,"18,450.00"
2019-06-27,2019062701006520,MNBBL,32,22,150,370.00,"55,500.00"
2019-06-27,2019062701006223,MNBBL,49,29,590,369.00,"217,710.00"
2019-06-27,2019062701006208,MNBBL,49,17,400,369.00,"147,600.00"
2019-06-27,2019062701006642,NABIL,5,14,204,800.00,"163,200.00"
2019-06-27,2019062701006582,NABIL,1,26,50,800.00,"40,000.00"
2019-06-27,2019062701006476,NABIL,6,14,250,801.00,"200,250.00"
2019-06-27,2019062701006400,NABIL,6,14,20,800.00,"16,000.00"
2019-06-27,2019062701006399,NABIL,19,14,50,800.00,"40,000.00"
2019-06-27,2019062701006398,NABIL,45,14,20,800.00,"16,000.00"
2019-06-27,2019062701006169,NABIL,6,14,46,801.00,"36,846.00"
2019-06-27,2019062701006161,NABIL,6,11,54,801.00,"43,254.00"
2019-06-27,2019062701006655,NABILP,10,51,12,790.00,"9,480.00"
2019-06-27,2019062701006518,NADEP,25,44,10,418.00,"4,180.00"
2019-06-27,2019062701006517,NADEP,34,44,10,419.00,"4,190.00"
2019-06-27,2019062701006657,NAGRO,26,44,10,500.00,"5,000.00"
2019-06-27,2019062701006647,NAGRO,26,48,10,500.00,"5,000.00"
2019-06-27,2019062701006637,NAGRO,26,44,10,500.00,"5,000.00"
2019-06-27,2019062701006620,NAGRO,26,58,10,500.00,"5,000.00"
2019-06-27,2019062701006617,NAGRO,26,44,10,500.00,"5,000.00"
2019-06-27,2019062701006615,NAGRO,26,47,10,500.00,"5,000.00"
2019-06-27,2019062701006437,NAGRO,46,22,10,501.00,"5,010.00"
2019-06-27,2019062701006292,NAGRO,46,52,10,501.00,"5,010.00"
2019-06-27,2019062701006286,NAGRO,46,42,10,501.00,"5,010.00"
2019-06-27,2019062701006271,NAGRO,16,43,10,503.00,"5,030.00"
2019-06-27,2019062701006270,NAGRO,16,25,10,502.00,"5,020.00"
2019-06-27,2019062701006195,NAGRO,46,58,10,501.00,"5,010.00"
2019-06-27,2019062701006555,NAGRO,38,58,10,501.00,"5,010.00"
2019-06-27,2019062701006554,NAGRO,38,44,10,501.00,"5,010.00"
2019-06-27,2019062701006540,NAGRO,38,58,10,501.00,"5,010.00"
2019-06-27,2019062701006530,NAGRO,38,58,10,501.00,"5,010.00"
2019-06-27,2019062701006521,NAGRO,46,44,10,501.00,"5,010.00"
2019-06-27,2019062701006478,NAGRO,46,58,10,501.00,"5,010.00"
2019-06-27,2019062701006604,NAGRO,26,44,10,500.00,"5,000.00"
2019-06-27,2019062701006593,NAGRO,26,44,10,500.00,"5,000.00"
2019-06-27,2019062701006581,NAGRO,38,44,10,501.00,"5,010.00"
2019-06-27,2019062701006574,NAGRO,38,48,10,501.00,"5,010.00"
2019-06-27,2019062701006563,NAGRO,38,44,10,501.00,"5,010.00"
2019-06-27,2019062701006317,NBB,58,39,300,222.00,"66,600.00"
2019-06-27,2019062701006288,NBB,11,39,190,222.00,"42,180.00"
2019-06-27,2019062701006287,NBB,11,39,310,222.00,"68,820.00"
2019-06-27,2019062701006262,NBB,58,39,"1,000",222.00,"222,000.00"
2019-06-27,2019062701006658,NBL,43,41,500,335.00,"167,500.00"
2019-06-27,2019062701006614,NBL,43,34,81,335.00,"27,135.00"
2019-06-27,2019062701006613,NBL,25,34,19,335.00,"6,365.00"
2019-06-27,2019062701006542,NBL,25,38,981,335.00,"328,635.00"
2019-06-27,2019062701006541,NBL,43,38,19,335.00,"6,365.00"
2019-06-27,2019062701006509,NBL,43,35,500,335.00,"167,500.00"
2019-06-27,2019062701006347,NBL,43,41,500,335.00,"167,500.00"
2019-06-27,2019062701006264,NBL,43,32,31,335.00,"10,385.00"
2019-06-27,2019062701006263,NBL,32,32,19,335.00,"6,365.00"
2019-06-27,2019062701006183,NBL,58,22,100,336.00,"33,600.00"
2019-06-27,2019062701006438,NBL,43,41,"1,000",335.00,"335,000.00"
2019-06-27,2019062701006420,NBL,43,19,481,335.00,"161,135.00"
2019-06-27,2019062701006419,NBL,56,19,100,335.00,"33,500.00"
2019-06-27,2019062701006418,NBL,43,19,419,335.00,"140,365.00"
2019-06-27,2019062701006417,NBL,43,42,50,335.00,"16,750.00"
2019-06-27,2019062701006396,NBL,43,41,"1,000",335.00,"335,000.00"
2019-06-27,2019062701006431,NCCB,25,34,"1,500",253.00,"379,500.00"
2019-06-27,2019062701006409,NCCB,25,34,297,253.00,"75,141.00"
2019-06-27,2019062701006408,NCCB,1,34,20,253.00,"5,060.00"
2019-06-27,2019062701006407,NCCB,8,34,"1,000",253.00,"253,000.00"
2019-06-27,2019062701006406,NCCB,33,34,183,253.00,"46,299.00"
2019-06-27,2019062701006397,NCCB,6,17,10,254.00,"2,540.00"
2019-06-27,2019062701006268,NCCB,17,17,920,254.00,"233,680.00"
2019-06-27,2019062701006267,NCCB,17,8,500,254.00,"127,000.00"
2019-06-27,2019062701006266,NCCB,17,41,80,254.00,"20,320.00"
2019-06-27,2019062701006252,NCCB,17,41,596,254.00,"151,384.00"
2019-06-27,2019062701006251,NCCB,17,58,904,254.00,"229,616.00"
2019-06-27,2019062701006557,NEF,43,32,"1,207",8.25,"9,957.75"
2019-06-27,2019062701006605,NIB,34,26,100,526.00,"52,600.00"
2019-06-27,2019062701006495,NIB,44,42,100,526.00,"52,600.00"
2019-06-27,2019062701006494,NIB,44,41,40,526.00,"21,040.00"
2019-06-27,2019062701006493,NIB,44,42,44,526.00,"23,144.00"
2019-06-27,2019062701006492,NIB,44,11,21,526.00,"11,046.00"
2019-06-27,2019062701006339,NIB,36,11,200,526.00,"105,200.00"
2019-06-27,2019062701006404,NIBLPF,35,58,253,7.21,"1,824.13"
2019-06-27,2019062701006315,NIBPO,11,44,300,491.00,"147,300.00"
2019-06-27,2019062701006314,NIBPO,11,44,200,490.00,"98,000.00"
2019-06-27,2019062701006580,NICA,35,11,500,463.00,"231,500.00"
2019-06-27,2019062701006553,NICA,53,6,238,463.00,"110,194.00"
2019-06-27,2019062701006506,NICA,45,6,94,463.00,"43,522.00"
2019-06-27,2019062701006477,NICA,45,8,106,463.00,"49,078.00"
2019-06-27,2019062701006472,NICA,19,8,50,463.00,"23,150.00"
2019-06-27,2019062701006430,NICA,18,8,500,463.00,"231,500.00"
2019-06-27,2019062701006391,NICA,45,41,55,462.00,"25,410.00"
2019-06-27,2019062701006390,NICA,45,22,116,462.00,"53,592.00"
2019-06-27,2019062701006360,NICA,49,8,344,463.00,"159,272.00"
2019-06-27,2019062701006283,NICA,49,8,344,463.00,"159,272.00"
2019-06-27,2019062701006260,NICA,25,8,300,463.00,"138,900.00"
2019-06-27,2019062701006531,NICL,10,14,20,353.00,"7,060.00"
2019-06-27,2019062701006511,NICL,38,34,505,354.00,"178,770.00"
2019-06-27,2019062701006491,NICL,10,42,60,353.00,"21,180.00"
2019-06-27,2019062701006410,NICL,10,41,50,353.00,"17,650.00"
2019-06-27,2019062701006216,NICL,22,34,200,354.00,"70,800.00"
2019-06-27,2019062701006560,NLBBL,51,39,490,483.00,"236,670.00"
2019-06-27,2019062701006502,NLG,25,29,10,741.00,"7,410.00"
2019-06-27,2019062701006160,NLG,35,19,45,730.00,"32,850.00"
2019-06-27,2019062701006618,NLIC,21,17,420,889.00,"373,380.00"
2019-06-27,2019062701006548,NLIC,21,17,41,889.00,"36,449.00"
2019-06-27,2019062701006547,NLIC,45,17,59,889.00,"52,451.00"
2019-06-27,2019062701006519,NLIC,45,41,11,889.00,"9,779.00"
2019-06-27,2019062701006503,NLIC,48,6,30,890.00,"26,700.00"
2019-06-27,2019062701006177,NLIC,32,42,83,890.00,"73,870.00"
2019-06-27,2019062701006176,NLIC,45,42,16,890.00,"14,240.00"
2019-06-27,2019062701006500,NLICL,44,14,45,599.00,"26,955.00"
2019-06-27,2019062701006457,NLICL,25,57,200,600.00,"120,000.00"
2019-06-27,2019062701006388,NLICL,25,48,292,600.00,"175,200.00"
2019-06-27,2019062701006387,NLICL,35,48,50,600.00,"30,000.00"
2019-06-27,2019062701006386,NLICL,35,48,150,600.00,"90,000.00"
2019-06-27,2019062701006385,NLICL,35,48,50,600.00,"30,000.00"
2019-06-27,2019062701006384,NLICL,35,48,60,600.00,"36,000.00"
2019-06-27,2019062701006383,NLICL,48,48,100,600.00,"60,000.00"
2019-06-27,2019062701006382,NLICL,55,48,120,600.00,"72,000.00"
2019-06-27,2019062701006447,NTC,33,52,10,703.00,"7,030.00"
2019-06-27,2019062701006323,NTC,44,34,900,700.00,"630,000.00"
2019-06-27,2019062701006193,NTC,44,34,50,698.00,"34,900.00"
2019-06-27,2019062701006192,NTC,45,34,50,700.00,"35,000.00"
2019-06-27,2019062701006539,NUBL,7,41,11,835.00,"9,185.00"
2019-06-27,2019062701006450,NUBL,7,45,15,835.00,"12,525.00"
2019-06-27,2019062701006218,NUBL,45,26,300,837.00,"251,100.00"
2019-06-27,2019062701006217,NUBL,45,4,200,837.00,"167,400.00"
2019-06-27,2019062701006186,NUBL,7,13,46,835.00,"38,410.00"
2019-06-27,2019062701006185,NUBL,17,13,14,835.00,"11,690.00"
2019-06-27,2019062701006184,NUBL,29,13,10,835.00,"8,350.00"
2019-06-27,2019062701006567,OHL,25,22,44,619.00,"27,236.00"
2019-06-27,2019062701006549,OHL,45,41,24,618.00,"14,832.00"
2019-06-27,2019062701006200,OHL,34,44,58,619.00,"35,902.00"
2019-06-27,2019062701006413,OHL,35,22,20,619.00,"12,380.00"
2019-06-27,2019062701006412,OHL,19,22,50,619.00,"30,950.00"
2019-06-27,2019062701006411,OHL,34,22,36,619.00,"22,284.00"
2019-06-27,2019062701006232,PFL,1,26,40,141.00,"5,640.00"
2019-06-27,2019062701006220,PFL,1,17,200,140.00,"28,000.00"
2019-06-27,2019062701006349,PIC,42,50,50,985.00,"49,250.00"
2019-06-27,2019062701006329,PIC,36,50,10,985.00,"9,850.00"
2019-06-27,2019062701006328,PIC,36,14,90,983.00,"88,470.00"
2019-06-27,2019062701006221,PIC,41,50,11,985.00,"10,835.00"
2019-06-27,2019062701006475,PLIC,45,58,200,430.00,"86,000.00"
2019-06-27,2019062701006242,PLIC,45,58,200,430.00,"86,000.00"
2019-06-27,2019062701006241,PLIC,22,58,30,430.00,"12,900.00"
2019-06-27,2019062701006240,PLIC,21,58,20,430.00,"8,600.00"
2019-06-27,2019062701006239,PLIC,55,58,50,430.00,"21,500.00"
2019-06-27,2019062701006577,PMHPL,43,33,10,106.00,"1,060.00"
2019-06-27,2019062701006644,PPCL,14,3,20,142.00,"2,840.00"
2019-06-27,2019062701006643,PPCL,14,3,30,142.00,"4,260.00"
2019-06-27,2019062701006636,PPCL,36,11,30,140.00,"4,200.00"
2019-06-27,2019062701006628,PPCL,36,22,10,140.00,"1,400.00"
2019-06-27,2019062701006206,PPCL,36,58,10,140.00,"1,400.00"
2019-06-27,2019062701006611,PRIN,54,26,100,374.00,"37,400.00"
2019-06-27,2019062701006333,PRVU,46,14,"1,930",268.00,"517,240.00"
2019-06-27,2019062701006225,PRVU,6,45,22,267.00,"5,874.00"
2019-06-27,2019062701006480,PRVU,6,52,238,267.00,"63,546.00"
2019-06-27,2019062701006334,PRVU,46,29,540,268.00,"144,720.00"
2019-06-27,2019062701006435,RBCLPO,17,16,10,"8,600.00","86,000.00"
2019-06-27,2019062701006434,RBCLPO,26,16,10,"8,605.00","86,050.00"
2019-06-27,2019062701006433,RBCLPO,26,16,10,"8,605.00","86,050.00"
2019-06-27,2019062701006432,RBCLPO,47,16,20,"8,606.00","172,120.00"
2019-06-27,2019062701006571,RMDC,26,1,247,652.00,"161,044.00"
2019-06-27,2019062701006570,RMDC,26,17,48,652.00,"31,296.00"
2019-06-27,2019062701006569,RMDC,26,32,100,652.00,"65,200.00"
2019-06-27,2019062701006568,RMDC,26,41,105,650.00,"68,250.00"
2019-06-27,2019062701006402,RMDC,51,55,100,650.00,"65,000.00"
2019-06-27,2019062701006401,RRHP,44,44,10,111.00,"1,110.00"
2019-06-27,2019062701006474,RSDC,17,14,100,350.00,"35,000.00"
2019-06-27,2019062701006456,RSDC,17,14,600,350.00,"210,000.00"
2019-06-27,2019062701006275,RSDC,5,8,100,349.00,"34,900.00"
2019-06-27,2019062701006489,SADBL,7,28,924,152.00,"140,448.00"
2019-06-27,2019062701006257,SAEF,43,57,500,9.51,"4,755.00"
2019-06-27,2019062701006237,SAEF,43,57,500,9.51,"4,755.00"
2019-06-27,2019062701006229,SAEF,43,57,500,9.51,"4,755.00"
2019-06-27,2019062701006219,SAEF,43,57,500,9.51,"4,755.00"
2019-06-27,2019062701006205,SAEF,43,57,500,9.51,"4,755.00"
2019-06-27,2019062701006583,SANIMA,28,41,18,350.00,"6,300.00"
2019-06-27,2019062701006576,SANIMA,28,11,54,350.00,"18,900.00"
2019-06-27,2019062701006575,SANIMA,28,29,200,350.00,"70,000.00"
2019-06-27,2019062701006348,SANIMA,44,58,10,349.00,"3,490.00"
2019-06-27,2019062701006327,SANIMA,34,20,"1,000",350.00,"350,000.00"
2019-06-27,2019062701006199,SANIMA,59,13,100,350.00,"35,000.00"
2019-06-27,2019062701006198,SANIMA,19,13,200,350.00,"70,000.00"
2019-06-27,2019062701006602,SBI,19,14,20,461.00,"9,220.00"
2019-06-27,2019062701006596,SBI,38,41,50,462.00,"23,100.00"
2019-06-27,2019062701006595,SBI,56,41,50,462.00,"23,100.00"
2019-06-27,2019062701006624,SBL,39,39,"5,000",322.00,"1,610,000.00"
2019-06-27,2019062701006623,SBL,53,39,200,322.00,"64,400.00"
2019-06-27,2019062701006622,SBL,49,39,100,322.00,"32,200.00"
2019-06-27,2019062701006352,SBL,18,39,"2,000",322.00,"644,000.00"
2019-06-27,2019062701006351,SBL,39,39,"3,000",322.00,"966,000.00"
2019-06-27,2019062701006350,SBL,5,39,500,322.00,"161,000.00"
2019-06-27,2019062701006656,SCB,28,56,865,665.00,"575,225.00"
2019-06-27,2019062701006619,SCB,28,26,100,665.00,"66,500.00"
2019-06-27,2019062701006556,SCB,28,42,35,665.00,"23,275.00"
2019-06-27,2019062701006453,SCB,5,52,30,664.00,"19,920.00"
2019-06-27,2019062701006452,SCB,28,52,440,665.00,"292,600.00"
2019-06-27,2019062701006451,SCB,25,52,30,666.00,"19,980.00"
2019-06-27,2019062701006372,SCB,25,17,50,666.00,"33,300.00"
2019-06-27,2019062701006543,SEF,43,7,500,9.61,"4,805.00"
2019-06-27,2019062701006527,SEF,43,7,500,9.61,"4,805.00"
2019-06-27,2019062701006488,SEF,43,7,500,9.61,"4,805.00"
2019-06-27,2019062701006374,SEF,43,7,500,9.61,"4,805.00"
2019-06-27,2019062701006345,SEF,43,7,500,9.61,"4,805.00"
2019-06-27,2019062701006316,SEF,43,7,500,9.61,"4,805.00"
2019-06-27,2019062701006294,SEF,43,32,100,9.61,961.00
2019-06-27,2019062701006322,SHINE,39,4,100,257.00,"25,700.00"
2019-06-27,2019062701006196,SHINE,39,34,66,257.00,"16,962.00"
2019-06-27,2019062701006189,SHINE,39,34,200,257.00,"51,400.00"
2019-06-27,2019062701006600,SHIVM,22,58,200,648.00,"129,600.00"
2019-06-27,2019062701006585,SHIVM,21,58,500,648.00,"324,000.00"
2019-06-27,2019062701006524,SHIVM,21,58,150,648.00,"97,200.00"
2019-06-27,2019062701006523,SHIVM,21,44,680,648.00,"440,640.00"
2019-06-27,2019062701006468,SHIVM,34,57,10,647.00,"6,470.00"
2019-06-27,2019062701006467,SHIVM,1,57,50,647.00,"32,350.00"
2019-06-27,2019062701006319,SHIVM,14,26,10,648.00,"6,480.00"
2019-06-27,2019062701006256,SHIVM,45,44,100,649.00,"64,900.00"
2019-06-27,2019062701006255,SHIVM,48,44,20,649.00,"12,980.00"
2019-06-27,2019062701006254,SHIVM,10,44,50,649.00,"32,450.00"
2019-06-27,2019062701006187,SHIVM,56,1,400,649.00,"259,600.00"
2019-06-27,2019062701006366,SHIVM,29,58,"1,000",648.00,"648,000.00"
2019-06-27,2019062701006365,SHIVM,50,58,100,648.00,"64,800.00"
2019-06-27,2019062701006364,SHIVM,49,58,270,648.00,"174,960.00"
2019-06-27,2019062701006363,SHIVM,37,58,300,648.00,"194,400.00"
2019-06-27,2019062701006362,SHIVM,14,58,110,648.00,"71,280.00"
2019-06-27,2019062701006427,SHIVM,39,44,50,648.00,"32,400.00"
2019-06-27,2019062701006371,SHIVM,39,58,250,648.00,"162,000.00"
2019-06-27,2019062701006370,SHIVM,22,58,50,648.00,"32,400.00"
2019-06-27,2019062701006369,SHIVM,19,58,300,648.00,"194,400.00"
2019-06-27,2019062701006368,SHIVM,35,58,20,648.00,"12,960.00"
2019-06-27,2019062701006367,SHIVM,22,58,200,648.00,"129,600.00"
2019-06-27,2019062701006466,SHIVM,22,57,440,647.00,"284,680.00"
2019-06-27,2019062701006442,SHIVM,22,57,60,647.00,"38,820.00"
2019-06-27,2019062701006441,SHIVM,38,57,50,647.00,"32,350.00"
2019-06-27,2019062701006440,SHIVM,39,57,100,647.00,"64,700.00"
2019-06-27,2019062701006439,SHIVM,34,57,400,647.00,"258,800.00"
2019-06-27,2019062701006428,SHIVM,56,44,100,648.00,"64,800.00"
2019-06-27,2019062701006579,SHL,11,19,363,234.00,"84,942.00"
2019-06-27,2019062701006421,SHL,11,43,100,234.00,"23,400.00"
2019-06-27,2019062701006528,SHPC,25,52,88,249.00,"21,912.00"
2019-06-27,2019062701006422,SHPC,25,41,50,249.00,"12,450.00"
2019-06-27,2019062701006522,SICL,41,58,49,740.00,"36,260.00"
2019-06-27,2019062701006248,SICL,54,34,500,745.00,"372,500.00"
2019-06-27,2019062701006247,SICL,28,34,100,745.00,"74,500.00"
2019-06-27,2019062701006246,SICL,41,6,50,746.00,"37,300.00"
2019-06-27,2019062701006238,SICL,5,6,300,746.00,"223,800.00"
2019-06-27,2019062701006175,SICL,6,6,100,746.00,"74,600.00"
2019-06-27,2019062701006578,SLICL,22,14,20,457.00,"9,140.00"
2019-06-27,2019062701006204,SLICL,22,10,80,457.00,"36,560.00"
2019-06-27,2019062701006203,SLICL,26,10,20,458.00,"9,160.00"
2019-06-27,2019062701006449,SMB,7,29,10,410.00,"4,100.00"
2019-06-27,2019062701006336,SMB,7,47,10,406.00,"4,060.00"
2019-06-27,2019062701006545,SRBL,28,52,51,252.00,"12,852.00"
2019-06-27,2019062701006191,SRBL,29,13,150,254.00,"38,100.00"
2019-06-27,2019062701006358,SWBBL,32,49,29,914.00,"26,506.00"
2019-06-27,2019062701006357,SWBBL,32,52,101,913.00,"92,213.00"
2019-06-27,2019062701006356,SWBBL,32,49,95,912.00,"86,640.00"
2019-06-27,2019062701006355,SWBBL,32,58,25,912.00,"22,800.00"
2019-06-27,2019062701006354,SWBBL,32,25,50,912.00,"45,600.00"
2019-06-27,2019062701006342,TRH,37,57,"1,500",308.00,"462,000.00"
2019-06-27,2019062701006341,TRH,49,57,200,308.00,"61,600.00"
2019-06-27,2019062701006274,TRH,49,57,"1,800",308.00,"554,400.00"
2019-06-27,2019062701006273,TRH,45,57,200,308.00,"61,600.00"
2019-06-27,2019062701006265,UIC,6,49,21,900.00,"18,900.00"
2019-06-27,2019062701006646,UPCL,37,38,300,91.00,"27,300.00"
2019-06-27,2019062701006621,UPPER,55,41,200,266.00,"53,200.00"
2019-06-27,2019062701006588,UPPER,52,45,177,267.00,"47,259.00"
2019-06-27,2019062701006558,UPPER,55,52,50,266.00,"13,300.00"
2019-06-27,2019062701006538,UPPER,29,45,23,267.00,"6,141.00"
2019-06-27,2019062701006330,UPPER,46,1,22,268.00,"5,896.00"
2019-06-27,2019062701006253,UPPER,46,57,"1,300",268.00,"348,400.00"
2019-06-27,2019062701006181,UPPER,46,32,40,268.00,"10,720.00"
2019-06-27,2019062701006361,UPPER,48,41,50,267.00,"13,350.00"
2019-06-27,2019062701006344,UPPER,32,51,12,268.00,"3,216.00"
2019-06-27,2019062701006331,UPPER,32,1,28,268.00,"7,504.00"
2019-06-27,2019062701006537,UPPER,29,43,277,267.00,"73,959.00"
2019-06-27,2019062701006499,UPPER,26,43,300,267.00,"80,100.00"
2019-06-27,2019062701006498,UPPER,50,43,400,267.00,"106,800.00"
2019-06-27,2019062701006497,UPPER,16,43,500,267.00,"133,500.00"
2019-06-27,2019062701006496,UPPER,48,43,23,267.00,"6,141.00"
2019-06-27,2019062701006231,VLBS,22,21,15,480.00,"7,200.00"
2019-06-27,2019062701006335,VLBS,39,22,11,482.00,"5,302.00"
2019-06-27,2019062701005869,ADBL,37,19,121,413.00,"49,973.00"
2019-06-27,2019062701005868,ADBL,37,8,100,413.00,"41,300.00"
2019-06-27,2019062701005867,ADBL,37,58,779,413.00,"321,727.00"
2019-06-27,2019062701005713,AKPL,54,13,50,183.00,"9,150.00"
2019-06-27,2019062701005808,ALBSL,48,39,10,400.00,"4,000.00"
2019-06-27,2019062701005752,ALBSL,44,44,10,396.00,"3,960.00"
2019-06-27,2019062701005676,ALBSL,14,16,10,393.00,"3,930.00"
2019-06-27,2019062701006059,ALICL,14,22,200,392.00,"78,400.00"
2019-06-27,2019062701005726,ALICL,33,22,10,392.00,"3,920.00"
2019-06-27,2019062701006060,API,44,44,1,141.00,141.00
2019-06-27,2019062701005927,API,44,44,1,141.00,141.00
2019-06-27,2019062701005900,API,53,41,983,143.00,"140,569.00"
2019-06-27,2019062701005884,API,34,25,500,142.00,"71,000.00"
2019-06-27,2019062701005883,API,37,25,"1,000",142.00,"142,000.00"
2019-06-27,2019062701005818,API,44,44,1,142.00,142.00
2019-06-27,2019062701005807,API,42,41,500,143.00,"71,500.00"
2019-06-27,2019062701005806,API,11,41,100,143.00,"14,300.00"
2019-06-27,2019062701005805,API,4,41,427,143.00,"61,061.00"
2019-06-27,2019062701005717,API,44,44,1,142.00,142.00
2019-06-27,2019062701005669,API,44,44,3,142.00,426.00
2019-06-27,2019062701005677,BFC,57,22,90,104.00,"9,360.00"
2019-06-27,2019062701006071,BOKL,57,57,37,265.00,"9,805.00"
2019-06-27,2019062701005974,BOKL,57,19,51,265.00,"13,515.00"
2019-06-27,2019062701005973,BOKL,57,41,12,264.00,"3,168.00"
2019-06-27,2019062701005764,BPCL,35,16,22,403.00,"8,866.00"
2019-06-27,2019062701006113,BPCL,34,34,22,403.00,"8,866.00"
2019-06-27,2019062701005921,BPCL,57,26,22,402.00,"8,844.00"
2019-06-27,2019062701005920,BPCL,22,16,22,403.00,"8,866.00"
2019-06-27,2019062701005919,BPCL,22,16,22,403.00,"8,866.00"
2019-06-27,2019062701005918,BPCL,22,16,22,403.00,"8,866.00"
2019-06-27,2019062701005765,BPCL,35,16,22,403.00,"8,866.00"
2019-06-27,2019062701006009,CBBL,39,58,20,949.00,"18,980.00"
2019-06-27,2019062701005668,CBBL,39,54,500,948.00,"474,000.00"
2019-06-27,2019062701006080,CBL,54,49,500,146.00,"73,000.00"
2019-06-27,2019062701006053,CBL,8,49,87,146.00,"12,702.00"
2019-06-27,2019062701005912,CBL,34,49,200,146.00,"29,200.00"
2019-06-27,2019062701005845,CBL,28,41,370,145.00,"53,650.00"
2019-06-27,2019062701005844,CBL,26,41,500,145.00,"72,500.00"
2019-06-27,2019062701005843,CBL,45,41,200,145.00,"29,000.00"
2019-06-27,2019062701005842,CBL,26,41,500,145.00,"72,500.00"
2019-06-27,2019062701005841,CBL,26,41,42,145.00,"6,090.00"
2019-06-27,2019062701005763,CBL,49,49,"25,000",144.00,"3,600,000.00"
2019-06-27,2019062701005681,CBL,26,49,458,145.00,"66,410.00"
2019-06-27,2019062701005661,CBL,7,49,"1,000",145.00,"145,000.00"
2019-06-27,2019062701005660,CBL,8,49,"1,000",145.00,"145,000.00"
2019-06-27,2019062701005862,CCBL,34,41,103,167.00,"17,201.00"
2019-06-27,2019062701005744,CCBL,25,38,80,168.00,"13,440.00"
2019-06-27,2019062701005743,CCBL,25,13,20,168.00,"3,360.00"
2019-06-27,2019062701006154,CHCL,1,44,100,511.00,"51,100.00"
2019-06-27,2019062701005989,CHCL,35,44,20,511.00,"10,220.00"
2019-06-27,2019062701005980,CHCL,13,44,273,511.00,"139,503.00"
2019-06-27,2019062701005931,CHCL,13,6,16,511.00,"8,176.00"
2019-06-27,2019062701005913,CHCL,13,41,11,511.00,"5,621.00"
2019-06-27,2019062701005739,CHCL,10,42,60,511.00,"30,660.00"
2019-06-27,2019062701005997,CZBIL,7,19,125,221.00,"27,625.00"
2019-06-27,2019062701005926,CZBIL,7,41,488,221.00,"107,848.00"
2019-06-27,2019062701005925,CZBIL,32,41,10,222.00,"2,220.00"
2019-06-27,2019062701005671,CZBIL,7,28,500,221.00,"110,500.00"
2019-06-27,2019062701005664,CZBIL,7,28,314,221.00,"69,394.00"
2019-06-27,2019062701005663,CZBIL,32,28,71,221.00,"15,691.00"
2019-06-27,2019062701005956,DBBL,37,41,567,138.00,"78,246.00"
2019-06-27,2019062701005955,DBBL,35,41,100,138.00,"13,800.00"
2019-06-27,2019062701005954,DBBL,58,41,313,138.00,"43,194.00"
2019-06-27,2019062701005758,DBBL,58,48,400,138.00,"55,200.00"
2019-06-27,2019062701006068,DDBL,49,17,140,710.00,"99,400.00"
2019-06-27,2019062701006098,EBL,49,56,60,665.00,"39,900.00"
2019-06-27,2019062701006081,EBL,49,5,100,665.00,"66,500.00"
2019-06-27,2019062701005673,EBL,34,39,136,664.00,"90,304.00"
2019-06-27,2019062701005672,EBL,32,39,20,665.00,"13,300.00"
2019-06-27,2019062701005827,EBL,49,50,777,665.00,"516,705.00"
2019-06-27,2019062701005675,EBL,7,39,"1,313",664.00,"871,832.00"
2019-06-27,2019062701005674,EBL,35,39,20,664.00,"13,280.00"
2019-06-27,2019062701005976,EIC,21,7,90,374.00,"33,660.00"
2019-06-27,2019062701005975,EIC,21,13,10,372.00,"3,720.00"
2019-06-27,2019062701006150,GBBL,55,58,768,222.00,"170,496.00"
2019-06-27,2019062701006149,GBBL,32,58,200,222.00,"44,400.00"
2019-06-27,2019062701006148,GBBL,42,58,100,222.00,"22,200.00"
2019-06-27,2019062701005943,GBIME,58,34,74,304.00,"22,496.00"
2019-06-27,2019062701005942,GBIME,42,34,26,304.00,"7,904.00"
2019-06-27,2019062701005821,GBIME,42,52,174,304.00,"52,896.00"
2019-06-27,2019062701005820,GBIME,45,52,50,304.00,"15,200.00"
2019-06-27,2019062701005819,GBIME,56,52,126,304.00,"38,304.00"
2019-06-27,2019062701005829,GBLBS,51,25,120,352.00,"42,240.00"
2019-06-27,2019062701005834,GDBL,37,6,22,211.00,"4,642.00"
2019-06-27,2019062701006035,GFCL,47,41,164,130.00,"21,320.00"
2019-06-27,2019062701005745,GILB,38,44,10,"1,211.00","12,110.00"
2019-06-27,2019062701006001,GLBSL,7,48,10,401.00,"4,010.00"
2019-06-27,2019062701005809,GLBSL,7,34,10,401.00,"4,010.00"
2019-06-27,2019062701005746,GLBSL,7,16,10,401.00,"4,010.00"
2019-06-27,2019062701006100,GLICL,13,50,30,477.00,"14,310.00"
2019-06-27,2019062701006099,GLICL,25,50,20,477.00,"9,540.00"
2019-06-27,2019062701006158,GMFBS,21,39,10,434.00,"4,340.00"
2019-06-27,2019062701006126,GMFBS,21,39,10,434.00,"4,340.00"
2019-06-27,2019062701006088,GMFBS,34,34,10,435.00,"4,350.00"
2019-06-27,2019062701006020,GMFBS,21,8,10,434.00,"4,340.00"
2019-06-27,2019062701006016,GMFBS,21,39,10,434.00,"4,340.00"
2019-06-27,2019062701006002,GMFBS,21,18,10,434.00,"4,340.00"
2019-06-27,2019062701005910,GMFBS,45,43,10,435.00,"4,350.00"
2019-06-27,2019062701005826,GMFBS,45,17,10,435.00,"4,350.00"
2019-06-27,2019062701005712,GMFBS,45,10,10,435.00,"4,350.00"
2019-06-27,2019062701005693,GMFBS,45,38,10,435.00,"4,350.00"
2019-06-27,2019062701005971,GMFBS,21,44,10,438.00,"4,380.00"
2019-06-27,2019062701005970,GMFBS,21,59,10,438.00,"4,380.00"
2019-06-27,2019062701005969,GMFBS,21,56,10,438.00,"4,380.00"
2019-06-27,2019062701005968,GMFBS,21,29,10,438.00,"4,380.00"
2019-06-27,2019062701005967,GMFBS,21,57,10,438.00,"4,380.00"
2019-06-27,2019062701005966,GMFBS,21,14,10,438.00,"4,380.00"
2019-06-27,2019062701006000,GMFBS,21,51,10,434.00,"4,340.00"
2019-06-27,2019062701005998,GMFBS,21,18,10,434.00,"4,340.00"
2019-06-27,2019062701005988,GMFBS,21,51,10,434.00,"4,340.00"
2019-06-27,2019062701005985,GMFBS,21,18,10,434.00,"4,340.00"
2019-06-27,2019062701005977,GMFBS,45,43,10,435.00,"4,350.00"
2019-06-27,2019062701005972,GMFBS,21,25,10,438.00,"4,380.00"
2019-06-27,2019062701006067,GUFL,28,32,150,120.00,"18,000.00"
2019-06-27,2019062701006066,GUFL,28,41,13,120.00,"1,560.00"
2019-06-27,2019062701006003,GUFL,28,41,800,120.00,"96,000.00"
2019-06-27,2019062701005714,GUFL,28,49,200,120.00,"24,000.00"
2019-06-27,2019062701005682,GUFL,28,49,800,120.00,"96,000.00"
2019-06-27,2019062701005698,HBL,33,58,10,555.00,"5,550.00"
2019-06-27,2019062701006130,HDL,57,50,10,"1,708.00","17,080.00"
2019-06-27,2019062701005963,HDL,36,49,150,"1,710.00","256,500.00"
