Date,Transact. No.,Symbol,Buyer,Seller,Quantity,Rate,Amount
2019-01-24,2019012401006068,ADBL,39,39,229,342.00,"78,318.00"
2019-01-24,2019012401006067,ADBL,22,39,100,342.00,"34,200.00"
2019-01-24,2019012401006066,ADBL,22,39,100,342.00,"34,200.00"
2019-01-24,2019012401006065,ADBL,59,39,571,342.00,"195,282.00"
2019-01-24,2019012401006002,ADBL,32,32,100,343.00,"34,300.00"
2019-01-24,2019012401005902,AHPC,45,59,200,103.00,"20,600.00"
2019-01-24,2019012401005901,AHPC,34,59,300,103.00,"30,900.00"
2019-01-24,2019012401005900,AHPC,33,59,500,103.00,"51,500.00"
2019-01-24,2019012401005899,AHPC,33,59,10,103.00,"1,030.00"
2019-01-24,2019012401005898,AHPC,29,59,346,103.00,"35,638.00"
2019-01-24,2019012401005897,AHPC,16,59,265,104.00,"27,560.00"
2019-01-24,2019012401005682,AHPC,16,39,"1,735",104.00,"180,440.00"
2019-01-24,2019012401005681,AHPC,25,39,265,104.00,"27,560.00"
2019-01-24,2019012401005832,AKJCL,21,40,20,86.00,"1,720.00"
2019-01-24,2019012401006086,ALICL,46,49,100,618.00,"61,800.00"
2019-01-24,2019012401005971,ALICL,43,55,60,620.00,"37,200.00"
2019-01-24,2019012401005736,ALICL,43,10,30,620.00,"18,600.00"
2019-01-24,2019012401005929,API,57,44,30,146.00,"4,380.00"
2019-01-24,2019012401005862,API,25,44,14,146.00,"2,044.00"
2019-01-24,2019012401005845,API,39,58,"1,000",145.00,"145,000.00"
2019-01-24,2019012401005709,API,52,58,100,145.00,"14,500.00"
2019-01-24,2019012401005697,BNT,5,28,20,"6,520.00","130,400.00"
2019-01-24,2019012401005615,BOKL,26,50,30,256.00,"7,680.00"
2019-01-24,2019012401005762,BPCL,8,37,100,368.00,"36,800.00"
2019-01-24,2019012401005645,BPCL,8,42,50,368.00,"18,400.00"
2019-01-24,2019012401006094,CBBL,42,58,20,895.00,"17,900.00"
2019-01-24,2019012401005926,CBBL,36,26,190,895.00,"170,050.00"
2019-01-24,2019012401005672,CBBL,57,17,100,898.00,"89,800.00"
2019-01-24,2019012401005648,CBBL,59,17,320,896.00,"286,720.00"
2019-01-24,2019012401005616,CBBL,25,17,160,897.00,"143,520.00"
2019-01-24,2019012401005830,CBBL,38,26,50,895.00,"44,750.00"
2019-01-24,2019012401005829,CBBL,6,26,10,895.00,"8,950.00"
2019-01-24,2019012401005828,CBBL,14,26,150,895.00,"134,250.00"
2019-01-24,2019012401005800,CBBL,14,17,50,895.00,"44,750.00"
2019-01-24,2019012401005799,CBBL,36,17,50,895.00,"44,750.00"
2019-01-24,2019012401005673,CBBL,57,36,100,898.00,"89,800.00"
2019-01-24,2019012401006016,CBL,11,59,410,160.00,"65,600.00"
2019-01-24,2019012401005964,CBL,11,14,90,160.00,"14,400.00"
2019-01-24,2019012401005963,CBL,46,14,10,160.00,"1,600.00"
2019-01-24,2019012401005703,CCBL,44,33,"1,000",171.00,"171,000.00"
2019-01-24,2019012401005680,CCBL,38,39,100,172.00,"17,200.00"
2019-01-24,2019012401005821,CHCL,55,33,10,533.00,"5,330.00"
2019-01-24,2019012401006101,CIT,25,45,10,"2,739.00","27,390.00"
2019-01-24,2019012401006075,CIT,49,32,80,"2,722.00","217,760.00"
2019-01-24,2019012401006074,CIT,16,32,20,"2,734.00","54,680.00"
2019-01-24,2019012401006072,CIT,48,45,50,"2,739.00","136,950.00"
2019-01-24,2019012401006071,CIT,48,45,20,"2,739.00","54,780.00"
2019-01-24,2019012401006070,CIT,48,43,30,"2,738.00","82,140.00"
2019-01-24,2019012401005739,CIT,25,22,91,"2,738.00","249,158.00"
2019-01-24,2019012401005738,CIT,44,34,50,"2,726.00","136,300.00"
2019-01-24,2019012401005730,CIT,44,29,80,"2,726.00","218,080.00"
2019-01-24,2019012401005729,CIT,35,29,20,"2,727.00","54,540.00"
2019-01-24,2019012401005977,CIT,44,42,10,"2,726.00","27,260.00"
2019-01-24,2019012401005970,CIT,18,48,10,"2,734.00","27,340.00"
2019-01-24,2019012401005937,CIT,25,34,50,"2,733.00","136,650.00"
2019-01-24,2019012401005911,CIT,19,34,50,"2,733.00","136,650.00"
2019-01-24,2019012401005876,CIT,44,58,60,"2,726.00","163,560.00"
2019-01-24,2019012401005747,CIT,25,42,10,"2,737.00","27,370.00"
2019-01-24,2019012401006069,CIT,48,37,100,"2,735.00","273,500.00"
2019-01-24,2019012401006064,CIT,16,53,50,"2,734.00","136,700.00"
2019-01-24,2019012401006062,CIT,10,37,100,"2,725.00","272,500.00"
2019-01-24,2019012401006061,CIT,32,37,90,"2,725.00","245,250.00"
2019-01-24,2019012401005979,CIT,32,42,10,"2,725.00","27,250.00"
2019-01-24,2019012401005978,CIT,11,42,20,"2,725.00","54,500.00"
2019-01-24,2019012401005735,CZBIL,38,43,"1,000",212.00,"212,000.00"
2019-01-24,2019012401005677,CZBIL,32,43,700,212.00,"148,400.00"
2019-01-24,2019012401005875,DBBL,49,22,100,126.00,"12,600.00"
2019-01-24,2019012401005838,DBBL,55,52,10,127.00,"1,270.00"
2019-01-24,2019012401005632,DBBL,49,25,500,126.00,"63,000.00"
2019-01-24,2019012401005780,DDBL,44,36,200,585.00,"117,000.00"
2019-01-24,2019012401005750,DDBL,44,50,100,580.00,"58,000.00"
2019-01-24,2019012401006022,EBL,53,44,650,527.00,"342,550.00"
2019-01-24,2019012401005855,EBL,28,39,13,526.00,"6,838.00"
2019-01-24,2019012401005801,EBL,1,44,50,527.00,"26,350.00"
2019-01-24,2019012401005713,EBL,28,28,150,526.00,"78,900.00"
2019-01-24,2019012401005947,EDBL,36,14,30,284.00,"8,520.00"
2019-01-24,2019012401005990,FMDBL,26,16,50,386.00,"19,300.00"
2019-01-24,2019012401005753,FMDBL,57,6,246,383.00,"94,218.00"
2019-01-24,2019012401005752,FMDBL,22,6,100,383.00,"38,300.00"
2019-01-24,2019012401005751,FMDBL,40,6,39,384.00,"14,976.00"
2019-01-24,2019012401005843,FOWAD,57,6,10,"1,600.00","16,000.00"
2019-01-24,2019012401005784,FOWAD,16,47,50,"1,586.00","79,300.00"
2019-01-24,2019012401005783,FOWAD,16,35,115,"1,586.00","182,390.00"
2019-01-24,2019012401005782,FOWAD,16,42,100,"1,586.00","158,600.00"
2019-01-24,2019012401005775,FOWAD,16,14,150,"1,585.00","237,750.00"
2019-01-24,2019012401005774,FOWAD,16,45,100,"1,584.00","158,400.00"
2019-01-24,2019012401005773,FOWAD,16,59,12,"1,583.00","18,996.00"
2019-01-24,2019012401005772,FOWAD,16,34,352,"1,582.00","556,864.00"
2019-01-24,2019012401005771,FOWAD,16,19,36,"1,580.00","56,880.00"
2019-01-24,2019012401005770,FOWAD,16,5,23,"1,580.00","36,340.00"
2019-01-24,2019012401005769,FOWAD,16,5,20,"1,575.00","31,500.00"
2019-01-24,2019012401006080,GBBL,41,32,174,185.00,"32,190.00"
2019-01-24,2019012401006079,GBBL,41,34,100,185.00,"18,500.00"
2019-01-24,2019012401006034,GBBL,16,32,53,184.00,"9,752.00"
2019-01-24,2019012401006033,GBBL,14,32,250,184.00,"46,000.00"
2019-01-24,2019012401005871,GBBL,14,39,50,184.00,"9,200.00"
2019-01-24,2019012401005839,GBBL,14,26,500,184.00,"92,000.00"
2019-01-24,2019012401005869,GBIME,34,48,"1,050",263.00,"276,150.00"
2019-01-24,2019012401006096,GBLBS,6,38,121,440.00,"53,240.00"
2019-01-24,2019012401006077,GBLBS,16,38,10,441.00,"4,410.00"
2019-01-24,2019012401006051,GBLBS,16,38,369,441.00,"162,729.00"
2019-01-24,2019012401005908,GBLBS,16,10,131,441.00,"57,771.00"
2019-01-24,2019012401005707,GBLBS,5,10,200,442.00,"88,400.00"
2019-01-24,2019012401005706,GBLBS,13,10,150,442.00,"66,300.00"
2019-01-24,2019012401005733,HBL,1,6,50,452.00,"22,600.00"
2019-01-24,2019012401005695,HBL,37,6,50,452.00,"22,600.00"
2019-01-24,2019012401005943,HGI,49,6,40,397.00,"15,880.00"
2019-01-24,2019012401005942,HGI,51,6,50,397.00,"19,850.00"
2019-01-24,2019012401005865,HGI,33,26,30,399.00,"11,970.00"
2019-01-24,2019012401005841,HGI,16,26,40,399.00,"15,960.00"
2019-01-24,2019012401005760,HGI,16,25,160,399.00,"63,840.00"
2019-01-24,2019012401005659,HGI,6,21,300,398.00,"119,400.00"
2019-01-24,2019012401005658,HGI,6,21,100,398.00,"39,800.00"
2019-01-24,2019012401005657,HGI,43,21,50,399.00,"19,950.00"
2019-01-24,2019012401005656,HGI,16,21,50,399.00,"19,950.00"
2019-01-24,2019012401005640,HGI,16,26,150,399.00,"59,850.00"
2019-01-24,2019012401005907,HIDCL,1,39,12,146.00,"1,752.00"
2019-01-24,2019012401005742,HIDCL,38,47,50,148.00,"7,400.00"
2019-01-24,2019012401005660,HIDCL,38,47,50,148.00,"7,400.00"
2019-01-24,2019012401006028,HPPL,29,19,10,185.00,"1,850.00"
2019-01-24,2019012401006027,HPPL,29,39,10,185.00,"1,850.00"
2019-01-24,2019012401005868,ICFC,49,52,12,153.00,"1,836.00"
2019-01-24,2019012401005705,IGI,38,1,50,453.00,"22,650.00"
2019-01-24,2019012401005797,IGI,45,37,30,450.00,"13,500.00"
2019-01-24,2019012401005796,IGI,45,37,40,450.00,"18,000.00"
2019-01-24,2019012401005798,IGI,42,37,30,450.00,"13,500.00"
2019-01-24,2019012401005984,IGI,39,1,15,453.00,"6,795.00"
2019-01-24,2019012401006097,JBBL,58,57,50,141.00,"7,050.00"
2019-01-24,2019012401006038,JBBL,58,57,90,141.00,"12,690.00"
2019-01-24,2019012401005848,JBBL,58,54,"1,326",139.00,"184,314.00"
2019-01-24,2019012401005817,JBBL,58,54,54,141.00,"7,614.00"
2019-01-24,2019012401005816,JBBL,58,7,262,140.00,"36,680.00"
2019-01-24,2019012401005815,JBBL,58,39,"1,084",140.00,"151,760.00"
2019-01-24,2019012401005846,JBNL,1,58,200,168.00,"33,600.00"
2019-01-24,2019012401005833,JBNL,43,58,100,168.00,"16,800.00"
2019-01-24,2019012401005805,JBNL,43,58,100,168.00,"16,800.00"
2019-01-24,2019012401005744,JBNL,11,58,100,168.00,"16,800.00"
2019-01-24,2019012401005613,JBNL,17,58,15,168.00,"2,520.00"
2019-01-24,2019012401005959,JEFL,32,25,500,128.00,"64,000.00"
2019-01-24,2019012401006026,JSLBB,58,17,16,"2,650.00","42,400.00"
2019-01-24,2019012401006025,JSLBB,58,13,14,"2,649.00","37,086.00"
2019-01-24,2019012401006058,KBL,58,13,"1,089",247.00,"268,983.00"
2019-01-24,2019012401006057,KBL,8,13,200,247.00,"49,400.00"
2019-01-24,2019012401006056,KBL,42,13,30,247.00,"7,410.00"
2019-01-24,2019012401006055,KBL,29,13,86,247.00,"21,242.00"
2019-01-24,2019012401005927,KBL,17,49,100,248.00,"24,800.00"
2019-01-24,2019012401005844,KBL,25,49,100,248.00,"24,800.00"
2019-01-24,2019012401006053,KMCDB,33,50,10,889.00,"8,890.00"
2019-01-24,2019012401006052,KMCDB,33,40,50,887.00,"44,350.00"
2019-01-24,2019012401005930,KMCDB,38,35,10,870.00,"8,700.00"
2019-01-24,2019012401005886,KMFL,43,53,100,979.00,"97,900.00"
2019-01-24,2019012401005819,KNBL,33,6,20,123.00,"2,460.00"
2019-01-24,2019012401005804,KRBL,59,54,100,99.00,"9,900.00"
2019-01-24,2019012401005895,KSBBL,25,13,64,139.00,"8,896.00"
2019-01-24,2019012401005894,KSBBL,25,42,101,139.00,"14,039.00"
2019-01-24,2019012401006007,LBBL,32,17,"1,270",174.00,"220,980.00"
2019-01-24,2019012401006006,LBBL,48,17,30,174.00,"5,220.00"
2019-01-24,2019012401006005,LBBL,17,17,500,175.00,"87,500.00"
2019-01-24,2019012401006004,LBBL,17,17,500,175.00,"87,500.00"
2019-01-24,2019012401005623,LBBL,22,47,"1,000",175.00,"175,000.00"
2019-01-24,2019012401005622,LBBL,1,47,100,175.00,"17,500.00"
2019-01-24,2019012401005621,LBBL,32,47,500,175.00,"87,500.00"
2019-01-24,2019012401005620,LBBL,21,47,125,175.00,"21,875.00"
2019-01-24,2019012401005619,LBBL,4,47,200,175.00,"35,000.00"
2019-01-24,2019012401005628,LBBL,48,47,10,175.00,"1,750.00"
2019-01-24,2019012401005627,LBBL,53,47,100,175.00,"17,500.00"
2019-01-24,2019012401005626,LBBL,5,47,10,175.00,"1,750.00"
2019-01-24,2019012401005625,LBBL,43,47,500,175.00,"87,500.00"
2019-01-24,2019012401005624,LBBL,8,47,400,175.00,"70,000.00"
2019-01-24,2019012401005767,LBL,36,52,95,222.00,"21,090.00"
2019-01-24,2019012401005749,LBL,38,26,80,223.00,"17,840.00"
2019-01-24,2019012401005748,LBL,38,25,20,223.00,"4,460.00"
2019-01-24,2019012401005669,LBL,38,25,100,223.00,"22,300.00"
2019-01-24,2019012401005653,LBL,36,37,200,222.00,"44,400.00"
2019-01-24,2019012401005649,LBL,36,29,50,222.00,"11,100.00"
2019-01-24,2019012401006091,LGIL,43,56,10,541.00,"5,410.00"
2019-01-24,2019012401006073,LGIL,14,55,50,537.00,"26,850.00"
2019-01-24,2019012401005944,LGIL,41,55,50,537.00,"26,850.00"
2019-01-24,2019012401006047,LICN,58,17,70,"1,753.00","122,710.00"
2019-01-24,2019012401005663,LICN,59,39,73,"1,755.00","128,115.00"
2019-01-24,2019012401005946,LLBS,57,28,10,819.00,"8,190.00"
2019-01-24,2019012401005945,LLBS,57,13,14,815.00,"11,410.00"
2019-01-24,2019012401005877,LLBS,57,13,10,815.00,"8,150.00"
2019-01-24,2019012401006092,MBL,17,25,100,211.00,"21,100.00"
2019-01-24,2019012401006043,MBL,17,44,521,211.00,"109,931.00"
2019-01-24,2019012401006042,MBL,47,44,479,211.00,"101,069.00"
2019-01-24,2019012401005692,MBL,47,50,500,211.00,"105,500.00"
2019-01-24,2019012401005642,MBL,36,19,"2,314",212.00,"490,568.00"
2019-01-24,2019012401005641,MBL,36,46,473,212.00,"100,276.00"
2019-01-24,2019012401006035,MEGA,43,17,10,167.00,"1,670.00"
2019-01-24,2019012401006019,MEGA,42,17,200,167.00,"33,400.00"
2019-01-24,2019012401005976,MEGA,16,33,243,166.00,"40,338.00"
2019-01-24,2019012401005779,MEGA,16,39,205,166.00,"34,030.00"
2019-01-24,2019012401005778,MEGA,22,39,100,166.00,"16,600.00"
2019-01-24,2019012401005777,MEGA,19,39,50,166.00,"8,300.00"
2019-01-24,2019012401005776,MEGA,55,39,145,166.00,"24,070.00"
2019-01-24,2019012401005768,MEGA,46,17,10,167.00,"1,670.00"
2019-01-24,2019012401005671,MEGA,28,17,100,167.00,"16,700.00"
2019-01-24,2019012401005655,MEGA,55,25,50,166.00,"8,300.00"
2019-01-24,2019012401006046,MERO,39,16,10,"1,134.00","11,340.00"
2019-01-24,2019012401006011,MERO,58,21,42,"1,128.00","47,376.00"
2019-01-24,2019012401006000,MERO,39,21,10,"1,128.00","11,280.00"
2019-01-24,2019012401005999,MERO,39,21,10,"1,125.00","11,250.00"
2019-01-24,2019012401005958,MLBL,4,1,750,171.00,"128,250.00"
2019-01-24,2019012401005957,MLBL,4,26,95,171.00,"16,245.00"
2019-01-24,2019012401005956,MLBL,4,56,100,171.00,"17,100.00"
2019-01-24,2019012401006090,MNBBL,43,53,275,351.00,"96,525.00"
2019-01-24,2019012401006089,MNBBL,43,40,185,351.00,"64,935.00"
2019-01-24,2019012401005954,MNBBL,43,22,40,350.00,"14,000.00"
2019-01-24,2019012401006015,NABIL,29,34,25,840.00,"21,000.00"
2019-01-24,2019012401006014,NABIL,29,13,270,840.00,"226,800.00"
2019-01-24,2019012401005985,NABIL,13,34,40,840.00,"33,600.00"
2019-01-24,2019012401005746,NABILP,44,17,109,726.00,"79,134.00"
2019-01-24,2019012401005696,NADEP,5,43,20,790.00,"15,800.00"
2019-01-24,2019012401005691,NADEP,6,6,10,790.00,"7,900.00"
2019-01-24,2019012401005690,NADEP,6,28,20,790.00,"15,800.00"
2019-01-24,2019012401005609,NADEP,41,28,30,790.00,"23,700.00"
2019-01-24,2019012401006021,NBB,14,44,248,188.00,"46,624.00"
2019-01-24,2019012401006020,NBB,14,44,52,188.00,"9,776.00"
2019-01-24,2019012401005917,NBB,11,54,100,187.00,"18,700.00"
2019-01-24,2019012401005758,NBB,57,44,50,188.00,"9,400.00"
2019-01-24,2019012401005688,NBBL,37,40,20,725.00,"14,500.00"
2019-01-24,2019012401006099,NBL,47,14,200,292.00,"58,400.00"
2019-01-24,2019012401006087,NBL,38,34,"1,000",291.00,"291,000.00"
2019-01-24,2019012401006054,NBL,38,34,"1,900",291.00,"552,900.00"
2019-01-24,2019012401005809,NCCB,19,39,82,212.00,"17,384.00"
2019-01-24,2019012401005808,NCCB,55,39,757,212.00,"160,484.00"
2019-01-24,2019012401005807,NCCB,38,39,300,213.00,"63,900.00"
2019-01-24,2019012401005806,NCCB,32,39,136,213.00,"28,968.00"
2019-01-24,2019012401005955,NHPC,48,51,50,69.00,"3,450.00"
2019-01-24,2019012401005633,NHPC,46,51,10,69.00,690.00
2019-01-24,2019012401005896,NIB,28,37,500,538.00,"269,000.00"
2019-01-24,2019012401005864,NIB,6,42,400,537.00,"214,800.00"
2019-01-24,2019012401005850,NIB,6,26,500,537.00,"268,500.00"
2019-01-24,2019012401005689,NIB,38,42,100,538.00,"53,800.00"
2019-01-24,2019012401005610,NIB,6,39,213,537.00,"114,381.00"
2019-01-24,2019012401005860,NIBLPF,54,16,"1,010",7.50,"7,575.00"
2019-01-24,2019012401006098,NICA,17,21,200,392.00,"78,400.00"
2019-01-24,2019012401006076,NICA,17,21,132,392.00,"51,744.00"
2019-01-24,2019012401005986,NICA,57,57,413,393.00,"162,309.00"
2019-01-24,2019012401005820,NICA,33,57,75,393.00,"29,475.00"
2019-01-24,2019012401005732,NICA,7,21,868,394.00,"341,992.00"
2019-01-24,2019012401005731,NICA,7,14,132,394.00,"52,008.00"
2019-01-24,2019012401005667,NICA,10,14,168,394.00,"66,192.00"
2019-01-24,2019012401005666,NICA,10,50,132,394.00,"52,008.00"
2019-01-24,2019012401005969,NICL,36,26,27,575.00,"15,525.00"
2019-01-24,2019012401005962,NICL,36,34,100,575.00,"57,500.00"
2019-01-24,2019012401005934,NICL,43,47,10,576.00,"5,760.00"
2019-01-24,2019012401005831,NICL,36,34,163,575.00,"93,725.00"
2019-01-24,2019012401005670,NICL,36,34,10,575.00,"5,750.00"
2019-01-24,2019012401005966,NIL,50,22,20,541.00,"10,820.00"
2019-01-24,2019012401005636,NLBBL,45,37,50,472.00,"23,600.00"
2019-01-24,2019012401006045,NLG,58,26,10,879.00,"8,790.00"
2019-01-24,2019012401005983,NLG,49,53,10,878.00,"8,780.00"
2019-01-24,2019012401005982,NLG,49,5,45,876.00,"39,420.00"
2019-01-24,2019012401005981,NLG,49,49,25,870.00,"21,750.00"
2019-01-24,2019012401005968,NLG,49,53,50,865.00,"43,250.00"
2019-01-24,2019012401006050,NLIC,57,48,100,"1,100.00","110,000.00"
2019-01-24,2019012401005605,NLIC,29,43,185,"1,103.00","204,055.00"
2019-01-24,2019012401005604,NLIC,29,17,42,"1,102.00","46,284.00"
2019-01-24,2019012401005603,NLIC,29,1,142,"1,101.00","156,342.00"
2019-01-24,2019012401005602,NLIC,29,6,131,"1,100.00","144,100.00"
2019-01-24,2019012401006024,NLICL,33,1,250,690.00,"172,500.00"
2019-01-24,2019012401006023,NLICL,33,25,30,689.00,"20,670.00"
2019-01-24,2019012401005997,NMB,58,42,150,319.00,"47,850.00"
2019-01-24,2019012401005996,NMB,57,42,205,319.00,"65,395.00"
2019-01-24,2019012401005995,NMB,53,42,149,319.00,"47,531.00"
2019-01-24,2019012401005931,NMB,53,39,20,319.00,"6,380.00"
2019-01-24,2019012401005617,NMB,53,14,11,319.00,"3,509.00"
2019-01-24,2019012401005827,NMBMF,16,19,30,"1,100.00","33,000.00"
2019-01-24,2019012401005754,NMBMF,16,10,20,"1,100.00","22,000.00"
2019-01-24,2019012401006003,NTC,43,7,10,730.00,"7,300.00"
2019-01-24,2019012401005818,NTC,53,35,80,729.00,"58,320.00"
2019-01-24,2019012401005803,NTC,53,7,100,729.00,"72,900.00"
2019-01-24,2019012401005757,NTC,53,7,605,729.00,"441,045.00"
2019-01-24,2019012401005756,NTC,53,7,295,729.00,"215,055.00"
2019-01-24,2019012401005755,NTC,13,7,100,730.00,"73,000.00"
2019-01-24,2019012401006059,PCBL,33,25,500,326.00,"163,000.00"
2019-01-24,2019012401005665,PCBL,42,25,201,326.00,"65,526.00"
2019-01-24,2019012401005664,PCBL,42,22,49,325.00,"15,925.00"
2019-01-24,2019012401006095,PIC,46,10,10,"1,059.00","10,590.00"
2019-01-24,2019012401005759,PIC,46,49,30,"1,055.00","31,650.00"
2019-01-24,2019012401005687,PIC,10,56,11,"1,053.00","11,583.00"
2019-01-24,2019012401005662,PIC,10,56,11,"1,053.00","11,583.00"
2019-01-24,2019012401006060,PICL,58,50,50,718.00,"35,900.00"
2019-01-24,2019012401005859,PICL,10,37,57,712.00,"40,584.00"
2019-01-24,2019012401005858,PICL,50,37,73,713.00,"52,049.00"
2019-01-24,2019012401005857,PICL,25,37,100,713.00,"71,300.00"
2019-01-24,2019012401005856,PICL,58,37,50,713.00,"35,650.00"
2019-01-24,2019012401005952,PLIC,44,28,500,497.00,"248,500.00"
2019-01-24,2019012401005951,PLIC,44,28,200,497.00,"99,400.00"
2019-01-24,2019012401005950,PLIC,45,28,10,497.00,"4,970.00"
2019-01-24,2019012401005949,PLIC,51,28,100,498.00,"49,800.00"
2019-01-24,2019012401005948,PLIC,22,28,70,499.00,"34,930.00"
2019-01-24,2019012401006063,PMHPL,33,26,10,105.00,"1,050.00"
2019-01-24,2019012401005884,PMHPL,33,26,10,105.00,"1,050.00"
2019-01-24,2019012401005652,PMHPL,33,28,10,105.00,"1,050.00"
2019-01-24,2019012401005635,PMHPL,33,42,10,105.00,"1,050.00"
2019-01-24,2019012401005647,PRIN,14,51,100,449.00,"44,900.00"
2019-01-24,2019012401005646,PRIN,6,51,100,449.00,"44,900.00"
2019-01-24,2019012401006041,PRVU,43,19,208,244.00,"50,752.00"
2019-01-24,2019012401006032,PRVU,43,52,292,244.00,"71,248.00"
2019-01-24,2019012401006031,PRVU,43,52,500,244.00,"122,000.00"
2019-01-24,2019012401006030,PRVU,16,52,28,244.00,"6,832.00"
2019-01-24,2019012401005991,PRVU,16,22,158,244.00,"38,552.00"
2019-01-24,2019012401005684,PRVU,7,41,603,245.00,"147,735.00"
2019-01-24,2019012401005683,PRVU,7,5,697,245.00,"170,765.00"
2019-01-24,2019012401005837,PRVU,16,39,814,244.00,"198,616.00"
2019-01-24,2019012401005836,PRVU,55,39,500,244.00,"122,000.00"
2019-01-24,2019012401005835,PRVU,21,39,200,244.00,"48,800.00"
2019-01-24,2019012401005834,PRVU,36,39,54,244.00,"13,176.00"
2019-01-24,2019012401005745,PRVU,52,41,100,245.00,"24,500.00"
2019-01-24,2019012401005704,PRVU,36,51,200,244.00,"48,800.00"
2019-01-24,2019012401005611,RADHI,13,42,11,165.00,"1,815.00"
2019-01-24,2019012401005639,RBCL,6,58,20,"9,591.00","191,820.00"
2019-01-24,2019012401006048,RRHP,29,36,10,100.00,"1,000.00"
2019-01-24,2019012401005700,RRHP,46,26,10,102.00,"1,020.00"
2019-01-24,2019012401005618,RRHP,29,42,10,100.00,"1,000.00"
2019-01-24,2019012401005734,RSDC,38,50,50,389.00,"19,450.00"
2019-01-24,2019012401005712,RSDC,16,34,49,384.00,"18,816.00"
2019-01-24,2019012401005711,RSDC,19,34,70,385.00,"26,950.00"
2019-01-24,2019012401005710,RSDC,17,34,88,385.00,"33,880.00"
2019-01-24,2019012401005975,SANIMA,38,42,268,303.00,"81,204.00"
2019-01-24,2019012401005974,SANIMA,50,42,400,303.00,"121,200.00"
2019-01-24,2019012401005973,SANIMA,40,42,320,303.00,"96,960.00"
2019-01-24,2019012401005972,SANIMA,10,42,12,303.00,"3,636.00"
2019-01-24,2019012401005849,SANIMA,48,13,200,304.00,"60,800.00"
2019-01-24,2019012401005679,SANIMA,26,1,100,304.00,"30,400.00"
2019-01-24,2019012401005678,SANIMA,26,19,115,304.00,"34,960.00"
2019-01-24,2019012401005607,SANIMA,10,41,200,303.00,"60,600.00"
2019-01-24,2019012401005606,SANIMA,48,41,300,303.00,"90,900.00"
2019-01-24,2019012401005988,SBBLJ,29,14,258,201.00,"51,858.00"
2019-01-24,2019012401005987,SBBLJ,38,14,100,201.00,"20,100.00"
2019-01-24,2019012401006049,SBI,56,26,25,392.00,"9,800.00"
2019-01-24,2019012401006100,SCB,40,54,150,567.00,"85,050.00"
2019-01-24,2019012401005933,SCB,40,50,270,567.00,"153,090.00"
2019-01-24,2019012401005893,SCB,40,50,63,567.00,"35,721.00"
2019-01-24,2019012401005892,SCB,47,50,100,567.00,"56,700.00"
2019-01-24,2019012401005891,SCB,11,50,10,567.00,"5,670.00"
2019-01-24,2019012401005890,SCB,35,50,50,568.00,"28,400.00"
2019-01-24,2019012401005699,SCB,38,50,50,570.00,"28,500.00"
2019-01-24,2019012401005889,SCB,41,50,50,568.00,"28,400.00"
2019-01-24,2019012401005888,SCB,34,50,100,569.00,"56,900.00"
2019-01-24,2019012401005887,SCB,41,50,27,569.00,"15,363.00"
2019-01-24,2019012401005851,SCB,44,50,30,570.00,"17,100.00"
2019-01-24,2019012401005740,SCB,1,50,50,570.00,"28,500.00"
2019-01-24,2019012401006078,SDESI,45,45,10,630.00,"6,300.00"
2019-01-24,2019012401006040,SDESI,33,48,114,629.00,"71,706.00"
2019-01-24,2019012401006039,SDESI,33,54,21,629.00,"13,209.00"
2019-01-24,2019012401006037,SDESI,33,54,30,629.00,"18,870.00"
2019-01-24,2019012401006036,SDESI,33,19,70,629.00,"44,030.00"
2019-01-24,2019012401005941,SDESI,33,19,10,629.00,"6,290.00"
2019-01-24,2019012401005847,SDESI,45,19,10,629.00,"6,290.00"
2019-01-24,2019012401005637,SDESI,45,48,40,628.00,"25,120.00"
2019-01-24,2019012401005701,SHL,56,34,153,205.00,"31,365.00"
2019-01-24,2019012401005675,SHPC,49,28,"1,500",232.00,"348,000.00"
2019-01-24,2019012401005883,SIC,34,35,200,"1,340.00","268,000.00"
2019-01-24,2019012401005882,SIC,38,35,85,"1,341.00","113,985.00"
2019-01-24,2019012401005989,SICL,34,49,100,930.00,"93,000.00"
2019-01-24,2019012401005965,SICL,39,32,20,933.00,"18,660.00"
2019-01-24,2019012401006010,SIL,6,34,315,646.00,"203,490.00"
2019-01-24,2019012401006009,SIL,41,34,50,646.00,"32,300.00"
2019-01-24,2019012401006008,SIL,16,34,15,646.00,"9,690.00"
2019-01-24,2019012401006088,SKBBL,42,47,25,866.00,"21,650.00"
2019-01-24,2019012401006085,SKBBL,10,8,100,874.00,"87,400.00"
2019-01-24,2019012401006084,SKBBL,10,19,100,870.00,"87,000.00"
2019-01-24,2019012401005826,SKBBL,42,11,39,866.00,"33,774.00"
2019-01-24,2019012401005825,SKBBL,14,11,50,867.00,"43,350.00"
2019-01-24,2019012401005824,SKBBL,50,11,30,867.00,"26,010.00"
2019-01-24,2019012401005823,SKBBL,35,11,20,870.00,"17,400.00"
2019-01-24,2019012401005822,SKBBL,39,11,261,870.00,"227,070.00"
2019-01-24,2019012401005654,SKBBL,39,33,350,870.00,"304,500.00"
2019-01-24,2019012401005634,SKBBL,39,33,50,870.00,"43,500.00"
2019-01-24,2019012401005631,SLBBL,5,28,60,533.00,"31,980.00"
2019-01-24,2019012401005925,SLBS,45,49,132,"1,002.00","132,264.00"
2019-01-24,2019012401005924,SLBS,56,49,100,"1,003.00","100,300.00"
2019-01-24,2019012401005923,SLBS,1,49,25,"1,003.00","25,075.00"
2019-01-24,2019012401005922,SLBS,13,49,10,"1,003.00","10,030.00"
2019-01-24,2019012401005921,SLBS,17,49,10,"1,003.00","10,030.00"
2019-01-24,2019012401005920,SLBS,42,49,50,"1,004.00","50,200.00"
2019-01-24,2019012401005919,SLBS,17,49,50,"1,005.00","50,250.00"
2019-01-24,2019012401005918,SLBS,34,49,20,"1,015.00","20,300.00"
2019-01-24,2019012401005874,SLICL,20,44,930,556.00,"517,080.00"
2019-01-24,2019012401005873,SLICL,39,44,50,556.00,"27,800.00"
2019-01-24,2019012401005872,SLICL,56,44,20,556.00,"11,120.00"
2019-01-24,2019012401005998,SMATA,22,57,18,"1,218.00","21,924.00"
2019-01-24,2019012401005651,SMATA,45,40,14,"1,210.00","16,940.00"
2019-01-24,2019012401005650,SMATA,41,40,16,"1,211.00","19,376.00"
2019-01-24,2019012401005638,SMATA,41,56,24,"1,211.00","29,064.00"
2019-01-24,2019012401005761,SMFDB,38,19,50,704.00,"35,200.00"
2019-01-24,2019012401005743,SPDL,25,50,152,93.00,"14,136.00"
2019-01-24,2019012401005630,SPDL,29,50,141,93.00,"13,113.00"
2019-01-24,2019012401005629,SPDL,29,37,59,93.00,"5,487.00"
2019-01-24,2019012401005961,SWBBL,44,26,150,845.00,"126,750.00"
2019-01-24,2019012401005994,TRH,47,5,30,251.00,"7,530.00"
2019-01-24,2019012401005993,TRH,55,5,200,251.00,"50,200.00"
2019-01-24,2019012401005992,TRH,45,5,10,251.00,"2,510.00"
2019-01-24,2019012401005936,UNL,6,42,20,"20,892.00","417,840.00"
2019-01-24,2019012401005935,UNL,6,42,20,"20,808.00","416,160.00"
2019-01-24,2019012401006083,UPPER,33,7,40,274.00,"10,960.00"
2019-01-24,2019012401006082,UPPER,33,34,170,274.00,"46,580.00"
2019-01-24,2019012401006081,UPPER,33,7,20,274.00,"5,480.00"
2019-01-24,2019012401006044,UPPER,53,34,40,273.00,"10,920.00"
2019-01-24,2019012401006029,UPPER,25,7,20,274.00,"5,480.00"
2019-01-24,2019012401006018,UPPER,25,44,50,274.00,"13,700.00"
2019-01-24,2019012401005614,UPPER,13,28,50,274.00,"13,700.00"
2019-01-24,2019012401005612,UPPER,13,21,50,274.00,"13,700.00"
2019-01-24,2019012401005608,UPPER,13,14,50,274.00,"13,700.00"
2019-01-24,2019012401005674,UPPER,13,41,50,274.00,"13,700.00"
2019-01-24,2019012401005668,UPPER,13,42,50,274.00,"13,700.00"
2019-01-24,2019012401005661,UPPER,13,59,50,274.00,"13,700.00"
2019-01-24,2019012401005644,UPPER,37,58,117,275.00,"32,175.00"
2019-01-24,2019012401005643,UPPER,37,49,83,275.00,"22,825.00"
2019-01-24,2019012401005702,UPPER,13,48,50,274.00,"13,700.00"
2019-01-24,2019012401005698,UPPER,13,41,50,274.00,"13,700.00"
2019-01-24,2019012401005694,UPPER,13,48,50,274.00,"13,700.00"
2019-01-24,2019012401005693,UPPER,13,7,21,274.00,"5,754.00"
2019-01-24,2019012401005676,UPPER,17,58,30,275.00,"8,250.00"
2019-01-24,2019012401005718,UPPER,39,29,50,275.00,"13,750.00"
2019-01-24,2019012401005717,UPPER,39,29,50,275.00,"13,750.00"
2019-01-24,2019012401005716,UPPER,39,29,50,275.00,"13,750.00"
2019-01-24,2019012401005715,UPPER,39,41,40,275.00,"11,000.00"
2019-01-24,2019012401005714,UPPER,39,58,52,275.00,"14,300.00"
2019-01-24,2019012401005708,UPPER,13,52,50,274.00,"13,700.00"
2019-01-24,2019012401005724,UPPER,39,1,40,275.00,"11,000.00"
2019-01-24,2019012401005723,UPPER,39,29,50,275.00,"13,750.00"
2019-01-24,2019012401005722,UPPER,39,42,150,275.00,"41,250.00"
2019-01-24,2019012401005721,UPPER,39,29,50,275.00,"13,750.00"
2019-01-24,2019012401005720,UPPER,39,29,50,275.00,"13,750.00"
2019-01-24,2019012401005719,UPPER,39,29,50,275.00,"13,750.00"
2019-01-24,2019012401005741,UPPER,13,58,40,274.00,"10,960.00"
2019-01-24,2019012401005737,UPPER,13,11,50,274.00,"13,700.00"
2019-01-24,2019012401005728,UPPER,39,29,38,275.00,"10,450.00"
2019-01-24,2019012401005727,UPPER,39,1,40,275.00,"11,000.00"
2019-01-24,2019012401005726,UPPER,39,1,40,275.00,"11,000.00"
2019-01-24,2019012401005725,UPPER,39,29,50,275.00,"13,750.00"
2019-01-24,2019012401005785,UPPER,57,29,12,275.00,"3,300.00"
2019-01-24,2019012401005781,UPPER,54,48,46,274.00,"12,604.00"
2019-01-24,2019012401005766,UPPER,54,45,454,274.00,"124,396.00"
2019-01-24,2019012401005765,UPPER,57,45,100,274.00,"27,400.00"
2019-01-24,2019012401005764,UPPER,13,45,246,274.00,"67,404.00"
2019-01-24,2019012401005763,UPPER,13,11,40,274.00,"10,960.00"
2019-01-24,2019012401005791,UPPER,57,29,40,275.00,"11,000.00"
2019-01-24,2019012401005790,UPPER,57,29,40,275.00,"11,000.00"
2019-01-24,2019012401005789,UPPER,57,29,40,275.00,"11,000.00"
2019-01-24,2019012401005788,UPPER,57,1,50,275.00,"13,750.00"
2019-01-24,2019012401005787,UPPER,57,1,40,275.00,"11,000.00"
2019-01-24,2019012401005786,UPPER,57,29,40,275.00,"11,000.00"
2019-01-24,2019012401005795,UPPER,57,7,48,275.00,"13,200.00"
2019-01-24,2019012401005794,UPPER,57,21,50,275.00,"13,750.00"
2019-01-24,2019012401005793,UPPER,57,21,40,275.00,"11,000.00"
2019-01-24,2019012401005792,UPPER,57,14,100,275.00,"27,500.00"
2019-01-24,2019012401005813,UPPER,39,21,40,273.00,"10,920.00"
2019-01-24,2019012401005812,UPPER,57,21,300,274.00,"82,200.00"
2019-01-24,2019012401005811,UPPER,55,21,600,274.00,"164,400.00"
2019-01-24,2019012401005810,UPPER,47,21,50,274.00,"13,700.00"
2019-01-24,2019012401005802,UPPER,47,39,50,274.00,"13,700.00"
2019-01-24,2019012401005854,UPPER,14,39,40,274.00,"10,960.00"
2019-01-24,2019012401005853,UPPER,14,26,50,274.00,"13,700.00"
2019-01-24,2019012401005852,UPPER,14,57,40,274.00,"10,960.00"
2019-01-24,2019012401005842,UPPER,14,29,50,274.00,"13,700.00"
2019-01-24,2019012401005840,UPPER,22,7,130,275.00,"35,750.00"
2019-01-24,2019012401005814,UPPER,28,21,10,273.00,"2,730.00"
2019-01-24,2019012401005885,UPPER,6,7,30,275.00,"8,250.00"
2019-01-24,2019012401005878,UPPER,57,39,40,274.00,"10,960.00"
2019-01-24,2019012401005870,UPPER,57,19,40,274.00,"10,960.00"
2019-01-24,2019012401005867,UPPER,57,33,268,274.00,"73,432.00"
2019-01-24,2019012401005866,UPPER,57,38,20,274.00,"5,480.00"
2019-01-24,2019012401005863,UPPER,14,38,20,274.00,"5,480.00"
2019-01-24,2019012401005912,UPPER,19,34,40,273.00,"10,920.00"
2019-01-24,2019012401005909,UPPER,19,26,40,273.00,"10,920.00"
2019-01-24,2019012401005906,UPPER,19,21,178,273.00,"48,594.00"
2019-01-24,2019012401005905,UPPER,1,21,50,273.00,"13,650.00"
2019-01-24,2019012401005904,UPPER,28,21,40,273.00,"10,920.00"
2019-01-24,2019012401005903,UPPER,57,21,132,274.00,"36,168.00"
2019-01-24,2019012401005932,UPPER,11,44,50,274.00,"13,700.00"
2019-01-24,2019012401005928,UPPER,11,46,40,274.00,"10,960.00"
2019-01-24,2019012401005916,UPPER,42,7,450,275.00,"123,750.00"
2019-01-24,2019012401005915,UPPER,42,38,50,274.00,"13,700.00"
2019-01-24,2019012401005914,UPPER,53,49,"2,618",273.00,"714,714.00"
2019-01-24,2019012401005913,UPPER,19,49,142,273.00,"38,766.00"
2019-01-24,2019012401005967,UPPER,57,34,10,274.00,"2,740.00"
2019-01-24,2019012401005960,UPPER,57,44,40,274.00,"10,960.00"
2019-01-24,2019012401005953,UPPER,57,38,40,274.00,"10,960.00"
2019-01-24,2019012401005940,UPPER,57,21,40,274.00,"10,960.00"
2019-01-24,2019012401005939,UPPER,25,21,50,274.00,"13,700.00"
2019-01-24,2019012401005938,UPPER,11,21,210,274.00,"57,540.00"
2019-01-24,2019012401006017,UPPER,25,34,50,274.00,"13,700.00"
2019-01-24,2019012401006013,UPPER,25,38,30,274.00,"8,220.00"
2019-01-24,2019012401006012,UPPER,57,38,20,274.00,"5,480.00"
2019-01-24,2019012401006001,UPPER,25,7,11,275.00,"3,025.00"
2019-01-24,2019012401005980,UPPER,57,44,50,274.00,"13,700.00"
2019-01-24,2019012401005686,WOMI,10,43,100,"1,135.00","113,500.00"
2019-01-24,2019012401005685,WOMI,10,34,15,"1,135.00","17,025.00"
2019-01-24,2019012401005502,AHPC,46,59,10,105.00,"1,050.00"
2019-01-24,2019012401005400,AKJCL,17,42,20,85.00,"1,700.00"
2019-01-24,2019012401005326,AKJCL,17,46,10,85.00,850.00
2019-01-24,2019012401005234,AKJCL,17,52,20,85.00,"1,700.00"
2019-01-24,2019012401005332,AKPL,28,45,40,184.00,"7,360.00"
2019-01-24,2019012401005600,AMFI,47,42,10,715.00,"7,150.00"
2019-01-24,2019012401005599,AMFI,47,39,10,715.00,"7,150.00"
2019-01-24,2019012401005590,API,25,58,23,145.00,"3,335.00"
2019-01-24,2019012401005557,API,40,14,17,144.00,"2,448.00"
2019-01-24,2019012401005489,API,46,58,10,145.00,"1,450.00"
2019-01-24,2019012401005440,API,14,58,17,145.00,"2,465.00"
2019-01-24,2019012401005345,API,40,7,18,144.00,"2,592.00"
2019-01-24,2019012401005283,API,11,13,123,144.00,"17,712.00"
2019-01-24,2019012401005516,BARUN,46,7,10,107.00,"1,070.00"
2019-01-24,2019012401005528,BOKL,17,50,100,256.00,"25,600.00"
2019-01-24,2019012401005500,BOKL,38,29,194,255.00,"49,470.00"
2019-01-24,2019012401005499,BOKL,6,29,106,255.00,"27,030.00"
2019-01-24,2019012401005270,BOKL,4,50,50,256.00,"12,800.00"
2019-01-24,2019012401005415,BPCL,41,1,20,368.00,"7,360.00"
2019-01-24,2019012401005325,BPCL,38,38,10,370.00,"3,700.00"
2019-01-24,2019012401005561,CBBL,22,56,100,899.00,"89,900.00"
2019-01-24,2019012401005526,CBBL,21,56,100,899.00,"89,900.00"
2019-01-24,2019012401005487,CBBL,6,58,50,900.00,"45,000.00"
2019-01-24,2019012401005464,CBBL,56,35,700,899.00,"629,300.00"
2019-01-24,2019012401005463,CBBL,25,21,10,897.00,"8,970.00"
2019-01-24,2019012401005430,CBBL,25,47,10,897.00,"8,970.00"
2019-01-24,2019012401005106,CBBL,49,47,50,900.00,"45,000.00"
2019-01-24,2019012401005105,CBBL,49,22,90,899.00,"80,910.00"
2019-01-24,2019012401005104,CBBL,49,35,300,899.00,"269,700.00"
2019-01-24,2019012401005103,CBBL,49,35,120,899.00,"107,880.00"
2019-01-24,2019012401005102,CBBL,43,42,20,898.00,"17,960.00"
2019-01-24,2019012401005429,CBBL,22,47,10,897.00,"8,970.00"
2019-01-24,2019012401005254,CBBL,59,55,80,896.00,"71,680.00"
2019-01-24,2019012401005253,CBBL,43,55,20,896.00,"17,920.00"
2019-01-24,2019012401005125,CBBL,45,32,20,896.00,"17,920.00"
2019-01-24,2019012401005107,CBBL,49,58,440,900.00,"396,000.00"
2019-01-24,2019012401005585,CBL,38,59,"1,000",160.00,"160,000.00"
2019-01-24,2019012401005584,CBL,58,59,10,160.00,"1,600.00"
2019-01-24,2019012401005583,CBL,1,59,"1,000",160.00,"160,000.00"
2019-01-24,2019012401005582,CBL,25,59,27,160.00,"4,320.00"
2019-01-24,2019012401005523,CBL,25,55,273,160.00,"43,680.00"
2019-01-24,2019012401005522,CBL,40,55,27,160.00,"4,320.00"
2019-01-24,2019012401005442,CBL,40,7,43,160.00,"6,880.00"
2019-01-24,2019012401005472,CCBL,38,39,84,172.00,"14,448.00"
2019-01-24,2019012401005471,CCBL,38,50,16,172.00,"2,752.00"
2019-01-24,2019012401005221,CCBL,22,50,100,172.00,"17,200.00"
2019-01-24,2019012401005134,CCBL,44,54,10,171.00,"1,710.00"
2019-01-24,2019012401005294,CHCL,45,48,20,530.00,"10,600.00"
2019-01-24,2019012401005520,CIT,49,34,200,"2,730.00","546,000.00"
2019-01-24,2019012401005477,CIT,11,6,80,"2,725.00","218,000.00"
2019-01-24,2019012401005476,CIT,21,6,50,"2,725.00","136,250.00"
2019-01-24,2019012401005475,CIT,26,6,20,"2,726.00","54,520.00"
2019-01-24,2019012401005379,CIT,39,42,50,"2,735.00","136,750.00"
2019-01-24,2019012401005356,CIT,10,16,200,"2,730.00","546,000.00"
2019-01-24,2019012401005116,CIT,5,56,25,"2,740.00","68,500.00"
2019-01-24,2019012401005344,CIT,14,42,50,"2,735.00","136,750.00"
2019-01-24,2019012401005323,CIT,34,34,100,"2,734.00","273,400.00"
2019-01-24,2019012401005198,CIT,22,45,20,"2,734.00","54,680.00"
2019-01-24,2019012401005197,CIT,39,45,60,"2,735.00","164,100.00"
2019-01-24,2019012401005196,CIT,39,5,20,"2,735.00","54,700.00"
2019-01-24,2019012401005148,CIT,39,14,20,"2,735.00","54,700.00"
2019-01-24,2019012401005132,CLBSL,45,13,82,720.00,"59,040.00"
2019-01-24,2019012401005131,CLBSL,45,46,40,715.00,"28,600.00"
2019-01-24,2019012401005130,CLBSL,45,49,11,715.00,"7,865.00"
2019-01-24,2019012401005498,CZBIL,29,43,90,212.00,"19,080.00"
2019-01-24,2019012401005334,CZBIL,29,29,110,212.00,"23,320.00"
2019-01-24,2019012401005298,CZBIL,42,29,30,212.00,"6,360.00"
2019-01-24,2019012401005297,CZBIL,42,1,70,212.00,"14,840.00"
2019-01-24,2019012401005515,DBBL,49,1,900,126.00,"113,400.00"
2019-01-24,2019012401005514,DBBL,46,1,300,126.00,"37,800.00"
2019-01-24,2019012401005511,DDBL,32,21,10,571.00,"5,710.00"
2019-01-24,2019012401005597,DHPL,46,6,10,100.00,"1,000.00"
2019-01-24,2019012401005588,EBL,38,44,50,527.00,"26,350.00"
2019-01-24,2019012401005587,EBL,54,44,100,527.00,"52,700.00"
2019-01-24,2019012401005586,EBL,37,44,150,527.00,"79,050.00"
2019-01-24,2019012401005392,EBL,55,28,50,528.00,"26,400.00"
2019-01-24,2019012401005421,FMDBL,40,25,111,384.00,"42,624.00"
2019-01-24,2019012401005420,FMDBL,45,25,19,385.00,"7,315.00"
2019-01-24,2019012401005286,GBBL,39,34,100,185.00,"18,500.00"
2019-01-24,2019012401005544,GBIME,17,22,24,262.00,"6,288.00"
2019-01-24,2019012401005492,GBIME,41,48,50,263.00,"13,150.00"
2019-01-24,2019012401005331,GBIME,26,48,50,263.00,"13,150.00"
2019-01-24,2019012401005574,GBLBS,13,14,10,442.00,"4,420.00"
2019-01-24,2019012401005453,GBLBS,14,56,10,447.00,"4,470.00"
2019-01-24,2019012401005238,GILB,22,42,10,"1,215.00","12,150.00"
2019-01-24,2019012401005510,HGI,42,10,200,400.00,"80,000.00"
2019-01-24,2019012401005509,HGI,22,10,150,401.00,"60,150.00"
2019-01-24,2019012401005202,HGI,6,6,70,400.00,"28,000.00"
2019-01-24,2019012401005201,HGI,43,6,20,400.00,"8,000.00"
2019-01-24,2019012401005200,HGI,13,6,10,400.00,"4,000.00"
2019-01-24,2019012401005199,HGI,26,6,10,400.00,"4,000.00"
2019-01-24,2019012401005554,HIDCL,32,22,33,146.00,"4,818.00"
2019-01-24,2019012401005350,HIDCL,32,45,17,146.00,"2,482.00"
2019-01-24,2019012401005349,HIDCL,44,45,13,147.00,"1,911.00"
2019-01-24,2019012401005333,HPPL,38,38,10,184.00,"1,840.00"
2019-01-24,2019012401005210,HPPL,38,38,20,184.00,"3,680.00"
2019-01-24,2019012401005146,HPPL,10,10,10,184.00,"1,840.00"
2019-01-24,2019012401005145,HPPL,10,42,10,184.00,"1,840.00"
2019-01-24,2019012401005591,IGI,38,1,50,453.00,"22,650.00"
2019-01-24,2019012401005578,JBBL,42,39,300,140.00,"42,000.00"
2019-01-24,2019012401005525,JBBL,58,29,90,139.00,"12,510.00"
2019-01-24,2019012401005327,JBNL,50,54,100,168.00,"16,800.00"
2019-01-24,2019012401005117,JBNLPO,58,49,"7,184",109.00,"783,056.00"
2019-01-24,2019012401005216,JEFL,6,43,305,129.00,"39,345.00"
2019-01-24,2019012401005150,KBBL,22,13,100,214.00,"21,400.00"
2019-01-24,2019012401005530,KBL,58,13,300,248.00,"74,400.00"
2019-01-24,2019012401005529,KBL,1,13,80,248.00,"19,840.00"
2019-01-24,2019012401005412,KBL,1,59,20,248.00,"4,960.00"
2019-01-24,2019012401005194,KBL,28,13,500,248.00,"124,000.00"
2019-01-24,2019012401005193,KBL,28,13,178,248.00,"44,144.00"
2019-01-24,2019012401005192,KBL,32,13,100,248.00,"24,800.00"
2019-01-24,2019012401005191,KBL,49,13,100,248.00,"24,800.00"
2019-01-24,2019012401005190,KBL,37,13,400,248.00,"99,200.00"
2019-01-24,2019012401005189,KBL,53,13,162,248.00,"40,176.00"
2019-01-24,2019012401005361,KMCDB,7,35,10,887.00,"8,870.00"
2019-01-24,2019012401005304,KNBL,43,39,100,123.00,"12,300.00"
2019-01-24,2019012401005233,KNBL,17,42,274,122.00,"33,428.00"
2019-01-24,2019012401005147,KNBL,17,45,500,122.00,"61,000.00"
2019-01-24,2019012401005218,KPCL,51,7,10,98.00,980.00
2019-01-24,2019012401005266,KPCL,51,52,10,98.00,980.00
2019-01-24,2019012401005258,KPCL,51,36,10,98.00,980.00
2019-01-24,2019012401005296,KPCL,51,36,10,98.00,980.00
2019-01-24,2019012401005401,KPCL,51,7,10,98.00,980.00
2019-01-24,2019012401005391,KPCL,51,36,10,98.00,980.00
2019-01-24,2019012401005409,KPCL,51,42,10,98.00,980.00
2019-01-24,2019012401005437,KPCL,51,36,10,98.00,980.00
2019-01-24,2019012401005545,KPCL,21,36,10,98.00,980.00
2019-01-24,2019012401005303,KSBBL,57,52,300,138.00,"41,400.00"
2019-01-24,2019012401005428,LBBL,37,57,"1,000",176.00,"176,000.00"
2019-01-24,2019012401005427,LBBL,1,57,300,176.00,"52,800.00"
2019-01-24,2019012401005426,LBBL,32,57,200,176.00,"35,200.00"
2019-01-24,2019012401005425,LBBL,1,57,100,176.00,"17,600.00"
2019-01-24,2019012401005424,LBBL,43,57,100,176.00,"17,600.00"
2019-01-24,2019012401005423,LBBL,17,57,500,176.00,"88,000.00"
2019-01-24,2019012401005422,LBBL,28,57,757,176.00,"133,232.00"
2019-01-24,2019012401005367,LBBL,22,28,100,177.00,"17,700.00"
2019-01-24,2019012401005346,LBBL,22,28,225,177.00,"39,825.00"
2019-01-24,2019012401005293,LBL,36,38,155,222.00,"34,410.00"
2019-01-24,2019012401005257,LBL,57,38,25,222.00,"5,550.00"
2019-01-24,2019012401005256,LBL,45,38,300,222.00,"66,600.00"
2019-01-24,2019012401005255,LBL,49,38,20,222.00,"4,440.00"
2019-01-24,2019012401005315,LGIL,45,14,142,534.00,"75,828.00"
2019-01-24,2019012401005314,LGIL,34,14,50,535.00,"26,750.00"
2019-01-24,2019012401005313,LGIL,1,14,100,535.00,"53,500.00"
2019-01-24,2019012401005312,LGIL,36,14,200,535.00,"107,000.00"
2019-01-24,2019012401005311,LGIL,1,14,100,535.00,"53,500.00"
2019-01-24,2019012401005310,LGIL,39,14,100,535.00,"53,500.00"
2019-01-24,2019012401005309,LGIL,28,14,18,536.00,"9,648.00"
2019-01-24,2019012401005308,LGIL,56,14,150,536.00,"80,400.00"
2019-01-24,2019012401005307,LGIL,21,14,140,537.00,"75,180.00"
2019-01-24,2019012401005236,LGIL,21,16,10,537.00,"5,370.00"
2019-01-24,2019012401005556,LICN,59,19,35,"1,760.00","61,600.00"
2019-01-24,2019012401005555,LICN,59,45,100,"1,755.00","175,500.00"
2019-01-24,2019012401005219,LICN,59,32,42,"1,760.00","73,920.00"
2019-01-24,2019012401005435,MBL,47,49,"1,021",211.00,"215,431.00"
2019-01-24,2019012401005434,MBL,50,49,200,211.00,"42,200.00"
2019-01-24,2019012401005433,MBL,22,49,200,211.00,"42,200.00"
2019-01-24,2019012401005432,MBL,11,49,500,211.00,"105,500.00"
2019-01-24,2019012401005431,MBL,17,49,579,211.00,"122,169.00"
2019-01-24,2019012401005595,MEGA,55,29,236,166.00,"39,176.00"
2019-01-24,2019012401005572,MEGA,46,17,51,167.00,"8,517.00"
2019-01-24,2019012401005571,MEGA,46,26,49,167.00,"8,183.00"
2019-01-24,2019012401005564,MEGA,55,22,69,166.00,"11,454.00"
2019-01-24,2019012401005563,MEGA,13,22,29,166.00,"4,814.00"
2019-01-24,2019012401005543,MEGA,13,10,271,166.00,"44,986.00"
2019-01-24,2019012401005176,MEGA,44,54,100,166.00,"16,600.00"
2019-01-24,2019012401005542,MEGA,45,10,300,166.00,"49,800.00"
2019-01-24,2019012401005541,MEGA,44,10,100,166.00,"16,600.00"
2019-01-24,2019012401005540,MEGA,13,10,200,166.00,"33,200.00"
2019-01-24,2019012401005539,MEGA,44,10,129,166.00,"21,414.00"
2019-01-24,2019012401005183,MEGA,4,26,50,167.00,"8,350.00"
2019-01-24,2019012401005182,MEGA,4,16,150,167.00,"25,050.00"
2019-01-24,2019012401005406,MERO,58,58,149,"1,125.00","167,625.00"
2019-01-24,2019012401005405,MERO,58,29,30,"1,125.00","33,750.00"
2019-01-24,2019012401005404,MERO,58,48,50,"1,124.00","56,200.00"
2019-01-24,2019012401005403,MERO,58,21,10,"1,122.00","11,220.00"
2019-01-24,2019012401005381,MERO,58,59,30,"1,120.00","33,600.00"
2019-01-24,2019012401005380,MERO,58,13,57,"1,119.00","63,783.00"
2019-01-24,2019012401005225,MMFDB,45,57,20,"1,020.00","20,400.00"
2019-01-24,2019012401005448,MNBBL,43,13,62,350.00,"21,700.00"
2019-01-24,2019012401005470,NABIL,21,6,20,840.00,"16,800.00"
2019-01-24,2019012401005360,NABIL,49,6,20,840.00,"16,800.00"
2019-01-24,2019012401005213,NABIL,46,6,10,840.00,"8,400.00"
2019-01-24,2019012401005324,NABILP,17,28,100,727.00,"72,700.00"
2019-01-24,2019012401005231,NABILP,17,43,100,728.00,"72,800.00"
2019-01-24,2019012401005230,NABILP,17,43,100,728.00,"72,800.00"
2019-01-24,2019012401005300,NADEP,41,14,10,790.00,"7,900.00"
2019-01-24,2019012401005290,NADEP,41,36,10,790.00,"7,900.00"
2019-01-24,2019012401005250,NADEP,41,1,20,790.00,"15,800.00"
2019-01-24,2019012401005560,NBB,11,48,11,187.00,"2,057.00"
2019-01-24,2019012401005559,NBB,46,44,100,188.00,"18,800.00"
2019-01-24,2019012401005446,NBB,11,43,315,187.00,"58,905.00"
2019-01-24,2019012401005335,NBB,11,48,94,187.00,"17,578.00"
2019-01-24,2019012401005268,NBB,11,48,54,187.00,"10,098.00"
2019-01-24,2019012401005267,NBB,57,48,40,187.00,"7,480.00"
2019-01-24,2019012401005228,NBB,57,48,10,187.00,"1,870.00"
2019-01-24,2019012401005227,NBB,17,48,100,187.00,"18,700.00"
2019-01-24,2019012401005496,NBBL,34,34,300,725.00,"217,500.00"
2019-01-24,2019012401005495,NBBL,37,34,200,725.00,"145,000.00"
2019-01-24,2019012401005494,NBBL,34,34,54,726.00,"39,204.00"
2019-01-24,2019012401005493,NBBL,43,34,10,727.00,"7,270.00"
2019-01-24,2019012401005469,NBBL,58,34,500,730.00,"365,000.00"
2019-01-24,2019012401005468,NBBL,16,34,100,735.00,"73,500.00"
2019-01-24,2019012401005152,NBBL,28,34,30,743.00,"22,290.00"
2019-01-24,2019012401005158,NBBL,41,34,50,740.00,"37,000.00"
2019-01-24,2019012401005157,NBBL,48,34,100,740.00,"74,000.00"
2019-01-24,2019012401005156,NBBL,26,34,41,740.00,"30,340.00"
2019-01-24,2019012401005155,NBBL,29,34,70,740.00,"51,800.00"
2019-01-24,2019012401005154,NBBL,34,34,20,741.00,"14,820.00"
2019-01-24,2019012401005153,NBBL,59,34,171,742.00,"126,882.00"
2019-01-24,2019012401005467,NBBL,14,34,10,736.00,"7,360.00"
2019-01-24,2019012401005466,NBBL,35,34,20,736.00,"14,720.00"
2019-01-24,2019012401005465,NBBL,43,34,10,738.00,"7,380.00"
2019-01-24,2019012401005385,NBBL,34,49,46,739.00,"33,994.00"
2019-01-24,2019012401005282,NBBL,37,49,50,739.00,"36,950.00"
2019-01-24,2019012401005195,NBBL,46,34,10,740.00,"7,400.00"
2019-01-24,2019012401005592,NBL,42,34,100,292.00,"29,200.00"
2019-01-24,2019012401005503,NBL,42,36,100,292.00,"29,200.00"
2019-01-24,2019012401005263,NBL,38,54,10,291.00,"2,910.00"
2019-01-24,2019012401005185,NBL,47,38,"2,500",292.00,"730,000.00"
2019-01-24,2019012401005184,NBL,47,55,500,292.00,"146,000.00"
2019-01-24,2019012401005133,NBL,47,46,297,292.00,"86,724.00"
2019-01-24,2019012401005114,NBL,47,46,100,292.00,"29,200.00"
2019-01-24,2019012401005534,NCCB,32,38,114,213.00,"24,282.00"
2019-01-24,2019012401005533,NCCB,6,38,"1,000",213.00,"213,000.00"
2019-01-24,2019012401005532,NCCB,45,38,500,213.00,"106,500.00"
2019-01-24,2019012401005531,NCCB,49,38,186,213.00,"39,618.00"
2019-01-24,2019012401005248,NCCB,49,14,14,213.00,"2,982.00"
2019-01-24,2019012401005573,NGPL,1,59,19,131.00,"2,489.00"
2019-01-24,2019012401005246,NHDL,45,36,10,133.00,"1,330.00"
2019-01-24,2019012401005479,NIB,38,42,100,538.00,"53,800.00"
2019-01-24,2019012401005348,NIB,51,34,30,537.00,"16,110.00"
2019-01-24,2019012401005347,NIB,29,34,20,537.00,"10,740.00"
2019-01-24,2019012401005108,NIB,29,29,390,537.00,"209,430.00"
2019-01-24,2019012401005553,NIBPO,47,39,50,483.00,"24,150.00"
2019-01-24,2019012401005552,NIBPO,32,39,50,484.00,"24,200.00"
2019-01-24,2019012401005128,NICA,16,50,368,394.00,"144,992.00"
2019-01-24,2019012401005127,NICA,16,49,15,394.00,"5,910.00"
2019-01-24,2019012401005126,NICA,16,8,17,393.00,"6,681.00"
2019-01-24,2019012401005352,NICL,36,58,200,575.00,"115,000.00"
2019-01-24,2019012401005445,NIL,58,1,51,537.00,"27,387.00"
2019-01-24,2019012401005386,NIL,6,1,500,538.00,"269,000.00"
2019-01-24,2019012401005264,NIL,45,22,30,541.00,"16,230.00"
2019-01-24,2019012401005123,NIL,58,16,331,537.00,"177,747.00"
2019-01-24,2019012401005122,NIL,13,16,200,537.00,"107,400.00"
2019-01-24,2019012401005121,NIL,51,16,200,538.00,"107,600.00"
2019-01-24,2019012401005120,NIL,43,16,200,538.00,"107,600.00"
2019-01-24,2019012401005566,NLG,25,37,65,852.00,"55,380.00"
2019-01-24,2019012401005565,NLG,45,37,20,853.00,"17,060.00"
2019-01-24,2019012401005180,NLG,58,16,"1,000",853.00,"853,000.00"
2019-01-24,2019012401005179,NLG,45,16,50,853.00,"42,650.00"
2019-01-24,2019012401005178,NLG,53,16,100,853.00,"85,300.00"
2019-01-24,2019012401005177,NLG,34,16,80,854.00,"68,320.00"
2019-01-24,2019012401005589,NLIC,34,14,17,"1,099.00","18,683.00"
2019-01-24,2019012401005488,NLIC,14,6,17,"1,100.00","18,700.00"
2019-01-24,2019012401005374,NLIC,34,59,13,"1,099.00","14,287.00"
2019-01-24,2019012401005357,NLIC,38,38,17,"1,100.00","18,700.00"
2019-01-24,2019012401005339,NLIC,34,20,127,"1,099.00","139,573.00"
2019-01-24,2019012401005338,NLIC,34,20,23,"1,099.00","25,277.00"
2019-01-24,2019012401005337,NLIC,50,20,100,"1,100.00","110,000.00"
2019-01-24,2019012401005316,NLIC,50,1,66,"1,100.00","72,600.00"
2019-01-24,2019012401005462,NLICL,33,48,36,684.00,"24,624.00"
2019-01-24,2019012401005461,NLICL,46,48,50,684.00,"34,200.00"
2019-01-24,2019012401005460,NLICL,25,48,100,685.00,"68,500.00"
2019-01-24,2019012401005459,NLICL,14,48,100,685.00,"68,500.00"
2019-01-24,2019012401005458,NLICL,11,48,15,687.00,"10,305.00"
2019-01-24,2019012401005457,NLICL,8,48,500,687.00,"343,500.00"
2019-01-24,2019012401005456,NLICL,7,48,10,688.00,"6,880.00"
2019-01-24,2019012401005455,NLICL,8,48,160,688.00,"110,080.00"
2019-01-24,2019012401005454,NLICL,26,48,29,689.00,"19,981.00"
2019-01-24,2019012401005328,NLICL,21,25,20,690.00,"13,800.00"
2019-01-24,2019012401005536,NMB,14,17,11,320.00,"3,520.00"
2019-01-24,2019012401005411,NMB,22,17,139,320.00,"44,480.00"
2019-01-24,2019012401005410,NMB,22,42,11,320.00,"3,520.00"
2019-01-24,2019012401005322,NMB,53,42,"1,320",319.00,"421,080.00"
2019-01-24,2019012401005321,NMB,17,42,100,319.00,"31,900.00"
2019-01-24,2019012401005320,NMB,6,42,50,319.00,"15,950.00"
2019-01-24,2019012401005319,NMB,45,42,30,319.00,"9,570.00"
2019-01-24,2019012401005260,NMB,16,36,100,320.00,"32,000.00"
2019-01-24,2019012401005569,NUBL,39,5,50,775.00,"38,750.00"
2019-01-24,2019012401005568,NUBL,1,5,50,776.00,"38,800.00"
2019-01-24,2019012401005567,NUBL,36,5,50,777.00,"38,850.00"
2019-01-24,2019012401005113,NUBL,26,51,61,780.00,"47,580.00"
2019-01-24,2019012401005576,PCBL,11,22,19,325.00,"6,175.00"
2019-01-24,2019012401005259,PCBL,11,44,481,325.00,"156,325.00"
2019-01-24,2019012401005276,PFL,48,52,12,133.00,"1,596.00"
2019-01-24,2019012401005362,PIC,38,38,11,"1,061.00","11,671.00"
2019-01-24,2019012401005292,PIC,10,14,11,"1,053.00","11,583.00"
2019-01-24,2019012401005278,PIC,56,14,11,"1,054.00","11,594.00"
2019-01-24,2019012401005269,PIC,56,14,11,"1,054.00","11,594.00"
2019-01-24,2019012401005249,PIC,56,56,11,"1,054.00","11,594.00"
2019-01-24,2019012401005112,PIC,56,34,15,"1,054.00","15,810.00"
2019-01-24,2019012401005111,PIC,40,34,24,"1,055.00","25,320.00"
2019-01-24,2019012401005110,PIC,45,34,20,"1,055.00","21,100.00"
2019-01-24,2019012401005109,PIC,45,34,41,"1,055.00","43,255.00"
2019-01-24,2019012401005389,PICL,50,22,37,718.00,"26,566.00"
2019-01-24,2019012401005382,PICL,47,22,53,718.00,"38,054.00"
2019-01-24,2019012401005343,PICL,47,55,70,718.00,"50,260.00"
2019-01-24,2019012401005441,PLIC,22,1,30,500.00,"15,000.00"
2019-01-24,2019012401005160,PLIC,38,6,50,500.00,"25,000.00"
2019-01-24,2019012401005538,PMHPL,33,36,10,105.00,"1,050.00"
2019-01-24,2019012401005413,PMHPL,33,36,10,105.00,"1,050.00"
2019-01-24,2019012401005289,PMHPL,33,52,10,105.00,"1,050.00"
2019-01-24,2019012401005284,PMHPL,33,36,10,105.00,"1,050.00"
2019-01-24,2019012401005232,PMHPL,33,7,10,105.00,"1,050.00"
2019-01-24,2019012401005226,PMHPL,33,36,10,105.00,"1,050.00"
2019-01-24,2019012401005302,PRIN,21,55,100,449.00,"44,900.00"
2019-01-24,2019012401005550,PRVU,36,58,746,244.00,"182,024.00"
2019-01-24,2019012401005549,PRVU,59,58,300,244.00,"73,200.00"
2019-01-24,2019012401005548,PRVU,22,58,100,244.00,"24,400.00"
2019-01-24,2019012401005547,PRVU,51,58,516,244.00,"125,904.00"
2019-01-24,2019012401005546,PRVU,32,58,58,244.00,"14,152.00"
2019-01-24,2019012401005513,PRVU,32,11,252,244.00,"61,488.00"
2019-01-24,2019012401005299,PRVU,32,52,100,244.00,"24,400.00"
2019-01-24,2019012401005244,PRVU,41,5,250,245.00,"61,250.00"
2019-01-24,2019012401005243,PRVU,41,59,"1,000",245.00,"245,000.00"
2019-01-24,2019012401005242,PRVU,41,38,750,245.00,"183,750.00"
2019-01-24,2019012401005229,PRVU,32,47,200,244.00,"48,800.00"
2019-01-24,2019012401005217,PRVU,32,54,10,244.00,"2,440.00"
2019-01-24,2019012401005224,PURBL,49,33,238,152.00,"36,176.00"
2019-01-24,2019012401005378,RADHI,38,38,11,166.00,"1,826.00"
2019-01-24,2019012401005366,RADHI,7,7,1,165.00,165.00
2019-01-24,2019012401005273,RADHI,43,42,11,166.00,"1,826.00"
2019-01-24,2019012401005593,RHPC,29,22,17,97.00,"1,649.00"
2019-01-24,2019012401005115,RHPC,45,59,617,98.00,"60,466.00"
2019-01-24,2019012401005384,RRHP,29,36,10,100.00,"1,000.00"
2019-01-24,2019012401005336,RRHP,29,56,10,100.00,"1,000.00"
2019-01-24,2019012401005245,RRHP,29,7,10,100.00,"1,000.00"
2019-01-24,2019012401005575,RSDC,38,50,100,389.00,"38,900.00"
2019-01-24,2019012401005271,RSDC,17,1,12,385.00,"4,620.00"
2019-01-24,2019012401005417,SANIMA,22,19,85,304.00,"25,840.00"
2019-01-24,2019012401005416,SANIMA,22,26,15,304.00,"4,560.00"
2019-01-24,2019012401005318,SANIMA,42,26,10,304.00,"3,040.00"
2019-01-24,2019012401005317,SANIMA,42,6,60,304.00,"18,240.00"
2019-01-24,2019012401005562,SBI,39,19,25,390.00,"9,750.00"
2019-01-24,2019012401005519,SBI,47,22,177,389.00,"68,853.00"
2019-01-24,2019012401005518,SBI,56,22,100,389.00,"38,900.00"
2019-01-24,2019012401005506,SBI,11,19,86,390.00,"33,540.00"
2019-01-24,2019012401005505,SBI,26,19,50,391.00,"19,550.00"
2019-01-24,2019012401005281,SBI,11,42,14,390.00,"5,460.00"
2019-01-24,2019012401005551,SBL,53,1,14,289.00,"4,046.00"
2019-01-24,2019012401005398,SBL,53,59,21,289.00,"6,069.00"
2019-01-24,2019012401005396,SBL,13,1,774,290.00,"224,460.00"
2019-01-24,2019012401005395,SBL,13,28,"1,000",290.00,"290,000.00"
2019-01-24,2019012401005394,SBL,13,28,425,290.00,"123,250.00"
2019-01-24,2019012401005580,SCB,41,39,15,569.00,"8,535.00"
2019-01-24,2019012401005577,SCB,45,50,50,570.00,"28,500.00"
2019-01-24,2019012401005478,SCB,25,50,50,570.00,"28,500.00"
2019-01-24,2019012401005388,SCB,38,6,20,570.00,"11,400.00"
2019-01-24,2019012401005387,SCB,41,38,20,569.00,"11,380.00"
2019-01-24,2019012401005341,SCB,41,1,18,569.00,"10,242.00"
2019-01-24,2019012401005295,SCB,41,42,20,569.00,"11,380.00"
2019-01-24,2019012401005340,SDESI,45,42,23,625.00,"14,375.00"
2019-01-24,2019012401005212,SDESI,45,36,23,620.00,"14,260.00"
2019-01-24,2019012401005149,SDESI,35,48,27,621.00,"16,767.00"
2019-01-24,2019012401005129,SDESI,35,13,200,621.00,"124,200.00"
2019-01-24,2019012401005351,SEF,47,52,500,9.07,"4,535.00"
2019-01-24,2019012401005137,SHPC,28,45,24,235.00,"5,640.00"
2019-01-24,2019012401005136,SHPC,28,49,29,234.00,"6,786.00"
2019-01-24,2019012401005135,SHPC,28,43,22,233.00,"5,126.00"
2019-01-24,2019012401005330,SIC,38,14,15,"1,341.00","20,115.00"
2019-01-24,2019012401005329,SIC,42,14,10,"1,342.00","13,420.00"
2019-01-24,2019012401005524,SICL,34,53,50,930.00,"46,500.00"
2019-01-24,2019012401005486,SICL,34,29,100,930.00,"93,000.00"
2019-01-24,2019012401005451,SICL,34,1,20,930.00,"18,600.00"
2019-01-24,2019012401005364,SICL,41,1,80,930.00,"74,400.00"
2019-01-24,2019012401005342,SICL,41,14,20,930.00,"18,600.00"
2019-01-24,2019012401005119,SICL,57,1,75,930.00,"69,750.00"
2019-01-24,2019012401005355,SKBBL,39,25,187,870.00,"162,690.00"
2019-01-24,2019012401005277,SLBBL,29,59,100,535.00,"53,500.00"
2019-01-24,2019012401005288,SLBBL,29,59,60,535.00,"32,100.00"
2019-01-24,2019012401005371,SLBBL,34,1,20,533.00,"10,660.00"
2019-01-24,2019012401005370,SLBBL,29,1,60,535.00,"32,100.00"
2019-01-24,2019012401005372,SLBBL,5,1,140,533.00,"74,620.00"
2019-01-24,2019012401005265,SMATA,17,34,200,"1,211.00","242,200.00"
2019-01-24,2019012401005118,SMATA,22,48,18,"1,215.00","21,870.00"
2019-01-24,2019012401005598,SMB,38,14,10,641.00,"6,410.00"
2019-01-24,2019012401005507,SMB,14,44,10,645.00,"6,450.00"
2019-01-24,2019012401005187,SMB,17,18,10,640.00,"6,400.00"
2019-01-24,2019012401005570,SMFDB,1,32,59,706.00,"41,654.00"
2019-01-24,2019012401005369,SRBL,5,16,148,214.00,"31,672.00"
2019-01-24,2019012401005368,SRBL,5,13,37,214.00,"7,918.00"
2019-01-24,2019012401005275,UIC,58,25,60,785.00,"47,100.00"
2019-01-24,2019012401005274,UIC,41,25,90,785.00,"70,650.00"
2019-01-24,2019012401005601,UPPER,13,21,50,274.00,"13,700.00"
2019-01-24,2019012401005596,UPPER,13,22,50,274.00,"13,700.00"
2019-01-24,2019012401005594,UPPER,16,49,20,275.00,"5,500.00"
2019-01-24,2019012401005581,UPPER,13,59,40,274.00,"10,960.00"
2019-01-24,2019012401005558,UPPER,13,34,293,274.00,"80,282.00"
2019-01-24,2019012401005140,UPPER,11,51,20,274.00,"5,480.00"
2019-01-24,2019012401005139,UPPER,38,51,400,274.00,"109,600.00"
2019-01-24,2019012401005138,UPPER,34,51,868,274.00,"237,832.00"
2019-01-24,2019012401005124,UPPER,34,7,50,274.00,"13,700.00"
2019-01-24,2019012401005159,UPPER,52,7,"1,000",275.00,"275,000.00"
2019-01-24,2019012401005151,UPPER,21,26,52,274.00,"14,248.00"
2019-01-24,2019012401005144,UPPER,21,5,12,274.00,"3,288.00"
2019-01-24,2019012401005143,UPPER,35,5,38,274.00,"10,412.00"
2019-01-24,2019012401005142,UPPER,35,51,162,274.00,"44,388.00"
2019-01-24,2019012401005141,UPPER,16,51,50,274.00,"13,700.00"
2019-01-24,2019012401005166,UPPER,1,45,40,275.00,"11,000.00"
2019-01-24,2019012401005165,UPPER,1,17,50,275.00,"13,750.00"
2019-01-24,2019012401005164,UPPER,1,48,72,275.00,"19,800.00"
2019-01-24,2019012401005163,UPPER,1,45,40,275.00,"11,000.00"
2019-01-24,2019012401005162,UPPER,1,56,40,275.00,"11,000.00"
2019-01-24,2019012401005161,UPPER,1,7,290,275.00,"79,750.00"
2019-01-24,2019012401005172,UPPER,1,42,40,275.00,"11,000.00"
2019-01-24,2019012401005171,UPPER,1,45,40,275.00,"11,000.00"
2019-01-24,2019012401005170,UPPER,1,45,50,275.00,"13,750.00"
2019-01-24,2019012401005169,UPPER,1,48,40,275.00,"11,000.00"
2019-01-24,2019012401005168,UPPER,1,48,40,275.00,"11,000.00"
2019-01-24,2019012401005167,UPPER,1,17,40,275.00,"11,000.00"
2019-01-24,2019012401005203,UPPER,21,19,36,274.00,"9,864.00"
2019-01-24,2019012401005188,UPPER,1,49,920,275.00,"253,000.00"
2019-01-24,2019012401005186,UPPER,1,41,40,275.00,"11,000.00"
2019-01-24,2019012401005181,UPPER,1,48,40,275.00,"11,000.00"
2019-01-24,2019012401005174,UPPER,1,38,50,275.00,"13,750.00"
2019-01-24,2019012401005173,UPPER,1,57,50,275.00,"13,750.00"
2019-01-24,2019012401005209,UPPER,41,48,101,274.00,"27,674.00"
2019-01-24,2019012401005208,UPPER,41,39,10,274.00,"2,740.00"
2019-01-24,2019012401005207,UPPER,41,7,50,274.00,"13,700.00"
2019-01-24,2019012401005206,UPPER,41,48,500,274.00,"137,000.00"
2019-01-24,2019012401005205,UPPER,41,36,40,274.00,"10,960.00"
2019-01-24,2019012401005204,UPPER,41,19,14,274.00,"3,836.00"
2019-01-24,2019012401005223,UPPER,41,39,10,274.00,"2,740.00"
2019-01-24,2019012401005222,UPPER,41,14,40,274.00,"10,960.00"
2019-01-24,2019012401005220,UPPER,41,28,50,274.00,"13,700.00"
2019-01-24,2019012401005215,UPPER,41,26,52,274.00,"14,248.00"
2019-01-24,2019012401005214,UPPER,41,34,50,274.00,"13,700.00"
2019-01-24,2019012401005247,UPPER,36,26,72,274.00,"19,728.00"
2019-01-24,2019012401005241,UPPER,36,34,50,274.00,"13,700.00"
2019-01-24,2019012401005240,UPPER,36,19,17,274.00,"4,658.00"
2019-01-24,2019012401005239,UPPER,41,19,33,274.00,"9,042.00"
2019-01-24,2019012401005237,UPPER,41,39,10,274.00,"2,740.00"
2019-01-24,2019012401005235,UPPER,41,45,40,274.00,"10,960.00"
2019-01-24,2019012401005262,UPPER,45,45,40,274.00,"10,960.00"
2019-01-24,2019012401005261,UPPER,45,39,10,274.00,"2,740.00"
2019-01-24,2019012401005252,UPPER,45,28,29,274.00,"7,946.00"
2019-01-24,2019012401005251,UPPER,36,28,11,274.00,"3,014.00"
2019-01-24,2019012401005287,UPPER,45,45,10,274.00,"2,740.00"
2019-01-24,2019012401005285,UPPER,45,39,10,274.00,"2,740.00"
2019-01-24,2019012401005280,UPPER,45,19,40,274.00,"10,960.00"
2019-01-24,2019012401005279,UPPER,45,36,50,274.00,"13,700.00"
2019-01-24,2019012401005272,UPPER,45,39,10,274.00,"2,740.00"
2019-01-24,2019012401005354,UPPER,45,7,1,274.00,274.00
2019-01-24,2019012401005353,UPPER,45,5,50,274.00,"13,700.00"
2019-01-24,2019012401005305,UPPER,45,10,50,274.00,"13,700.00"
2019-01-24,2019012401005301,UPPER,45,40,200,274.00,"54,800.00"
2019-01-24,2019012401005365,UPPER,17,5,50,274.00,"13,700.00"
2019-01-24,2019012401005363,UPPER,19,19,40,274.00,"10,960.00"
2019-01-24,2019012401005359,UPPER,19,59,10,274.00,"2,740.00"
2019-01-24,2019012401005358,UPPER,50,59,40,274.00,"10,960.00"
2019-01-24,2019012401005383,UPPER,17,28,40,274.00,"10,960.00"
2019-01-24,2019012401005377,UPPER,17,36,50,274.00,"13,700.00"
2019-01-24,2019012401005376,UPPER,36,49,50,275.00,"13,750.00"
2019-01-24,2019012401005375,UPPER,17,16,40,274.00,"10,960.00"
2019-01-24,2019012401005373,UPPER,17,52,50,274.00,"13,700.00"
2019-01-24,2019012401005399,UPPER,17,52,50,274.00,"13,700.00"
2019-01-24,2019012401005397,UPPER,17,28,50,274.00,"13,700.00"
2019-01-24,2019012401005393,UPPER,17,7,40,274.00,"10,960.00"
2019-01-24,2019012401005390,UPPER,17,16,50,274.00,"13,700.00"
2019-01-24,2019012401005419,UPPER,52,42,50,274.00,"13,700.00"
2019-01-24,2019012401005414,UPPER,52,28,50,274.00,"13,700.00"
2019-01-24,2019012401005408,UPPER,52,36,10,274.00,"2,740.00"
2019-01-24,2019012401005407,UPPER,17,36,30,274.00,"8,220.00"
2019-01-24,2019012401005402,UPPER,17,5,50,274.00,"13,700.00"
2019-01-24,2019012401005444,UPPER,52,28,40,274.00,"10,960.00"
2019-01-24,2019012401005443,UPPER,52,5,50,274.00,"13,700.00"
2019-01-24,2019012401005439,UPPER,52,59,40,274.00,"10,960.00"
2019-01-24,2019012401005438,UPPER,52,52,40,274.00,"10,960.00"
2019-01-24,2019012401005436,UPPER,16,38,6,275.00,"1,650.00"
2019-01-24,2019012401005474,UPPER,52,40,40,274.00,"10,960.00"
2019-01-24,2019012401005473,UPPER,52,59,50,274.00,"13,700.00"
2019-01-24,2019012401005452,UPPER,52,59,50,274.00,"13,700.00"
2019-01-24,2019012401005450,UPPER,55,49,40,275.00,"11,000.00"
2019-01-24,2019012401005449,UPPER,52,42,50,274.00,"13,700.00"
2019-01-24,2019012401005447,UPPER,52,59,40,274.00,"10,960.00"
2019-01-24,2019012401005485,UPPER,52,11,97,274.00,"26,578.00"
2019-01-24,2019012401005484,UPPER,52,28,40,274.00,"10,960.00"
2019-01-24,2019012401005483,UPPER,52,36,50,274.00,"13,700.00"
2019-01-24,2019012401005482,UPPER,19,49,40,275.00,"11,000.00"
2019-01-24,2019012401005481,UPPER,41,49,100,275.00,"27,500.00"
2019-01-24,2019012401005480,UPPER,52,42,50,274.00,"13,700.00"
2019-01-24,2019012401005512,UPPER,52,11,33,274.00,"9,042.00"
2019-01-24,2019012401005508,UPPER,52,28,40,274.00,"10,960.00"
2019-01-24,2019012401005504,UPPER,52,26,40,274.00,"10,960.00"
2019-01-24,2019012401005501,UPPER,52,36,40,274.00,"10,960.00"
2019-01-24,2019012401005497,UPPER,52,22,50,274.00,"13,700.00"
2019-01-24,2019012401005490,UPPER,52,36,50,274.00,"13,700.00"
2019-01-24,2019012401005537,UPPER,13,11,40,274.00,"10,960.00"
2019-01-24,2019012401005535,UPPER,13,40,40,274.00,"10,960.00"
2019-01-24,2019012401005527,UPPER,13,36,40,274.00,"10,960.00"
2019-01-24,2019012401005521,UPPER,13,59,50,274.00,"13,700.00"
2019-01-24,2019012401005517,UPPER,14,49,50,275.00,"13,750.00"
2019-01-24,2019012401005211,VLBS,46,44,590,682.00,"402,380.00"
2019-01-24,2019012401004837,ADBL,59,28,100,342.00,"34,200.00"
2019-01-24,2019012401004716,ADBL,58,58,"12,299",343.00,"4,218,557.00"
2019-01-24,2019012401004693,ADBL,59,22,29,342.00,"9,918.00"
2019-01-24,2019012401004692,ADBL,58,22,49,342.00,"16,758.00"
2019-01-24,2019012401005053,AKJCL,17,42,10,85.00,850.00
2019-01-24,2019012401004991,AKJCL,17,42,10,85.00,850.00
2019-01-24,2019012401004784,AKPL,16,44,13,187.00,"2,431.00"
2019-01-24,2019012401004783,AKPL,16,58,13,187.00,"2,431.00"
2019-01-24,2019012401004831,AMFI,53,52,10,706.00,"7,060.00"
2019-01-24,2019012401004819,AMFI,53,52,10,706.00,"7,060.00"
2019-01-24,2019012401004872,BOKL,6,13,23,255.00,"5,865.00"
2019-01-24,2019012401004947,BPCL,38,38,10,370.00,"3,700.00"
2019-01-24,2019012401005101,CBBL,6,42,100,898.00,"89,800.00"
2019-01-24,2019012401005100,CBBL,19,42,11,898.00,"9,878.00"
2019-01-24,2019012401005049,CBBL,22,35,80,899.00,"71,920.00"
2019-01-24,2019012401005003,CBBL,16,35,800,899.00,"719,200.00"
2019-01-24,2019012401004994,CBBL,16,35,200,899.00,"179,800.00"
2019-01-24,2019012401004760,CBBL,36,41,150,895.00,"134,250.00"
2019-01-24,2019012401004709,CBBL,22,34,20,892.00,"17,840.00"
2019-01-24,2019012401004708,CBBL,19,34,30,892.00,"26,760.00"
2019-01-24,2019012401005051,CBL,18,40,113,161.00,"18,193.00"
2019-01-24,2019012401005007,CBL,40,39,100,160.00,"16,000.00"
2019-01-24,2019012401004771,CBL,40,14,100,160.00,"16,000.00"
2019-01-24,2019012401004888,CCBL,44,13,21,171.00,"3,591.00"
2019-01-24,2019012401004703,CCBL,44,50,"1,100",171.00,"188,100.00"
2019-01-24,2019012401005013,CHCL,45,35,30,530.00,"15,900.00"
2019-01-24,2019012401004897,CHCL,45,11,30,530.00,"15,900.00"
2019-01-24,2019012401004896,CHCL,54,11,30,530.00,"15,900.00"
2019-01-24,2019012401004755,CHCL,56,13,18,532.00,"9,576.00"
2019-01-24,2019012401005097,CIT,44,16,120,"2,735.00","328,200.00"
2019-01-24,2019012401005054,CIT,44,45,50,"2,735.00","136,750.00"
2019-01-24,2019012401005052,CIT,44,32,10,"2,735.00","27,350.00"
2019-01-24,2019012401005047,CIT,44,39,20,"2,735.00","54,700.00"
2019-01-24,2019012401004992,CIT,39,14,100,"2,740.00","274,000.00"
2019-01-24,2019012401004973,CIT,49,46,50,"2,750.00","137,500.00"
2019-01-24,2019012401004668,CIT,19,1,200,"2,719.00","543,800.00"
2019-01-24,2019012401004641,CIT,39,57,26,"2,715.00","70,590.00"
2019-01-24,2019012401004633,CIT,58,42,200,"2,713.00","542,600.00"
2019-01-24,2019012401004630,CIT,28,42,100,"2,713.00","271,300.00"
2019-01-24,2019012401004718,CIT,52,45,100,"2,720.00","272,000.00"
2019-01-24,2019012401004695,CIT,58,28,244,"2,723.00","664,412.00"
2019-01-24,2019012401004691,CIT,39,17,21,"2,721.00","57,141.00"
2019-01-24,2019012401004671,CIT,19,43,10,"2,720.00","27,200.00"
2019-01-24,2019012401004670,CIT,19,54,10,"2,720.00","27,200.00"
2019-01-24,2019012401004669,CIT,19,10,184,"2,720.00","500,480.00"
2019-01-24,2019012401004809,CIT,16,34,50,"2,725.00","136,250.00"
2019-01-24,2019012401004794,CIT,22,22,50,"2,727.00","136,350.00"
2019-01-24,2019012401004788,CIT,39,42,50,"2,728.00","136,400.00"
2019-01-24,2019012401004778,CIT,39,42,24,"2,728.00","65,472.00"
2019-01-24,2019012401004775,CIT,49,42,300,"2,728.00","818,400.00"
2019-01-24,2019012401004774,CIT,49,45,100,"2,727.00","272,700.00"
2019-01-24,2019012401004829,CIT,49,22,100,"2,733.00","273,300.00"
2019-01-24,2019012401004817,CIT,16,32,26,"2,730.00","70,980.00"
2019-01-24,2019012401004813,CIT,16,32,74,"2,730.00","202,020.00"
2019-01-24,2019012401004812,CIT,16,52,200,"2,730.00","546,000.00"
2019-01-24,2019012401004811,CIT,16,42,126,"2,728.00","343,728.00"
2019-01-24,2019012401004810,CIT,16,22,50,"2,727.00","136,350.00"
2019-01-24,2019012401004857,CIT,10,8,108,"2,750.00","297,000.00"
2019-01-24,2019012401004841,CIT,39,8,192,"2,750.00","528,000.00"
2019-01-24,2019012401004840,CIT,39,42,200,"2,745.00","549,000.00"
2019-01-24,2019012401004839,CIT,39,50,98,"2,740.00","268,520.00"
2019-01-24,2019012401004838,CIT,39,53,10,"2,740.00","27,400.00"
2019-01-24,2019012401004834,CIT,18,25,10,"2,734.00","27,340.00"
2019-01-24,2019012401004901,CIT,48,6,53,"2,760.00","146,280.00"
2019-01-24,2019012401004900,CIT,48,55,167,"2,758.00","460,586.00"
2019-01-24,2019012401004899,CIT,48,13,30,"2,757.00","82,710.00"
2019-01-24,2019012401004887,CIT,1,55,10,"2,758.00","27,580.00"
2019-01-24,2019012401004865,CIT,19,55,20,"2,758.00","55,160.00"
2019-01-24,2019012401004862,CIT,47,22,50,"2,755.00","137,750.00"
2019-01-24,2019012401004956,CIT,49,22,50,"2,750.00","137,500.00"
2019-01-24,2019012401004951,CIT,34,1,180,"2,750.00","495,000.00"
2019-01-24,2019012401004948,CIT,59,1,20,"2,750.00","55,000.00"
2019-01-24,2019012401004941,CIT,16,16,174,"2,759.00","480,066.00"
2019-01-24,2019012401004906,CIT,44,6,247,"2,760.00","681,720.00"
2019-01-24,2019012401004905,CIT,44,22,100,"2,755.00","275,500.00"
2019-01-24,2019012401005089,CZBIL,56,1,500,212.00,"106,000.00"
2019-01-24,2019012401004936,CZBIL,48,1,200,212.00,"42,400.00"
2019-01-24,2019012401004935,CZBIL,42,1,100,212.00,"21,200.00"
2019-01-24,2019012401004934,CZBIL,6,1,130,212.00,"27,560.00"
2019-01-24,2019012401004614,CZBIL,6,43,170,212.00,"36,040.00"
2019-01-24,2019012401004613,CZBIL,34,43,830,212.00,"175,960.00"
2019-01-24,2019012401004848,DBBL,46,17,200,126.00,"25,200.00"
2019-01-24,2019012401004781,DBBL,18,17,100,126.00,"12,600.00"
2019-01-24,2019012401004959,DDBL,32,32,110,571.00,"62,810.00"
2019-01-24,2019012401004949,DDBL,42,32,20,571.00,"11,420.00"
2019-01-24,2019012401005012,EBL,57,39,50,529.00,"26,450.00"
2019-01-24,2019012401005048,EIC,7,52,70,842.00,"58,940.00"
2019-01-24,2019012401005032,FOWAD,16,21,100,"1,569.00","156,900.00"
2019-01-24,2019012401005031,FOWAD,16,43,100,"1,569.00","156,900.00"
2019-01-24,2019012401005030,FOWAD,16,14,100,"1,568.00","156,800.00"
2019-01-24,2019012401005029,FOWAD,16,17,89,"1,567.00","139,463.00"
2019-01-24,2019012401005028,FOWAD,16,11,50,"1,565.00","78,250.00"
2019-01-24,2019012401005027,FOWAD,16,55,10,"1,565.00","15,650.00"
2019-01-24,2019012401004768,FOWAD,54,34,50,"1,565.00","78,250.00"
2019-01-24,2019012401004767,FOWAD,54,51,15,"1,565.00","23,475.00"
2019-01-24,2019012401004750,FOWAD,54,55,20,"1,564.00","31,280.00"
2019-01-24,2019012401004749,FOWAD,54,36,10,"1,564.00","15,640.00"
2019-01-24,2019012401005060,GBBL,36,32,20,186.00,"3,720.00"
2019-01-24,2019012401005001,GBBL,14,35,200,184.00,"36,800.00"
2019-01-24,2019012401004847,GBBL,39,32,300,185.00,"55,500.00"
2019-01-24,2019012401004846,GBBL,44,32,377,185.00,"69,745.00"
2019-01-24,2019012401005055,GBIME,58,48,50,263.00,"13,150.00"
2019-01-24,2019012401005008,GBIME,17,48,215,262.00,"56,330.00"
2019-01-24,2019012401005002,GBIME,52,43,10,264.00,"2,640.00"
2019-01-24,2019012401004976,GBIME,17,39,30,262.00,"7,860.00"
2019-01-24,2019012401004928,GBLBS,17,10,19,450.00,"8,550.00"
2019-01-24,2019012401004842,GBLBS,17,53,50,450.00,"22,500.00"
2019-01-24,2019012401004828,GBLBS,17,42,10,450.00,"4,500.00"
2019-01-24,2019012401004827,GBLBS,17,50,50,450.00,"22,500.00"
2019-01-24,2019012401004826,GBLBS,17,58,200,450.00,"90,000.00"
2019-01-24,2019012401004825,GBLBS,17,1,21,450.00,"9,450.00"
2019-01-24,2019012401004627,GBLBS,22,52,50,443.00,"22,150.00"
2019-01-24,2019012401004604,GBLBS,17,22,10,443.00,"4,430.00"
2019-01-24,2019012401004824,GBLBS,17,22,10,450.00,"4,500.00"
2019-01-24,2019012401004823,GBLBS,17,42,20,450.00,"9,000.00"
2019-01-24,2019012401004822,GBLBS,17,49,50,449.00,"22,450.00"
2019-01-24,2019012401004791,GBLBS,17,42,10,446.00,"4,460.00"
2019-01-24,2019012401004790,GBLBS,17,42,60,446.00,"26,760.00"
2019-01-24,2019012401004628,GBLBS,5,52,150,443.00,"66,450.00"
2019-01-24,2019012401005092,GDBL,14,1,300,186.00,"55,800.00"
2019-01-24,2019012401005091,GDBL,58,1,200,186.00,"37,200.00"
2019-01-24,2019012401005090,GDBL,43,1,42,187.00,"7,854.00"
2019-01-24,2019012401004814,GDBL,5,28,100,188.00,"18,800.00"
2019-01-24,2019012401004805,GFCL,25,50,50,123.00,"6,150.00"
2019-01-24,2019012401005016,GLICL,26,44,10,719.00,"7,190.00"
2019-01-24,2019012401004904,GLICL,25,25,400,713.00,"285,200.00"
2019-01-24,2019012401004903,GLICL,49,25,100,713.00,"71,300.00"
2019-01-24,2019012401004864,GLICL,26,44,10,719.00,"7,190.00"
2019-01-24,2019012401005043,HIDCL,44,42,87,147.00,"12,789.00"
2019-01-24,2019012401005042,HIDCL,11,42,58,147.00,"8,526.00"
2019-01-24,2019012401004953,HIDCL,26,17,300,148.00,"44,400.00"
2019-01-24,2019012401004952,HIDCL,26,16,500,148.00,"74,000.00"
2019-01-24,2019012401004690,HIDCL,11,19,42,147.00,"6,174.00"
2019-01-24,2019012401004645,HIDCL,38,19,80,147.00,"11,760.00"
2019-01-24,2019012401004920,HPPL,21,13,10,183.00,"1,830.00"
2019-01-24,2019012401004638,JBBL,58,22,103,139.00,"14,317.00"
2019-01-24,2019012401005035,JBNLPO,58,49,10,111.00,"1,110.00"
2019-01-24,2019012401005014,JBNLPO,58,49,10,113.00,"1,130.00"
2019-01-24,2019012401005006,JBNLPO,58,49,10,115.00,"1,150.00"
2019-01-24,2019012401004997,JBNLPO,58,49,10,117.00,"1,170.00"
2019-01-24,2019012401004990,JBNLPO,58,49,10,119.00,"1,190.00"
2019-01-24,2019012401005034,KBL,53,44,300,248.00,"74,400.00"
2019-01-24,2019012401005017,KBL,53,39,38,248.00,"9,424.00"
2019-01-24,2019012401004922,KBL,6,33,50,249.00,"12,450.00"
2019-01-24,2019012401004806,KBL,16,33,100,249.00,"24,900.00"
2019-01-24,2019012401005086,KKHC,45,13,16,95.00,"1,520.00"
2019-01-24,2019012401005085,KKHC,45,1,16,94.00,"1,504.00"
2019-01-24,2019012401005084,KKHC,45,48,10,93.00,930.00
2019-01-24,2019012401005083,KKHC,45,42,16,93.00,"1,488.00"
2019-01-24,2019012401005082,KKHC,45,14,10,93.00,930.00
2019-01-24,2019012401004868,KNBL,1,59,500,123.00,"61,500.00"
2019-01-24,2019012401005065,KPCL,51,42,10,98.00,980.00
2019-01-24,2019012401005056,KPCL,51,42,10,98.00,980.00
2019-01-24,2019012401005095,KRBL,1,4,240,98.00,"23,520.00"
2019-01-24,2019012401005015,KRBL,1,4,380,98.00,"37,240.00"
2019-01-24,2019012401004955,LBBL,28,22,100,176.00,"17,600.00"
2019-01-24,2019012401004626,LBBL,28,35,320,176.00,"56,320.00"
2019-01-24,2019012401004603,LBBL,28,33,564,176.00,"99,264.00"
2019-01-24,2019012401004688,LBL,45,25,80,223.00,"17,840.00"
2019-01-24,2019012401004687,LBL,45,54,100,223.00,"22,300.00"
2019-01-24,2019012401004686,LBL,45,39,20,223.00,"4,460.00"
2019-01-24,2019012401005079,LGIL,25,16,200,537.00,"107,400.00"
2019-01-24,2019012401005078,LGIL,25,16,500,538.00,"269,000.00"
2019-01-24,2019012401005077,LGIL,44,16,15,538.00,"8,070.00"
2019-01-24,2019012401005076,LGIL,53,16,365,538.00,"196,370.00"
2019-01-24,2019012401005075,LGIL,7,16,10,539.00,"5,390.00"
2019-01-24,2019012401004918,LICN,25,14,50,"1,755.00","87,750.00"
2019-01-24,2019012401004735,LLBS,48,45,78,810.00,"63,180.00"
2019-01-24,2019012401005099,MBL,17,1,171,211.00,"36,081.00"
2019-01-24,2019012401005025,MEGA,44,39,24,166.00,"3,984.00"
2019-01-24,2019012401005024,MEGA,44,35,100,166.00,"16,600.00"
2019-01-24,2019012401004972,MEGA,44,19,25,166.00,"4,150.00"
2019-01-24,2019012401004932,MEGA,44,59,122,166.00,"20,252.00"
2019-01-24,2019012401004931,MEGA,34,59,179,166.00,"29,714.00"
2019-01-24,2019012401004867,MEGA,34,16,100,167.00,"16,700.00"
2019-01-24,2019012401004851,MEGA,34,45,70,166.00,"11,620.00"
2019-01-24,2019012401004779,MERO,32,48,16,"1,110.00","17,760.00"
2019-01-24,2019012401004629,MERO,32,48,16,"1,110.00","17,760.00"
2019-01-24,2019012401004970,MNBBL,17,13,300,350.00,"105,000.00"
2019-01-24,2019012401004643,MNBBL,34,13,100,350.00,"35,000.00"
2019-01-24,2019012401004615,MNBBL,17,13,15,350.00,"5,250.00"
2019-01-24,2019012401004980,NABIL,46,1,25,840.00,"21,000.00"
2019-01-24,2019012401004979,NABIL,39,1,175,840.00,"147,000.00"
2019-01-24,2019012401005026,NABILP,32,39,300,727.00,"218,100.00"
2019-01-24,2019012401004966,NABILP,44,52,100,726.00,"72,600.00"
2019-01-24,2019012401004770,NABILP,44,39,89,726.00,"64,614.00"
2019-01-24,2019012401005098,NADEP,41,42,10,790.00,"7,900.00"
2019-01-24,2019012401004836,NADEP,41,19,10,790.00,"7,900.00"
2019-01-24,2019012401004602,NADEP,7,38,10,789.00,"7,890.00"
2019-01-24,2019012401004746,NADEP,41,56,10,790.00,"7,900.00"
2019-01-24,2019012401004610,NADEP,7,38,10,789.00,"7,890.00"
2019-01-24,2019012401004930,NBB,43,17,69,188.00,"12,972.00"
2019-01-24,2019012401004929,NBB,43,26,350,188.00,"65,800.00"
2019-01-24,2019012401004855,NBB,6,26,650,188.00,"122,200.00"
2019-01-24,2019012401005096,NBL,47,46,200,292.00,"58,400.00"
2019-01-24,2019012401005067,NBL,29,46,"1,000",292.00,"292,000.00"
2019-01-24,2019012401005064,NBL,47,46,403,292.00,"117,676.00"
2019-01-24,2019012401005063,NBL,47,46,"1,597",292.00,"466,324.00"
2019-01-24,2019012401005020,NBL,5,46,203,292.00,"59,276.00"
2019-01-24,2019012401004745,NBL,38,42,100,291.00,"29,100.00"
2019-01-24,2019012401004728,NBL,43,49,753,291.00,"219,123.00"
2019-01-24,2019012401004736,NBL,38,49,"1,000",291.00,"291,000.00"
2019-01-24,2019012401004733,NBL,38,49,547,291.00,"159,177.00"
2019-01-24,2019012401004732,NBL,5,49,100,291.00,"29,100.00"
2019-01-24,2019012401004731,NBL,47,49,100,291.00,"29,100.00"
2019-01-24,2019012401004730,NBL,57,49,500,291.00,"145,500.00"
2019-01-24,2019012401004729,NBL,17,49,500,291.00,"145,500.00"
2019-01-24,2019012401004751,NCCB,45,52,100,214.00,"21,400.00"
2019-01-24,2019012401004747,NCCB,49,52,20,214.00,"4,280.00"
2019-01-24,2019012401004667,NCCB,55,45,243,212.00,"51,516.00"
2019-01-24,2019012401004666,NCCB,21,45,500,212.00,"106,000.00"
2019-01-24,2019012401004665,NCCB,7,45,500,212.00,"106,000.00"
2019-01-24,2019012401004664,NCCB,6,45,300,212.00,"63,600.00"
2019-01-24,2019012401004657,NCCB,45,45,"2,000",213.00,"426,000.00"
2019-01-24,2019012401004656,NCCB,37,45,"1,000",213.00,"213,000.00"
2019-01-24,2019012401004655,NCCB,39,45,25,213.00,"5,325.00"
2019-01-24,2019012401004654,NCCB,39,45,13,213.00,"2,769.00"
2019-01-24,2019012401004653,NCCB,28,45,"2,000",213.00,"426,000.00"
2019-01-24,2019012401004652,NCCB,18,45,19,213.00,"4,047.00"
2019-01-24,2019012401004663,NCCB,54,45,"1,000",212.00,"212,000.00"
2019-01-24,2019012401004662,NCCB,50,45,100,213.00,"21,300.00"
2019-01-24,2019012401004661,NCCB,57,45,200,213.00,"42,600.00"
2019-01-24,2019012401004660,NCCB,6,45,600,213.00,"127,800.00"
2019-01-24,2019012401004659,NCCB,33,45,"1,000",213.00,"213,000.00"
2019-01-24,2019012401004658,NCCB,25,45,500,213.00,"106,500.00"
2019-01-24,2019012401005093,NGPL,1,35,11,131.00,"1,441.00"
2019-01-24,2019012401004946,NGPL,25,13,11,129.00,"1,419.00"
2019-01-24,2019012401004682,NHDL,46,49,10,131.00,"1,310.00"
2019-01-24,2019012401004798,NHPC,20,53,250,70.00,"17,500.00"
2019-01-24,2019012401004797,NHPC,20,13,950,70.00,"66,500.00"
2019-01-24,2019012401004796,NHPC,20,25,"1,000",70.00,"70,000.00"
2019-01-24,2019012401004795,NHPC,20,45,300,70.00,"21,000.00"
2019-01-24,2019012401005080,NIB,16,34,93,536.00,"49,848.00"
2019-01-24,2019012401005066,NIB,58,34,50,536.00,"26,800.00"
2019-01-24,2019012401004989,NIB,5,54,100,536.00,"53,600.00"
2019-01-24,2019012401004988,NIB,58,54,200,536.00,"107,200.00"
2019-01-24,2019012401004987,NIB,53,54,100,536.00,"53,600.00"
2019-01-24,2019012401004986,NIB,51,54,500,536.00,"268,000.00"
2019-01-24,2019012401004616,NIB,56,29,100,537.00,"53,700.00"
2019-01-24,2019012401004985,NIB,26,54,50,536.00,"26,800.00"
2019-01-24,2019012401004984,NIB,21,54,95,536.00,"50,920.00"
2019-01-24,2019012401004983,NIB,51,54,360,536.00,"192,960.00"
2019-01-24,2019012401004982,NIB,33,54,50,536.00,"26,800.00"
2019-01-24,2019012401004981,NIB,37,54,100,536.00,"53,600.00"
2019-01-24,2019012401004754,NIB,51,29,20,537.00,"10,740.00"
2019-01-24,2019012401005074,NIBPO,32,13,286,484.00,"138,424.00"
2019-01-24,2019012401005073,NIBPO,55,13,50,484.00,"24,200.00"
2019-01-24,2019012401004808,NIBPO,29,39,50,485.00,"24,250.00"
2019-01-24,2019012401004689,NIBPO,38,39,30,485.00,"14,550.00"
2019-01-24,2019012401005005,NICA,17,13,150,392.00,"58,800.00"
2019-01-24,2019012401005057,NICL,47,1,370,574.00,"212,380.00"
2019-01-24,2019012401004926,NICL,44,1,30,574.00,"17,220.00"
2019-01-24,2019012401004925,NICL,44,34,100,574.00,"57,400.00"
2019-01-24,2019012401004710,NICL,57,52,200,573.00,"114,600.00"
2019-01-24,2019012401004993,NIL,50,42,50,539.00,"26,950.00"
2019-01-24,2019012401004895,NIL,50,1,100,540.00,"54,000.00"
2019-01-24,2019012401005050,NLG,34,35,20,854.00,"17,080.00"
2019-01-24,2019012401004893,NLG,45,49,27,865.00,"23,355.00"
2019-01-24,2019012401004978,NLIC,50,35,17,"1,100.00","18,700.00"
2019-01-24,2019012401004924,NLIC,25,29,40,"1,101.00","44,040.00"
2019-01-24,2019012401004923,NLIC,25,39,50,"1,101.00","55,050.00"
2019-01-24,2019012401004759,NLIC,50,14,17,"1,100.00","18,700.00"
2019-01-24,2019012401004738,NLIC,50,14,83,"1,100.00","91,300.00"
2019-01-24,2019012401004723,NLIC,50,8,17,"1,100.00","18,700.00"
2019-01-24,2019012401004722,NLIC,44,8,13,"1,100.00","14,300.00"
2019-01-24,2019012401004721,NLICL,8,14,50,688.00,"34,400.00"
2019-01-24,2019012401005019,NMB,57,36,100,320.00,"32,000.00"
2019-01-24,2019012401005018,NMB,5,36,97,320.00,"31,040.00"
2019-01-24,2019012401005009,NMB,5,16,100,320.00,"32,000.00"
2019-01-24,2019012401004886,NMB,5,34,103,320.00,"32,960.00"
2019-01-24,2019012401004885,NMB,34,34,502,320.00,"160,640.00"
2019-01-24,2019012401004605,NMB,34,42,11,320.00,"3,520.00"
2019-01-24,2019012401004792,NMFBS,34,48,12,"1,707.00","20,484.00"
2019-01-24,2019012401004699,NMFBS,21,48,12,"1,706.00","20,472.00"
2019-01-24,2019012401004647,NSEWA,56,22,10,594.00,"5,940.00"
2019-01-24,2019012401005033,NTC,53,16,50,729.00,"36,450.00"
2019-01-24,2019012401004769,NTC,53,21,20,729.00,"14,580.00"
2019-01-24,2019012401004706,NTC,16,14,25,732.00,"18,300.00"
2019-01-24,2019012401004705,NTC,16,34,10,730.00,"7,300.00"
2019-01-24,2019012401005011,NUBL,59,34,50,780.00,"39,000.00"
2019-01-24,2019012401005010,NUBL,44,34,448,780.00,"349,440.00"
2019-01-24,2019012401004853,OHL,13,42,114,441.00,"50,274.00"
2019-01-24,2019012401004852,OHL,16,42,79,442.00,"34,918.00"
2019-01-24,2019012401004698,PCBL,37,50,35,325.00,"11,375.00"
2019-01-24,2019012401004611,PFL,13,42,10,135.00,"1,350.00"
2019-01-24,2019012401004878,PIC,45,41,59,"1,055.00","62,245.00"
2019-01-24,2019012401004877,PIC,34,41,50,"1,055.00","52,750.00"
2019-01-24,2019012401004876,PIC,46,41,59,"1,055.00","62,245.00"
2019-01-24,2019012401004875,PIC,47,41,20,"1,056.00","21,120.00"
2019-01-24,2019012401004874,PIC,28,41,100,"1,056.00","105,600.00"
2019-01-24,2019012401004873,PIC,32,41,478,"1,057.00","505,246.00"
2019-01-24,2019012401004871,PIC,32,48,11,"1,057.00","11,627.00"
2019-01-24,2019012401004684,PIC,32,22,11,"1,057.00","11,627.00"
2019-01-24,2019012401004673,PIC,16,35,20,"1,061.00","21,220.00"
2019-01-24,2019012401004672,PIC,16,42,11,"1,060.00","11,660.00"
2019-01-24,2019012401005088,PICL,47,41,137,718.00,"98,366.00"
2019-01-24,2019012401005087,PICL,47,52,40,715.00,"28,600.00"
2019-01-24,2019012401004640,PICL,58,52,50,715.00,"35,750.00"
2019-01-24,2019012401004863,PLIC,38,35,150,500.00,"75,000.00"
2019-01-24,2019012401004757,PLIC,38,14,100,500.00,"50,000.00"
2019-01-24,2019012401005059,PRIN,59,28,100,450.00,"45,000.00"
2019-01-24,2019012401005058,PRIN,40,28,275,450.00,"123,750.00"
2019-01-24,2019012401005046,PRIN,40,28,25,450.00,"11,250.00"
2019-01-24,2019012401005045,PRIN,48,28,200,450.00,"90,000.00"
2019-01-24,2019012401005044,PRIN,28,28,775,450.00,"348,750.00"
2019-01-24,2019012401004880,PRIN,45,34,10,451.00,"4,510.00"
2019-01-24,2019012401004701,PRIN,25,1,10,451.00,"4,510.00"
2019-01-24,2019012401004700,PRIN,25,1,42,451.00,"18,942.00"
2019-01-24,2019012401005036,PRVU,32,39,30,244.00,"7,320.00"
2019-01-24,2019012401004996,PRVU,32,39,150,244.00,"36,600.00"
2019-01-24,2019012401004634,PRVU,55,38,84,245.00,"20,580.00"
2019-01-24,2019012401004677,PRVU,29,52,"1,000",245.00,"245,000.00"
2019-01-24,2019012401004676,PRVU,29,55,883,245.00,"216,335.00"
2019-01-24,2019012401004675,PRVU,29,55,501,245.00,"122,745.00"
2019-01-24,2019012401004637,PRVU,55,55,97,245.00,"23,765.00"
2019-01-24,2019012401004636,PRVU,55,28,"1,000",245.00,"245,000.00"
2019-01-24,2019012401004635,PRVU,55,26,100,245.00,"24,500.00"
2019-01-24,2019012401004713,PRVU,29,39,700,244.00,"170,800.00"
2019-01-24,2019012401004712,PRVU,32,39,"1,000",244.00,"244,000.00"
2019-01-24,2019012401004681,PRVU,29,46,416,245.00,"101,920.00"
2019-01-24,2019012401004680,PRVU,29,41,100,245.00,"24,500.00"
2019-01-24,2019012401004679,PRVU,29,59,500,245.00,"122,500.00"
2019-01-24,2019012401004678,PRVU,29,11,100,245.00,"24,500.00"
2019-01-24,2019012401004830,PRVU,5,38,250,245.00,"61,250.00"
2019-01-24,2019012401004719,PRVU,29,46,84,245.00,"20,580.00"
2019-01-24,2019012401004715,PRVU,32,39,200,244.00,"48,800.00"
2019-01-24,2019012401004714,PRVU,22,39,100,244.00,"24,400.00"
2019-01-24,2019012401004961,RADHI,38,38,11,166.00,"1,826.00"
2019-01-24,2019012401004685,RADHI,13,22,10,165.00,"1,650.00"
2019-01-24,2019012401004631,RADHI,13,42,11,165.00,"1,815.00"
2019-01-24,2019012401004744,RBCL,38,58,10,"9,550.00","95,500.00"
2019-01-24,2019012401004883,RHPC,58,59,13,99.00,"1,287.00"
2019-01-24,2019012401004882,RHPC,50,59,20,100.00,"2,000.00"
2019-01-24,2019012401004939,RRHP,29,45,10,100.00,"1,000.00"
2019-01-24,2019012401004651,RRHP,29,42,10,100.00,"1,000.00"
2019-01-24,2019012401004646,RRHP,29,41,10,100.00,"1,000.00"
2019-01-24,2019012401004625,RRHP,29,41,10,100.00,"1,000.00"
2019-01-24,2019012401004971,RSDC,35,35,50,385.00,"19,250.00"
2019-01-24,2019012401004913,RSDC,35,17,48,385.00,"18,480.00"
2019-01-24,2019012401004912,RSDC,42,17,25,385.00,"9,625.00"
2019-01-24,2019012401004911,RSDC,43,17,50,386.00,"19,300.00"
2019-01-24,2019012401004910,RSDC,45,17,50,386.00,"19,300.00"
2019-01-24,2019012401004909,RSDC,35,17,166,386.00,"64,076.00"
2019-01-24,2019012401004908,RSDC,14,17,15,387.00,"5,805.00"
2019-01-24,2019012401004907,RSDC,16,17,43,388.00,"16,684.00"
2019-01-24,2019012401004870,RSDC,49,50,100,389.00,"38,900.00"
2019-01-24,2019012401004694,RSDC,16,13,57,388.00,"22,116.00"
2019-01-24,2019012401004938,SADBL,6,34,50,145.00,"7,250.00"
2019-01-24,2019012401005000,SBI,11,41,100,390.00,"39,000.00"
2019-01-24,2019012401004999,SBI,44,41,50,390.00,"19,500.00"
2019-01-24,2019012401004998,SBI,26,41,50,390.00,"19,500.00"
2019-01-24,2019012401004782,SBI,17,26,10,392.00,"3,920.00"
2019-01-24,2019012401004845,SBL,26,33,225,289.00,"65,025.00"
2019-01-24,2019012401004727,SBL,52,33,100,289.00,"28,900.00"
2019-01-24,2019012401004726,SBL,44,33,500,289.00,"144,500.00"
2019-01-24,2019012401005070,SCB,41,1,100,569.00,"56,900.00"
2019-01-24,2019012401004753,SCB,21,26,10,569.00,"5,690.00"
2019-01-24,2019012401004717,SCB,29,42,19,568.00,"10,792.00"
2019-01-24,2019012401004704,SCB,29,13,50,568.00,"28,400.00"
2019-01-24,2019012401005062,SDESI,35,48,17,621.00,"10,557.00"
2019-01-24,2019012401005061,SDESI,45,48,10,622.00,"6,220.00"
2019-01-24,2019012401004960,SDESI,45,19,10,629.00,"6,290.00"
2019-01-24,2019012401004945,SDESI,45,48,27,620.00,"16,740.00"
2019-01-24,2019012401004933,SDESI,45,8,13,629.00,"8,177.00"
2019-01-24,2019012401004816,SDESI,45,48,27,620.00,"16,740.00"
2019-01-24,2019012401004772,SDESI,45,8,10,629.00,"6,290.00"
2019-01-24,2019012401004758,SDESI,32,51,14,625.00,"8,750.00"
2019-01-24,2019012401004742,SDESI,45,48,27,620.00,"16,740.00"
2019-01-24,2019012401004644,SDESI,32,48,27,619.00,"16,713.00"
2019-01-24,2019012401004917,SHINE,28,35,200,246.00,"49,200.00"
2019-01-24,2019012401004914,SHINE,28,45,50,246.00,"12,300.00"
2019-01-24,2019012401004881,SHINE,16,45,50,248.00,"12,400.00"
2019-01-24,2019012401005040,SHPC,49,35,66,231.00,"15,246.00"
2019-01-24,2019012401005023,SHPC,49,16,179,231.00,"41,349.00"
2019-01-24,2019012401005022,SHPC,58,16,10,231.00,"2,310.00"
2019-01-24,2019012401005021,SHPC,5,16,11,232.00,"2,552.00"
2019-01-24,2019012401004975,SHPC,5,6,189,232.00,"43,848.00"
2019-01-24,2019012401004974,SHPC,55,6,11,232.00,"2,552.00"
2019-01-24,2019012401004762,SIFC,22,59,37,140.00,"5,180.00"
2019-01-24,2019012401004761,SIFC,22,45,63,140.00,"8,820.00"
2019-01-24,2019012401004807,SINDU,43,29,140,121.00,"16,940.00"
2019-01-24,2019012401004789,SINDU,43,29,20,120.00,"2,400.00"
2019-01-24,2019012401005094,SKBBL,39,40,152,870.00,"132,240.00"
2019-01-24,2019012401004944,SKBBL,50,35,20,867.00,"17,340.00"
2019-01-24,2019012401004943,SKBBL,43,35,30,868.00,"26,040.00"
2019-01-24,2019012401004835,SLBBL,5,47,10,535.00,"5,350.00"
2019-01-24,2019012401004683,SLBS,20,48,10,"1,015.00","10,150.00"
2019-01-24,2019012401004621,SLICL,56,14,30,556.00,"16,680.00"
2019-01-24,2019012401004620,SLICL,16,14,30,556.00,"16,680.00"
2019-01-24,2019012401004619,SLICL,57,14,40,556.00,"22,240.00"
2019-01-24,2019012401004724,SMATA,22,48,18,"1,212.00","21,816.00"
2019-01-24,2019012401005039,SMFDB,42,32,100,706.00,"70,600.00"
2019-01-24,2019012401005038,SMFDB,25,32,100,706.00,"70,600.00"
2019-01-24,2019012401005037,SMFDB,17,32,30,707.00,"21,210.00"
2019-01-24,2019012401004607,SMFDB,51,32,11,712.00,"7,832.00"
2019-01-24,2019012401004606,SMFDB,19,32,10,714.00,"7,140.00"
2019-01-24,2019012401004608,SMFDB,38,32,100,710.00,"71,000.00"
2019-01-24,2019012401004892,SRBL,6,49,"2,000",214.00,"428,000.00"
2019-01-24,2019012401004891,SRBL,21,49,100,214.00,"21,400.00"
2019-01-24,2019012401004890,SRBL,38,49,"1,000",214.00,"214,000.00"
2019-01-24,2019012401004889,SRBL,38,49,666,214.00,"142,524.00"
2019-01-24,2019012401004787,SRBL,38,48,110,214.00,"23,540.00"
2019-01-24,2019012401004777,SRBL,38,48,24,214.00,"5,136.00"
2019-01-24,2019012401005069,SWBBL,44,48,400,845.00,"338,000.00"
2019-01-24,2019012401005068,SWBBL,43,48,30,846.00,"25,380.00"
2019-01-24,2019012401004964,UMHL,13,26,10,120.00,"1,200.00"
2019-01-24,2019012401004963,UMHL,13,48,14,120.00,"1,680.00"
2019-01-24,2019012401005081,UPPER,34,48,50,274.00,"13,700.00"
2019-01-24,2019012401005072,UPPER,34,42,32,274.00,"8,768.00"
2019-01-24,2019012401005071,UPPER,21,42,18,274.00,"4,932.00"
2019-01-24,2019012401005004,UPPER,21,50,40,274.00,"10,960.00"
2019-01-24,2019012401004618,UPPER,40,41,50,274.00,"13,700.00"
2019-01-24,2019012401004617,UPPER,40,43,50,274.00,"13,700.00"
2019-01-24,2019012401004612,UPPER,37,7,10,275.00,"2,750.00"
2019-01-24,2019012401004609,UPPER,37,53,40,275.00,"11,000.00"
2019-01-24,2019012401004642,UPPER,14,51,40,274.00,"10,960.00"
2019-01-24,2019012401004639,UPPER,14,41,40,274.00,"10,960.00"
2019-01-24,2019012401004632,UPPER,14,51,40,274.00,"10,960.00"
2019-01-24,2019012401004624,UPPER,14,53,50,274.00,"13,700.00"
2019-01-24,2019012401004623,UPPER,14,6,88,274.00,"24,112.00"
2019-01-24,2019012401004622,UPPER,40,6,912,274.00,"249,888.00"
2019-01-24,2019012401004702,UPPER,41,7,200,275.00,"55,000.00"
2019-01-24,2019012401004697,UPPER,1,43,378,274.00,"103,572.00"
2019-01-24,2019012401004696,UPPER,14,43,122,274.00,"33,428.00"
2019-01-24,2019012401004674,UPPER,14,41,40,274.00,"10,960.00"
2019-01-24,2019012401004650,UPPER,14,51,40,274.00,"10,960.00"
2019-01-24,2019012401004649,UPPER,14,37,40,274.00,"10,960.00"
2019-01-24,2019012401004737,UPPER,1,42,50,274.00,"13,700.00"
2019-01-24,2019012401004734,UPPER,1,7,50,274.00,"13,700.00"
2019-01-24,2019012401004725,UPPER,1,7,40,274.00,"10,960.00"
2019-01-24,2019012401004720,UPPER,1,7,40,274.00,"10,960.00"
2019-01-24,2019012401004711,UPPER,1,7,40,274.00,"10,960.00"
2019-01-24,2019012401004707,UPPER,1,18,50,274.00,"13,700.00"
2019-01-24,2019012401004756,UPPER,1,7,40,274.00,"10,960.00"
2019-01-24,2019012401004752,UPPER,1,20,50,274.00,"13,700.00"
2019-01-24,2019012401004748,UPPER,1,7,40,274.00,"10,960.00"
2019-01-24,2019012401004741,UPPER,1,20,50,274.00,"13,700.00"
2019-01-24,2019012401004740,UPPER,1,42,50,274.00,"13,700.00"
2019-01-24,2019012401004739,UPPER,1,7,50,274.00,"13,700.00"
2019-01-24,2019012401004776,UPPER,59,7,50,274.00,"13,700.00"
2019-01-24,2019012401004773,UPPER,59,20,50,274.00,"13,700.00"
2019-01-24,2019012401004766,UPPER,59,7,50,274.00,"13,700.00"
2019-01-24,2019012401004765,UPPER,59,52,18,274.00,"4,932.00"
2019-01-24,2019012401004764,UPPER,1,52,22,274.00,"6,028.00"
2019-01-24,2019012401004763,UPPER,1,20,50,274.00,"13,700.00"
2019-01-24,2019012401004801,UPPER,14,28,500,274.00,"137,000.00"
2019-01-24,2019012401004800,UPPER,59,28,92,274.00,"25,208.00"
2019-01-24,2019012401004793,UPPER,59,28,40,274.00,"10,960.00"
2019-01-24,2019012401004786,UPPER,59,41,50,274.00,"13,700.00"
2019-01-24,2019012401004785,UPPER,45,7,400,275.00,"110,000.00"
2019-01-24,2019012401004780,UPPER,59,28,50,274.00,"13,700.00"
2019-01-24,2019012401004820,UPPER,40,34,50,274.00,"13,700.00"
2019-01-24,2019012401004818,UPPER,40,28,40,274.00,"10,960.00"
2019-01-24,2019012401004815,UPPER,40,45,50,274.00,"13,700.00"
2019-01-24,2019012401004804,UPPER,40,7,50,274.00,"13,700.00"
2019-01-24,2019012401004803,UPPER,40,28,308,274.00,"84,392.00"
2019-01-24,2019012401004802,UPPER,1,28,100,274.00,"27,400.00"
2019-01-24,2019012401004844,UPPER,40,28,40,274.00,"10,960.00"
2019-01-24,2019012401004843,UPPER,40,7,50,274.00,"13,700.00"
2019-01-24,2019012401004833,UPPER,40,7,40,274.00,"10,960.00"
2019-01-24,2019012401004832,UPPER,40,28,40,274.00,"10,960.00"
2019-01-24,2019012401004821,UPPER,40,7,50,274.00,"13,700.00"
2019-01-24,2019012401004859,UPPER,43,45,50,274.00,"13,700.00"
2019-01-24,2019012401004858,UPPER,34,7,100,275.00,"27,500.00"
2019-01-24,2019012401004856,UPPER,43,28,50,274.00,"13,700.00"
2019-01-24,2019012401004854,UPPER,28,7,39,274.00,"10,686.00"
2019-01-24,2019012401004850,UPPER,28,1,61,274.00,"16,714.00"
2019-01-24,2019012401004849,UPPER,40,1,282,274.00,"77,268.00"
2019-01-24,2019012401004884,UPPER,43,7,40,274.00,"10,960.00"
2019-01-24,2019012401004879,UPPER,43,7,40,274.00,"10,960.00"
2019-01-24,2019012401004869,UPPER,43,28,40,274.00,"10,960.00"
2019-01-24,2019012401004866,UPPER,43,7,40,274.00,"10,960.00"
2019-01-24,2019012401004861,UPPER,43,50,100,274.00,"27,400.00"
2019-01-24,2019012401004860,UPPER,43,7,40,274.00,"10,960.00"
2019-01-24,2019012401004919,UPPER,17,28,40,274.00,"10,960.00"
2019-01-24,2019012401004916,UPPER,17,56,40,274.00,"10,960.00"
2019-01-24,2019012401004915,UPPER,17,7,40,274.00,"10,960.00"
2019-01-24,2019012401004902,UPPER,17,46,72,274.00,"19,728.00"
2019-01-24,2019012401004898,UPPER,43,28,50,274.00,"13,700.00"
2019-01-24,2019012401004894,UPPER,43,7,50,274.00,"13,700.00"
2019-01-24,2019012401004950,UPPER,17,58,40,274.00,"10,960.00"
2019-01-24,2019012401004942,UPPER,17,58,40,274.00,"10,960.00"
2019-01-24,2019012401004940,UPPER,17,7,40,274.00,"10,960.00"
2019-01-24,2019012401004937,UPPER,17,58,40,274.00,"10,960.00"
2019-01-24,2019012401004927,UPPER,17,28,40,274.00,"10,960.00"
2019-01-24,2019012401004921,UPPER,17,7,50,274.00,"13,700.00"
2019-01-24,2019012401004995,UPPER,21,7,40,274.00,"10,960.00"
2019-01-24,2019012401004977,UPPER,21,6,40,274.00,"10,960.00"
2019-01-24,2019012401004965,UPPER,21,34,40,274.00,"10,960.00"
2019-01-24,2019012401004958,UPPER,21,6,22,274.00,"6,028.00"
2019-01-24,2019012401004957,UPPER,17,6,18,274.00,"4,932.00"
2019-01-24,2019012401004954,UPPER,17,34,40,274.00,"10,960.00"
2019-01-24,2019012401004583,ADBL,58,56,51,342.00,"17,442.00"
2019-01-24,2019012401004582,ADBL,38,56,25,342.00,"8,550.00"
2019-01-24,2019012401004581,ADBL,1,56,29,342.00,"9,918.00"
2019-01-24,2019012401004565,ADBL,56,56,45,343.00,"15,435.00"
2019-01-24,2019012401004554,ADBL,56,13,105,343.00,"36,015.00"
2019-01-24,2019012401004515,AKJCL,17,42,10,85.00,850.00
2019-01-24,2019012401004386,AKJCL,17,32,20,85.00,"1,700.00"
2019-01-24,2019012401004355,AKJCL,17,26,10,85.00,850.00
2019-01-24,2019012401004477,ALICL,32,14,100,623.00,"62,300.00"
2019-01-24,2019012401004547,API,11,48,18,144.00,"2,592.00"
2019-01-24,2019012401004464,API,11,26,29,144.00,"4,176.00"
2019-01-24,2019012401004488,BARUN,22,1,10,105.00,"1,050.00"
2019-01-24,2019012401004576,BHBL,29,26,10,145.00,"1,450.00"
2019-01-24,2019012401004496,BOKL,6,1,66,255.00,"16,830.00"
2019-01-24,2019012401004439,BOKL,17,50,50,256.00,"12,800.00"
2019-01-24,2019012401004285,BOKL,7,50,10,256.00,"2,560.00"
2019-01-24,2019012401004233,BOKL,6,14,100,255.00,"25,500.00"
2019-01-24,2019012401004506,CBBL,13,47,100,890.00,"89,000.00"
2019-01-24,2019012401004505,CBBL,13,47,72,891.00,"64,152.00"
2019-01-24,2019012401004504,CBBL,54,47,40,891.00,"35,640.00"
2019-01-24,2019012401004397,CBBL,13,29,128,893.00,"114,304.00"
2019-01-24,2019012401004396,CBBL,48,29,160,895.00,"143,200.00"
2019-01-24,2019012401004287,CBBL,48,5,140,895.00,"125,300.00"
2019-01-24,2019012401004132,CBBL,14,28,100,906.00,"90,600.00"
2019-01-24,2019012401004129,CBBL,22,34,100,900.00,"90,000.00"
2019-01-24,2019012401004128,CBBL,3,34,55,900.00,"49,500.00"
2019-01-24,2019012401004127,CBBL,25,34,50,900.00,"45,000.00"
2019-01-24,2019012401004126,CBBL,10,34,150,900.00,"135,000.00"
2019-01-24,2019012401004125,CBBL,48,34,200,900.00,"180,000.00"
2019-01-24,2019012401004286,CBBL,17,5,50,900.00,"45,000.00"
2019-01-24,2019012401004254,CBBL,35,29,12,904.00,"10,848.00"
2019-01-24,2019012401004252,CBBL,6,29,200,904.00,"180,800.00"
2019-01-24,2019012401004170,CBBL,22,34,275,907.00,"249,425.00"
2019-01-24,2019012401004169,CBBL,22,22,200,907.00,"181,400.00"
2019-01-24,2019012401004168,CBBL,22,50,25,907.00,"22,675.00"
2019-01-24,2019012401004601,CBL,40,52,200,160.00,"32,000.00"
2019-01-24,2019012401004436,CBL,40,26,56,160.00,"8,960.00"
2019-01-24,2019012401004411,CBL,40,16,49,160.00,"7,840.00"
2019-01-24,2019012401004529,CCBL,44,42,90,171.00,"15,390.00"
2019-01-24,2019012401004501,CCBL,44,1,18,171.00,"3,078.00"
2019-01-24,2019012401004284,CCBL,44,14,300,171.00,"51,300.00"
2019-01-24,2019012401004268,CCBL,44,33,"1,000",171.00,"171,000.00"
2019-01-24,2019012401004223,CCBL,44,10,50,171.00,"8,550.00"
2019-01-24,2019012401004222,CCBL,44,50,411,171.00,"70,281.00"
2019-01-24,2019012401004156,CCBL,47,10,200,171.00,"34,200.00"
2019-01-24,2019012401004298,CFCL,55,21,89,111.00,"9,879.00"
2019-01-24,2019012401004297,CFCL,26,21,500,111.00,"55,500.00"
2019-01-24,2019012401004296,CFCL,49,21,211,111.00,"23,421.00"
2019-01-24,2019012401004385,CHCL,40,33,500,533.00,"266,500.00"
2019-01-24,2019012401004384,CHCL,56,33,77,533.00,"41,041.00"
2019-01-24,2019012401004124,CHCL,56,13,41,533.00,"21,853.00"
2019-01-24,2019012401004102,CHCL,56,13,82,533.00,"43,706.00"
2019-01-24,2019012401004596,CIT,18,59,20,"2,712.00","54,240.00"
2019-01-24,2019012401004557,CIT,44,6,300,"2,710.00","813,000.00"
2019-01-24,2019012401004541,CIT,20,6,100,"2,710.00","271,000.00"
2019-01-24,2019012401004526,CIT,5,13,50,"2,704.00","135,200.00"
2019-01-24,2019012401004491,CIT,36,5,45,"2,705.00","121,725.00"
2019-01-24,2019012401004473,CIT,52,35,74,"2,709.00","200,466.00"
2019-01-24,2019012401004116,CIT,28,25,80,"2,704.00","216,320.00"
2019-01-24,2019012401004238,CIT,58,1,300,"2,705.00","811,500.00"
2019-01-24,2019012401004174,CIT,48,22,20,"2,704.00","54,080.00"
2019-01-24,2019012401004173,CIT,48,40,50,"2,704.00","135,200.00"
2019-01-24,2019012401004172,CIT,48,25,90,"2,704.00","243,360.00"
2019-01-24,2019012401004158,CIT,52,25,50,"2,704.00","135,200.00"
2019-01-24,2019012401004133,CIT,52,25,20,"2,704.00","54,080.00"
2019-01-24,2019012401004451,CIT,16,16,130,"2,705.00","351,650.00"
2019-01-24,2019012401004443,CIT,52,16,20,"2,705.00","54,100.00"
2019-01-24,2019012401004435,CIT,32,1,50,"2,701.00","135,050.00"
2019-01-24,2019012401004434,CIT,41,1,100,"2,702.00","270,200.00"
2019-01-24,2019012401004433,CIT,58,16,50,"2,705.00","135,250.00"
2019-01-24,2019012401004401,CIT,32,33,50,"2,701.00","135,050.00"
2019-01-24,2019012401004111,CORBL,16,17,40,98.00,"3,920.00"
2019-01-24,2019012401004110,CORBL,16,32,60,98.00,"5,880.00"
2019-01-24,2019012401004539,CZBIL,34,42,10,212.00,"2,120.00"
2019-01-24,2019012401004442,CZBIL,52,43,50,213.00,"10,650.00"
2019-01-24,2019012401004441,CZBIL,52,43,50,213.00,"10,650.00"
2019-01-24,2019012401004370,CZBIL,34,14,160,212.00,"33,920.00"
2019-01-24,2019012401004369,CZBIL,22,14,240,212.00,"50,880.00"
2019-01-24,2019012401004354,CZBIL,22,50,10,212.00,"2,120.00"
2019-01-24,2019012401004249,CZBIL,22,35,250,212.00,"53,000.00"
2019-01-24,2019012401004248,CZBIL,47,35,150,212.00,"31,800.00"
2019-01-24,2019012401004181,CZBIL,47,36,100,212.00,"21,200.00"
2019-01-24,2019012401004117,CZBIL,47,35,10,212.00,"2,120.00"
2019-01-24,2019012401004392,DBBL,53,17,200,126.00,"25,200.00"
2019-01-24,2019012401004406,DDBL,43,11,80,570.00,"45,600.00"
2019-01-24,2019012401004405,DDBL,44,11,20,575.00,"11,500.00"
2019-01-24,2019012401004363,DDBL,44,44,"2,480",575.00,"1,426,000.00"
2019-01-24,2019012401004362,DDBL,49,44,20,575.00,"11,500.00"
2019-01-24,2019012401004468,EBL,32,39,50,529.00,"26,450.00"
2019-01-24,2019012401004535,FOWAD,16,29,100,"1,555.00","155,500.00"
2019-01-24,2019012401004534,FOWAD,16,32,100,"1,555.00","155,500.00"
2019-01-24,2019012401004533,FOWAD,16,49,55,"1,555.00","85,525.00"
2019-01-24,2019012401004372,FOWAD,39,49,35,"1,550.00","54,250.00"
2019-01-24,2019012401004371,FOWAD,55,49,10,"1,551.00","15,510.00"
2019-01-24,2019012401004584,GBBL,44,13,384,185.00,"71,040.00"
2019-01-24,2019012401004550,GBBL,32,32,370,186.00,"68,820.00"
2019-01-24,2019012401004545,GBBL,44,36,"1,075",185.00,"198,875.00"
2019-01-24,2019012401004251,GBBL,36,32,130,186.00,"24,180.00"
2019-01-24,2019012401004600,GBIME,17,21,56,263.00,"14,728.00"
2019-01-24,2019012401004599,GBIME,17,22,800,263.00,"210,400.00"
2019-01-24,2019012401004598,GBIME,17,19,222,263.00,"58,386.00"
2019-01-24,2019012401004597,GBIME,17,26,368,263.00,"96,784.00"
2019-01-24,2019012401004586,GBIME,16,26,500,263.00,"131,500.00"
2019-01-24,2019012401004511,GBIME,17,14,150,262.00,"39,300.00"
2019-01-24,2019012401004324,GBIME,43,26,50,262.00,"13,100.00"
2019-01-24,2019012401004323,GBIME,43,54,823,262.00,"215,626.00"
2019-01-24,2019012401004322,GBIME,43,44,509,262.00,"133,358.00"
2019-01-24,2019012401004157,GBIME,6,50,187,261.00,"48,807.00"
2019-01-24,2019012401004542,GBLBS,28,38,10,443.00,"4,430.00"
2019-01-24,2019012401004489,GBLBS,28,54,10,443.00,"4,430.00"
2019-01-24,2019012401004560,GDBL,32,42,"1,000",187.00,"187,000.00"
2019-01-24,2019012401004294,GDBL,5,35,150,186.00,"27,900.00"
2019-01-24,2019012401004196,GFCL,45,50,100,123.00,"12,300.00"
2019-01-24,2019012401004359,GILB,39,43,50,"1,200.00","60,000.00"
2019-01-24,2019012401004358,GILB,39,17,20,"1,200.00","24,000.00"
2019-01-24,2019012401004357,GILB,39,42,50,"1,200.00","60,000.00"
2019-01-24,2019012401004256,GILB,39,35,18,"1,177.00","21,186.00"
2019-01-24,2019012401004446,GUFL,40,26,75,103.00,"7,725.00"
2019-01-24,2019012401004307,HIDCL,56,44,"1,956",146.00,"285,576.00"
2019-01-24,2019012401004232,HIDCL,49,44,44,146.00,"6,424.00"
2019-01-24,2019012401004231,HIDCL,49,29,50,146.00,"7,300.00"
2019-01-24,2019012401004230,HIDCL,49,48,56,146.00,"8,176.00"
2019-01-24,2019012401004149,HIDCL,21,44,430,145.00,"62,350.00"
2019-01-24,2019012401004148,HIDCL,16,44,30,145.00,"4,350.00"
2019-01-24,2019012401004141,HIDCL,32,44,100,145.00,"14,500.00"
2019-01-24,2019012401004140,HIDCL,17,44,190,145.00,"27,550.00"
2019-01-24,2019012401004147,HIDCL,38,44,300,145.00,"43,500.00"
2019-01-24,2019012401004146,HIDCL,11,44,100,145.00,"14,500.00"
2019-01-24,2019012401004145,HIDCL,52,44,100,145.00,"14,500.00"
2019-01-24,2019012401004144,HIDCL,6,44,"1,000",145.00,"145,000.00"
2019-01-24,2019012401004143,HIDCL,29,44,250,145.00,"36,250.00"
2019-01-24,2019012401004142,HIDCL,25,44,500,145.00,"72,500.00"
2019-01-24,2019012401004575,HPPL,21,42,20,183.00,"3,660.00"
2019-01-24,2019012401004377,IGI,45,5,200,450.00,"90,000.00"
2019-01-24,2019012401004378,IGI,45,22,10,450.00,"4,500.00"
