Date,Transact. No.,Symbol,Buyer,Seller,Quantity,Rate,Amount
2020-08-12,2020081201020621,ACLBSL,38,20,10,705.00,"7,050.00"
2020-08-12,2020081201020247,ADBL,50,25,166,419.00,"69,554.00"
2020-08-12,2020081201020246,ADBL,45,25,100,419.00,"41,900.00"
2020-08-12,2020081201020245,ADBL,56,25,10,419.00,"4,190.00"
2020-08-12,2020081201020244,ADBL,56,25,50,419.00,"20,950.00"
2020-08-12,2020081201020243,ADBL,14,25,740,419.00,"310,060.00"
2020-08-12,2020081201020685,AIL,54,58,10,543.00,"5,430.00"
2020-08-12,2020081201020682,AIL,54,42,10,543.00,"5,430.00"
2020-08-12,2020081201020669,AIL,54,42,10,543.00,"5,430.00"
2020-08-12,2020081201020663,AIL,54,56,10,543.00,"5,430.00"
2020-08-12,2020081201020657,AIL,54,40,10,543.00,"5,430.00"
2020-08-12,2020081201020655,AIL,7,17,10,544.00,"5,440.00"
2020-08-12,2020081201020262,AIL,45,42,10,544.00,"5,440.00"
2020-08-12,2020081201020256,AIL,45,41,50,544.00,"27,200.00"
2020-08-12,2020081201020235,AIL,45,10,10,544.00,"5,440.00"
2020-08-12,2020081201020323,AIL,49,39,10,544.00,"5,440.00"
2020-08-12,2020081201020309,AIL,49,41,10,544.00,"5,440.00"
2020-08-12,2020081201020305,AIL,46,17,10,544.00,"5,440.00"
2020-08-12,2020081201020297,AIL,28,19,10,545.00,"5,450.00"
2020-08-12,2020081201020280,AIL,45,41,10,544.00,"5,440.00"
2020-08-12,2020081201020263,AIL,45,16,10,544.00,"5,440.00"
2020-08-12,2020081201020421,AIL,49,17,10,544.00,"5,440.00"
2020-08-12,2020081201020418,AIL,49,16,10,544.00,"5,440.00"
2020-08-12,2020081201020415,AIL,45,19,20,545.00,"10,900.00"
2020-08-12,2020081201020412,AIL,39,19,30,545.00,"16,350.00"
2020-08-12,2020081201020358,AIL,49,42,10,544.00,"5,440.00"
2020-08-12,2020081201020334,AIL,49,16,10,544.00,"5,440.00"
2020-08-12,2020081201020544,AIL,7,45,10,544.00,"5,440.00"
2020-08-12,2020081201020476,AIL,7,56,10,544.00,"5,440.00"
2020-08-12,2020081201020458,AIL,49,55,10,544.00,"5,440.00"
2020-08-12,2020081201020445,AIL,49,6,10,544.00,"5,440.00"
2020-08-12,2020081201020439,AIL,49,1,10,544.00,"5,440.00"
2020-08-12,2020081201020422,AIL,49,10,10,544.00,"5,440.00"
2020-08-12,2020081201020620,AIL,54,57,10,543.00,"5,430.00"
2020-08-12,2020081201020580,AIL,11,10,10,544.00,"5,440.00"
2020-08-12,2020081201020577,AIL,11,26,10,544.00,"5,440.00"
2020-08-12,2020081201020573,AIL,7,34,10,544.00,"5,440.00"
2020-08-12,2020081201020549,AIL,7,16,10,544.00,"5,440.00"
2020-08-12,2020081201020546,AIL,7,52,10,544.00,"5,440.00"
2020-08-12,2020081201020438,AKPL,1,40,300,114.00,"34,200.00"
2020-08-12,2020081201020436,ALBSL,57,40,11,677.00,"7,447.00"
2020-08-12,2020081201020435,ALBSL,57,45,11,677.00,"7,447.00"
2020-08-12,2020081201020622,ALICL,41,32,100,640.00,"64,000.00"
2020-08-12,2020081201020282,ALICL,14,57,16,642.00,"10,272.00"
2020-08-12,2020081201020281,ALICL,14,45,64,641.00,"41,024.00"
2020-08-12,2020081201020472,BBC,7,22,40,"1,511.00","60,440.00"
2020-08-12,2020081201020471,BBC,6,22,20,"1,515.00","30,300.00"
2020-08-12,2020081201020470,BBC,51,22,20,"1,517.00","30,340.00"
2020-08-12,2020081201020469,BBC,51,22,20,"1,520.00","30,400.00"
2020-08-12,2020081201020690,BFC,47,7,10,103.00,"1,030.00"
2020-08-12,2020081201020609,BOKL,32,14,93,228.00,"21,204.00"
2020-08-12,2020081201020608,BOKL,32,13,272,228.00,"62,016.00"
2020-08-12,2020081201020607,BOKL,32,43,500,227.00,"113,500.00"
2020-08-12,2020081201020606,BOKL,32,19,100,227.00,"22,700.00"
2020-08-12,2020081201020605,BOKL,32,16,35,227.00,"7,945.00"
2020-08-12,2020081201020423,BOKL,32,44,100,226.00,"22,600.00"
2020-08-12,2020081201020699,BPCL,7,14,281,362.00,"101,722.00"
2020-08-12,2020081201020679,BPCL,54,14,19,362.00,"6,878.00"
2020-08-12,2020081201020678,BPCL,54,50,50,362.00,"18,100.00"
2020-08-12,2020081201020677,BPCL,54,26,12,362.00,"4,344.00"
2020-08-12,2020081201020676,BPCL,54,5,122,362.00,"44,164.00"
2020-08-12,2020081201020675,BPCL,54,14,97,362.00,"35,114.00"
2020-08-12,2020081201020290,BPCL,7,40,12,361.00,"4,332.00"
2020-08-12,2020081201020249,CBBL,34,45,10,"1,065.00","10,650.00"
2020-08-12,2020081201020269,CBL,33,53,37,147.00,"5,439.00"
2020-08-12,2020081201020268,CBL,33,42,63,147.00,"9,261.00"
2020-08-12,2020081201020612,CIT,26,52,10,"2,600.00","26,000.00"
2020-08-12,2020081201020459,CIT,45,52,10,"2,600.00","26,000.00"
2020-08-12,2020081201020242,CIT,10,52,10,"2,600.00","26,000.00"
2020-08-12,2020081201020306,CMF1,49,50,"4,000",10.15,"40,600.00"
2020-08-12,2020081201020681,CZBIL,17,6,115,201.00,"23,115.00"
2020-08-12,2020081201020680,CZBIL,58,6,"1,532",201.00,"307,932.00"
2020-08-12,2020081201020660,CZBIL,33,47,218,202.00,"44,036.00"
2020-08-12,2020081201020659,CZBIL,33,7,20,202.00,"4,040.00"
2020-08-12,2020081201020658,CZBIL,33,33,162,202.00,"32,724.00"
2020-08-12,2020081201020495,CZBIL,58,10,11,201.00,"2,211.00"
2020-08-12,2020081201020473,CZBIL,58,57,161,201.00,"32,361.00"
2020-08-12,2020081201020437,CZBIL,58,42,10,201.00,"2,010.00"
2020-08-12,2020081201020457,DDBL,44,25,500,854.00,"427,000.00"
2020-08-12,2020081201020604,EBL,58,6,20,730.00,"14,600.00"
2020-08-12,2020081201020468,EBL,13,14,100,728.00,"72,800.00"
2020-08-12,2020081201020467,EBL,33,14,100,728.00,"72,800.00"
2020-08-12,2020081201020443,EBL,49,8,83,729.00,"60,507.00"
2020-08-12,2020081201020691,FMDBL,44,26,200,525.00,"105,000.00"
2020-08-12,2020081201020313,FMDBL,50,39,17,524.00,"8,908.00"
2020-08-12,2020081201020312,FMDBL,58,39,20,524.00,"10,480.00"
2020-08-12,2020081201020311,FMDBL,51,39,63,524.00,"33,012.00"
2020-08-12,2020081201020291,GBBL,34,41,20,241.00,"4,820.00"
2020-08-12,2020081201020712,GBIME,42,45,40,256.00,"10,240.00"
2020-08-12,2020081201020315,GBIME,44,28,300,256.00,"76,800.00"
2020-08-12,2020081201020556,GBLBS,44,39,45,484.00,"21,780.00"
2020-08-12,2020081201020531,GBLBS,44,35,100,484.00,"48,400.00"
2020-08-12,2020081201020308,GBLBS,44,45,10,484.00,"4,840.00"
2020-08-12,2020081201020307,GHL,52,25,30,59.00,"1,770.00"
2020-08-12,2020081201020322,GLBSL,35,36,30,800.00,"24,000.00"
2020-08-12,2020081201020321,GLBSL,35,38,10,800.00,"8,000.00"
2020-08-12,2020081201020320,GLBSL,35,6,50,800.00,"40,000.00"
2020-08-12,2020081201020319,GLBSL,35,33,10,800.00,"8,000.00"
2020-08-12,2020081201020234,GLBSL,43,59,10,791.00,"7,910.00"
2020-08-12,2020081201020716,GLICL,58,14,10,471.00,"4,710.00"
2020-08-12,2020081201020581,GLICL,55,21,71,469.00,"33,299.00"
2020-08-12,2020081201020477,GLICL,41,42,50,470.00,"23,500.00"
2020-08-12,2020081201020488,GRDBL,34,50,200,116.00,"23,200.00"
2020-08-12,2020081201020487,GRDBL,34,46,313,116.00,"36,308.00"
2020-08-12,2020081201020486,GRDBL,34,56,400,116.00,"46,400.00"
2020-08-12,2020081201020611,HDL,49,45,10,"1,707.00","17,070.00"
2020-08-12,2020081201020591,HDL,21,57,50,"1,701.00","85,050.00"
2020-08-12,2020081201020250,HDL,21,21,20,"1,701.00","34,020.00"
2020-08-12,2020081201020603,ILBS,32,16,10,737.00,"7,370.00"
2020-08-12,2020081201020370,ILBS,33,16,95,737.00,"70,015.00"
2020-08-12,2020081201020324,ILBS,33,22,11,737.00,"8,107.00"
2020-08-12,2020081201020481,JBBL,45,37,175,173.00,"30,275.00"
2020-08-12,2020081201020480,JBBL,41,37,525,173.00,"90,825.00"
2020-08-12,2020081201020479,JBBL,58,37,50,173.00,"8,650.00"
2020-08-12,2020081201020478,JBBL,43,37,100,173.00,"17,300.00"
2020-08-12,2020081201020228,JOSHI,57,45,20,56.00,"1,120.00"
2020-08-12,2020081201020318,KBL,49,47,200,193.00,"38,600.00"
2020-08-12,2020081201020317,KBL,49,11,300,193.00,"57,900.00"
2020-08-12,2020081201020592,KMCDB,17,48,10,760.00,"7,600.00"
2020-08-12,2020081201020568,KMCDB,49,48,10,760.00,"7,600.00"
2020-08-12,2020081201020283,KMCDB,41,4,77,749.00,"57,673.00"
2020-08-12,2020081201020237,KPCL,59,52,10,106.00,"1,060.00"
2020-08-12,2020081201020325,KPCL,59,40,10,106.00,"1,060.00"
2020-08-12,2020081201020261,KPCL,59,55,50,106.00,"5,300.00"
2020-08-12,2020081201020270,LBBL,44,32,39,190.00,"7,410.00"
2020-08-12,2020081201020698,LGIL,48,35,283,469.00,"132,727.00"
2020-08-12,2020081201020697,LGIL,48,44,56,466.00,"26,096.00"
2020-08-12,2020081201020696,LGIL,48,46,50,466.00,"23,300.00"
2020-08-12,2020081201020689,LICN,54,45,78,"1,470.00","114,660.00"
2020-08-12,2020081201020662,LICN,54,50,100,"1,470.00","147,000.00"
2020-08-12,2020081201020533,LICN,54,54,20,"1,470.00","29,400.00"
2020-08-12,2020081201020285,LICN,54,48,302,"1,468.00","443,336.00"
2020-08-12,2020081201020684,LLBS,33,58,10,"1,131.00","11,310.00"
2020-08-12,2020081201020226,MFIL,29,57,60,277.00,"16,620.00"
2020-08-12,2020081201020225,MFIL,29,45,90,277.00,"24,930.00"
2020-08-12,2020081201020224,MFIL,29,45,50,275.00,"13,750.00"
2020-08-12,2020081201020230,MMFDB,18,5,80,923.00,"73,840.00"
2020-08-12,2020081201020715,MNBBL,34,39,200,327.00,"65,400.00"
2020-08-12,2020081201020442,NABIL,44,7,10,836.00,"8,360.00"
2020-08-12,2020081201020441,NABIL,44,49,50,834.00,"41,700.00"
2020-08-12,2020081201020354,NABIL,45,45,50,835.00,"41,750.00"
2020-08-12,2020081201020353,NABIL,45,51,92,835.00,"76,820.00"
2020-08-12,2020081201020352,NABIL,45,42,34,835.00,"28,390.00"
2020-08-12,2020081201020351,NABIL,45,41,100,835.00,"83,500.00"
2020-08-12,2020081201020303,NABIL,1,4,34,833.00,"28,322.00"
2020-08-12,2020081201020302,NABIL,43,4,68,834.00,"56,712.00"
2020-08-12,2020081201020344,NABIL,45,28,50,835.00,"41,750.00"
2020-08-12,2020081201020343,NABIL,45,16,10,835.00,"8,350.00"
2020-08-12,2020081201020342,NABIL,45,54,38,835.00,"31,730.00"
2020-08-12,2020081201020341,NABIL,45,38,55,835.00,"45,925.00"
2020-08-12,2020081201020337,NABIL,26,58,300,833.00,"249,900.00"
2020-08-12,2020081201020304,NABIL,26,4,98,833.00,"81,634.00"
2020-08-12,2020081201020350,NABIL,45,49,136,835.00,"113,560.00"
2020-08-12,2020081201020349,NABIL,45,52,20,835.00,"16,700.00"
2020-08-12,2020081201020348,NABIL,45,57,10,835.00,"8,350.00"
2020-08-12,2020081201020347,NABIL,45,42,300,835.00,"250,500.00"
2020-08-12,2020081201020346,NABIL,45,22,50,835.00,"41,750.00"
2020-08-12,2020081201020345,NABIL,45,16,100,835.00,"83,500.00"
2020-08-12,2020081201020360,NADEP,48,40,23,619.00,"14,237.00"
2020-08-12,2020081201020695,NBB,58,38,87,209.00,"18,183.00"
2020-08-12,2020081201020694,NBB,58,35,36,208.00,"7,488.00"
2020-08-12,2020081201020693,NBB,58,57,200,208.00,"41,600.00"
2020-08-12,2020081201020692,NBB,58,25,177,208.00,"36,816.00"
2020-08-12,2020081201020602,NBB,58,25,23,208.00,"4,784.00"
2020-08-12,2020081201020340,NBB,58,41,165,205.00,"33,825.00"
2020-08-12,2020081201020333,NBB,58,41,35,205.00,"7,175.00"
2020-08-12,2020081201020233,NBB,58,39,200,205.00,"41,000.00"
2020-08-12,2020081201020450,NBB,58,57,10,207.00,"2,070.00"
2020-08-12,2020081201020449,NBB,58,11,85,206.00,"17,510.00"
2020-08-12,2020081201020448,NBB,58,49,20,206.00,"4,120.00"
2020-08-12,2020081201020447,NBB,58,22,200,206.00,"41,200.00"
2020-08-12,2020081201020446,NBB,58,21,114,206.00,"23,484.00"
2020-08-12,2020081201020414,NBB,58,50,235,205.00,"48,175.00"
2020-08-12,2020081201020601,NBB,58,41,30,207.00,"6,210.00"
2020-08-12,2020081201020600,NBB,58,5,200,207.00,"41,400.00"
2020-08-12,2020081201020599,NBB,58,57,167,207.00,"34,569.00"
2020-08-12,2020081201020452,NBB,58,57,21,207.00,"4,347.00"
2020-08-12,2020081201020451,NBB,58,1,50,207.00,"10,350.00"
2020-08-12,2020081201020686,NBL,33,34,100,275.00,"27,500.00"
2020-08-12,2020081201020548,NBL,34,6,500,275.00,"137,500.00"
2020-08-12,2020081201020292,NBL,33,39,100,274.00,"27,400.00"
2020-08-12,2020081201020598,NCCB,44,1,50,197.00,"9,850.00"
2020-08-12,2020081201020474,NCCB,13,6,50,198.00,"9,900.00"
2020-08-12,2020081201020566,NFS,19,45,65,176.00,"11,440.00"
2020-08-12,2020081201020565,NFS,19,51,435,176.00,"76,560.00"
2020-08-12,2020081201020223,NFS,3,51,100,176.00,"17,600.00"
2020-08-12,2020081201020386,NGPL,28,46,11,120.00,"1,320.00"
2020-08-12,2020081201020385,NGPL,28,47,13,120.00,"1,560.00"
2020-08-12,2020081201020384,NGPL,28,48,20,119.00,"2,380.00"
2020-08-12,2020081201020383,NGPL,28,49,100,119.00,"11,900.00"
2020-08-12,2020081201020382,NGPL,28,50,26,119.00,"3,094.00"
2020-08-12,2020081201020381,NGPL,28,48,11,119.00,"1,309.00"
2020-08-12,2020081201020380,NGPL,28,34,200,119.00,"23,800.00"
2020-08-12,2020081201020379,NGPL,28,52,11,119.00,"1,309.00"
2020-08-12,2020081201020295,NGPL,19,25,200,118.00,"23,600.00"
2020-08-12,2020081201020294,NGPL,19,1,11,118.00,"1,298.00"
2020-08-12,2020081201020614,NHPC,50,10,400,53.00,"21,200.00"
2020-08-12,2020081201020613,NHPC,50,10,100,53.00,"5,300.00"
2020-08-12,2020081201020671,NIB,51,19,10,449.00,"4,490.00"
2020-08-12,2020081201020596,NIB,38,39,50,448.00,"22,400.00"
2020-08-12,2020081201020543,NIB,38,16,742,448.00,"332,416.00"
2020-08-12,2020081201020257,NIB,42,49,40,447.00,"17,880.00"
2020-08-12,2020081201020229,NIB,56,49,10,447.00,"4,470.00"
2020-08-12,2020081201020597,NIBPO,34,39,848,381.00,"323,088.00"
2020-08-12,2020081201020286,NIBPO,8,39,151,382.00,"57,682.00"
2020-08-12,2020081201020289,NIBPO,8,39,500,382.00,"191,000.00"
2020-08-12,2020081201020288,NIBPO,8,39,500,382.00,"191,000.00"
2020-08-12,2020081201020287,NIBPO,44,39,100,382.00,"38,200.00"
2020-08-12,2020081201020656,NIBSF1,33,6,"10,000",10.40,"104,000.00"
2020-08-12,2020081201020707,NICA,14,46,300,574.00,"172,200.00"
2020-08-12,2020081201020672,NICA,58,58,10,575.00,"5,750.00"
2020-08-12,2020081201020595,NICA,14,45,300,574.00,"172,200.00"
2020-08-12,2020081201020585,NICA,28,58,250,575.00,"143,750.00"
2020-08-12,2020081201020584,NICA,28,44,850,575.00,"488,750.00"
2020-08-12,2020081201020574,NICA,14,34,50,574.00,"28,700.00"
2020-08-12,2020081201020542,NICA,26,44,100,575.00,"57,500.00"
2020-08-12,2020081201020314,NICA,19,44,10,575.00,"5,750.00"
2020-08-12,2020081201020567,NICL,58,11,24,467.00,"11,208.00"
2020-08-12,2020081201020455,NICL,58,17,100,467.00,"46,700.00"
2020-08-12,2020081201020454,NICL,58,10,100,467.00,"46,700.00"
2020-08-12,2020081201020453,NICL,58,42,70,466.00,"32,620.00"
2020-08-12,2020081201020338,NICL,5,42,30,466.00,"13,980.00"
2020-08-12,2020081201020708,NICLBSL,11,39,10,767.00,"7,670.00"
2020-08-12,2020081201020569,NICLBSL,11,42,10,767.00,"7,670.00"
2020-08-12,2020081201020529,NICLBSL,52,51,10,767.00,"7,670.00"
2020-08-12,2020081201020475,NICLBSL,52,57,10,767.00,"7,670.00"
2020-08-12,2020081201020444,NICLBSL,52,40,10,767.00,"7,670.00"
2020-08-12,2020081201020420,NICLBSL,52,51,10,767.00,"7,670.00"
2020-08-12,2020081201020254,NICLBSL,3,34,10,770.00,"7,700.00"
2020-08-12,2020081201020253,NICLBSL,3,34,20,770.00,"15,400.00"
2020-08-12,2020081201020252,NICLBSL,3,6,20,770.00,"15,400.00"
2020-08-12,2020081201020251,NICLBSL,3,48,50,770.00,"38,500.00"
2020-08-12,2020081201020248,NICLBSL,52,20,10,767.00,"7,670.00"
2020-08-12,2020081201020227,NICLBSL,1,26,20,767.00,"15,340.00"
2020-08-12,2020081201020377,NICLBSL,52,45,10,767.00,"7,670.00"
2020-08-12,2020081201020357,NICLBSL,52,51,10,767.00,"7,670.00"
2020-08-12,2020081201020298,NICLBSL,52,20,10,767.00,"7,670.00"
2020-08-12,2020081201020293,NICLBSL,52,51,10,767.00,"7,670.00"
2020-08-12,2020081201020258,NICLBSL,52,51,10,767.00,"7,670.00"
2020-08-12,2020081201020255,NICLBSL,3,16,20,770.00,"15,400.00"
2020-08-12,2020081201020538,NIL,6,54,300,639.00,"191,700.00"
2020-08-12,2020081201020537,NIL,6,47,30,639.00,"19,170.00"
2020-08-12,2020081201020536,NIL,6,5,175,639.00,"111,825.00"
2020-08-12,2020081201020369,NIL,58,19,66,636.00,"41,976.00"
2020-08-12,2020081201020368,NIL,35,19,100,636.00,"63,600.00"
2020-08-12,2020081201020367,NIL,26,19,196,636.00,"124,656.00"
2020-08-12,2020081201020279,NLG,49,35,10,648.00,"6,480.00"
2020-08-12,2020081201020650,NLIC,44,44,50,"1,354.00","67,700.00"
2020-08-12,2020081201020576,NLIC,44,38,10,"1,353.00","13,530.00"
2020-08-12,2020081201020575,NLIC,44,36,202,"1,351.00","272,902.00"
2020-08-12,2020081201020518,NLIC,50,36,20,"1,351.00","27,020.00"
2020-08-12,2020081201020485,NLIC,39,16,12,"1,349.00","16,188.00"
2020-08-12,2020081201020484,NLIC,25,16,50,"1,349.00","67,450.00"
2020-08-12,2020081201020483,NLIC,35,16,28,"1,349.00","37,772.00"
2020-08-12,2020081201020482,NLIC,56,16,10,"1,350.00","13,500.00"
2020-08-12,2020081201020266,NLIC,56,52,190,"1,350.00","256,500.00"
2020-08-12,2020081201020265,NLIC,36,52,100,"1,350.00","135,000.00"
2020-08-12,2020081201020264,NLIC,32,52,10,"1,350.00","13,500.00"
2020-08-12,2020081201020336,NLICL,50,44,187,695.00,"129,965.00"
2020-08-12,2020081201020335,NLICL,49,44,13,698.00,"9,074.00"
2020-08-12,2020081201020714,NMB,45,25,25,428.00,"10,700.00"
2020-08-12,2020081201020594,NMB,51,25,10,428.00,"4,280.00"
2020-08-12,2020081201020559,NMB,58,39,45,426.00,"19,170.00"
2020-08-12,2020081201020222,NMB,48,19,100,427.00,"42,700.00"
2020-08-12,2020081201020221,NMB,48,29,10,427.00,"4,270.00"
2020-08-12,2020081201020220,NMB,48,42,300,427.00,"128,100.00"
2020-08-12,2020081201020719,NMBMF,49,25,120,715.00,"85,800.00"
2020-08-12,2020081201020718,NMBMF,49,25,50,715.00,"35,750.00"
2020-08-12,2020081201020717,NMBMF,25,25,10,716.00,"7,160.00"
2020-08-12,2020081201020586,NMBMF,32,25,50,716.00,"35,800.00"
2020-08-12,2020081201020456,NMBMF,6,28,20,720.00,"14,400.00"
2020-08-12,2020081201020572,NMFBS,25,57,10,"1,600.00","16,000.00"
2020-08-12,2020081201020711,NRIC,42,26,90,588.00,"52,920.00"
2020-08-12,2020081201020710,NRIC,42,57,100,588.00,"58,800.00"
2020-08-12,2020081201020709,NRIC,42,3,10,588.00,"5,880.00"
2020-08-12,2020081201020674,NRIC,50,25,10,587.00,"5,870.00"
2020-08-12,2020081201020670,NRIC,50,58,20,587.00,"11,740.00"
2020-08-12,2020081201020661,NRIC,50,39,40,587.00,"23,480.00"
2020-08-12,2020081201020273,NRIC,42,32,20,586.00,"11,720.00"
2020-08-12,2020081201020241,NRIC,58,32,10,586.00,"5,860.00"
2020-08-12,2020081201020240,NRIC,58,35,40,586.00,"23,440.00"
2020-08-12,2020081201020239,NRIC,58,57,40,586.00,"23,440.00"
2020-08-12,2020081201020238,NRIC,58,42,110,586.00,"64,460.00"
2020-08-12,2020081201020413,NRIC,58,18,40,586.00,"23,440.00"
2020-08-12,2020081201020410,NRIC,58,57,40,586.00,"23,440.00"
2020-08-12,2020081201020361,NRIC,58,32,20,586.00,"11,720.00"
2020-08-12,2020081201020316,NRIC,58,42,40,586.00,"23,440.00"
2020-08-12,2020081201020296,NRIC,58,32,30,586.00,"17,580.00"
2020-08-12,2020081201020278,NRIC,33,19,400,585.00,"234,000.00"
2020-08-12,2020081201020501,NRIC,51,28,10,587.00,"5,870.00"
2020-08-12,2020081201020498,NRIC,45,52,40,586.00,"23,440.00"
2020-08-12,2020081201020497,NRIC,45,52,30,586.00,"17,580.00"
2020-08-12,2020081201020496,NRIC,50,52,20,586.00,"11,720.00"
2020-08-12,2020081201020490,NRIC,50,18,10,586.00,"5,860.00"
2020-08-12,2020081201020489,NRIC,58,18,30,586.00,"17,580.00"
2020-08-12,2020081201020507,NRIC,50,4,40,587.00,"23,480.00"
2020-08-12,2020081201020506,NRIC,50,4,40,587.00,"23,480.00"
2020-08-12,2020081201020505,NRIC,50,4,50,587.00,"29,350.00"
2020-08-12,2020081201020504,NRIC,50,39,40,587.00,"23,480.00"
2020-08-12,2020081201020503,NRIC,50,4,50,587.00,"29,350.00"
2020-08-12,2020081201020502,NRIC,50,28,149,587.00,"87,463.00"
2020-08-12,2020081201020513,NRIC,50,4,40,587.00,"23,480.00"
2020-08-12,2020081201020512,NRIC,50,4,40,587.00,"23,480.00"
2020-08-12,2020081201020511,NRIC,50,4,40,587.00,"23,480.00"
2020-08-12,2020081201020510,NRIC,50,4,50,587.00,"29,350.00"
2020-08-12,2020081201020509,NRIC,50,4,40,587.00,"23,480.00"
2020-08-12,2020081201020508,NRIC,50,4,50,587.00,"29,350.00"
2020-08-12,2020081201020571,NRIC,50,18,40,587.00,"23,480.00"
2020-08-12,2020081201020545,NRIC,13,3,10,588.00,"5,880.00"
2020-08-12,2020081201020517,NRIC,50,4,40,587.00,"23,480.00"
2020-08-12,2020081201020516,NRIC,50,4,40,587.00,"23,480.00"
2020-08-12,2020081201020515,NRIC,50,4,40,587.00,"23,480.00"
2020-08-12,2020081201020514,NRIC,50,38,50,587.00,"29,350.00"
2020-08-12,2020081201020713,NTC,20,49,10,665.00,"6,650.00"
2020-08-12,2020081201020274,NTC,47,38,10,666.00,"6,660.00"
2020-08-12,2020081201020547,NTC,47,38,19,666.00,"12,654.00"
2020-08-12,2020081201020465,OHL,49,38,10,355.00,"3,550.00"
2020-08-12,2020081201020310,PCBL,18,50,40,271.00,"10,840.00"
2020-08-12,2020081201020578,PIC,7,14,10,654.00,"6,540.00"
2020-08-12,2020081201020665,PICL,32,10,10,479.00,"4,790.00"
2020-08-12,2020081201020564,PICL,13,47,180,475.00,"85,500.00"
2020-08-12,2020081201020563,PICL,6,47,20,475.00,"9,500.00"
2020-08-12,2020081201020562,PICL,57,47,100,475.00,"47,500.00"
2020-08-12,2020081201020667,PLIC,50,45,50,547.00,"27,350.00"
2020-08-12,2020081201020652,PLIC,8,29,91,546.00,"49,686.00"
2020-08-12,2020081201020651,PLIC,58,29,200,546.00,"109,200.00"
2020-08-12,2020081201020267,PMHPL,10,26,10,72.00,720.00
2020-08-12,2020081201020272,PRVU,36,25,480,235.00,"112,800.00"
2020-08-12,2020081201020271,PRVU,57,25,20,235.00,"4,700.00"
2020-08-12,2020081201020570,RADHI,38,38,12,172.00,"2,064.00"
2020-08-12,2020081201020527,RHPL,28,40,10,149.00,"1,490.00"
2020-08-12,2020081201020260,RHPL,28,42,20,149.00,"2,980.00"
2020-08-12,2020081201020259,RHPL,50,42,20,150.00,"3,000.00"
2020-08-12,2020081201020633,RMDC,34,16,23,765.00,"17,595.00"
2020-08-12,2020081201020632,RMDC,34,34,30,765.00,"22,950.00"
2020-08-12,2020081201020631,RMDC,34,52,10,765.00,"7,650.00"
2020-08-12,2020081201020630,RMDC,34,53,50,763.00,"38,150.00"
2020-08-12,2020081201020629,RMDC,34,52,20,760.00,"15,200.00"
2020-08-12,2020081201020628,RMDC,34,32,150,760.00,"114,000.00"
2020-08-12,2020081201020557,RMDC,25,52,200,758.00,"151,600.00"
2020-08-12,2020081201020440,RMDC,47,33,17,759.00,"12,903.00"
2020-08-12,2020081201020627,RMDC,34,50,17,760.00,"12,920.00"
2020-08-12,2020081201020626,RMDC,34,49,57,760.00,"43,320.00"
2020-08-12,2020081201020625,RMDC,34,16,10,760.00,"7,600.00"
2020-08-12,2020081201020624,RMDC,34,52,100,759.00,"75,900.00"
2020-08-12,2020081201020623,RMDC,34,33,33,759.00,"25,047.00"
2020-08-12,2020081201020558,RMDC,34,52,"1,560",757.00,"1,180,920.00"
2020-08-12,2020081201020366,RRHP,41,58,10,95.00,950.00
2020-08-12,2020081201020365,RRHP,41,52,10,95.00,950.00
2020-08-12,2020081201020364,RRHP,41,16,10,95.00,950.00
2020-08-12,2020081201020363,RRHP,41,32,10,95.00,950.00
2020-08-12,2020081201020362,RRHP,41,52,10,95.00,950.00
2020-08-12,2020081201020232,RSDC,45,48,50,504.00,"25,200.00"
2020-08-12,2020081201020231,RSDC,45,49,43,504.00,"21,672.00"
2020-08-12,2020081201020653,SABSL,38,5,10,735.00,"7,350.00"
2020-08-12,2020081201020534,SADBL,46,59,200,147.00,"29,400.00"
2020-08-12,2020081201020300,SADBL,46,10,46,147.00,"6,762.00"
2020-08-12,2020081201020299,SADBL,1,10,10,147.00,"1,470.00"
2020-08-12,2020081201020588,SAEF,26,57,"1,000",10.00,"10,000.00"
2020-08-12,2020081201020587,SAEF,26,38,"2,500",9.99,"24,975.00"
2020-08-12,2020081201020463,SANIMA,58,26,11,352.00,"3,872.00"
2020-08-12,2020081201020359,SANIMA,58,25,300,350.00,"105,000.00"
2020-08-12,2020081201020356,SANIMA,58,37,487,350.00,"170,450.00"
2020-08-12,2020081201020355,SANIMA,33,37,36,350.00,"12,600.00"
2020-08-12,2020081201020590,SBI,42,7,10,434.00,"4,340.00"
2020-08-12,2020081201020530,SBI,58,7,20,434.00,"8,680.00"
2020-08-12,2020081201020500,SBI,14,45,50,432.00,"21,600.00"
2020-08-12,2020081201020499,SBI,1,45,100,432.00,"43,200.00"
2020-08-12,2020081201020466,SBI,14,11,21,433.00,"9,093.00"
2020-08-12,2020081201020649,SBL,40,10,167,295.00,"49,265.00"
2020-08-12,2020081201020648,SBL,28,10,"1,000",295.00,"295,000.00"
2020-08-12,2020081201020647,SBL,34,10,10,295.00,"2,950.00"
2020-08-12,2020081201020646,SBL,25,10,100,295.00,"29,500.00"
2020-08-12,2020081201020645,SBL,6,10,236,295.00,"69,620.00"
2020-08-12,2020081201020644,SBL,33,10,300,296.00,"88,800.00"
2020-08-12,2020081201020522,SBL,26,32,50,298.00,"14,900.00"
2020-08-12,2020081201020521,SBL,58,32,98,298.00,"29,204.00"
2020-08-12,2020081201020376,SBL,58,58,472,298.00,"140,656.00"
2020-08-12,2020081201020375,SBL,49,58,28,299.00,"8,372.00"
2020-08-12,2020081201020371,SBL,49,41,72,299.00,"21,528.00"
2020-08-12,2020081201020637,SBL,59,10,500,297.00,"148,500.00"
2020-08-12,2020081201020636,SBL,33,10,100,298.00,"29,800.00"
2020-08-12,2020081201020635,SBL,7,10,478,298.00,"142,444.00"
2020-08-12,2020081201020525,SBL,7,32,22,298.00,"6,556.00"
2020-08-12,2020081201020524,SBL,6,32,10,298.00,"2,980.00"
2020-08-12,2020081201020523,SBL,51,32,20,298.00,"5,960.00"
2020-08-12,2020081201020643,SBL,6,10,10,296.00,"2,960.00"
2020-08-12,2020081201020642,SBL,22,10,500,296.00,"148,000.00"
2020-08-12,2020081201020641,SBL,32,10,200,296.00,"59,200.00"
2020-08-12,2020081201020640,SBL,34,10,243,296.00,"71,928.00"
2020-08-12,2020081201020639,SBL,43,10,106,296.00,"31,376.00"
2020-08-12,2020081201020638,SBL,53,10,50,297.00,"14,850.00"
2020-08-12,2020081201020618,SCB,34,43,38,662.00,"25,156.00"
2020-08-12,2020081201020617,SCB,34,44,100,661.00,"66,100.00"
2020-08-12,2020081201020616,SCB,34,28,60,659.00,"39,540.00"
2020-08-12,2020081201020615,SCB,34,42,302,658.00,"198,716.00"
2020-08-12,2020081201020434,SDESI,34,38,287,804.00,"230,748.00"
2020-08-12,2020081201020433,SDESI,49,38,25,805.00,"20,125.00"
2020-08-12,2020081201020426,SDESI,17,38,50,808.00,"40,400.00"
2020-08-12,2020081201020425,SDESI,48,38,89,808.00,"71,912.00"
2020-08-12,2020081201020424,SDESI,48,38,17,810.00,"13,770.00"
2020-08-12,2020081201020411,SDESI,48,22,33,810.00,"26,730.00"
2020-08-12,2020081201020432,SDESI,53,38,100,805.00,"80,500.00"
2020-08-12,2020081201020431,SDESI,48,38,100,805.00,"80,500.00"
2020-08-12,2020081201020430,SDESI,45,38,50,805.00,"40,250.00"
2020-08-12,2020081201020429,SDESI,47,38,70,805.00,"56,350.00"
2020-08-12,2020081201020428,SDESI,45,38,20,805.00,"16,100.00"
2020-08-12,2020081201020427,SDESI,35,38,92,807.00,"74,244.00"
2020-08-12,2020081201020610,SFCL,57,53,10,114.00,"1,140.00"
2020-08-12,2020081201020532,SFCL,35,7,10,114.00,"1,140.00"
2020-08-12,2020081201020654,SHIVM,48,26,150,595.00,"89,250.00"
2020-08-12,2020081201020409,SHIVM,48,7,315,600.00,"189,000.00"
2020-08-12,2020081201020408,SHIVM,48,58,50,600.00,"30,000.00"
2020-08-12,2020081201020407,SHIVM,48,37,50,600.00,"30,000.00"
2020-08-12,2020081201020406,SHIVM,48,59,"1,000",600.00,"600,000.00"
2020-08-12,2020081201020387,SHIVM,48,41,500,597.00,"298,500.00"
2020-08-12,2020081201020393,SHIVM,48,11,50,599.00,"29,950.00"
2020-08-12,2020081201020392,SHIVM,48,57,10,599.00,"5,990.00"
2020-08-12,2020081201020391,SHIVM,48,58,50,597.00,"29,850.00"
2020-08-12,2020081201020390,SHIVM,48,48,50,597.00,"29,850.00"
2020-08-12,2020081201020389,SHIVM,48,58,50,597.00,"29,850.00"
2020-08-12,2020081201020388,SHIVM,48,33,100,597.00,"59,700.00"
2020-08-12,2020081201020399,SHIVM,48,14,250,600.00,"150,000.00"
2020-08-12,2020081201020398,SHIVM,48,49,"1,000",599.00,"599,000.00"
2020-08-12,2020081201020397,SHIVM,48,45,50,599.00,"29,950.00"
2020-08-12,2020081201020396,SHIVM,48,22,50,599.00,"29,950.00"
2020-08-12,2020081201020395,SHIVM,48,41,30,599.00,"17,970.00"
2020-08-12,2020081201020394,SHIVM,48,40,100,599.00,"59,900.00"
2020-08-12,2020081201020405,SHIVM,48,52,40,600.00,"24,000.00"
2020-08-12,2020081201020404,SHIVM,48,22,80,600.00,"48,000.00"
2020-08-12,2020081201020403,SHIVM,48,45,25,600.00,"15,000.00"
2020-08-12,2020081201020402,SHIVM,48,41,50,600.00,"30,000.00"
2020-08-12,2020081201020401,SHIVM,48,41,50,600.00,"30,000.00"
2020-08-12,2020081201020400,SHIVM,48,41,50,600.00,"30,000.00"
2020-08-12,2020081201020706,SHL,37,28,"1,965",155.00,"304,575.00"
2020-08-12,2020081201020705,SHL,47,28,200,155.00,"31,000.00"
2020-08-12,2020081201020704,SHL,57,28,100,156.00,"15,600.00"
2020-08-12,2020081201020703,SHL,41,28,100,156.00,"15,600.00"
2020-08-12,2020081201020702,SHL,58,28,300,156.00,"46,800.00"
2020-08-12,2020081201020701,SHL,47,28,135,156.00,"21,060.00"
2020-08-12,2020081201020700,SHL,57,28,200,157.00,"31,400.00"
2020-08-12,2020081201020664,SHPC,48,34,10,233.00,"2,330.00"
2020-08-12,2020081201020560,SHPC,47,42,20,232.00,"4,640.00"
2020-08-12,2020081201020464,SHPC,21,34,125,233.00,"29,125.00"
2020-08-12,2020081201020236,SIC,1,41,10,744.00,"7,440.00"
2020-08-12,2020081201020683,SICL,14,14,10,"1,245.00","12,450.00"
2020-08-12,2020081201020668,SICL,35,38,100,"1,245.00","124,500.00"
2020-08-12,2020081201020276,SICL,45,28,500,"1,244.00","622,000.00"
2020-08-12,2020081201020275,SICL,22,28,50,"1,245.00","62,250.00"
2020-08-12,2020081201020583,SIFC,6,14,500,152.00,"76,000.00"
2020-08-12,2020081201020582,SIFC,6,14,500,152.00,"76,000.00"
2020-08-12,2020081201020673,SIL,44,35,100,625.00,"62,500.00"
2020-08-12,2020081201020374,SIL,44,33,100,624.00,"62,400.00"
2020-08-12,2020081201020301,SIL,44,33,100,623.00,"62,300.00"
2020-08-12,2020081201020417,SINDU,40,29,300,125.00,"37,500.00"
2020-08-12,2020081201020416,SINDU,19,29,200,126.00,"25,200.00"
2020-08-12,2020081201020589,SJCL,28,40,10,137.00,"1,370.00"
2020-08-12,2020081201020579,SJCL,55,38,10,138.00,"1,380.00"
2020-08-12,2020081201020284,SJCL,28,42,20,137.00,"2,740.00"
2020-08-12,2020081201020561,SKBBL,4,14,20,"1,263.00","25,260.00"
2020-08-12,2020081201020462,SKBBL,14,45,23,"1,262.00","29,026.00"
2020-08-12,2020081201020555,SLICL,35,33,800,460.00,"368,000.00"
2020-08-12,2020081201020554,SLICL,35,25,87,459.00,"39,933.00"
2020-08-12,2020081201020553,SLICL,35,47,50,459.00,"22,950.00"
2020-08-12,2020081201020552,SLICL,35,16,315,458.00,"144,270.00"
2020-08-12,2020081201020551,SLICL,35,26,10,458.00,"4,580.00"
2020-08-12,2020081201020550,SLICL,35,38,238,458.00,"109,004.00"
2020-08-12,2020081201020520,SLICL,36,36,11,457.00,"5,027.00"
2020-08-12,2020081201020519,SLICL,36,36,289,457.00,"132,073.00"
2020-08-12,2020081201020634,SPARS,3,38,19,843.00,"16,017.00"
2020-08-12,2020081201020593,SPARS,50,42,50,842.00,"42,100.00"
2020-08-12,2020081201020526,SPARS,50,20,10,842.00,"8,420.00"
2020-08-12,2020081201020378,SPARS,50,20,10,842.00,"8,420.00"
2020-08-12,2020081201020339,SPARS,50,41,11,842.00,"9,262.00"
2020-08-12,2020081201020528,SWBBL,18,52,10,"1,215.00","12,150.00"
2020-08-12,2020081201020666,TMDBL,28,11,14,166.00,"2,324.00"
2020-08-12,2020081201020619,TRH,34,54,20,215.00,"4,300.00"
2020-08-12,2020081201020688,UIC,58,34,100,415.00,"41,500.00"
2020-08-12,2020081201020687,UIC,58,34,200,415.00,"83,000.00"
2020-08-12,2020081201020494,UIC,42,43,11,414.00,"4,554.00"
2020-08-12,2020081201020493,UIC,29,43,50,414.00,"20,700.00"
2020-08-12,2020081201020492,UIC,34,43,100,415.00,"41,500.00"
2020-08-12,2020081201020491,UIC,51,43,39,415.00,"16,185.00"
2020-08-12,2020081201020461,UIC,51,34,61,415.00,"25,315.00"
2020-08-12,2020081201020460,UIC,51,34,100,415.00,"41,500.00"
2020-08-12,2020081201020419,UIC,29,16,35,414.00,"14,490.00"
2020-08-12,2020081201020373,UIC,6,34,100,415.00,"41,500.00"
2020-08-12,2020081201020372,UIC,6,50,100,415.00,"41,500.00"
2020-08-12,2020081201020332,UIC,29,35,100,414.00,"41,400.00"
2020-08-12,2020081201020541,UPPER,29,21,20,228.00,"4,560.00"
2020-08-12,2020081201020540,UPPER,29,58,30,228.00,"6,840.00"
2020-08-12,2020081201020539,UPPER,29,59,50,227.00,"11,350.00"
2020-08-12,2020081201020331,UPPER,44,58,10,228.00,"2,280.00"
2020-08-12,2020081201020330,UPPER,44,45,100,227.00,"22,700.00"
2020-08-12,2020081201020329,UPPER,44,13,50,227.00,"11,350.00"
2020-08-12,2020081201020328,UPPER,44,45,40,227.00,"9,080.00"
2020-08-12,2020081201020327,UPPER,44,34,40,227.00,"9,080.00"
2020-08-12,2020081201020326,UPPER,44,19,750,227.00,"170,250.00"
2020-08-12,2020081201020277,UPPER,44,19,50,227.00,"11,350.00"
2020-08-12,2020081201020535,VLBS,52,35,100,922.00,"92,200.00"
2020-08-12,2020081201020203,ACLBSL,16,39,10,704.00,"7,040.00"
2020-08-12,2020081201020067,ACLBSL,37,52,10,703.00,"7,030.00"
2020-08-12,2020081201019913,ACLBSL,37,38,25,703.00,"17,575.00"
2020-08-12,2020081201019730,ACLBSL,47,11,30,702.00,"21,060.00"
2020-08-12,2020081201020149,ADBL,14,25,500,419.00,"209,500.00"
2020-08-12,2020081201019997,ADBL,14,45,530,419.00,"222,070.00"
2020-08-12,2020081201019939,ADBL,14,35,230,419.00,"96,370.00"
2020-08-12,2020081201019938,ADBL,14,35,"1,000",419.00,"419,000.00"
2020-08-12,2020081201019937,ADBL,55,35,200,419.00,"83,800.00"
2020-08-12,2020081201019936,ADBL,54,35,150,419.00,"62,850.00"
2020-08-12,2020081201019935,ADBL,14,35,789,419.00,"330,591.00"
2020-08-12,2020081201020001,AHPC,14,58,40,93.00,"3,720.00"
2020-08-12,2020081201020219,AIL,45,17,10,544.00,"5,440.00"
2020-08-12,2020081201020218,AIL,49,26,110,545.00,"59,950.00"
2020-08-12,2020081201020217,AIL,49,51,10,545.00,"5,450.00"
2020-08-12,2020081201020216,AIL,49,45,10,545.00,"5,450.00"
2020-08-12,2020081201020214,AIL,45,4,200,544.00,"108,800.00"
2020-08-12,2020081201020213,AIL,45,4,70,544.00,"38,080.00"
2020-08-12,2020081201019733,AIL,47,17,10,545.00,"5,450.00"
2020-08-12,2020081201019771,AIL,58,42,10,545.00,"5,450.00"
2020-08-12,2020081201019769,AIL,35,40,10,545.00,"5,450.00"
2020-08-12,2020081201019756,AIL,47,42,10,545.00,"5,450.00"
2020-08-12,2020081201019743,AIL,47,44,10,545.00,"5,450.00"
2020-08-12,2020081201019742,AIL,47,42,10,545.00,"5,450.00"
2020-08-12,2020081201019740,AIL,47,42,10,545.00,"5,450.00"
2020-08-12,2020081201019820,AIL,49,59,10,544.00,"5,440.00"
2020-08-12,2020081201019817,AIL,49,56,10,544.00,"5,440.00"
2020-08-12,2020081201019783,AIL,57,4,365,545.00,"198,925.00"
2020-08-12,2020081201019782,AIL,28,4,50,545.00,"27,250.00"
2020-08-12,2020081201019781,AIL,58,4,110,545.00,"59,950.00"
2020-08-12,2020081201019777,AIL,58,39,10,545.00,"5,450.00"
2020-08-12,2020081201019847,AIL,49,10,10,544.00,"5,440.00"
2020-08-12,2020081201019844,AIL,49,29,10,544.00,"5,440.00"
2020-08-12,2020081201019842,AIL,14,4,60,545.00,"32,700.00"
2020-08-12,2020081201019838,AIL,13,4,10,545.00,"5,450.00"
2020-08-12,2020081201019829,AIL,49,39,10,544.00,"5,440.00"
2020-08-12,2020081201019828,AIL,49,42,10,544.00,"5,440.00"
2020-08-12,2020081201019893,AIL,49,39,10,544.00,"5,440.00"
2020-08-12,2020081201019878,AIL,49,56,10,544.00,"5,440.00"
2020-08-12,2020081201019874,AIL,58,4,80,545.00,"43,600.00"
2020-08-12,2020081201019855,AIL,49,22,10,544.00,"5,440.00"
2020-08-12,2020081201019853,AIL,49,44,10,544.00,"5,440.00"
2020-08-12,2020081201019852,AIL,49,35,10,544.00,"5,440.00"
2020-08-12,2020081201019980,AIL,49,36,10,544.00,"5,440.00"
2020-08-12,2020081201019969,AIL,49,13,10,544.00,"5,440.00"
2020-08-12,2020081201019966,AIL,49,18,10,544.00,"5,440.00"
2020-08-12,2020081201019923,AIL,49,51,10,544.00,"5,440.00"
2020-08-12,2020081201019920,AIL,49,40,10,544.00,"5,440.00"
2020-08-12,2020081201019908,AIL,41,4,50,545.00,"27,250.00"
2020-08-12,2020081201020036,AIL,49,56,10,544.00,"5,440.00"
2020-08-12,2020081201020034,AIL,49,18,10,544.00,"5,440.00"
2020-08-12,2020081201020021,AIL,42,4,50,545.00,"27,250.00"
2020-08-12,2020081201020020,AIL,49,42,10,544.00,"5,440.00"
2020-08-12,2020081201019995,AIL,49,18,10,544.00,"5,440.00"
2020-08-12,2020081201019994,AIL,49,50,10,544.00,"5,440.00"
2020-08-12,2020081201020063,AIL,49,3,10,544.00,"5,440.00"
2020-08-12,2020081201020062,AIL,49,41,10,544.00,"5,440.00"
2020-08-12,2020081201020053,AIL,49,18,10,544.00,"5,440.00"
2020-08-12,2020081201020052,AIL,49,42,10,544.00,"5,440.00"
2020-08-12,2020081201020043,AIL,28,4,50,545.00,"27,250.00"
2020-08-12,2020081201020040,AIL,55,4,100,545.00,"54,500.00"
2020-08-12,2020081201020126,AIL,52,26,10,544.00,"5,440.00"
2020-08-12,2020081201020118,AIL,49,40,10,544.00,"5,440.00"
2020-08-12,2020081201020082,AIL,49,42,10,544.00,"5,440.00"
2020-08-12,2020081201020072,AIL,49,56,10,544.00,"5,440.00"
2020-08-12,2020081201020070,AIL,49,45,10,544.00,"5,440.00"
2020-08-12,2020081201020066,AIL,49,25,10,544.00,"5,440.00"
2020-08-12,2020081201020146,AIL,45,43,10,544.00,"5,440.00"
2020-08-12,2020081201020140,AIL,45,42,10,544.00,"5,440.00"
2020-08-12,2020081201020138,AIL,45,56,10,544.00,"5,440.00"
2020-08-12,2020081201020135,AIL,45,17,10,544.00,"5,440.00"
2020-08-12,2020081201020134,AIL,58,42,10,544.00,"5,440.00"
2020-08-12,2020081201020133,AIL,58,16,10,544.00,"5,440.00"
2020-08-12,2020081201020158,AIL,10,54,200,544.00,"108,800.00"
2020-08-12,2020081201020157,AIL,45,54,20,544.00,"10,880.00"
2020-08-12,2020081201020156,AIL,5,54,100,544.00,"54,400.00"
2020-08-12,2020081201020155,AIL,45,54,50,544.00,"27,200.00"
2020-08-12,2020081201020154,AIL,49,54,200,544.00,"108,800.00"
2020-08-12,2020081201020150,AIL,45,33,10,544.00,"5,440.00"
2020-08-12,2020081201020185,AIL,42,8,10,545.00,"5,450.00"
2020-08-12,2020081201020184,AIL,42,19,10,545.00,"5,450.00"
2020-08-12,2020081201020183,AIL,42,4,75,545.00,"40,875.00"
2020-08-12,2020081201020177,AIL,37,38,10,544.00,"5,440.00"
2020-08-12,2020081201020160,AIL,37,54,110,544.00,"59,840.00"
2020-08-12,2020081201020159,AIL,56,54,20,544.00,"10,880.00"
2020-08-12,2020081201020206,AIL,37,4,30,544.00,"16,320.00"
2020-08-12,2020081201020205,AIL,37,47,10,544.00,"5,440.00"
2020-08-12,2020081201020202,AIL,37,17,10,544.00,"5,440.00"
2020-08-12,2020081201020193,AIL,37,16,10,544.00,"5,440.00"
2020-08-12,2020081201020192,AIL,37,51,10,544.00,"5,440.00"
2020-08-12,2020081201020186,AIL,37,57,10,544.00,"5,440.00"
2020-08-12,2020081201020212,AIL,52,4,500,544.00,"272,000.00"
2020-08-12,2020081201020211,AIL,44,4,10,544.00,"5,440.00"
2020-08-12,2020081201020210,AIL,34,4,10,544.00,"5,440.00"
2020-08-12,2020081201020209,AIL,37,4,20,544.00,"10,880.00"
2020-08-12,2020081201020208,AIL,13,4,10,544.00,"5,440.00"
2020-08-12,2020081201020207,AIL,6,4,100,544.00,"54,400.00"
2020-08-12,2020081201019911,AKJCL,28,45,10,51.00,510.00
2020-08-12,2020081201020069,AKPL,33,40,500,114.00,"57,000.00"
2020-08-12,2020081201019926,AKPL,41,40,500,114.00,"57,000.00"
2020-08-12,2020081201019940,ALICL,26,54,100,639.00,"63,900.00"
2020-08-12,2020081201019851,BFC,10,8,10,101.00,"1,010.00"
2020-08-12,2020081201019910,CBBL,45,39,40,"1,063.00","42,520.00"
2020-08-12,2020081201019909,CBBL,6,39,10,"1,063.00","10,630.00"
2020-08-12,2020081201020050,CBL,44,39,500,146.00,"73,000.00"
2020-08-12,2020081201020045,CBL,44,44,300,146.00,"43,800.00"
2020-08-12,2020081201019996,CBL,44,44,"1,000",146.00,"146,000.00"
2020-08-12,2020081201020137,CCBL,3,45,29,178.00,"5,162.00"
2020-08-12,2020081201019773,CCBL,3,5,21,177.00,"3,717.00"
2020-08-12,2020081201019772,CCBL,45,5,98,177.00,"17,346.00"
2020-08-12,2020081201019767,CIT,45,58,191,"2,592.00","495,072.00"
2020-08-12,2020081201019766,CIT,35,58,190,"2,593.00","492,670.00"
2020-08-12,2020081201019728,CLBSL,38,51,11,680.00,"7,480.00"
2020-08-12,2020081201020068,CZBIL,58,40,140,201.00,"28,140.00"
2020-08-12,2020081201020037,CZBIL,58,11,300,201.00,"60,300.00"
2020-08-12,2020081201019965,DDBL,38,42,300,852.00,"255,600.00"
2020-08-12,2020081201019964,DDBL,38,14,30,852.00,"25,560.00"
2020-08-12,2020081201019963,DDBL,38,56,25,850.00,"21,250.00"
2020-08-12,2020081201019912,DDBL,36,55,25,848.00,"21,200.00"
2020-08-12,2020081201019763,DDBL,34,44,130,843.00,"109,590.00"
2020-08-12,2020081201019762,DDBL,46,44,100,844.00,"84,400.00"
2020-08-12,2020081201019761,DDBL,45,44,50,845.00,"42,250.00"
2020-08-12,2020081201019760,DDBL,49,44,100,846.00,"84,600.00"
2020-08-12,2020081201019759,DDBL,41,44,20,846.00,"16,920.00"
2020-08-12,2020081201020122,EBL,26,44,245,727.00,"178,115.00"
2020-08-12,2020081201020121,EBL,22,44,55,728.00,"40,040.00"
2020-08-12,2020081201019989,EDBL,35,49,50,315.00,"15,750.00"
2020-08-12,2020081201019916,EIC,5,22,450,448.00,"201,600.00"
2020-08-12,2020081201019915,EIC,5,44,100,447.00,"44,700.00"
2020-08-12,2020081201019854,EIC,29,44,100,447.00,"44,700.00"
2020-08-12,2020081201019824,EIC,5,54,100,447.00,"44,700.00"
2020-08-12,2020081201019823,EIC,5,53,130,447.00,"58,110.00"
2020-08-12,2020081201019788,GBBL,52,10,146,239.00,"34,894.00"
2020-08-12,2020081201020143,GBIME,44,28,50,256.00,"12,800.00"
2020-08-12,2020081201020129,GBIME,48,28,140,256.00,"35,840.00"
2020-08-12,2020081201019902,GBIME,38,51,47,255.00,"11,985.00"
2020-08-12,2020081201019872,GBIME,57,28,20,256.00,"5,120.00"
2020-08-12,2020081201019827,GBIME,38,49,500,255.00,"127,500.00"
2020-08-12,2020081201020008,GBLBS,25,39,155,485.00,"75,175.00"
2020-08-12,2020081201019723,GFCL,48,21,100,152.00,"15,200.00"
2020-08-12,2020081201020188,GILB,44,49,100,"1,249.00","124,900.00"
2020-08-12,2020081201019973,GIMES1,43,13,"5,000",8.77,"43,850.00"
2020-08-12,2020081201020096,GLBSL,28,42,30,790.00,"23,700.00"
2020-08-12,2020081201020095,GLBSL,25,42,50,792.00,"39,600.00"
2020-08-12,2020081201020094,GLBSL,43,42,50,793.00,"39,650.00"
2020-08-12,2020081201020093,GLBSL,47,42,40,794.00,"31,760.00"
2020-08-12,2020081201020092,GLBSL,21,42,100,795.00,"79,500.00"
2020-08-12,2020081201020091,GLBSL,57,42,140,796.00,"111,440.00"
2020-08-12,2020081201020090,GLBSL,54,42,25,798.00,"19,950.00"
2020-08-12,2020081201020015,GLBSL,38,42,50,800.00,"40,000.00"
2020-08-12,2020081201020196,GLICL,57,42,50,470.00,"23,500.00"
2020-08-12,2020081201020195,GLICL,57,45,50,470.00,"23,500.00"
2020-08-12,2020081201020075,GLICL,55,42,22,469.00,"10,318.00"
2020-08-12,2020081201019972,GRDBL,49,46,37,116.00,"4,292.00"
2020-08-12,2020081201019889,HBL,44,17,150,562.00,"84,300.00"
2020-08-12,2020081201019888,HBL,14,17,37,562.00,"20,794.00"
2020-08-12,2020081201019942,HGI,56,14,10,427.00,"4,270.00"
2020-08-12,2020081201019941,HGI,56,57,20,426.00,"8,520.00"
2020-08-12,2020081201019885,HGI,56,57,10,426.00,"4,260.00"
2020-08-12,2020081201019768,HGI,56,53,384,425.00,"163,200.00"
2020-08-12,2020081201020039,HIDCL,16,52,61,129.00,"7,869.00"
2020-08-12,2020081201019798,HIDCL,16,19,61,129.00,"7,869.00"
2020-08-12,2020081201020023,ILBS,33,55,50,737.00,"36,850.00"
2020-08-12,2020081201020017,ILBS,33,45,11,737.00,"8,107.00"
2020-08-12,2020081201020136,KMCDB,20,4,20,749.00,"14,980.00"
2020-08-12,2020081201020117,KMCDB,56,4,50,749.00,"37,450.00"
2020-08-12,2020081201020116,KMCDB,46,4,50,749.00,"37,450.00"
2020-08-12,2020081201020115,KMCDB,25,4,73,749.00,"54,677.00"
2020-08-12,2020081201020114,KMCDB,4,4,10,750.00,"7,500.00"
2020-08-12,2020081201019846,KMCDB,53,7,100,750.00,"75,000.00"
2020-08-12,2020081201019810,KMCDB,17,7,100,750.00,"75,000.00"
2020-08-12,2020081201019809,KMCDB,42,7,10,750.00,"7,500.00"
2020-08-12,2020081201019808,KMCDB,33,7,435,750.00,"326,250.00"
2020-08-12,2020081201019807,KMCDB,1,7,100,751.00,"75,100.00"
2020-08-12,2020081201019806,KMCDB,45,7,50,751.00,"37,550.00"
2020-08-12,2020081201020127,KPCL,59,52,10,106.00,"1,060.00"
2020-08-12,2020081201019901,KPCL,59,35,10,106.00,"1,060.00"
2020-08-12,2020081201019803,KPCL,59,55,10,106.00,"1,060.00"
2020-08-12,2020081201019962,KRBL,35,41,67,103.00,"6,901.00"
2020-08-12,2020081201019834,LBL,58,43,300,231.00,"69,300.00"
2020-08-12,2020081201019805,LBL,14,43,101,232.00,"23,432.00"
2020-08-12,2020081201019876,MDB,45,58,14,322.00,"4,508.00"
2020-08-12,2020081201019875,MDB,35,58,11,322.00,"3,542.00"
2020-08-12,2020081201020042,MEGA,29,57,50,228.00,"11,400.00"
2020-08-12,2020081201020007,MEGA,29,45,50,228.00,"11,400.00"
2020-08-12,2020081201019970,MEGA,29,22,400,228.00,"91,200.00"
2020-08-12,2020081201019892,MEGA,28,22,100,228.00,"22,800.00"
2020-08-12,2020081201019891,MEGA,28,50,800,228.00,"182,400.00"
2020-08-12,2020081201019890,MEGA,28,45,100,228.00,"22,800.00"
2020-08-12,2020081201019729,MEGA,26,6,500,228.00,"114,000.00"
2020-08-12,2020081201019727,MERO,21,26,46,638.00,"29,348.00"
2020-08-12,2020081201019884,MHNL,48,52,30,82.00,"2,460.00"
2020-08-12,2020081201020046,MMFDB,43,5,20,923.00,"18,460.00"
2020-08-12,2020081201019998,MMFDB,34,42,20,918.00,"18,360.00"
2020-08-12,2020081201019934,MMFDB,1,43,47,918.00,"43,146.00"
2020-08-12,2020081201019982,MSMBS,52,28,10,682.00,"6,820.00"
2020-08-12,2020081201020102,NABIL,43,50,18,834.00,"15,012.00"
2020-08-12,2020081201020058,NABIL,43,21,200,834.00,"166,800.00"
2020-08-12,2020081201020035,NABIL,43,57,200,834.00,"166,800.00"
2020-08-12,2020081201019905,NABIL,43,32,14,834.00,"11,676.00"
2020-08-12,2020081201020014,NADEP,48,36,50,620.00,"31,000.00"
2020-08-12,2020081201020013,NADEP,50,36,100,620.00,"62,000.00"
2020-08-12,2020081201020012,NADEP,38,36,10,620.00,"6,200.00"
2020-08-12,2020081201020011,NADEP,18,36,10,620.00,"6,200.00"
2020-08-12,2020081201020010,NADEP,55,36,14,620.00,"8,680.00"
2020-08-12,2020081201020009,NADEP,6,36,10,621.00,"6,210.00"
2020-08-12,2020081201020141,NBB,58,21,500,205.00,"102,500.00"
2020-08-12,2020081201020065,NBB,58,21,86,206.00,"17,716.00"
2020-08-12,2020081201020064,NBB,58,59,114,206.00,"23,484.00"
2020-08-12,2020081201020024,NBB,58,25,50,205.00,"10,250.00"
2020-08-12,2020081201019895,NBB,58,44,200,205.00,"41,000.00"
2020-08-12,2020081201019894,NBB,58,16,15,205.00,"3,075.00"
2020-08-12,2020081201019836,NBB,58,45,50,204.00,"10,200.00"
2020-08-12,2020081201019813,NBB,58,45,50,203.00,"10,150.00"
2020-08-12,2020081201020112,NBL,33,34,25,274.00,"6,850.00"
2020-08-12,2020081201020111,NBL,33,34,25,274.00,"6,850.00"
2020-08-12,2020081201020071,NBL,33,45,500,274.00,"137,000.00"
2020-08-12,2020081201020005,NBL,33,19,475,274.00,"130,150.00"
2020-08-12,2020081201020004,NBL,42,19,525,274.00,"143,850.00"
2020-08-12,2020081201019971,NBL,42,41,100,274.00,"27,400.00"
2020-08-12,2020081201019734,NBL,1,26,175,274.00,"47,950.00"
2020-08-12,2020081201019749,NBL,14,49,"2,000",275.00,"550,000.00"
2020-08-12,2020081201019748,NBL,14,34,250,275.00,"68,750.00"
2020-08-12,2020081201019747,NBL,14,41,600,275.00,"165,000.00"
2020-08-12,2020081201019737,NBL,42,26,275,274.00,"75,350.00"
2020-08-12,2020081201019736,NBL,20,26,50,274.00,"13,700.00"
2020-08-12,2020081201019735,NBL,34,26,500,274.00,"137,000.00"
2020-08-12,2020081201019779,NBL,42,49,100,274.00,"27,400.00"
2020-08-12,2020081201019754,NBL,14,29,"1,000",275.00,"275,000.00"
2020-08-12,2020081201019753,NBL,14,40,80,275.00,"22,000.00"
2020-08-12,2020081201019752,NBL,14,55,200,275.00,"55,000.00"
2020-08-12,2020081201019751,NBL,14,59,500,275.00,"137,500.00"
2020-08-12,2020081201019750,NBL,14,14,"5,000",275.00,"1,375,000.00"
2020-08-12,2020081201019816,NCCB,48,6,"1,000",198.00,"198,000.00"
2020-08-12,2020081201019815,NCCB,32,6,500,198.00,"99,000.00"
2020-08-12,2020081201019814,NCCB,58,6,354,198.00,"70,092.00"
2020-08-12,2020081201020003,NGPL,47,17,11,117.00,"1,287.00"
2020-08-12,2020081201020169,NIB,58,16,38,448.00,"17,024.00"
2020-08-12,2020081201020080,NIB,17,16,50,448.00,"22,400.00"
2020-08-12,2020081201019992,NIB,47,16,100,448.00,"44,800.00"
2020-08-12,2020081201019821,NIB,38,16,10,448.00,"4,480.00"
2020-08-12,2020081201019785,NIB,58,47,12,447.00,"5,364.00"
2020-08-12,2020081201020166,NIBLPF,22,10,"4,990",8.58,"42,814.20"
2020-08-12,2020081201020165,NIBLPF,22,13,"2,525",8.58,"21,664.50"
2020-08-12,2020081201020164,NIBLPF,22,28,"1,000",8.58,"8,580.00"
2020-08-12,2020081201020163,NIBLPF,22,54,"1,000",8.57,"8,570.00"
2020-08-12,2020081201020162,NIBLPF,22,54,"1,000",8.56,"8,560.00"
2020-08-12,2020081201020161,NIBLPF,22,59,"1,010",8.55,"8,635.50"
2020-08-12,2020081201019979,NIBLPF,29,50,"1,263",8.50,"10,735.50"
2020-08-12,2020081201020038,NICA,28,44,40,575.00,"23,000.00"
2020-08-12,2020081201019991,NICA,28,48,160,575.00,"92,000.00"
2020-08-12,2020081201019990,NICA,28,48,40,575.00,"23,000.00"
2020-08-12,2020081201019928,NICA,28,17,260,575.00,"149,500.00"
2020-08-12,2020081201019906,NICA,28,45,500,575.00,"287,500.00"
2020-08-12,2020081201019797,NICA,58,29,75,576.00,"43,200.00"
2020-08-12,2020081201019796,NICA,58,45,15,576.00,"8,640.00"
2020-08-12,2020081201019795,NICA,58,28,10,575.00,"5,750.00"
2020-08-12,2020081201019739,NICA,45,28,"1,990",575.00,"1,144,250.00"
2020-08-12,2020081201019738,NICA,45,41,10,575.00,"5,750.00"
2020-08-12,2020081201019904,NICGF,49,42,100,10.40,"1,040.00"
2020-08-12,2020081201019744,NICL,5,42,100,466.00,"46,600.00"
2020-08-12,2020081201020197,NICLBSL,53,57,10,767.00,"7,670.00"
2020-08-12,2020081201020179,NICLBSL,18,39,10,767.00,"7,670.00"
2020-08-12,2020081201020178,NICLBSL,18,26,20,767.00,"15,340.00"
2020-08-12,2020081201020170,NICLBSL,18,52,70,767.00,"53,690.00"
2020-08-12,2020081201020168,NICLBSL,50,47,20,767.00,"15,340.00"
2020-08-12,2020081201020167,NICLBSL,50,6,10,767.00,"7,670.00"
2020-08-12,2020081201019745,NICLBSL,51,22,10,768.00,"7,680.00"
2020-08-12,2020081201019725,NICLBSL,51,26,10,768.00,"7,680.00"
2020-08-12,2020081201019841,NICLBSL,44,39,30,768.00,"23,040.00"
2020-08-12,2020081201019840,NICLBSL,33,39,40,768.00,"30,720.00"
2020-08-12,2020081201019839,NICLBSL,51,39,100,768.00,"76,800.00"
2020-08-12,2020081201019818,NICLBSL,51,22,10,768.00,"7,680.00"
2020-08-12,2020081201019800,NICLBSL,51,52,10,768.00,"7,680.00"
2020-08-12,2020081201019774,NICLBSL,51,26,10,768.00,"7,680.00"
2020-08-12,2020081201019921,NICLBSL,44,26,10,768.00,"7,680.00"
2020-08-12,2020081201019897,NICLBSL,44,59,10,768.00,"7,680.00"
2020-08-12,2020081201019886,NICLBSL,44,22,10,768.00,"7,680.00"
2020-08-12,2020081201019873,NICLBSL,44,40,10,768.00,"7,680.00"
2020-08-12,2020081201019848,NICLBSL,40,48,10,769.00,"7,690.00"
2020-08-12,2020081201019845,NICLBSL,44,26,10,768.00,"7,680.00"
2020-08-12,2020081201020048,NICLBSL,42,1,10,767.00,"7,670.00"
2020-08-12,2020081201020041,NICLBSL,28,25,30,768.00,"23,040.00"
2020-08-12,2020081201020033,NICLBSL,42,26,10,767.00,"7,670.00"
2020-08-12,2020081201019993,NICLBSL,28,35,10,768.00,"7,680.00"
2020-08-12,2020081201019987,NICLBSL,42,26,10,767.00,"7,670.00"
2020-08-12,2020081201019943,NICLBSL,42,59,10,767.00,"7,670.00"
2020-08-12,2020081201020152,NICLBSL,50,19,70,767.00,"53,690.00"
2020-08-12,2020081201020151,NICLBSL,38,19,80,767.00,"61,360.00"
2020-08-12,2020081201020139,NICLBSL,38,51,10,767.00,"7,670.00"
2020-08-12,2020081201020113,NICLBSL,38,26,10,767.00,"7,670.00"
2020-08-12,2020081201020100,NICLBSL,41,55,10,769.00,"7,690.00"
2020-08-12,2020081201020087,NICLBSL,42,39,10,767.00,"7,670.00"
2020-08-12,2020081201019822,NIL,47,5,11,639.00,"7,029.00"
2020-08-12,2020081201020204,NLBBL,38,45,10,708.00,"7,080.00"
2020-08-12,2020081201019957,NLIC,32,28,40,"1,350.00","54,000.00"
2020-08-12,2020081201019956,NLIC,45,28,50,"1,350.00","67,500.00"
2020-08-12,2020081201019955,NLIC,17,28,100,"1,350.00","135,000.00"
2020-08-12,2020081201019954,NLIC,52,28,275,"1,350.00","371,250.00"
2020-08-12,2020081201019953,NLIC,29,28,"1,000","1,350.00","1,350,000.00"
2020-08-12,2020081201019952,NLIC,28,28,300,"1,350.00","405,000.00"
2020-08-12,2020081201019945,NLIC,16,28,428,"1,351.00","578,228.00"
2020-08-12,2020081201019951,NLIC,14,28,50,"1,350.00","67,500.00"
2020-08-12,2020081201019950,NLIC,43,28,20,"1,350.00","27,000.00"
2020-08-12,2020081201019949,NLIC,16,28,100,"1,350.00","135,000.00"
2020-08-12,2020081201019948,NLIC,45,28,10,"1,350.00","13,500.00"
2020-08-12,2020081201019947,NLIC,39,28,100,"1,350.00","135,000.00"
2020-08-12,2020081201019946,NLIC,56,28,200,"1,351.00","270,200.00"
2020-08-12,2020081201019868,NLICL,6,14,40,699.00,"27,960.00"
2020-08-12,2020081201020145,NMB,58,16,390,426.00,"166,140.00"
2020-08-12,2020081201020032,NMB,44,42,100,427.00,"42,700.00"
2020-08-12,2020081201020022,NMB,48,16,300,427.00,"128,100.00"
2020-08-12,2020081201019849,NMB,21,19,60,427.00,"25,620.00"
2020-08-12,2020081201020060,NMBMF,49,25,45,716.00,"32,220.00"
2020-08-12,2020081201020059,NMBMF,32,25,76,716.00,"54,416.00"
2020-08-12,2020081201019986,NMBMF,32,35,24,716.00,"17,184.00"
2020-08-12,2020081201019985,NMBMF,49,35,10,716.00,"7,160.00"
2020-08-12,2020081201019984,NMBMF,40,35,10,716.00,"7,160.00"
2020-08-12,2020081201019983,NMBMF,57,35,10,716.00,"7,160.00"
2020-08-12,2020081201019924,NMBMF,42,25,25,717.00,"17,925.00"
2020-08-12,2020081201019792,NMBMF,22,25,100,717.00,"71,700.00"
2020-08-12,2020081201020201,NRIC,33,18,40,585.00,"23,400.00"
2020-08-12,2020081201020189,NRIC,42,42,200,586.00,"117,200.00"
2020-08-12,2020081201020173,NRIC,33,57,40,585.00,"23,400.00"
2020-08-12,2020081201020172,NRIC,33,18,40,585.00,"23,400.00"
2020-08-12,2020081201020153,NRIC,33,36,41,585.00,"23,985.00"
2020-08-12,2020081201020144,NRIC,33,39,40,585.00,"23,400.00"
2020-08-12,2020081201019784,NRIC,19,49,100,586.00,"58,600.00"
2020-08-12,2020081201019755,NRIC,33,16,40,585.00,"23,400.00"
2020-08-12,2020081201019746,NRIC,33,18,40,585.00,"23,400.00"
2020-08-12,2020081201019741,NRIC,33,7,200,585.00,"117,000.00"
2020-08-12,2020081201019732,NRIC,33,40,30,585.00,"17,550.00"
2020-08-12,2020081201019731,NRIC,33,57,40,585.00,"23,400.00"
2020-08-12,2020081201019850,NRIC,19,59,50,586.00,"29,300.00"
2020-08-12,2020081201019837,NRIC,19,18,40,586.00,"23,440.00"
2020-08-12,2020081201019832,NRIC,19,32,20,586.00,"11,720.00"
2020-08-12,2020081201019825,NRIC,19,45,40,586.00,"23,440.00"
2020-08-12,2020081201019804,NRIC,19,29,40,586.00,"23,440.00"
2020-08-12,2020081201019786,NRIC,19,38,30,586.00,"17,580.00"
2020-08-12,2020081201019919,NRIC,28,21,80,586.00,"46,880.00"
2020-08-12,2020081201019918,NRIC,19,21,320,586.00,"187,520.00"
2020-08-12,2020081201019900,NRIC,19,40,20,586.00,"11,720.00"
2020-08-12,2020081201019887,NRIC,19,51,40,586.00,"23,440.00"
2020-08-12,2020081201019877,NRIC,19,18,40,586.00,"23,440.00"
2020-08-12,2020081201019867,NRIC,19,26,40,586.00,"23,440.00"
2020-08-12,2020081201020018,NRIC,33,40,10,585.00,"5,850.00"
2020-08-12,2020081201020002,NRIC,33,59,40,585.00,"23,400.00"
2020-08-12,2020081201019999,NRIC,33,18,40,585.00,"23,400.00"
2020-08-12,2020081201019988,NRIC,28,42,30,586.00,"17,580.00"
2020-08-12,2020081201019967,NRIC,28,18,40,586.00,"23,440.00"
2020-08-12,2020081201019925,NRIC,28,56,20,586.00,"11,720.00"
2020-08-12,2020081201020131,NRIC,33,47,50,585.00,"29,250.00"
2020-08-12,2020081201020125,NRIC,33,18,40,585.00,"23,400.00"
2020-08-12,2020081201020085,NRIC,56,42,200,586.00,"117,200.00"
2020-08-12,2020081201020079,NRIC,33,18,40,585.00,"23,400.00"
2020-08-12,2020081201020054,NRIC,33,39,40,585.00,"23,400.00"
2020-08-12,2020081201020049,NRIC,33,18,40,585.00,"23,400.00"
2020-08-12,2020081201020083,NSEWA,34,52,10,701.00,"7,010.00"
2020-08-12,2020081201020084,NTC,47,38,19,666.00,"12,654.00"
2020-08-12,2020081201019961,NTC,20,51,80,665.00,"53,200.00"
2020-08-12,2020081201019960,NTC,47,51,20,665.00,"13,300.00"
2020-08-12,2020081201019843,NTC,47,41,10,665.00,"6,650.00"
2020-08-12,2020081201019765,NUBL,45,52,460,971.00,"446,660.00"
2020-08-12,2020081201019764,NUBL,6,52,100,971.00,"97,100.00"
2020-08-12,2020081201020181,PCBL,52,50,10,271.00,"2,710.00"
2020-08-12,2020081201019896,PCBL,49,50,17,271.00,"4,607.00"
2020-08-12,2020081201020006,PFL,6,34,42,150.00,"6,300.00"
2020-08-12,2020081201020099,PICL,45,41,20,475.00,"9,500.00"
2020-08-12,2020081201019944,PICL,45,38,75,475.00,"35,625.00"
2020-08-12,2020081201019799,PICL,17,38,125,476.00,"59,500.00"
2020-08-12,2020081201019794,PICL,17,10,375,476.00,"178,500.00"
2020-08-12,2020081201019793,PICL,26,10,125,477.00,"59,625.00"
2020-08-12,2020081201019981,PLIC,52,45,100,547.00,"54,700.00"
2020-08-12,2020081201019914,PLIC,26,41,300,549.00,"164,700.00"
2020-08-12,2020081201019802,PLIC,45,49,100,547.00,"54,700.00"
2020-08-12,2020081201019801,PLIC,41,49,130,547.00,"71,110.00"
2020-08-12,2020081201020174,PMHPL,10,40,10,72.00,720.00
2020-08-12,2020081201019907,PMHPL,10,58,10,72.00,720.00
2020-08-12,2020081201020182,PPCL,32,52,10,114.00,"1,140.00"
2020-08-12,2020081201019757,PPCL,41,57,10,115.00,"1,150.00"
2020-08-12,2020081201019722,PPCL,41,43,10,115.00,"1,150.00"
2020-08-12,2020081201019978,PRIN,45,57,"1,125",508.00,"571,500.00"
2020-08-12,2020081201019977,PRIN,45,13,50,507.00,"25,350.00"
2020-08-12,2020081201019976,PRIN,45,14,336,507.00,"170,352.00"
2020-08-12,2020081201019975,PRIN,45,48,289,507.00,"146,523.00"
2020-08-12,2020081201019968,PRIN,44,44,500,506.00,"253,000.00"
2020-08-12,2020081201019871,PRIN,41,48,15,506.00,"7,590.00"
2020-08-12,2020081201019870,PRIN,45,48,100,506.00,"50,600.00"
2020-08-12,2020081201019869,PRIN,44,48,32,506.00,"16,192.00"
2020-08-12,2020081201019865,PRIN,44,42,28,506.00,"14,168.00"
2020-08-12,2020081201019758,PRIN,44,58,225,506.00,"113,850.00"
2020-08-12,2020081201019812,PROFL,36,57,415,106.00,"43,990.00"
2020-08-12,2020081201019811,PROFL,10,57,85,106.00,"9,010.00"
2020-08-12,2020081201020187,PRVU,36,44,800,235.00,"188,000.00"
2020-08-12,2020081201020061,PRVU,13,44,100,235.00,"23,500.00"
2020-08-12,2020081201020057,RADHI,38,52,11,169.00,"1,859.00"
2020-08-12,2020081201019835,RBCLPO,39,40,19,"8,200.00","155,800.00"
2020-08-12,2020081201020119,RHPC,8,8,3,83.00,249.00
2020-08-12,2020081201020086,RHPL,50,43,40,150.00,"6,000.00"
2020-08-12,2020081201020056,RHPL,50,48,40,150.00,"6,000.00"
2020-08-12,2020081201020055,RHPL,34,37,40,150.00,"6,000.00"
2020-08-12,2020081201020051,RHPL,34,34,40,150.00,"6,000.00"
2020-08-12,2020081201020047,RHPL,34,40,10,150.00,"1,500.00"
2020-08-12,2020081201019819,RHPL,34,57,10,150.00,"1,500.00"
2020-08-12,2020081201020019,RMDC,34,7,450,757.00,"340,650.00"
2020-08-12,2020081201019831,RMDC,34,22,213,757.00,"161,241.00"
2020-08-12,2020081201019830,RMDC,34,42,57,757.00,"43,149.00"
2020-08-12,2020081201020016,RSDC,29,29,1,495.00,495.00
2020-08-12,2020081201020074,SADBL,33,51,10,148.00,"1,480.00"
2020-08-12,2020081201020097,SAEF,34,56,"10,000",9.97,"99,700.00"
2020-08-12,2020081201020132,SANIMA,6,37,10,351.00,"3,510.00"
2020-08-12,2020081201020110,SANIMA,33,19,308,350.00,"107,800.00"
2020-08-12,2020081201020109,SANIMA,44,19,98,350.00,"34,300.00"
2020-08-12,2020081201019899,SANIMA,44,49,52,350.00,"18,200.00"
2020-08-12,2020081201020148,SAPDBL,55,14,334,118.00,"39,412.00"
2020-08-12,2020081201020147,SAPDBL,25,14,466,118.00,"54,988.00"
2020-08-12,2020081201020107,SBI,58,42,490,431.00,"211,190.00"
2020-08-12,2020081201019929,SBI,58,46,"1,028",431.00,"443,068.00"
2020-08-12,2020081201020190,SBL,29,49,495,299.00,"148,005.00"
2020-08-12,2020081201020027,SCB,42,42,40,658.00,"26,320.00"
2020-08-12,2020081201020026,SCB,35,42,130,658.00,"85,540.00"
2020-08-12,2020081201020025,SCB,6,42,28,660.00,"18,480.00"
2020-08-12,2020081201020215,SDESI,55,4,50,808.00,"40,400.00"
2020-08-12,2020081201020031,SEF,38,57,500,9.69,"4,845.00"
2020-08-12,2020081201020030,SEF,38,4,500,9.69,"4,845.00"
2020-08-12,2020081201020191,SHINE,8,8,7,235.00,"1,645.00"
2020-08-12,2020081201019826,SHINE,6,38,10,239.00,"2,390.00"
2020-08-12,2020081201020106,SHIVM,48,41,50,595.00,"29,750.00"
2020-08-12,2020081201020105,SHIVM,48,41,200,595.00,"119,000.00"
2020-08-12,2020081201020104,SHIVM,48,44,100,590.00,"59,000.00"
2020-08-12,2020081201020103,SHIVM,48,33,100,588.00,"58,800.00"
2020-08-12,2020081201020089,SHIVM,43,50,76,586.00,"44,536.00"
2020-08-12,2020081201020088,SHIVM,45,50,74,586.00,"43,364.00"
2020-08-12,2020081201019922,SHIVM,45,57,100,586.00,"58,600.00"
2020-08-12,2020081201020098,SHL,40,57,100,158.00,"15,800.00"
2020-08-12,2020081201020108,SHPC,56,34,300,233.00,"69,900.00"
2020-08-12,2020081201020078,SHPC,47,45,14,232.00,"3,248.00"
2020-08-12,2020081201020077,SHPC,47,45,36,232.00,"8,352.00"
2020-08-12,2020081201019927,SHPC,47,13,36,232.00,"8,352.00"
2020-08-12,2020081201019724,SHPC,45,34,"1,000",233.00,"233,000.00"
2020-08-12,2020081201019721,SHPC,47,41,16,232.00,"3,712.00"
2020-08-12,2020081201019720,SHPC,47,41,84,232.00,"19,488.00"
2020-08-12,2020081201019959,SIC,47,6,14,739.00,"10,346.00"
2020-08-12,2020081201019958,SIC,47,6,14,739.00,"10,346.00"
2020-08-12,2020081201020176,SICL,34,28,"1,000","1,245.00","1,245,000.00"
2020-08-12,2020081201020175,SICL,45,48,300,"1,246.00","373,800.00"
2020-08-12,2020081201020120,SICL,32,48,300,"1,246.00","373,800.00"
2020-08-12,2020081201020076,SICL,17,45,100,"1,247.00","124,700.00"
2020-08-12,2020081201019974,SICL,6,58,290,"1,248.00","361,920.00"
2020-08-12,2020081201019917,SICL,6,45,20,"1,248.00","24,960.00"
2020-08-12,2020081201019787,SICL,6,45,100,"1,248.00","124,800.00"
2020-08-12,2020081201019780,SICL,6,49,100,"1,248.00","124,800.00"
2020-08-12,2020081201019726,SICL,6,44,50,"1,248.00","62,400.00"
2020-08-12,2020081201020081,SIL,47,33,400,623.00,"249,200.00"
2020-08-12,2020081201020044,SIL,4,33,100,624.00,"62,400.00"
2020-08-12,2020081201020180,SJCL,28,42,20,137.00,"2,740.00"
2020-08-12,2020081201020142,SJCL,28,43,20,137.00,"2,740.00"
2020-08-12,2020081201020101,SJCL,28,48,20,137.00,"2,740.00"
2020-08-12,2020081201020073,SJCL,28,40,10,137.00,"1,370.00"
2020-08-12,2020081201019898,SJCL,28,57,10,137.00,"1,370.00"
2020-08-12,2020081201020199,SKBBL,14,36,13,"1,262.00","16,406.00"
2020-08-12,2020081201020198,SKBBL,20,36,87,"1,262.00","109,794.00"
2020-08-12,2020081201020000,SKBBL,4,14,107,"1,263.00","135,141.00"
2020-08-12,2020081201020128,SLBS,11,10,220,951.00,"209,220.00"
2020-08-12,2020081201020130,SLBSL,33,48,10,810.00,"8,100.00"
2020-08-12,2020081201020123,SLBSL,33,52,10,810.00,"8,100.00"
2020-08-12,2020081201020124,SLICL,36,34,20,457.00,"9,140.00"
2020-08-12,2020081201020029,SLICL,36,1,191,457.00,"87,287.00"
2020-08-12,2020081201020028,SLICL,45,1,309,457.00,"141,213.00"
2020-08-12,2020081201019864,SLICL,45,11,21,457.00,"9,597.00"
2020-08-12,2020081201019863,SLICL,45,34,42,457.00,"19,194.00"
2020-08-12,2020081201019862,SLICL,45,21,80,457.00,"36,560.00"
2020-08-12,2020081201019770,SLICL,56,26,300,454.00,"136,200.00"
2020-08-12,2020081201019861,SLICL,45,59,20,457.00,"9,140.00"
2020-08-12,2020081201019860,SLICL,45,3,10,457.00,"4,570.00"
2020-08-12,2020081201019859,SLICL,45,44,40,457.00,"18,280.00"
2020-08-12,2020081201019858,SLICL,45,34,50,456.00,"22,800.00"
2020-08-12,2020081201019857,SLICL,45,38,121,456.00,"55,176.00"
2020-08-12,2020081201019856,SLICL,45,26,20,454.00,"9,080.00"
2020-08-12,2020081201019866,SMB,57,43,10,872.00,"8,720.00"
2020-08-12,2020081201019778,SPARS,47,41,11,841.00,"9,251.00"
2020-08-12,2020081201020200,SWBBL,19,14,50,"1,209.00","60,450.00"
2020-08-12,2020081201019791,TRH,58,32,85,209.00,"17,765.00"
2020-08-12,2020081201019790,TRH,38,32,50,209.00,"10,450.00"
2020-08-12,2020081201019789,TRH,5,32,45,210.00,"9,450.00"
2020-08-12,2020081201019933,UIC,29,36,115,414.00,"47,610.00"
2020-08-12,2020081201019932,UIC,46,36,100,414.00,"41,400.00"
2020-08-12,2020081201019931,UIC,1,36,75,414.00,"31,050.00"
2020-08-12,2020081201019930,UIC,57,36,10,415.00,"4,150.00"
2020-08-12,2020081201019903,UIC,57,14,90,415.00,"37,350.00"
2020-08-12,2020081201019883,UIC,58,14,10,415.00,"4,150.00"
2020-08-12,2020081201019775,UIC,58,36,827,415.00,"343,205.00"
2020-08-12,2020081201019882,UIC,42,14,500,415.00,"207,500.00"
2020-08-12,2020081201019881,UIC,41,14,50,415.00,"20,750.00"
2020-08-12,2020081201019880,UIC,45,14,50,415.00,"20,750.00"
2020-08-12,2020081201019879,UIC,57,14,300,415.00,"124,500.00"
2020-08-12,2020081201019833,UIC,10,57,300,416.00,"124,800.00"
2020-08-12,2020081201019776,UIC,58,36,10,415.00,"4,150.00"
2020-08-12,2020081201020194,UPPER,1,43,40,225.00,"9,000.00"
2020-08-12,2020081201020171,UPPER,1,52,40,225.00,"9,000.00"
2020-08-12,2020081201019408,ACLBSL,58,16,10,702.00,"7,020.00"
2020-08-12,2020081201019238,ACLBSL,50,13,10,703.00,"7,030.00"
2020-08-12,2020081201019442,ADBL,43,14,50,420.00,"21,000.00"
2020-08-12,2020081201019310,ADBL,14,39,27,419.00,"11,313.00"
2020-08-12,2020081201019682,AHPC,14,55,20,93.00,"1,860.00"
2020-08-12,2020081201019681,AHPC,17,55,150,93.00,"13,950.00"
2020-08-12,2020081201019680,AHPC,20,55,100,93.00,"9,300.00"
2020-08-12,2020081201019679,AHPC,5,55,200,93.00,"18,600.00"
2020-08-12,2020081201019678,AHPC,43,55,20,93.00,"1,860.00"
2020-08-12,2020081201019677,AHPC,10,55,498,93.00,"46,314.00"
2020-08-12,2020081201019676,AHPC,34,55,12,93.00,"1,116.00"
2020-08-12,2020081201019363,AHPC,34,39,109,93.00,"10,137.00"
2020-08-12,2020081201019309,AHPC,34,25,17,93.00,"1,581.00"
2020-08-12,2020081201019716,AIL,47,39,10,545.00,"5,450.00"
2020-08-12,2020081201019713,AIL,47,6,10,545.00,"5,450.00"
2020-08-12,2020081201019686,AIL,47,17,10,545.00,"5,450.00"
2020-08-12,2020081201019651,AIL,47,47,10,545.00,"5,450.00"
2020-08-12,2020081201019640,AIL,47,26,10,545.00,"5,450.00"
2020-08-12,2020081201019618,AIL,47,39,10,545.00,"5,450.00"
2020-08-12,2020081201019231,AIL,49,39,10,544.00,"5,440.00"
2020-08-12,2020081201019262,AIL,41,13,10,547.00,"5,470.00"
2020-08-12,2020081201019261,AIL,41,18,10,547.00,"5,470.00"
2020-08-12,2020081201019260,AIL,41,43,10,547.00,"5,470.00"
2020-08-12,2020081201019259,AIL,41,52,10,545.00,"5,450.00"
2020-08-12,2020081201019258,AIL,41,14,10,545.00,"5,450.00"
2020-08-12,2020081201019255,AIL,49,34,10,544.00,"5,440.00"
2020-08-12,2020081201019318,AIL,14,19,10,545.00,"5,450.00"
2020-08-12,2020081201019303,AIL,14,39,10,545.00,"5,450.00"
2020-08-12,2020081201019291,AIL,14,29,10,545.00,"5,450.00"
2020-08-12,2020081201019269,AIL,14,14,10,545.00,"5,450.00"
2020-08-12,2020081201019266,AIL,14,39,10,545.00,"5,450.00"
2020-08-12,2020081201019263,AIL,41,4,50,547.00,"27,350.00"
2020-08-12,2020081201019339,AIL,28,43,32,545.00,"17,440.00"
2020-08-12,2020081201019338,AIL,14,43,10,545.00,"5,450.00"
2020-08-12,2020081201019337,AIL,14,26,10,545.00,"5,450.00"
2020-08-12,2020081201019331,AIL,14,40,10,545.00,"5,450.00"
2020-08-12,2020081201019329,AIL,14,38,10,545.00,"5,450.00"
2020-08-12,2020081201019326,AIL,14,14,10,545.00,"5,450.00"
2020-08-12,2020081201019402,AIL,49,39,10,545.00,"5,450.00"
2020-08-12,2020081201019395,AIL,58,41,10,546.00,"5,460.00"
2020-08-12,2020081201019394,AIL,58,18,10,546.00,"5,460.00"
2020-08-12,2020081201019366,AIL,36,14,10,545.00,"5,450.00"
2020-08-12,2020081201019354,AIL,36,39,10,545.00,"5,450.00"
2020-08-12,2020081201019345,AIL,28,39,10,545.00,"5,450.00"
2020-08-12,2020081201019485,AIL,49,34,10,545.00,"5,450.00"
2020-08-12,2020081201019469,AIL,49,47,10,545.00,"5,450.00"
2020-08-12,2020081201019451,AIL,49,44,10,545.00,"5,450.00"
2020-08-12,2020081201019426,AIL,49,34,10,545.00,"5,450.00"
2020-08-12,2020081201019421,AIL,49,14,10,545.00,"5,450.00"
2020-08-12,2020081201019404,AIL,49,42,10,545.00,"5,450.00"
2020-08-12,2020081201019527,AIL,47,16,10,545.00,"5,450.00"
2020-08-12,2020081201019521,AIL,47,44,10,545.00,"5,450.00"
2020-08-12,2020081201019517,AIL,47,42,10,545.00,"5,450.00"
2020-08-12,2020081201019513,AIL,21,56,10,545.00,"5,450.00"
2020-08-12,2020081201019501,AIL,49,17,10,545.00,"5,450.00"
2020-08-12,2020081201019488,AIL,49,56,10,545.00,"5,450.00"
2020-08-12,2020081201019601,AIL,47,56,10,545.00,"5,450.00"
2020-08-12,2020081201019580,AIL,47,17,10,545.00,"5,450.00"
2020-08-12,2020081201019558,AIL,47,40,10,545.00,"5,450.00"
2020-08-12,2020081201019539,AIL,47,58,10,545.00,"5,450.00"
2020-08-12,2020081201019532,AIL,47,46,10,545.00,"5,450.00"
2020-08-12,2020081201019531,AIL,47,17,10,545.00,"5,450.00"
2020-08-12,2020081201019504,AKPL,36,40,500,114.00,"57,000.00"
2020-08-12,2020081201019523,ALBSL,28,22,11,680.00,"7,480.00"
2020-08-12,2020081201019657,ALICL,26,26,120,639.00,"76,680.00"
2020-08-12,2020081201019664,BOKL,58,49,200,225.00,"45,000.00"
2020-08-12,2020081201019364,BOKL,56,16,10,227.00,"2,270.00"
2020-08-12,2020081201019643,BPCL,7,25,100,361.00,"36,100.00"
2020-08-12,2020081201019615,BPCL,50,40,12,360.00,"4,320.00"
2020-08-12,2020081201019567,BPCL,7,43,24,361.00,"8,664.00"
2020-08-12,2020081201019637,CBBL,38,33,100,"1,067.00","106,700.00"
2020-08-12,2020081201019636,CBBL,26,33,200,"1,067.00","213,400.00"
2020-08-12,2020081201019302,CBBL,45,33,500,"1,065.00","532,500.00"
2020-08-12,2020081201019301,CBBL,45,49,50,"1,065.00","53,250.00"
2020-08-12,2020081201019711,CBL,44,51,110,146.00,"16,060.00"
2020-08-12,2020081201019644,CBL,44,48,"2,147",146.00,"313,462.00"
2020-08-12,2020081201019253,CBL,44,22,661,146.00,"96,506.00"
2020-08-12,2020081201019611,CCBL,45,13,90,177.00,"15,930.00"
2020-08-12,2020081201019227,CCBL,45,3,12,177.00,"2,124.00"
2020-08-12,2020081201019503,CIT,35,11,10,"2,593.00","25,930.00"
2020-08-12,2020081201019391,CIT,45,58,35,"2,592.00","90,720.00"
2020-08-12,2020081201019390,CIT,45,58,20,"2,592.00","51,840.00"
2020-08-12,2020081201019389,CIT,26,58,30,"2,593.00","77,790.00"
2020-08-12,2020081201019388,CIT,45,58,20,"2,594.00","51,880.00"
2020-08-12,2020081201019387,CIT,38,58,40,"2,595.00","103,800.00"
2020-08-12,2020081201019386,CIT,16,58,25,"2,595.00","64,875.00"
2020-08-12,2020081201019385,CIT,22,58,20,"2,595.00","51,900.00"
2020-08-12,2020081201019384,CIT,29,58,10,"2,598.00","25,980.00"
2020-08-12,2020081201019561,CZBIL,58,1,200,201.00,"40,200.00"
2020-08-12,2020081201019341,CZBIL,58,26,500,201.00,"100,500.00"
2020-08-12,2020081201019342,EBL,26,49,49,727.00,"35,623.00"
2020-08-12,2020081201019317,EBL,44,49,541,727.00,"393,307.00"
2020-08-12,2020081201019274,EBL,49,39,249,729.00,"181,521.00"
2020-08-12,2020081201019273,EBL,49,34,12,729.00,"8,748.00"
2020-08-12,2020081201019236,EBL,44,17,220,727.00,"159,940.00"
2020-08-12,2020081201019235,EBL,57,17,80,727.00,"58,160.00"
2020-08-12,2020081201019698,EIC,8,39,284,446.00,"126,664.00"
2020-08-12,2020081201019336,EIC,42,53,100,447.00,"44,700.00"
2020-08-12,2020081201019427,FMDBL,52,39,80,525.00,"42,000.00"
2020-08-12,2020081201019330,FOWAD,45,50,19,"1,535.00","29,165.00"
2020-08-12,2020081201019665,GBIME,49,28,75,256.00,"19,200.00"
2020-08-12,2020081201019383,GBIME,38,19,190,255.00,"48,450.00"
2020-08-12,2020081201019382,GBIME,45,19,10,255.00,"2,550.00"
2020-08-12,2020081201019372,GBIME,59,13,975,255.00,"248,625.00"
2020-08-12,2020081201019283,GBIME,42,28,370,256.00,"94,720.00"
2020-08-12,2020081201019280,GBIME,59,26,25,255.00,"6,375.00"
2020-08-12,2020081201019279,GBIME,52,26,175,255.00,"44,625.00"
2020-08-12,2020081201019234,GBIME,52,45,25,255.00,"6,375.00"
2020-08-12,2020081201019233,GBIME,35,45,175,255.00,"44,625.00"
2020-08-12,2020081201019508,GGBSL,38,22,10,836.00,"8,360.00"
2020-08-12,2020081201019424,GGBSL,51,51,10,822.00,"8,220.00"
2020-08-12,2020081201019439,GHL,52,6,30,59.00,"1,770.00"
2020-08-12,2020081201019438,GHL,52,51,50,59.00,"2,950.00"
2020-08-12,2020081201019362,GILB,29,29,1,"1,225.00","1,225.00"
2020-08-12,2020081201019242,GILB,8,8,1,"1,206.00","1,206.00"
2020-08-12,2020081201019641,GLBSL,53,42,50,800.00,"40,000.00"
2020-08-12,2020081201019453,GLBSL,54,38,10,798.00,"7,980.00"
2020-08-12,2020081201019277,GLICL,20,16,11,470.00,"5,170.00"
2020-08-12,2020081201019514,GMFBS,56,22,10,778.00,"7,780.00"
2020-08-12,2020081201019403,GMFBS,56,49,10,778.00,"7,780.00"
2020-08-12,2020081201019276,GMFBS,25,22,10,778.00,"7,780.00"
2020-08-12,2020081201019430,HBL,14,50,63,562.00,"35,406.00"
2020-08-12,2020081201019568,HDL,47,26,100,"1,700.00","170,000.00"
2020-08-12,2020081201019275,HDL,47,14,25,"1,700.00","42,500.00"
2020-08-12,2020081201019254,HDL,47,7,355,"1,700.00","603,500.00"
2020-08-12,2020081201019496,HPPL,29,52,10,134.00,"1,340.00"
2020-08-12,2020081201019639,IGI,28,38,200,466.00,"93,200.00"
2020-08-12,2020081201019638,IGI,25,38,200,466.00,"93,200.00"
2020-08-12,2020081201019559,ILBS,25,55,19,738.00,"14,022.00"
2020-08-12,2020081201019437,ILBS,25,51,11,738.00,"8,118.00"
2020-08-12,2020081201019294,ILBS,11,51,10,738.00,"7,380.00"
2020-08-12,2020081201019270,ILBS,51,55,55,740.00,"40,700.00"
2020-08-12,2020081201019530,JBBL,21,14,200,173.00,"34,600.00"
2020-08-12,2020081201019529,JBBL,29,14,100,173.00,"17,300.00"
2020-08-12,2020081201019407,JBBL,29,14,200,173.00,"34,600.00"
2020-08-12,2020081201019298,JBBL,29,25,100,173.00,"17,300.00"
2020-08-12,2020081201019684,JOSHI,57,56,20,56.00,"1,120.00"
2020-08-12,2020081201019250,JOSHI,57,43,20,56.00,"1,120.00"
2020-08-12,2020081201019715,KBL,25,48,79,192.00,"15,168.00"
2020-08-12,2020081201019714,KBL,52,48,121,192.00,"23,232.00"
2020-08-12,2020081201019239,KBL,52,25,100,192.00,"19,200.00"
2020-08-12,2020081201019690,KMCDB,33,4,65,750.00,"48,750.00"
2020-08-12,2020081201019689,KMCDB,50,4,10,750.00,"7,500.00"
2020-08-12,2020081201019688,KMCDB,33,4,125,750.00,"93,750.00"
2020-08-12,2020081201019599,KMCDB,33,4,175,750.00,"131,250.00"
2020-08-12,2020081201019598,KMCDB,5,4,50,750.00,"37,500.00"
2020-08-12,2020081201019597,KMCDB,36,4,500,751.00,"375,500.00"
2020-08-12,2020081201019308,KMCDB,21,26,10,753.00,"7,530.00"
2020-08-12,2020081201019307,KMCDB,53,7,50,754.00,"37,700.00"
2020-08-12,2020081201019306,KMCDB,29,7,10,754.00,"7,540.00"
2020-08-12,2020081201019305,KMCDB,20,7,20,754.00,"15,080.00"
2020-08-12,2020081201019304,KMCDB,1,7,20,754.00,"15,080.00"
2020-08-12,2020081201019223,KMCDB,1,47,10,754.00,"7,540.00"
2020-08-12,2020081201019590,KMCDB,6,4,50,752.00,"37,600.00"
2020-08-12,2020081201019589,KMCDB,33,4,300,752.00,"225,600.00"
2020-08-12,2020081201019588,KMCDB,21,4,140,753.00,"105,420.00"
2020-08-12,2020081201019587,KMCDB,29,4,10,754.00,"7,540.00"
2020-08-12,2020081201019596,KMCDB,29,4,60,751.00,"45,060.00"
2020-08-12,2020081201019595,KMCDB,26,4,20,751.00,"15,020.00"
2020-08-12,2020081201019594,KMCDB,20,4,20,751.00,"15,020.00"
2020-08-12,2020081201019593,KMCDB,38,4,100,751.00,"75,100.00"
2020-08-12,2020081201019592,KMCDB,38,4,50,752.00,"37,600.00"
2020-08-12,2020081201019591,KMCDB,51,4,25,752.00,"18,800.00"
2020-08-12,2020081201019655,KPCL,59,40,10,106.00,"1,060.00"
2020-08-12,2020081201019392,KPCL,59,6,10,106.00,"1,060.00"
2020-08-12,2020081201019582,LGIL,40,55,48,460.00,"22,080.00"
2020-08-12,2020081201019557,LGIL,53,53,1,455.00,455.00
2020-08-12,2020081201019536,LGIL,45,55,100,460.00,"46,000.00"
2020-08-12,2020081201019535,LGIL,46,55,10,460.00,"4,600.00"
2020-08-12,2020081201019534,LGIL,55,55,60,461.00,"27,660.00"
2020-08-12,2020081201019249,LGIL,55,58,240,461.00,"110,640.00"
2020-08-12,2020081201019248,LGIL,56,58,50,461.00,"23,050.00"
2020-08-12,2020081201019247,LGIL,58,58,210,461.00,"96,810.00"
2020-08-12,2020081201019246,LGIL,11,58,200,461.00,"92,200.00"
2020-08-12,2020081201019245,LGIL,16,58,100,462.00,"46,200.00"
2020-08-12,2020081201019507,LICN,47,48,20,"1,460.00","29,200.00"
2020-08-12,2020081201019481,LICN,25,48,78,"1,460.00","113,880.00"
2020-08-12,2020081201019224,LICN,41,6,50,"1,470.00","73,500.00"
2020-08-12,2020081201019526,LLBS,25,58,87,"1,110.00","96,570.00"
2020-08-12,2020081201019525,LLBS,34,58,13,"1,110.00","14,430.00"
2020-08-12,2020081201019441,LLBS,34,58,87,"1,110.00","96,570.00"
2020-08-12,2020081201019440,LLBS,38,58,10,"1,110.00","11,100.00"
2020-08-12,2020081201019409,LLBS,51,14,14,"1,110.00","15,540.00"
2020-08-12,2020081201019571,MBL,33,34,20,233.00,"4,660.00"
2020-08-12,2020081201019429,MBL,38,16,18,231.00,"4,158.00"
2020-08-12,2020081201019373,MBL,38,16,12,232.00,"2,784.00"
2020-08-12,2020081201019486,MDB,45,3,13,322.00,"4,186.00"
2020-08-12,2020081201019575,MEGA,58,26,999,228.00,"227,772.00"
2020-08-12,2020081201019533,MEGA,58,56,314,228.00,"71,592.00"
2020-08-12,2020081201019264,MEGA,58,25,100,228.00,"22,800.00"
2020-08-12,2020081201019315,MERO,8,8,3,627.00,"1,881.00"
2020-08-12,2020081201019292,MERO,57,22,446,639.00,"284,994.00"
2020-08-12,2020081201019344,MHNL,48,43,40,82.00,"3,280.00"
2020-08-12,2020081201019556,MLBBL,50,29,100,735.00,"73,500.00"
2020-08-12,2020081201019555,MLBBL,8,29,100,735.00,"73,500.00"
2020-08-12,2020081201019554,MLBBL,25,29,200,735.00,"147,000.00"
2020-08-12,2020081201019553,MLBBL,17,29,50,735.00,"36,750.00"
2020-08-12,2020081201019552,MLBBL,51,29,10,735.00,"7,350.00"
2020-08-12,2020081201019551,MLBBL,51,29,10,740.00,"7,400.00"
2020-08-12,2020081201019550,MLBBL,45,29,20,740.00,"14,800.00"
2020-08-12,2020081201019549,MLBBL,26,29,10,741.00,"7,410.00"
2020-08-12,2020081201019428,MLBL,51,13,55,198.00,"10,890.00"
2020-08-12,2020081201019290,MLBL,1,3,12,197.00,"2,364.00"
2020-08-12,2020081201019572,MMFDB,58,49,50,920.00,"46,000.00"
2020-08-12,2020081201019581,MNBBL,38,13,173,328.00,"56,744.00"
2020-08-12,2020081201019483,MNBBL,38,16,27,328.00,"8,856.00"
2020-08-12,2020081201019435,MNBBL,38,1,431,328.00,"141,368.00"
2020-08-12,2020081201019434,MNBBL,36,1,39,328.00,"12,792.00"
2020-08-12,2020081201019325,MNBBL,36,13,161,328.00,"52,808.00"
2020-08-12,2020081201019480,NABIL,44,49,200,834.00,"166,800.00"
2020-08-12,2020081201019479,NABIL,44,32,29,834.00,"24,186.00"
2020-08-12,2020081201019478,NABIL,44,48,20,834.00,"16,680.00"
2020-08-12,2020081201019477,NABIL,44,32,68,834.00,"56,712.00"
2020-08-12,2020081201019476,NABIL,44,25,50,834.00,"41,700.00"
2020-08-12,2020081201019475,NABIL,44,11,79,834.00,"65,886.00"
2020-08-12,2020081201019282,NABIL,1,11,26,833.00,"21,658.00"
2020-08-12,2020081201019649,NBB,25,13,928,202.00,"187,456.00"
2020-08-12,2020081201019222,NBB,25,42,13,202.00,"2,626.00"
2020-08-12,2020081201019221,NBB,58,42,287,202.00,"57,974.00"
2020-08-12,2020081201019516,NBL,54,41,300,275.00,"82,500.00"
2020-08-12,2020081201019515,NBL,54,6,400,275.00,"110,000.00"
2020-08-12,2020081201019417,NBL,1,50,500,274.00,"137,000.00"
2020-08-12,2020081201019697,NCCB,58,57,133,198.00,"26,334.00"
2020-08-12,2020081201019646,NCCB,33,44,50,199.00,"9,950.00"
2020-08-12,2020081201019604,NCCB,58,34,"1,000",198.00,"198,000.00"
2020-08-12,2020081201019518,NCCB,58,6,500,198.00,"99,000.00"
2020-08-12,2020081201019502,NCCB,58,34,200,198.00,"39,600.00"
2020-08-12,2020081201019695,NEF,56,41,"7,885",8.97,"70,728.45"
2020-08-12,2020081201019460,NEF,56,13,193,8.97,"1,731.21"
2020-08-12,2020081201019314,NIBPO,8,39,849,382.00,"324,318.00"
2020-08-12,2020081201019313,NIBPO,8,39,"1,000",382.00,"382,000.00"
2020-08-12,2020081201019312,NIBPO,25,39,651,383.00,"249,333.00"
2020-08-12,2020081201019617,NICA,14,49,130,574.00,"74,620.00"
2020-08-12,2020081201019616,NICA,47,49,20,575.00,"11,500.00"
2020-08-12,2020081201019612,NICA,47,21,80,575.00,"46,000.00"
2020-08-12,2020081201019610,NICA,14,21,20,575.00,"11,500.00"
2020-08-12,2020081201019537,NICA,14,53,600,574.00,"344,400.00"
2020-08-12,2020081201019505,NICA,45,21,200,575.00,"115,000.00"
2020-08-12,2020081201019433,NICA,44,28,300,575.00,"172,500.00"
2020-08-12,2020081201019333,NICA,14,19,100,574.00,"57,400.00"
2020-08-12,2020081201019251,NICA,14,45,50,574.00,"28,700.00"
2020-08-12,2020081201019497,NICA,45,38,100,575.00,"57,500.00"
2020-08-12,2020081201019450,NICA,45,45,"1,800",575.00,"1,035,000.00"
2020-08-12,2020081201019449,NICA,45,16,500,575.00,"287,500.00"
2020-08-12,2020081201019448,NICA,45,25,100,575.00,"57,500.00"
2020-08-12,2020081201019447,NICA,45,45,50,575.00,"28,750.00"
2020-08-12,2020081201019446,NICA,45,28,350,575.00,"201,250.00"
2020-08-12,2020081201019706,NICAD8283,11,14,25,"1,060.00","26,500.00"
2020-08-12,2020081201019487,NICGF,49,14,500,10.40,"5,200.00"
2020-08-12,2020081201019696,NICL,5,25,100,466.00,"46,600.00"
2020-08-12,2020081201019645,NICL,5,49,50,466.00,"23,300.00"
2020-08-12,2020081201019436,NICL,5,33,150,466.00,"69,900.00"
2020-08-12,2020081201019707,NICLBSL,51,40,10,768.00,"7,680.00"
2020-08-12,2020081201019700,NICLBSL,51,40,10,768.00,"7,680.00"
2020-08-12,2020081201019699,NICLBSL,51,16,10,768.00,"7,680.00"
2020-08-12,2020081201019685,NICLBSL,51,26,10,768.00,"7,680.00"
2020-08-12,2020081201019647,NICLBSL,51,22,10,768.00,"7,680.00"
2020-08-12,2020081201019634,NICLBSL,14,40,10,767.00,"7,670.00"
2020-08-12,2020081201019288,NICLBSL,25,34,10,768.00,"7,680.00"
2020-08-12,2020081201019278,NICLBSL,25,26,10,768.00,"7,680.00"
2020-08-12,2020081201019267,NICLBSL,25,40,10,768.00,"7,680.00"
2020-08-12,2020081201019243,NICLBSL,25,39,50,768.00,"38,400.00"
2020-08-12,2020081201019226,NICLBSL,28,26,10,766.00,"7,660.00"
2020-08-12,2020081201019355,NICLBSL,25,39,70,768.00,"53,760.00"
2020-08-12,2020081201019353,NICLBSL,25,26,10,768.00,"7,680.00"
2020-08-12,2020081201019346,NICLBSL,25,1,10,768.00,"7,680.00"
2020-08-12,2020081201019324,NICLBSL,25,39,10,768.00,"7,680.00"
2020-08-12,2020081201019316,NICLBSL,25,51,10,768.00,"7,680.00"
2020-08-12,2020081201019293,NICLBSL,25,16,10,768.00,"7,680.00"
2020-08-12,2020081201019482,NICLBSL,14,51,10,767.00,"7,670.00"
2020-08-12,2020081201019413,NICLBSL,14,22,10,767.00,"7,670.00"
2020-08-12,2020081201019411,NICLBSL,14,43,10,767.00,"7,670.00"
2020-08-12,2020081201019410,NICLBSL,22,22,10,767.00,"7,670.00"
2020-08-12,2020081201019396,NICLBSL,22,40,10,767.00,"7,670.00"
2020-08-12,2020081201019378,NICLBSL,22,34,10,767.00,"7,670.00"
2020-08-12,2020081201019613,NICLBSL,14,47,10,767.00,"7,670.00"
2020-08-12,2020081201019573,NICLBSL,43,39,40,768.00,"30,720.00"
2020-08-12,2020081201019564,NICLBSL,14,26,10,767.00,"7,670.00"
2020-08-12,2020081201019524,NICLBSL,14,22,10,767.00,"7,670.00"
2020-08-12,2020081201019509,NICLBSL,14,26,20,767.00,"15,340.00"
2020-08-12,2020081201019498,NICLBSL,14,40,10,767.00,"7,670.00"
2020-08-12,2020081201019459,NIL,26,39,804,636.00,"511,344.00"
2020-08-12,2020081201019458,NIL,6,39,"1,000",636.00,"636,000.00"
2020-08-12,2020081201019457,NIL,47,39,20,636.00,"12,720.00"
2020-08-12,2020081201019456,NIL,57,39,100,636.00,"63,600.00"
2020-08-12,2020081201019455,NIL,40,39,76,636.00,"48,336.00"
2020-08-12,2020081201019343,NIL,47,5,45,639.00,"28,755.00"
2020-08-12,2020081201019522,NLG,16,16,10,639.00,"6,390.00"
2020-08-12,2020081201019654,NLIC,16,10,72,"1,351.00","97,272.00"
2020-08-12,2020081201019653,NLIC,46,10,100,"1,351.00","135,100.00"
2020-08-12,2020081201019652,NLIC,43,10,28,"1,351.00","37,828.00"
2020-08-12,2020081201019528,NLIC,14,44,20,"1,354.00","27,080.00"
2020-08-12,2020081201019495,NLIC,42,28,100,"1,352.00","135,200.00"
2020-08-12,2020081201019494,NLIC,28,28,"1,000","1,352.00","1,352,000.00"
2020-08-12,2020081201019349,NLIC,34,55,189,"1,353.00","255,717.00"
2020-08-12,2020081201019287,NLIC,19,55,72,"1,354.00","97,488.00"
2020-08-12,2020081201019286,NLIC,48,55,10,"1,354.00","13,540.00"
2020-08-12,2020081201019285,NLIC,26,55,229,"1,354.00","310,066.00"
2020-08-12,2020081201019493,NLIC,16,28,100,"1,353.00","135,300.00"
2020-08-12,2020081201019492,NLIC,34,28,500,"1,353.00","676,500.00"
2020-08-12,2020081201019491,NLIC,45,28,100,"1,353.00","135,300.00"
2020-08-12,2020081201019490,NLIC,55,28,500,"1,353.00","676,500.00"
2020-08-12,2020081201019489,NLIC,34,28,711,"1,353.00","961,983.00"
2020-08-12,2020081201019399,NLIC,34,29,100,"1,353.00","135,300.00"
2020-08-12,2020081201019600,NMB,21,11,20,427.00,"8,540.00"
2020-08-12,2020081201019443,NMB,21,46,85,427.00,"36,295.00"
2020-08-12,2020081201019414,NMB,21,19,200,427.00,"85,400.00"
2020-08-12,2020081201019381,NMB,8,8,1,419.00,419.00
2020-08-12,2020081201019377,NMB,21,45,50,427.00,"21,350.00"
2020-08-12,2020081201019322,NMB,21,11,40,427.00,"17,080.00"
2020-08-12,2020081201019265,NMB,21,16,35,427.00,"14,945.00"
2020-08-12,2020081201019579,NMBMF,50,28,30,720.00,"21,600.00"
2020-08-12,2020081201019578,NMBMF,42,28,50,720.00,"36,000.00"
2020-08-12,2020081201019577,NMBMF,13,28,200,720.00,"144,000.00"
2020-08-12,2020081201019576,NMBMF,57,28,44,720.00,"31,680.00"
2020-08-12,2020081201019563,NMBMF,38,25,40,728.00,"29,120.00"
2020-08-12,2020081201019562,NMBMF,38,7,50,728.00,"36,400.00"
2020-08-12,2020081201019334,NMBMF,22,35,90,723.00,"65,070.00"
2020-08-12,2020081201019220,NMBMF,22,17,30,723.00,"21,690.00"
2020-08-12,2020081201019506,NMBMF,38,34,50,726.00,"36,300.00"
2020-08-12,2020081201019371,NMBMF,57,36,56,720.00,"40,320.00"
2020-08-12,2020081201019370,NMBMF,37,36,20,720.00,"14,400.00"
2020-08-12,2020081201019369,NMBMF,48,36,50,721.00,"36,050.00"
2020-08-12,2020081201019368,NMBMF,37,36,38,721.00,"27,398.00"
2020-08-12,2020081201019367,NMBMF,49,36,36,722.00,"25,992.00"
2020-08-12,2020081201019416,NMFBS,46,33,30,"1,590.00","47,700.00"
2020-08-12,2020081201019415,NMFBS,57,33,20,"1,590.00","31,800.00"
2020-08-12,2020081201019709,NRIC,33,18,40,585.00,"23,400.00"
2020-08-12,2020081201019683,NRIC,33,58,40,585.00,"23,400.00"
2020-08-12,2020081201019674,NRIC,33,7,117,585.00,"68,445.00"
2020-08-12,2020081201019673,NRIC,50,7,153,585.00,"89,505.00"
2020-08-12,2020081201019672,NRIC,56,7,"1,000",585.00,"585,000.00"
2020-08-12,2020081201019671,NRIC,39,7,130,585.00,"76,050.00"
2020-08-12,2020081201019299,NRIC,59,40,20,586.00,"11,720.00"
2020-08-12,2020081201019284,NRIC,59,1,40,586.00,"23,440.00"
2020-08-12,2020081201019272,NRIC,59,44,40,586.00,"23,440.00"
2020-08-12,2020081201019241,NRIC,59,16,50,586.00,"29,300.00"
2020-08-12,2020081201019225,NRIC,59,10,30,586.00,"17,580.00"
2020-08-12,2020081201019393,NRIC,42,11,50,586.00,"29,300.00"
2020-08-12,2020081201019352,NRIC,42,51,40,586.00,"23,440.00"
2020-08-12,2020081201019348,NRIC,42,16,10,586.00,"5,860.00"
2020-08-12,2020081201019347,NRIC,59,16,30,586.00,"17,580.00"
2020-08-12,2020081201019335,NRIC,59,42,10,586.00,"5,860.00"
2020-08-12,2020081201019300,NRIC,59,39,40,586.00,"23,440.00"
2020-08-12,2020081201019519,NRIC,39,40,10,585.00,"5,850.00"
2020-08-12,2020081201019512,NRIC,39,51,40,585.00,"23,400.00"
2020-08-12,2020081201019432,NRIC,38,51,500,586.00,"293,000.00"
2020-08-12,2020081201019431,NRIC,42,51,370,586.00,"216,820.00"
2020-08-12,2020081201019420,NRIC,42,42,20,586.00,"11,720.00"
2020-08-12,2020081201019412,NRIC,42,40,10,586.00,"5,860.00"
2020-08-12,2020081201019662,NRIC,48,55,11,586.00,"6,446.00"
2020-08-12,2020081201019661,NRIC,48,17,50,586.00,"29,300.00"
2020-08-12,2020081201019660,NRIC,48,43,40,586.00,"23,440.00"
2020-08-12,2020081201019659,NRIC,48,51,389,586.00,"227,954.00"
2020-08-12,2020081201019635,NRIC,39,18,40,585.00,"23,400.00"
2020-08-12,2020081201019605,NRIC,39,40,10,585.00,"5,850.00"
2020-08-12,2020081201019670,NRIC,56,7,100,585.00,"58,500.00"
2020-08-12,2020081201019669,NRIC,45,28,381,587.00,"223,647.00"
2020-08-12,2020081201019668,NRIC,45,4,40,587.00,"23,480.00"
2020-08-12,2020081201019667,NRIC,45,14,150,587.00,"88,050.00"
2020-08-12,2020081201019666,NRIC,45,55,29,586.00,"16,994.00"
2020-08-12,2020081201019663,NRIC,39,18,40,585.00,"23,400.00"
2020-08-12,2020081201019419,NTC,44,38,27,666.00,"17,982.00"
2020-08-12,2020081201019418,NTC,44,5,93,665.00,"61,845.00"
2020-08-12,2020081201019380,NTC,45,51,100,664.00,"66,400.00"
2020-08-12,2020081201019271,NTC,47,5,43,665.00,"28,595.00"
2020-08-12,2020081201019694,NUBL,45,8,500,972.00,"486,000.00"
2020-08-12,2020081201019693,NUBL,35,8,100,972.00,"97,200.00"
2020-08-12,2020081201019566,NUBL,45,8,500,975.00,"487,500.00"
2020-08-12,2020081201019565,NUBL,45,52,100,974.00,"97,400.00"
2020-08-12,2020081201019401,NUBL,43,8,50,973.00,"48,650.00"
2020-08-12,2020081201019400,NUBL,10,8,100,973.00,"97,300.00"
2020-08-12,2020081201019319,NUBL,35,8,100,974.00,"97,400.00"
2020-08-12,2020081201019484,OHL,38,17,150,350.00,"52,500.00"
2020-08-12,2020081201019445,OHL,38,18,200,350.00,"70,000.00"
2020-08-12,2020081201019357,OHL,38,44,70,350.00,"24,500.00"
2020-08-12,2020081201019356,OHL,18,44,30,350.00,"10,500.00"
2020-08-12,2020081201019230,OHL,6,38,16,355.00,"5,680.00"
2020-08-12,2020081201019229,OHL,6,16,44,355.00,"15,620.00"
2020-08-12,2020081201019603,PCBL,49,36,83,271.00,"22,493.00"
2020-08-12,2020081201019602,PCBL,25,36,62,271.00,"16,802.00"
2020-08-12,2020081201019358,PCBL,25,39,511,271.00,"138,481.00"
2020-08-12,2020081201019583,PIC,18,43,20,646.00,"12,920.00"
2020-08-12,2020081201019398,PIC,17,41,200,650.00,"130,000.00"
2020-08-12,2020081201019500,PICL,26,47,75,477.00,"35,775.00"
2020-08-12,2020081201019499,PICL,26,47,55,477.00,"26,235.00"
2020-08-12,2020081201019423,PICL,55,47,100,478.00,"47,800.00"
2020-08-12,2020081201019422,PICL,55,47,150,478.00,"71,700.00"
2020-08-12,2020081201019705,PRIN,34,48,200,507.00,"101,400.00"
2020-08-12,2020081201019704,PRIN,45,48,11,507.00,"5,577.00"
2020-08-12,2020081201019584,PRIN,45,16,14,507.00,"7,098.00"
2020-08-12,2020081201019548,PRIN,51,57,965,508.00,"490,220.00"
2020-08-12,2020081201019547,PRIN,51,53,10,508.00,"5,080.00"
2020-08-12,2020081201019546,PRIN,51,13,25,507.00,"12,675.00"
2020-08-12,2020081201019461,PRIN,45,33,165,507.00,"83,655.00"
2020-08-12,2020081201019289,PRIN,44,48,100,506.00,"50,600.00"
2020-08-12,2020081201019719,PROFL,10,7,825,106.00,"87,450.00"
2020-08-12,2020081201019606,PRVU,8,8,1,230.00,230.00
2020-08-12,2020081201019541,PRVU,45,8,10,234.00,"2,340.00"
2020-08-12,2020081201019540,PRVU,14,8,22,234.00,"5,148.00"
2020-08-12,2020081201019560,RHPC,49,52,99,84.00,"8,316.00"
2020-08-12,2020081201019675,RHPL,34,48,10,150.00,"1,500.00"
2020-08-12,2020081201019340,RHPL,34,48,10,150.00,"1,500.00"
2020-08-12,2020081201019281,RHPL,34,48,10,150.00,"1,500.00"
2020-08-12,2020081201019361,RSDC,25,11,21,499.00,"10,479.00"
2020-08-12,2020081201019718,SAEF,49,47,"7,000",9.90,"69,300.00"
2020-08-12,2020081201019717,SAEF,26,47,"5,000",9.97,"49,850.00"
2020-08-12,2020081201019710,SAND2085,58,6,20,"1,011.00","20,220.00"
2020-08-12,2020081201019656,SAND2085,42,6,30,"1,015.00","30,450.00"
2020-08-12,2020081201019708,SANIMA,44,44,100,350.00,"35,000.00"
2020-08-12,2020081201019425,SBI,58,11,24,431.00,"10,344.00"
2020-08-12,2020081201019650,SBL,58,14,237,298.00,"70,626.00"
2020-08-12,2020081201019648,SCB,6,29,22,660.00,"14,520.00"
2020-08-12,2020081201019614,SCB,35,57,120,658.00,"78,960.00"
2020-08-12,2020081201019360,SCB,33,29,12,660.00,"7,920.00"
2020-08-12,2020081201019328,SDESI,48,22,11,808.00,"8,888.00"
2020-08-12,2020081201019327,SDESI,5,22,22,808.00,"17,776.00"
2020-08-12,2020081201019692,SHIVM,45,38,186,586.00,"108,996.00"
2020-08-12,2020081201019691,SHIVM,46,38,14,587.00,"8,218.00"
2020-08-12,2020081201019609,SHIVM,46,16,86,587.00,"50,482.00"
2020-08-12,2020081201019608,SHIVM,45,16,505,587.00,"296,435.00"
2020-08-12,2020081201019520,SHIVM,43,38,100,588.00,"58,800.00"
2020-08-12,2020081201019687,SHPC,45,34,500,233.00,"116,500.00"
2020-08-12,2020081201019607,SHPC,20,34,20,233.00,"4,660.00"
2020-08-12,2020081201019406,SHPC,47,57,120,232.00,"27,840.00"
2020-08-12,2020081201019405,SHPC,47,57,78,232.00,"18,096.00"
2020-08-12,2020081201019397,SHPC,47,34,125,233.00,"29,125.00"
2020-08-12,2020081201019323,SHPC,49,34,140,233.00,"32,620.00"
2020-08-12,2020081201019321,SHPC,43,34,100,233.00,"23,300.00"
2020-08-12,2020081201019320,SHPC,17,34,"1,000",233.00,"233,000.00"
2020-08-12,2020081201019632,SIC,55,58,101,734.00,"74,134.00"
2020-08-12,2020081201019631,SIC,34,58,25,735.00,"18,375.00"
2020-08-12,2020081201019630,SIC,34,58,200,735.00,"147,000.00"
2020-08-12,2020081201019629,SIC,47,58,16,735.00,"11,760.00"
2020-08-12,2020081201019628,SIC,47,58,11,735.00,"8,085.00"
2020-08-12,2020081201019627,SIC,47,58,90,735.00,"66,150.00"
2020-08-12,2020081201019620,SIC,47,58,50,738.00,"36,900.00"
2020-08-12,2020081201019619,SIC,47,58,20,738.00,"14,760.00"
2020-08-12,2020081201019444,SIC,47,6,20,739.00,"14,780.00"
2020-08-12,2020081201019626,SIC,47,58,62,735.00,"45,570.00"
2020-08-12,2020081201019625,SIC,14,58,120,736.00,"88,320.00"
2020-08-12,2020081201019624,SIC,53,58,200,737.00,"147,400.00"
2020-08-12,2020081201019623,SIC,47,58,70,737.00,"51,590.00"
2020-08-12,2020081201019622,SIC,47,58,20,737.00,"14,740.00"
2020-08-12,2020081201019621,SIC,47,58,15,738.00,"11,070.00"
2020-08-12,2020081201019538,SICL,6,56,70,"1,248.00","87,360.00"
2020-08-12,2020081201019297,SICL,6,42,200,"1,250.00","250,000.00"
2020-08-12,2020081201019296,SICL,6,49,70,"1,250.00","87,500.00"
2020-08-12,2020081201019295,SICL,6,45,100,"1,249.00","124,900.00"
2020-08-12,2020081201019586,SIL,47,5,100,623.00,"62,300.00"
2020-08-12,2020081201019237,SIL,3,11,336,625.00,"210,000.00"
2020-08-12,2020081201019642,SJCL,28,48,10,137.00,"1,370.00"
2020-08-12,2020081201019365,SJCL,28,48,10,137.00,"1,370.00"
2020-08-12,2020081201019244,SJCL,28,48,10,137.00,"1,370.00"
2020-08-12,2020081201019574,SKBBL,4,39,50,"1,265.00","63,250.00"
2020-08-12,2020081201019633,SLBS,29,29,1,932.00,932.00
2020-08-12,2020081201019585,SLBSL,33,52,10,810.00,"8,100.00"
2020-08-12,2020081201019454,SLBSL,33,22,10,810.00,"8,100.00"
2020-08-12,2020081201019228,SLBSL,33,17,10,810.00,"8,100.00"
2020-08-12,2020081201019703,SLICL,45,38,379,456.00,"172,824.00"
2020-08-12,2020081201019702,SLICL,45,14,200,456.00,"91,200.00"
2020-08-12,2020081201019701,SLICL,45,39,121,455.00,"55,055.00"
2020-08-12,2020081201019570,SLICL,46,39,165,455.00,"75,075.00"
2020-08-12,2020081201019569,SLICL,29,39,84,455.00,"38,220.00"
2020-08-12,2020081201019712,SMB,57,58,10,856.00,"8,560.00"
2020-08-12,2020081201019252,SMB,34,52,10,841.00,"8,410.00"
2020-08-12,2020081201019359,SMFBS,49,1,10,900.00,"9,000.00"
2020-08-12,2020081201019232,SPARS,47,51,11,841.00,"9,251.00"
2020-08-12,2020081201019311,SPDL,40,52,15,97.00,"1,455.00"
2020-08-12,2020081201019375,SWBBL,32,25,16,"1,210.00","19,360.00"
2020-08-12,2020081201019374,SWBBL,35,25,10,"1,210.00","12,100.00"
2020-08-12,2020081201019545,TRH,5,32,55,210.00,"11,550.00"
2020-08-12,2020081201019544,TRH,56,32,30,210.00,"6,300.00"
2020-08-12,2020081201019543,TRH,47,32,200,210.00,"42,000.00"
2020-08-12,2020081201019542,TRH,36,32,75,210.00,"15,750.00"
2020-08-12,2020081201019474,UIC,42,57,289,417.00,"120,513.00"
2020-08-12,2020081201019473,UIC,42,19,100,417.00,"41,700.00"
2020-08-12,2020081201019472,UIC,42,57,300,417.00,"125,100.00"
2020-08-12,2020081201019471,UIC,42,53,221,416.00,"91,936.00"
2020-08-12,2020081201019470,UIC,42,38,90,416.00,"37,440.00"
2020-08-12,2020081201019452,UIC,58,16,107,415.00,"44,405.00"
2020-08-12,2020081201019332,UIC,42,38,10,416.00,"4,160.00"
2020-08-12,2020081201019268,UIC,42,7,50,416.00,"20,800.00"
2020-08-12,2020081201019240,UIC,58,48,400,415.00,"166,000.00"
2020-08-12,2020081201019376,UPCL,13,51,50,70.00,"3,500.00"
2020-08-12,2020081201019658,UPPER,52,52,40,224.00,"8,960.00"
2020-08-12,2020081201019511,UPPER,44,6,50,225.00,"11,250.00"
2020-08-12,2020081201019510,UPPER,44,58,80,225.00,"18,000.00"
2020-08-12,2020081201019256,UPPER,29,14,90,225.00,"20,250.00"
2020-08-12,2020081201019462,UPPER,44,51,145,226.00,"32,770.00"
2020-08-12,2020081201019379,UPPER,52,52,50,224.00,"11,200.00"
2020-08-12,2020081201019351,UPPER,49,51,378,226.00,"85,428.00"
2020-08-12,2020081201019350,UPPER,49,32,62,225.00,"13,950.00"
2020-08-12,2020081201019257,UPPER,29,32,10,225.00,"2,250.00"
2020-08-12,2020081201019468,UPPER,44,48,50,226.00,"11,300.00"
2020-08-12,2020081201019467,UPPER,44,32,40,226.00,"9,040.00"
2020-08-12,2020081201019466,UPPER,44,39,100,226.00,"22,600.00"
2020-08-12,2020081201019465,UPPER,44,57,150,226.00,"33,900.00"
2020-08-12,2020081201019464,UPPER,44,1,40,226.00,"9,040.00"
2020-08-12,2020081201019463,UPPER,44,57,219,226.00,"49,494.00"
2020-08-12,2020081201019161,ACLBSL,50,22,10,703.00,"7,030.00"
2020-08-12,2020081201018754,ACLBSL,58,17,30,703.00,"21,090.00"
2020-08-12,2020081201018852,ADBL,14,58,79,419.00,"33,101.00"
2020-08-12,2020081201019191,AIL,49,16,10,544.00,"5,440.00"
2020-08-12,2020081201019175,AIL,49,43,10,544.00,"5,440.00"
2020-08-12,2020081201019159,AIL,51,43,810,548.00,"443,880.00"
2020-08-12,2020081201019158,AIL,51,42,10,547.00,"5,470.00"
2020-08-12,2020081201019157,AIL,51,4,180,547.00,"98,460.00"
2020-08-12,2020081201019119,AIL,57,4,50,545.00,"27,250.00"
2020-08-12,2020081201018745,AIL,22,11,10,546.00,"5,460.00"
2020-08-12,2020081201018741,AIL,22,47,10,546.00,"5,460.00"
2020-08-12,2020081201018740,AIL,22,59,10,546.00,"5,460.00"
2020-08-12,2020081201018731,AIL,28,34,10,547.00,"5,470.00"
2020-08-12,2020081201018730,AIL,28,33,10,547.00,"5,470.00"
2020-08-12,2020081201018729,AIL,28,6,10,547.00,"5,470.00"
2020-08-12,2020081201018869,AIL,22,36,10,546.00,"5,460.00"
2020-08-12,2020081201018836,AIL,22,58,10,546.00,"5,460.00"
2020-08-12,2020081201018811,AIL,22,36,10,546.00,"5,460.00"
2020-08-12,2020081201018798,AIL,41,41,10,547.00,"5,470.00"
2020-08-12,2020081201018782,AIL,41,33,10,547.00,"5,470.00"
2020-08-12,2020081201018759,AIL,22,17,10,546.00,"5,460.00"
2020-08-12,2020081201018925,AIL,58,46,10,547.00,"5,470.00"
2020-08-12,2020081201018922,AIL,22,58,10,546.00,"5,460.00"
2020-08-12,2020081201018883,AIL,22,58,10,546.00,"5,460.00"
2020-08-12,2020081201018882,AIL,22,16,10,546.00,"5,460.00"
2020-08-12,2020081201018878,AIL,22,47,10,546.00,"5,460.00"
2020-08-12,2020081201018875,AIL,22,44,10,546.00,"5,460.00"
2020-08-12,2020081201019035,AIL,43,47,10,547.00,"5,470.00"
2020-08-12,2020081201018969,AIL,22,47,10,546.00,"5,460.00"
2020-08-12,2020081201018968,AIL,22,11,10,546.00,"5,460.00"
2020-08-12,2020081201018956,AIL,22,26,10,546.00,"5,460.00"
2020-08-12,2020081201018951,AIL,22,58,10,546.00,"5,460.00"
2020-08-12,2020081201018946,AIL,22,10,10,546.00,"5,460.00"
2020-08-12,2020081201019075,AIL,43,41,10,547.00,"5,470.00"
2020-08-12,2020081201019058,AIL,43,39,10,547.00,"5,470.00"
2020-08-12,2020081201019054,AIL,28,43,20,548.00,"10,960.00"
2020-08-12,2020081201019050,AIL,43,58,10,547.00,"5,470.00"
2020-08-12,2020081201019049,AIL,43,41,10,547.00,"5,470.00"
2020-08-12,2020081201019036,AIL,43,55,10,547.00,"5,470.00"
2020-08-12,2020081201019100,AIL,13,4,200,546.00,"109,200.00"
2020-08-12,2020081201019099,AIL,22,4,350,546.00,"191,100.00"
2020-08-12,2020081201019098,AIL,38,4,30,547.00,"16,410.00"
2020-08-12,2020081201019097,AIL,44,4,20,547.00,"10,940.00"
2020-08-12,2020081201019096,AIL,43,4,30,547.00,"16,410.00"
2020-08-12,2020081201019078,AIL,43,21,10,547.00,"5,470.00"
2020-08-12,2020081201019106,AIL,49,4,100,545.00,"54,500.00"
2020-08-12,2020081201019105,AIL,55,4,100,545.00,"54,500.00"
2020-08-12,2020081201019104,AIL,28,4,360,545.00,"196,200.00"
2020-08-12,2020081201019103,AIL,17,4,50,546.00,"27,300.00"
2020-08-12,2020081201019102,AIL,38,4,500,546.00,"273,000.00"
2020-08-12,2020081201019101,AIL,34,4,10,546.00,"5,460.00"
2020-08-12,2020081201019112,AIL,50,4,20,545.00,"10,900.00"
2020-08-12,2020081201019111,AIL,7,4,20,545.00,"10,900.00"
2020-08-12,2020081201019110,AIL,50,4,10,545.00,"5,450.00"
2020-08-12,2020081201019109,AIL,44,4,10,545.00,"5,450.00"
2020-08-12,2020081201019108,AIL,6,4,10,545.00,"5,450.00"
2020-08-12,2020081201019107,AIL,11,4,20,545.00,"10,900.00"
2020-08-12,2020081201019118,AIL,56,4,100,545.00,"54,500.00"
2020-08-12,2020081201019117,AIL,57,4,200,545.00,"109,000.00"
2020-08-12,2020081201019116,AIL,51,4,20,545.00,"10,900.00"
2020-08-12,2020081201019115,AIL,8,4,10,545.00,"5,450.00"
2020-08-12,2020081201019114,AIL,36,4,500,545.00,"272,500.00"
2020-08-12,2020081201019113,AIL,38,4,100,545.00,"54,500.00"
2020-08-12,2020081201018881,AKJCL,28,43,20,51.00,"1,020.00"
2020-08-12,2020081201018870,AKJCL,28,45,20,51.00,"1,020.00"
2020-08-12,2020081201019008,AKPL,29,40,"1,000",114.00,"114,000.00"
2020-08-12,2020081201019007,AKPL,42,40,"1,000",114.00,"114,000.00"
2020-08-12,2020081201019006,AKPL,37,40,600,114.00,"68,400.00"
2020-08-12,2020081201019005,AKPL,43,40,400,114.00,"45,600.00"
2020-08-12,2020081201018931,AKPL,11,40,500,115.00,"57,500.00"
2020-08-12,2020081201019187,ALICL,26,55,325,639.00,"207,675.00"
2020-08-12,2020081201019186,ALICL,20,55,100,640.00,"64,000.00"
2020-08-12,2020081201019138,ALICL,29,29,7,635.00,"4,445.00"
2020-08-12,2020081201018853,BOKL,10,16,100,227.00,"22,700.00"
2020-08-12,2020081201018771,BOKL,33,16,10,227.00,"2,270.00"
2020-08-12,2020081201018732,BOKL,32,19,"3,000",226.00,"678,000.00"
2020-08-12,2020081201019133,CCBL,56,57,40,177.00,"7,080.00"
2020-08-12,2020081201019132,CCBL,25,57,100,177.00,"17,700.00"
2020-08-12,2020081201019131,CCBL,49,57,200,177.00,"35,400.00"
2020-08-12,2020081201019130,CCBL,10,57,300,177.00,"53,100.00"
2020-08-12,2020081201019129,CCBL,4,57,359,177.00,"63,543.00"
2020-08-12,2020081201019091,CCBL,4,17,816,177.00,"144,432.00"
2020-08-12,2020081201019090,CCBL,18,17,10,177.00,"1,770.00"
2020-08-12,2020081201019089,CCBL,34,17,10,177.00,"1,770.00"
2020-08-12,2020081201019088,CCBL,40,17,164,177.00,"29,028.00"
2020-08-12,2020081201019192,CHCL,4,26,200,399.00,"79,800.00"
2020-08-12,2020081201018818,CHCL,4,10,130,399.00,"51,870.00"
2020-08-12,2020081201019185,CIT,25,52,15,"2,600.00","39,000.00"
2020-08-12,2020081201019165,CLBSL,39,16,10,680.00,"6,800.00"
2020-08-12,2020081201018980,CZBIL,17,33,88,202.00,"17,776.00"
2020-08-12,2020081201018979,CZBIL,17,42,412,202.00,"83,224.00"
2020-08-12,2020081201018976,CZBIL,58,38,10,201.00,"2,010.00"
2020-08-12,2020081201019023,DDBL,41,25,30,846.00,"25,380.00"
2020-08-12,2020081201019022,DDBL,3,25,10,846.00,"8,460.00"
2020-08-12,2020081201019217,EBL,57,16,15,727.00,"10,905.00"
2020-08-12,2020081201018831,EBL,41,57,100,726.00,"72,600.00"
2020-08-12,2020081201018830,EBL,29,57,500,727.00,"363,500.00"
2020-08-12,2020081201018829,EBL,6,57,50,727.00,"36,350.00"
2020-08-12,2020081201018833,EBL,35,57,74,726.00,"53,724.00"
2020-08-12,2020081201018832,EBL,26,57,50,726.00,"36,300.00"
2020-08-12,2020081201019216,EIC,8,26,40,446.00,"17,840.00"
2020-08-12,2020081201019190,EIC,49,53,30,447.00,"13,410.00"
2020-08-12,2020081201019085,EIC,29,53,20,447.00,"8,940.00"
2020-08-12,2020081201019051,EIC,42,22,50,448.00,"22,400.00"
2020-08-12,2020081201019021,EIC,29,59,30,447.00,"13,410.00"
2020-08-12,2020081201018802,EIC,6,28,190,449.00,"85,310.00"
2020-08-12,2020081201018801,EIC,6,16,10,449.00,"4,490.00"
2020-08-12,2020081201019194,FMDBL,52,29,20,525.00,"10,500.00"
2020-08-12,2020081201018949,FMDBL,19,48,50,526.00,"26,300.00"
2020-08-12,2020081201018948,FMDBL,19,41,474,526.00,"249,324.00"
2020-08-12,2020081201019197,GBBL,11,10,23,240.00,"5,520.00"
2020-08-12,2020081201018960,GBBL,21,10,396,240.00,"95,040.00"
2020-08-12,2020081201019084,GBIME,44,28,100,256.00,"25,600.00"
2020-08-12,2020081201019019,GBIME,45,28,50,256.00,"12,800.00"
2020-08-12,2020081201018974,GBIME,35,22,500,255.00,"127,500.00"
2020-08-12,2020081201018902,GBIME,35,10,325,255.00,"82,875.00"
2020-08-12,2020081201018901,GBIME,47,10,12,255.00,"3,060.00"
2020-08-12,2020081201018900,GBIME,11,10,198,255.00,"50,490.00"
2020-08-12,2020081201018850,GBIME,53,28,100,256.00,"25,600.00"
2020-08-12,2020081201018835,GBIME,17,28,500,256.00,"128,000.00"
2020-08-12,2020081201018720,GBIME,47,16,38,255.00,"9,690.00"
2020-08-12,2020081201019146,GBLBS,25,25,345,485.00,"167,325.00"
2020-08-12,2020081201019145,GBLBS,17,25,500,485.00,"242,500.00"
2020-08-12,2020081201019144,GBLBS,58,25,50,485.00,"24,250.00"
2020-08-12,2020081201019143,GBLBS,10,25,"1,070",486.00,"520,020.00"
2020-08-12,2020081201019142,GBLBS,44,25,35,487.00,"17,045.00"
2020-08-12,2020081201019020,GBLBS,44,43,15,487.00,"7,305.00"
2020-08-12,2020081201019141,GGBSL,45,43,10,822.00,"8,220.00"
