Date,Transact. No.,Symbol,Buyer,Seller,Quantity,Rate,Amount
2020-01-27,2020012701011041,ADBL,5,22,10,387.00,"3,870.00"
2020-01-27,2020012701011040,ADBL,5,28,310,385.00,"119,350.00"
2020-01-27,2020012701010969,AHPC,43,34,10,96.00,960.00
2020-01-27,2020012701011193,ALICL,52,57,100,520.00,"52,000.00"
2020-01-27,2020012701011134,ALICL,26,57,588,520.00,"305,760.00"
2020-01-27,2020012701011133,ALICL,26,5,200,520.00,"104,000.00"
2020-01-27,2020012701011132,ALICL,26,44,712,520.00,"370,240.00"
2020-01-27,2020012701010966,ALICL,50,8,"1,000",519.00,"519,000.00"
2020-01-27,2020012701010965,ALICL,50,48,500,518.00,"259,000.00"
2020-01-27,2020012701010828,API,25,33,100,118.00,"11,800.00"
2020-01-27,2020012701010827,API,25,7,500,117.00,"58,500.00"
2020-01-27,2020012701010826,API,25,33,900,116.00,"104,400.00"
2020-01-27,2020012701010775,API,34,33,400,116.00,"46,400.00"
2020-01-27,2020012701011093,BOKL,25,45,10,235.00,"2,350.00"
2020-01-27,2020012701011092,BOKL,25,11,50,232.00,"11,600.00"
2020-01-27,2020012701010822,BPCL,7,45,11,322.00,"3,542.00"
2020-01-27,2020012701010821,BPCL,7,17,684,322.00,"220,248.00"
2020-01-27,2020012701010782,CBBL,43,39,350,904.00,"316,400.00"
2020-01-27,2020012701010781,CBBL,43,42,50,903.00,"45,150.00"
2020-01-27,2020012701011150,CBL,32,17,350,145.00,"50,750.00"
2020-01-27,2020012701011044,CBL,41,41,10,146.00,"1,460.00"
2020-01-27,2020012701010844,CBL,42,41,65,146.00,"9,490.00"
2020-01-27,2020012701010843,CBL,42,41,335,146.00,"48,910.00"
2020-01-27,2020012701010853,CCBL,51,17,53,181.00,"9,593.00"
2020-01-27,2020012701010852,CCBL,40,17,200,181.00,"36,200.00"
2020-01-27,2020012701010851,CCBL,33,17,103,182.00,"18,746.00"
2020-01-27,2020012701010724,CCBL,37,39,396,183.00,"72,468.00"
2020-01-27,2020012701011113,CHCL,3,56,10,420.00,"4,200.00"
2020-01-27,2020012701010929,CIT,1,22,100,"2,193.00","219,300.00"
2020-01-27,2020012701010807,CIT,51,13,75,"2,192.00","164,400.00"
2020-01-27,2020012701010783,CIT,39,13,25,"2,192.00","54,800.00"
2020-01-27,2020012701010766,CZBIL,22,14,288,192.00,"55,296.00"
2020-01-27,2020012701010765,CZBIL,17,14,100,192.00,"19,200.00"
2020-01-27,2020012701010764,CZBIL,34,14,112,192.00,"21,504.00"
2020-01-27,2020012701010754,CZBIL,49,42,500,194.00,"97,000.00"
2020-01-27,2020012701010753,CZBIL,49,38,500,194.00,"97,000.00"
2020-01-27,2020012701010719,CZBIL,34,6,75,192.00,"14,400.00"
2020-01-27,2020012701010713,CZBIL,21,6,200,193.00,"38,600.00"
2020-01-27,2020012701011185,DDBL,25,6,500,805.00,"402,500.00"
2020-01-27,2020012701011184,DDBL,41,6,50,805.00,"40,250.00"
2020-01-27,2020012701011148,DDBL,58,6,10,806.00,"8,060.00"
2020-01-27,2020012701011091,DDBL,5,6,10,806.00,"8,060.00"
2020-01-27,2020012701011082,DDBL,36,6,30,806.00,"24,180.00"
2020-01-27,2020012701011001,DDBL,25,6,100,806.00,"80,600.00"
2020-01-27,2020012701010817,DDBL,44,6,50,805.00,"40,250.00"
2020-01-27,2020012701010809,DDBL,7,6,100,805.00,"80,500.00"
2020-01-27,2020012701010803,DDBL,44,6,200,805.00,"161,000.00"
2020-01-27,2020012701010786,DDBL,22,6,500,805.00,"402,500.00"
2020-01-27,2020012701010768,DDBL,55,48,90,803.00,"72,270.00"
2020-01-27,2020012701010767,DDBL,45,48,10,804.00,"8,040.00"
2020-01-27,2020012701011192,EIC,5,55,160,344.00,"55,040.00"
2020-01-27,2020012701011191,EIC,5,38,50,343.00,"17,150.00"
2020-01-27,2020012701011043,FMDBL,49,57,52,427.00,"22,204.00"
2020-01-27,2020012701010994,FMDBL,49,42,100,427.00,"42,700.00"
2020-01-27,2020012701010993,FMDBL,49,7,52,427.00,"22,204.00"
2020-01-27,2020012701010992,FMDBL,49,47,"1,000",426.00,"426,000.00"
2020-01-27,2020012701010991,FMDBL,49,53,500,425.00,"212,500.00"
2020-01-27,2020012701010990,FMDBL,49,43,200,425.00,"85,000.00"
2020-01-27,2020012701010845,FMDBL,34,42,200,423.00,"84,600.00"
2020-01-27,2020012701010801,FMDBL,36,57,200,421.00,"84,200.00"
2020-01-27,2020012701010983,FMDBL,49,42,100,425.00,"42,500.00"
2020-01-27,2020012701010982,FMDBL,49,14,32,425.00,"13,600.00"
2020-01-27,2020012701010981,FMDBL,49,36,200,424.00,"84,800.00"
2020-01-27,2020012701010980,FMDBL,49,33,85,424.00,"36,040.00"
2020-01-27,2020012701010979,FMDBL,49,39,200,424.00,"84,800.00"
2020-01-27,2020012701010846,FMDBL,34,52,53,423.00,"22,419.00"
2020-01-27,2020012701010989,FMDBL,49,25,100,425.00,"42,500.00"
2020-01-27,2020012701010988,FMDBL,49,56,69,425.00,"29,325.00"
2020-01-27,2020012701010987,FMDBL,49,36,10,425.00,"4,250.00"
2020-01-27,2020012701010986,FMDBL,49,49,791,425.00,"336,175.00"
2020-01-27,2020012701010985,FMDBL,49,20,200,425.00,"85,000.00"
2020-01-27,2020012701010984,FMDBL,49,6,309,425.00,"131,325.00"
2020-01-27,2020012701011038,FOWAD,17,22,35,"1,230.00","43,050.00"
2020-01-27,2020012701011037,FOWAD,17,39,609,"1,230.00","749,070.00"
2020-01-27,2020012701011036,FOWAD,17,49,250,"1,230.00","307,500.00"
2020-01-27,2020012701011035,FOWAD,17,33,19,"1,229.00","23,351.00"
2020-01-27,2020012701011034,FOWAD,17,39,60,"1,229.00","73,740.00"
2020-01-27,2020012701011144,GBIME,28,5,491,295.00,"144,845.00"
2020-01-27,2020012701011143,GBIME,28,4,"1,000",295.00,"295,000.00"
2020-01-27,2020012701011142,GBIME,28,21,500,295.00,"147,500.00"
2020-01-27,2020012701011141,GBIME,28,39,"1,509",295.00,"445,155.00"
2020-01-27,2020012701011080,GBIME,49,39,991,295.00,"292,345.00"
2020-01-27,2020012701011079,GBIME,49,43,500,295.00,"147,500.00"
2020-01-27,2020012701010723,GBIME,40,59,500,294.00,"147,000.00"
2020-01-27,2020012701010722,GBIME,40,56,435,294.00,"127,890.00"
2020-01-27,2020012701010721,GBIME,40,40,136,294.00,"39,984.00"
2020-01-27,2020012701010720,GBIME,44,40,100,294.00,"29,400.00"
2020-01-27,2020012701010938,GBIME,50,4,50,295.00,"14,750.00"
2020-01-27,2020012701010891,GBIME,40,59,100,294.00,"29,400.00"
2020-01-27,2020012701010882,GBIME,58,4,20,295.00,"5,900.00"
2020-01-27,2020012701010819,GBIME,40,4,100,294.00,"29,400.00"
2020-01-27,2020012701010795,GBIME,49,4,500,295.00,"147,500.00"
2020-01-27,2020012701010762,GBIME,41,4,100,295.00,"29,500.00"
2020-01-27,2020012701011063,GBIME,45,4,500,294.00,"147,000.00"
2020-01-27,2020012701011062,GBIME,40,4,251,294.00,"73,794.00"
2020-01-27,2020012701010975,GBIME,40,40,249,294.00,"73,206.00"
2020-01-27,2020012701010961,GBIME,59,49,385,295.00,"113,575.00"
2020-01-27,2020012701010960,GBIME,59,4,115,295.00,"33,925.00"
2020-01-27,2020012701010950,GBIME,40,34,229,294.00,"67,326.00"
2020-01-27,2020012701011072,GBIME,49,55,130,295.00,"38,350.00"
2020-01-27,2020012701011071,GBIME,49,32,427,295.00,"125,965.00"
2020-01-27,2020012701011070,GBIME,49,36,200,295.00,"59,000.00"
2020-01-27,2020012701011069,GBIME,49,49,115,295.00,"33,925.00"
2020-01-27,2020012701011065,GBIME,28,4,229,293.00,"67,097.00"
2020-01-27,2020012701011064,GBIME,59,4,20,294.00,"5,880.00"
2020-01-27,2020012701011078,GBIME,49,49,30,295.00,"8,850.00"
2020-01-27,2020012701011077,GBIME,49,56,20,295.00,"5,900.00"
2020-01-27,2020012701011076,GBIME,49,40,174,295.00,"51,330.00"
2020-01-27,2020012701011075,GBIME,49,37,13,295.00,"3,835.00"
2020-01-27,2020012701011074,GBIME,49,37,400,295.00,"118,000.00"
2020-01-27,2020012701011073,GBIME,49,26,"1,000",295.00,"295,000.00"
2020-01-27,2020012701011208,GBLBS,58,33,"1,275",445.00,"567,375.00"
2020-01-27,2020012701011182,GBLBS,38,47,195,444.00,"86,580.00"
2020-01-27,2020012701011156,GBLBS,38,33,500,445.00,"222,500.00"
2020-01-27,2020012701011137,GBLBS,49,33,200,445.00,"89,000.00"
2020-01-27,2020012701011123,GBLBS,38,10,85,444.00,"37,740.00"
2020-01-27,2020012701011122,GBLBS,44,10,50,444.00,"22,200.00"
2020-01-27,2020012701010815,GBLBS,50,57,400,445.00,"178,000.00"
2020-01-27,2020012701011015,GBLBS,34,36,300,445.00,"133,500.00"
2020-01-27,2020012701010971,GBLBS,34,44,990,445.00,"440,550.00"
2020-01-27,2020012701010967,GBLBS,22,44,10,445.00,"4,450.00"
2020-01-27,2020012701010919,GBLBS,22,57,90,445.00,"40,050.00"
2020-01-27,2020012701010913,GBLBS,58,57,10,445.00,"4,450.00"
2020-01-27,2020012701010840,GBLBS,39,47,35,444.00,"15,540.00"
2020-01-27,2020012701011121,GBLBS,46,10,865,444.00,"384,060.00"
2020-01-27,2020012701011119,GBLBS,13,33,15,445.00,"6,675.00"
2020-01-27,2020012701011053,GBLBS,46,52,135,444.00,"59,940.00"
2020-01-27,2020012701011052,GBLBS,39,52,165,444.00,"73,260.00"
2020-01-27,2020012701011019,GBLBS,34,33,10,445.00,"4,450.00"
2020-01-27,2020012701011016,GBLBS,34,52,700,445.00,"311,500.00"
2020-01-27,2020012701011190,GGBSL,25,58,100,865.00,"86,500.00"
2020-01-27,2020012701011081,GILB,55,33,53,"1,306.00","69,218.00"
2020-01-27,2020012701010962,GILB,38,7,33,"1,305.00","43,065.00"
2020-01-27,2020012701010842,GILB,7,38,100,"1,295.00","129,500.00"
2020-01-27,2020012701010841,GILB,17,38,100,"1,295.00","129,500.00"
2020-01-27,2020012701011149,GLICL,40,26,10,683.00,"6,830.00"
2020-01-27,2020012701010912,GLICL,6,6,230,680.00,"156,400.00"
2020-01-27,2020012701010825,GLICL,57,6,200,680.00,"136,000.00"
2020-01-27,2020012701010824,GLICL,6,6,500,680.00,"340,000.00"
2020-01-27,2020012701010823,GLICL,45,6,70,684.00,"47,880.00"
2020-01-27,2020012701010820,GLICL,45,34,200,686.00,"137,200.00"
2020-01-27,2020012701010784,GLICL,45,32,492,685.00,"337,020.00"
2020-01-27,2020012701010752,GLICL,45,58,430,684.00,"294,120.00"
2020-01-27,2020012701010970,GMFBS,14,43,10,773.00,"7,730.00"
2020-01-27,2020012701011164,HBL,5,45,10,514.00,"5,140.00"
2020-01-27,2020012701011112,HBL,34,1,152,510.00,"77,520.00"
2020-01-27,2020012701011197,HDL,48,55,20,"1,239.00","24,780.00"
2020-01-27,2020012701011196,HDL,48,58,125,"1,237.00","154,625.00"
2020-01-27,2020012701011139,HDL,50,8,20,"1,216.00","24,320.00"
2020-01-27,2020012701011110,HDL,45,8,10,"1,217.00","12,170.00"
2020-01-27,2020012701011108,HDL,57,8,100,"1,217.00","121,700.00"
2020-01-27,2020012701011107,HDL,36,8,235,"1,219.00","286,465.00"
2020-01-27,2020012701010746,HDL,26,29,50,"1,227.00","61,350.00"
2020-01-27,2020012701010745,HDL,39,29,100,"1,227.00","122,700.00"
2020-01-27,2020012701010744,HDL,44,29,20,"1,228.00","24,560.00"
2020-01-27,2020012701010837,HDL,38,33,50,"1,225.00","61,250.00"
2020-01-27,2020012701010836,HDL,25,33,70,"1,226.00","85,820.00"
2020-01-27,2020012701010750,HDL,34,33,100,"1,230.00","123,000.00"
2020-01-27,2020012701010749,HDL,25,29,30,"1,226.00","36,780.00"
2020-01-27,2020012701010748,HDL,38,29,30,"1,226.00","36,780.00"
2020-01-27,2020012701010747,HDL,45,29,50,"1,226.00","61,300.00"
2020-01-27,2020012701010896,HDL,41,53,25,"1,224.00","30,600.00"
2020-01-27,2020012701010895,HDL,34,53,100,"1,225.00","122,500.00"
2020-01-27,2020012701010894,HDL,10,53,300,"1,225.00","367,500.00"
2020-01-27,2020012701010893,HDL,57,53,50,"1,226.00","61,300.00"
2020-01-27,2020012701010839,HDL,10,33,200,"1,225.00","245,000.00"
2020-01-27,2020012701010838,HDL,54,33,40,"1,225.00","49,000.00"
2020-01-27,2020012701010902,HDL,10,53,500,"1,223.00","611,500.00"
2020-01-27,2020012701010901,HDL,55,53,300,"1,223.00","366,900.00"
2020-01-27,2020012701010900,HDL,48,53,20,"1,223.00","24,460.00"
2020-01-27,2020012701010899,HDL,29,53,50,"1,223.00","61,150.00"
2020-01-27,2020012701010898,HDL,39,53,50,"1,224.00","61,200.00"
2020-01-27,2020012701010897,HDL,6,53,100,"1,224.00","122,400.00"
2020-01-27,2020012701010908,HDL,50,53,100,"1,220.00","122,000.00"
2020-01-27,2020012701010907,HDL,11,53,50,"1,221.00","61,050.00"
2020-01-27,2020012701010906,HDL,1,53,30,"1,221.00","36,630.00"
2020-01-27,2020012701010905,HDL,50,53,100,"1,221.00","122,100.00"
2020-01-27,2020012701010904,HDL,56,53,50,"1,222.00","61,100.00"
2020-01-27,2020012701010903,HDL,22,53,40,"1,222.00","48,880.00"
2020-01-27,2020012701010944,HDL,25,53,50,"1,220.00","61,000.00"
2020-01-27,2020012701010943,HDL,48,53,"1,000","1,220.00","1,220,000.00"
2020-01-27,2020012701010942,HDL,50,53,101,"1,220.00","123,220.00"
2020-01-27,2020012701010941,HDL,50,53,50,"1,220.00","61,000.00"
2020-01-27,2020012701010940,HDL,10,53,65,"1,220.00","79,300.00"
2020-01-27,2020012701010909,HDL,10,53,135,"1,220.00","164,700.00"
2020-01-27,2020012701010964,HDL,40,53,50,"1,221.00","61,050.00"
2020-01-27,2020012701010963,HDL,51,53,75,"1,221.00","91,575.00"
2020-01-27,2020012701010948,HDL,50,53,200,"1,220.00","244,000.00"
2020-01-27,2020012701010947,HDL,50,53,100,"1,220.00","122,000.00"
2020-01-27,2020012701010946,HDL,55,53,50,"1,220.00","61,000.00"
2020-01-27,2020012701010945,HDL,57,53,10,"1,220.00","12,200.00"
2020-01-27,2020012701011106,HDL,39,8,30,"1,220.00","36,600.00"
2020-01-27,2020012701011105,HDL,14,8,100,"1,220.00","122,000.00"
2020-01-27,2020012701011104,HDL,45,8,10,"1,220.00","12,200.00"
2020-01-27,2020012701011103,HDL,40,8,100,"1,220.00","122,000.00"
2020-01-27,2020012701011102,HDL,44,8,20,"1,222.00","24,440.00"
2020-01-27,2020012701011020,HDL,13,33,70,"1,230.00","86,100.00"
2020-01-27,2020012701011088,HGI,45,44,54,362.00,"19,548.00"
2020-01-27,2020012701011087,HGI,36,44,446,362.00,"161,452.00"
2020-01-27,2020012701010949,HGI,36,44,500,362.00,"181,000.00"
2020-01-27,2020012701010936,HGI,36,29,40,362.00,"14,480.00"
2020-01-27,2020012701010935,HGI,36,11,14,362.00,"5,068.00"
2020-01-27,2020012701011124,HIDCL,45,5,500,136.00,"68,000.00"
2020-01-27,2020012701011166,IGI,40,8,353,389.00,"137,317.00"
2020-01-27,2020012701010973,IGI,50,8,100,389.00,"38,900.00"
2020-01-27,2020012701010712,ILBS,51,42,10,820.00,"8,200.00"
2020-01-27,2020012701010711,ILBS,51,45,50,819.00,"40,950.00"
2020-01-27,2020012701010710,ILBS,51,14,10,819.00,"8,190.00"
2020-01-27,2020012701011045,JBBL,16,56,500,180.00,"90,000.00"
2020-01-27,2020012701010794,JBBL,39,35,"1,000",178.00,"178,000.00"
2020-01-27,2020012701010793,JBBL,38,35,"1,000",178.00,"178,000.00"
2020-01-27,2020012701011181,JFL,42,17,10,180.00,"1,800.00"
2020-01-27,2020012701011028,KADBL,14,4,10,258.00,"2,580.00"
2020-01-27,2020012701011027,KADBL,14,38,10,255.00,"2,550.00"
2020-01-27,2020012701011153,KBL,25,52,20,194.00,"3,880.00"
2020-01-27,2020012701010934,KBL,45,33,244,191.00,"46,604.00"
2020-01-27,2020012701010933,KBL,36,33,"1,000",191.00,"191,000.00"
2020-01-27,2020012701010932,KBL,37,33,100,191.00,"19,100.00"
2020-01-27,2020012701010931,KBL,6,33,100,191.00,"19,100.00"
2020-01-27,2020012701010930,KBL,36,33,428,191.00,"81,748.00"
2020-01-27,2020012701010859,KBL,55,36,500,192.00,"96,000.00"
2020-01-27,2020012701010953,KKHC,34,41,10,54.00,540.00
2020-01-27,2020012701010952,KKHC,34,13,10,54.00,540.00
2020-01-27,2020012701011154,KPCL,42,39,10,89.00,890.00
2020-01-27,2020012701010998,KPCL,42,39,10,89.00,890.00
2020-01-27,2020012701010958,KSBBL,57,17,250,157.00,"39,250.00"
2020-01-27,2020012701011118,LBBL,57,8,370,192.00,"71,040.00"
2020-01-27,2020012701011009,LBL,32,34,135,208.00,"28,080.00"
2020-01-27,2020012701011158,LGIL,58,33,40,433.00,"17,320.00"
2020-01-27,2020012701011157,LGIL,40,28,49,432.00,"21,168.00"
2020-01-27,2020012701011084,LGIL,4,33,10,433.00,"4,330.00"
2020-01-27,2020012701011083,LGIL,4,1,990,433.00,"428,670.00"
2020-01-27,2020012701010858,LGIL,40,37,100,432.00,"43,200.00"
2020-01-27,2020012701010816,LGIL,40,1,351,432.00,"151,632.00"
2020-01-27,2020012701010877,LICN,46,14,71,"1,230.00","87,330.00"
2020-01-27,2020012701011033,MBL,56,22,800,234.00,"187,200.00"
2020-01-27,2020012701011067,MEGA,32,57,262,198.00,"51,876.00"
2020-01-27,2020012701010881,MEGA,48,43,20,199.00,"3,980.00"
2020-01-27,2020012701010879,MEGA,43,43,10,199.00,"1,990.00"
2020-01-27,2020012701010808,MEGA,32,22,500,198.00,"99,000.00"
2020-01-27,2020012701011140,MERO,52,56,50,639.00,"31,950.00"
2020-01-27,2020012701010918,MERO,45,49,100,643.00,"64,300.00"
2020-01-27,2020012701010886,MERO,34,56,10,649.00,"6,490.00"
2020-01-27,2020012701010885,MERO,34,58,50,643.00,"32,150.00"
2020-01-27,2020012701010884,MERO,34,25,50,643.00,"32,150.00"
2020-01-27,2020012701010810,MERO,52,56,100,639.00,"63,900.00"
2020-01-27,2020012701010742,MERO,16,43,25,640.00,"16,000.00"
2020-01-27,2020012701010741,MERO,16,35,89,639.00,"56,871.00"
2020-01-27,2020012701010740,MERO,16,38,65,638.00,"41,470.00"
2020-01-27,2020012701010739,MERO,16,7,16,637.00,"10,192.00"
2020-01-27,2020012701010863,MERO,34,34,20,643.00,"12,860.00"
2020-01-27,2020012701010862,MERO,34,38,33,643.00,"21,219.00"
2020-01-27,2020012701010861,MERO,34,1,110,642.00,"70,620.00"
2020-01-27,2020012701010831,MERO,16,37,30,640.00,"19,200.00"
2020-01-27,2020012701010830,MERO,16,43,50,640.00,"32,000.00"
2020-01-27,2020012701010829,MERO,16,49,20,640.00,"12,800.00"
2020-01-27,2020012701011152,MFIL,16,56,200,196.00,"39,200.00"
2020-01-27,2020012701011151,MFIL,47,56,100,196.00,"19,600.00"
2020-01-27,2020012701011056,MFIL,7,56,105,197.00,"20,685.00"
2020-01-27,2020012701011055,MFIL,49,56,100,197.00,"19,700.00"
2020-01-27,2020012701011054,MFIL,34,56,452,197.00,"89,044.00"
2020-01-27,2020012701010833,MFIL,43,56,10,199.00,"1,990.00"
2020-01-27,2020012701010736,MFIL,20,3,100,198.00,"19,800.00"
2020-01-27,2020012701010735,MFIL,34,3,"1,000",198.00,"198,000.00"
2020-01-27,2020012701010734,MFIL,28,3,400,198.00,"79,200.00"
2020-01-27,2020012701010733,MFIL,53,3,500,198.00,"99,000.00"
2020-01-27,2020012701010978,MHNL,45,29,40,90.00,"3,600.00"
2020-01-27,2020012701010921,MLBBL,29,7,100,642.00,"64,200.00"
2020-01-27,2020012701010920,MLBBL,29,42,100,641.00,"64,100.00"
2020-01-27,2020012701011129,MLBL,4,17,150,206.00,"30,900.00"
2020-01-27,2020012701010732,MLBL,4,17,300,206.00,"61,800.00"
2020-01-27,2020012701011090,MNBBL,34,58,500,317.00,"158,500.00"
2020-01-27,2020012701011061,MNBBL,34,28,500,317.00,"158,500.00"
2020-01-27,2020012701010939,MNBBL,34,46,30,317.00,"9,510.00"
2020-01-27,2020012701011008,NABIL,57,28,50,720.00,"36,000.00"
2020-01-27,2020012701011007,NABIL,33,28,"1,000",720.00,"720,000.00"
2020-01-27,2020012701010854,NABIL,6,29,20,723.00,"14,460.00"
2020-01-27,2020012701010769,NABIL,7,29,100,723.00,"72,300.00"
2020-01-27,2020012701010798,NADEP,6,43,200,650.00,"130,000.00"
2020-01-27,2020012701010797,NADEP,6,13,52,650.00,"33,800.00"
2020-01-27,2020012701010796,NADEP,6,21,11,650.00,"7,150.00"
2020-01-27,2020012701010738,NADEP,34,18,475,646.00,"306,850.00"
2020-01-27,2020012701010715,NADEP,6,40,80,650.00,"52,000.00"
2020-01-27,2020012701010995,NBB,57,16,430,201.00,"86,430.00"
2020-01-27,2020012701010976,NBB,21,45,534,200.00,"106,800.00"
2020-01-27,2020012701011195,NBL,33,57,50,276.00,"13,800.00"
2020-01-27,2020012701011120,NBL,32,57,500,276.00,"138,000.00"
2020-01-27,2020012701011111,NBL,49,58,500,275.00,"137,500.00"
2020-01-27,2020012701011089,NBL,49,3,500,275.00,"137,500.00"
2020-01-27,2020012701010926,NBL,49,25,600,275.00,"165,000.00"
2020-01-27,2020012701010925,NBL,49,58,184,275.00,"50,600.00"
2020-01-27,2020012701010880,NBL,49,58,400,275.00,"110,000.00"
2020-01-27,2020012701010813,NBL,43,58,10,275.00,"2,750.00"
2020-01-27,2020012701010772,NBL,55,28,500,274.00,"137,000.00"
2020-01-27,2020012701010771,NBL,14,28,500,274.00,"137,000.00"
2020-01-27,2020012701010751,NBL,49,58,406,275.00,"111,650.00"
2020-01-27,2020012701011169,NCCB,58,36,10,200.00,"2,000.00"
2020-01-27,2020012701011168,NCCB,58,10,500,199.00,"99,500.00"
2020-01-27,2020012701011167,NCCB,58,47,190,199.00,"37,810.00"
2020-01-27,2020012701011116,NCCB,32,47,500,199.00,"99,500.00"
2020-01-27,2020012701011058,NCCB,33,47,10,199.00,"1,990.00"
2020-01-27,2020012701011014,NCCB,41,55,171,198.00,"33,858.00"
2020-01-27,2020012701011013,NCCB,42,55,24,198.00,"4,752.00"
2020-01-27,2020012701011115,NIB,16,53,500,397.00,"198,500.00"
2020-01-27,2020012701011025,NIB,58,26,40,397.00,"15,880.00"
2020-01-27,2020012701011024,NIB,56,26,50,397.00,"19,850.00"
2020-01-27,2020012701011023,NIB,54,26,100,397.00,"39,700.00"
2020-01-27,2020012701011022,NIB,55,26,10,397.00,"3,970.00"
2020-01-27,2020012701011006,NIB,28,46,60,399.00,"23,940.00"
2020-01-27,2020012701010788,NIB,59,37,78,398.00,"31,044.00"
2020-01-27,2020012701010787,NIB,42,37,89,398.00,"35,422.00"
2020-01-27,2020012701010743,NIB,42,6,44,398.00,"17,512.00"
2020-01-27,2020012701011005,NIB,28,41,14,399.00,"5,586.00"
2020-01-27,2020012701011004,NIB,28,1,400,399.00,"159,600.00"
2020-01-27,2020012701011003,NIB,28,42,40,399.00,"15,960.00"
2020-01-27,2020012701010804,NIB,28,37,486,398.00,"193,428.00"
2020-01-27,2020012701010792,NIB,50,37,12,398.00,"4,776.00"
2020-01-27,2020012701010789,NIB,36,37,100,398.00,"39,800.00"
2020-01-27,2020012701011186,NIBSF1,34,16,300,9.63,"2,889.00"
2020-01-27,2020012701011059,NICA,14,6,50,471.00,"23,550.00"
2020-01-27,2020012701010916,NICA,35,49,784,472.00,"370,048.00"
2020-01-27,2020012701010915,NICA,35,54,200,472.00,"94,400.00"
2020-01-27,2020012701010914,NICA,35,39,16,472.00,"7,552.00"
2020-01-27,2020012701010866,NICA,51,39,125,472.00,"59,000.00"
2020-01-27,2020012701010850,NICA,35,39,"1,000",472.00,"472,000.00"
2020-01-27,2020012701010832,NICA,14,49,45,471.00,"21,195.00"
2020-01-27,2020012701010800,NICA,25,39,134,472.00,"63,248.00"
2020-01-27,2020012701010799,NICA,25,28,66,472.00,"31,152.00"
2020-01-27,2020012701011099,NICAD8283,28,18,300,"1,005.00","301,500.00"
2020-01-27,2020012701011098,NICAD8283,45,18,200,"1,006.00","201,200.00"
2020-01-27,2020012701011085,NICL,6,49,200,377.00,"75,400.00"
2020-01-27,2020012701010802,NICL,47,49,200,377.00,"75,400.00"
2020-01-27,2020012701011207,NIL,51,22,50,469.00,"23,450.00"
2020-01-27,2020012701011206,NIL,51,1,50,469.00,"23,450.00"
2020-01-27,2020012701010951,NIL,21,58,200,468.00,"93,600.00"
2020-01-27,2020012701010848,NIL,44,39,110,466.00,"51,260.00"
2020-01-27,2020012701010847,NIL,7,39,90,466.00,"41,940.00"
2020-01-27,2020012701011100,NLBBL,25,50,50,705.00,"35,250.00"
2020-01-27,2020012701010927,NLBBL,22,5,100,707.00,"70,700.00"
2020-01-27,2020012701010834,NLBBL,45,7,500,707.00,"353,500.00"
2020-01-27,2020012701011194,NLIC,58,14,20,"1,117.00","22,340.00"
2020-01-27,2020012701011189,NLIC,40,4,40,"1,112.00","44,480.00"
2020-01-27,2020012701011188,NLIC,35,4,160,"1,114.00","178,240.00"
2020-01-27,2020012701011187,NLIC,46,4,100,"1,116.00","111,600.00"
2020-01-27,2020012701011128,NLIC,58,21,20,"1,116.00","22,320.00"
2020-01-27,2020012701011094,NLIC,35,56,40,"1,113.00","44,520.00"
2020-01-27,2020012701010867,NLIC,51,28,100,"1,115.00","111,500.00"
2020-01-27,2020012701010780,NLIC,45,45,100,"1,115.00","111,500.00"
2020-01-27,2020012701010770,NLIC,14,45,300,"1,115.00","334,500.00"
2020-01-27,2020012701010997,NLIC,40,14,70,"1,113.00","77,910.00"
2020-01-27,2020012701010996,NLIC,58,14,30,"1,113.00","33,390.00"
2020-01-27,2020012701010955,NLIC,58,4,100,"1,113.00","111,300.00"
2020-01-27,2020012701010887,NLIC,6,6,80,"1,114.00","89,120.00"
2020-01-27,2020012701010878,NLIC,6,4,100,"1,114.00","111,400.00"
2020-01-27,2020012701010876,NLIC,6,32,20,"1,114.00","22,280.00"
2020-01-27,2020012701011032,NLIC,34,56,100,"1,113.00","111,300.00"
2020-01-27,2020012701011031,NLIC,40,56,130,"1,113.00","144,690.00"
2020-01-27,2020012701011030,NLIC,6,56,230,"1,115.00","256,450.00"
2020-01-27,2020012701011012,NLIC,6,44,200,"1,115.00","223,000.00"
2020-01-27,2020012701011011,NLIC,6,28,200,"1,115.00","223,000.00"
2020-01-27,2020012701011010,NLIC,6,6,20,"1,114.00","22,280.00"
2020-01-27,2020012701011002,NLICL,50,36,100,629.00,"62,900.00"
2020-01-27,2020012701010849,NLICL,14,50,50,630.00,"31,500.00"
2020-01-27,2020012701011180,NMB,53,34,213,357.00,"76,041.00"
2020-01-27,2020012701011097,NMB,53,33,287,356.00,"102,172.00"
2020-01-27,2020012701011096,NMB,49,33,200,356.00,"71,200.00"
2020-01-27,2020012701011095,NMB,25,33,13,356.00,"4,628.00"
2020-01-27,2020012701010924,NMB,25,34,487,356.00,"173,372.00"
2020-01-27,2020012701010923,NMB,16,34,500,356.00,"178,000.00"
2020-01-27,2020012701010922,NMB,34,34,13,356.00,"4,628.00"
2020-01-27,2020012701010917,NMB,22,34,500,357.00,"178,500.00"
2020-01-27,2020012701010725,NMB,34,26,118,356.00,"42,008.00"
2020-01-27,2020012701011138,NMBMF,56,7,300,846.00,"253,800.00"
2020-01-27,2020012701010928,NMBMF,25,44,100,845.00,"84,500.00"
2020-01-27,2020012701011039,NNLB,45,6,80,691.00,"55,280.00"
2020-01-27,2020012701011198,NUBL,28,53,45,915.00,"41,175.00"
2020-01-27,2020012701011048,NUBL,52,22,45,918.00,"41,310.00"
2020-01-27,2020012701011047,NUBL,52,42,39,918.00,"35,802.00"
2020-01-27,2020012701011046,NUBL,52,26,120,918.00,"110,160.00"
2020-01-27,2020012701010999,NUBL,28,26,55,915.00,"50,325.00"
2020-01-27,2020012701010718,NUBL,45,8,300,906.00,"271,800.00"
2020-01-27,2020012701010717,NUBL,51,8,20,910.00,"18,200.00"
2020-01-27,2020012701010716,NUBL,40,8,150,910.00,"136,500.00"
2020-01-27,2020012701011205,PCBL,5,52,10,270.00,"2,700.00"
2020-01-27,2020012701011114,PCBL,50,22,100,269.00,"26,900.00"
2020-01-27,2020012701010888,PIC,21,58,11,515.00,"5,665.00"
2020-01-27,2020012701010883,PIC,21,14,250,515.00,"128,750.00"
2020-01-27,2020012701011204,PICL,58,40,15,639.00,"9,585.00"
2020-01-27,2020012701010892,PICL,38,58,300,630.00,"189,000.00"
2020-01-27,2020012701010872,PICL,1,58,150,631.00,"94,650.00"
2020-01-27,2020012701010871,PICL,8,58,150,631.00,"94,650.00"
2020-01-27,2020012701010870,PICL,38,58,200,632.00,"126,400.00"
2020-01-27,2020012701010869,PICL,43,58,300,632.00,"189,600.00"
2020-01-27,2020012701010868,PICL,13,58,200,632.00,"126,400.00"
2020-01-27,2020012701011066,PLIC,42,34,150,526.00,"78,900.00"
2020-01-27,2020012701011165,PRVU,54,51,700,248.00,"173,600.00"
2020-01-27,2020012701011026,PRVU,55,51,500,248.00,"124,000.00"
2020-01-27,2020012701011018,PRVU,58,57,108,247.00,"26,676.00"
2020-01-27,2020012701010875,PRVU,48,51,221,248.00,"54,808.00"
2020-01-27,2020012701010874,PRVU,48,44,279,248.00,"69,192.00"
2020-01-27,2020012701010812,PRVU,58,6,500,247.00,"123,500.00"
2020-01-27,2020012701010873,RBCL,32,41,11,"9,000.00","99,000.00"
2020-01-27,2020012701010835,RBCL,59,17,50,"8,950.00","447,500.00"
2020-01-27,2020012701010777,RBCLPO,59,39,90,"8,650.00","778,500.00"
2020-01-27,2020012701010968,RSDC,17,49,12,422.00,"5,064.00"
2020-01-27,2020012701010790,RSDC,17,49,12,422.00,"5,064.00"
2020-01-27,2020012701010779,RSDC,58,55,50,418.00,"20,900.00"
2020-01-27,2020012701010864,SABSL,49,51,10,772.00,"7,720.00"
2020-01-27,2020012701010818,SABSL,49,51,10,772.00,"7,720.00"
2020-01-27,2020012701010972,SADBL,50,26,10,156.00,"1,560.00"
2020-01-27,2020012701010937,SADBL,50,50,40,155.00,"6,200.00"
2020-01-27,2020012701011086,SANIMA,25,41,150,350.00,"52,500.00"
2020-01-27,2020012701010856,SANIMA,17,41,100,350.00,"35,000.00"
2020-01-27,2020012701010855,SANIMA,17,46,200,350.00,"70,000.00"
2020-01-27,2020012701010774,SANIMA,57,56,100,350.00,"35,000.00"
2020-01-27,2020012701010773,SANIMA,57,22,300,349.00,"104,700.00"
2020-01-27,2020012701010954,SBI,39,17,130,416.00,"54,080.00"
2020-01-27,2020012701010761,SBL,39,43,612,311.00,"190,332.00"
2020-01-27,2020012701010760,SBL,39,59,100,311.00,"31,100.00"
2020-01-27,2020012701010759,SBL,39,50,500,311.00,"155,500.00"
2020-01-27,2020012701011203,SCB,52,44,42,604.00,"25,368.00"
2020-01-27,2020012701011202,SCB,52,34,20,604.00,"12,080.00"
2020-01-27,2020012701011201,SCB,52,34,28,604.00,"16,912.00"
2020-01-27,2020012701011200,SCB,52,6,20,604.00,"12,080.00"
2020-01-27,2020012701011199,SCB,52,21,90,602.00,"54,180.00"
2020-01-27,2020012701011050,SCB,14,26,133,601.00,"79,933.00"
2020-01-27,2020012701011042,SCB,39,16,426,600.00,"255,600.00"
2020-01-27,2020012701011131,SDESI,34,35,10,798.00,"7,980.00"
2020-01-27,2020012701011130,SDESI,34,45,40,795.00,"31,800.00"
2020-01-27,2020012701011051,SDESI,34,45,10,795.00,"7,950.00"
2020-01-27,2020012701010785,SDESI,25,7,10,794.00,"7,940.00"
2020-01-27,2020012701010778,SDESI,34,7,10,794.00,"7,940.00"
2020-01-27,2020012701011209,SHINE,38,16,100,259.00,"25,900.00"
2020-01-27,2020012701011135,SHINE,51,16,200,259.00,"51,800.00"
2020-01-27,2020012701010806,SHINE,42,57,300,258.00,"77,400.00"
2020-01-27,2020012701010805,SHINE,42,44,157,257.00,"40,349.00"
2020-01-27,2020012701011068,SHIVM,35,52,100,511.00,"51,100.00"
2020-01-27,2020012701010814,SHIVM,13,58,440,510.00,"224,400.00"
2020-01-27,2020012701010811,SHIVM,46,58,30,510.00,"15,300.00"
2020-01-27,2020012701010758,SHIVM,32,58,100,510.00,"51,000.00"
2020-01-27,2020012701010757,SHIVM,45,58,30,510.00,"15,300.00"
2020-01-27,2020012701010756,SHIVM,13,58,"1,000",510.00,"510,000.00"
2020-01-27,2020012701010755,SHIVM,49,58,400,510.00,"204,000.00"
2020-01-27,2020012701011179,SHPC,51,10,54,196.00,"10,584.00"
2020-01-27,2020012701011178,SHPC,55,10,500,196.00,"98,000.00"
2020-01-27,2020012701011177,SHPC,50,10,200,197.00,"39,400.00"
2020-01-27,2020012701011176,SHPC,4,10,250,197.00,"49,250.00"
2020-01-27,2020012701011175,SHPC,17,10,200,197.00,"39,400.00"
2020-01-27,2020012701011174,SHPC,4,10,200,197.00,"39,400.00"
2020-01-27,2020012701010763,SHPC,3,10,10,199.00,"1,990.00"
2020-01-27,2020012701011173,SHPC,46,10,300,197.00,"59,100.00"
2020-01-27,2020012701011172,SHPC,22,10,40,197.00,"7,880.00"
2020-01-27,2020012701011171,SHPC,48,10,50,197.00,"9,850.00"
2020-01-27,2020012701011170,SHPC,48,10,"1,000",198.00,"198,000.00"
2020-01-27,2020012701011101,SHPC,49,13,500,198.00,"99,000.00"
2020-01-27,2020012701011127,SIC,41,49,40,640.00,"25,600.00"
2020-01-27,2020012701011126,SIC,41,13,39,639.00,"24,921.00"
2020-01-27,2020012701011125,SIC,41,38,21,638.00,"13,398.00"
2020-01-27,2020012701011147,SJCL,56,54,10,164.00,"1,640.00"
2020-01-27,2020012701011136,SJCL,53,54,10,164.00,"1,640.00"
2020-01-27,2020012701011060,SJCL,34,43,20,161.00,"3,220.00"
2020-01-27,2020012701011049,SJCL,53,54,10,164.00,"1,640.00"
2020-01-27,2020012701010959,SLBBL,49,57,300,763.00,"228,900.00"
2020-01-27,2020012701011021,SLBBL,22,57,20,769.00,"15,380.00"
2020-01-27,2020012701011057,SLBSL,25,32,16,765.00,"12,240.00"
2020-01-27,2020012701010737,SLBSL,13,7,10,780.00,"7,800.00"
2020-01-27,2020012701011029,SLICL,44,29,20,419.00,"8,380.00"
2020-01-27,2020012701010974,SLICL,28,28,100,418.00,"41,800.00"
2020-01-27,2020012701010957,SLICL,32,28,100,418.00,"41,800.00"
2020-01-27,2020012701010956,SLICL,32,51,400,418.00,"167,200.00"
2020-01-27,2020012701010860,SLICL,48,51,500,418.00,"209,000.00"
2020-01-27,2020012701010791,SLICL,42,51,100,418.00,"41,800.00"
2020-01-27,2020012701011000,SMB,42,34,20,690.00,"13,800.00"
2020-01-27,2020012701010890,SMFBS,34,57,10,970.00,"9,700.00"
2020-01-27,2020012701010889,SMFBS,34,22,10,970.00,"9,700.00"
2020-01-27,2020012701010728,SMFBS,48,22,90,970.00,"87,300.00"
2020-01-27,2020012701010727,SMFBS,48,51,20,970.00,"19,400.00"
2020-01-27,2020012701010726,SMFBS,48,6,90,969.00,"87,210.00"
2020-01-27,2020012701010714,SMFBS,25,6,10,969.00,"9,690.00"
2020-01-27,2020012701011017,STC,10,50,10,"2,489.00","24,890.00"
2020-01-27,2020012701011155,SWBBL,46,45,13,"1,043.00","13,559.00"
2020-01-27,2020012701011117,SWBBL,44,6,360,"1,030.00","370,800.00"
2020-01-27,2020012701010776,UIC,6,59,10,369.00,"3,690.00"
2020-01-27,2020012701011163,UPPER,10,52,454,244.00,"110,776.00"
2020-01-27,2020012701011162,UPPER,57,52,100,244.00,"24,400.00"
2020-01-27,2020012701011161,UPPER,39,52,50,244.00,"12,200.00"
2020-01-27,2020012701011160,UPPER,44,52,50,244.00,"12,200.00"
2020-01-27,2020012701011159,UPPER,44,52,46,244.00,"11,224.00"
2020-01-27,2020012701010911,UPPER,44,45,14,244.00,"3,416.00"
2020-01-27,2020012701010910,UPPER,1,45,486,244.00,"118,584.00"
2020-01-27,2020012701010857,UPPER,1,21,300,244.00,"73,200.00"
2020-01-27,2020012701010729,UPPER,1,58,50,244.00,"12,200.00"
2020-01-27,2020012701011109,UPPER,55,45,300,245.00,"73,500.00"
2020-01-27,2020012701010977,UPPER,44,17,40,244.00,"9,760.00"
2020-01-27,2020012701011183,WOMI,38,35,160,963.00,"154,080.00"
2020-01-27,2020012701011146,WOMI,33,35,10,963.00,"9,630.00"
2020-01-27,2020012701011145,WOMI,33,36,150,954.00,"143,100.00"
2020-01-27,2020012701010865,WOMI,59,36,100,954.00,"95,400.00"
2020-01-27,2020012701010731,WOMI,43,53,235,960.00,"225,600.00"
2020-01-27,2020012701010730,WOMI,43,11,100,959.00,"95,900.00"
2020-01-27,2020012701010672,ADBL,4,28,150,385.00,"57,750.00"
2020-01-27,2020012701010671,ADBL,4,28,190,385.00,"73,150.00"
2020-01-27,2020012701010646,ADBL,4,45,10,385.00,"3,850.00"
2020-01-27,2020012701010295,ADBL,4,49,454,382.00,"173,428.00"
2020-01-27,2020012701010294,ADBL,4,49,100,382.00,"38,200.00"
2020-01-27,2020012701010293,ADBL,4,49,200,382.00,"76,400.00"
2020-01-27,2020012701010292,ADBL,4,49,21,382.00,"8,022.00"
2020-01-27,2020012701010251,ADBL,28,49,225,384.00,"86,400.00"
2020-01-27,2020012701010250,ADBL,28,58,100,384.00,"38,400.00"
2020-01-27,2020012701010249,ADBL,28,6,200,384.00,"76,800.00"
2020-01-27,2020012701010248,ADBL,28,48,75,383.00,"28,725.00"
2020-01-27,2020012701010439,AHPC,14,49,50,95.00,"4,750.00"
2020-01-27,2020012701010438,AHPC,14,38,"1,000",95.00,"95,000.00"
2020-01-27,2020012701010437,AHPC,14,51,220,95.00,"20,900.00"
2020-01-27,2020012701010319,AHPC,55,51,200,95.00,"19,000.00"
2020-01-27,2020012701010540,AKJCL,21,39,"1,000",56.00,"56,000.00"
2020-01-27,2020012701010383,AKJCL,7,39,80,56.00,"4,480.00"
2020-01-27,2020012701010674,AKPL,34,58,200,125.00,"25,000.00"
2020-01-27,2020012701010584,ALBSL,38,16,10,672.00,"6,720.00"
2020-01-27,2020012701010583,ALBSL,38,41,10,671.00,"6,710.00"
2020-01-27,2020012701010582,ALBSL,38,39,30,671.00,"20,130.00"
2020-01-27,2020012701010581,ALBSL,38,13,100,670.00,"67,000.00"
2020-01-27,2020012701010580,ALBSL,38,14,20,668.00,"13,360.00"
2020-01-27,2020012701010449,ALBSL,38,28,30,661.00,"19,830.00"
2020-01-27,2020012701010448,ALBSL,22,28,20,662.00,"13,240.00"
2020-01-27,2020012701010261,ALBSL,22,14,50,668.00,"33,400.00"
2020-01-27,2020012701010260,ALBSL,22,45,50,668.00,"33,400.00"
2020-01-27,2020012701010240,ALBSL,22,13,100,667.00,"66,700.00"
2020-01-27,2020012701010639,ALICL,6,38,100,515.00,"51,500.00"
2020-01-27,2020012701010597,ALICL,40,52,257,516.00,"132,612.00"
2020-01-27,2020012701010408,ALICL,5,44,159,520.00,"82,680.00"
2020-01-27,2020012701010348,ALICL,50,44,129,520.00,"67,080.00"
2020-01-27,2020012701010347,ALICL,50,14,50,520.00,"26,000.00"
2020-01-27,2020012701010346,ALICL,50,33,229,520.00,"119,080.00"
2020-01-27,2020012701010345,ALICL,50,33,229,520.00,"119,080.00"
2020-01-27,2020012701010344,ALICL,50,43,63,520.00,"32,760.00"
2020-01-27,2020012701010343,ALICL,50,50,100,519.00,"51,900.00"
2020-01-27,2020012701010342,ALICL,50,38,200,519.00,"103,800.00"
2020-01-27,2020012701010318,ALICL,44,38,100,519.00,"51,900.00"
2020-01-27,2020012701010669,API,50,33,500,116.00,"58,000.00"
2020-01-27,2020012701010640,API,34,33,200,116.00,"23,200.00"
2020-01-27,2020012701010624,API,25,33,410,116.00,"47,560.00"
2020-01-27,2020012701010551,API,45,33,90,116.00,"10,440.00"
2020-01-27,2020012701010661,BOKL,39,44,200,234.00,"46,800.00"
2020-01-27,2020012701010660,BOKL,39,45,50,234.00,"11,700.00"
2020-01-27,2020012701010659,BOKL,39,34,200,234.00,"46,800.00"
2020-01-27,2020012701010658,BOKL,39,34,131,234.00,"30,654.00"
2020-01-27,2020012701010641,BPCL,17,3,340,321.00,"109,140.00"
2020-01-27,2020012701010366,BPCL,17,43,160,321.00,"51,360.00"
2020-01-27,2020012701010554,CBBL,29,7,54,903.00,"48,762.00"
2020-01-27,2020012701010553,CBBL,29,45,50,903.00,"45,150.00"
2020-01-27,2020012701010412,CBBL,45,54,500,900.00,"450,000.00"
2020-01-27,2020012701010562,CCBL,34,39,450,183.00,"82,350.00"
2020-01-27,2020012701010561,CCBL,34,8,50,183.00,"9,150.00"
2020-01-27,2020012701010546,CCBL,4,8,100,183.00,"18,300.00"
2020-01-27,2020012701010536,CCBL,4,8,100,183.00,"18,300.00"
2020-01-27,2020012701010532,CCBL,4,8,150,183.00,"27,450.00"
2020-01-27,2020012701010508,CCBL,4,8,100,183.00,"18,300.00"
2020-01-27,2020012701010354,CCBL,34,41,400,183.00,"73,200.00"
2020-01-27,2020012701010433,CCBL,34,21,100,183.00,"18,300.00"
2020-01-27,2020012701010432,CCBL,34,14,87,183.00,"15,921.00"
2020-01-27,2020012701010357,CCBL,34,14,13,183.00,"2,379.00"
2020-01-27,2020012701010356,CCBL,34,43,50,183.00,"9,150.00"
2020-01-27,2020012701010355,CCBL,34,5,37,183.00,"6,771.00"
2020-01-27,2020012701010483,CCBL,33,40,122,182.00,"22,204.00"
2020-01-27,2020012701010480,CCBL,4,8,500,183.00,"91,500.00"
2020-01-27,2020012701010474,CCBL,33,1,14,182.00,"2,548.00"
2020-01-27,2020012701010436,CCBL,34,51,98,183.00,"17,934.00"
2020-01-27,2020012701010435,CCBL,34,37,15,183.00,"2,745.00"
2020-01-27,2020012701010434,CCBL,34,35,200,183.00,"36,600.00"
2020-01-27,2020012701010612,CIT,55,13,50,"2,192.00","109,600.00"
2020-01-27,2020012701010504,CIT,51,5,190,"2,191.00","416,290.00"
2020-01-27,2020012701010337,CIT,35,5,10,"2,191.00","21,910.00"
2020-01-27,2020012701010645,CLBSL,45,40,10,868.00,"8,680.00"
2020-01-27,2020012701010441,CLBSL,26,17,104,855.00,"88,920.00"
2020-01-27,2020012701010680,DDBL,14,6,50,805.00,"40,250.00"
2020-01-27,2020012701010618,DDBL,44,50,10,805.00,"8,050.00"
2020-01-27,2020012701010617,DDBL,44,16,50,805.00,"40,250.00"
2020-01-27,2020012701010616,DDBL,44,45,75,805.00,"60,375.00"
2020-01-27,2020012701010555,DDBL,55,45,25,805.00,"20,125.00"
2020-01-27,2020012701010236,DDBL,44,53,50,805.00,"40,250.00"
2020-01-27,2020012701010569,EIC,29,6,447,342.00,"152,874.00"
2020-01-27,2020012701010559,EIC,49,50,54,340.00,"18,360.00"
2020-01-27,2020012701010535,EIC,51,6,500,342.00,"171,000.00"
2020-01-27,2020012701010534,EIC,54,6,53,342.00,"18,126.00"
2020-01-27,2020012701010511,EIC,6,38,400,343.00,"137,200.00"
2020-01-27,2020012701010384,EIC,17,38,50,343.00,"17,150.00"
2020-01-27,2020012701010210,EIC,54,38,147,342.00,"50,274.00"
2020-01-27,2020012701010416,FMDBL,45,1,34,420.00,"14,280.00"
2020-01-27,2020012701010322,FMDBL,49,14,68,425.00,"28,900.00"
2020-01-27,2020012701010321,FMDBL,49,55,32,424.00,"13,568.00"
2020-01-27,2020012701010283,FMDBL,49,55,145,424.00,"61,480.00"
2020-01-27,2020012701010282,FMDBL,49,1,"1,170",424.00,"496,080.00"
2020-01-27,2020012701010281,FMDBL,49,29,150,424.00,"63,600.00"
2020-01-27,2020012701010268,FMDBL,49,51,300,423.00,"126,900.00"
2020-01-27,2020012701010267,FMDBL,49,42,100,423.00,"42,300.00"
2020-01-27,2020012701010266,FMDBL,49,37,58,423.00,"24,534.00"
2020-01-27,2020012701010265,FMDBL,49,34,156,423.00,"65,988.00"
2020-01-27,2020012701010274,FMDBL,49,5,150,424.00,"63,600.00"
2020-01-27,2020012701010273,FMDBL,49,44,400,424.00,"169,600.00"
2020-01-27,2020012701010272,FMDBL,49,41,500,424.00,"212,000.00"
2020-01-27,2020012701010271,FMDBL,49,45,292,424.00,"123,808.00"
2020-01-27,2020012701010270,FMDBL,49,39,104,424.00,"44,096.00"
2020-01-27,2020012701010269,FMDBL,49,11,100,424.00,"42,400.00"
2020-01-27,2020012701010280,FMDBL,49,29,220,424.00,"93,280.00"
2020-01-27,2020012701010279,FMDBL,49,16,400,424.00,"169,600.00"
2020-01-27,2020012701010278,FMDBL,49,39,50,424.00,"21,200.00"
2020-01-27,2020012701010277,FMDBL,49,14,100,424.00,"42,400.00"
2020-01-27,2020012701010276,FMDBL,49,17,585,424.00,"248,040.00"
2020-01-27,2020012701010275,FMDBL,49,34,20,424.00,"8,480.00"
2020-01-27,2020012701010662,FOWAD,32,39,10,"1,229.00","12,290.00"
2020-01-27,2020012701010598,FOWAD,34,48,100,"1,224.00","122,400.00"
2020-01-27,2020012701010517,GBBL,45,49,900,233.00,"209,700.00"
2020-01-27,2020012701010702,GBIME,28,4,"1,241",293.00,"363,613.00"
2020-01-27,2020012701010689,GBIME,28,38,300,293.00,"87,900.00"
2020-01-27,2020012701010688,GBIME,32,38,200,293.00,"58,600.00"
2020-01-27,2020012701010664,GBIME,18,40,"1,000",294.00,"294,000.00"
2020-01-27,2020012701010574,GBIME,36,40,200,294.00,"58,800.00"
2020-01-27,2020012701010560,GBIME,52,40,500,294.00,"147,000.00"
2020-01-27,2020012701010413,GBIME,48,28,236,294.00,"69,384.00"
2020-01-27,2020012701010407,GBIME,42,28,150,294.00,"44,100.00"
2020-01-27,2020012701010330,GBIME,4,28,100,294.00,"29,400.00"
2020-01-27,2020012701010291,GBIME,49,28,88,294.00,"25,872.00"
2020-01-27,2020012701010290,GBIME,49,28,12,294.00,"3,528.00"
2020-01-27,2020012701010254,GBIME,4,28,100,294.00,"29,400.00"
2020-01-27,2020012701010456,GBIME,28,16,42,293.00,"12,306.00"
2020-01-27,2020012701010455,GBIME,35,16,100,293.00,"29,300.00"
2020-01-27,2020012701010454,GBIME,14,16,50,293.00,"14,650.00"
2020-01-27,2020012701010453,GBIME,35,16,100,293.00,"29,300.00"
2020-01-27,2020012701010452,GBIME,14,16,221,293.00,"64,753.00"
2020-01-27,2020012701010414,GBIME,48,40,64,294.00,"18,816.00"
2020-01-27,2020012701010701,GBLBS,22,44,400,446.00,"178,400.00"
2020-01-27,2020012701010700,GBLBS,22,35,500,446.00,"223,000.00"
2020-01-27,2020012701010699,GBLBS,22,26,100,446.00,"44,600.00"
2020-01-27,2020012701010678,GBLBS,52,26,50,446.00,"22,300.00"
2020-01-27,2020012701010677,GBLBS,52,56,150,446.00,"66,900.00"
2020-01-27,2020012701010606,GBLBS,50,58,300,445.00,"133,500.00"
2020-01-27,2020012701010605,GBLBS,49,58,200,446.00,"89,200.00"
2020-01-27,2020012701010461,GBLBS,16,58,"1,500",446.00,"669,000.00"
2020-01-27,2020012701010396,GBLBS,6,58,500,446.00,"223,000.00"
2020-01-27,2020012701010380,GBLBS,50,28,100,445.00,"44,500.00"
2020-01-27,2020012701010246,GBLBS,50,10,500,445.00,"222,500.00"
2020-01-27,2020012701010264,GGBSL,25,58,90,865.00,"77,850.00"
2020-01-27,2020012701010501,GLBSL,55,54,10,643.00,"6,430.00"
2020-01-27,2020012701010601,GLICL,16,32,300,685.00,"205,500.00"
2020-01-27,2020012701010591,GLICL,58,32,500,685.00,"342,500.00"
2020-01-27,2020012701010572,GLICL,16,56,100,684.00,"68,400.00"
2020-01-27,2020012701010571,GLICL,16,35,100,683.00,"68,300.00"
2020-01-27,2020012701010482,GLICL,43,16,20,680.00,"13,600.00"
2020-01-27,2020012701010481,GLICL,43,51,200,680.00,"136,000.00"
2020-01-27,2020012701010409,GLICL,28,51,200,680.00,"136,000.00"
2020-01-27,2020012701010387,GLICL,46,51,500,680.00,"340,000.00"
2020-01-27,2020012701010386,GLICL,46,44,200,680.00,"136,000.00"
2020-01-27,2020012701010385,GLICL,46,44,100,680.00,"68,000.00"
2020-01-27,2020012701010340,GLICL,6,45,900,679.00,"611,100.00"
2020-01-27,2020012701010339,GLICL,6,48,100,678.00,"67,800.00"
2020-01-27,2020012701010634,GRDBL,45,29,200,114.00,"22,800.00"
2020-01-27,2020012701010633,GRDBL,45,38,50,114.00,"5,700.00"
2020-01-27,2020012701010632,GRDBL,45,36,500,113.00,"56,500.00"
2020-01-27,2020012701010631,GRDBL,45,28,200,113.00,"22,600.00"
2020-01-27,2020012701010630,GRDBL,45,46,190,113.00,"21,470.00"
2020-01-27,2020012701010289,HBL,32,41,50,510.00,"25,500.00"
2020-01-27,2020012701010288,HBL,29,41,50,510.00,"25,500.00"
2020-01-27,2020012701010287,HBL,44,41,20,511.00,"10,220.00"
2020-01-27,2020012701010286,HBL,42,41,20,511.00,"10,220.00"
2020-01-27,2020012701010285,HBL,41,41,10,511.00,"5,110.00"
2020-01-27,2020012701010589,HDL,25,33,30,"1,230.00","36,900.00"
2020-01-27,2020012701010588,HDL,45,33,10,"1,230.00","12,300.00"
2020-01-27,2020012701010587,HDL,45,33,20,"1,230.00","24,600.00"
2020-01-27,2020012701010350,HDL,48,53,200,"1,230.00","246,000.00"
2020-01-27,2020012701010338,HDL,32,29,20,"1,236.00","24,720.00"
2020-01-27,2020012701010379,HIDCL,51,5,125,135.00,"16,875.00"
2020-01-27,2020012701010378,HIDCL,35,5,400,135.00,"54,000.00"
2020-01-27,2020012701010377,HIDCL,42,5,200,135.00,"27,000.00"
2020-01-27,2020012701010376,HIDCL,55,5,50,135.00,"6,750.00"
2020-01-27,2020012701010375,HIDCL,34,5,725,135.00,"97,875.00"
2020-01-27,2020012701010374,HIDCL,59,5,300,136.00,"40,800.00"
2020-01-27,2020012701010673,HPPL,5,17,10,143.00,"1,430.00"
2020-01-27,2020012701010622,HPPL,52,57,20,145.00,"2,900.00"
2020-01-27,2020012701010621,HPPL,52,42,10,145.00,"1,450.00"
2020-01-27,2020012701010682,IGI,57,8,47,389.00,"18,283.00"
2020-01-27,2020012701010681,IGI,57,42,53,388.00,"20,564.00"
2020-01-27,2020012701010479,IGI,5,42,10,388.00,"3,880.00"
2020-01-27,2020012701010478,IGI,5,28,400,388.00,"155,200.00"
2020-01-27,2020012701010477,IGI,5,37,100,388.00,"38,800.00"
2020-01-27,2020012701010476,IGI,5,28,150,388.00,"58,200.00"
2020-01-27,2020012701010475,IGI,5,35,40,387.00,"15,480.00"
2020-01-27,2020012701010709,ILBS,51,58,10,815.00,"8,150.00"
2020-01-27,2020012701010708,ILBS,51,51,10,815.00,"8,150.00"
2020-01-27,2020012701010707,ILBS,51,58,10,815.00,"8,150.00"
2020-01-27,2020012701010365,JBBL,52,56,200,180.00,"36,000.00"
2020-01-27,2020012701010406,JSLBB,4,5,50,"1,440.00","72,000.00"
2020-01-27,2020012701010694,KBL,41,33,35,193.00,"6,755.00"
2020-01-27,2020012701010524,KBL,1,33,100,192.00,"19,200.00"
2020-01-27,2020012701010523,KBL,39,33,"1,000",192.00,"192,000.00"
2020-01-27,2020012701010522,KBL,5,33,200,192.00,"38,400.00"
2020-01-27,2020012701010521,KBL,26,33,793,192.00,"152,256.00"
2020-01-27,2020012701010516,KBL,26,20,90,192.00,"17,280.00"
2020-01-27,2020012701010252,KBL,26,16,100,192.00,"19,200.00"
2020-01-27,2020012701010490,KSBBL,33,51,104,157.00,"16,328.00"
2020-01-27,2020012701010489,KSBBL,33,39,500,156.00,"78,000.00"
2020-01-27,2020012701010488,KSBBL,33,21,134,155.00,"20,770.00"
2020-01-27,2020012701010329,KSBBL,33,34,123,155.00,"19,065.00"
2020-01-27,2020012701010328,KSBBL,33,33,200,155.00,"31,000.00"
2020-01-27,2020012701010327,KSBBL,33,26,500,155.00,"77,500.00"
2020-01-27,2020012701010326,KSBBL,33,21,95,154.00,"14,630.00"
2020-01-27,2020012701010325,KSBBL,33,14,500,154.00,"77,000.00"
2020-01-27,2020012701010324,KSBBL,33,57,203,154.00,"31,262.00"
2020-01-27,2020012701010323,KSBBL,33,38,379,154.00,"58,366.00"
2020-01-27,2020012701010705,LBBL,1,26,72,190.00,"13,680.00"
2020-01-27,2020012701010704,LBBL,38,26,150,190.00,"28,500.00"
2020-01-27,2020012701010557,LBBL,4,8,200,192.00,"38,400.00"
2020-01-27,2020012701010500,LGIL,32,33,100,433.00,"43,300.00"
2020-01-27,2020012701010499,LGIL,32,7,400,433.00,"173,200.00"
2020-01-27,2020012701010221,LGIL,20,7,20,433.00,"8,660.00"
2020-01-27,2020012701010693,LICN,46,41,29,"1,230.00","35,670.00"
2020-01-27,2020012701010692,LICN,34,41,170,"1,230.00","209,100.00"
2020-01-27,2020012701010628,LICN,34,51,330,"1,229.00","405,570.00"
2020-01-27,2020012701010242,LLBS,10,45,100,996.00,"99,600.00"
2020-01-27,2020012701010494,MBL,45,57,467,233.00,"108,811.00"
2020-01-27,2020012701010370,MBL,45,13,33,233.00,"7,689.00"
2020-01-27,2020012701010369,MBL,35,13,467,233.00,"108,811.00"
2020-01-27,2020012701010666,MEGA,32,11,204,198.00,"40,392.00"
2020-01-27,2020012701010665,MEGA,32,11,111,198.00,"21,978.00"
2020-01-27,2020012701010533,MEGA,32,20,23,198.00,"4,554.00"
2020-01-27,2020012701010706,MERO,45,56,50,635.00,"31,750.00"
2020-01-27,2020012701010603,MERO,44,56,100,635.00,"63,500.00"
2020-01-27,2020012701010690,MFIL,17,56,50,199.00,"9,950.00"
2020-01-27,2020012701010644,MFIL,33,56,100,199.00,"19,900.00"
2020-01-27,2020012701010643,MFIL,54,56,100,199.00,"19,900.00"
2020-01-27,2020012701010585,MLBBL,40,29,32,640.00,"20,480.00"
2020-01-27,2020012701010596,MLBL,4,17,330,206.00,"67,980.00"
2020-01-27,2020012701010576,MLBL,4,14,170,205.00,"34,850.00"
2020-01-27,2020012701010509,MLBL,4,17,200,206.00,"41,200.00"
2020-01-27,2020012701010224,MLBL,4,17,167,205.00,"34,235.00"
2020-01-27,2020012701010223,MLBL,4,35,105,205.00,"21,525.00"
2020-01-27,2020012701010222,MLBL,4,17,228,205.00,"46,740.00"
2020-01-27,2020012701010399,MLBL,4,17,500,205.00,"102,500.00"
2020-01-27,2020012701010428,MLBL,52,17,333,205.00,"68,265.00"
2020-01-27,2020012701010520,MNBBL,34,28,500,317.00,"158,500.00"
2020-01-27,2020012701010519,MNBBL,34,58,259,317.00,"82,103.00"
2020-01-27,2020012701010698,MPFL,18,56,50,150.00,"7,500.00"
2020-01-27,2020012701010697,MPFL,18,16,200,150.00,"30,000.00"
2020-01-27,2020012701010696,MPFL,18,58,50,150.00,"7,500.00"
2020-01-27,2020012701010695,MPFL,18,43,100,150.00,"15,000.00"
2020-01-27,2020012701010657,MPFL,18,17,16,148.00,"2,368.00"
2020-01-27,2020012701010656,MPFL,18,52,572,148.00,"84,656.00"
2020-01-27,2020012701010655,MPFL,18,29,500,148.00,"74,000.00"
2020-01-27,2020012701010654,MPFL,18,40,16,147.00,"2,352.00"
2020-01-27,2020012701010653,MPFL,18,49,50,146.00,"7,300.00"
2020-01-27,2020012701010652,MPFL,18,47,10,145.00,"1,450.00"
2020-01-27,2020012701010460,MSMBS,6,49,16,750.00,"12,000.00"
2020-01-27,2020012701010459,MSMBS,6,42,11,739.00,"8,129.00"
2020-01-27,2020012701010458,MSMBS,6,42,11,739.00,"8,129.00"
2020-01-27,2020012701010245,NABIL,45,29,190,723.00,"137,370.00"
2020-01-27,2020012701010244,NABIL,45,16,110,722.00,"79,420.00"
2020-01-27,2020012701010237,NABIL,51,16,100,722.00,"72,200.00"
2020-01-27,2020012701010668,NADEP,6,40,150,650.00,"97,500.00"
2020-01-27,2020012701010529,NADEP,34,58,25,646.00,"16,150.00"
2020-01-27,2020012701010526,NADEP,5,40,90,650.00,"58,500.00"
2020-01-27,2020012701010495,NADEP,52,40,180,650.00,"117,000.00"
2020-01-27,2020012701010440,NADEP,52,21,10,650.00,"6,500.00"
2020-01-27,2020012701010676,NBB,43,16,174,201.00,"34,974.00"
2020-01-27,2020012701010675,NBB,43,52,26,201.00,"5,226.00"
2020-01-27,2020012701010647,NBB,6,20,65,200.00,"13,000.00"
2020-01-27,2020012701010233,NBB,59,52,974,201.00,"195,774.00"
2020-01-27,2020012701010683,NBL,52,57,500,276.00,"138,000.00"
2020-01-27,2020012701010650,NBL,49,4,"1,512",275.00,"415,800.00"
2020-01-27,2020012701010649,NBL,49,43,"2,682",275.00,"737,550.00"
2020-01-27,2020012701010627,NBL,25,43,500,275.00,"137,500.00"
2020-01-27,2020012701010619,NBL,45,43,50,275.00,"13,750.00"
2020-01-27,2020012701010450,NBL,4,43,150,275.00,"41,250.00"
2020-01-27,2020012701010335,NBL,36,43,500,275.00,"137,500.00"
2020-01-27,2020012701010334,NBL,14,43,468,275.00,"128,700.00"
2020-01-27,2020012701010301,NBL,17,57,"1,000",276.00,"276,000.00"
2020-01-27,2020012701010405,NBL,44,44,50,274.00,"13,700.00"
2020-01-27,2020012701010404,NBL,1,44,200,274.00,"54,800.00"
2020-01-27,2020012701010403,NBL,43,44,"1,000",274.00,"274,000.00"
2020-01-27,2020012701010402,NBL,1,44,280,274.00,"76,720.00"
2020-01-27,2020012701010397,NBL,22,43,500,275.00,"137,500.00"
2020-01-27,2020012701010341,NBL,4,43,150,275.00,"41,250.00"
2020-01-27,2020012701010463,NCCB,42,20,110,198.00,"21,780.00"
2020-01-27,2020012701010388,NCCB,42,10,600,198.00,"118,800.00"
2020-01-27,2020012701010473,NGPL,52,33,231,116.00,"26,796.00"
2020-01-27,2020012701010472,NGPL,52,56,13,116.00,"1,508.00"
2020-01-27,2020012701010471,NGPL,52,36,20,116.00,"2,320.00"
2020-01-27,2020012701010470,NGPL,52,34,25,115.00,"2,875.00"
2020-01-27,2020012701010469,NGPL,52,34,25,115.00,"2,875.00"
2020-01-27,2020012701010468,NGPL,52,34,25,115.00,"2,875.00"
2020-01-27,2020012701010467,NGPL,52,34,25,115.00,"2,875.00"
2020-01-27,2020012701010466,NGPL,52,34,25,115.00,"2,875.00"
2020-01-27,2020012701010663,NIB,42,51,20,398.00,"7,960.00"
2020-01-27,2020012701010586,NIB,42,47,11,398.00,"4,378.00"
2020-01-27,2020012701010563,NIB,42,20,10,398.00,"3,980.00"
2020-01-27,2020012701010391,NIB,42,48,146,398.00,"58,108.00"
2020-01-27,2020012701010390,NIB,42,6,44,398.00,"17,512.00"
2020-01-27,2020012701010389,NIB,42,1,136,398.00,"54,128.00"
2020-01-27,2020012701010573,NICA,36,28,200,472.00,"94,400.00"
2020-01-27,2020012701010401,NICA,14,28,100,472.00,"47,200.00"
2020-01-27,2020012701010232,NICA,49,28,634,472.00,"299,248.00"
2020-01-27,2020012701010231,NICA,49,43,209,472.00,"98,648.00"
2020-01-27,2020012701010230,NICA,49,4,50,472.00,"23,600.00"
2020-01-27,2020012701010229,NICA,49,49,17,472.00,"8,024.00"
2020-01-27,2020012701010228,NICA,49,48,22,472.00,"10,384.00"
2020-01-27,2020012701010227,NICA,49,54,300,472.00,"141,600.00"
2020-01-27,2020012701010226,NICA,49,16,497,472.00,"234,584.00"
2020-01-27,2020012701010225,NICA,49,36,271,471.00,"127,641.00"
2020-01-27,2020012701010691,NICGF,6,14,"3,000",9.50,"28,500.00"
2020-01-27,2020012701010679,NICL,26,57,100,376.00,"37,600.00"
2020-01-27,2020012701010570,NICL,54,11,429,376.00,"161,304.00"
2020-01-27,2020012701010687,NIL,34,54,123,469.00,"57,687.00"
2020-01-27,2020012701010602,NIL,34,33,43,469.00,"20,167.00"
2020-01-27,2020012701010541,NIL,7,45,10,466.00,"4,660.00"
2020-01-27,2020012701010539,NIL,26,33,57,469.00,"26,733.00"
2020-01-27,2020012701010538,NIL,26,43,110,469.00,"51,590.00"
2020-01-27,2020012701010537,NIL,26,32,33,469.00,"15,477.00"
2020-01-27,2020012701010214,NIL,5,33,100,468.00,"46,800.00"
2020-01-27,2020012701010213,NIL,5,49,100,467.00,"46,700.00"
2020-01-27,2020012701010212,NIL,5,55,100,467.00,"46,700.00"
2020-01-27,2020012701010465,NIL,21,54,224,467.00,"104,608.00"
2020-01-27,2020012701010219,NIL,5,32,167,469.00,"78,323.00"
2020-01-27,2020012701010218,NIL,5,58,240,469.00,"112,560.00"
2020-01-27,2020012701010217,NIL,5,53,224,469.00,"105,056.00"
2020-01-27,2020012701010216,NIL,5,7,291,468.00,"136,188.00"
2020-01-27,2020012701010215,NIL,5,38,278,468.00,"130,104.00"
2020-01-27,2020012701010615,NLBBL,14,22,100,705.00,"70,500.00"
2020-01-27,2020012701010614,NLBBL,37,22,100,705.00,"70,500.00"
2020-01-27,2020012701010613,NLBBL,28,22,200,706.00,"141,200.00"
2020-01-27,2020012701010552,NLBBL,29,4,10,712.00,"7,120.00"
2020-01-27,2020012701010527,NLBBL,38,7,100,711.00,"71,100.00"
2020-01-27,2020012701010353,NLBBL,49,34,10,714.00,"7,140.00"
2020-01-27,2020012701010296,NLBBL,21,35,100,705.00,"70,500.00"
2020-01-27,2020012701010648,NLIC,5,42,100,"1,115.00","111,500.00"
2020-01-27,2020012701010545,NLIC,14,54,250,"1,116.00","279,000.00"
2020-01-27,2020012701010462,NLIC,21,54,50,"1,116.00","55,800.00"
2020-01-27,2020012701010411,NLIC,5,54,200,"1,116.00","223,200.00"
2020-01-27,2020012701010400,NLIC,58,4,20,"1,113.00","22,260.00"
2020-01-27,2020012701010211,NLIC,6,4,195,"1,114.00","217,230.00"
2020-01-27,2020012701010686,NLICL,34,50,21,630.00,"13,230.00"
2020-01-27,2020012701010685,NLICL,34,34,180,630.00,"113,400.00"
2020-01-27,2020012701010684,NLICL,34,44,99,630.00,"62,370.00"
2020-01-27,2020012701010590,NLICL,50,58,150,629.00,"94,350.00"
2020-01-27,2020012701010351,NLICL,50,35,90,629.00,"56,610.00"
2020-01-27,2020012701010332,NLICL,5,35,210,629.00,"132,090.00"
2020-01-27,2020012701010464,NMB,4,34,100,357.00,"35,700.00"
2020-01-27,2020012701010445,NMB,34,54,469,356.00,"166,964.00"
2020-01-27,2020012701010444,NMB,34,46,100,356.00,"35,600.00"
2020-01-27,2020012701010382,NMB,35,34,500,357.00,"178,500.00"
2020-01-27,2020012701010381,NMB,35,22,500,357.00,"178,500.00"
2020-01-27,2020012701010415,NNLB,45,36,200,690.00,"138,000.00"
2020-01-27,2020012701010352,NNLB,45,38,20,685.00,"13,700.00"
2020-01-27,2020012701010263,NNLB,45,10,50,685.00,"34,250.00"
2020-01-27,2020012701010262,NNLB,55,10,100,685.00,"68,500.00"
2020-01-27,2020012701010593,NTC,4,14,50,627.00,"31,350.00"
2020-01-27,2020012701010592,NTC,4,42,100,627.00,"62,700.00"
2020-01-27,2020012701010300,NTC,4,14,15,627.00,"9,405.00"
2020-01-27,2020012701010299,NTC,4,38,40,627.00,"25,080.00"
2020-01-27,2020012701010298,NTC,4,28,445,626.00,"278,570.00"
2020-01-27,2020012701010564,NUBL,40,39,350,910.00,"318,500.00"
2020-01-27,2020012701010609,PCBL,50,1,100,269.00,"26,900.00"
2020-01-27,2020012701010608,PCBL,50,57,350,269.00,"94,150.00"
2020-01-27,2020012701010607,PCBL,50,13,128,269.00,"34,432.00"
2020-01-27,2020012701010498,PCBL,50,13,87,269.00,"23,403.00"
2020-01-27,2020012701010497,PCBL,50,11,210,269.00,"56,490.00"
2020-01-27,2020012701010496,PCBL,50,4,203,269.00,"54,607.00"
2020-01-27,2020012701010410,PIC,6,14,77,521.00,"40,117.00"
2020-01-27,2020012701010247,PIC,6,41,11,521.00,"5,731.00"
2020-01-27,2020012701010395,PICL,26,7,187,643.00,"120,241.00"
2020-01-27,2020012701010394,PICL,26,39,63,640.00,"40,320.00"
2020-01-27,2020012701010393,PICL,26,39,150,640.00,"96,000.00"
2020-01-27,2020012701010392,PICL,26,49,200,640.00,"128,000.00"
2020-01-27,2020012701010368,PICL,43,6,100,638.00,"63,800.00"
2020-01-27,2020012701010367,PICL,43,58,100,638.00,"63,800.00"
2020-01-27,2020012701010611,PLIC,48,28,80,528.00,"42,240.00"
2020-01-27,2020012701010610,PLIC,48,37,120,528.00,"63,360.00"
2020-01-27,2020012701010604,PLIC,34,37,100,528.00,"52,800.00"
2020-01-27,2020012701010518,PLIC,42,43,100,526.00,"52,600.00"
2020-01-27,2020012701010510,PLIC,57,6,"1,360",527.00,"716,720.00"
2020-01-27,2020012701010575,PMHPL,6,20,10,87.00,870.00
2020-01-27,2020012701010623,PPCL,33,17,10,122.00,"1,220.00"
2020-01-27,2020012701010667,PROFL,17,57,20,109.00,"2,180.00"
2020-01-27,2020012701010599,PRVU,49,44,121,248.00,"30,008.00"
2020-01-27,2020012701010547,PRVU,58,36,638,247.00,"157,586.00"
2020-01-27,2020012701010491,PRVU,41,36,80,248.00,"19,840.00"
2020-01-27,2020012701010487,PRVU,13,36,282,248.00,"69,936.00"
2020-01-27,2020012701010486,PRVU,13,5,200,248.00,"49,600.00"
2020-01-27,2020012701010485,PRVU,13,14,18,248.00,"4,464.00"
2020-01-27,2020012701010600,RADHI,13,20,11,147.00,"1,617.00"
2020-01-27,2020012701010502,RBCLPO,59,39,10,"8,730.00","87,300.00"
2020-01-27,2020012701010629,RHPC,39,20,19,76.00,"1,444.00"
2020-01-27,2020012701010594,RHPL,4,45,300,173.00,"51,900.00"
2020-01-27,2020012701010556,RHPL,4,3,200,173.00,"34,600.00"
2020-01-27,2020012701010336,RHPL,43,57,80,174.00,"13,920.00"
2020-01-27,2020012701010284,RHPL,43,41,40,174.00,"6,960.00"
2020-01-27,2020012701010243,RHPL,43,16,30,174.00,"5,220.00"
2020-01-27,2020012701010241,RHPL,43,58,40,174.00,"6,960.00"
2020-01-27,2020012701010651,RRHP,42,20,10,99.00,990.00
2020-01-27,2020012701010637,RSDC,11,49,102,422.00,"43,044.00"
2020-01-27,2020012701010636,RSDC,11,41,18,422.00,"7,596.00"
2020-01-27,2020012701010635,RSDC,11,49,45,422.00,"18,990.00"
2020-01-27,2020012701010568,RSDC,11,45,35,421.00,"14,735.00"
2020-01-27,2020012701010567,RSDC,11,39,300,421.00,"126,300.00"
2020-01-27,2020012701010220,RSDC,39,45,63,420.00,"26,460.00"
2020-01-27,2020012701010457,SABSL,51,21,10,771.00,"7,710.00"
2020-01-27,2020012701010492,SADBL,14,42,289,154.00,"44,506.00"
2020-01-27,2020012701010333,SADBL,20,4,253,153.00,"38,709.00"
2020-01-27,2020012701010361,SANIMA,14,16,"2,000",349.00,"698,000.00"
2020-01-27,2020012701010360,SANIMA,14,38,100,349.00,"34,900.00"
2020-01-27,2020012701010359,SANIMA,14,1,"2,216",348.00,"771,168.00"
2020-01-27,2020012701010358,SANIMA,14,6,700,347.00,"242,900.00"
2020-01-27,2020012701010484,SBL,25,14,100,311.00,"31,100.00"
2020-01-27,2020012701010349,SBL,34,52,120,310.00,"37,200.00"
2020-01-27,2020012701010670,SCB,39,20,10,600.00,"6,000.00"
2020-01-27,2020012701010531,SDESI,45,35,200,784.00,"156,800.00"
2020-01-27,2020012701010530,SDESI,34,35,44,786.00,"34,584.00"
2020-01-27,2020012701010638,SHINE,16,52,421,256.00,"107,776.00"
2020-01-27,2020012701010626,SHIVM,45,58,200,512.00,"102,400.00"
2020-01-27,2020012701010625,SHIVM,45,55,100,511.00,"51,100.00"
2020-01-27,2020012701010528,SHIVM,49,58,600,510.00,"306,000.00"
2020-01-27,2020012701010442,SHIVM,45,43,200,509.00,"101,800.00"
2020-01-27,2020012701010398,SHIVM,28,43,200,509.00,"101,800.00"
2020-01-27,2020012701010305,SHIVM,25,57,100,510.00,"51,000.00"
2020-01-27,2020012701010304,SHIVM,45,57,438,510.00,"223,380.00"
2020-01-27,2020012701010235,SHIVM,45,17,62,510.00,"31,620.00"
2020-01-27,2020012701010234,SHIVM,22,17,38,510.00,"19,380.00"
2020-01-27,2020012701010311,SHIVM,36,57,300,508.00,"152,400.00"
2020-01-27,2020012701010310,SHIVM,45,57,20,508.00,"10,160.00"
2020-01-27,2020012701010309,SHIVM,7,57,500,508.00,"254,000.00"
2020-01-27,2020012701010308,SHIVM,35,57,30,508.00,"15,240.00"
2020-01-27,2020012701010307,SHIVM,52,57,50,509.00,"25,450.00"
2020-01-27,2020012701010306,SHIVM,51,57,500,509.00,"254,500.00"
2020-01-27,2020012701010317,SHIVM,14,57,232,506.00,"117,392.00"
2020-01-27,2020012701010316,SHIVM,33,57,75,506.00,"37,950.00"
2020-01-27,2020012701010315,SHIVM,38,57,500,506.00,"253,000.00"
2020-01-27,2020012701010314,SHIVM,35,57,500,506.00,"253,000.00"
2020-01-27,2020012701010313,SHIVM,49,57,55,507.00,"27,885.00"
2020-01-27,2020012701010312,SHIVM,25,57,200,508.00,"101,600.00"
2020-01-27,2020012701010550,SHPC,36,10,196,199.00,"39,004.00"
2020-01-27,2020012701010493,SHPC,25,14,250,198.00,"49,500.00"
2020-01-27,2020012701010418,SHPC,25,14,750,198.00,"148,500.00"
2020-01-27,2020012701010417,SHPC,59,14,250,198.00,"49,500.00"
2020-01-27,2020012701010507,SIC,53,38,87,638.00,"55,506.00"
2020-01-27,2020012701010506,SICL,53,52,20,"1,000.00","20,000.00"
2020-01-27,2020012701010421,SICL,56,5,38,"1,000.00","38,000.00"
2020-01-27,2020012701010258,SICL,50,56,40,"1,000.00","40,000.00"
2020-01-27,2020012701010257,SICL,50,44,100,"1,000.00","100,000.00"
2020-01-27,2020012701010256,SICL,50,56,300,"1,000.00","300,000.00"
2020-01-27,2020012701010255,SICL,50,21,55,"1,000.00","55,000.00"
2020-01-27,2020012701010505,SICL,53,42,428,"1,000.00","428,000.00"
2020-01-27,2020012701010425,SICL,56,42,52,"1,000.00","52,000.00"
2020-01-27,2020012701010424,SICL,56,57,40,"1,000.00","40,000.00"
2020-01-27,2020012701010423,SICL,56,45,50,"1,000.00","50,000.00"
2020-01-27,2020012701010422,SICL,56,16,20,"1,000.00","20,000.00"
2020-01-27,2020012701010364,SIL,5,43,71,514.00,"36,494.00"
2020-01-27,2020012701010363,SIL,5,25,113,513.00,"57,969.00"
2020-01-27,2020012701010331,SJCL,34,58,20,161.00,"3,220.00"
2020-01-27,2020012701010320,SJCL,34,41,20,161.00,"3,220.00"
2020-01-27,2020012701010297,SJCL,34,16,20,161.00,"3,220.00"
2020-01-27,2020012701010642,SLBBL,40,57,200,764.00,"152,800.00"
2020-01-27,2020012701010620,SLBBL,34,57,100,765.00,"76,500.00"
2020-01-27,2020012701010429,SLBBL,28,35,100,771.00,"77,100.00"
2020-01-27,2020012701010372,SLBBL,34,6,20,771.00,"15,420.00"
2020-01-27,2020012701010371,SLBBL,34,29,25,771.00,"19,275.00"
2020-01-27,2020012701010431,SLBBL,28,35,75,772.00,"57,900.00"
2020-01-27,2020012701010430,SLBBL,28,22,125,771.00,"96,375.00"
2020-01-27,2020012701010595,SLICL,44,29,20,419.00,"8,380.00"
2020-01-27,2020012701010579,SLICL,16,42,50,418.00,"20,900.00"
2020-01-27,2020012701010578,SLICL,16,17,500,418.00,"209,000.00"
2020-01-27,2020012701010577,SLICL,16,45,155,418.00,"64,790.00"
2020-01-27,2020012701010566,SLICL,59,45,365,418.00,"152,570.00"
2020-01-27,2020012701010565,SLICL,59,37,135,418.00,"56,430.00"
2020-01-27,2020012701010303,SLICL,26,22,254,418.00,"106,172.00"
2020-01-27,2020012701010302,SLICL,26,1,246,418.00,"102,828.00"
2020-01-27,2020012701010259,SLICL,44,1,20,418.00,"8,360.00"
2020-01-27,2020012701010253,SLICL,1,52,80,417.00,"33,360.00"
2020-01-27,2020012701010549,SLICL,5,37,43,418.00,"17,974.00"
2020-01-27,2020012701010548,SLICL,5,22,226,418.00,"94,468.00"
2020-01-27,2020012701010443,SLICL,44,22,20,418.00,"8,360.00"
2020-01-27,2020012701010427,SLICL,46,38,80,417.00,"33,360.00"
2020-01-27,2020012701010420,SLICL,16,38,500,417.00,"208,500.00"
2020-01-27,2020012701010419,SLICL,1,38,20,417.00,"8,340.00"
2020-01-27,2020012701010544,SMFBS,28,6,100,956.00,"95,600.00"
2020-01-27,2020012701010543,SMFBS,25,6,10,956.00,"9,560.00"
2020-01-27,2020012701010525,SPARS,38,38,50,808.00,"40,400.00"
2020-01-27,2020012701010515,SPDL,29,43,10,102.00,"1,020.00"
2020-01-27,2020012701010514,SPDL,29,35,15,102.00,"1,530.00"
2020-01-27,2020012701010513,SPDL,29,25,15,101.00,"1,515.00"
2020-01-27,2020012701010512,SPDL,29,6,10,101.00,"1,010.00"
2020-01-27,2020012701010451,TRH,55,58,40,306.00,"12,240.00"
2020-01-27,2020012701010373,UFL,49,4,266,176.00,"46,816.00"
2020-01-27,2020012701010558,UPPER,50,45,30,245.00,"7,350.00"
2020-01-27,2020012701010426,VLBS,49,4,13,869.00,"11,297.00"
2020-01-27,2020012701010239,VLBS,49,50,100,875.00,"87,500.00"
2020-01-27,2020012701010238,VLBS,49,58,100,875.00,"87,500.00"
2020-01-27,2020012701010703,WOMI,10,39,200,955.00,"191,000.00"
2020-01-27,2020012701010542,WOMI,48,53,290,960.00,"278,400.00"
2020-01-27,2020012701010503,WOMI,43,14,136,962.00,"130,832.00"
2020-01-27,2020012701010446,WOMI,10,49,114,962.00,"109,668.00"
2020-01-27,2020012701010362,WOMI,48,47,10,960.00,"9,600.00"
2020-01-27,2020012701010447,WOMI,10,14,64,962.00,"61,568.00"
2020-01-27,2020012701010105,ADBL,34,48,175,383.00,"67,025.00"
2020-01-27,2020012701010054,AHPC,25,49,115,94.00,"10,810.00"
2020-01-27,2020012701010020,ALBSL,22,34,210,667.00,"140,070.00"
2020-01-27,2020012701010019,ALBSL,22,14,10,665.00,"6,650.00"
2020-01-27,2020012701010018,ALBSL,22,44,10,665.00,"6,650.00"
2020-01-27,2020012701010017,ALBSL,22,41,10,665.00,"6,650.00"
2020-01-27,2020012701010016,ALBSL,22,8,10,665.00,"6,650.00"
2020-01-27,2020012701010015,ALBSL,22,59,10,664.00,"6,640.00"
2020-01-27,2020012701009820,ALBSL,22,29,70,660.00,"46,200.00"
2020-01-27,2020012701010205,ALICL,40,57,43,514.00,"22,102.00"
2020-01-27,2020012701010204,ALICL,39,57,100,514.00,"51,400.00"
2020-01-27,2020012701010186,ALICL,5,38,445,515.00,"229,175.00"
2020-01-27,2020012701010181,ALICL,6,42,500,518.00,"259,000.00"
2020-01-27,2020012701010180,ALICL,6,39,100,518.00,"51,800.00"
2020-01-27,2020012701009881,ALICL,39,59,183,516.00,"94,428.00"
2020-01-27,2020012701010172,API,25,33,61,117.00,"7,137.00"
2020-01-27,2020012701009915,API,29,45,11,115.00,"1,265.00"
2020-01-27,2020012701009893,API,37,13,600,116.00,"69,600.00"
2020-01-27,2020012701009873,API,22,13,100,116.00,"11,600.00"
2020-01-27,2020012701009823,API,25,13,41,116.00,"4,756.00"
2020-01-27,2020012701009812,API,25,13,200,116.00,"23,200.00"
2020-01-27,2020012701009744,API,1,13,218,116.00,"25,288.00"
2020-01-27,2020012701009723,BBC,37,51,40,"1,787.00","71,480.00"
2020-01-27,2020012701009722,BBC,40,51,10,"1,787.00","17,870.00"
2020-01-27,2020012701010113,BFC,53,48,"2,000",98.00,"196,000.00"
2020-01-27,2020012701010179,BOKL,4,45,169,235.00,"39,715.00"
2020-01-27,2020012701010171,BOKL,49,57,19,231.00,"4,389.00"
2020-01-27,2020012701010155,BOKL,18,37,50,234.00,"11,700.00"
2020-01-27,2020012701010123,BOKL,18,41,93,233.00,"21,669.00"
2020-01-27,2020012701009886,BOKL,39,49,298,233.00,"69,434.00"
2020-01-27,2020012701009838,BOKL,39,49,410,231.00,"94,710.00"
2020-01-27,2020012701009837,BOKL,39,57,795,231.00,"183,645.00"
2020-01-27,2020012701010144,CBL,32,57,53,145.00,"7,685.00"
2020-01-27,2020012701009958,CCBL,33,26,600,182.00,"109,200.00"
2020-01-27,2020012701009815,CCBL,33,29,172,182.00,"31,304.00"
2020-01-27,2020012701009714,CCBL,33,41,250,182.00,"45,500.00"
2020-01-27,2020012701010140,CCBL,33,25,200,182.00,"36,400.00"
2020-01-27,2020012701010125,CCBL,33,57,70,182.00,"12,740.00"
2020-01-27,2020012701009809,CHCL,49,34,269,417.00,"112,173.00"
2020-01-27,2020012701009808,CHCL,49,34,269,417.00,"112,173.00"
2020-01-27,2020012701009807,CHCL,49,34,269,417.00,"112,173.00"
2020-01-27,2020012701009806,CHCL,49,14,431,416.00,"179,296.00"
2020-01-27,2020012701009805,CHCL,49,4,125,416.00,"52,000.00"
2020-01-27,2020012701009804,CHCL,49,48,500,415.00,"207,500.00"
2020-01-27,2020012701009885,CIT,22,34,65,"2,187.00","142,155.00"
2020-01-27,2020012701009831,CIT,28,13,50,"2,190.00","109,500.00"
2020-01-27,2020012701009814,CIT,28,50,50,"2,190.00","109,500.00"
2020-01-27,2020012701010030,CLBSL,26,4,17,855.00,"14,535.00"
2020-01-27,2020012701009927,CLBSL,13,21,11,864.00,"9,504.00"
2020-01-27,2020012701009926,CLBSL,13,48,90,864.00,"77,760.00"
2020-01-27,2020012701009925,CLBSL,13,39,13,860.00,"11,180.00"
2020-01-27,2020012701010196,CZBIL,34,5,60,192.00,"11,520.00"
2020-01-27,2020012701010059,CZBIL,34,40,253,192.00,"48,576.00"
2020-01-27,2020012701010058,CZBIL,29,40,50,192.00,"9,600.00"
2020-01-27,2020012701010057,CZBIL,56,40,50,192.00,"9,600.00"
2020-01-27,2020012701010056,CZBIL,29,40,162,192.00,"31,104.00"
2020-01-27,2020012701009786,CZBIL,56,56,46,193.00,"8,878.00"
2020-01-27,2020012701009785,CZBIL,56,49,209,193.00,"40,337.00"
2020-01-27,2020012701009784,CZBIL,56,6,"1,637",193.00,"315,941.00"
2020-01-27,2020012701010154,DDBL,25,53,50,805.00,"40,250.00"
2020-01-27,2020012701009834,DDBL,43,6,"1,000",806.00,"806,000.00"
2020-01-27,2020012701009991,EBL,45,42,28,610.00,"17,080.00"
2020-01-27,2020012701009990,EBL,45,57,100,610.00,"61,000.00"
2020-01-27,2020012701009989,EBL,45,29,50,610.00,"30,500.00"
2020-01-27,2020012701009988,EBL,45,38,22,609.00,"13,398.00"
2020-01-27,2020012701010209,EIC,49,38,500,342.00,"171,000.00"
2020-01-27,2020012701010208,EIC,25,38,255,342.00,"87,210.00"
2020-01-27,2020012701010088,EIC,57,7,400,344.00,"137,600.00"
2020-01-27,2020012701010087,EIC,57,32,42,344.00,"14,448.00"
2020-01-27,2020012701010086,EIC,57,34,200,344.00,"68,800.00"
2020-01-27,2020012701009941,EIC,25,25,80,342.00,"27,360.00"
2020-01-27,2020012701009914,EIC,25,34,20,342.00,"6,840.00"
2020-01-27,2020012701009913,EIC,42,34,80,343.00,"27,440.00"
2020-01-27,2020012701009773,EIC,42,13,250,343.00,"85,750.00"
2020-01-27,2020012701010177,FMDBL,6,34,180,423.00,"76,140.00"
2020-01-27,2020012701010176,FMDBL,6,20,100,423.00,"42,300.00"
2020-01-27,2020012701010175,FMDBL,6,25,120,423.00,"50,760.00"
2020-01-27,2020012701010174,FMDBL,6,50,100,423.00,"42,300.00"
2020-01-27,2020012701010129,FMDBL,49,45,100,422.00,"42,200.00"
2020-01-27,2020012701010128,FMDBL,49,45,300,422.00,"126,600.00"
2020-01-27,2020012701010127,FMDBL,49,57,200,422.00,"84,400.00"
2020-01-27,2020012701010126,FMDBL,49,41,11,421.00,"4,631.00"
2020-01-27,2020012701009998,FMDBL,41,42,200,421.00,"84,200.00"
2020-01-27,2020012701009833,FMDBL,45,45,245,420.00,"102,900.00"
2020-01-27,2020012701009832,FMDBL,33,45,55,420.00,"23,100.00"
2020-01-27,2020012701009760,FMDBL,33,25,17,420.00,"7,140.00"
2020-01-27,2020012701010139,FOWAD,32,39,17,"1,229.00","20,893.00"
2020-01-27,2020012701009830,FOWAD,34,51,197,"1,227.00","241,719.00"
2020-01-27,2020012701009829,FOWAD,34,28,23,"1,225.00","28,175.00"
2020-01-27,2020012701009828,FOWAD,34,59,80,"1,225.00","98,000.00"
2020-01-27,2020012701009827,FOWAD,34,40,200,"1,224.00","244,800.00"
2020-01-27,2020012701009845,GBBL,41,56,150,234.00,"35,100.00"
2020-01-27,2020012701010145,GBIME,14,58,34,293.00,"9,962.00"
2020-01-27,2020012701010053,GBIME,45,28,100,294.00,"29,400.00"
2020-01-27,2020012701010047,GBIME,14,52,245,293.00,"71,785.00"
2020-01-27,2020012701009997,GBIME,7,28,131,294.00,"38,514.00"
2020-01-27,2020012701009996,GBIME,7,13,69,294.00,"20,286.00"
2020-01-27,2020012701009945,GBIME,26,13,200,294.00,"58,800.00"
2020-01-27,2020012701009876,GBIME,45,13,200,294.00,"58,800.00"
2020-01-27,2020012701009869,GBIME,44,13,10,294.00,"2,940.00"
2020-01-27,2020012701009818,GBIME,58,40,"1,000",293.00,"293,000.00"
2020-01-27,2020012701009817,GBIME,6,40,850,293.00,"249,050.00"
2020-01-27,2020012701010143,GBLBS,50,6,200,445.00,"89,000.00"
2020-01-27,2020012701010142,GBLBS,50,35,895,445.00,"398,275.00"
2020-01-27,2020012701010134,GBLBS,14,35,50,445.00,"22,250.00"
2020-01-27,2020012701010133,GBLBS,14,32,200,445.00,"89,000.00"
2020-01-27,2020012701010116,GBLBS,39,35,250,444.00,"111,000.00"
2020-01-27,2020012701010064,GBLBS,35,35,50,444.00,"22,200.00"
2020-01-27,2020012701009975,GBLBS,39,35,55,445.00,"24,475.00"
2020-01-27,2020012701009931,GBLBS,39,51,15,445.00,"6,675.00"
2020-01-27,2020012701009930,GBLBS,39,21,230,445.00,"102,350.00"
2020-01-27,2020012701009924,GBLBS,35,45,200,444.00,"88,800.00"
2020-01-27,2020012701009923,GBLBS,35,25,50,444.00,"22,200.00"
2020-01-27,2020012701009710,GBLBS,26,21,270,445.00,"120,150.00"
2020-01-27,2020012701009966,GGBSL,25,51,10,865.00,"8,650.00"
2020-01-27,2020012701009898,GIMES1,32,8,"2,000",8.41,"16,820.00"
2020-01-27,2020012701010107,GLBSL,55,58,10,635.00,"6,350.00"
2020-01-27,2020012701010106,GLBSL,55,14,10,632.00,"6,320.00"
2020-01-27,2020012701010071,GLBSL,55,42,20,630.00,"12,600.00"
2020-01-27,2020012701009922,GLBSL,52,32,10,620.00,"6,200.00"
2020-01-27,2020012701010075,GLICL,28,45,50,679.00,"33,950.00"
2020-01-27,2020012701010046,GLICL,58,48,374,673.00,"251,702.00"
2020-01-27,2020012701010043,GLICL,42,45,50,679.00,"33,950.00"
2020-01-27,2020012701010042,GLICL,42,26,50,678.00,"33,900.00"
2020-01-27,2020012701009957,GLICL,25,34,500,678.00,"339,000.00"
2020-01-27,2020012701009956,GLICL,25,7,110,675.00,"74,250.00"
2020-01-27,2020012701010178,GMFBS,14,58,10,765.00,"7,650.00"
2020-01-27,2020012701010167,GRDBL,59,7,200,112.00,"22,400.00"
2020-01-27,2020012701010166,GRDBL,25,7,250,112.00,"28,000.00"
2020-01-27,2020012701010052,HURJA,11,57,10,108.00,"1,080.00"
2020-01-27,2020012701010120,ILBS,29,57,50,810.00,"40,500.00"
2020-01-27,2020012701009987,ILBS,28,57,170,810.00,"137,700.00"
2020-01-27,2020012701009937,ILBS,28,45,50,810.00,"40,500.00"
2020-01-27,2020012701009745,ILBS,28,49,10,810.00,"8,100.00"
2020-01-27,2020012701009934,JBBL,58,35,100,180.00,"18,000.00"
2020-01-27,2020012701010006,JOSHI,34,38,20,63.00,"1,260.00"
2020-01-27,2020012701010161,JSLBB,4,22,100,"1,450.00","145,000.00"
2020-01-27,2020012701010160,JSLBB,4,35,22,"1,450.00","31,900.00"
2020-01-27,2020012701010159,JSLBB,4,35,73,"1,450.00","105,850.00"
2020-01-27,2020012701010158,JSLBB,4,1,66,"1,450.00","95,700.00"
2020-01-27,2020012701010157,JSLBB,4,32,100,"1,449.00","144,900.00"
2020-01-27,2020012701010156,JSLBB,4,58,30,"1,447.00","43,410.00"
2020-01-27,2020012701010044,JSLBB,37,55,15,"1,430.00","21,450.00"
2020-01-27,2020012701010110,JSLBB,51,58,40,"1,447.00","57,880.00"
2020-01-27,2020012701010109,JSLBB,51,49,10,"1,445.00","14,450.00"
2020-01-27,2020012701010108,JSLBB,51,7,50,"1,445.00","72,250.00"
2020-01-27,2020012701010045,JSLBB,37,49,10,"1,445.00","14,450.00"
2020-01-27,2020012701010202,KBL,34,33,"2,000",193.00,"386,000.00"
2020-01-27,2020012701010089,KBL,26,57,17,192.00,"3,264.00"
2020-01-27,2020012701010084,KBL,34,6,152,193.00,"29,336.00"
2020-01-27,2020012701010083,KBL,34,42,150,193.00,"28,950.00"
2020-01-27,2020012701010082,KBL,34,14,"1,143",193.00,"220,599.00"
2020-01-27,2020012701010081,KBL,34,1,213,193.00,"41,109.00"
2020-01-27,2020012701009868,KBL,29,14,25,193.00,"4,825.00"
2020-01-27,2020012701009867,KBL,29,6,975,193.00,"188,175.00"
2020-01-27,2020012701009721,KBL,44,49,55,192.00,"10,560.00"
2020-01-27,2020012701009889,KPCL,42,44,10,89.00,890.00
2020-01-27,2020012701009728,KSBBL,22,29,200,152.00,"30,400.00"
2020-01-27,2020012701010151,LBBL,4,38,500,191.00,"95,500.00"
2020-01-27,2020012701009979,LBBL,4,38,100,191.00,"19,100.00"
2020-01-27,2020012701009866,LBBL,4,38,100,191.00,"19,100.00"
2020-01-27,2020012701009789,LBBL,16,38,500,191.00,"95,500.00"
2020-01-27,2020012701009788,LBBL,42,38,500,191.00,"95,500.00"
2020-01-27,2020012701009787,LBBL,49,38,300,191.00,"57,300.00"
2020-01-27,2020012701009746,LBBL,4,39,100,193.00,"19,300.00"
2020-01-27,2020012701010027,LBL,33,40,250,207.00,"51,750.00"
2020-01-27,2020012701010026,LBL,14,40,200,207.00,"41,400.00"
2020-01-27,2020012701010025,LBL,11,40,50,207.00,"10,350.00"
2020-01-27,2020012701010138,LGIL,40,14,200,432.00,"86,400.00"
2020-01-27,2020012701010137,LGIL,40,44,500,432.00,"216,000.00"
2020-01-27,2020012701010136,LGIL,40,5,200,431.00,"86,200.00"
2020-01-27,2020012701010135,LGIL,40,41,80,431.00,"34,480.00"
2020-01-27,2020012701009900,LGIL,49,58,100,430.00,"43,000.00"
2020-01-27,2020012701009872,LGIL,58,58,3,430.00,"1,290.00"
2020-01-27,2020012701009755,LGIL,25,33,18,428.00,"7,704.00"
2020-01-27,2020012701010051,LICN,25,51,12,"1,229.00","14,748.00"
2020-01-27,2020012701010093,MBL,35,28,377,233.00,"87,841.00"
2020-01-27,2020012701010092,MBL,35,11,13,233.00,"3,029.00"
2020-01-27,2020012701010091,MBL,35,35,143,233.00,"33,319.00"
2020-01-27,2020012701009978,MBL,26,35,100,233.00,"23,300.00"
2020-01-27,2020012701009890,MBL,1,35,100,233.00,"23,300.00"
2020-01-27,2020012701009727,MBL,29,35,200,233.00,"46,600.00"
2020-01-27,2020012701010200,MDB,42,44,30,292.00,"8,760.00"
2020-01-27,2020012701010195,MEGA,32,57,866,198.00,"171,468.00"
2020-01-27,2020012701010194,MEGA,49,57,139,198.00,"27,522.00"
2020-01-27,2020012701010170,MEGA,35,43,500,199.00,"99,500.00"
2020-01-27,2020012701009912,MEGA,49,49,500,198.00,"99,000.00"
2020-01-27,2020012701009911,MEGA,49,14,77,198.00,"15,246.00"
2020-01-27,2020012701009904,MEGA,49,20,100,198.00,"19,800.00"
2020-01-27,2020012701009903,MEGA,49,38,500,198.00,"99,000.00"
2020-01-27,2020012701009902,MEGA,49,57,"2,517",198.00,"498,366.00"
2020-01-27,2020012701009779,MEGA,45,57,500,198.00,"99,000.00"
2020-01-27,2020012701009910,MEGA,49,32,34,198.00,"6,732.00"
2020-01-27,2020012701009909,MEGA,49,32,34,198.00,"6,732.00"
2020-01-27,2020012701009908,MEGA,49,57,300,198.00,"59,400.00"
2020-01-27,2020012701009907,MEGA,49,17,99,198.00,"19,602.00"
2020-01-27,2020012701009906,MEGA,49,51,300,198.00,"59,400.00"
2020-01-27,2020012701009905,MEGA,49,29,400,198.00,"79,200.00"
2020-01-27,2020012701009936,MERO,16,35,11,639.00,"7,029.00"
2020-01-27,2020012701009935,MERO,16,14,189,639.00,"120,771.00"
2020-01-27,2020012701009826,MERO,34,14,11,639.00,"7,029.00"
2020-01-27,2020012701009825,MERO,34,45,13,638.00,"8,294.00"
2020-01-27,2020012701009797,MERO,34,26,900,635.00,"571,500.00"
2020-01-27,2020012701009796,MERO,34,50,150,635.00,"95,250.00"
2020-01-27,2020012701009795,MERO,34,13,111,634.00,"70,374.00"
2020-01-27,2020012701009794,MERO,34,28,212,634.00,"134,408.00"
2020-01-27,2020012701009793,MERO,34,34,40,634.00,"25,360.00"
2020-01-27,2020012701009792,MERO,34,43,20,633.00,"12,660.00"
2020-01-27,2020012701009824,MERO,34,45,36,636.00,"22,896.00"
2020-01-27,2020012701009802,MERO,34,45,64,636.00,"40,704.00"
2020-01-27,2020012701009801,MERO,34,13,33,636.00,"20,988.00"
2020-01-27,2020012701009800,MERO,34,45,50,635.00,"31,750.00"
2020-01-27,2020012701009799,MERO,34,28,200,635.00,"127,000.00"
2020-01-27,2020012701009798,MERO,34,42,20,635.00,"12,700.00"
2020-01-27,2020012701009919,MLBBL,26,26,500,630.00,"315,000.00"
2020-01-27,2020012701010090,MLBL,4,17,272,205.00,"55,760.00"
2020-01-27,2020012701009862,MNBBL,1,58,500,317.00,"158,500.00"
2020-01-27,2020012701009861,MNBBL,41,58,241,317.00,"76,397.00"
2020-01-27,2020012701009981,NABIL,25,16,20,723.00,"14,460.00"
2020-01-27,2020012701009974,NABIL,21,16,20,723.00,"14,460.00"
2020-01-27,2020012701009895,NABIL,16,16,100,723.00,"72,300.00"
2020-01-27,2020012701009822,NABIL,16,16,100,723.00,"72,300.00"
2020-01-27,2020012701010141,NADEP,55,28,100,656.00,"65,600.00"
2020-01-27,2020012701009976,NADEP,7,28,269,656.00,"176,464.00"
2020-01-27,2020012701009732,NADEP,34,21,11,650.00,"7,150.00"
2020-01-27,2020012701009731,NADEP,34,59,23,650.00,"14,950.00"
2020-01-27,2020012701009730,NADEP,34,43,200,649.00,"129,800.00"
2020-01-27,2020012701009729,NADEP,34,8,40,649.00,"25,960.00"
2020-01-27,2020012701009738,NADEP,34,36,300,650.00,"195,000.00"
2020-01-27,2020012701009737,NADEP,34,51,10,650.00,"6,500.00"
2020-01-27,2020012701009736,NADEP,34,44,500,650.00,"325,000.00"
2020-01-27,2020012701009735,NADEP,34,41,100,650.00,"65,000.00"
2020-01-27,2020012701009734,NADEP,34,11,100,650.00,"65,000.00"
2020-01-27,2020012701009733,NADEP,34,39,40,650.00,"26,000.00"
2020-01-27,2020012701009767,NADEP,36,34,230,651.00,"149,730.00"
2020-01-27,2020012701009743,NADEP,34,50,23,650.00,"14,950.00"
2020-01-27,2020012701009742,NADEP,34,46,23,650.00,"14,950.00"
2020-01-27,2020012701009741,NADEP,34,46,23,650.00,"14,950.00"
2020-01-27,2020012701009740,NADEP,34,42,50,650.00,"32,500.00"
2020-01-27,2020012701009739,NADEP,34,57,20,650.00,"13,000.00"
2020-01-27,2020012701009810,NADEP,36,18,10,652.00,"6,520.00"
2020-01-27,2020012701009772,NADEP,36,20,57,651.00,"37,107.00"
2020-01-27,2020012701009771,NADEP,36,20,23,651.00,"14,973.00"
2020-01-27,2020012701009770,NADEP,36,20,23,651.00,"14,973.00"
2020-01-27,2020012701009769,NADEP,36,20,23,651.00,"14,973.00"
2020-01-27,2020012701009768,NADEP,36,20,23,651.00,"14,973.00"
2020-01-27,2020012701009968,NADEP,7,43,200,655.00,"131,000.00"
2020-01-27,2020012701009967,NADEP,7,43,31,652.00,"20,212.00"
2020-01-27,2020012701009950,NADEP,7,43,169,652.00,"110,188.00"
2020-01-27,2020012701009949,NADEP,7,52,331,652.00,"215,812.00"
2020-01-27,2020012701009877,NADEP,34,43,37,650.00,"24,050.00"
2020-01-27,2020012701009811,NADEP,36,52,290,652.00,"189,080.00"
2020-01-27,2020012701010041,NBL,4,57,365,276.00,"100,740.00"
2020-01-27,2020012701010040,NBL,4,49,77,276.00,"21,252.00"
2020-01-27,2020012701010039,NBL,4,58,158,276.00,"43,608.00"
2020-01-27,2020012701010029,NBL,14,34,500,275.00,"137,500.00"
2020-01-27,2020012701010028,NBL,14,58,"2,032",275.00,"558,800.00"
2020-01-27,2020012701009933,NBL,17,58,100,275.00,"27,500.00"
2020-01-27,2020012701009835,NBL,17,58,200,275.00,"55,000.00"
2020-01-27,2020012701009813,NBL,4,58,200,275.00,"55,000.00"
2020-01-27,2020012701009781,NBL,32,58,300,275.00,"82,500.00"
2020-01-27,2020012701009780,NBL,35,58,130,275.00,"35,750.00"
2020-01-27,2020012701009762,NBL,35,4,870,275.00,"239,250.00"
2020-01-27,2020012701009856,NBL,6,4,500,274.00,"137,000.00"
2020-01-27,2020012701009855,NBL,16,4,30,274.00,"8,220.00"
2020-01-27,2020012701009854,NBL,1,4,100,274.00,"27,400.00"
2020-01-27,2020012701009853,NBL,35,4,100,274.00,"27,400.00"
2020-01-27,2020012701009852,NBL,47,4,400,274.00,"109,600.00"
2020-01-27,2020012701009844,NBL,5,58,200,275.00,"55,000.00"
2020-01-27,2020012701009921,NBL,26,58,100,275.00,"27,500.00"
2020-01-27,2020012701009880,NBL,17,58,200,275.00,"55,000.00"
2020-01-27,2020012701009860,NBL,1,4,220,274.00,"60,280.00"
2020-01-27,2020012701009859,NBL,32,4,500,274.00,"137,000.00"
2020-01-27,2020012701009858,NBL,21,4,100,274.00,"27,400.00"
2020-01-27,2020012701009857,NBL,38,4,50,274.00,"13,700.00"
2020-01-27,2020012701010165,NCCB,42,48,266,198.00,"52,668.00"
2020-01-27,2020012701010164,NCCB,52,48,250,198.00,"49,500.00"
2020-01-27,2020012701010163,NCCB,14,48,500,198.00,"99,000.00"
2020-01-27,2020012701010162,NCCB,25,48,707,198.00,"139,986.00"
2020-01-27,2020012701010085,NCCB,25,58,170,198.00,"33,660.00"
2020-01-27,2020012701010068,NCCB,25,4,44,198.00,"8,712.00"
2020-01-27,2020012701009725,NCCB,25,40,979,198.00,"193,842.00"
2020-01-27,2020012701009724,NCCB,32,40,21,198.00,"4,158.00"
2020-01-27,2020012701009839,NCCB,25,21,100,198.00,"19,800.00"
2020-01-27,2020012701009816,NCCB,32,47,300,199.00,"59,700.00"
2020-01-27,2020012701009759,NCCB,34,52,300,199.00,"59,700.00"
2020-01-27,2020012701009758,NCCB,34,34,100,199.00,"19,900.00"
2020-01-27,2020012701009757,NCCB,34,33,289,199.00,"57,511.00"
2020-01-27,2020012701009756,NCCB,34,34,"5,391",199.00,"1,072,809.00"
2020-01-27,2020012701010070,NHPC,39,38,82,53.00,"4,346.00"
2020-01-27,2020012701010069,NHPC,39,14,918,53.00,"48,654.00"
2020-01-27,2020012701009891,NHPC,7,58,"1,000",52.00,"52,000.00"
2020-01-27,2020012701009977,NIB,58,17,18,397.00,"7,146.00"
2020-01-27,2020012701009803,NIB,55,17,40,397.00,"15,880.00"
2020-01-27,2020012701009712,NIB,43,49,91,396.00,"36,036.00"
2020-01-27,2020012701009711,NIB,37,49,45,397.00,"17,865.00"
2020-01-27,2020012701010038,NICA,38,36,500,471.00,"235,500.00"
2020-01-27,2020012701010037,NICA,56,36,229,471.00,"107,859.00"
2020-01-27,2020012701009932,NICA,56,25,21,471.00,"9,891.00"
2020-01-27,2020012701010104,NICL,34,11,200,376.00,"75,200.00"
2020-01-27,2020012701010074,NICL,57,44,89,375.00,"33,375.00"
2020-01-27,2020012701009777,NICL,53,11,300,376.00,"112,800.00"
2020-01-27,2020012701010192,NLBBL,11,29,79,714.00,"56,406.00"
2020-01-27,2020012701010191,NLBBL,11,43,21,714.00,"14,994.00"
2020-01-27,2020012701010036,NLBBL,38,43,79,714.00,"56,406.00"
2020-01-27,2020012701010035,NLBBL,38,21,121,713.00,"86,273.00"
2020-01-27,2020012701010034,NLBBL,38,1,100,713.00,"71,300.00"
2020-01-27,2020012701010033,NLBBL,38,10,100,712.00,"71,200.00"
2020-01-27,2020012701009763,NLBBL,6,1,100,709.00,"70,900.00"
2020-01-27,2020012701009747,NLBBL,42,5,200,708.00,"141,600.00"
2020-01-27,2020012701010032,NLBBL,38,6,30,711.00,"21,330.00"
2020-01-27,2020012701009938,NLBBL,33,17,20,711.00,"14,220.00"
2020-01-27,2020012701009778,NLBBL,42,57,40,708.00,"28,320.00"
2020-01-27,2020012701009766,NLBBL,6,21,100,710.00,"71,000.00"
2020-01-27,2020012701009765,NLBBL,6,43,200,710.00,"142,000.00"
2020-01-27,2020012701009764,NLBBL,6,5,100,709.00,"70,900.00"
2020-01-27,2020012701010103,NLG,26,25,19,815.00,"15,485.00"
2020-01-27,2020012701010079,NLG,26,22,100,815.00,"81,500.00"
2020-01-27,2020012701010078,NLG,26,28,100,814.00,"81,400.00"
2020-01-27,2020012701010077,NLG,26,16,35,809.00,"28,315.00"
2020-01-27,2020012701010076,NLG,26,34,46,808.00,"37,168.00"
2020-01-27,2020012701010199,NLIC,40,45,50,"1,115.00","55,750.00"
2020-01-27,2020012701010198,NLIC,40,1,88,"1,115.00","98,120.00"
2020-01-27,2020012701010197,NLIC,40,42,16,"1,115.00","17,840.00"
2020-01-27,2020012701010185,NLIC,6,4,250,"1,114.00","278,500.00"
2020-01-27,2020012701010183,NLIC,6,57,55,"1,114.00","61,270.00"
2020-01-27,2020012701009969,NLIC,14,43,200,"1,115.00","223,000.00"
2020-01-27,2020012701009928,NLIC,34,43,300,"1,115.00","334,500.00"
2020-01-27,2020012701009761,NLIC,34,45,200,"1,115.00","223,000.00"
2020-01-27,2020012701010190,NLICL,53,44,231,630.00,"145,530.00"
2020-01-27,2020012701010189,NLICL,53,28,42,629.00,"26,418.00"
2020-01-27,2020012701010188,NLICL,53,28,227,629.00,"142,783.00"
2020-01-27,2020012701010122,NLICL,50,35,28,627.00,"17,556.00"
2020-01-27,2020012701010121,NLICL,50,42,30,627.00,"18,810.00"
2020-01-27,2020012701010169,NMB,34,36,300,356.00,"106,800.00"
2020-01-27,2020012701010067,NMB,35,57,29,355.00,"10,295.00"
2020-01-27,2020012701010060,NMB,4,36,500,356.00,"178,000.00"
2020-01-27,2020012701010024,NMB,4,36,200,356.00,"71,200.00"
2020-01-27,2020012701009961,NMB,4,34,45,357.00,"16,065.00"
2020-01-27,2020012701009960,NMB,4,49,55,357.00,"19,635.00"
2020-01-27,2020012701009783,NMB,4,42,100,356.00,"35,600.00"
2020-01-27,2020012701009782,NMB,4,42,100,356.00,"35,600.00"
2020-01-27,2020012701009715,NMB,4,49,180,357.00,"64,260.00"
2020-01-27,2020012701010187,NMBMF,11,57,100,835.00,"83,500.00"
2020-01-27,2020012701009995,NNLB,16,54,50,683.00,"34,150.00"
2020-01-27,2020012701009994,NNLB,16,45,194,683.00,"132,502.00"
2020-01-27,2020012701009993,NNLB,16,51,10,680.00,"6,800.00"
2020-01-27,2020012701009992,NNLB,16,55,10,680.00,"6,800.00"
2020-01-27,2020012701009918,NNLB,16,53,340,679.00,"230,860.00"
2020-01-27,2020012701009882,NNLB,56,53,10,679.00,"6,790.00"
2020-01-27,2020012701009863,NNLB,45,48,50,675.00,"33,750.00"
2020-01-27,2020012701010115,NSEWA,45,39,20,635.00,"12,700.00"
2020-01-27,2020012701010114,NSEWA,45,41,10,634.00,"6,340.00"
2020-01-27,2020012701009875,NTC,4,38,60,627.00,"37,620.00"
2020-01-27,2020012701009874,NTC,4,14,40,627.00,"25,080.00"
2020-01-27,2020012701009940,NUBL,53,26,75,915.00,"68,625.00"
2020-01-27,2020012701010153,PCBL,4,11,78,269.00,"20,982.00"
2020-01-27,2020012701010152,PCBL,4,1,122,268.00,"32,696.00"
2020-01-27,2020012701009790,PFL,48,39,75,160.00,"12,000.00"
2020-01-27,2020012701010102,PIC,6,16,100,521.00,"52,100.00"
2020-01-27,2020012701010101,PIC,6,37,20,520.00,"10,400.00"
2020-01-27,2020012701010100,PIC,6,38,156,520.00,"81,120.00"
2020-01-27,2020012701010099,PIC,6,44,20,520.00,"10,400.00"
2020-01-27,2020012701010098,PIC,6,21,500,520.00,"260,000.00"
2020-01-27,2020012701010097,PIC,6,21,500,520.00,"260,000.00"
2020-01-27,2020012701010008,PIC,40,38,59,516.00,"30,444.00"
2020-01-27,2020012701010004,PIC,35,22,20,517.00,"10,340.00"
2020-01-27,2020012701009951,PIC,43,22,70,517.00,"36,190.00"
2020-01-27,2020012701010096,PIC,6,45,11,520.00,"5,720.00"
2020-01-27,2020012701010095,PIC,6,22,94,518.00,"48,692.00"
2020-01-27,2020012701010094,PIC,6,47,11,518.00,"5,698.00"
2020-01-27,2020012701010011,PIC,42,38,91,515.00,"46,865.00"
2020-01-27,2020012701010010,PIC,46,38,50,516.00,"25,800.00"
2020-01-27,2020012701010009,PIC,40,38,200,516.00,"103,200.00"
2020-01-27,2020012701009942,PICL,10,40,300,637.00,"191,100.00"
2020-01-27,2020012701010173,PLIC,32,6,140,527.00,"73,780.00"
2020-01-27,2020012701010111,PLIC,32,42,60,527.00,"31,620.00"
2020-01-27,2020012701010012,PLIC,42,7,200,526.00,"105,200.00"
2020-01-27,2020012701009901,PLIC,18,42,40,527.00,"21,080.00"
2020-01-27,2020012701009883,PMHPL,6,57,10,87.00,870.00
2020-01-27,2020012701009980,PPCL,6,8,30,122.00,"3,660.00"
2020-01-27,2020012701009726,PPCL,6,6,"5,000",123.00,"615,000.00"
2020-01-27,2020012701010023,PRIN,57,49,150,397.00,"59,550.00"
2020-01-27,2020012701009774,PRIN,16,42,312,397.00,"123,864.00"
2020-01-27,2020012701010066,PROFL,17,56,190,109.00,"20,710.00"
2020-01-27,2020012701009986,RBCL,41,38,10,"8,990.00","89,900.00"
2020-01-27,2020012701010207,RHPL,43,38,40,173.00,"6,920.00"
2020-01-27,2020012701010206,RHPL,43,57,20,172.00,"3,440.00"
2020-01-27,2020012701010073,RHPL,16,16,30,171.00,"5,130.00"
2020-01-27,2020012701010072,RHPL,16,47,130,171.00,"22,230.00"
2020-01-27,2020012701009965,RLFL,1,34,"1,088",135.00,"146,880.00"
2020-01-27,2020012701010013,SADBL,50,42,10,154.00,"1,540.00"
2020-01-27,2020012701009791,SADBL,34,29,266,152.00,"40,432.00"
2020-01-27,2020012701009973,SANIMA,39,1,484,348.00,"168,432.00"
2020-01-27,2020012701009897,SANIMA,14,6,300,349.00,"104,700.00"
2020-01-27,2020012701009896,SANIMA,14,58,200,349.00,"69,800.00"
2020-01-27,2020012701010055,SBI,39,57,23,416.00,"9,568.00"
2020-01-27,2020012701010021,SBI,34,45,170,418.00,"71,060.00"
2020-01-27,2020012701009948,SBI,39,42,150,414.00,"62,100.00"
2020-01-27,2020012701009947,SBI,39,14,801,414.00,"331,614.00"
2020-01-27,2020012701009939,SBI,14,42,200,413.00,"82,600.00"
2020-01-27,2020012701009879,SBI,14,25,450,412.00,"185,400.00"
2020-01-27,2020012701009878,SBI,14,42,500,412.00,"206,000.00"
2020-01-27,2020012701009836,SBL,1,49,100,310.00,"31,000.00"
2020-01-27,2020012701010184,SCB,39,43,100,600.00,"60,000.00"
2020-01-27,2020012701009985,SDESI,52,51,100,800.00,"80,000.00"
2020-01-27,2020012701009984,SDESI,52,45,50,800.00,"40,000.00"
2020-01-27,2020012701009983,SDESI,52,35,250,800.00,"200,000.00"
2020-01-27,2020012701009982,SDESI,52,28,100,799.00,"79,900.00"
2020-01-27,2020012701009865,SDESI,45,35,200,784.00,"156,800.00"
2020-01-27,2020012701009864,SDESI,22,35,100,784.00,"78,400.00"
2020-01-27,2020012701009851,SEF,17,14,"4,900",9.48,"46,452.00"
2020-01-27,2020012701009850,SEF,17,51,"5,000",9.47,"47,350.00"
2020-01-27,2020012701009849,SEF,17,45,310,9.45,"2,929.50"
2020-01-27,2020012701010031,SHINE,17,49,91,256.00,"23,296.00"
2020-01-27,2020012701009952,SHINE,29,34,72,256.00,"18,432.00"
2020-01-27,2020012701009821,SHINE,16,16,"2,628",255.00,"670,140.00"
2020-01-27,2020012701010124,SHIVM,22,58,200,510.00,"102,000.00"
2020-01-27,2020012701010080,SHIVM,25,7,50,512.00,"25,600.00"
2020-01-27,2020012701010063,SHIVM,22,43,262,510.00,"133,620.00"
2020-01-27,2020012701010062,SHIVM,45,43,238,510.00,"121,380.00"
2020-01-27,2020012701010050,SHIVM,45,58,262,510.00,"133,620.00"
2020-01-27,2020012701010049,SHIVM,29,58,238,510.00,"121,380.00"
2020-01-27,2020012701010048,SHIVM,28,58,300,511.00,"153,300.00"
2020-01-27,2020012701010001,SHIVM,29,58,262,510.00,"133,620.00"
2020-01-27,2020012701009955,SHIVM,13,58,500,510.00,"255,000.00"
2020-01-27,2020012701009954,SHIVM,57,58,200,510.00,"102,000.00"
2020-01-27,2020012701009953,SHIVM,25,58,38,510.00,"19,380.00"
2020-01-27,2020012701009946,SHIVM,3,59,25,511.00,"12,775.00"
2020-01-27,2020012701009884,SHL,34,36,600,207.00,"124,200.00"
2020-01-27,2020012701010005,SHPC,39,10,500,199.00,"99,500.00"
2020-01-27,2020012701009776,SHPC,28,10,126,199.00,"25,074.00"
2020-01-27,2020012701009775,SHPC,28,14,500,198.00,"99,000.00"
2020-01-27,2020012701010000,SIC,10,42,39,631.00,"24,609.00"
2020-01-27,2020012701009999,SIC,44,42,21,631.00,"13,251.00"
2020-01-27,2020012701009972,SIC,45,38,20,639.00,"12,780.00"
2020-01-27,2020012701009971,SIC,45,20,30,637.00,"19,110.00"
2020-01-27,2020012701009970,SIC,45,42,40,634.00,"25,360.00"
2020-01-27,2020012701010007,SICL,58,21,100,"1,000.00","100,000.00"
2020-01-27,2020012701009751,SICL,58,21,170,"1,000.00","170,000.00"
2020-01-27,2020012701009750,SICL,58,25,30,"1,000.00","30,000.00"
2020-01-27,2020012701009749,SICL,58,14,500,999.00,"499,500.00"
2020-01-27,2020012701009748,SICL,58,14,300,995.00,"298,500.00"
2020-01-27,2020012701009899,SIL,16,42,50,511.00,"25,550.00"
2020-01-27,2020012701010014,SJCL,34,16,20,161.00,"3,220.00"
2020-01-27,2020012701009713,SJCL,34,57,20,161.00,"3,220.00"
2020-01-27,2020012701009871,SJCL,16,54,10,164.00,"1,640.00"
2020-01-27,2020012701009870,SJCL,16,45,20,163.00,"3,260.00"
2020-01-27,2020012701010112,SLBBL,41,29,130,771.00,"100,230.00"
2020-01-27,2020012701009964,SLBBL,34,6,100,765.00,"76,500.00"
2020-01-27,2020012701009963,SLBBL,34,29,100,765.00,"76,500.00"
2020-01-27,2020012701009962,SLBBL,34,28,200,764.00,"152,800.00"
2020-01-27,2020012701009959,SLBBL,7,37,100,763.00,"76,300.00"
2020-01-27,2020012701009929,SLBBL,59,28,100,764.00,"76,400.00"
2020-01-27,2020012701009819,SLBBL,40,29,100,763.00,"76,300.00"
2020-01-27,2020012701010201,SLICL,56,52,100,417.00,"41,700.00"
2020-01-27,2020012701010193,SLICL,22,52,200,417.00,"83,400.00"
2020-01-27,2020012701010168,SLICL,44,52,20,417.00,"8,340.00"
2020-01-27,2020012701010132,SLICL,22,17,156,416.00,"64,896.00"
2020-01-27,2020012701010131,SLICL,32,17,144,416.00,"59,904.00"
2020-01-27,2020012701010130,SLICL,10,17,200,416.00,"83,200.00"
2020-01-27,2020012701009720,SLICL,22,28,400,417.00,"166,800.00"
2020-01-27,2020012701009719,SLICL,22,34,500,417.00,"208,500.00"
2020-01-27,2020012701009718,SLICL,22,34,500,417.00,"208,500.00"
2020-01-27,2020012701009717,SLICL,22,34,200,417.00,"83,400.00"
2020-01-27,2020012701009716,SLICL,17,48,55,416.00,"22,880.00"
2020-01-27,2020012701009917,SLICL,7,1,234,418.00,"97,812.00"
2020-01-27,2020012701009916,SLICL,7,46,366,418.00,"152,988.00"
2020-01-27,2020012701009888,SLICL,21,41,47,418.00,"19,646.00"
2020-01-27,2020012701009754,SLICL,32,42,56,416.00,"23,296.00"
2020-01-27,2020012701009753,SLICL,58,42,100,416.00,"41,600.00"
2020-01-27,2020012701009752,SLICL,17,42,30,416.00,"12,480.00"
2020-01-27,2020012701010203,SMB,45,51,10,680.00,"6,800.00"
2020-01-27,2020012701010119,SMFDB,28,46,10,706.00,"7,060.00"
2020-01-27,2020012701010118,SMFDB,28,41,200,698.00,"139,600.00"
2020-01-27,2020012701010117,SMFDB,28,7,20,696.00,"13,920.00"
2020-01-27,2020012701010061,SRBL,34,40,165,236.00,"38,940.00"
2020-01-27,2020012701009894,SRBL,44,40,286,236.00,"67,496.00"
2020-01-27,2020012701009892,SRBL,44,57,200,236.00,"47,200.00"
2020-01-27,2020012701009887,STC,52,5,10,"2,488.00","24,880.00"
2020-01-27,2020012701010065,TRH,11,28,100,308.00,"30,800.00"
2020-01-27,2020012701010182,UFL,49,33,"1,281",179.00,"229,299.00"
2020-01-27,2020012701010003,UFL,20,34,30,178.00,"5,340.00"
2020-01-27,2020012701010002,UFL,17,34,10,178.00,"1,780.00"
2020-01-27,2020012701009848,UIC,45,8,10,374.00,"3,740.00"
2020-01-27,2020012701009847,UIC,45,57,200,373.00,"74,600.00"
2020-01-27,2020012701009846,UIC,45,21,40,372.00,"14,880.00"
2020-01-27,2020012701010022,UPPER,1,52,500,244.00,"122,000.00"
2020-01-27,2020012701009944,VLBS,49,51,16,869.00,"13,904.00"
2020-01-27,2020012701009943,VLBS,49,50,20,869.00,"17,380.00"
2020-01-27,2020012701009843,VLBS,49,26,100,868.00,"86,800.00"
2020-01-27,2020012701009842,VLBS,49,51,13,867.00,"11,271.00"
2020-01-27,2020012701009841,VLBS,49,33,30,865.00,"25,950.00"
2020-01-27,2020012701009840,VLBS,49,58,100,865.00,"86,500.00"
2020-01-27,2020012701010150,WOMI,21,49,86,962.00,"82,732.00"
2020-01-27,2020012701010149,WOMI,21,39,100,960.00,"96,000.00"
2020-01-27,2020012701010148,WOMI,21,22,34,960.00,"32,640.00"
2020-01-27,2020012701010147,WOMI,21,51,30,960.00,"28,800.00"
2020-01-27,2020012701010146,WOMI,21,45,50,959.00,"47,950.00"
2020-01-27,2020012701009920,WOMI,38,45,200,959.00,"191,800.00"
2020-01-27,2020012701009667,ADBL,4,47,10,382.00,"3,820.00"
2020-01-27,2020012701009666,ADBL,4,56,56,382.00,"21,392.00"
2020-01-27,2020012701009665,ADBL,4,32,63,382.00,"24,066.00"
2020-01-27,2020012701009649,ADBL,4,5,41,381.00,"15,621.00"
2020-01-27,2020012701009372,ADBL,4,46,72,380.00,"27,360.00"
2020-01-27,2020012701009371,ADBL,4,46,19,380.00,"7,220.00"
2020-01-27,2020012701009602,AHPC,25,11,680,94.00,"63,920.00"
2020-01-27,2020012701009601,AHPC,48,11,20,94.00,"1,880.00"
2020-01-27,2020012701009499,AKPL,22,51,190,124.00,"23,560.00"
2020-01-27,2020012701009663,ALICL,5,1,55,515.00,"28,325.00"
2020-01-27,2020012701009662,ALICL,4,1,67,515.00,"34,505.00"
2020-01-27,2020012701009613,ALICL,44,59,200,516.00,"103,200.00"
2020-01-27,2020012701009693,API,1,25,782,116.00,"90,712.00"
2020-01-27,2020012701009692,API,34,25,33,116.00,"3,828.00"
2020-01-27,2020012701009210,API,51,33,209,117.00,"24,453.00"
2020-01-27,2020012701009462,BBC,40,51,40,"1,787.00","71,480.00"
2020-01-27,2020012701009425,BBC,11,51,10,"1,790.00","17,900.00"
2020-01-27,2020012701009471,BFC,38,25,70,99.00,"6,930.00"
2020-01-27,2020012701009257,BOKL,28,6,"1,583",232.00,"367,256.00"
2020-01-27,2020012701009256,BOKL,28,21,500,232.00,"116,000.00"
2020-01-27,2020012701009255,BOKL,28,49,20,231.00,"4,620.00"
2020-01-27,2020012701009254,BOKL,28,42,551,231.00,"127,281.00"
2020-01-27,2020012701009609,BPCL,41,17,316,322.00,"101,752.00"
2020-01-27,2020012701009608,BPCL,41,47,11,320.00,"3,520.00"
2020-01-27,2020012701009607,BPCL,41,6,490,320.00,"156,800.00"
2020-01-27,2020012701009606,BPCL,41,17,683,319.00,"217,877.00"
2020-01-27,2020012701009502,BPCL,45,57,22,318.00,"6,996.00"
2020-01-27,2020012701009286,CBBL,33,7,18,900.00,"16,200.00"
2020-01-27,2020012701009678,CBBL,33,26,27,900.00,"24,300.00"
2020-01-27,2020012701009456,CBBL,40,39,150,904.00,"135,600.00"
2020-01-27,2020012701009455,CBBL,40,34,100,903.00,"90,300.00"
2020-01-27,2020012701009454,CBBL,40,48,50,903.00,"45,150.00"
2020-01-27,2020012701009453,CBBL,40,46,200,903.00,"180,600.00"
2020-01-27,2020012701009597,CBL,32,22,100,145.00,"14,500.00"
2020-01-27,2020012701009596,CBL,32,52,500,145.00,"72,500.00"
2020-01-27,2020012701009595,CBL,32,44,213,145.00,"30,885.00"
2020-01-27,2020012701009515,CBL,51,44,296,144.00,"42,624.00"
2020-01-27,2020012701009243,CBL,52,44,200,145.00,"29,000.00"
2020-01-27,2020012701009537,CCBL,33,22,100,182.00,"18,200.00"
2020-01-27,2020012701009390,CCBL,33,6,178,182.00,"32,396.00"
2020-01-27,2020012701009324,CCBL,59,41,100,183.00,"18,300.00"
2020-01-27,2020012701009306,CCBL,33,34,175,182.00,"31,850.00"
2020-01-27,2020012701009280,CHCL,3,17,842,413.00,"347,746.00"
2020-01-27,2020012701009690,CIT,37,35,150,"2,190.00","328,500.00"
2020-01-27,2020012701009656,CIT,37,8,150,"2,190.00","328,500.00"
2020-01-27,2020012701009655,CIT,16,8,50,"2,190.00","109,500.00"
2020-01-27,2020012701009567,CIT,16,6,50,"2,190.00","109,500.00"
2020-01-27,2020012701009566,CIT,43,6,50,"2,190.00","109,500.00"
2020-01-27,2020012701009398,CIT,55,33,31,"2,190.00","67,890.00"
2020-01-27,2020012701009707,CZBIL,29,1,195,192.00,"37,440.00"
2020-01-27,2020012701009395,CZBIL,29,22,200,192.00,"38,400.00"
2020-01-27,2020012701009314,CZBIL,29,32,306,192.00,"58,752.00"
2020-01-27,2020012701009381,DDBL,38,36,50,800.00,"40,000.00"
2020-01-27,2020012701009380,DDBL,38,36,100,800.00,"80,000.00"
2020-01-27,2020012701009379,DDBL,44,36,50,801.00,"40,050.00"
2020-01-27,2020012701009378,DDBL,25,36,100,801.00,"80,100.00"
2020-01-27,2020012701009377,DDBL,37,36,200,802.00,"160,400.00"
2020-01-27,2020012701009376,DDBL,32,22,10,803.00,"8,030.00"
2020-01-27,2020012701009375,DDBL,48,22,90,803.00,"72,270.00"
2020-01-27,2020012701009242,DDBL,48,33,10,803.00,"8,030.00"
2020-01-27,2020012701009396,EBL,45,32,100,609.00,"60,900.00"
2020-01-27,2020012701009661,EIC,42,48,100,343.00,"34,300.00"
2020-01-27,2020012701009660,EIC,42,13,50,343.00,"17,150.00"
2020-01-27,2020012701009261,EIC,51,58,350,342.00,"119,700.00"
2020-01-27,2020012701009222,EIC,42,43,20,341.00,"6,820.00"
2020-01-27,2020012701009603,FMDBL,41,46,117,421.00,"49,257.00"
2020-01-27,2020012701009535,FMDBL,33,29,28,420.00,"11,760.00"
2020-01-27,2020012701009534,FMDBL,49,29,30,420.00,"12,600.00"
2020-01-27,2020012701009353,FMDBL,36,32,122,421.00,"51,362.00"
2020-01-27,2020012701009610,FOWAD,34,35,25,"1,223.00","30,575.00"
2020-01-27,2020012701009563,FOWAD,34,21,19,"1,223.00","23,237.00"
2020-01-27,2020012701009562,FOWAD,34,37,80,"1,223.00","97,840.00"
2020-01-27,2020012701009393,FOWAD,32,37,20,"1,223.00","24,460.00"
2020-01-27,2020012701009392,FOWAD,32,57,50,"1,220.00","61,000.00"
2020-01-27,2020012701009391,FOWAD,32,55,20,"1,220.00","24,400.00"
2020-01-27,2020012701009549,GBBL,45,56,200,234.00,"46,800.00"
2020-01-27,2020012701009673,GBIME,34,13,21,294.00,"6,174.00"
2020-01-27,2020012701009672,GBIME,34,43,100,294.00,"29,400.00"
2020-01-27,2020012701009671,GBIME,34,41,195,294.00,"57,330.00"
2020-01-27,2020012701009670,GBIME,34,43,500,294.00,"147,000.00"
2020-01-27,2020012701009669,GBIME,34,43,85,294.00,"24,990.00"
2020-01-27,2020012701009653,GBIME,42,43,15,294.00,"4,410.00"
2020-01-27,2020012701009414,GBIME,16,43,400,294.00,"117,600.00"
2020-01-27,2020012701009397,GBIME,34,43,"1,000",294.00,"294,000.00"
2020-01-27,2020012701009260,GBIME,45,48,700,293.00,"205,100.00"
2020-01-27,2020012701009259,GBIME,45,29,551,293.00,"161,443.00"
2020-01-27,2020012701009258,GBIME,45,4,141,293.00,"41,313.00"
2020-01-27,2020012701009230,GBIME,57,4,300,293.00,"87,900.00"
2020-01-27,2020012701009481,GBIME,17,38,"1,450",293.00,"424,850.00"
2020-01-27,2020012701009461,GBIME,14,38,250,293.00,"73,250.00"
2020-01-27,2020012701009460,GBIME,36,38,300,293.00,"87,900.00"
2020-01-27,2020012701009446,GBIME,38,40,20,293.00,"5,860.00"
2020-01-27,2020012701009445,GBIME,54,40,45,293.00,"13,185.00"
2020-01-27,2020012701009444,GBIME,45,40,608,293.00,"178,144.00"
2020-01-27,2020012701009593,GBIME,6,4,350,293.00,"102,550.00"
2020-01-27,2020012701009543,GBIME,56,4,50,293.00,"14,650.00"
2020-01-27,2020012701009542,GBIME,34,4,150,293.00,"43,950.00"
2020-01-27,2020012701009541,GBIME,17,4,450,293.00,"131,850.00"
2020-01-27,2020012701009526,GBIME,17,55,100,293.00,"29,300.00"
2020-01-27,2020012701009494,GBIME,17,40,"2,000",293.00,"586,000.00"
2020-01-27,2020012701009709,GBLBS,26,53,230,445.00,"102,350.00"
2020-01-27,2020012701009586,GBLBS,48,53,300,445.00,"133,500.00"
2020-01-27,2020012701009585,GBLBS,48,13,50,445.00,"22,250.00"
2020-01-27,2020012701009584,GBLBS,48,16,300,445.00,"133,500.00"
2020-01-27,2020012701009583,GBLBS,48,14,500,444.00,"222,000.00"
2020-01-27,2020012701009582,GBLBS,48,34,150,444.00,"66,600.00"
2020-01-27,2020012701009244,GBLBS,14,59,315,443.00,"139,545.00"
2020-01-27,2020012701009529,GBLBS,34,33,"1,000",443.00,"443,000.00"
2020-01-27,2020012701009447,GBLBS,49,34,300,444.00,"133,200.00"
