Date,Transact. No.,Symbol,Buyer,Seller,Quantity,Rate,Amount
2020-03-22,2020032201002013,ADBL,6,6,600,368.00,"220,800.00"
2020-03-22,2020032201002012,ADBL,6,52,40,366.00,"14,640.00"
2020-03-22,2020032201002278,ALBSL,8,42,10,618.00,"6,180.00"
2020-03-22,2020032201001962,ALBSL,17,8,10,610.00,"6,100.00"
2020-03-22,2020032201002204,ALICL,34,4,10,492.00,"4,920.00"
2020-03-22,2020032201002004,ALICL,38,6,100,484.00,"48,400.00"
2020-03-22,2020032201002003,ALICL,38,34,10,484.00,"4,840.00"
2020-03-22,2020032201001903,ALICL,38,59,200,475.00,"95,000.00"
2020-03-22,2020032201001902,ALICL,38,4,87,475.00,"41,325.00"
2020-03-22,2020032201001892,ALICL,38,34,10,473.00,"4,730.00"
2020-03-22,2020032201001945,API,39,56,20,116.00,"2,320.00"
2020-03-22,2020032201001896,API,39,47,80,115.00,"9,200.00"
2020-03-22,2020032201002298,BOKL,41,33,40,218.00,"8,720.00"
2020-03-22,2020032201002189,BOKL,50,29,250,217.00,"54,250.00"
2020-03-22,2020032201002188,BOKL,28,29,45,217.00,"9,765.00"
2020-03-22,2020032201002179,BOKL,16,33,50,218.00,"10,900.00"
2020-03-22,2020032201002171,BOKL,7,33,10,218.00,"2,180.00"
2020-03-22,2020032201001942,BOKL,45,33,30,218.00,"6,540.00"
2020-03-22,2020032201001941,BOKL,10,33,123,218.00,"26,814.00"
2020-03-22,2020032201002372,BPCL,45,33,100,330.00,"33,000.00"
2020-03-22,2020032201002100,BPCL,6,33,100,330.00,"33,000.00"
2020-03-22,2020032201002353,CBBL,40,33,100,955.00,"95,500.00"
2020-03-22,2020032201002236,CBBL,45,49,40,954.00,"38,160.00"
2020-03-22,2020032201002180,CBBL,53,33,50,955.00,"47,750.00"
2020-03-22,2020032201002168,CBBL,53,33,50,955.00,"47,750.00"
2020-03-22,2020032201002059,CBBL,43,49,80,954.00,"76,320.00"
2020-03-22,2020032201002290,CBL,32,50,"1,000",138.00,"138,000.00"
2020-03-22,2020032201001936,CBL,43,22,100,138.00,"13,800.00"
2020-03-22,2020032201001935,CBL,8,22,100,138.00,"13,800.00"
2020-03-22,2020032201001934,CBL,36,22,100,138.00,"13,800.00"
2020-03-22,2020032201002276,CCBL,44,53,422,159.00,"67,098.00"
2020-03-22,2020032201002275,CCBL,1,53,500,159.00,"79,500.00"
2020-03-22,2020032201002274,CCBL,45,53,"1,000",160.00,"160,000.00"
2020-03-22,2020032201002273,CCBL,20,53,33,161.00,"5,313.00"
2020-03-22,2020032201002369,CFCL,28,28,500,122.00,"61,000.00"
2020-03-22,2020032201002368,CFCL,28,33,90,121.00,"10,890.00"
2020-03-22,2020032201002111,CHCL,14,56,80,368.00,"29,440.00"
2020-03-22,2020032201002088,CHCL,11,56,100,368.00,"36,800.00"
2020-03-22,2020032201002057,CHCL,11,56,100,367.00,"36,700.00"
2020-03-22,2020032201001952,CHCL,28,41,500,365.00,"182,500.00"
2020-03-22,2020032201002176,CIT,52,54,147,"2,440.00","358,680.00"
2020-03-22,2020032201002175,CIT,58,54,353,"2,441.00","861,673.00"
2020-03-22,2020032201001973,CIT,6,25,50,"2,485.00","124,250.00"
2020-03-22,2020032201001972,CIT,6,11,50,"2,485.00","124,250.00"
2020-03-22,2020032201001971,CIT,6,49,200,"2,484.00","496,800.00"
2020-03-22,2020032201002343,CLBSL,53,43,10,"1,042.00","10,420.00"
2020-03-22,2020032201002027,CZBIL,49,13,431,180.00,"77,580.00"
2020-03-22,2020032201002026,CZBIL,39,13,331,181.00,"59,911.00"
2020-03-22,2020032201002025,CZBIL,33,13,10,184.00,"1,840.00"
2020-03-22,2020032201002328,DDBL,57,16,10,759.00,"7,590.00"
2020-03-22,2020032201002253,EBL,8,17,440,612.00,"269,280.00"
2020-03-22,2020032201002252,EBL,17,17,50,613.00,"30,650.00"
2020-03-22,2020032201002251,EBL,14,17,10,613.00,"6,130.00"
2020-03-22,2020032201002245,EBL,14,50,90,613.00,"55,170.00"
2020-03-22,2020032201002244,EBL,42,50,50,613.00,"30,650.00"
2020-03-22,2020032201002243,EBL,56,50,500,613.00,"306,500.00"
2020-03-22,2020032201001994,EBL,14,50,200,615.00,"123,000.00"
2020-03-22,2020032201001901,EBL,41,10,300,615.00,"184,500.00"
2020-03-22,2020032201002242,EBL,50,50,50,613.00,"30,650.00"
2020-03-22,2020032201002225,EBL,1,17,50,614.00,"30,700.00"
2020-03-22,2020032201002224,EBL,53,17,50,614.00,"30,700.00"
2020-03-22,2020032201002223,EBL,10,17,18,614.00,"11,052.00"
2020-03-22,2020032201002135,EBL,10,6,66,614.00,"40,524.00"
2020-03-22,2020032201002134,EBL,29,50,10,615.00,"6,150.00"
2020-03-22,2020032201002127,FMDBL,41,41,180,415.00,"74,700.00"
2020-03-22,2020032201002126,FMDBL,42,41,10,415.00,"4,150.00"
2020-03-22,2020032201002125,FMDBL,39,41,50,416.00,"20,800.00"
2020-03-22,2020032201002124,FMDBL,33,41,50,416.00,"20,800.00"
2020-03-22,2020032201002117,FMDBL,34,41,500,418.00,"209,000.00"
2020-03-22,2020032201002116,FMDBL,41,41,500,419.00,"209,500.00"
2020-03-22,2020032201002115,FMDBL,39,41,100,420.00,"42,000.00"
2020-03-22,2020032201002114,FMDBL,50,41,60,420.00,"25,200.00"
2020-03-22,2020032201002093,FMDBL,28,41,50,423.00,"21,150.00"
2020-03-22,2020032201001940,FMDBL,53,53,50,431.00,"21,550.00"
2020-03-22,2020032201002311,FOWAD,36,37,300,"1,380.00","414,000.00"
2020-03-22,2020032201002310,FOWAD,36,14,200,"1,378.00","275,600.00"
2020-03-22,2020032201002139,GBBL,36,14,129,220.00,"28,380.00"
2020-03-22,2020032201002363,GBIME,34,22,100,248.00,"24,800.00"
2020-03-22,2020032201002362,GBIME,11,22,100,248.00,"24,800.00"
2020-03-22,2020032201002361,GBIME,32,22,50,248.00,"12,400.00"
2020-03-22,2020032201002360,GBIME,13,22,55,248.00,"13,640.00"
2020-03-22,2020032201002359,GBIME,41,22,500,248.00,"124,000.00"
2020-03-22,2020032201002358,GBIME,41,22,100,248.00,"24,800.00"
2020-03-22,2020032201002008,GBIME,8,34,101,249.00,"25,149.00"
2020-03-22,2020032201001993,GBIME,16,54,300,250.00,"75,000.00"
2020-03-22,2020032201001918,GBIME,43,54,100,250.00,"25,000.00"
2020-03-22,2020032201001900,GBIME,58,54,181,250.00,"45,250.00"
2020-03-22,2020032201001898,GBIME,8,13,899,249.00,"223,851.00"
2020-03-22,2020032201001897,GBIME,11,13,100,249.00,"24,900.00"
2020-03-22,2020032201002186,GBIME,49,53,62,248.00,"15,376.00"
2020-03-22,2020032201002122,GBIME,41,42,100,249.00,"24,900.00"
2020-03-22,2020032201002121,GBIME,46,42,240,249.00,"59,760.00"
2020-03-22,2020032201002118,GBIME,57,54,200,250.00,"50,000.00"
2020-03-22,2020032201002014,GBIME,29,54,100,250.00,"25,000.00"
2020-03-22,2020032201002009,GBIME,33,34,99,249.00,"24,651.00"
2020-03-22,2020032201002226,GBIME,43,42,28,249.00,"6,972.00"
2020-03-22,2020032201002199,GBIME,57,42,60,249.00,"14,940.00"
2020-03-22,2020032201002193,GBIME,52,54,56,248.00,"13,888.00"
2020-03-22,2020032201002192,GBIME,16,54,100,248.00,"24,800.00"
2020-03-22,2020032201002191,GBIME,59,54,300,248.00,"74,400.00"
2020-03-22,2020032201002190,GBIME,49,54,88,248.00,"21,824.00"
2020-03-22,2020032201002357,GBIME,36,22,100,248.00,"24,800.00"
2020-03-22,2020032201002356,GBIME,17,22,500,248.00,"124,000.00"
2020-03-22,2020032201002355,GBIME,59,22,244,248.00,"60,512.00"
2020-03-22,2020032201002342,GBIME,59,22,756,248.00,"187,488.00"
2020-03-22,2020032201002341,GBIME,52,22,244,248.00,"60,512.00"
2020-03-22,2020032201002227,GBIME,43,22,179,249.00,"44,571.00"
2020-03-22,2020032201002337,GBLBS,57,34,125,404.00,"50,500.00"
2020-03-22,2020032201002336,GBLBS,13,34,50,404.00,"20,200.00"
2020-03-22,2020032201002335,GBLBS,58,34,200,404.00,"80,800.00"
2020-03-22,2020032201002334,GBLBS,17,34,50,405.00,"20,250.00"
2020-03-22,2020032201002333,GBLBS,32,34,50,406.00,"20,300.00"
2020-03-22,2020032201002332,GBLBS,52,34,300,406.00,"121,800.00"
2020-03-22,2020032201002331,GBLBS,25,34,125,406.00,"50,750.00"
2020-03-22,2020032201002330,GBLBS,57,34,100,407.00,"40,700.00"
2020-03-22,2020032201002172,GBLBS,25,41,300,406.00,"121,800.00"
2020-03-22,2020032201002137,GBLBS,25,33,75,406.00,"30,450.00"
2020-03-22,2020032201002136,GBLBS,52,33,25,406.00,"10,150.00"
2020-03-22,2020032201002304,GILB,36,28,100,"1,115.00","111,500.00"
2020-03-22,2020032201002262,GILB,56,41,50,"1,136.00","56,800.00"
2020-03-22,2020032201002301,GLICL,39,59,50,403.00,"20,150.00"
2020-03-22,2020032201001946,GLICL,56,51,90,403.00,"36,270.00"
2020-03-22,2020032201002058,HDHPC,1,57,50,82.00,"4,100.00"
2020-03-22,2020032201002344,HDL,16,57,50,"1,280.00","64,000.00"
2020-03-22,2020032201002197,HDL,33,17,40,"1,277.00","51,080.00"
2020-03-22,2020032201002174,HDL,42,17,10,"1,277.00","12,770.00"
2020-03-22,2020032201002173,HDL,45,17,50,"1,277.00","63,850.00"
2020-03-22,2020032201002099,HDL,32,57,100,"1,280.00","128,000.00"
2020-03-22,2020032201002098,HDL,14,57,100,"1,280.00","128,000.00"
2020-03-22,2020032201001974,HDL,17,57,100,"1,287.00","128,700.00"
2020-03-22,2020032201001963,HDL,32,57,300,"1,287.00","386,100.00"
2020-03-22,2020032201001905,HDL,6,25,400,"1,290.00","516,000.00"
2020-03-22,2020032201001904,HDL,6,45,100,"1,289.00","128,900.00"
2020-03-22,2020032201002097,HDL,17,57,50,"1,280.00","64,000.00"
2020-03-22,2020032201002096,HDL,43,57,20,"1,281.00","25,620.00"
2020-03-22,2020032201002095,HDL,43,57,10,"1,285.00","12,850.00"
2020-03-22,2020032201002094,HDL,17,57,40,"1,285.00","51,400.00"
2020-03-22,2020032201002024,HDL,17,22,10,"1,285.00","12,850.00"
2020-03-22,2020032201001987,HDL,16,57,100,"1,287.00","128,700.00"
2020-03-22,2020032201002257,HGI,22,51,10,335.00,"3,350.00"
2020-03-22,2020032201002234,HGI,22,57,10,329.00,"3,290.00"
2020-03-22,2020032201001906,HIDCL,44,36,50,129.00,"6,450.00"
2020-03-22,2020032201002306,JBBL,43,38,22,166.00,"3,652.00"
2020-03-22,2020032201002303,JSLBB,45,17,17,"1,890.00","32,130.00"
2020-03-22,2020032201001988,JSLBB,56,11,10,"1,891.00","18,910.00"
2020-03-22,2020032201002377,KBL,36,41,29,177.00,"5,133.00"
2020-03-22,2020032201002376,KBL,28,41,642,177.00,"113,634.00"
2020-03-22,2020032201002375,KBL,43,41,100,178.00,"17,800.00"
2020-03-22,2020032201002374,KBL,25,41,50,178.00,"8,900.00"
2020-03-22,2020032201002373,KBL,17,41,179,179.00,"32,041.00"
2020-03-22,2020032201002198,KBL,17,33,21,179.00,"3,759.00"
2020-03-22,2020032201002046,KBL,34,49,40,177.00,"7,080.00"
2020-03-22,2020032201002045,KBL,34,49,200,178.00,"35,600.00"
2020-03-22,2020032201002044,KBL,53,49,555,178.00,"98,790.00"
2020-03-22,2020032201001996,KBL,11,33,459,179.00,"82,161.00"
2020-03-22,2020032201001995,KBL,11,1,541,179.00,"96,839.00"
2020-03-22,2020032201001970,KBL,48,33,20,179.00,"3,580.00"
2020-03-22,2020032201002177,KBL,17,33,400,179.00,"71,600.00"
2020-03-22,2020032201002051,KBL,28,49,358,177.00,"63,366.00"
2020-03-22,2020032201002050,KBL,59,49,300,177.00,"53,100.00"
2020-03-22,2020032201002049,KBL,6,49,50,177.00,"8,850.00"
2020-03-22,2020032201002048,KBL,6,49,300,177.00,"53,100.00"
2020-03-22,2020032201002047,KBL,45,49,500,177.00,"88,500.00"
2020-03-22,2020032201002248,KMCDB,17,33,30,738.00,"22,140.00"
2020-03-22,2020032201002247,KMCDB,29,33,20,738.00,"14,760.00"
2020-03-22,2020032201002302,KPCL,25,39,10,108.00,"1,080.00"
2020-03-22,2020032201002133,KPCL,25,39,10,106.00,"1,060.00"
2020-03-22,2020032201002132,KPCL,25,36,10,104.00,"1,040.00"
2020-03-22,2020032201002131,KPCL,25,39,100,104.00,"10,400.00"
2020-03-22,2020032201002030,KPCL,53,39,100,100.00,"10,000.00"
2020-03-22,2020032201002326,KSBBL,40,33,100,152.00,"15,200.00"
2020-03-22,2020032201002280,LBBL,6,6,"2,310",178.00,"411,180.00"
2020-03-22,2020032201002385,LBL,6,13,167,200.00,"33,400.00"
2020-03-22,2020032201002327,LBL,14,13,100,200.00,"20,000.00"
2020-03-22,2020032201002241,LBL,45,13,233,200.00,"46,600.00"
2020-03-22,2020032201002240,LBL,59,13,300,200.00,"60,000.00"
2020-03-22,2020032201002239,LBL,8,13,200,201.00,"40,200.00"
2020-03-22,2020032201001986,LBL,56,13,200,200.00,"40,000.00"
2020-03-22,2020032201001979,LBL,14,13,100,201.00,"20,100.00"
2020-03-22,2020032201001978,LBL,14,13,100,201.00,"20,100.00"
2020-03-22,2020032201001977,LBL,14,13,500,201.00,"100,500.00"
2020-03-22,2020032201001976,LBL,59,13,85,201.00,"17,085.00"
2020-03-22,2020032201001975,LBL,45,13,25,203.00,"5,075.00"
2020-03-22,2020032201001985,LBL,48,13,200,200.00,"40,000.00"
2020-03-22,2020032201001984,LBL,48,13,"2,000",200.00,"400,000.00"
2020-03-22,2020032201001983,LBL,13,13,300,200.00,"60,000.00"
2020-03-22,2020032201001982,LBL,59,13,300,200.00,"60,000.00"
2020-03-22,2020032201001981,LBL,58,13,500,200.00,"100,000.00"
2020-03-22,2020032201001980,LBL,11,13,50,200.00,"10,000.00"
2020-03-22,2020032201002272,LGIL,10,17,490,396.00,"194,040.00"
2020-03-22,2020032201002271,LGIL,8,17,10,397.00,"3,970.00"
2020-03-22,2020032201002351,LICN,28,49,20,"1,137.00","22,740.00"
2020-03-22,2020032201002350,LICN,22,49,100,"1,137.00","113,700.00"
2020-03-22,2020032201002349,LICN,56,49,50,"1,138.00","56,900.00"
2020-03-22,2020032201002348,LICN,22,49,100,"1,138.00","113,800.00"
2020-03-22,2020032201002347,LICN,14,49,30,"1,139.00","34,170.00"
2020-03-22,2020032201002346,LICN,59,49,100,"1,140.00","114,000.00"
2020-03-22,2020032201002209,LICN,14,49,20,"1,147.00","22,940.00"
2020-03-22,2020032201002208,LICN,28,49,50,"1,150.00","57,500.00"
2020-03-22,2020032201002207,LICN,14,49,18,"1,151.00","20,718.00"
2020-03-22,2020032201002206,LICN,17,49,100,"1,152.00","115,200.00"
2020-03-22,2020032201002215,LICN,29,49,500,"1,145.00","572,500.00"
2020-03-22,2020032201002214,LICN,49,49,100,"1,145.00","114,500.00"
2020-03-22,2020032201002213,LICN,53,49,50,"1,145.00","57,250.00"
2020-03-22,2020032201002212,LICN,59,49,100,"1,146.00","114,600.00"
2020-03-22,2020032201002211,LICN,34,49,50,"1,147.00","57,350.00"
2020-03-22,2020032201002210,LICN,38,49,200,"1,147.00","229,400.00"
2020-03-22,2020032201002235,LICN,8,49,488,"1,140.00","556,320.00"
2020-03-22,2020032201002220,LICN,8,49,12,"1,140.00","13,680.00"
2020-03-22,2020032201002219,LICN,11,49,200,"1,140.00","228,000.00"
2020-03-22,2020032201002218,LICN,59,49,200,"1,141.00","228,200.00"
2020-03-22,2020032201002217,LICN,58,49,300,"1,142.00","342,600.00"
2020-03-22,2020032201002216,LICN,22,49,100,"1,144.00","114,400.00"
2020-03-22,2020032201002381,MBL,59,49,"1,098",215.00,"236,070.00"
2020-03-22,2020032201002324,MBL,43,49,500,215.00,"107,500.00"
2020-03-22,2020032201002323,MBL,34,49,200,215.00,"43,000.00"
2020-03-22,2020032201002322,MBL,59,49,300,215.00,"64,500.00"
2020-03-22,2020032201002321,MBL,1,49,50,215.00,"10,750.00"
2020-03-22,2020032201002320,MBL,48,49,"1,000",215.00,"215,000.00"
2020-03-22,2020032201002313,MBL,56,49,30,216.00,"6,480.00"
2020-03-22,2020032201002202,MBL,59,50,300,217.00,"65,100.00"
2020-03-22,2020032201002201,MBL,45,50,144,218.00,"31,392.00"
2020-03-22,2020032201002200,MBL,22,50,50,218.00,"10,900.00"
2020-03-22,2020032201002182,MBL,45,57,500,219.00,"109,500.00"
2020-03-22,2020032201002319,MBL,50,49,500,215.00,"107,500.00"
2020-03-22,2020032201002318,MBL,8,49,100,215.00,"21,500.00"
2020-03-22,2020032201002317,MBL,35,49,10,215.00,"2,150.00"
2020-03-22,2020032201002316,MBL,8,49,100,216.00,"21,600.00"
2020-03-22,2020032201002315,MBL,59,49,300,216.00,"64,800.00"
2020-03-22,2020032201002314,MBL,59,49,300,216.00,"64,800.00"
2020-03-22,2020032201002120,MEGA,34,50,10,214.00,"2,140.00"
2020-03-22,2020032201002092,MEGA,34,20,100,210.00,"21,000.00"
2020-03-22,2020032201002091,MEGA,34,22,100,210.00,"21,000.00"
2020-03-22,2020032201002090,MEGA,34,48,100,209.00,"20,900.00"
2020-03-22,2020032201002019,MEGA,34,1,107,202.00,"21,614.00"
2020-03-22,2020032201002018,MEGA,34,6,60,202.00,"12,120.00"
2020-03-22,2020032201002017,MEGA,34,50,700,202.00,"141,400.00"
2020-03-22,2020032201001923,MEGA,22,53,100,201.00,"20,100.00"
2020-03-22,2020032201002056,MEGA,34,34,"1,000",206.00,"206,000.00"
2020-03-22,2020032201002055,MEGA,34,37,500,205.00,"102,500.00"
2020-03-22,2020032201002054,MEGA,34,50,500,205.00,"102,500.00"
2020-03-22,2020032201002053,MEGA,34,41,100,205.00,"20,500.00"
2020-03-22,2020032201002052,MEGA,34,48,100,204.00,"20,400.00"
2020-03-22,2020032201002020,MEGA,34,25,300,202.00,"60,600.00"
2020-03-22,2020032201002367,MERO,44,41,150,540.00,"81,000.00"
2020-03-22,2020032201002366,MERO,3,41,40,540.00,"21,600.00"
2020-03-22,2020032201002254,MERO,34,29,10,550.00,"5,500.00"
2020-03-22,2020032201002119,MERO,57,41,50,540.00,"27,000.00"
2020-03-22,2020032201001944,MERO,57,16,50,540.00,"27,000.00"
2020-03-22,2020032201001943,MFIL,57,14,10,250.00,"2,500.00"
2020-03-22,2020032201001931,MFIL,57,6,40,246.00,"9,840.00"
2020-03-22,2020032201002113,MNBBL,1,49,300,296.00,"88,800.00"
2020-03-22,2020032201002028,MNBBL,59,36,200,295.00,"59,000.00"
2020-03-22,2020032201002370,MPFL,29,32,100,119.00,"11,900.00"
2020-03-22,2020032201002291,MPFL,58,32,50,118.00,"5,900.00"
2020-03-22,2020032201002089,MPFL,58,46,50,118.00,"5,900.00"
2020-03-22,2020032201002080,NABIL,42,33,72,701.00,"50,472.00"
2020-03-22,2020032201002079,NABIL,33,33,140,701.00,"98,140.00"
2020-03-22,2020032201002078,NABIL,22,33,10,702.00,"7,020.00"
2020-03-22,2020032201002077,NABIL,34,33,10,702.00,"7,020.00"
2020-03-22,2020032201002076,NABIL,56,33,100,702.00,"70,200.00"
2020-03-22,2020032201002075,NABIL,51,33,100,702.00,"70,200.00"
2020-03-22,2020032201002033,NABIL,43,33,20,716.00,"14,320.00"
2020-03-22,2020032201002032,NABIL,45,33,100,720.00,"72,000.00"
2020-03-22,2020032201002039,NABIL,42,33,100,710.00,"71,000.00"
2020-03-22,2020032201002038,NABIL,17,33,50,710.00,"35,500.00"
2020-03-22,2020032201002037,NABIL,56,33,500,711.00,"355,500.00"
2020-03-22,2020032201002036,NABIL,49,33,30,714.00,"21,420.00"
2020-03-22,2020032201002035,NABIL,45,33,30,715.00,"21,450.00"
2020-03-22,2020032201002034,NABIL,40,33,18,715.00,"12,870.00"
2020-03-22,2020032201002062,NABIL,49,33,200,705.00,"141,000.00"
2020-03-22,2020032201002061,NABIL,51,33,50,705.00,"35,250.00"
2020-03-22,2020032201002043,NABIL,45,33,10,706.00,"7,060.00"
2020-03-22,2020032201002042,NABIL,18,33,50,706.00,"35,300.00"
2020-03-22,2020032201002041,NABIL,43,33,100,706.00,"70,600.00"
2020-03-22,2020032201002040,NABIL,33,33,50,707.00,"35,350.00"
2020-03-22,2020032201002068,NABIL,17,33,30,705.00,"21,150.00"
2020-03-22,2020032201002067,NABIL,58,33,10,705.00,"7,050.00"
2020-03-22,2020032201002066,NABIL,38,33,20,705.00,"14,100.00"
2020-03-22,2020032201002065,NABIL,51,33,100,705.00,"70,500.00"
2020-03-22,2020032201002064,NABIL,11,33,100,705.00,"70,500.00"
2020-03-22,2020032201002063,NABIL,17,33,10,705.00,"7,050.00"
2020-03-22,2020032201002074,NABIL,17,33,100,702.00,"70,200.00"
2020-03-22,2020032201002073,NABIL,8,33,50,702.00,"35,100.00"
2020-03-22,2020032201002072,NABIL,49,33,"1,000",703.00,"703,000.00"
2020-03-22,2020032201002071,NABIL,8,33,200,703.00,"140,600.00"
2020-03-22,2020032201002070,NABIL,56,33,140,703.00,"98,420.00"
2020-03-22,2020032201002069,NABIL,44,33,500,704.00,"352,000.00"
2020-03-22,2020032201002238,NADEP,36,41,500,534.00,"267,000.00"
2020-03-22,2020032201002237,NADEP,36,41,16,544.00,"8,704.00"
2020-03-22,2020032201002128,NADEP,36,45,484,544.00,"263,296.00"
2020-03-22,2020032201002297,NBL,29,49,"6,305",251.00,"1,582,555.00"
2020-03-22,2020032201002295,NBL,47,49,"3,000",251.00,"753,000.00"
2020-03-22,2020032201002294,NBL,45,49,100,251.00,"25,100.00"
2020-03-22,2020032201002293,NBL,45,49,200,251.00,"50,200.00"
2020-03-22,2020032201002292,NBL,41,49,350,251.00,"87,850.00"
2020-03-22,2020032201002222,NBL,41,51,150,251.00,"37,650.00"
2020-03-22,2020032201001907,NBL,41,49,100,255.00,"25,500.00"
2020-03-22,2020032201001913,NBL,44,49,200,253.00,"50,600.00"
2020-03-22,2020032201001912,NBL,6,49,300,253.00,"75,900.00"
2020-03-22,2020032201001911,NBL,8,49,200,253.00,"50,600.00"
2020-03-22,2020032201001910,NBL,56,49,65,253.00,"16,445.00"
2020-03-22,2020032201001909,NBL,6,49,500,254.00,"127,000.00"
2020-03-22,2020032201001908,NBL,49,49,30,254.00,"7,620.00"
2020-03-22,2020032201002221,NBL,17,51,300,251.00,"75,300.00"
2020-03-22,2020032201001933,NBL,59,49,500,252.00,"126,000.00"
2020-03-22,2020032201001917,NBL,57,49,200,252.00,"50,400.00"
2020-03-22,2020032201001916,NBL,41,49,100,252.00,"25,200.00"
2020-03-22,2020032201001915,NBL,48,49,500,252.00,"126,000.00"
2020-03-22,2020032201001914,NBL,41,49,350,252.00,"88,200.00"
2020-03-22,2020032201002386,NCCB,50,11,710,178.00,"126,380.00"
2020-03-22,2020032201002352,NCCB,45,11,90,178.00,"16,020.00"
2020-03-22,2020032201002312,NCCB,22,11,100,178.00,"17,800.00"
2020-03-22,2020032201002277,NCCB,37,11,100,178.00,"17,800.00"
2020-03-22,2020032201002263,NGPL,34,29,350,105.00,"36,750.00"
2020-03-22,2020032201001953,NHPC,33,45,10,53.00,530.00
2020-03-22,2020032201002354,NIB,41,42,44,373.00,"16,412.00"
2020-03-22,2020032201002325,NIB,57,42,100,373.00,"37,300.00"
2020-03-22,2020032201002203,NIB,34,42,200,374.00,"74,800.00"
2020-03-22,2020032201002110,NIB,42,42,50,374.00,"18,700.00"
2020-03-22,2020032201002267,NIBPO,39,58,100,324.00,"32,400.00"
2020-03-22,2020032201002266,NIBPO,6,58,300,324.00,"97,200.00"
2020-03-22,2020032201002265,NIBPO,59,58,10,324.00,"3,240.00"
2020-03-22,2020032201002264,NIBPO,3,58,500,325.00,"162,500.00"
2020-03-22,2020032201002250,NIBPO,45,49,494,326.00,"161,044.00"
2020-03-22,2020032201002249,NIBPO,8,49,600,326.00,"195,600.00"
2020-03-22,2020032201002329,NICA,34,25,100,496.00,"49,600.00"
2020-03-22,2020032201002246,NICA,34,42,40,496.00,"19,840.00"
2020-03-22,2020032201002183,NICA,45,33,288,495.00,"142,560.00"
2020-03-22,2020032201002123,NICA,6,53,50,494.00,"24,700.00"
2020-03-22,2020032201002105,NICA,48,33,"3,000",495.00,"1,485,000.00"
2020-03-22,2020032201002104,NICA,13,33,20,495.00,"9,900.00"
2020-03-22,2020032201001957,NICA,53,49,100,497.00,"49,700.00"
2020-03-22,2020032201001956,NICA,13,49,189,497.00,"93,933.00"
2020-03-22,2020032201001955,NICA,45,49,349,498.00,"173,802.00"
2020-03-22,2020032201001954,NICA,14,49,20,499.00,"9,980.00"
2020-03-22,2020032201002083,NICA,57,44,35,496.00,"17,360.00"
2020-03-22,2020032201002082,NICA,48,44,58,497.00,"28,826.00"
2020-03-22,2020032201002081,NICA,38,44,50,499.00,"24,950.00"
2020-03-22,2020032201002005,NICA,57,38,10,501.00,"5,010.00"
2020-03-22,2020032201001959,NICA,48,49,142,497.00,"70,574.00"
2020-03-22,2020032201001958,NICA,36,49,200,497.00,"99,400.00"
2020-03-22,2020032201002103,NICA,17,33,149,495.00,"73,755.00"
2020-03-22,2020032201002102,NICA,6,33,543,496.00,"269,328.00"
2020-03-22,2020032201002087,NICA,6,44,457,496.00,"226,672.00"
2020-03-22,2020032201002086,NICA,48,44,200,496.00,"99,200.00"
2020-03-22,2020032201002085,NICA,39,44,500,496.00,"248,000.00"
2020-03-22,2020032201002084,NICA,38,44,200,496.00,"99,200.00"
2020-03-22,2020032201002270,NICL,50,34,10,347.00,"3,470.00"
2020-03-22,2020032201002233,NICL,29,42,524,341.00,"178,684.00"
2020-03-22,2020032201002181,NICL,34,42,100,341.00,"34,100.00"
2020-03-22,2020032201002365,NLG,29,25,50,545.00,"27,250.00"
2020-03-22,2020032201002345,NLIC,43,53,20,"1,054.00","21,080.00"
2020-03-22,2020032201002299,NLIC,13,34,380,"1,050.00","399,000.00"
2020-03-22,2020032201002296,NLIC,44,53,10,"1,054.00","10,540.00"
2020-03-22,2020032201002283,NLIC,13,45,100,"1,050.00","105,000.00"
2020-03-22,2020032201002282,NLIC,13,34,500,"1,049.00","524,500.00"
2020-03-22,2020032201002281,NLIC,6,44,380,"1,035.00","393,300.00"
2020-03-22,2020032201001990,NLIC,58,34,10,"1,024.00","10,240.00"
2020-03-22,2020032201001969,NLIC,58,45,40,"1,024.00","40,960.00"
2020-03-22,2020032201001968,NLIC,41,45,410,"1,024.00","419,840.00"
2020-03-22,2020032201001967,NLIC,50,45,100,"1,025.00","102,500.00"
2020-03-22,2020032201001966,NLIC,7,45,200,"1,026.00","205,200.00"
2020-03-22,2020032201002256,NLIC,38,34,400,"1,032.00","412,800.00"
2020-03-22,2020032201002231,NLIC,32,34,100,"1,032.00","103,200.00"
2020-03-22,2020032201002205,NLIC,29,34,500,"1,031.00","515,500.00"
2020-03-22,2020032201002170,NLIC,10,34,100,"1,024.00","102,400.00"
2020-03-22,2020032201001992,NLIC,41,34,490,"1,023.00","501,270.00"
2020-03-22,2020032201001991,NLIC,56,34,500,"1,023.00","511,500.00"
2020-03-22,2020032201002288,NLICL,59,51,100,559.00,"55,900.00"
2020-03-22,2020032201002287,NLICL,54,51,50,560.00,"28,000.00"
2020-03-22,2020032201002286,NLICL,34,51,10,564.00,"5,640.00"
2020-03-22,2020032201002285,NLICL,10,51,115,565.00,"64,975.00"
2020-03-22,2020032201002284,NLICL,48,51,20,565.00,"11,300.00"
2020-03-22,2020032201001939,NLICL,34,45,100,566.00,"56,600.00"
2020-03-22,2020032201001932,NLICL,13,45,60,567.00,"34,020.00"
2020-03-22,2020032201001922,NLICL,13,45,940,567.00,"532,980.00"
2020-03-22,2020032201001921,NLICL,41,45,130,567.00,"73,710.00"
2020-03-22,2020032201001920,NLICL,50,45,50,568.00,"28,400.00"
2020-03-22,2020032201001919,NLICL,49,45,10,569.00,"5,690.00"
2020-03-22,2020032201002167,NMB,41,33,159,377.00,"59,943.00"
2020-03-22,2020032201002166,NMB,13,33,20,377.00,"7,540.00"
2020-03-22,2020032201002165,NMB,6,33,"2,000",377.00,"754,000.00"
2020-03-22,2020032201002164,NMB,18,33,50,377.00,"18,850.00"
2020-03-22,2020032201002163,NMB,41,33,100,377.00,"37,700.00"
2020-03-22,2020032201002162,NMB,32,33,398,377.00,"150,046.00"
2020-03-22,2020032201001965,NMB,28,16,68,379.00,"25,772.00"
2020-03-22,2020032201001964,NMB,16,16,84,379.00,"31,836.00"
2020-03-22,2020032201001948,NMB,26,33,100,380.00,"38,000.00"
2020-03-22,2020032201001947,NMB,8,33,10,380.00,"3,800.00"
2020-03-22,2020032201002149,NMB,28,33,432,379.00,"163,728.00"
2020-03-22,2020032201002148,NMB,32,33,50,380.00,"19,000.00"
2020-03-22,2020032201002147,NMB,49,33,345,380.00,"131,100.00"
2020-03-22,2020032201002130,NMB,29,28,"1,000",381.00,"381,000.00"
2020-03-22,2020032201002129,NMB,29,50,985,381.00,"375,285.00"
2020-03-22,2020032201001989,NMB,49,33,35,380.00,"13,300.00"
2020-03-22,2020032201002155,NMB,16,33,100,378.00,"37,800.00"
2020-03-22,2020032201002154,NMB,42,33,30,378.00,"11,340.00"
2020-03-22,2020032201002153,NMB,56,33,500,378.00,"189,000.00"
2020-03-22,2020032201002152,NMB,59,33,500,378.00,"189,000.00"
2020-03-22,2020032201002151,NMB,48,33,"3,000",379.00,"1,137,000.00"
2020-03-22,2020032201002150,NMB,50,33,50,379.00,"18,950.00"
2020-03-22,2020032201002161,NMB,32,33,500,377.00,"188,500.00"
2020-03-22,2020032201002160,NMB,52,33,200,377.00,"75,400.00"
2020-03-22,2020032201002159,NMB,49,33,200,377.00,"75,400.00"
2020-03-22,2020032201002158,NMB,59,33,300,377.00,"113,100.00"
2020-03-22,2020032201002157,NMB,56,33,16,377.00,"6,032.00"
2020-03-22,2020032201002156,NMB,49,33,50,378.00,"18,900.00"
2020-03-22,2020032201001930,NMBMF,59,28,171,755.00,"129,105.00"
2020-03-22,2020032201001929,NMBMF,33,28,100,756.00,"75,600.00"
2020-03-22,2020032201001928,NMBMF,17,28,449,757.00,"339,893.00"
2020-03-22,2020032201001927,NMBMF,49,28,200,758.00,"151,600.00"
2020-03-22,2020032201001926,NMBMF,16,28,30,760.00,"22,800.00"
2020-03-22,2020032201001925,NMBMF,29,28,50,765.00,"38,250.00"
2020-03-22,2020032201002340,PCBL,33,13,250,252.00,"63,000.00"
2020-03-22,2020032201002339,PCBL,33,13,250,252.00,"63,000.00"
2020-03-22,2020032201002387,PICL,57,58,10,404.00,"4,040.00"
2020-03-22,2020032201002371,PICL,28,16,50,400.00,"20,000.00"
2020-03-22,2020032201002269,PLIC,29,10,50,499.00,"24,950.00"
2020-03-22,2020032201002255,PLIC,7,29,810,496.00,"401,760.00"
2020-03-22,2020032201002031,PLIC,48,10,20,499.00,"9,980.00"
2020-03-22,2020032201002390,PRIN,43,49,50,360.00,"18,000.00"
2020-03-22,2020032201002383,PRIN,45,36,35,357.00,"12,495.00"
2020-03-22,2020032201002382,PRIN,7,36,15,357.00,"5,355.00"
2020-03-22,2020032201002300,PROFL,36,45,10,102.00,"1,020.00"
2020-03-22,2020032201002364,PRVU,44,32,10,225.00,"2,250.00"
2020-03-22,2020032201002169,PRVU,48,25,316,222.00,"70,152.00"
2020-03-22,2020032201001938,PRVU,50,6,34,223.00,"7,582.00"
2020-03-22,2020032201001937,PRVU,50,50,234,223.00,"52,182.00"
2020-03-22,2020032201002232,RHPC,37,58,100,78.00,"7,800.00"
2020-03-22,2020032201002187,RHPC,37,58,"1,000",78.00,"78,000.00"
2020-03-22,2020032201001960,RHPC,44,58,500,78.00,"39,000.00"
2020-03-22,2020032201002268,RHPL,28,44,"9,320",153.00,"1,425,960.00"
2020-03-22,2020032201001895,RHPL,28,59,40,154.00,"6,160.00"
2020-03-22,2020032201001894,RHPL,28,14,300,154.00,"46,200.00"
2020-03-22,2020032201001893,RHPL,28,17,290,154.00,"44,660.00"
2020-03-22,2020032201002112,RLFL,57,32,10,130.00,"1,300.00"
2020-03-22,2020032201002029,RMDC,39,53,59,590.00,"34,810.00"
2020-03-22,2020032201002023,RMDC,29,53,30,593.00,"17,790.00"
2020-03-22,2020032201002022,RMDC,40,53,75,594.00,"44,550.00"
2020-03-22,2020032201002015,RMDC,29,49,600,603.00,"361,800.00"
2020-03-22,2020032201002011,RMDC,29,52,29,602.00,"17,458.00"
2020-03-22,2020032201002010,RMDC,29,58,200,600.00,"120,000.00"
2020-03-22,2020032201002391,SANIMA,34,49,15,324.00,"4,860.00"
2020-03-22,2020032201002380,SANIMA,34,45,100,323.00,"32,300.00"
2020-03-22,2020032201002379,SANIMA,34,42,145,320.00,"46,400.00"
2020-03-22,2020032201002378,SANIMA,34,45,40,319.00,"12,760.00"
2020-03-22,2020032201002338,SANIMA,44,45,10,319.00,"3,190.00"
2020-03-22,2020032201002195,SANIMA,45,13,"1,000",317.00,"317,000.00"
2020-03-22,2020032201001961,SANIMA,44,6,"2,720",318.00,"864,960.00"
2020-03-22,2020032201002185,SANIMA,1,13,50,317.00,"15,850.00"
2020-03-22,2020032201002184,SANIMA,44,13,620,317.00,"196,540.00"
2020-03-22,2020032201002146,SANIMA,44,53,250,317.00,"79,250.00"
2020-03-22,2020032201002142,SANIMA,44,13,130,317.00,"41,210.00"
2020-03-22,2020032201002141,SANIMA,4,13,200,318.00,"63,600.00"
2020-03-22,2020032201002140,SANIMA,44,13,"2,170",318.00,"690,060.00"
2020-03-22,2020032201002109,SBI,51,13,250,412.00,"103,000.00"
2020-03-22,2020032201002108,SBI,57,13,10,412.00,"4,120.00"
2020-03-22,2020032201002107,SBI,49,13,100,412.00,"41,200.00"
2020-03-22,2020032201002106,SBI,43,13,100,414.00,"41,400.00"
2020-03-22,2020032201002178,SBL,13,50,50,289.00,"14,450.00"
2020-03-22,2020032201002145,SBL,44,44,"5,200",291.00,"1,513,200.00"
2020-03-22,2020032201002144,SBL,44,36,50,291.00,"14,550.00"
2020-03-22,2020032201002289,SCB,49,33,308,590.00,"181,720.00"
2020-03-22,2020032201002143,SDESI,28,34,99,775.00,"76,725.00"
2020-03-22,2020032201002261,SHIVM,52,42,590,487.00,"287,330.00"
2020-03-22,2020032201002260,SHIVM,38,42,500,488.00,"244,000.00"
2020-03-22,2020032201002259,SHIVM,49,42,200,489.00,"97,800.00"
2020-03-22,2020032201002258,SHIVM,57,33,50,492.00,"24,600.00"
2020-03-22,2020032201002138,SHIVM,57,42,10,495.00,"4,950.00"
2020-03-22,2020032201002016,SHIVM,48,51,420,487.00,"204,540.00"
2020-03-22,2020032201001997,SHIVM,28,53,160,489.00,"78,240.00"
2020-03-22,2020032201001951,SHIVM,28,53,200,489.00,"97,800.00"
2020-03-22,2020032201002006,SHIVM,48,51,80,487.00,"38,960.00"
2020-03-22,2020032201002002,SHIVM,48,53,170,487.00,"82,790.00"
2020-03-22,2020032201002001,SHIVM,45,53,20,487.00,"9,740.00"
2020-03-22,2020032201002000,SHIVM,1,53,50,487.00,"24,350.00"
2020-03-22,2020032201001999,SHIVM,14,53,50,488.00,"24,400.00"
2020-03-22,2020032201001998,SHIVM,25,53,50,489.00,"24,450.00"
2020-03-22,2020032201002307,SICL,17,50,30,845.00,"25,350.00"
2020-03-22,2020032201002021,SICL,37,50,20,845.00,"16,900.00"
2020-03-22,2020032201002309,SJCL,54,5,300,141.00,"42,300.00"
2020-03-22,2020032201002308,SJCL,45,5,100,142.00,"14,200.00"
2020-03-22,2020032201002194,SKBBL,40,28,21,990.00,"20,790.00"
2020-03-22,2020032201002279,SLBBL,34,48,10,774.00,"7,740.00"
2020-03-22,2020032201002228,SPARS,45,34,46,693.00,"31,878.00"
2020-03-22,2020032201002196,SPARS,51,34,30,700.00,"21,000.00"
2020-03-22,2020032201002389,SRBL,8,6,65,233.00,"15,145.00"
2020-03-22,2020032201002388,SRBL,48,6,35,234.00,"8,190.00"
2020-03-22,2020032201002384,SRBL,48,50,40,236.00,"9,440.00"
2020-03-22,2020032201002229,SRBL,48,50,12,236.00,"2,832.00"
2020-03-22,2020032201001950,SRBL,56,50,88,236.00,"20,768.00"
2020-03-22,2020032201001949,SRBL,56,50,412,236.00,"97,232.00"
2020-03-22,2020032201001924,STC,1,52,20,"2,400.00","48,000.00"
2020-03-22,2020032201002101,UIC,17,49,85,307.00,"26,095.00"
2020-03-22,2020032201002060,UIC,6,49,60,308.00,"18,480.00"
2020-03-22,2020032201002007,UIC,17,32,50,307.00,"15,350.00"
2020-03-22,2020032201001899,UIC,45,4,20,305.00,"6,100.00"
2020-03-22,2020032201002305,UPPER,41,34,66,227.00,"14,982.00"
2020-03-22,2020032201002230,UPPER,41,45,57,227.00,"12,939.00"
2020-03-22,2020032201001787,ADBL,58,22,20,364.00,"7,280.00"
2020-03-22,2020032201001722,ADBL,39,50,300,363.00,"108,900.00"
2020-03-22,2020032201001666,ADBL,32,50,43,362.00,"15,566.00"
2020-03-22,2020032201001647,ADBL,54,50,200,362.00,"72,400.00"
2020-03-22,2020032201001631,ADBL,34,50,100,362.00,"36,200.00"
2020-03-22,2020032201001630,ADBL,28,50,349,362.00,"126,338.00"
2020-03-22,2020032201001457,ADBL,10,50,100,364.00,"36,400.00"
2020-03-22,2020032201001511,ADBL,43,49,50,362.00,"18,100.00"
2020-03-22,2020032201001510,ADBL,37,49,10,362.00,"3,620.00"
2020-03-22,2020032201001509,ADBL,43,49,20,363.00,"7,260.00"
2020-03-22,2020032201001489,ADBL,43,6,30,363.00,"10,890.00"
2020-03-22,2020032201001488,ADBL,22,6,30,363.00,"10,890.00"
2020-03-22,2020032201001535,ADBL,6,49,961,362.00,"347,882.00"
2020-03-22,2020032201001527,ADBL,56,49,20,362.00,"7,240.00"
2020-03-22,2020032201001515,ADBL,14,49,50,362.00,"18,100.00"
2020-03-22,2020032201001514,ADBL,53,49,10,362.00,"3,620.00"
2020-03-22,2020032201001513,ADBL,59,49,500,362.00,"181,000.00"
2020-03-22,2020032201001512,ADBL,34,49,150,362.00,"54,300.00"
2020-03-22,2020032201001623,ADBL,28,50,651,362.00,"235,662.00"
2020-03-22,2020032201001622,ADBL,11,50,200,362.00,"72,400.00"
2020-03-22,2020032201001621,ADBL,14,50,39,362.00,"14,118.00"
2020-03-22,2020032201001616,ADBL,14,50,200,363.00,"72,600.00"
2020-03-22,2020032201001590,ADBL,14,50,10,364.00,"3,640.00"
2020-03-22,2020032201001542,ADBL,14,34,11,362.00,"3,982.00"
2020-03-22,2020032201001405,ALBSL,8,4,10,599.00,"5,990.00"
2020-03-22,2020032201001886,API,39,47,20,115.00,"2,300.00"
2020-03-22,2020032201001857,API,39,47,200,113.00,"22,600.00"
2020-03-22,2020032201001835,API,39,53,50,111.00,"5,550.00"
2020-03-22,2020032201001834,API,39,47,100,110.00,"11,000.00"
2020-03-22,2020032201001798,API,39,59,400,109.00,"43,600.00"
2020-03-22,2020032201001646,API,38,59,100,109.00,"10,900.00"
2020-03-22,2020032201001588,API,38,25,200,107.00,"21,400.00"
2020-03-22,2020032201001649,BFC,49,8,50,95.00,"4,750.00"
2020-03-22,2020032201001706,BOKL,20,33,50,220.00,"11,000.00"
2020-03-22,2020032201001598,BOKL,17,33,100,220.00,"22,000.00"
2020-03-22,2020032201001439,BOKL,10,13,27,218.00,"5,886.00"
2020-03-22,2020032201001393,BOKL,40,13,"1,000",214.00,"214,000.00"
2020-03-22,2020032201001786,BPCL,22,33,200,326.00,"65,200.00"
2020-03-22,2020032201001852,CBBL,48,49,20,954.00,"19,080.00"
2020-03-22,2020032201001769,CBBL,28,11,100,950.00,"95,000.00"
2020-03-22,2020032201001789,CBL,34,29,10,140.00,"1,400.00"
2020-03-22,2020032201001747,CBL,22,45,140,139.00,"19,460.00"
2020-03-22,2020032201001778,CCBL,20,7,67,161.00,"10,787.00"
2020-03-22,2020032201001453,CCBL,10,4,100,160.00,"16,000.00"
2020-03-22,2020032201001883,CFCL,33,33,10,121.00,"1,210.00"
2020-03-22,2020032201001772,CFCL,28,33,100,120.00,"12,000.00"
2020-03-22,2020032201001686,CFCL,39,33,100,118.00,"11,800.00"
2020-03-22,2020032201001620,CFCL,37,33,100,116.00,"11,600.00"
2020-03-22,2020032201001487,CHCL,44,17,44,362.00,"15,928.00"
2020-03-22,2020032201001486,CHCL,59,17,260,362.00,"94,120.00"
2020-03-22,2020032201001485,CHCL,28,17,31,363.00,"11,253.00"
2020-03-22,2020032201001476,CHCL,28,17,169,363.00,"61,347.00"
2020-03-22,2020032201001472,CHCL,41,17,100,363.00,"36,300.00"
2020-03-22,2020032201001471,CHCL,14,17,100,364.00,"36,400.00"
2020-03-22,2020032201001718,CIT,52,57,100,"2,460.00","246,000.00"
2020-03-22,2020032201001667,CIT,53,57,100,"2,460.00","246,000.00"
2020-03-22,2020032201001885,CZBIL,39,51,169,181.00,"30,589.00"
2020-03-22,2020032201001782,CZBIL,11,32,51,183.00,"9,333.00"
2020-03-22,2020032201001516,CZBIL,13,17,500,181.00,"90,500.00"
2020-03-22,2020032201001404,CZBIL,34,22,200,180.00,"36,000.00"
2020-03-22,2020032201001403,CZBIL,44,22,164,180.00,"29,520.00"
2020-03-22,2020032201001674,EBL,34,50,100,620.00,"62,000.00"
2020-03-22,2020032201001663,EBL,10,38,916,614.00,"562,424.00"
2020-03-22,2020032201001662,EBL,16,38,100,614.00,"61,400.00"
2020-03-22,2020032201001661,EBL,56,38,500,614.00,"307,000.00"
2020-03-22,2020032201001660,EBL,29,38,20,615.00,"12,300.00"
2020-03-22,2020032201001863,EIC,6,6,"1,000",345.00,"345,000.00"
2020-03-22,2020032201001741,EIC,6,32,50,340.00,"17,000.00"
2020-03-22,2020032201001740,EIC,6,4,50,339.00,"16,950.00"
2020-03-22,2020032201001890,FMDBL,41,53,100,431.00,"43,100.00"
2020-03-22,2020032201001884,FMDBL,41,16,50,428.00,"21,400.00"
2020-03-22,2020032201001533,FMDBL,39,48,100,424.00,"42,400.00"
2020-03-22,2020032201001467,FMDBL,36,49,30,422.00,"12,660.00"
2020-03-22,2020032201001466,FMDBL,36,48,10,422.00,"4,220.00"
2020-03-22,2020032201001627,GBBL,36,58,200,220.00,"44,000.00"
2020-03-22,2020032201001568,GBBL,36,45,50,220.00,"11,000.00"
2020-03-22,2020032201001567,GBBL,36,32,100,219.00,"21,900.00"
2020-03-22,2020032201001887,GBIME,11,54,100,250.00,"25,000.00"
2020-03-22,2020032201001860,GBIME,38,54,55,250.00,"13,750.00"
2020-03-22,2020032201001858,GBIME,57,54,50,250.00,"12,500.00"
2020-03-22,2020032201001742,GBIME,59,54,20,250.00,"5,000.00"
2020-03-22,2020032201001725,GBIME,49,54,50,250.00,"12,500.00"
2020-03-22,2020032201001709,GBIME,17,54,100,250.00,"25,000.00"
2020-03-22,2020032201001408,GBIME,7,54,100,250.00,"25,000.00"
2020-03-22,2020032201001402,GBIME,37,54,100,250.00,"25,000.00"
2020-03-22,2020032201001545,GBIME,6,13,"1,000",249.00,"249,000.00"
2020-03-22,2020032201001544,GBIME,8,13,50,249.00,"12,450.00"
2020-03-22,2020032201001530,GBIME,59,54,500,250.00,"125,000.00"
2020-03-22,2020032201001460,GBIME,7,54,100,250.00,"25,000.00"
2020-03-22,2020032201001444,GBIME,59,54,200,250.00,"50,000.00"
2020-03-22,2020032201001416,GBIME,52,54,800,250.00,"200,000.00"
2020-03-22,2020032201001703,GBIME,57,54,200,250.00,"50,000.00"
2020-03-22,2020032201001700,GBIME,59,41,470,250.00,"117,500.00"
2020-03-22,2020032201001676,GBIME,57,41,30,250.00,"7,500.00"
2020-03-22,2020032201001675,GBIME,57,54,170,250.00,"42,500.00"
2020-03-22,2020032201001551,GBIME,17,13,500,249.00,"124,500.00"
2020-03-22,2020032201001547,GBIME,49,54,30,250.00,"7,500.00"
2020-03-22,2020032201001854,GLICL,41,51,10,403.00,"4,030.00"
2020-03-22,2020032201001853,GLICL,41,46,90,403.00,"36,270.00"
2020-03-22,2020032201001721,GLICL,58,54,30,399.00,"11,970.00"
2020-03-22,2020032201001720,GLICL,45,54,50,399.00,"19,950.00"
2020-03-22,2020032201001719,GLICL,48,54,20,399.00,"7,980.00"
2020-03-22,2020032201001731,GMFBS,14,6,50,753.00,"37,650.00"
2020-03-22,2020032201001730,GMFBS,17,6,10,753.00,"7,530.00"
2020-03-22,2020032201001729,GMFBS,34,6,50,754.00,"37,700.00"
2020-03-22,2020032201001713,GMFIL,6,13,10,116.00,"1,160.00"
2020-03-22,2020032201001701,GMFIL,6,13,10,118.00,"1,180.00"
2020-03-22,2020032201001668,GMFIL,6,13,10,120.00,"1,200.00"
2020-03-22,2020032201001658,GMFIL,6,13,10,122.00,"1,220.00"
2020-03-22,2020032201001638,GMFIL,6,13,10,124.00,"1,240.00"
2020-03-22,2020032201001624,GMFIL,6,13,10,126.00,"1,260.00"
2020-03-22,2020032201001792,HDHPC,45,34,20,82.00,"1,640.00"
2020-03-22,2020032201001735,HDHPC,1,34,100,83.00,"8,300.00"
2020-03-22,2020032201001698,HDHPC,1,34,40,84.00,"3,360.00"
2020-03-22,2020032201001619,HDHPC,1,34,10,84.00,840.00
2020-03-22,2020032201001891,HDL,6,25,40,"1,287.00","51,480.00"
2020-03-22,2020032201001882,HDL,37,57,400,"1,287.00","514,800.00"
2020-03-22,2020032201001790,HDL,13,57,100,"1,287.00","128,700.00"
2020-03-22,2020032201001781,HDL,6,49,500,"1,286.00","643,000.00"
2020-03-22,2020032201001780,HDL,6,22,10,"1,286.00","12,860.00"
2020-03-22,2020032201001732,HDL,39,58,100,"1,285.00","128,500.00"
2020-03-22,2020032201001397,HDL,44,45,490,"1,285.00","629,650.00"
2020-03-22,2020032201001584,HDL,34,57,30,"1,278.00","38,340.00"
2020-03-22,2020032201001583,HDL,49,57,15,"1,280.00","19,200.00"
2020-03-22,2020032201001582,HDL,58,57,10,"1,280.00","12,800.00"
2020-03-22,2020032201001422,HDL,39,1,100,"1,278.00","127,800.00"
2020-03-22,2020032201001421,HDL,29,1,250,"1,284.00","321,000.00"
2020-03-22,2020032201001420,HDL,29,1,250,"1,285.00","321,250.00"
2020-03-22,2020032201001633,HDL,6,57,95,"1,277.00","121,315.00"
2020-03-22,2020032201001625,HDL,41,57,40,"1,277.00","51,080.00"
2020-03-22,2020032201001617,HDL,28,57,100,"1,277.00","127,700.00"
2020-03-22,2020032201001587,HDL,45,57,10,"1,277.00","12,770.00"
2020-03-22,2020032201001586,HDL,44,57,"1,000","1,277.00","1,277,000.00"
2020-03-22,2020032201001585,HDL,54,57,200,"1,278.00","255,600.00"
2020-03-22,2020032201001508,HGI,10,38,189,323.00,"61,047.00"
2020-03-22,2020032201001507,HGI,1,38,20,323.00,"6,460.00"
2020-03-22,2020032201001506,HGI,51,38,100,323.00,"32,300.00"
2020-03-22,2020032201001505,HGI,51,38,91,323.00,"29,393.00"
2020-03-22,2020032201001504,HGI,4,38,50,323.00,"16,150.00"
2020-03-22,2020032201001503,HGI,28,38,50,324.00,"16,200.00"
2020-03-22,2020032201001475,HGI,28,38,450,324.00,"145,800.00"
2020-03-22,2020032201001474,HGI,41,38,50,325.00,"16,250.00"
2020-03-22,2020032201001841,JSLBB,52,11,10,"1,891.00","18,910.00"
2020-03-22,2020032201001797,JSLBB,56,11,10,"1,891.00","18,910.00"
2020-03-22,2020032201001756,JSLBB,41,6,40,"1,892.00","75,680.00"
2020-03-22,2020032201001755,JSLBB,28,6,10,"1,892.00","18,920.00"
2020-03-22,2020032201001746,JSLBB,52,47,11,"1,891.00","20,801.00"
2020-03-22,2020032201001449,JSLBB,45,17,10,"1,890.00","18,900.00"
2020-03-22,2020032201001728,JSLBB,56,17,10,"1,890.00","18,900.00"
2020-03-22,2020032201001727,JSLBB,56,45,50,"1,890.00","94,500.00"
2020-03-22,2020032201001669,JSLBB,1,45,50,"1,890.00","94,500.00"
2020-03-22,2020032201001493,JSLBB,52,17,10,"1,891.00","18,910.00"
2020-03-22,2020032201001482,JSLBB,52,17,20,"1,892.00","37,840.00"
2020-03-22,2020032201001469,JSLBB,52,17,10,"1,891.00","18,910.00"
2020-03-22,2020032201001878,KBL,43,33,100,179.00,"17,900.00"
2020-03-22,2020032201001773,KBL,53,33,445,178.00,"79,210.00"
2020-03-22,2020032201001768,KBL,14,33,105,178.00,"18,690.00"
2020-03-22,2020032201001764,KBL,41,33,250,178.00,"44,500.00"
2020-03-22,2020032201001736,KBL,16,33,200,178.00,"35,600.00"
2020-03-22,2020032201001596,KBL,34,41,360,177.00,"63,720.00"
2020-03-22,2020032201001543,KBL,6,33,100,178.00,"17,800.00"
2020-03-22,2020032201001536,KBL,29,33,20,178.00,"3,560.00"
2020-03-22,2020032201001492,KBL,56,33,"1,000",178.00,"178,000.00"
2020-03-22,2020032201001491,KBL,56,33,469,178.00,"83,482.00"
2020-03-22,2020032201001470,KBL,25,33,100,178.00,"17,800.00"
2020-03-22,2020032201001396,KBL,22,56,50,177.00,"8,850.00"
2020-03-22,2020032201001595,KBL,1,41,200,177.00,"35,400.00"
2020-03-22,2020032201001594,KBL,25,41,100,177.00,"17,700.00"
2020-03-22,2020032201001593,KBL,22,41,340,177.00,"60,180.00"
2020-03-22,2020032201001591,KBL,59,33,380,178.00,"67,640.00"
2020-03-22,2020032201001566,KBL,25,33,120,178.00,"21,360.00"
2020-03-22,2020032201001565,KBL,25,33,880,178.00,"156,640.00"
2020-03-22,2020032201001483,KMCDB,29,29,10,738.00,"7,380.00"
2020-03-22,2020032201001549,KPCL,16,39,100,102.00,"10,200.00"
2020-03-22,2020032201001548,KPCL,53,39,100,102.00,"10,200.00"
2020-03-22,2020032201001801,LBBL,45,42,500,178.00,"89,000.00"
2020-03-22,2020032201001398,LBBL,54,42,10,178.00,"1,780.00"
2020-03-22,2020032201001573,LBL,59,50,215,201.00,"43,215.00"
2020-03-22,2020032201001572,LBL,40,50,50,201.00,"10,050.00"
2020-03-22,2020032201001571,LBL,22,50,500,202.00,"101,000.00"
2020-03-22,2020032201001570,LBL,6,50,170,202.00,"34,340.00"
2020-03-22,2020032201001554,LBL,6,34,30,202.00,"6,060.00"
2020-03-22,2020032201001528,LBL,39,13,200,203.00,"40,600.00"
2020-03-22,2020032201001418,LBL,10,13,"1,000",205.00,"205,000.00"
2020-03-22,2020032201001569,LICN,14,22,10,"1,159.00","11,590.00"
2020-03-22,2020032201001745,MBL,59,58,300,219.00,"65,700.00"
2020-03-22,2020032201001744,MBL,14,58,100,219.00,"21,900.00"
2020-03-22,2020032201001456,MBL,6,58,100,219.00,"21,900.00"
2020-03-22,2020032201001657,MEGA,22,45,61,201.00,"12,261.00"
2020-03-22,2020032201001656,MEGA,50,45,100,201.00,"20,100.00"
2020-03-22,2020032201001655,MEGA,6,45,500,201.00,"100,500.00"
2020-03-22,2020032201001477,MEGA,39,50,200,202.00,"40,400.00"
2020-03-22,2020032201001419,MEGA,17,29,73,201.00,"14,673.00"
2020-03-22,2020032201001541,MERO,22,41,34,550.00,"18,700.00"
2020-03-22,2020032201001434,MERO,22,58,16,549.00,"8,784.00"
2020-03-22,2020032201001888,MFIL,57,38,10,243.00,"2,430.00"
2020-03-22,2020032201001640,MLBBL,45,33,100,604.00,"60,400.00"
2020-03-22,2020032201001692,MLBL,6,6,"2,000",197.00,"394,000.00"
2020-03-22,2020032201001678,MLBL,6,6,41,194.00,"7,954.00"
2020-03-22,2020032201001687,MNBBL,45,49,15,296.00,"4,440.00"
2020-03-22,2020032201001614,MNBBL,56,49,500,296.00,"148,000.00"
2020-03-22,2020032201001613,MNBBL,13,49,200,296.00,"59,200.00"
2020-03-22,2020032201001710,MPFL,43,32,26,119.00,"3,094.00"
2020-03-22,2020032201001791,NABIL,34,50,50,720.00,"36,000.00"
2020-03-22,2020032201001743,NABIL,40,32,82,715.00,"58,630.00"
2020-03-22,2020032201001671,NABIL,22,32,158,715.00,"112,970.00"
2020-03-22,2020032201001670,NABIL,29,32,10,716.00,"7,160.00"
2020-03-22,2020032201001635,NABIL,22,32,42,715.00,"30,030.00"
2020-03-22,2020032201001634,NABIL,14,32,158,715.00,"112,970.00"
2020-03-22,2020032201001560,NABIL,56,50,500,715.00,"357,500.00"
2020-03-22,2020032201001559,NABIL,10,50,30,718.00,"21,540.00"
2020-03-22,2020032201001448,NABIL,10,6,20,718.00,"14,360.00"
2020-03-22,2020032201001438,NABIL,38,49,50,715.00,"35,750.00"
2020-03-22,2020032201001437,NABIL,38,32,80,715.00,"57,200.00"
2020-03-22,2020032201001771,NADEP,53,41,500,555.00,"277,500.00"
2020-03-22,2020032201001546,NADEP,36,25,87,559.00,"48,633.00"
2020-03-22,2020032201001395,NADEP,7,45,16,560.00,"8,960.00"
2020-03-22,2020032201001775,NBB,20,33,100,197.00,"19,700.00"
2020-03-22,2020032201001501,NBB,45,45,162,194.00,"31,428.00"
2020-03-22,2020032201001500,NBB,43,45,100,194.00,"19,400.00"
2020-03-22,2020032201001499,NBB,59,45,300,195.00,"58,500.00"
2020-03-22,2020032201001498,NBB,59,45,300,195.00,"58,500.00"
2020-03-22,2020032201001497,NBB,56,45,100,195.00,"19,500.00"
2020-03-22,2020032201001496,NBB,42,45,38,196.00,"7,448.00"
2020-03-22,2020032201001734,NBL,29,50,900,257.00,"231,300.00"
2020-03-22,2020032201001561,NBL,29,49,100,257.00,"25,700.00"
2020-03-22,2020032201001877,NCCB,34,50,140,177.00,"24,780.00"
2020-03-22,2020032201001876,NCCB,57,50,100,177.00,"17,700.00"
2020-03-22,2020032201001875,NCCB,28,50,"1,000",177.00,"177,000.00"
2020-03-22,2020032201001874,NCCB,45,50,50,177.00,"8,850.00"
2020-03-22,2020032201001873,NCCB,28,50,500,177.00,"88,500.00"
2020-03-22,2020032201001872,NCCB,40,50,200,177.00,"35,400.00"
2020-03-22,2020032201001562,NCCB,16,8,100,179.00,"17,900.00"
2020-03-22,2020032201001550,NCCB,11,8,200,179.00,"35,800.00"
2020-03-22,2020032201001529,NCCB,20,8,56,179.00,"10,024.00"
2020-03-22,2020032201001430,NCCB,52,8,100,179.00,"17,900.00"
2020-03-22,2020032201001412,NCCB,10,8,50,179.00,"8,950.00"
2020-03-22,2020032201001865,NCCB,36,50,200,178.00,"35,600.00"
2020-03-22,2020032201001864,NCCB,34,50,20,178.00,"3,560.00"
2020-03-22,2020032201001739,NCCB,22,8,50,179.00,"8,950.00"
2020-03-22,2020032201001733,NCCB,45,8,200,179.00,"35,800.00"
2020-03-22,2020032201001629,NCCB,50,8,18,179.00,"3,222.00"
2020-03-22,2020032201001615,NCCB,7,8,100,179.00,"17,900.00"
2020-03-22,2020032201001871,NCCB,59,50,500,177.00,"88,500.00"
2020-03-22,2020032201001870,NCCB,36,50,30,177.00,"5,310.00"
2020-03-22,2020032201001869,NCCB,45,50,150,177.00,"26,550.00"
2020-03-22,2020032201001868,NCCB,44,50,100,178.00,"17,800.00"
2020-03-22,2020032201001867,NCCB,45,50,500,178.00,"89,000.00"
2020-03-22,2020032201001866,NCCB,45,50,10,178.00,"1,780.00"
2020-03-22,2020032201001724,NHPC,49,14,200,52.00,"10,400.00"
2020-03-22,2020032201001538,NHPC,33,14,100,52.00,"5,200.00"
2020-03-22,2020032201001534,NIB,54,42,100,375.00,"37,500.00"
2020-03-22,2020032201001531,NIB,38,45,247,372.00,"91,884.00"
2020-03-22,2020032201001517,NIB,6,45,33,372.00,"12,276.00"
2020-03-22,2020032201001502,NIB,17,45,100,372.00,"37,200.00"
2020-03-22,2020032201001413,NIB,58,8,80,371.00,"29,680.00"
2020-03-22,2020032201001407,NIB,52,8,20,371.00,"7,420.00"
2020-03-22,2020032201001425,NIBPO,6,58,500,330.00,"165,000.00"
2020-03-22,2020032201001697,NIBPO,6,58,940,330.00,"310,200.00"
2020-03-22,2020032201001665,NIBPO,45,58,500,330.00,"165,000.00"
2020-03-22,2020032201001836,NICA,34,5,104,503.00,"52,312.00"
2020-03-22,2020032201001712,NICA,34,49,34,504.00,"17,136.00"
2020-03-22,2020032201001711,NICA,34,5,66,504.00,"33,264.00"
2020-03-22,2020032201001695,NICA,34,5,34,504.00,"17,136.00"
2020-03-22,2020032201001672,NICA,48,33,500,498.00,"249,000.00"
2020-03-22,2020032201001592,NICA,44,33,50,498.00,"24,900.00"
2020-03-22,2020032201001532,NICA,58,5,200,498.00,"99,600.00"
2020-03-22,2020032201001455,NICA,45,33,200,499.00,"99,800.00"
2020-03-22,2020032201001581,NICA,13,10,11,497.00,"5,467.00"
2020-03-22,2020032201001580,NICA,52,10,200,497.00,"99,400.00"
2020-03-22,2020032201001579,NICA,38,10,289,497.00,"143,633.00"
2020-03-22,2020032201001564,NICA,36,33,100,498.00,"49,800.00"
2020-03-22,2020032201001563,NICA,45,33,300,498.00,"149,400.00"
2020-03-22,2020032201001552,NICA,45,25,200,498.00,"99,600.00"
2020-03-22,2020032201001392,NICAP,59,8,"34,555",250.00,"8,638,750.00"
2020-03-22,2020032201001673,NICL,34,42,10,341.00,"3,410.00"
2020-03-22,2020032201001626,NIL,50,59,10,485.00,"4,850.00"
2020-03-22,2020032201001399,NLG,45,29,15,535.00,"8,025.00"
2020-03-22,2020032201001840,NLIC,51,50,500,"1,029.00","514,500.00"
2020-03-22,2020032201001796,NLIC,39,44,10,"1,035.00","10,350.00"
2020-03-22,2020032201001795,NLIC,8,44,100,"1,035.00","103,500.00"
2020-03-22,2020032201001794,NLIC,58,44,10,"1,036.00","10,360.00"
2020-03-22,2020032201001754,NLIC,1,45,50,"1,049.00","52,450.00"
2020-03-22,2020032201001694,NLIC,44,25,50,"1,056.00","52,800.00"
2020-03-22,2020032201001426,NLIC,50,20,100,"1,029.00","102,900.00"
2020-03-22,2020032201001495,NLIC,44,45,90,"1,034.00","93,060.00"
2020-03-22,2020032201001494,NLIC,44,50,10,"1,033.00","10,330.00"
2020-03-22,2020032201001465,NLIC,56,20,35,"1,038.00","36,330.00"
2020-03-22,2020032201001458,NLIC,1,41,500,"1,030.00","515,000.00"
2020-03-22,2020032201001428,NLIC,1,34,150,"1,021.00","153,150.00"
2020-03-22,2020032201001427,NLIC,58,34,50,"1,022.00","51,100.00"
2020-03-22,2020032201001643,NLIC,44,45,10,"1,025.00","10,250.00"
2020-03-22,2020032201001642,NLIC,44,45,100,"1,025.00","102,500.00"
2020-03-22,2020032201001639,NLIC,7,34,152,"1,030.00","156,560.00"
2020-03-22,2020032201001637,NLIC,7,45,48,"1,030.00","49,440.00"
2020-03-22,2020032201001628,NLIC,7,44,300,"1,030.00","309,000.00"
2020-03-22,2020032201001618,NLIC,1,44,200,"1,030.00","206,000.00"
2020-03-22,2020032201001681,NLIC,34,20,65,"1,038.00","67,470.00"
2020-03-22,2020032201001680,NLIC,34,45,158,"1,030.00","162,740.00"
2020-03-22,2020032201001664,NLIC,53,45,52,"1,030.00","53,560.00"
2020-03-22,2020032201001650,NLIC,1,34,500,"1,033.00","516,500.00"
2020-03-22,2020032201001645,NLIC,53,34,48,"1,030.00","49,440.00"
2020-03-22,2020032201001644,NLIC,41,45,90,"1,024.00","92,160.00"
2020-03-22,2020032201001693,NLIC,34,14,195,"1,050.00","204,750.00"
2020-03-22,2020032201001690,NLIC,34,34,500,"1,050.00","525,000.00"
2020-03-22,2020032201001685,NLIC,34,34,252,"1,050.00","264,600.00"
2020-03-22,2020032201001684,NLIC,34,37,50,"1,049.00","52,450.00"
2020-03-22,2020032201001683,NLIC,34,54,100,"1,039.00","103,900.00"
2020-03-22,2020032201001682,NLIC,34,49,580,"1,039.00","602,620.00"
2020-03-22,2020032201001881,NLICL,44,22,10,575.00,"5,750.00"
2020-03-22,2020032201001843,NLICL,28,45,300,570.00,"171,000.00"
2020-03-22,2020032201001842,NLICL,1,45,12,571.00,"6,852.00"
2020-03-22,2020032201001481,NLICL,41,49,270,567.00,"153,090.00"
2020-03-22,2020032201001480,NLICL,28,49,200,568.00,"113,600.00"
2020-03-22,2020032201001479,NLICL,53,49,200,568.00,"113,600.00"
2020-03-22,2020032201001478,NLICL,11,49,40,570.00,"22,800.00"
2020-03-22,2020032201001880,NMB,8,58,990,380.00,"376,200.00"
2020-03-22,2020032201001879,NMB,25,58,10,380.00,"3,800.00"
2020-03-22,2020032201001777,NMB,25,33,380,380.00,"144,400.00"
2020-03-22,2020032201001776,NMB,50,33,10,380.00,"3,800.00"
2020-03-22,2020032201001763,NMB,8,33,300,380.00,"114,000.00"
2020-03-22,2020032201001762,NMB,53,33,100,380.00,"38,000.00"
2020-03-22,2020032201001431,NMB,10,14,100,383.00,"38,300.00"
2020-03-22,2020032201001415,NMB,58,14,100,383.00,"38,300.00"
2020-03-22,2020032201001606,NMB,25,38,50,380.00,"19,000.00"
2020-03-22,2020032201001605,NMB,25,38,100,381.00,"38,100.00"
2020-03-22,2020032201001604,NMB,42,38,50,381.00,"19,050.00"
2020-03-22,2020032201001603,NMB,56,38,50,381.00,"19,050.00"
2020-03-22,2020032201001602,NMB,56,38,"1,000",382.00,"382,000.00"
2020-03-22,2020032201001537,NMB,44,10,500,383.00,"191,500.00"
2020-03-22,2020032201001612,NMB,49,38,951,380.00,"361,380.00"
2020-03-22,2020032201001611,NMB,48,38,285,380.00,"108,300.00"
2020-03-22,2020032201001610,NMB,8,38,50,380.00,"19,000.00"
2020-03-22,2020032201001609,NMB,29,38,64,380.00,"24,320.00"
2020-03-22,2020032201001608,NMB,36,38,200,380.00,"76,000.00"
2020-03-22,2020032201001607,NMB,49,38,200,380.00,"76,000.00"
2020-03-22,2020032201001761,NMB,6,33,210,380.00,"79,800.00"
2020-03-22,2020032201001717,NMB,6,33,790,380.00,"300,200.00"
2020-03-22,2020032201001716,NMB,42,33,120,380.00,"45,600.00"
2020-03-22,2020032201001715,NMB,6,33,41,380.00,"15,580.00"
2020-03-22,2020032201001714,NMB,49,33,49,380.00,"18,620.00"
2020-03-22,2020032201001677,NMB,51,58,"1,000",382.00,"382,000.00"
2020-03-22,2020032201001705,NMBMF,17,58,51,757.00,"38,607.00"
2020-03-22,2020032201001704,NMBMF,44,58,124,758.00,"93,992.00"
2020-03-22,2020032201001699,NMBMF,44,58,176,758.00,"133,408.00"
2020-03-22,2020032201001599,NMBMF,17,28,190,760.00,"144,400.00"
2020-03-22,2020032201001490,NMBMF,41,28,100,760.00,"76,000.00"
2020-03-22,2020032201001464,NMBMF,44,28,200,763.00,"152,600.00"
2020-03-22,2020032201001463,NMBMF,25,28,80,764.00,"61,120.00"
2020-03-22,2020032201001462,NMBMF,17,28,250,765.00,"191,250.00"
2020-03-22,2020032201001461,NMBMF,17,28,207,765.00,"158,355.00"
2020-03-22,2020032201001708,NSEWA,6,7,40,580.00,"23,200.00"
2020-03-22,2020032201001707,NSEWA,43,7,10,602.00,"6,020.00"
2020-03-22,2020032201001862,PCBL,49,49,"6,871",250.00,"1,717,750.00"
2020-03-22,2020032201001861,PCBL,49,50,96,249.00,"23,904.00"
2020-03-22,2020032201001859,PCBL,42,50,20,249.00,"4,980.00"
2020-03-22,2020032201001849,PCBL,56,50,300,249.00,"74,700.00"
2020-03-22,2020032201001848,PCBL,13,50,"1,000",249.00,"249,000.00"
2020-03-22,2020032201001847,PCBL,50,50,20,249.00,"4,980.00"
2020-03-22,2020032201001410,PCBL,28,13,100,255.00,"25,500.00"
2020-03-22,2020032201001738,PCBL,36,13,200,254.00,"50,800.00"
2020-03-22,2020032201001737,PCBL,29,13,20,254.00,"5,080.00"
2020-03-22,2020032201001648,PCBL,34,49,382,258.00,"98,556.00"
2020-03-22,2020032201001452,PCBL,44,13,200,254.00,"50,800.00"
2020-03-22,2020032201001451,PCBL,41,13,100,255.00,"25,500.00"
2020-03-22,2020032201001411,PCBL,33,13,100,255.00,"25,500.00"
2020-03-22,2020032201001805,PCBL,56,49,26,253.00,"6,578.00"
2020-03-22,2020032201001804,PCBL,6,49,200,253.00,"50,600.00"
2020-03-22,2020032201001803,PCBL,39,49,100,253.00,"25,300.00"
2020-03-22,2020032201001802,PCBL,54,49,100,253.00,"25,300.00"
2020-03-22,2020032201001800,PCBL,34,13,200,254.00,"50,800.00"
2020-03-22,2020032201001799,PCBL,8,13,"1,000",254.00,"254,000.00"
2020-03-22,2020032201001811,PCBL,50,49,100,252.00,"25,200.00"
2020-03-22,2020032201001810,PCBL,17,49,30,252.00,"7,560.00"
2020-03-22,2020032201001809,PCBL,43,49,400,252.00,"100,800.00"
2020-03-22,2020032201001808,PCBL,44,49,100,253.00,"25,300.00"
2020-03-22,2020032201001807,PCBL,59,49,500,253.00,"126,500.00"
2020-03-22,2020032201001806,PCBL,37,49,200,253.00,"50,600.00"
2020-03-22,2020032201001817,PCBL,47,49,50,251.00,"12,550.00"
2020-03-22,2020032201001816,PCBL,22,49,100,251.00,"25,100.00"
2020-03-22,2020032201001815,PCBL,54,49,500,251.00,"125,500.00"
2020-03-22,2020032201001814,PCBL,41,49,150,252.00,"37,800.00"
2020-03-22,2020032201001813,PCBL,53,49,200,252.00,"50,400.00"
2020-03-22,2020032201001812,PCBL,6,49,300,252.00,"75,600.00"
2020-03-22,2020032201001823,PCBL,1,49,100,250.00,"25,000.00"
2020-03-22,2020032201001822,PCBL,1,49,"1,000",250.00,"250,000.00"
2020-03-22,2020032201001821,PCBL,54,49,30,250.00,"7,500.00"
2020-03-22,2020032201001820,PCBL,8,49,100,250.00,"25,000.00"
2020-03-22,2020032201001819,PCBL,34,49,100,250.00,"25,000.00"
2020-03-22,2020032201001818,PCBL,57,49,500,251.00,"125,500.00"
2020-03-22,2020032201001829,PCBL,11,49,200,250.00,"50,000.00"
2020-03-22,2020032201001828,PCBL,43,49,500,250.00,"125,000.00"
2020-03-22,2020032201001827,PCBL,41,49,200,250.00,"50,000.00"
2020-03-22,2020032201001826,PCBL,49,49,200,250.00,"50,000.00"
2020-03-22,2020032201001825,PCBL,16,49,50,250.00,"12,500.00"
2020-03-22,2020032201001824,PCBL,13,49,500,250.00,"125,000.00"
2020-03-22,2020032201001846,PCBL,10,50,100,249.00,"24,900.00"
2020-03-22,2020032201001845,PCBL,44,50,464,249.00,"115,536.00"
2020-03-22,2020032201001833,PCBL,36,49,500,250.00,"125,000.00"
2020-03-22,2020032201001832,PCBL,59,49,100,250.00,"25,000.00"
2020-03-22,2020032201001831,PCBL,6,49,42,250.00,"10,500.00"
2020-03-22,2020032201001830,PCBL,34,49,20,250.00,"5,000.00"
2020-03-22,2020032201001636,PFL,7,22,17,153.00,"2,601.00"
2020-03-22,2020032201001691,PICL,42,58,50,404.00,"20,200.00"
2020-03-22,2020032201001424,PICL,36,6,160,412.00,"65,920.00"
2020-03-22,2020032201001414,PLIC,52,10,30,499.00,"14,970.00"
2020-03-22,2020032201001409,PLIC,22,10,20,499.00,"9,980.00"
2020-03-22,2020032201001401,PLIC,22,10,50,499.00,"24,950.00"
2020-03-22,2020032201001723,PRVU,48,58,500,222.00,"111,000.00"
2020-03-22,2020032201001702,PRVU,6,58,500,222.00,"111,000.00"
2020-03-22,2020032201001679,PRVU,50,14,420,222.00,"93,240.00"
2020-03-22,2020032201001601,PRVU,41,14,50,222.00,"11,100.00"
2020-03-22,2020032201001574,PRVU,54,14,100,222.00,"22,200.00"
2020-03-22,2020032201001553,PRVU,44,14,10,222.00,"2,220.00"
2020-03-22,2020032201001440,PRVU,44,49,420,220.00,"92,400.00"
2020-03-22,2020032201001429,PRVU,22,49,"1,000",220.00,"220,000.00"
2020-03-22,2020032201001423,PRVU,41,49,550,220.00,"121,000.00"
2020-03-22,2020032201001767,RHPC,1,58,200,77.00,"15,400.00"
2020-03-22,2020032201001766,RHPC,34,58,200,77.00,"15,400.00"
2020-03-22,2020032201001765,RHPC,37,58,100,77.00,"7,700.00"
2020-03-22,2020032201001760,RHPC,45,58,300,78.00,"23,400.00"
2020-03-22,2020032201001447,RHPC,34,58,100,78.00,"7,800.00"
2020-03-22,2020032201001446,RHPC,34,58,100,78.00,"7,800.00"
2020-03-22,2020032201001445,RHPC,37,58,100,78.00,"7,800.00"
2020-03-22,2020032201001793,RHPL,28,56,50,151.00,"7,550.00"
2020-03-22,2020032201001779,RSDC,34,42,22,441.00,"9,702.00"
2020-03-22,2020032201001589,RSDC,7,42,14,441.00,"6,174.00"
2020-03-22,2020032201001856,SANIMA,44,8,110,318.00,"34,980.00"
2020-03-22,2020032201001855,SANIMA,8,8,90,318.00,"28,620.00"
2020-03-22,2020032201001788,SANIMA,6,6,500,319.00,"159,500.00"
2020-03-22,2020032201001758,SANIMA,8,1,10,318.00,"3,180.00"
2020-03-22,2020032201001757,SANIMA,8,1,100,318.00,"31,800.00"
2020-03-22,2020032201001632,SANIMA,48,6,500,320.00,"160,000.00"
2020-03-22,2020032201001540,SANIMA,45,6,500,318.00,"159,000.00"
2020-03-22,2020032201001443,SANIMA,22,6,180,318.00,"57,240.00"
2020-03-22,2020032201001442,SANIMA,7,6,50,318.00,"15,900.00"
2020-03-22,2020032201001441,SANIMA,56,6,50,319.00,"15,950.00"
2020-03-22,2020032201001597,SBL,34,50,"1,000",290.00,"290,000.00"
2020-03-22,2020032201001578,SBL,50,6,47,288.00,"13,536.00"
2020-03-22,2020032201001577,SBL,32,6,319,288.00,"91,872.00"
2020-03-22,2020032201001576,SBL,29,6,500,288.00,"144,000.00"
2020-03-22,2020032201001575,SBL,38,6,100,288.00,"28,800.00"
2020-03-22,2020032201001468,SBL,29,20,93,289.00,"26,877.00"
2020-03-22,2020032201001459,SBL,41,6,50,290.00,"14,500.00"
2020-03-22,2020032201001696,SCB,41,6,40,595.00,"23,800.00"
2020-03-22,2020032201001473,SCB,8,33,92,595.00,"54,740.00"
2020-03-22,2020032201001450,SCB,16,49,40,594.00,"23,760.00"
2020-03-22,2020032201001435,SCB,25,49,100,594.00,"59,400.00"
2020-03-22,2020032201001851,SHIVM,28,25,50,489.00,"24,450.00"
2020-03-22,2020032201001785,SHIVM,28,45,90,489.00,"44,010.00"
2020-03-22,2020032201001784,SHIVM,49,45,160,490.00,"78,400.00"
2020-03-22,2020032201001783,SHIVM,52,45,"1,000",491.00,"491,000.00"
2020-03-22,2020032201001774,SHIVM,49,57,100,490.00,"49,000.00"
2020-03-22,2020032201001726,SHIVM,17,49,100,496.00,"49,600.00"
2020-03-22,2020032201001689,SHIVM,45,53,500,493.00,"246,500.00"
2020-03-22,2020032201001688,SHIVM,44,53,50,495.00,"24,750.00"
2020-03-22,2020032201001417,SHIVM,41,42,100,497.00,"49,700.00"
2020-03-22,2020032201001400,SHIVM,34,42,100,497.00,"49,700.00"
2020-03-22,2020032201001484,SHL,17,22,100,166.00,"16,600.00"
2020-03-22,2020032201001641,SINDU,45,29,"1,000",125.00,"125,000.00"
2020-03-22,2020032201001558,SINDU,33,50,200,127.00,"25,400.00"
2020-03-22,2020032201001557,SINDU,33,50,300,127.00,"38,100.00"
2020-03-22,2020032201001556,SINDU,45,50,100,127.00,"12,700.00"
2020-03-22,2020032201001555,SINDU,40,50,12,127.00,"1,524.00"
2020-03-22,2020032201001433,SINDU,34,29,100,129.00,"12,900.00"
2020-03-22,2020032201001432,SINDU,6,29,40,130.00,"5,200.00"
2020-03-22,2020032201001770,SKBBL,22,57,116,975.00,"113,100.00"
2020-03-22,2020032201001759,SKBBL,53,57,50,975.00,"48,750.00"
2020-03-22,2020032201001748,SKBBL,51,57,146,975.00,"142,350.00"
2020-03-22,2020032201001659,SKBBL,51,50,394,975.00,"384,150.00"
2020-03-22,2020032201001654,SKBBL,51,50,460,975.00,"448,500.00"
2020-03-22,2020032201001653,SKBBL,50,50,10,976.00,"9,760.00"
2020-03-22,2020032201001652,SKBBL,14,50,20,982.00,"19,640.00"
2020-03-22,2020032201001651,SKBBL,33,50,10,982.00,"9,820.00"
2020-03-22,2020032201001889,SLICL,44,34,10,377.00,"3,770.00"
2020-03-22,2020032201001844,SLICL,16,16,70,370.00,"25,900.00"
2020-03-22,2020032201001839,SLICL,25,16,30,370.00,"11,100.00"
2020-03-22,2020032201001838,SLICL,4,16,50,370.00,"18,500.00"
2020-03-22,2020032201001837,SLICL,54,16,50,370.00,"18,500.00"
2020-03-22,2020032201001753,SLICL,54,34,50,370.00,"18,500.00"
2020-03-22,2020032201001600,SLICL,49,34,50,377.00,"18,850.00"
2020-03-22,2020032201001436,SLICL,38,38,400,376.00,"150,400.00"
2020-03-22,2020032201001406,SLICL,34,38,100,376.00,"37,600.00"
2020-03-22,2020032201001752,SLICL,7,34,100,370.00,"37,000.00"
2020-03-22,2020032201001751,SLICL,16,34,100,371.00,"37,100.00"
2020-03-22,2020032201001750,SLICL,45,34,10,371.00,"3,710.00"
2020-03-22,2020032201001749,SLICL,16,34,50,376.00,"18,800.00"
2020-03-22,2020032201001454,SRBL,52,50,150,235.00,"35,250.00"
2020-03-22,2020032201001850,UIC,6,22,40,303.00,"12,120.00"
2020-03-22,2020032201001539,UIC,52,25,100,301.00,"30,100.00"
2020-03-22,2020032201001394,UPCL,36,53,10,73.00,730.00
2020-03-22,2020032201001526,UPPER,42,45,284,225.00,"63,900.00"
2020-03-22,2020032201001525,UPPER,50,45,20,225.00,"4,500.00"
2020-03-22,2020032201001524,UPPER,44,45,300,225.00,"67,500.00"
2020-03-22,2020032201001523,UPPER,25,45,50,225.00,"11,250.00"
2020-03-22,2020032201001522,UPPER,14,45,300,225.00,"67,500.00"
2020-03-22,2020032201001521,UPPER,45,45,500,225.00,"112,500.00"
2020-03-22,2020032201001520,UPPER,22,45,160,226.00,"36,160.00"
2020-03-22,2020032201001519,UPPER,57,45,286,227.00,"64,922.00"
2020-03-22,2020032201001518,UPPER,51,45,100,228.00,"22,800.00"
2020-03-22,2020032201001286,ADBL,59,50,500,364.00,"182,000.00"
2020-03-22,2020032201000968,AHPC,34,8,190,93.00,"17,670.00"
2020-03-22,2020032201001020,AKPL,29,49,99,112.00,"11,088.00"
2020-03-22,2020032201001374,ALBSL,22,4,10,588.00,"5,880.00"
2020-03-22,2020032201001221,ALBSL,8,33,38,588.00,"22,344.00"
2020-03-22,2020032201001220,ALBSL,45,33,10,588.00,"5,880.00"
2020-03-22,2020032201001133,ALBSL,45,33,40,588.00,"23,520.00"
2020-03-22,2020032201001132,ALBSL,57,33,100,588.00,"58,800.00"
2020-03-22,2020032201001131,ALBSL,42,33,10,588.00,"5,880.00"
2020-03-22,2020032201000897,ALBSL,42,33,10,599.00,"5,990.00"
2020-03-22,2020032201001105,ALBSL,8,33,50,589.00,"29,450.00"
2020-03-22,2020032201000908,ALBSL,14,33,100,588.00,"58,800.00"
2020-03-22,2020032201000907,ALBSL,39,33,12,588.00,"7,056.00"
2020-03-22,2020032201000906,ALBSL,41,33,20,588.00,"11,760.00"
2020-03-22,2020032201000905,ALBSL,20,33,10,588.00,"5,880.00"
2020-03-22,2020032201001317,ALICL,10,34,10,464.00,"4,640.00"
2020-03-22,2020032201000941,ALICL,57,33,91,455.00,"41,405.00"
2020-03-22,2020032201000933,ALICL,22,33,300,455.00,"136,500.00"
2020-03-22,2020032201000919,ALICL,22,50,280,455.00,"127,400.00"
2020-03-22,2020032201000901,ALICL,39,50,100,455.00,"45,500.00"
2020-03-22,2020032201000900,ALICL,14,50,100,455.00,"45,500.00"
2020-03-22,2020032201000899,ALICL,14,50,20,455.00,"9,100.00"
2020-03-22,2020032201001354,API,57,59,500,106.00,"53,000.00"
2020-03-22,2020032201000947,API,45,33,300,104.00,"31,200.00"
2020-03-22,2020032201001377,BOKL,34,13,100,214.00,"21,400.00"
2020-03-22,2020032201001373,BOKL,41,13,60,214.00,"12,840.00"
2020-03-22,2020032201001355,BOKL,59,13,300,214.00,"64,200.00"
2020-03-22,2020032201001348,BOKL,56,13,100,214.00,"21,400.00"
2020-03-22,2020032201001347,BOKL,56,13,100,214.00,"21,400.00"
2020-03-22,2020032201001346,BOKL,49,13,19,214.00,"4,066.00"
2020-03-22,2020032201000955,BOKL,8,34,100,214.00,"21,400.00"
2020-03-22,2020032201000954,BOKL,45,34,400,214.00,"85,600.00"
2020-03-22,2020032201000953,BOKL,29,34,550,215.00,"118,250.00"
2020-03-22,2020032201000951,BOKL,29,33,450,215.00,"96,750.00"
2020-03-22,2020032201001051,BOKL,59,13,200,214.00,"42,800.00"
2020-03-22,2020032201001050,BOKL,8,13,100,214.00,"21,400.00"
2020-03-22,2020032201001049,BOKL,33,13,100,214.00,"21,400.00"
2020-03-22,2020032201001048,BOKL,1,13,100,214.00,"21,400.00"
2020-03-22,2020032201001021,BOKL,1,14,200,218.00,"43,600.00"
2020-03-22,2020032201000956,BOKL,59,34,97,213.00,"20,661.00"
2020-03-22,2020032201001065,BOKL,16,13,100,213.00,"21,300.00"
2020-03-22,2020032201001064,BOKL,59,13,300,213.00,"63,900.00"
2020-03-22,2020032201001063,BOKL,41,13,40,213.00,"8,520.00"
2020-03-22,2020032201001062,BOKL,36,13,50,213.00,"10,650.00"
2020-03-22,2020032201001061,BOKL,59,13,203,213.00,"43,239.00"
2020-03-22,2020032201001052,BOKL,1,13,300,214.00,"64,200.00"
2020-03-22,2020032201001345,BOKL,56,13,100,214.00,"21,400.00"
2020-03-22,2020032201001344,BOKL,38,13,"2,000",214.00,"428,000.00"
2020-03-22,2020032201001323,BOKL,44,13,200,215.00,"43,000.00"
2020-03-22,2020032201001322,BOKL,6,13,50,215.00,"10,750.00"
2020-03-22,2020032201001217,BOKL,41,13,500,215.00,"107,500.00"
2020-03-22,2020032201001091,BOKL,59,13,300,213.00,"63,900.00"
2020-03-22,2020032201000940,BPCL,14,33,70,320.00,"22,400.00"
2020-03-22,2020032201000939,BPCL,29,33,500,320.00,"160,000.00"
2020-03-22,2020032201000938,BPCL,14,33,100,320.00,"32,000.00"
2020-03-22,2020032201000937,BPCL,22,33,160,320.00,"51,200.00"
2020-03-22,2020032201000936,BPCL,22,33,70,321.00,"22,470.00"
2020-03-22,2020032201000898,CBL,32,1,200,138.00,"27,600.00"
2020-03-22,2020032201000894,CCBL,14,25,50,159.00,"7,950.00"
2020-03-22,2020032201001236,CCBL,1,56,500,159.00,"79,500.00"
2020-03-22,2020032201001233,CCBL,22,56,500,160.00,"80,000.00"
2020-03-22,2020032201001263,CHCL,59,56,40,362.00,"14,480.00"
2020-03-22,2020032201001262,CHCL,34,56,10,363.00,"3,630.00"
2020-03-22,2020032201001244,CHCL,3,56,200,365.00,"73,000.00"
2020-03-22,2020032201001327,CIT,6,11,50,"2,460.00","123,000.00"
2020-03-22,2020032201001157,CIT,6,49,100,"2,440.00","244,000.00"
2020-03-22,2020032201001084,CIT,58,58,50,"2,440.00","122,000.00"
2020-03-22,2020032201001031,CIT,22,28,69,"2,455.00","169,395.00"
2020-03-22,2020032201000983,CIT,1,59,15,"2,421.00","36,315.00"
2020-03-22,2020032201001387,CZBIL,44,56,36,180.00,"6,480.00"
2020-03-22,2020032201000928,CZBIL,51,28,42,180.00,"7,560.00"
2020-03-22,2020032201000927,CZBIL,13,28,100,180.00,"18,000.00"
2020-03-22,2020032201000926,CZBIL,6,28,100,180.00,"18,000.00"
2020-03-22,2020032201000923,CZBIL,49,32,150,182.00,"27,300.00"
2020-03-22,2020032201001289,EBL,52,50,200,613.00,"122,600.00"
2020-03-22,2020032201001285,EBL,52,50,200,613.00,"122,600.00"
2020-03-22,2020032201001243,EBL,16,50,50,613.00,"30,650.00"
2020-03-22,2020032201001185,EBL,33,50,50,613.00,"30,650.00"
2020-03-22,2020032201001155,EBL,56,45,500,613.00,"306,500.00"
2020-03-22,2020032201001154,EBL,56,45,500,614.00,"307,000.00"
2020-03-22,2020032201000924,EIC,7,45,50,334.00,"16,700.00"
2020-03-22,2020032201000958,FMDBL,50,32,90,420.00,"37,800.00"
2020-03-22,2020032201000957,FMDBL,41,32,10,422.00,"4,220.00"
2020-03-22,2020032201001316,GBBL,56,45,50,218.00,"10,900.00"
2020-03-22,2020032201001308,GBBL,56,29,20,218.00,"4,360.00"
2020-03-22,2020032201001250,GBBL,4,45,50,214.00,"10,700.00"
2020-03-22,2020032201001390,GBIME,6,54,900,250.00,"225,000.00"
2020-03-22,2020032201001358,GBIME,54,54,50,250.00,"12,500.00"
2020-03-22,2020032201001332,GBIME,56,54,50,250.00,"12,500.00"
2020-03-22,2020032201001306,GBIME,43,13,100,248.00,"24,800.00"
2020-03-22,2020032201001305,GBIME,49,13,100,248.00,"24,800.00"
2020-03-22,2020032201001304,GBIME,56,13,"1,000",248.00,"248,000.00"
2020-03-22,2020032201000893,GBIME,6,54,272,248.00,"67,456.00"
2020-03-22,2020032201000892,GBIME,8,54,"2,000",248.00,"496,000.00"
2020-03-22,2020032201001234,GBIME,58,54,100,250.00,"25,000.00"
2020-03-22,2020032201001231,GBIME,34,54,100,250.00,"25,000.00"
2020-03-22,2020032201001222,GBIME,17,54,100,250.00,"25,000.00"
2020-03-22,2020032201001018,GBIME,8,50,162,248.00,"40,176.00"
2020-03-22,2020032201001017,GBIME,42,50,10,248.00,"2,480.00"
2020-03-22,2020032201001016,GBIME,6,50,28,248.00,"6,944.00"
2020-03-22,2020032201001287,GBIME,38,54,105,250.00,"26,250.00"
2020-03-22,2020032201001282,GBIME,45,54,50,250.00,"12,500.00"
2020-03-22,2020032201001272,GBIME,6,54,150,250.00,"37,500.00"
2020-03-22,2020032201001258,GBIME,52,54,195,250.00,"48,750.00"
2020-03-22,2020032201001238,GBIME,52,49,105,250.00,"26,250.00"
2020-03-22,2020032201001237,GBIME,52,54,200,250.00,"50,000.00"
2020-03-22,2020032201001303,GBIME,59,13,200,248.00,"49,600.00"
2020-03-22,2020032201001302,GBIME,17,13,50,248.00,"12,400.00"
2020-03-22,2020032201001301,GBIME,8,13,38,248.00,"9,424.00"
2020-03-22,2020032201001300,GBIME,33,13,50,249.00,"12,450.00"
2020-03-22,2020032201001299,GBIME,6,13,500,249.00,"124,500.00"
2020-03-22,2020032201001298,GBIME,32,13,400,249.00,"99,600.00"
2020-03-22,2020032201001382,GBLBS,58,4,100,412.00,"41,200.00"
2020-03-22,2020032201001375,GBLBS,52,4,410,419.00,"171,790.00"
2020-03-22,2020032201001352,GBLBS,52,50,50,419.00,"20,950.00"
2020-03-22,2020032201001351,GBLBS,52,34,20,418.00,"8,360.00"
2020-03-22,2020032201001295,GBLBS,52,34,10,411.00,"4,110.00"
2020-03-22,2020032201001275,GBLBS,52,34,10,403.00,"4,030.00"
2020-03-22,2020032201000950,GBLBS,42,4,10,396.00,"3,960.00"
2020-03-22,2020032201000974,GLICL,56,59,50,406.00,"20,300.00"
2020-03-22,2020032201001083,GMFBS,17,17,10,755.00,"7,550.00"
2020-03-22,2020032201001388,HDL,53,58,150,"1,284.00","192,600.00"
2020-03-22,2020032201001359,HDL,58,58,100,"1,284.00","128,400.00"
2020-03-22,2020032201001336,HDL,58,50,200,"1,280.00","256,000.00"
2020-03-22,2020032201001333,HDL,52,50,100,"1,280.00","128,000.00"
2020-03-22,2020032201001330,HDL,58,50,300,"1,280.00","384,000.00"
2020-03-22,2020032201001326,HDL,48,50,100,"1,280.00","128,000.00"
2020-03-22,2020032201001047,HDL,52,58,100,"1,275.00","127,500.00"
2020-03-22,2020032201001041,HDL,6,58,20,"1,276.00","25,520.00"
2020-03-22,2020032201001027,HDL,13,45,10,"1,285.00","12,850.00"
2020-03-22,2020032201000972,HDL,57,5,50,"1,275.00","63,750.00"
2020-03-22,2020032201001325,HDL,52,50,100,"1,280.00","128,000.00"
2020-03-22,2020032201001319,HDL,52,50,200,"1,280.00","256,000.00"
2020-03-22,2020032201001210,HDL,44,50,"1,000","1,276.00","1,276,000.00"
2020-03-22,2020032201001205,HDL,6,58,50,"1,284.00","64,200.00"
2020-03-22,2020032201001071,HDL,44,58,280,"1,275.00","357,000.00"
2020-03-22,2020032201001057,HDL,40,58,100,"1,275.00","127,500.00"
2020-03-22,2020032201001183,HGI,4,49,30,329.00,"9,870.00"
2020-03-22,2020032201001178,HGI,4,49,18,329.00,"5,922.00"
2020-03-22,2020032201001177,HGI,22,49,50,329.00,"16,450.00"
2020-03-22,2020032201001176,HGI,40,49,12,329.00,"3,948.00"
2020-03-22,2020032201001175,HGI,1,49,20,329.00,"6,580.00"
2020-03-22,2020032201001153,HGI,14,34,10,330.00,"3,300.00"
2020-03-22,2020032201001385,HIDCL,57,49,50,130.00,"6,500.00"
2020-03-22,2020032201001384,HIDCL,57,5,40,130.00,"5,200.00"
2020-03-22,2020032201001279,HIDCL,50,5,60,130.00,"7,800.00"
2020-03-22,2020032201001187,HIDCL,11,58,200,126.00,"25,200.00"
2020-03-22,2020032201001056,HIDCL,14,32,50,126.00,"6,300.00"
2020-03-22,2020032201001055,HIDCL,7,32,200,126.00,"25,200.00"
2020-03-22,2020032201001054,HIDCL,25,32,50,126.00,"6,300.00"
2020-03-22,2020032201001223,ILBS,14,41,10,655.00,"6,550.00"
2020-03-22,2020032201000995,ILBS,14,33,20,655.00,"13,100.00"
2020-03-22,2020032201000988,ILBS,51,33,10,660.00,"6,600.00"
2020-03-22,2020032201001080,JBBL,29,34,200,167.00,"33,400.00"
2020-03-22,2020032201000949,JBBL,25,34,100,167.00,"16,700.00"
2020-03-22,2020032201001383,JSLBB,56,6,25,"1,893.00","47,325.00"
2020-03-22,2020032201001376,JSLBB,45,6,10,"1,893.00","18,930.00"
2020-03-22,2020032201001349,JSLBB,43,6,50,"1,893.00","94,650.00"
2020-03-22,2020032201001321,JSLBB,29,17,10,"1,890.00","18,900.00"
2020-03-22,2020032201001318,JSLBB,45,17,10,"1,890.00","18,900.00"
2020-03-22,2020032201001315,JSLBB,29,17,10,"1,880.00","18,800.00"
2020-03-22,2020032201001206,JSLBB,7,17,10,"1,875.00","18,750.00"
2020-03-22,2020032201001036,JSLBB,29,32,76,"1,850.00","140,600.00"
2020-03-22,2020032201001008,JSLBB,29,48,10,"1,850.00","18,500.00"
2020-03-22,2020032201000997,JSLBB,1,48,40,"1,850.00","74,000.00"
2020-03-22,2020032201000996,JSLBB,1,54,10,"1,850.00","18,500.00"
2020-03-22,2020032201000966,JSLBB,1,33,40,"1,826.00","73,040.00"
2020-03-22,2020032201001212,JSLBB,22,45,100,"1,890.00","189,000.00"
2020-03-22,2020032201001209,JSLBB,7,47,50,"1,887.00","94,350.00"
2020-03-22,2020032201001208,JSLBB,7,54,10,"1,887.00","18,870.00"
2020-03-22,2020032201001207,JSLBB,7,33,16,"1,885.00","30,160.00"
2020-03-22,2020032201001350,KBL,41,56,50,177.00,"8,850.00"
2020-03-22,2020032201001329,KBL,10,56,50,177.00,"8,850.00"
2020-03-22,2020032201001291,KBL,56,33,50,178.00,"8,900.00"
2020-03-22,2020032201001278,KBL,13,33,20,178.00,"3,560.00"
2020-03-22,2020032201001265,KBL,14,33,50,177.00,"8,850.00"
2020-03-22,2020032201001264,KBL,44,33,50,177.00,"8,850.00"
2020-03-22,2020032201001073,KBL,45,33,500,179.00,"89,500.00"
2020-03-22,2020032201001072,KBL,57,33,410,179.00,"73,390.00"
2020-03-22,2020032201001112,KBL,8,33,500,176.00,"88,000.00"
2020-03-22,2020032201001111,KBL,10,33,300,176.00,"52,800.00"
2020-03-22,2020032201001110,KBL,40,33,100,176.00,"17,600.00"
2020-03-22,2020032201001109,KBL,43,33,100,177.00,"17,700.00"
2020-03-22,2020032201001099,KBL,39,33,50,178.00,"8,900.00"
2020-03-22,2020032201001074,KBL,33,33,50,179.00,"8,950.00"
2020-03-22,2020032201001118,KBL,48,33,200,176.00,"35,200.00"
2020-03-22,2020032201001117,KBL,45,33,100,176.00,"17,600.00"
2020-03-22,2020032201001116,KBL,56,33,100,176.00,"17,600.00"
2020-03-22,2020032201001115,KBL,51,33,300,176.00,"52,800.00"
2020-03-22,2020032201001114,KBL,43,33,100,176.00,"17,600.00"
2020-03-22,2020032201001113,KBL,49,33,10,176.00,"1,760.00"
2020-03-22,2020032201001179,KMCDB,51,25,90,744.00,"66,960.00"
2020-03-22,2020032201000922,KMCDB,51,50,10,759.00,"7,590.00"
2020-03-22,2020032201000921,LBL,45,13,"1,000",201.00,"201,000.00"
2020-03-22,2020032201000920,LBL,40,13,12,201.00,"2,412.00"
2020-03-22,2020032201001335,LGIL,10,33,170,402.00,"68,340.00"
2020-03-22,2020032201001334,LGIL,10,36,50,401.00,"20,050.00"
2020-03-22,2020032201001029,LGIL,11,33,50,402.00,"20,100.00"
2020-03-22,2020032201001004,LGIL,8,33,10,402.00,"4,020.00"
2020-03-22,2020032201001150,LICN,57,57,11,"1,160.00","12,760.00"
2020-03-22,2020032201001066,LICN,57,49,190,"1,160.00","220,400.00"
2020-03-22,2020032201000986,LICN,57,57,10,"1,160.00","11,600.00"
2020-03-22,2020032201001311,MEGA,32,34,500,200.00,"100,000.00"
2020-03-22,2020032201001167,MEGA,48,34,50,199.00,"9,950.00"
2020-03-22,2020032201001144,MEGA,6,34,200,199.00,"39,800.00"
2020-03-22,2020032201001108,MEGA,6,34,100,199.00,"19,900.00"
2020-03-22,2020032201001044,MEGA,39,57,30,198.00,"5,940.00"
2020-03-22,2020032201001043,MEGA,33,57,70,198.00,"13,860.00"
2020-03-22,2020032201000913,MEGA,34,50,20,198.00,"3,960.00"
2020-03-22,2020032201000912,MEGA,22,50,50,198.00,"9,900.00"
2020-03-22,2020032201000911,MEGA,59,50,500,198.00,"99,000.00"
2020-03-22,2020032201000910,MEGA,22,50,400,198.00,"79,200.00"
2020-03-22,2020032201001007,MEGA,33,32,30,198.00,"5,940.00"
2020-03-22,2020032201000992,MEGA,7,32,50,198.00,"9,900.00"
2020-03-22,2020032201000991,MEGA,57,32,20,198.00,"3,960.00"
2020-03-22,2020032201000969,MEGA,49,34,150,199.00,"29,850.00"
2020-03-22,2020032201000914,MEGA,57,50,30,198.00,"5,940.00"
2020-03-22,2020032201001006,MERO,34,41,10,560.00,"5,600.00"
2020-03-22,2020032201001003,MERO,34,29,10,550.00,"5,500.00"
2020-03-22,2020032201001276,MFIL,17,6,10,239.00,"2,390.00"
2020-03-22,2020032201001204,MFIL,37,14,200,246.00,"49,200.00"
2020-03-22,2020032201001203,MFIL,58,14,20,246.00,"4,920.00"
2020-03-22,2020032201001202,MFIL,34,14,10,246.00,"2,460.00"
2020-03-22,2020032201001039,MFIL,34,43,10,251.00,"2,510.00"
2020-03-22,2020032201001119,MNBBL,46,49,50,299.00,"14,950.00"
2020-03-22,2020032201001030,MNBBL,48,49,47,294.00,"13,818.00"
2020-03-22,2020032201001389,NABIL,52,32,20,715.00,"14,300.00"
2020-03-22,2020032201001386,NABIL,41,57,90,714.00,"64,260.00"
2020-03-22,2020032201001271,NABIL,17,32,50,714.00,"35,700.00"
2020-03-22,2020032201001149,NABIL,56,45,360,703.00,"253,080.00"
2020-03-22,2020032201001148,NABIL,56,45,490,704.00,"344,960.00"
2020-03-22,2020032201001147,NABIL,22,45,50,705.00,"35,250.00"
2020-03-22,2020032201000917,NABIL,42,33,10,700.00,"7,000.00"
2020-03-22,2020032201000916,NABIL,1,33,50,700.00,"35,000.00"
2020-03-22,2020032201000915,NABIL,59,33,50,700.00,"35,000.00"
2020-03-22,2020032201000903,NABIL,14,33,10,701.00,"7,010.00"
2020-03-22,2020032201000902,NABIL,36,33,30,701.00,"21,030.00"
2020-03-22,2020032201000895,NABIL,22,57,10,709.00,"7,090.00"
2020-03-22,2020032201001125,NABIL,38,32,100,705.00,"70,500.00"
2020-03-22,2020032201001095,NABIL,56,57,10,704.00,"7,040.00"
2020-03-22,2020032201000946,NABIL,14,33,42,700.00,"29,400.00"
2020-03-22,2020032201000945,NABIL,14,33,10,700.00,"7,000.00"
2020-03-22,2020032201000944,NABIL,48,33,150,700.00,"105,000.00"
2020-03-22,2020032201000918,NABIL,48,33,350,700.00,"245,000.00"
2020-03-22,2020032201001046,NBB,29,33,100,197.00,"19,700.00"
2020-03-22,2020032201001033,NBB,42,32,12,196.00,"2,352.00"
2020-03-22,2020032201000982,NBB,29,32,49,196.00,"9,604.00"
2020-03-22,2020032201001339,NBL,34,49,10,257.00,"2,570.00"
2020-03-22,2020032201001310,NBL,44,54,"1,000",255.00,"255,000.00"
2020-03-22,2020032201001146,NBL,38,54,180,253.00,"45,540.00"
2020-03-22,2020032201000965,NBL,13,54,500,253.00,"126,500.00"
2020-03-22,2020032201000964,NBL,48,54,200,253.00,"50,600.00"
2020-03-22,2020032201000963,NBL,42,54,20,253.00,"5,060.00"
2020-03-22,2020032201000962,NBL,14,54,50,253.00,"12,650.00"
2020-03-22,2020032201000961,NBL,14,54,50,254.00,"12,700.00"
2020-03-22,2020032201001320,NCCB,38,8,200,179.00,"35,800.00"
2020-03-22,2020032201001313,NCCB,13,8,30,179.00,"5,370.00"
2020-03-22,2020032201001281,NCCB,52,8,108,179.00,"19,332.00"
2020-03-22,2020032201001026,NCCB,36,10,150,176.00,"26,400.00"
2020-03-22,2020032201001025,NCCB,8,10,500,176.00,"88,000.00"
2020-03-22,2020032201001024,NCCB,22,10,200,176.00,"35,200.00"
2020-03-22,2020032201001023,NCCB,45,10,100,177.00,"17,700.00"
2020-03-22,2020032201001022,NCCB,11,10,50,178.00,"8,900.00"
2020-03-22,2020032201001013,NCCB,22,8,50,179.00,"8,950.00"
2020-03-22,2020032201000909,NCCB,1,8,100,179.00,"17,900.00"
2020-03-22,2020032201001010,NGPL,41,29,100,105.00,"10,500.00"
2020-03-22,2020032201001009,NGPL,22,29,50,105.00,"5,250.00"
2020-03-22,2020032201001284,NIB,11,33,86,370.00,"31,820.00"
2020-03-22,2020032201001283,NIB,57,33,20,370.00,"7,400.00"
2020-03-22,2020032201001166,NIB,17,45,60,372.00,"22,320.00"
2020-03-22,2020032201001165,NIB,42,45,10,372.00,"3,720.00"
2020-03-22,2020032201001164,NIB,56,45,50,372.00,"18,600.00"
2020-03-22,2020032201001163,NIB,35,45,100,372.00,"37,200.00"
2020-03-22,2020032201000929,NIB,22,33,30,375.00,"11,250.00"
2020-03-22,2020032201001162,NIB,34,45,200,373.00,"74,600.00"
2020-03-22,2020032201001161,NIB,8,45,100,373.00,"37,300.00"
2020-03-22,2020032201001160,NIB,59,45,100,373.00,"37,300.00"
2020-03-22,2020032201001159,NIB,54,45,500,374.00,"187,000.00"
2020-03-22,2020032201001152,NIB,59,58,300,375.00,"112,500.00"
2020-03-22,2020032201000930,NIB,42,33,50,375.00,"18,750.00"
2020-03-22,2020032201001127,NIBPO,59,58,50,330.00,"16,500.00"
2020-03-22,2020032201001089,NIBPO,59,58,10,336.00,"3,360.00"
2020-03-22,2020032201001002,NIBPO,58,4,10,342.00,"3,420.00"
2020-03-22,2020032201001356,NICA,39,6,42,501.00,"21,042.00"
2020-03-22,2020032201001338,NICA,38,17,11,497.00,"5,467.00"
2020-03-22,2020032201001337,NICA,33,17,89,497.00,"44,233.00"
2020-03-22,2020032201001270,NICA,34,38,650,496.00,"322,400.00"
2020-03-22,2020032201001269,NICA,14,38,15,496.00,"7,440.00"
2020-03-22,2020032201001268,NICA,34,38,335,497.00,"166,495.00"
2020-03-22,2020032201001251,NICA,59,49,100,501.00,"50,100.00"
2020-03-22,2020032201001134,NICA,56,5,500,498.00,"249,000.00"
2020-03-22,2020032201001257,NICA,34,49,165,497.00,"82,005.00"
2020-03-22,2020032201001256,NICA,56,49,500,497.00,"248,500.00"
2020-03-22,2020032201001255,NICA,48,49,20,498.00,"9,960.00"
2020-03-22,2020032201001254,NICA,56,49,15,498.00,"7,470.00"
2020-03-22,2020032201001253,NICA,29,49,100,498.00,"49,800.00"
2020-03-22,2020032201001252,NICA,33,49,100,500.00,"50,000.00"
2020-03-22,2020032201001331,NICL,14,4,50,335.00,"16,750.00"
2020-03-22,2020032201001100,NLBBL,25,36,49,661.00,"32,389.00"
2020-03-22,2020032201001353,NLIC,40,17,50,"1,019.00","50,950.00"
2020-03-22,2020032201001307,NLIC,58,45,50,"1,019.00","50,950.00"
2020-03-22,2020032201001296,NLIC,58,45,50,"1,019.00","50,950.00"
2020-03-22,2020032201001290,NLIC,5,45,55,"1,019.00","56,045.00"
2020-03-22,2020032201001288,NLIC,50,45,100,"1,019.00","101,900.00"
2020-03-22,2020032201001280,NLIC,14,45,215,"1,019.00","219,085.00"
2020-03-22,2020032201000978,NLIC,49,29,440,"1,003.00","441,320.00"
2020-03-22,2020032201000977,NLIC,45,29,50,"1,003.00","50,150.00"
2020-03-22,2020032201000976,NLIC,50,29,10,"1,004.00","10,040.00"
2020-03-22,2020032201000975,NLIC,22,29,50,"1,004.00","50,200.00"
2020-03-22,2020032201001069,NLIC,53,45,10,"1,017.00","10,170.00"
2020-03-22,2020032201001067,NLIC,47,45,400,"1,010.00","404,000.00"
2020-03-22,2020032201001060,NLIC,45,45,10,"1,019.00","10,190.00"
2020-03-22,2020032201001059,NLIC,53,45,10,"1,019.00","10,190.00"
2020-03-22,2020032201001028,NLIC,46,45,10,"1,019.00","10,190.00"
2020-03-22,2020032201000979,NLIC,14,29,315,"1,002.00","315,630.00"
2020-03-22,2020032201001097,NLIC,44,45,100,"1,006.00","100,600.00"
2020-03-22,2020032201001096,NLIC,17,45,100,"1,006.00","100,600.00"
2020-03-22,2020032201001079,NLIC,56,45,500,"1,006.00","503,000.00"
2020-03-22,2020032201001078,NLIC,56,45,500,"1,006.00","503,000.00"
2020-03-22,2020032201001077,NLIC,44,45,100,"1,007.00","100,700.00"
2020-03-22,2020032201001070,NLIC,49,45,200,"1,011.00","202,200.00"
2020-03-22,2020032201001211,NLIC,48,50,15,"1,016.00","15,240.00"
2020-03-22,2020032201001181,NLIC,50,52,20,"1,013.00","20,260.00"
2020-03-22,2020032201001130,NLIC,52,45,110,"1,005.00","110,550.00"
2020-03-22,2020032201001129,NLIC,45,45,20,"1,006.00","20,120.00"
2020-03-22,2020032201001128,NLIC,57,45,200,"1,006.00","201,200.00"
2020-03-22,2020032201001104,NLIC,38,57,40,"1,005.00","40,200.00"
2020-03-22,2020032201001260,NLIC,28,45,20,"1,017.00","20,340.00"
2020-03-22,2020032201001259,NLIC,5,45,30,"1,017.00","30,510.00"
2020-03-22,2020032201001245,NLIC,44,45,231,"1,016.00","234,696.00"
2020-03-22,2020032201001232,NLIC,49,45,100,"1,013.00","101,300.00"
2020-03-22,2020032201001219,NLIC,45,45,140,"1,017.00","142,380.00"
2020-03-22,2020032201001213,NLIC,6,50,35,"1,016.00","35,560.00"
2020-03-22,2020032201001151,NLICL,11,50,10,565.00,"5,650.00"
2020-03-22,2020032201001381,NMB,17,49,52,383.00,"19,916.00"
2020-03-22,2020032201001242,NMB,25,32,100,380.00,"38,000.00"
2020-03-22,2020032201001241,NMB,6,32,50,380.00,"19,000.00"
2020-03-22,2020032201001199,NMB,16,58,16,379.00,"6,064.00"
2020-03-22,2020032201001184,NMB,16,36,100,379.00,"37,900.00"
2020-03-22,2020032201001174,NMB,6,45,244,375.00,"91,500.00"
2020-03-22,2020032201001019,NMB,46,29,50,377.00,"18,850.00"
2020-03-22,2020032201001000,NMB,57,29,200,376.00,"75,200.00"
2020-03-22,2020032201000999,NMB,41,29,184,376.00,"69,184.00"
2020-03-22,2020032201000989,NMB,41,36,16,376.00,"6,016.00"
2020-03-22,2020032201001076,NMB,14,32,50,376.00,"18,800.00"
2020-03-22,2020032201001068,NMB,43,32,50,376.00,"18,800.00"
2020-03-22,2020032201001058,NMB,48,58,50,377.00,"18,850.00"
2020-03-22,2020032201001053,NMB,45,29,100,376.00,"37,600.00"
2020-03-22,2020032201001035,NMB,45,58,34,377.00,"12,818.00"
2020-03-22,2020032201001034,NMB,45,29,466,377.00,"175,682.00"
2020-03-22,2020032201001101,NMB,1,29,750,376.00,"282,000.00"
2020-03-22,2020032201001098,NMB,51,29,100,376.00,"37,600.00"
2020-03-22,2020032201001088,NMB,48,29,500,376.00,"188,000.00"
2020-03-22,2020032201001086,NMB,38,29,150,376.00,"56,400.00"
2020-03-22,2020032201001085,NMB,38,32,350,376.00,"131,600.00"
2020-03-22,2020032201001081,NMB,43,32,50,376.00,"18,800.00"
2020-03-22,2020032201001173,NMB,56,45,10,376.00,"3,760.00"
2020-03-22,2020032201001172,NMB,51,45,113,376.00,"42,488.00"
2020-03-22,2020032201001171,NMB,22,45,500,376.00,"188,000.00"
2020-03-22,2020032201001170,NMB,38,45,100,376.00,"37,600.00"
2020-03-22,2020032201001169,NMB,1,45,100,376.00,"37,600.00"
2020-03-22,2020032201001168,NMB,22,45,16,377.00,"6,032.00"
2020-03-22,2020032201001379,NMBMF,17,58,43,765.00,"32,895.00"
2020-03-22,2020032201001378,NMBMF,36,58,200,766.00,"153,200.00"
2020-03-22,2020032201001249,NMBMF,36,45,32,778.00,"24,896.00"
2020-03-22,2020032201001248,NMBMF,36,34,268,770.00,"206,360.00"
2020-03-22,2020032201001247,NMBMF,1,34,100,770.00,"77,000.00"
2020-03-22,2020032201001094,NMBMF,17,40,250,780.00,"195,000.00"
2020-03-22,2020032201000904,NMBMF,50,50,1,760.00,760.00
2020-03-22,2020032201001093,NMBMF,17,28,300,778.00,"233,400.00"
2020-03-22,2020032201001092,NMBMF,17,42,10,775.00,"7,750.00"
2020-03-22,2020032201001038,NMBMF,22,28,151,760.00,"114,760.00"
2020-03-22,2020032201001037,NMBMF,1,28,10,765.00,"7,650.00"
2020-03-22,2020032201001011,NMBMF,50,50,1,760.00,760.00
2020-03-22,2020032201000959,NMBMF,50,50,1,760.00,760.00
2020-03-22,2020032201001090,NTC,25,25,35,623.00,"21,805.00"
2020-03-22,2020032201001273,OHL,28,34,500,339.00,"169,500.00"
2020-03-22,2020032201001261,PCBL,51,13,400,255.00,"102,000.00"
2020-03-22,2020032201001201,PCBL,8,13,50,253.00,"12,650.00"
2020-03-22,2020032201000971,PCBL,34,13,179,251.00,"44,929.00"
2020-03-22,2020032201000948,PCBL,59,13,100,250.00,"25,000.00"
2020-03-22,2020032201000943,PCBL,8,13,100,250.00,"25,000.00"
2020-03-22,2020032201001045,PIC,22,42,25,489.00,"12,225.00"
2020-03-22,2020032201001235,PICL,36,32,10,420.00,"4,200.00"
2020-03-22,2020032201000980,PICL,57,14,10,428.00,"4,280.00"
2020-03-22,2020032201000952,PICL,57,6,10,420.00,"4,200.00"
2020-03-22,2020032201000925,PICL,57,6,10,412.00,"4,120.00"
2020-03-22,2020032201001357,PLIC,43,10,230,499.00,"114,770.00"
2020-03-22,2020032201001343,PLIC,37,57,374,490.00,"183,260.00"
2020-03-22,2020032201001342,PLIC,28,57,500,491.00,"245,500.00"
2020-03-22,2020032201001341,PLIC,22,57,100,491.00,"49,100.00"
2020-03-22,2020032201001340,PLIC,28,57,20,492.00,"9,840.00"
2020-03-22,2020032201001328,PLIC,28,57,280,492.00,"137,760.00"
2020-03-22,2020032201001191,PLIC,45,57,20,497.00,"9,940.00"
2020-03-22,2020032201001190,PLIC,14,57,20,497.00,"9,940.00"
2020-03-22,2020032201001189,PLIC,49,57,50,497.00,"24,850.00"
2020-03-22,2020032201001188,PLIC,50,57,10,498.00,"4,980.00"
2020-03-22,2020032201001197,PLIC,14,57,200,490.00,"98,000.00"
2020-03-22,2020032201001196,PLIC,57,57,100,490.00,"49,000.00"
2020-03-22,2020032201001195,PLIC,59,57,100,490.00,"49,000.00"
2020-03-22,2020032201001194,PLIC,51,57,10,491.00,"4,910.00"
2020-03-22,2020032201001193,PLIC,45,57,10,495.00,"4,950.00"
2020-03-22,2020032201001192,PLIC,45,57,200,495.00,"99,000.00"
2020-03-22,2020032201001230,PRIN,45,34,100,350.00,"35,000.00"
2020-03-22,2020032201001229,PRIN,57,34,10,350.00,"3,500.00"
2020-03-22,2020032201001228,PRIN,54,34,50,350.00,"17,500.00"
2020-03-22,2020032201001227,PRIN,36,34,100,350.00,"35,000.00"
2020-03-22,2020032201001226,PRIN,40,34,50,350.00,"17,500.00"
2020-03-22,2020032201001225,PRIN,45,34,10,353.00,"3,530.00"
2020-03-22,2020032201001224,PRIN,45,34,10,353.00,"3,530.00"
2020-03-22,2020032201001158,PRIN,59,34,90,357.00,"32,130.00"
2020-03-22,2020032201000981,PRIN,59,51,10,357.00,"3,570.00"
2020-03-22,2020032201001380,PRVU,10,49,30,220.00,"6,600.00"
2020-03-22,2020032201001372,PRVU,56,49,100,220.00,"22,000.00"
2020-03-22,2020032201001371,PRVU,51,49,500,220.00,"110,000.00"
2020-03-22,2020032201001370,PRVU,10,49,"1,000",220.00,"220,000.00"
2020-03-22,2020032201001369,PRVU,6,49,100,220.00,"22,000.00"
2020-03-22,2020032201001368,PRVU,8,49,100,220.00,"22,000.00"
2020-03-22,2020032201001240,PRVU,41,50,100,223.00,"22,300.00"
2020-03-22,2020032201001239,PRVU,49,50,16,223.00,"3,568.00"
2020-03-22,2020032201000998,PRVU,22,25,25,224.00,"5,600.00"
2020-03-22,2020032201000932,PRVU,49,1,109,223.00,"24,307.00"
2020-03-22,2020032201000931,PRVU,42,1,16,225.00,"3,600.00"
2020-03-22,2020032201001361,PRVU,56,49,50,222.00,"11,100.00"
2020-03-22,2020032201001360,PRVU,34,49,100,222.00,"22,200.00"
2020-03-22,2020032201001324,PRVU,59,58,200,222.00,"44,400.00"
2020-03-22,2020032201001314,PRVU,29,50,100,223.00,"22,300.00"
2020-03-22,2020032201001277,PRVU,45,50,500,223.00,"111,500.00"
2020-03-22,2020032201001274,PRVU,10,50,50,223.00,"11,150.00"
2020-03-22,2020032201001367,PRVU,1,49,50,220.00,"11,000.00"
2020-03-22,2020032201001366,PRVU,1,49,300,220.00,"66,000.00"
2020-03-22,2020032201001365,PRVU,59,49,100,220.00,"22,000.00"
2020-03-22,2020032201001364,PRVU,45,49,"1,000",221.00,"221,000.00"
2020-03-22,2020032201001363,PRVU,45,49,500,221.00,"110,500.00"
2020-03-22,2020032201001362,PRVU,56,49,100,221.00,"22,100.00"
2020-03-22,2020032201001137,RHPC,37,58,50,79.00,"3,950.00"
2020-03-22,2020032201001136,RHPC,34,58,100,79.00,"7,900.00"
2020-03-22,2020032201001032,RHPC,37,49,200,80.00,"16,000.00"
2020-03-22,2020032201001216,RMDC,38,34,50,591.00,"29,550.00"
2020-03-22,2020032201001215,RMDC,1,34,100,591.00,"59,100.00"
2020-03-22,2020032201001214,RMDC,53,34,50,591.00,"29,550.00"
2020-03-22,2020032201000990,RSDC,22,56,100,442.00,"44,200.00"
2020-03-22,2020032201000987,RSDC,49,56,100,447.00,"44,700.00"
2020-03-22,2020032201001246,SABSL,36,34,11,709.00,"7,799.00"
2020-03-22,2020032201001082,SADBL,47,36,29,143.00,"4,147.00"
2020-03-22,2020032201001297,SBL,57,50,500,290.00,"145,000.00"
2020-03-22,2020032201001124,SBL,17,34,437,286.00,"124,982.00"
2020-03-22,2020032201001123,SBL,1,34,"1,000",286.00,"286,000.00"
2020-03-22,2020032201001122,SBL,33,34,50,286.00,"14,300.00"
2020-03-22,2020032201001121,SBL,56,34,100,286.00,"28,600.00"
2020-03-22,2020032201001120,SBL,7,34,50,287.00,"14,350.00"
2020-03-22,2020032201000970,SBL,25,50,"1,000",286.00,"286,000.00"
2020-03-22,2020032201000896,SBL,25,25,181,287.00,"51,947.00"
2020-03-22,2020032201001391,SCB,50,49,10,594.00,"5,940.00"
2020-03-22,2020032201001182,SCB,11,49,250,594.00,"148,500.00"
2020-03-22,2020032201001143,SCB,42,49,538,583.00,"313,654.00"
2020-03-22,2020032201001142,SCB,16,49,100,583.00,"58,300.00"
2020-03-22,2020032201001141,SCB,39,49,100,584.00,"58,400.00"
2020-03-22,2020032201001140,SCB,42,49,20,584.00,"11,680.00"
2020-03-22,2020032201000994,SCB,42,16,74,585.00,"43,290.00"
2020-03-22,2020032201000993,SCB,14,16,26,585.00,"15,210.00"
2020-03-22,2020032201001139,SCB,38,49,25,585.00,"14,625.00"
2020-03-22,2020032201001138,SCB,42,49,126,585.00,"73,710.00"
2020-03-22,2020032201001135,SCB,1,34,200,590.00,"118,000.00"
2020-03-22,2020032201001126,SCB,34,49,200,594.00,"118,800.00"
2020-03-22,2020032201001040,SCB,34,49,70,594.00,"41,580.00"
2020-03-22,2020032201001005,SCB,1,6,300,590.00,"177,000.00"
2020-03-22,2020032201001145,SHL,25,45,100,169.00,"16,900.00"
2020-03-22,2020032201001014,SHL,29,14,100,167.00,"16,700.00"
2020-03-22,2020032201000985,SHL,29,38,100,164.00,"16,400.00"
2020-03-22,2020032201000984,SHL,29,20,100,163.00,"16,300.00"
2020-03-22,2020032201001042,SHPC,37,58,200,198.00,"39,600.00"
2020-03-22,2020032201001198,SICL,36,17,10,846.00,"8,460.00"
2020-03-22,2020032201001312,SIL,6,53,40,460.00,"18,400.00"
2020-03-22,2020032201001001,SJCL,34,5,100,142.00,"14,200.00"
2020-03-22,2020032201001294,SKBBL,33,38,40,982.00,"39,280.00"
2020-03-22,2020032201001293,SKBBL,45,38,10,982.00,"9,820.00"
2020-03-22,2020032201001292,SKBBL,34,38,50,983.00,"49,150.00"
2020-03-22,2020032201001103,SKBBL,45,14,90,982.00,"88,380.00"
2020-03-22,2020032201001102,SKBBL,13,14,10,982.00,"9,820.00"
2020-03-22,2020032201000960,SKBBL,40,14,30,"1,002.00","30,060.00"
2020-03-22,2020032201001267,SLBBL,6,34,20,760.00,"15,200.00"
2020-03-22,2020032201001266,SLBBL,45,34,20,760.00,"15,200.00"
2020-03-22,2020032201001180,SLBBL,6,8,30,775.00,"23,250.00"
2020-03-22,2020032201001156,SLBBL,6,8,40,775.00,"31,000.00"
2020-03-22,2020032201001107,SLBBL,6,49,30,775.00,"23,250.00"
2020-03-22,2020032201001015,SLICL,45,5,10,378.00,"3,780.00"
2020-03-22,2020032201000973,SLICL,41,34,200,385.00,"77,000.00"
2020-03-22,2020032201000942,SLICL,43,40,100,392.00,"39,200.00"
2020-03-22,2020032201000967,SMB,34,25,10,784.00,"7,840.00"
2020-03-22,2020032201000935,SMB,34,3,10,769.00,"7,690.00"
2020-03-22,2020032201000934,SMB,34,43,10,768.00,"7,680.00"
2020-03-22,2020032201001106,SRBL,17,49,100,231.00,"23,100.00"
2020-03-22,2020032201001075,SRBL,36,49,50,230.00,"11,500.00"
2020-03-22,2020032201001087,STC,1,52,10,"2,392.00","23,920.00"
2020-03-22,2020032201001309,TRH,48,34,200,206.00,"41,200.00"
2020-03-22,2020032201001012,TRH,1,4,300,205.00,"61,500.00"
2020-03-22,2020032201001218,UPPER,57,8,100,227.00,"22,700.00"
2020-03-22,2020032201001200,UPPER,57,8,124,227.00,"28,148.00"
2020-03-22,2020032201001186,UPPER,13,8,76,228.00,"17,328.00"
2020-03-22,2020032201000559,ADBL,42,6,100,369.00,"36,900.00"
2020-03-22,2020032201000558,ADBL,14,6,70,369.00,"25,830.00"
2020-03-22,2020032201000502,ADBL,41,49,25,373.00,"9,325.00"
2020-03-22,2020032201000619,ALBSL,47,33,100,599.00,"59,900.00"
2020-03-22,2020032201000618,ALBSL,14,33,100,599.00,"59,900.00"
2020-03-22,2020032201000708,ALICL,57,34,95,460.00,"43,700.00"
2020-03-22,2020032201000684,ALICL,38,34,40,460.00,"18,400.00"
2020-03-22,2020032201000583,ALICL,40,50,200,460.00,"92,000.00"
2020-03-22,2020032201000582,ALICL,45,50,200,460.00,"92,000.00"
2020-03-22,2020032201000823,API,22,59,"1,000",105.00,"105,000.00"
2020-03-22,2020032201000883,BOKL,36,33,50,215.00,"10,750.00"
2020-03-22,2020032201000795,BOKL,41,33,100,215.00,"21,500.00"
2020-03-22,2020032201000794,BOKL,22,33,300,215.00,"64,500.00"
2020-03-22,2020032201000793,BOKL,13,33,100,215.00,"21,500.00"
2020-03-22,2020032201000466,BOKL,59,5,150,215.00,"32,250.00"
2020-03-22,2020032201000682,CBBL,8,13,100,936.00,"93,600.00"
2020-03-22,2020032201000627,CBBL,36,13,50,937.00,"46,850.00"
2020-03-22,2020032201000626,CBBL,57,13,80,937.00,"74,960.00"
2020-03-22,2020032201000593,CBBL,57,32,20,937.00,"18,740.00"
2020-03-22,2020032201000882,CBL,32,13,186,138.00,"25,668.00"
2020-03-22,2020032201000890,CCBL,14,25,30,159.00,"4,770.00"
2020-03-22,2020032201000879,CCBL,56,25,170,159.00,"27,030.00"
2020-03-22,2020032201000878,CCBL,56,29,80,159.00,"12,720.00"
2020-03-22,2020032201000840,CCBL,14,29,20,159.00,"3,180.00"
2020-03-22,2020032201000683,CCBL,59,36,51,159.00,"8,109.00"
2020-03-22,2020032201000494,CCBL,47,14,200,162.00,"32,400.00"
2020-03-22,2020032201000485,CCBL,14,14,163,163.00,"26,569.00"
2020-03-22,2020032201000886,CHCL,14,28,100,358.00,"35,800.00"
2020-03-22,2020032201000885,CHCL,43,28,100,359.00,"35,900.00"
2020-03-22,2020032201000744,CHCL,1,37,100,365.00,"36,500.00"
2020-03-22,2020032201000743,CHCL,13,37,10,365.00,"3,650.00"
2020-03-22,2020032201000742,CHCL,59,37,150,365.00,"54,750.00"
2020-03-22,2020032201000632,CHCL,13,56,10,372.00,"3,720.00"
2020-03-22,2020032201000631,CHCL,53,56,10,372.00,"3,720.00"
2020-03-22,2020032201000624,CHCL,59,25,16,378.00,"6,048.00"
2020-03-22,2020032201000738,CIT,45,58,100,"2,463.00","246,300.00"
2020-03-22,2020032201000798,CZBIL,41,32,100,182.00,"18,200.00"
2020-03-22,2020032201000797,CZBIL,25,32,199,182.00,"36,218.00"
2020-03-22,2020032201000728,CZBIL,25,1,113,182.00,"20,566.00"
2020-03-22,2020032201000649,CZBIL,25,36,100,182.00,"18,200.00"
2020-03-22,2020032201000553,CZBIL,25,50,588,182.00,"107,016.00"
2020-03-22,2020032201000552,CZBIL,56,50,100,182.00,"18,200.00"
2020-03-22,2020032201000551,CZBIL,56,50,100,182.00,"18,200.00"
2020-03-22,2020032201000550,CZBIL,40,50,12,182.00,"2,184.00"
2020-03-22,2020032201000549,CZBIL,6,50,200,183.00,"36,600.00"
2020-03-22,2020032201000872,DDBL,1,40,20,745.00,"14,900.00"
2020-03-22,2020032201000694,DDBL,20,40,10,745.00,"7,450.00"
2020-03-22,2020032201000693,DDBL,14,40,10,745.00,"7,450.00"
2020-03-22,2020032201000692,DDBL,1,40,10,750.00,"7,500.00"
2020-03-22,2020032201000830,EBL,40,14,26,606.00,"15,756.00"
2020-03-22,2020032201000829,EBL,50,14,10,606.00,"6,060.00"
2020-03-22,2020032201000828,EBL,44,14,100,606.00,"60,600.00"
2020-03-22,2020032201000827,EBL,42,14,10,608.00,"6,080.00"
2020-03-22,2020032201000737,EBL,57,34,200,615.00,"123,000.00"
2020-03-22,2020032201000607,EBL,40,50,25,618.00,"15,450.00"
2020-03-22,2020032201000591,EBL,1,50,15,618.00,"9,270.00"
2020-03-22,2020032201000590,EBL,59,50,200,618.00,"123,600.00"
2020-03-22,2020032201000589,EBL,4,50,10,618.00,"6,180.00"
2020-03-22,2020032201000588,EBL,53,50,100,618.00,"61,800.00"
2020-03-22,2020032201000587,EBL,56,50,50,618.00,"30,900.00"
2020-03-22,2020032201000586,EBL,59,50,100,618.00,"61,800.00"
2020-03-22,2020032201000580,EIC,42,25,100,340.00,"34,000.00"
2020-03-22,2020032201000473,EIC,7,49,145,334.00,"48,430.00"
2020-03-22,2020032201000472,EIC,6,49,200,334.00,"66,800.00"
2020-03-22,2020032201000471,EIC,22,49,35,334.00,"11,690.00"
2020-03-22,2020032201000804,FMDBL,40,58,100,422.00,"42,200.00"
2020-03-22,2020032201000803,FMDBL,56,58,100,422.00,"42,200.00"
2020-03-22,2020032201000802,FMDBL,56,58,150,423.00,"63,450.00"
2020-03-22,2020032201000801,FMDBL,34,58,50,424.00,"21,200.00"
2020-03-22,2020032201000584,FMDBL,41,50,500,430.00,"215,000.00"
2020-03-22,2020032201000521,FOWAD,36,45,500,"1,380.00","690,000.00"
2020-03-22,2020032201000520,FOWAD,40,45,100,"1,380.00","138,000.00"
2020-03-22,2020032201000519,FOWAD,56,45,30,"1,385.00","41,550.00"
2020-03-22,2020032201000518,FOWAD,41,45,25,"1,407.00","35,175.00"
2020-03-22,2020032201000833,GBBL,14,29,30,218.00,"6,540.00"
2020-03-22,2020032201000891,GBIME,49,54,150,248.00,"37,200.00"
2020-03-22,2020032201000839,GBIME,42,29,10,252.00,"2,520.00"
2020-03-22,2020032201000767,GBIME,7,32,100,252.00,"25,200.00"
2020-03-22,2020032201000698,GBIME,49,6,50,248.00,"12,400.00"
2020-03-22,2020032201000697,GBIME,42,6,50,249.00,"12,450.00"
2020-03-22,2020032201000409,GBIME,53,54,10,250.00,"2,500.00"
2020-03-22,2020032201000396,GBIME,56,54,100,255.00,"25,500.00"
2020-03-22,2020032201000402,GBIME,34,54,82,252.00,"20,664.00"
2020-03-22,2020032201000401,GBIME,11,54,200,252.00,"50,400.00"
2020-03-22,2020032201000400,GBIME,22,54,50,252.00,"12,600.00"
2020-03-22,2020032201000399,GBIME,8,54,200,252.00,"50,400.00"
2020-03-22,2020032201000398,GBIME,59,54,100,252.00,"25,200.00"
2020-03-22,2020032201000397,GBIME,11,54,136,255.00,"34,680.00"
2020-03-22,2020032201000408,GBIME,4,54,100,250.00,"25,000.00"
2020-03-22,2020032201000407,GBIME,53,54,100,250.00,"25,000.00"
2020-03-22,2020032201000406,GBIME,10,54,100,250.00,"25,000.00"
2020-03-22,2020032201000405,GBIME,42,54,200,251.00,"50,200.00"
2020-03-22,2020032201000404,GBIME,57,54,100,251.00,"25,100.00"
2020-03-22,2020032201000403,GBIME,22,54,100,251.00,"25,100.00"
2020-03-22,2020032201000806,GBLBS,25,4,20,403.00,"8,060.00"
2020-03-22,2020032201000602,GBLBS,1,4,20,411.00,"8,220.00"
2020-03-22,2020032201000600,GBLBS,57,4,100,414.00,"41,400.00"
2020-03-22,2020032201000599,GBLBS,41,4,10,414.00,"4,140.00"
2020-03-22,2020032201000644,GFCL,22,59,50,136.00,"6,800.00"
2020-03-22,2020032201000625,GLICL,45,50,10,407.00,"4,070.00"
2020-03-22,2020032201000598,HBL,11,59,120,500.00,"60,000.00"
2020-03-22,2020032201000597,HBL,34,59,20,500.00,"10,000.00"
2020-03-22,2020032201000596,HBL,8,59,60,500.00,"30,000.00"
2020-03-22,2020032201000831,HDL,44,57,360,"1,275.00","459,000.00"
2020-03-22,2020032201000821,HDL,48,57,300,"1,275.00","382,500.00"
2020-03-22,2020032201000820,HDL,51,57,20,"1,276.00","25,520.00"
2020-03-22,2020032201000819,HDL,49,57,100,"1,277.00","127,700.00"
2020-03-22,2020032201000688,HDL,17,58,100,"1,300.00","130,000.00"
2020-03-22,2020032201000675,HDL,36,57,500,"1,275.00","637,500.00"
2020-03-22,2020032201000540,HDL,8,45,20,"1,301.00","26,020.00"
