Date,Transact. No.,Symbol,Buyer,Seller,Quantity,Rate,Amount
2019-06-03,2019060301008416,ADBL,59,58,90,414.00,"37,260.00"
2019-06-03,2019060301008415,ADBL,45,58,100,416.00,"41,600.00"
2019-06-03,2019060301008414,ADBL,14,58,10,416.00,"4,160.00"
2019-06-03,2019060301008406,ADBL,39,54,310,418.00,"129,580.00"
2019-06-03,2019060301008405,ADBL,39,41,100,418.00,"41,800.00"
2019-06-03,2019060301008404,ADBL,39,58,160,418.00,"66,880.00"
2019-06-03,2019060301008145,ADBL,26,34,100,414.00,"41,400.00"
2019-06-03,2019060301008014,ADBL,51,58,200,415.00,"83,000.00"
2019-06-03,2019060301008013,ADBL,45,58,"1,000",415.00,"415,000.00"
2019-06-03,2019060301008012,ADBL,47,58,"1,000",415.00,"415,000.00"
2019-06-03,2019060301007960,ADBL,17,57,200,416.00,"83,200.00"
2019-06-03,2019060301008403,ADBL,39,52,150,417.00,"62,550.00"
2019-06-03,2019060301008402,ADBL,39,49,280,417.00,"116,760.00"
2019-06-03,2019060301008149,ADBL,14,57,40,416.00,"16,640.00"
2019-06-03,2019060301008148,ADBL,59,34,750,414.00,"310,500.00"
2019-06-03,2019060301008147,ADBL,59,34,100,414.00,"41,400.00"
2019-06-03,2019060301008146,ADBL,33,34,50,414.00,"20,700.00"
2019-06-03,2019060301008382,AHPC,10,43,150,109.00,"16,350.00"
2019-06-03,2019060301008139,AHPC,22,43,500,109.00,"54,500.00"
2019-06-03,2019060301008042,AHPC,45,7,380,108.00,"41,040.00"
2019-06-03,2019060301008037,AHPC,34,7,"1,000",108.00,"108,000.00"
2019-06-03,2019060301008036,AHPC,45,7,500,108.00,"54,000.00"
2019-06-03,2019060301008035,AHPC,55,7,438,108.00,"47,304.00"
2019-06-03,2019060301008289,ALBSL,29,56,10,432.00,"4,320.00"
2019-06-03,2019060301008056,ALBSL,42,20,10,432.00,"4,320.00"
2019-06-03,2019060301008033,ALICL,34,50,100,410.00,"41,000.00"
2019-06-03,2019060301008188,AMFI,45,22,10,534.00,"5,340.00"
2019-06-03,2019060301008285,API,25,45,100,154.00,"15,400.00"
2019-06-03,2019060301008103,API,25,45,50,154.00,"7,700.00"
2019-06-03,2019060301008102,API,25,48,200,153.00,"30,600.00"
2019-06-03,2019060301007957,API,29,57,10,152.00,"1,520.00"
2019-06-03,2019060301008431,BOKL,25,32,100,270.00,"27,000.00"
2019-06-03,2019060301008341,BOKL,32,6,300,271.00,"81,300.00"
2019-06-03,2019060301008032,BOKL,25,59,225,270.00,"60,750.00"
2019-06-03,2019060301008018,BOKL,57,59,300,271.00,"81,300.00"
2019-06-03,2019060301008330,BPCL,36,43,11,414.00,"4,554.00"
2019-06-03,2019060301008329,BPCL,36,37,159,412.00,"65,508.00"
2019-06-03,2019060301008308,BPCL,45,37,112,412.00,"46,144.00"
2019-06-03,2019060301008307,BPCL,43,37,40,413.00,"16,520.00"
2019-06-03,2019060301008116,BPCL,45,39,55,412.00,"22,660.00"
2019-06-03,2019060301008063,BPCL,46,58,110,413.00,"45,430.00"
2019-06-03,2019060301008086,CBBL,33,45,100,944.00,"94,400.00"
2019-06-03,2019060301008384,CBL,25,37,676,146.00,"98,696.00"
2019-06-03,2019060301008383,CBL,16,37,324,146.00,"47,304.00"
2019-06-03,2019060301008314,CBL,43,34,10,147.00,"1,470.00"
2019-06-03,2019060301008238,CBL,16,56,"1,676",146.00,"244,696.00"
2019-06-03,2019060301008237,CBL,40,56,"1,000",146.00,"146,000.00"
2019-06-03,2019060301008236,CBL,17,56,500,146.00,"73,000.00"
2019-06-03,2019060301008229,CBL,36,56,945,146.00,"137,970.00"
2019-06-03,2019060301008191,CBL,57,34,17,147.00,"2,499.00"
2019-06-03,2019060301008190,CBL,57,17,183,147.00,"26,901.00"
2019-06-03,2019060301008039,CBL,36,43,55,146.00,"8,030.00"
2019-06-03,2019060301008038,CBL,43,43,945,146.00,"137,970.00"
2019-06-03,2019060301008235,CBL,37,56,"1,000",146.00,"146,000.00"
2019-06-03,2019060301008234,CBL,18,56,200,146.00,"29,200.00"
2019-06-03,2019060301008233,CBL,49,56,100,146.00,"14,600.00"
2019-06-03,2019060301008232,CBL,57,56,200,146.00,"29,200.00"
2019-06-03,2019060301008231,CBL,34,56,100,146.00,"14,600.00"
2019-06-03,2019060301008230,CBL,7,56,100,146.00,"14,600.00"
2019-06-03,2019060301008442,CCBL,38,45,500,166.00,"83,000.00"
2019-06-03,2019060301008284,CCBL,49,48,"7,335",166.00,"1,217,610.00"
2019-06-03,2019060301008104,CCBL,39,34,367,165.00,"60,555.00"
2019-06-03,2019060301008034,CCBL,45,48,"1,000",166.00,"166,000.00"
2019-06-03,2019060301007975,CCBL,45,48,"1,000",166.00,"166,000.00"
2019-06-03,2019060301008309,CHCL,1,6,78,522.00,"40,716.00"
2019-06-03,2019060301008092,CHCL,45,6,170,523.00,"88,910.00"
2019-06-03,2019060301008066,CHCL,45,56,30,523.00,"15,690.00"
2019-06-03,2019060301008017,CHCL,1,37,410,521.00,"213,610.00"
2019-06-03,2019060301008023,CHLBS,43,56,30,452.00,"13,560.00"
2019-06-03,2019060301008057,CIT,49,39,35,"2,568.00","89,880.00"
2019-06-03,2019060301008258,CZBIL,51,28,341,224.00,"76,384.00"
2019-06-03,2019060301008257,CZBIL,43,28,"1,000",224.00,"224,000.00"
2019-06-03,2019060301008256,CZBIL,8,28,200,224.00,"44,800.00"
2019-06-03,2019060301008255,CZBIL,16,28,50,224.00,"11,200.00"
2019-06-03,2019060301008254,CZBIL,45,28,"1,879",224.00,"420,896.00"
2019-06-03,2019060301008253,CZBIL,11,28,500,225.00,"112,500.00"
2019-06-03,2019060301008252,CZBIL,42,28,30,225.00,"6,750.00"
2019-06-03,2019060301007953,CZBIL,36,7,100,226.00,"22,600.00"
2019-06-03,2019060301008443,DBBL,37,51,10,145.00,"1,450.00"
2019-06-03,2019060301008030,DBBL,45,52,104,146.00,"15,184.00"
2019-06-03,2019060301008176,DDBL,43,44,75,715.00,"53,625.00"
2019-06-03,2019060301008175,DDBL,49,44,100,716.00,"71,600.00"
2019-06-03,2019060301008174,DDBL,44,44,70,716.00,"50,120.00"
2019-06-03,2019060301008173,DDBL,20,44,100,716.00,"71,600.00"
2019-06-03,2019060301008172,DDBL,20,44,100,716.00,"71,600.00"
2019-06-03,2019060301008171,DDBL,55,44,477,716.00,"341,532.00"
2019-06-03,2019060301008170,DDBL,53,44,78,717.00,"55,926.00"
2019-06-03,2019060301008342,EBL,41,43,200,671.00,"134,200.00"
2019-06-03,2019060301008108,EBL,28,49,96,667.00,"64,032.00"
2019-06-03,2019060301008153,EBL,26,3,40,667.00,"26,680.00"
2019-06-03,2019060301008137,EBL,26,42,150,667.00,"100,050.00"
2019-06-03,2019060301008133,EBL,26,36,300,667.00,"200,100.00"
2019-06-03,2019060301008132,EBL,19,36,200,667.00,"133,400.00"
2019-06-03,2019060301008016,GBLBS,44,19,10,361.00,"3,610.00"
2019-06-03,2019060301008015,GBLBS,57,19,40,362.00,"14,480.00"
2019-06-03,2019060301008395,GDBL,36,42,"1,000",212.00,"212,000.00"
2019-06-03,2019060301008131,GDBL,36,48,94,212.00,"19,928.00"
2019-06-03,2019060301008091,GDBL,36,48,84,212.00,"17,808.00"
2019-06-03,2019060301008090,GDBL,1,48,10,213.00,"2,130.00"
2019-06-03,2019060301008271,GFCL,32,28,167,125.00,"20,875.00"
2019-06-03,2019060301008225,GLICL,32,50,15,545.00,"8,175.00"
2019-06-03,2019060301008098,GMFIL,28,42,242,127.00,"30,734.00"
2019-06-03,2019060301008269,GUFL,29,43,10,116.00,"1,160.00"
2019-06-03,2019060301008241,HIDCL,1,38,"2,919",163.00,"475,797.00"
2019-06-03,2019060301008094,HIDCL,1,40,21,163.00,"3,423.00"
2019-06-03,2019060301007987,HIDCL,1,57,60,163.00,"9,780.00"
2019-06-03,2019060301008433,HURJA,19,59,10,155.00,"1,550.00"
2019-06-03,2019060301008432,HURJA,19,59,10,155.00,"1,550.00"
2019-06-03,2019060301008381,HURJA,45,43,20,153.00,"3,060.00"
2019-06-03,2019060301008380,HURJA,45,21,20,153.00,"3,060.00"
2019-06-03,2019060301008379,HURJA,45,8,20,152.00,"3,040.00"
2019-06-03,2019060301008378,HURJA,45,47,20,152.00,"3,040.00"
2019-06-03,2019060301007970,HURJA,45,33,240,147.00,"35,280.00"
2019-06-03,2019060301008205,HURJA,33,58,20,148.00,"2,960.00"
2019-06-03,2019060301008204,HURJA,33,58,"1,900",148.00,"281,200.00"
2019-06-03,2019060301008203,HURJA,33,52,20,148.00,"2,960.00"
2019-06-03,2019060301008202,HURJA,33,37,10,148.00,"1,480.00"
2019-06-03,2019060301008291,HURJA,45,41,20,150.00,"3,000.00"
2019-06-03,2019060301008290,HURJA,45,22,20,150.00,"3,000.00"
2019-06-03,2019060301008250,HURJA,45,11,20,149.00,"2,980.00"
2019-06-03,2019060301008249,HURJA,45,19,100,149.00,"14,900.00"
2019-06-03,2019060301008248,HURJA,45,43,100,149.00,"14,900.00"
2019-06-03,2019060301008247,HURJA,45,46,20,149.00,"2,980.00"
2019-06-03,2019060301008332,HURJA,45,37,20,151.00,"3,020.00"
2019-06-03,2019060301008296,HURJA,45,46,20,150.00,"3,000.00"
2019-06-03,2019060301008295,HURJA,45,22,20,150.00,"3,000.00"
2019-06-03,2019060301008294,HURJA,45,22,80,150.00,"12,000.00"
2019-06-03,2019060301008293,HURJA,45,38,20,150.00,"3,000.00"
2019-06-03,2019060301008292,HURJA,45,22,20,150.00,"3,000.00"
2019-06-03,2019060301008377,HURJA,45,25,20,150.00,"3,000.00"
2019-06-03,2019060301008337,HURJA,45,37,20,151.00,"3,020.00"
2019-06-03,2019060301008336,HURJA,45,37,20,151.00,"3,020.00"
2019-06-03,2019060301008335,HURJA,45,37,20,151.00,"3,020.00"
2019-06-03,2019060301008334,HURJA,45,37,20,151.00,"3,020.00"
2019-06-03,2019060301008333,HURJA,45,37,20,151.00,"3,020.00"
2019-06-03,2019060301007991,ICFC,48,50,94,162.00,"15,228.00"
2019-06-03,2019060301008267,JBBL,17,57,500,154.00,"77,000.00"
2019-06-03,2019060301008109,JBBL,49,50,17,153.00,"2,601.00"
2019-06-03,2019060301008421,JBNL,56,35,234,206.00,"48,204.00"
2019-06-03,2019060301008420,JBNL,25,35,966,206.00,"198,996.00"
2019-06-03,2019060301008397,JBNL,42,57,100,207.00,"20,700.00"
2019-06-03,2019060301008281,JBNL,25,57,66,207.00,"13,662.00"
2019-06-03,2019060301008152,JBNL,25,58,34,206.00,"7,004.00"
2019-06-03,2019060301008151,JBNL,38,58,250,206.00,"51,500.00"
2019-06-03,2019060301008140,JBNL,25,57,34,207.00,"7,038.00"
2019-06-03,2019060301008055,JBNL,25,57,500,207.00,"103,500.00"
2019-06-03,2019060301008021,JOSHI,22,49,20,94.00,"1,880.00"
2019-06-03,2019060301008251,KBBL,33,29,318,233.00,"74,094.00"
2019-06-03,2019060301008144,KBBL,33,47,87,233.00,"20,271.00"
2019-06-03,2019060301008143,KBBL,34,47,413,233.00,"96,229.00"
2019-06-03,2019060301008440,KBL,49,41,200,217.00,"43,400.00"
2019-06-03,2019060301008439,KBL,49,8,"1,771",217.00,"384,307.00"
2019-06-03,2019060301008438,KBL,49,40,100,217.00,"21,700.00"
2019-06-03,2019060301007983,KBL,49,59,461,216.00,"99,576.00"
2019-06-03,2019060301007982,KBL,1,59,159,216.00,"34,344.00"
2019-06-03,2019060301008073,KNBL,39,52,170,186.00,"31,620.00"
2019-06-03,2019060301007993,KNBL,39,38,113,186.00,"21,018.00"
2019-06-03,2019060301007964,KNBL,58,38,113,186.00,"21,018.00"
2019-06-03,2019060301008130,LBBL,6,33,200,198.00,"39,600.00"
2019-06-03,2019060301008129,LBBL,42,33,"1,000",198.00,"198,000.00"
2019-06-03,2019060301008122,LBBL,55,33,"2,000",198.00,"396,000.00"
2019-06-03,2019060301008121,LBBL,29,33,500,198.00,"99,000.00"
2019-06-03,2019060301008120,LBBL,45,33,150,198.00,"29,700.00"
2019-06-03,2019060301008119,LBBL,38,33,70,199.00,"13,930.00"
2019-06-03,2019060301008118,LBBL,33,33,500,199.00,"99,500.00"
2019-06-03,2019060301008117,LBBL,40,33,411,199.00,"81,789.00"
2019-06-03,2019060301008128,LBBL,36,33,500,198.00,"99,000.00"
2019-06-03,2019060301008127,LBBL,50,33,100,198.00,"19,800.00"
2019-06-03,2019060301008126,LBBL,53,33,450,198.00,"89,100.00"
2019-06-03,2019060301008125,LBBL,53,33,500,198.00,"99,000.00"
2019-06-03,2019060301008124,LBBL,38,33,500,198.00,"99,000.00"
2019-06-03,2019060301008123,LBBL,58,33,200,198.00,"39,600.00"
2019-06-03,2019060301008365,LBL,45,44,"1,000",221.00,"221,000.00"
2019-06-03,2019060301008306,LBL,36,40,32,220.00,"7,040.00"
2019-06-03,2019060301008408,LGIL,54,19,100,490.00,"49,000.00"
2019-06-03,2019060301008407,LGIL,32,19,49,490.00,"24,010.00"
2019-06-03,2019060301008201,LGIL,32,32,51,490.00,"24,990.00"
2019-06-03,2019060301008200,LGIL,42,32,50,490.00,"24,500.00"
2019-06-03,2019060301008199,LGIL,51,32,17,490.00,"8,330.00"
2019-06-03,2019060301008198,LGIL,52,32,82,491.00,"40,262.00"
2019-06-03,2019060301008437,MEGA,41,51,50,202.00,"10,100.00"
2019-06-03,2019060301008436,MEGA,1,51,192,202.00,"38,784.00"
2019-06-03,2019060301008435,MEGA,1,52,308,202.00,"62,216.00"
2019-06-03,2019060301008411,MEGA,43,52,10,202.00,"2,020.00"
2019-06-03,2019060301008277,MEGA,43,53,604,201.00,"121,404.00"
2019-06-03,2019060301008276,MEGA,41,53,900,201.00,"180,900.00"
2019-06-03,2019060301008275,MEGA,1,53,400,201.00,"80,400.00"
2019-06-03,2019060301008274,MEGA,6,53,40,201.00,"8,040.00"
2019-06-03,2019060301008273,MEGA,38,53,56,201.00,"11,256.00"
2019-06-03,2019060301008062,MERO,29,59,66,595.00,"39,270.00"
2019-06-03,2019060301008363,MLBL,40,42,"1,000",195.00,"195,000.00"
2019-06-03,2019060301008228,MNBBL,6,51,50,374.00,"18,700.00"
2019-06-03,2019060301008182,MNBBL,49,51,100,375.00,"37,500.00"
2019-06-03,2019060301008179,MNBBL,21,51,50,375.00,"18,750.00"
2019-06-03,2019060301008178,MNBBL,21,51,50,375.00,"18,750.00"
2019-06-03,2019060301008206,MSLB,34,19,15,999.00,"14,985.00"
2019-06-03,2019060301008197,MSLB,34,18,10,999.00,"9,990.00"
2019-06-03,2019060301008331,NABIL,45,41,50,833.00,"41,650.00"
2019-06-03,2019060301008150,NABIL,17,49,100,831.00,"83,100.00"
2019-06-03,2019060301008224,NADEP,38,56,10,454.00,"4,540.00"
2019-06-03,2019060301008142,NADEP,32,28,20,453.00,"9,060.00"
2019-06-03,2019060301008141,NADEP,28,28,80,453.00,"36,240.00"
2019-06-03,2019060301008064,NADEP,28,56,10,453.00,"4,530.00"
2019-06-03,2019060301008059,NADEP,28,19,10,453.00,"4,530.00"
2019-06-03,2019060301008058,NADEP,51,19,10,453.00,"4,530.00"
2019-06-03,2019060301008447,NBL,33,33,500,331.00,"165,500.00"
2019-06-03,2019060301008374,NBL,16,14,148,330.00,"48,840.00"
2019-06-03,2019060301008373,NBL,58,14,100,330.00,"33,000.00"
2019-06-03,2019060301008372,NBL,42,14,100,330.00,"33,000.00"
2019-06-03,2019060301008371,NBL,53,14,652,330.00,"215,160.00"
2019-06-03,2019060301008300,NBL,53,28,348,330.00,"114,840.00"
2019-06-03,2019060301008067,NBL,25,40,26,330.00,"8,580.00"
2019-06-03,2019060301008048,NBL,6,33,150,331.00,"49,650.00"
2019-06-03,2019060301008047,NBL,6,49,50,331.00,"16,550.00"
2019-06-03,2019060301008194,NBL,42,33,100,331.00,"33,100.00"
2019-06-03,2019060301008189,NBL,45,49,100,330.00,"33,000.00"
2019-06-03,2019060301008187,NBL,45,33,748,330.00,"246,840.00"
2019-06-03,2019060301008186,NBL,25,33,200,330.00,"66,000.00"
2019-06-03,2019060301008185,NBL,25,33,52,330.00,"17,160.00"
2019-06-03,2019060301008134,NBL,45,33,"1,000",331.00,"331,000.00"
2019-06-03,2019060301008299,NBL,52,28,200,330.00,"66,000.00"
2019-06-03,2019060301008298,NBL,37,28,300,330.00,"99,000.00"
2019-06-03,2019060301008297,NBL,6,28,152,330.00,"50,160.00"
2019-06-03,2019060301008243,NBL,6,45,848,330.00,"279,840.00"
2019-06-03,2019060301008242,NBL,45,45,152,330.00,"50,160.00"
2019-06-03,2019060301008239,NBL,40,33,20,331.00,"6,620.00"
2019-06-03,2019060301008446,NCCB,58,42,10,260.00,"2,600.00"
2019-06-03,2019060301008410,NCCB,58,42,10,260.00,"2,600.00"
2019-06-03,2019060301008392,NCCB,33,42,100,260.00,"26,000.00"
2019-06-03,2019060301008391,NCCB,33,49,500,259.00,"129,500.00"
2019-06-03,2019060301008245,NCCB,58,42,325,258.00,"83,850.00"
2019-06-03,2019060301008244,NCCB,34,42,175,258.00,"45,150.00"
2019-06-03,2019060301007952,NCCB,46,58,"1,000",258.00,"258,000.00"
2019-06-03,2019060301008110,NCCB,34,40,25,258.00,"6,450.00"
2019-06-03,2019060301008049,NCCB,13,34,127,258.00,"32,766.00"
2019-06-03,2019060301007992,NCCB,54,34,100,258.00,"25,800.00"
2019-06-03,2019060301007976,NCCB,13,34,500,258.00,"129,000.00"
2019-06-03,2019060301007974,NCCB,34,34,273,258.00,"70,434.00"
2019-06-03,2019060301007973,NCCB,34,58,727,258.00,"187,566.00"
2019-06-03,2019060301008287,NHPC,56,42,400,68.00,"27,200.00"
2019-06-03,2019060301008286,NHPC,38,42,100,69.00,"6,900.00"
2019-06-03,2019060301008401,NIB,45,42,44,534.00,"23,496.00"
2019-06-03,2019060301008115,NIB,42,39,141,532.00,"75,012.00"
2019-06-03,2019060301008114,NIB,59,39,10,532.00,"5,320.00"
2019-06-03,2019060301008113,NIB,29,39,100,533.00,"53,300.00"
2019-06-03,2019060301008112,NIB,51,39,100,533.00,"53,300.00"
2019-06-03,2019060301008111,NIB,48,39,466,533.00,"248,378.00"
2019-06-03,2019060301008043,NIB,48,40,34,533.00,"18,122.00"
2019-06-03,2019060301008393,NIBPO,32,4,100,505.00,"50,500.00"
2019-06-03,2019060301008301,NIBPO,40,19,100,505.00,"50,500.00"
2019-06-03,2019060301008020,NIBPO,40,49,100,505.00,"50,500.00"
2019-06-03,2019060301008019,NIBPO,44,49,100,505.00,"50,500.00"
2019-06-03,2019060301008311,NICA,4,10,510,468.00,"238,680.00"
2019-06-03,2019060301008270,NICA,22,10,20,468.00,"9,360.00"
2019-06-03,2019060301008268,NICA,45,10,100,468.00,"46,800.00"
2019-06-03,2019060301008262,NICA,14,10,30,468.00,"14,040.00"
2019-06-03,2019060301008222,NICA,53,19,"1,100",467.00,"513,700.00"
2019-06-03,2019060301008221,NICA,7,19,"1,000",468.00,"468,000.00"
2019-06-03,2019060301007961,NICA,7,46,790,468.00,"369,720.00"
2019-06-03,2019060301007959,NICA,53,40,300,467.00,"140,100.00"
2019-06-03,2019060301008220,NICA,17,19,500,468.00,"234,000.00"
2019-06-03,2019060301008219,NICA,28,19,600,468.00,"280,800.00"
2019-06-03,2019060301008218,NICA,28,49,200,468.00,"93,600.00"
2019-06-03,2019060301008177,NICA,57,17,150,469.00,"70,350.00"
2019-06-03,2019060301008082,NICA,28,17,200,468.00,"93,600.00"
2019-06-03,2019060301008040,NICA,26,46,210,468.00,"98,280.00"
2019-06-03,2019060301008344,NICL,43,21,10,386.00,"3,860.00"
2019-06-03,2019060301008324,NIL,25,43,85,507.00,"43,095.00"
2019-06-03,2019060301008323,NIL,51,43,15,507.00,"7,605.00"
2019-06-03,2019060301008272,NLBBL,26,41,100,516.00,"51,600.00"
2019-06-03,2019060301007963,NLBBL,26,43,90,515.00,"46,350.00"
2019-06-03,2019060301007962,NLBBL,26,38,20,514.00,"10,280.00"
2019-06-03,2019060301008156,NLG,49,47,217,801.00,"173,817.00"
2019-06-03,2019060301008155,NLG,49,47,48,801.00,"38,448.00"
2019-06-03,2019060301008154,NLG,16,47,50,802.00,"40,100.00"
2019-06-03,2019060301008339,NLIC,25,28,65,928.00,"60,320.00"
2019-06-03,2019060301008072,NLIC,32,42,117,927.00,"108,459.00"
2019-06-03,2019060301008071,NLIC,50,42,10,927.00,"9,270.00"
2019-06-03,2019060301008070,NLIC,43,42,150,927.00,"139,050.00"
2019-06-03,2019060301008069,NLIC,43,42,43,927.00,"39,861.00"
2019-06-03,2019060301008005,NLIC,6,28,25,928.00,"23,200.00"
2019-06-03,2019060301008370,NTC,43,56,10,715.00,"7,150.00"
2019-06-03,2019060301008075,NUBL,22,42,100,837.00,"83,700.00"
2019-06-03,2019060301008074,NUBL,22,46,100,837.00,"83,700.00"
2019-06-03,2019060301008196,OHL,42,50,40,629.00,"25,160.00"
2019-06-03,2019060301008195,OHL,43,50,20,629.00,"12,580.00"
2019-06-03,2019060301008046,PCBL,25,53,260,305.00,"79,300.00"
2019-06-03,2019060301007977,PCBL,21,53,200,305.00,"61,000.00"
2019-06-03,2019060301008004,PFL,32,18,34,137.00,"4,658.00"
2019-06-03,2019060301008396,PIC,1,38,144,"1,140.00","164,160.00"
2019-06-03,2019060301008385,PIC,1,52,30,"1,140.00","34,200.00"
2019-06-03,2019060301008328,PIC,1,28,26,"1,140.00","29,640.00"
2019-06-03,2019060301008312,PIC,6,1,150,"1,139.00","170,850.00"
2019-06-03,2019060301008266,PIC,6,38,272,"1,139.00","309,808.00"
2019-06-03,2019060301008246,PIC,40,38,28,"1,139.00","31,892.00"
2019-06-03,2019060301007956,PIC,57,6,152,"1,142.00","173,584.00"
2019-06-03,2019060301008076,PIC,49,28,15,"1,141.00","17,115.00"
2019-06-03,2019060301008052,PIC,49,28,460,"1,140.00","524,400.00"
2019-06-03,2019060301008051,PIC,26,28,20,"1,140.00","22,800.00"
2019-06-03,2019060301008050,PIC,57,28,20,"1,141.00","22,820.00"
2019-06-03,2019060301008045,PIC,28,6,31,"1,142.00","35,402.00"
2019-06-03,2019060301008044,PIC,28,6,19,"1,142.00","21,698.00"
2019-06-03,2019060301008223,PIC,47,28,89,"1,140.00","101,460.00"
2019-06-03,2019060301008192,PIC,42,28,100,"1,140.00","114,000.00"
2019-06-03,2019060301008080,PIC,28,28,10,"1,140.00","11,400.00"
2019-06-03,2019060301008079,PIC,28,28,50,"1,140.00","57,000.00"
2019-06-03,2019060301008078,PIC,47,28,20,"1,140.00","22,800.00"
2019-06-03,2019060301008077,PIC,49,28,40,"1,140.00","45,600.00"
2019-06-03,2019060301008444,PLIC,48,48,10,466.00,"4,660.00"
2019-06-03,2019060301008327,PRIN,13,14,46,403.00,"18,538.00"
2019-06-03,2019060301008326,PRIN,13,4,54,403.00,"21,762.00"
2019-06-03,2019060301008240,PRIN,42,4,50,403.00,"20,150.00"
2019-06-03,2019060301008028,PRIN,58,14,300,401.00,"120,300.00"
2019-06-03,2019060301008027,PRIN,5,14,50,401.00,"20,050.00"
2019-06-03,2019060301008026,PRIN,57,14,108,401.00,"43,308.00"
2019-06-03,2019060301007989,PRIN,25,32,100,402.00,"40,200.00"
2019-06-03,2019060301007988,PRIN,34,32,132,402.00,"53,064.00"
2019-06-03,2019060301008366,PRVU,34,32,230,276.00,"63,480.00"
2019-06-03,2019060301008158,PRVU,57,32,270,276.00,"74,520.00"
2019-06-03,2019060301008157,PRVU,57,49,230,276.00,"63,480.00"
2019-06-03,2019060301007995,PRVU,10,49,300,276.00,"82,800.00"
2019-06-03,2019060301007994,PRVU,10,45,200,276.00,"55,200.00"
2019-06-03,2019060301008081,RADHI,47,20,11,163.00,"1,793.00"
2019-06-03,2019060301008422,RBCL,21,42,10,"10,550.00","105,500.00"
2019-06-03,2019060301008097,RBCL,57,49,25,"10,650.00","266,250.00"
2019-06-03,2019060301008265,RLFL,33,16,100,140.00,"14,000.00"
2019-06-03,2019060301008264,RLFL,33,19,490,140.00,"68,600.00"
2019-06-03,2019060301008263,RLFL,33,1,100,140.00,"14,000.00"
2019-06-03,2019060301008054,RLFL,17,41,208,139.00,"28,912.00"
2019-06-03,2019060301008053,RLFL,17,6,800,139.00,"111,200.00"
2019-06-03,2019060301007997,RLFL,17,32,100,137.00,"13,700.00"
2019-06-03,2019060301007996,RLFL,17,16,100,137.00,"13,700.00"
2019-06-03,2019060301008305,RMDC,6,5,10,658.00,"6,580.00"
2019-06-03,2019060301008304,RMDC,6,52,17,657.00,"11,169.00"
2019-06-03,2019060301008303,RMDC,6,21,133,655.00,"87,115.00"
2019-06-03,2019060301008302,RMDC,6,6,110,653.00,"71,830.00"
2019-06-03,2019060301008343,RRHP,22,49,10,107.00,"1,070.00"
2019-06-03,2019060301008100,RRHP,22,28,10,107.00,"1,070.00"
2019-06-03,2019060301007971,RRHP,22,44,10,107.00,"1,070.00"
2019-06-03,2019060301008413,RSDC,17,6,200,380.00,"76,000.00"
2019-06-03,2019060301007981,RSDC,22,51,65,376.00,"24,440.00"
2019-06-03,2019060301007980,RSDC,22,51,200,376.00,"75,200.00"
2019-06-03,2019060301008400,SANIMA,14,57,18,354.00,"6,372.00"
2019-06-03,2019060301008283,SANIMA,28,49,310,353.00,"109,430.00"
2019-06-03,2019060301008213,SANIMA,28,50,615,353.00,"217,095.00"
2019-06-03,2019060301007954,SBL,47,46,30,334.00,"10,020.00"
2019-06-03,2019060301008419,SCB,3,22,50,684.00,"34,200.00"
2019-06-03,2019060301008375,SCB,22,22,100,684.00,"68,400.00"
2019-06-03,2019060301008259,SCB,45,22,100,684.00,"68,400.00"
2019-06-03,2019060301007968,SCB,3,56,67,683.00,"45,761.00"
2019-06-03,2019060301008135,SEF,35,33,"5,000",9.70,"48,500.00"
2019-06-03,2019060301008093,SEF,35,33,"10,000",9.70,"97,000.00"
2019-06-03,2019060301008089,SEF,43,33,"5,000",9.70,"48,500.00"
2019-06-03,2019060301008364,SHINE,6,57,100,255.00,"25,500.00"
2019-06-03,2019060301008340,SHINE,51,57,100,255.00,"25,500.00"
2019-06-03,2019060301008325,SHINE,6,49,100,253.00,"25,300.00"
2019-06-03,2019060301008310,SHINE,6,32,200,253.00,"50,600.00"
2019-06-03,2019060301008217,SHINE,6,29,214,253.00,"54,142.00"
2019-06-03,2019060301008216,SHINE,52,29,36,254.00,"9,144.00"
2019-06-03,2019060301008441,SHIVM,53,22,90,655.00,"58,950.00"
2019-06-03,2019060301008417,SHIVM,26,22,10,655.00,"6,550.00"
2019-06-03,2019060301008412,SHIVM,38,19,100,655.00,"65,500.00"
2019-06-03,2019060301008399,SHIVM,32,40,100,650.00,"65,000.00"
2019-06-03,2019060301008398,SHIVM,32,40,100,650.00,"65,000.00"
2019-06-03,2019060301008359,SHIVM,35,40,100,650.00,"65,000.00"
2019-06-03,2019060301007949,SHIVM,59,56,200,650.00,"130,000.00"
2019-06-03,2019060301007948,SHIVM,58,56,400,652.00,"260,800.00"
2019-06-03,2019060301007998,SHIVM,47,22,100,651.00,"65,100.00"
2019-06-03,2019060301007990,SHIVM,21,46,10,652.00,"6,520.00"
2019-06-03,2019060301007979,SHIVM,50,46,200,652.00,"130,400.00"
2019-06-03,2019060301007958,SHIVM,58,46,20,652.00,"13,040.00"
2019-06-03,2019060301007951,SHIVM,29,56,250,650.00,"162,500.00"
2019-06-03,2019060301007950,SHIVM,57,56,100,650.00,"65,000.00"
2019-06-03,2019060301008083,SHIVM,42,49,100,651.00,"65,100.00"
2019-06-03,2019060301008003,SHIVM,19,22,50,650.00,"32,500.00"
2019-06-03,2019060301008002,SHIVM,35,22,100,650.00,"65,000.00"
2019-06-03,2019060301008001,SHIVM,28,22,200,650.00,"130,000.00"
2019-06-03,2019060301008000,SHIVM,50,22,100,650.00,"65,000.00"
2019-06-03,2019060301007999,SHIVM,29,22,50,650.00,"32,500.00"
2019-06-03,2019060301008208,SHIVM,34,45,400,652.00,"260,800.00"
2019-06-03,2019060301008184,SHIVM,34,22,20,652.00,"13,040.00"
2019-06-03,2019060301008183,SHIVM,58,22,30,652.00,"19,560.00"
2019-06-03,2019060301008099,SHIVM,58,56,500,652.00,"326,000.00"
2019-06-03,2019060301008096,SHIVM,58,56,300,652.00,"195,600.00"
2019-06-03,2019060301008095,SHIVM,58,46,170,652.00,"110,840.00"
2019-06-03,2019060301008346,SHIVM,38,40,70,652.00,"45,640.00"
2019-06-03,2019060301008345,SHIVM,45,40,50,653.00,"32,650.00"
2019-06-03,2019060301008212,SHIVM,38,40,50,652.00,"32,600.00"
2019-06-03,2019060301008211,SHIVM,58,40,50,652.00,"32,600.00"
2019-06-03,2019060301008210,SHIVM,44,40,50,652.00,"32,600.00"
2019-06-03,2019060301008209,SHIVM,34,40,50,652.00,"32,600.00"
2019-06-03,2019060301008352,SHIVM,48,40,100,651.00,"65,100.00"
2019-06-03,2019060301008351,SHIVM,32,40,200,652.00,"130,400.00"
2019-06-03,2019060301008350,SHIVM,10,40,100,652.00,"65,200.00"
2019-06-03,2019060301008349,SHIVM,25,40,100,652.00,"65,200.00"
2019-06-03,2019060301008348,SHIVM,37,40,50,652.00,"32,600.00"
2019-06-03,2019060301008347,SHIVM,28,40,10,652.00,"6,520.00"
2019-06-03,2019060301008358,SHIVM,19,40,450,650.00,"292,500.00"
2019-06-03,2019060301008357,SHIVM,48,40,500,651.00,"325,500.00"
2019-06-03,2019060301008356,SHIVM,41,40,20,651.00,"13,020.00"
2019-06-03,2019060301008355,SHIVM,39,40,100,651.00,"65,100.00"
2019-06-03,2019060301008354,SHIVM,58,40,545,651.00,"354,795.00"
2019-06-03,2019060301008353,SHIVM,44,40,100,651.00,"65,100.00"
2019-06-03,2019060301008322,SHL,58,29,400,237.00,"94,800.00"
2019-06-03,2019060301008321,SHL,7,29,100,237.00,"23,700.00"
2019-06-03,2019060301008315,SHPC,45,49,"1,000",260.00,"260,000.00"
2019-06-03,2019060301007969,SHPC,56,49,900,260.00,"234,000.00"
2019-06-03,2019060301008282,SIC,47,39,50,"1,375.00","68,750.00"
2019-06-03,2019060301008361,SICL,49,58,20,840.00,"16,800.00"
2019-06-03,2019060301008360,SICL,29,58,30,840.00,"25,200.00"
2019-06-03,2019060301008105,SICL,28,42,100,840.00,"84,000.00"
2019-06-03,2019060301008025,SICL,28,1,95,840.00,"79,800.00"
2019-06-03,2019060301008024,SICL,26,1,105,841.00,"88,305.00"
2019-06-03,2019060301007955,SICL,6,42,11,842.00,"9,262.00"
2019-06-03,2019060301008320,SIL,48,28,100,575.00,"57,500.00"
2019-06-03,2019060301008319,SIL,21,28,100,575.00,"57,500.00"
2019-06-03,2019060301008318,SIL,10,28,200,575.00,"115,000.00"
2019-06-03,2019060301008317,SIL,44,28,50,576.00,"28,800.00"
2019-06-03,2019060301008316,SIL,49,28,10,577.00,"5,770.00"
2019-06-03,2019060301008060,SIL,44,56,51,580.00,"29,580.00"
2019-06-03,2019060301008394,SKBBL,7,4,19,979.00,"18,601.00"
2019-06-03,2019060301008386,SKBBL,57,4,10,979.00,"9,790.00"
2019-06-03,2019060301007986,SKBBL,14,42,100,973.00,"97,300.00"
2019-06-03,2019060301007985,SKBBL,14,42,20,975.00,"19,500.00"
2019-06-03,2019060301007984,SKBBL,6,42,15,976.00,"14,640.00"
2019-06-03,2019060301008376,SLBBL,57,45,40,478.00,"19,120.00"
2019-06-03,2019060301008029,SLBBL,13,45,50,478.00,"23,900.00"
2019-06-03,2019060301008313,SLBSL,17,17,10,580.00,"5,800.00"
2019-06-03,2019060301008369,SLICL,55,49,70,577.00,"40,390.00"
2019-06-03,2019060301008368,SLICL,55,49,30,577.00,"17,310.00"
2019-06-03,2019060301008362,SLICL,56,17,15,580.00,"8,700.00"
2019-06-03,2019060301008088,SLICL,14,17,13,580.00,"7,540.00"
2019-06-03,2019060301008087,SLICL,14,50,27,580.00,"15,660.00"
2019-06-03,2019060301007972,SLICL,39,50,12,580.00,"6,960.00"
2019-06-03,2019060301008434,SMATA,41,1,10,"1,282.00","12,820.00"
2019-06-03,2019060301008138,SMB,47,57,10,467.00,"4,670.00"
2019-06-03,2019060301008215,SMFDB,45,28,100,556.00,"55,600.00"
2019-06-03,2019060301008367,SPARS,45,56,10,520.00,"5,200.00"
2019-06-03,2019060301008136,SPARS,57,35,10,522.00,"5,220.00"
2019-06-03,2019060301008427,SRBL,57,42,469,253.00,"118,657.00"
2019-06-03,2019060301008426,SRBL,49,42,100,254.00,"25,400.00"
2019-06-03,2019060301008425,SRBL,52,42,100,254.00,"25,400.00"
2019-06-03,2019060301008424,SRBL,52,42,100,254.00,"25,400.00"
2019-06-03,2019060301008423,SRBL,25,42,231,254.00,"58,674.00"
2019-06-03,2019060301008418,SRBL,33,43,500,255.00,"127,500.00"
2019-06-03,2019060301008279,SRBL,25,6,769,254.00,"195,326.00"
2019-06-03,2019060301008278,SRBL,43,6,282,254.00,"71,628.00"
2019-06-03,2019060301008261,SWBBL,44,14,100,890.00,"89,000.00"
2019-06-03,2019060301008260,SWBBL,44,55,25,890.00,"22,250.00"
2019-06-03,2019060301008207,SWBBL,20,55,20,890.00,"17,800.00"
2019-06-03,2019060301008390,TRH,42,39,20,301.00,"6,020.00"
2019-06-03,2019060301008389,TRH,42,3,500,300.00,"150,000.00"
2019-06-03,2019060301008388,TRH,42,3,20,300.00,"6,000.00"
2019-06-03,2019060301008387,TRH,42,3,10,300.00,"3,000.00"
2019-06-03,2019060301008227,TRH,32,3,10,300.00,"3,000.00"
2019-06-03,2019060301008226,TRH,32,14,240,299.00,"71,760.00"
2019-06-03,2019060301008068,TRH,25,14,50,299.00,"14,950.00"
2019-06-03,2019060301007978,TRH,49,14,10,299.00,"2,990.00"
2019-06-03,2019060301008065,UIC,49,40,100,985.00,"98,500.00"
2019-06-03,2019060301008338,UPCL,33,59,200,97.00,"19,400.00"
2019-06-03,2019060301008288,UPCL,49,58,500,96.00,"48,000.00"
2019-06-03,2019060301007967,UPCL,49,59,290,97.00,"28,130.00"
2019-06-03,2019060301007966,UPCL,49,41,50,97.00,"4,850.00"
2019-06-03,2019060301007965,UPCL,49,44,150,97.00,"14,550.00"
2019-06-03,2019060301008445,UPPER,19,19,50,279.00,"13,950.00"
2019-06-03,2019060301008430,UPPER,52,8,470,278.00,"130,660.00"
2019-06-03,2019060301008429,UPPER,41,8,20,278.00,"5,560.00"
2019-06-03,2019060301008428,UPPER,50,8,30,279.00,"8,370.00"
2019-06-03,2019060301008409,UPPER,34,58,50,281.00,"14,050.00"
2019-06-03,2019060301008007,UPPER,22,8,381,277.00,"105,537.00"
2019-06-03,2019060301008006,UPPER,42,8,200,278.00,"55,600.00"
2019-06-03,2019060301008022,UPPER,42,8,250,277.00,"69,250.00"
2019-06-03,2019060301008011,UPPER,32,8,300,277.00,"83,100.00"
2019-06-03,2019060301008010,UPPER,32,8,200,277.00,"55,400.00"
2019-06-03,2019060301008009,UPPER,39,8,50,277.00,"13,850.00"
2019-06-03,2019060301008008,UPPER,39,8,"1,000",277.00,"277,000.00"
2019-06-03,2019060301008101,UPPER,1,1,40,277.00,"11,080.00"
2019-06-03,2019060301008085,UPPER,59,57,243,276.00,"67,068.00"
2019-06-03,2019060301008084,UPPER,34,57,50,277.00,"13,850.00"
2019-06-03,2019060301008061,UPPER,34,45,450,277.00,"124,650.00"
2019-06-03,2019060301008041,UPPER,59,8,419,276.00,"115,644.00"
2019-06-03,2019060301008031,UPPER,59,29,240,276.00,"66,240.00"
2019-06-03,2019060301008162,UPPER,33,29,40,280.00,"11,200.00"
2019-06-03,2019060301008161,UPPER,33,29,40,280.00,"11,200.00"
2019-06-03,2019060301008160,UPPER,33,37,40,280.00,"11,200.00"
2019-06-03,2019060301008159,UPPER,33,28,950,280.00,"266,000.00"
2019-06-03,2019060301008107,UPPER,59,39,25,277.00,"6,925.00"
2019-06-03,2019060301008106,UPPER,1,39,25,277.00,"6,925.00"
2019-06-03,2019060301008168,UPPER,33,26,90,281.00,"25,290.00"
2019-06-03,2019060301008167,UPPER,33,56,350,281.00,"98,350.00"
2019-06-03,2019060301008166,UPPER,33,6,800,281.00,"224,800.00"
2019-06-03,2019060301008165,UPPER,33,1,"1,000",281.00,"281,000.00"
2019-06-03,2019060301008164,UPPER,33,32,50,280.00,"14,000.00"
2019-06-03,2019060301008163,UPPER,33,14,100,280.00,"28,000.00"
2019-06-03,2019060301008280,UPPER,41,22,40,278.00,"11,120.00"
2019-06-03,2019060301008214,UPPER,6,22,100,277.00,"27,700.00"
2019-06-03,2019060301008193,UPPER,17,17,50,278.00,"13,900.00"
2019-06-03,2019060301008181,UPPER,6,57,72,277.00,"19,944.00"
2019-06-03,2019060301008180,UPPER,59,57,25,277.00,"6,925.00"
2019-06-03,2019060301008169,UPPER,33,1,90,281.00,"25,290.00"
2019-06-03,2019060301007941,ADBL,42,57,10,416.00,"4,160.00"
2019-06-03,2019060301007867,ADBL,59,58,100,415.00,"41,500.00"
2019-06-03,2019060301007866,ADBL,59,58,100,415.00,"41,500.00"
2019-06-03,2019060301007865,ADBL,45,58,"1,000",415.00,"415,000.00"
2019-06-03,2019060301007860,ADBL,46,49,100,417.00,"41,700.00"
2019-06-03,2019060301007485,ADBL,20,58,100,415.00,"41,500.00"
2019-06-03,2019060301007472,ADBL,54,58,462,416.00,"192,192.00"
2019-06-03,2019060301007448,ADBL,54,21,38,416.00,"15,808.00"
2019-06-03,2019060301007478,ADBL,57,58,50,415.00,"20,750.00"
2019-06-03,2019060301007477,ADBL,22,58,500,415.00,"207,500.00"
2019-06-03,2019060301007476,ADBL,35,58,200,415.00,"83,000.00"
2019-06-03,2019060301007475,ADBL,29,58,250,415.00,"103,750.00"
2019-06-03,2019060301007474,ADBL,59,58,720,415.00,"298,800.00"
2019-06-03,2019060301007473,ADBL,57,58,100,416.00,"41,600.00"
2019-06-03,2019060301007484,ADBL,25,58,"2,000",415.00,"830,000.00"
2019-06-03,2019060301007483,ADBL,35,58,"1,500",415.00,"622,500.00"
2019-06-03,2019060301007482,ADBL,35,58,14,415.00,"5,810.00"
2019-06-03,2019060301007481,ADBL,50,58,100,415.00,"41,500.00"
2019-06-03,2019060301007480,ADBL,54,58,500,415.00,"207,500.00"
2019-06-03,2019060301007479,ADBL,47,58,500,415.00,"207,500.00"
2019-06-03,2019060301007825,AHPC,55,43,562,108.00,"60,696.00"
2019-06-03,2019060301007824,AHPC,13,43,"1,000",108.00,"108,000.00"
2019-06-03,2019060301007823,AHPC,28,43,470,108.00,"50,760.00"
2019-06-03,2019060301007822,AHPC,56,43,150,108.00,"16,200.00"
2019-06-03,2019060301007821,AHPC,52,43,155,108.00,"16,740.00"
2019-06-03,2019060301007820,AHPC,32,43,563,109.00,"61,367.00"
2019-06-03,2019060301007760,AHPC,32,43,737,109.00,"80,333.00"
2019-06-03,2019060301007759,AHPC,14,43,63,109.00,"6,867.00"
2019-06-03,2019060301007662,AKJCL,40,13,10,77.00,770.00
2019-06-03,2019060301007675,AKPL,52,4,50,187.00,"9,350.00"
2019-06-03,2019060301007674,AKPL,58,4,961,187.00,"179,707.00"
2019-06-03,2019060301007673,AKPL,6,4,980,189.00,"185,220.00"
2019-06-03,2019060301007893,ALBSL,42,56,10,432.00,"4,320.00"
2019-06-03,2019060301007781,ALBSL,42,58,10,432.00,"4,320.00"
2019-06-03,2019060301007550,ALBSL,42,56,10,432.00,"4,320.00"
2019-06-03,2019060301007727,ALICL,38,52,40,405.00,"16,200.00"
2019-06-03,2019060301007701,ALICL,38,50,100,405.00,"40,500.00"
2019-06-03,2019060301007646,ALICL,16,52,226,404.00,"91,304.00"
2019-06-03,2019060301007645,ALICL,51,52,325,405.00,"131,625.00"
2019-06-03,2019060301007638,ALICL,51,45,25,405.00,"10,125.00"
2019-06-03,2019060301007576,AMFI,45,48,50,526.00,"26,300.00"
2019-06-03,2019060301007833,API,25,45,50,154.00,"7,700.00"
2019-06-03,2019060301007710,API,29,25,92,152.00,"13,984.00"
2019-06-03,2019060301007709,API,34,25,433,152.00,"65,816.00"
2019-06-03,2019060301007688,BFC,39,42,200,101.00,"20,200.00"
2019-06-03,2019060301007687,BFC,39,42,200,101.00,"20,200.00"
2019-06-03,2019060301007686,BFC,14,42,200,101.00,"20,200.00"
2019-06-03,2019060301007685,BFC,17,42,100,101.00,"10,100.00"
2019-06-03,2019060301007684,BFC,10,42,123,102.00,"12,546.00"
2019-06-03,2019060301007847,BOKL,52,59,290,271.00,"78,590.00"
2019-06-03,2019060301007500,BOKL,17,59,100,271.00,"27,100.00"
2019-06-03,2019060301007641,BPCL,45,21,333,412.00,"137,196.00"
2019-06-03,2019060301007522,BPCL,46,1,65,412.00,"26,780.00"
2019-06-03,2019060301007510,BPCL,5,1,485,412.00,"199,820.00"
2019-06-03,2019060301007755,CBBL,33,1,90,944.00,"84,960.00"
2019-06-03,2019060301007754,CBBL,13,1,10,945.00,"9,450.00"
2019-06-03,2019060301007728,CBBL,13,49,50,945.00,"47,250.00"
2019-06-03,2019060301007719,CBBL,33,25,280,947.00,"265,160.00"
2019-06-03,2019060301007577,CBBL,50,26,300,945.00,"283,500.00"
2019-06-03,2019060301007915,CBL,43,39,55,146.00,"8,030.00"
2019-06-03,2019060301007914,CBL,35,39,300,146.00,"43,800.00"
2019-06-03,2019060301007913,CBL,50,39,55,146.00,"8,030.00"
2019-06-03,2019060301007624,CBL,50,1,245,146.00,"35,770.00"
2019-06-03,2019060301007623,CBL,29,1,105,146.00,"15,330.00"
2019-06-03,2019060301007508,CBL,42,17,500,147.00,"73,500.00"
2019-06-03,2019060301007495,CBL,55,17,500,147.00,"73,500.00"
2019-06-03,2019060301007739,CCBL,39,33,582,165.00,"96,030.00"
2019-06-03,2019060301007738,CCBL,29,33,500,165.00,"82,500.00"
2019-06-03,2019060301007737,CCBL,45,33,500,165.00,"82,500.00"
2019-06-03,2019060301007736,CCBL,53,33,200,165.00,"33,000.00"
2019-06-03,2019060301007735,CCBL,7,33,"1,000",165.00,"165,000.00"
2019-06-03,2019060301007734,CCBL,55,33,100,165.00,"16,500.00"
2019-06-03,2019060301007733,CCBL,37,33,"1,990",165.00,"328,350.00"
2019-06-03,2019060301007452,CHCL,1,33,75,521.00,"39,075.00"
2019-06-03,2019060301007916,CHLBS,14,25,10,450.00,"4,500.00"
2019-06-03,2019060301007878,CHLBS,14,28,10,445.00,"4,450.00"
2019-06-03,2019060301007877,CHLBS,14,57,10,445.00,"4,450.00"
2019-06-03,2019060301007876,CHLBS,14,41,10,445.00,"4,450.00"
2019-06-03,2019060301007875,CHLBS,14,59,10,445.00,"4,450.00"
2019-06-03,2019060301007874,CHLBS,14,22,10,444.00,"4,440.00"
2019-06-03,2019060301007873,CHLBS,14,52,10,443.00,"4,430.00"
2019-06-03,2019060301007872,CHLBS,14,6,10,442.00,"4,420.00"
2019-06-03,2019060301007871,CHLBS,14,35,200,441.00,"88,200.00"
2019-06-03,2019060301007870,CHLBS,14,56,50,440.00,"22,000.00"
2019-06-03,2019060301007869,CHLBS,14,38,176,440.00,"77,440.00"
2019-06-03,2019060301007758,CHLBS,20,38,10,437.00,"4,370.00"
2019-06-03,2019060301007800,CIT,49,42,15,"2,568.00","38,520.00"
2019-06-03,2019060301007799,CIT,16,42,50,"2,569.00","128,450.00"
2019-06-03,2019060301007798,CIT,51,42,25,"2,569.00","64,225.00"
2019-06-03,2019060301007797,CIT,19,42,10,"2,570.00","25,700.00"
2019-06-03,2019060301007917,DBBL,40,52,200,146.00,"29,200.00"
2019-06-03,2019060301007812,EBL,44,42,30,667.00,"20,010.00"
2019-06-03,2019060301007858,EIC,47,26,30,406.00,"12,180.00"
2019-06-03,2019060301007857,EIC,48,26,10,415.00,"4,150.00"
2019-06-03,2019060301007523,EIC,48,7,25,414.00,"10,350.00"
2019-06-03,2019060301007745,FOWAD,22,55,10,"1,450.00","14,500.00"
2019-06-03,2019060301007744,FOWAD,42,55,46,"1,450.00","66,700.00"
2019-06-03,2019060301007657,FOWAD,42,55,454,"1,450.00","658,300.00"
2019-06-03,2019060301007656,FOWAD,19,55,100,"1,450.00","145,000.00"
2019-06-03,2019060301007655,FOWAD,34,55,50,"1,450.00","72,500.00"
2019-06-03,2019060301007654,FOWAD,13,55,200,"1,451.00","290,200.00"
2019-06-03,2019060301007653,FOWAD,39,55,10,"1,451.00","14,510.00"
2019-06-03,2019060301007652,FOWAD,25,55,100,"1,451.00","145,100.00"
2019-06-03,2019060301007651,FOWAD,34,55,11,"1,451.00","15,961.00"
2019-06-03,2019060301007650,FOWAD,25,55,50,"1,452.00","72,600.00"
2019-06-03,2019060301007649,FOWAD,49,55,25,"1,455.00","36,375.00"
2019-06-03,2019060301007469,FOWAD,49,52,75,"1,455.00","109,125.00"
2019-06-03,2019060301007845,GBBL,4,52,233,224.00,"52,192.00"
2019-06-03,2019060301007784,GBBL,4,16,150,224.00,"33,600.00"
2019-06-03,2019060301007746,GBBL,14,37,400,224.00,"89,600.00"
2019-06-03,2019060301007708,GBBL,14,25,100,224.00,"22,400.00"
2019-06-03,2019060301007707,GBBL,17,25,900,224.00,"201,600.00"
2019-06-03,2019060301007499,GBBL,17,25,100,224.00,"22,400.00"
2019-06-03,2019060301007775,GBIME,39,42,70,303.00,"21,210.00"
2019-06-03,2019060301007690,GBIME,39,44,26,303.00,"7,878.00"
2019-06-03,2019060301007637,GBIME,16,44,569,304.00,"172,976.00"
2019-06-03,2019060301007566,GBIME,16,32,431,304.00,"131,024.00"
2019-06-03,2019060301007565,GBIME,17,32,"2,000",304.00,"608,000.00"
2019-06-03,2019060301007564,GBIME,41,32,569,304.00,"172,976.00"
2019-06-03,2019060301007572,GLBSL,4,29,10,292.00,"2,920.00"
2019-06-03,2019060301007621,HBL,26,4,110,573.00,"63,030.00"
2019-06-03,2019060301007757,HDL,56,56,20,"1,650.00","33,000.00"
2019-06-03,2019060301007648,HIDCL,19,36,100,164.00,"16,400.00"
2019-06-03,2019060301007774,HPPL,37,11,480,182.00,"87,360.00"
2019-06-03,2019060301007518,HPPL,37,18,20,182.00,"3,640.00"
2019-06-03,2019060301007889,HURJA,40,18,20,145.00,"2,900.00"
2019-06-03,2019060301007802,HURJA,40,59,320,145.00,"46,400.00"
2019-06-03,2019060301007801,HURJA,41,59,250,145.00,"36,250.00"
2019-06-03,2019060301007764,HURJA,42,59,100,146.00,"14,600.00"
2019-06-03,2019060301007763,HURJA,45,59,50,146.00,"7,300.00"
2019-06-03,2019060301007762,HURJA,45,59,50,146.00,"7,300.00"
2019-06-03,2019060301007761,HURJA,45,59,30,146.00,"4,380.00"
2019-06-03,2019060301007689,HURJA,42,37,10,148.00,"1,480.00"
2019-06-03,2019060301007666,HURJA,42,10,20,148.00,"2,960.00"
2019-06-03,2019060301007680,IGI,45,1,80,385.00,"30,800.00"
2019-06-03,2019060301007679,IGI,52,1,20,386.00,"7,720.00"
2019-06-03,2019060301007811,JBBL,49,58,641,153.00,"98,073.00"
2019-06-03,2019060301007815,JBNL,38,34,250,206.00,"51,500.00"
2019-06-03,2019060301007814,JBNL,3,34,200,206.00,"41,200.00"
2019-06-03,2019060301007813,JBNL,48,34,50,206.00,"10,300.00"
2019-06-03,2019060301007730,JFL,21,28,100,176.00,"17,600.00"
2019-06-03,2019060301007729,JFL,42,28,10,176.00,"1,760.00"
2019-06-03,2019060301007574,JSLBB,29,39,20,"2,020.00","40,400.00"
2019-06-03,2019060301007573,JSLBB,40,39,12,"2,021.00","24,252.00"
2019-06-03,2019060301007549,JSLBB,40,40,12,"2,021.00","24,252.00"
2019-06-03,2019060301007548,JSLBB,7,57,10,"2,030.00","20,300.00"
2019-06-03,2019060301007795,KBBL,34,47,69,233.00,"16,077.00"
2019-06-03,2019060301007794,KBBL,8,47,31,234.00,"7,254.00"
2019-06-03,2019060301007725,KBBL,8,47,80,234.00,"18,720.00"
2019-06-03,2019060301007683,KBBL,34,47,50,233.00,"11,650.00"
2019-06-03,2019060301007658,KBBL,34,47,310,233.00,"72,230.00"
2019-06-03,2019060301007611,KBBL,34,47,158,233.00,"36,814.00"
2019-06-03,2019060301007610,KBBL,14,47,201,233.00,"46,833.00"
2019-06-03,2019060301007513,KBBL,14,47,50,233.00,"11,650.00"
2019-06-03,2019060301007496,KBBL,14,47,50,233.00,"11,650.00"
2019-06-03,2019060301007459,KBBL,14,47,43,233.00,"10,019.00"
2019-06-03,2019060301007816,KBL,1,18,100,216.00,"21,600.00"
2019-06-03,2019060301007772,KNBL,58,47,"2,157",186.00,"401,202.00"
2019-06-03,2019060301007724,KNBL,45,47,500,186.00,"93,000.00"
2019-06-03,2019060301007567,KNBL,52,47,500,186.00,"93,000.00"
2019-06-03,2019060301007487,KNBL,17,50,500,186.00,"93,000.00"
2019-06-03,2019060301007622,KSBBL,56,7,500,158.00,"79,000.00"
2019-06-03,2019060301007920,LBBL,58,57,300,200.00,"60,000.00"
2019-06-03,2019060301007919,LBBL,48,57,200,200.00,"40,000.00"
2019-06-03,2019060301007691,LBBL,48,45,100,200.00,"20,000.00"
2019-06-03,2019060301007788,LBL,32,44,300,220.00,"66,000.00"
2019-06-03,2019060301007787,LBL,32,44,300,220.00,"66,000.00"
2019-06-03,2019060301007786,LBL,42,44,"1,900",220.00,"418,000.00"
2019-06-03,2019060301007537,LBL,50,16,297,220.00,"65,340.00"
2019-06-03,2019060301007536,LBL,29,16,100,220.00,"22,000.00"
2019-06-03,2019060301007529,LBL,43,16,"1,000",220.00,"220,000.00"
2019-06-03,2019060301007528,LBL,57,16,"1,000",220.00,"220,000.00"
2019-06-03,2019060301007527,LBL,57,16,"1,000",220.00,"220,000.00"
2019-06-03,2019060301007526,LBL,59,16,38,220.00,"8,360.00"
2019-06-03,2019060301007451,LBL,59,56,21,220.00,"4,620.00"
2019-06-03,2019060301007535,LBL,7,16,100,220.00,"22,000.00"
2019-06-03,2019060301007534,LBL,54,16,500,220.00,"110,000.00"
2019-06-03,2019060301007533,LBL,52,16,500,220.00,"110,000.00"
2019-06-03,2019060301007532,LBL,55,16,500,220.00,"110,000.00"
2019-06-03,2019060301007531,LBL,22,16,500,220.00,"110,000.00"
2019-06-03,2019060301007530,LBL,37,16,700,220.00,"154,000.00"
2019-06-03,2019060301007711,LLBS,51,22,50,750.00,"37,500.00"
2019-06-03,2019060301007698,MBL,13,43,444,265.00,"117,660.00"
2019-06-03,2019060301007697,MBL,14,43,150,266.00,"39,900.00"
2019-06-03,2019060301007696,MBL,25,43,200,266.00,"53,200.00"
2019-06-03,2019060301007695,MBL,25,43,207,266.00,"55,062.00"
2019-06-03,2019060301007547,MBL,25,43,793,266.00,"210,938.00"
2019-06-03,2019060301007546,MBL,39,43,50,266.00,"13,300.00"
2019-06-03,2019060301007539,MBL,32,43,300,267.00,"80,100.00"
2019-06-03,2019060301007545,MBL,11,43,100,266.00,"26,600.00"
2019-06-03,2019060301007544,MBL,26,43,100,266.00,"26,600.00"
2019-06-03,2019060301007543,MBL,3,43,500,266.00,"133,000.00"
2019-06-03,2019060301007542,MBL,34,43,500,266.00,"133,000.00"
2019-06-03,2019060301007541,MBL,29,43,50,266.00,"13,300.00"
2019-06-03,2019060301007540,MBL,43,43,500,267.00,"133,500.00"
2019-06-03,2019060301007946,MEGA,38,52,100,202.00,"20,200.00"
2019-06-03,2019060301007783,MEGA,17,52,50,202.00,"10,100.00"
2019-06-03,2019060301007753,MEGA,1,1,100,201.00,"20,100.00"
2019-06-03,2019060301007618,MEGA,19,52,32,202.00,"6,464.00"
2019-06-03,2019060301007617,MEGA,19,6,110,202.00,"22,220.00"
2019-06-03,2019060301007616,MEGA,19,55,58,202.00,"11,716.00"
2019-06-03,2019060301007947,MHNL,36,16,40,104.00,"4,160.00"
2019-06-03,2019060301007918,MLBL,59,36,"2,244",196.00,"439,824.00"
2019-06-03,2019060301007807,MLBL,22,36,300,196.00,"58,800.00"
2019-06-03,2019060301007700,MLBL,33,25,380,194.00,"73,720.00"
2019-06-03,2019060301007699,MLBL,57,25,20,194.00,"3,880.00"
2019-06-03,2019060301007494,MLBL,51,36,10,196.00,"1,960.00"
2019-06-03,2019060301007538,MSLB,47,32,26,"1,000.00","26,000.00"
2019-06-03,2019060301007706,NABIL,1,34,200,830.00,"166,000.00"
2019-06-03,2019060301007844,NABILP,14,33,50,806.00,"40,300.00"
2019-06-03,2019060301007843,NABILP,26,33,180,806.00,"145,080.00"
2019-06-03,2019060301007842,NABILP,8,33,50,807.00,"40,350.00"
2019-06-03,2019060301007841,NABILP,50,33,259,807.00,"209,013.00"
2019-06-03,2019060301007769,NBB,28,1,29,223.00,"6,467.00"
2019-06-03,2019060301007768,NBB,38,1,16,223.00,"3,568.00"
2019-06-03,2019060301007767,NBB,26,1,50,224.00,"11,200.00"
2019-06-03,2019060301007930,NBL,25,28,122,330.00,"40,260.00"
2019-06-03,2019060301007929,NBL,42,28,50,330.00,"16,500.00"
2019-06-03,2019060301007928,NBL,56,28,828,330.00,"273,240.00"
2019-06-03,2019060301007892,NBL,56,28,172,330.00,"56,760.00"
2019-06-03,2019060301007891,NBL,37,28,328,330.00,"108,240.00"
2019-06-03,2019060301007846,NBL,37,28,200,330.00,"66,000.00"
2019-06-03,2019060301007552,NBL,57,34,"1,000",330.00,"330,000.00"
2019-06-03,2019060301007551,NBL,28,34,28,330.00,"9,240.00"
2019-06-03,2019060301007512,NBL,28,32,100,330.00,"33,000.00"
2019-06-03,2019060301007492,NBL,28,32,50,330.00,"16,500.00"
2019-06-03,2019060301007460,NBL,28,57,200,330.00,"66,000.00"
2019-06-03,2019060301007558,NBL,34,34,100,330.00,"33,000.00"
2019-06-03,2019060301007557,NBL,5,34,100,330.00,"33,000.00"
2019-06-03,2019060301007556,NBL,5,34,"1,000",330.00,"330,000.00"
2019-06-03,2019060301007555,NBL,5,34,"1,000",330.00,"330,000.00"
2019-06-03,2019060301007554,NBL,42,34,100,330.00,"33,000.00"
2019-06-03,2019060301007553,NBL,29,34,50,330.00,"16,500.00"
2019-06-03,2019060301007793,NBL,46,34,100,331.00,"33,100.00"
2019-06-03,2019060301007563,NBL,37,34,472,330.00,"155,760.00"
2019-06-03,2019060301007562,NBL,35,34,200,330.00,"66,000.00"
2019-06-03,2019060301007561,NBL,26,34,400,330.00,"132,000.00"
2019-06-03,2019060301007560,NBL,32,34,500,330.00,"165,000.00"
2019-06-03,2019060301007559,NBL,3,34,50,330.00,"16,500.00"
2019-06-03,2019060301007945,NCCB,25,58,98,258.00,"25,284.00"
2019-06-03,2019060301007890,NCCB,17,58,500,258.00,"129,000.00"
2019-06-03,2019060301007806,NCCB,41,1,125,257.00,"32,125.00"
2019-06-03,2019060301007805,NCCB,1,1,205,257.00,"52,685.00"
2019-06-03,2019060301007796,NCCB,25,58,500,258.00,"129,000.00"
2019-06-03,2019060301007732,NCCB,51,58,275,258.00,"70,950.00"
2019-06-03,2019060301007627,NCCB,16,58,"1,500",258.00,"387,000.00"
2019-06-03,2019060301007626,NCCB,28,58,200,258.00,"51,600.00"
2019-06-03,2019060301007625,NCCB,56,58,453,258.00,"116,874.00"
2019-06-03,2019060301007450,NCCB,56,34,200,258.00,"51,600.00"
2019-06-03,2019060301007633,NCCB,50,58,300,258.00,"77,400.00"
2019-06-03,2019060301007632,NCCB,35,58,100,258.00,"25,800.00"
2019-06-03,2019060301007631,NCCB,58,58,100,258.00,"25,800.00"
2019-06-03,2019060301007630,NCCB,44,58,200,258.00,"51,600.00"
2019-06-03,2019060301007629,NCCB,56,58,"1,000",258.00,"258,000.00"
2019-06-03,2019060301007628,NCCB,16,58,500,258.00,"129,000.00"
2019-06-03,2019060301007731,NCCB,51,13,25,258.00,"6,450.00"
2019-06-03,2019060301007694,NCCB,1,1,200,257.00,"51,400.00"
2019-06-03,2019060301007693,NCCB,3,1,500,257.00,"128,500.00"
2019-06-03,2019060301007692,NCCB,8,1,300,257.00,"77,100.00"
2019-06-03,2019060301007635,NCCB,49,58,200,258.00,"51,600.00"
2019-06-03,2019060301007634,NCCB,34,58,300,258.00,"77,400.00"
2019-06-03,2019060301007506,NIB,59,40,190,532.00,"101,080.00"
2019-06-03,2019060301007505,NIB,26,40,70,532.00,"37,240.00"
2019-06-03,2019060301007504,NIB,19,40,200,533.00,"106,600.00"
2019-06-03,2019060301007503,NIB,1,40,100,533.00,"53,300.00"
2019-06-03,2019060301007502,NIB,42,40,40,533.00,"21,320.00"
2019-06-03,2019060301007809,NICA,53,45,500,467.00,"233,500.00"
2019-06-03,2019060301007779,NICA,55,10,790,468.00,"369,720.00"
2019-06-03,2019060301007722,NICA,53,50,621,467.00,"290,007.00"
2019-06-03,2019060301007721,NICA,6,50,379,467.00,"176,993.00"
2019-06-03,2019060301007644,NICA,49,10,10,468.00,"4,680.00"
2019-06-03,2019060301007643,NICA,29,10,150,468.00,"70,200.00"
2019-06-03,2019060301007642,NICA,18,10,50,468.00,"23,400.00"
2019-06-03,2019060301007615,NICA,18,36,250,468.00,"117,000.00"
2019-06-03,2019060301007614,NICA,52,36,250,468.00,"117,000.00"
2019-06-03,2019060301007501,NICA,52,58,250,468.00,"117,000.00"
2019-06-03,2019060301007468,NICA,4,34,500,468.00,"234,000.00"
2019-06-03,2019060301007457,NICGF,47,39,"2,500",9.65,"24,125.00"
2019-06-03,2019060301007837,NIL,14,36,100,507.00,"50,700.00"
2019-06-03,2019060301007467,NLIC,43,18,57,927.00,"52,839.00"
2019-06-03,2019060301007466,NLIC,43,18,43,927.00,"39,861.00"
2019-06-03,2019060301007839,NLICL,22,34,79,636.00,"50,244.00"
2019-06-03,2019060301007838,NLICL,19,34,21,636.00,"13,356.00"
2019-06-03,2019060301007517,NLICL,19,42,19,636.00,"12,084.00"
2019-06-03,2019060301007516,NLICL,26,42,405,637.00,"257,985.00"
2019-06-03,2019060301007515,NLICL,43,42,16,637.00,"10,192.00"
2019-06-03,2019060301007514,NLICL,25,42,50,637.00,"31,850.00"
2019-06-03,2019060301007712,NNLB,13,56,500,397.00,"198,500.00"
2019-06-03,2019060301007851,NTC,42,42,432,713.00,"308,016.00"
2019-06-03,2019060301007850,NTC,45,42,50,713.00,"35,650.00"
2019-06-03,2019060301007849,NTC,42,42,158,713.00,"112,654.00"
2019-06-03,2019060301007927,OHL,43,40,250,629.00,"157,250.00"
2019-06-03,2019060301007888,PCBL,22,44,17,304.00,"5,168.00"
2019-06-03,2019060301007887,PCBL,34,44,83,304.00,"25,232.00"
2019-06-03,2019060301007859,PCBL,17,53,100,305.00,"30,500.00"
2019-06-03,2019060301007840,PIC,57,7,245,"1,142.00","279,790.00"
2019-06-03,2019060301007803,PIC,57,53,41,"1,142.00","46,822.00"
2019-06-03,2019060301007778,PIC,57,43,62,"1,142.00","70,804.00"
2019-06-03,2019060301007647,PIC,40,38,11,"1,139.00","12,529.00"
2019-06-03,2019060301007609,PIC,40,38,11,"1,139.00","12,529.00"
2019-06-03,2019060301007507,PIC,13,38,11,"1,138.00","12,518.00"
2019-06-03,2019060301007462,PIC,3,11,11,"1,138.00","12,518.00"
2019-06-03,2019060301007488,PIC,25,38,11,"1,137.00","12,507.00"
2019-06-03,2019060301007471,PIC,33,38,100,"1,140.00","114,000.00"
2019-06-03,2019060301007470,PIC,33,46,100,"1,140.00","114,000.00"
2019-06-03,2019060301007465,PIC,35,11,19,"1,138.00","21,622.00"
2019-06-03,2019060301007464,PIC,52,11,10,"1,138.00","11,380.00"
2019-06-03,2019060301007463,PIC,29,11,10,"1,138.00","11,380.00"
2019-06-03,2019060301007752,PLIC,53,52,305,457.00,"139,385.00"
2019-06-03,2019060301007751,PLIC,49,52,50,458.00,"22,900.00"
2019-06-03,2019060301007750,PLIC,35,52,300,458.00,"137,400.00"
2019-06-03,2019060301007749,PLIC,1,52,151,458.00,"69,158.00"
2019-06-03,2019060301007748,PLIC,49,52,50,458.00,"22,900.00"
2019-06-03,2019060301007747,PLIC,54,52,140,459.00,"64,260.00"
2019-06-03,2019060301007810,PPCL,6,57,10,133.00,"1,330.00"
2019-06-03,2019060301007493,PRIN,34,22,150,402.00,"60,300.00"
2019-06-03,2019060301007756,PRVU,25,42,"1,000",275.00,"275,000.00"
2019-06-03,2019060301007766,RADHI,47,34,11,163.00,"1,793.00"
2019-06-03,2019060301007490,RHPC,46,40,"1,000",94.00,"94,000.00"
2019-06-03,2019060301007944,RRHP,22,39,10,107.00,"1,070.00"
2019-06-03,2019060301007932,RRHP,22,44,10,107.00,"1,070.00"
2019-06-03,2019060301007868,RRHP,22,39,10,107.00,"1,070.00"
2019-06-03,2019060301007848,RRHP,22,44,10,107.00,"1,070.00"
2019-06-03,2019060301007782,RRHP,22,39,10,106.00,"1,060.00"
2019-06-03,2019060301007780,RRHP,22,39,10,106.00,"1,060.00"
2019-06-03,2019060301007659,RRHP,47,39,10,106.00,"1,060.00"
2019-06-03,2019060301007575,RRHP,47,39,10,106.00,"1,060.00"
2019-06-03,2019060301007525,RRHP,47,39,10,106.00,"1,060.00"
2019-06-03,2019060301007486,RRHP,47,19,570,107.00,"60,990.00"
2019-06-03,2019060301007855,SANIMA,22,50,50,353.00,"17,650.00"
2019-06-03,2019060301007854,SANIMA,28,50,500,353.00,"176,500.00"
2019-06-03,2019060301007853,SANIMA,28,50,675,353.00,"238,275.00"
2019-06-03,2019060301007836,SBI,34,8,743,472.00,"350,696.00"
2019-06-03,2019060301007835,SBI,25,8,57,472.00,"26,904.00"
2019-06-03,2019060301007834,SBI,4,8,200,473.00,"94,600.00"
2019-06-03,2019060301007489,SBI,34,7,500,473.00,"236,500.00"
2019-06-03,2019060301007832,SBL,47,5,199,334.00,"66,466.00"
2019-06-03,2019060301007705,SBL,47,33,35,334.00,"11,690.00"
2019-06-03,2019060301007704,SBL,28,33,105,334.00,"35,070.00"
2019-06-03,2019060301007861,SCB,3,59,125,683.00,"85,375.00"
2019-06-03,2019060301007804,SCB,16,59,100,683.00,"68,300.00"
2019-06-03,2019060301007672,SCB,6,56,"1,000",682.00,"682,000.00"
2019-06-03,2019060301007671,SCB,28,56,150,682.00,"102,300.00"
2019-06-03,2019060301007670,SCB,6,56,500,682.00,"341,000.00"
2019-06-03,2019060301007669,SCB,6,56,47,682.00,"32,054.00"
2019-06-03,2019060301007569,SCB,19,59,200,683.00,"136,600.00"
2019-06-03,2019060301007568,SCB,14,59,175,683.00,"119,525.00"
2019-06-03,2019060301007943,SHIVM,58,19,200,652.00,"130,400.00"
2019-06-03,2019060301007942,SHIVM,58,25,400,652.00,"260,800.00"
2019-06-03,2019060301007931,SHIVM,43,25,100,652.00,"65,200.00"
2019-06-03,2019060301007926,SHIVM,59,42,300,650.00,"195,000.00"
2019-06-03,2019060301007925,SHIVM,10,42,300,650.00,"195,000.00"
2019-06-03,2019060301007924,SHIVM,1,42,190,650.00,"123,500.00"
2019-06-03,2019060301007524,SHIVM,7,42,255,652.00,"166,260.00"
2019-06-03,2019060301007511,SHIVM,7,34,200,652.00,"130,400.00"
2019-06-03,2019060301007581,SHIVM,58,45,200,651.00,"130,200.00"
2019-06-03,2019060301007580,SHIVM,32,45,100,651.00,"65,100.00"
2019-06-03,2019060301007579,SHIVM,51,45,200,651.00,"130,200.00"
2019-06-03,2019060301007578,SHIVM,58,45,250,651.00,"162,750.00"
2019-06-03,2019060301007571,SHIVM,10,42,200,652.00,"130,400.00"
2019-06-03,2019060301007570,SHIVM,5,42,50,652.00,"32,600.00"
2019-06-03,2019060301007587,SHIVM,32,45,200,651.00,"130,200.00"
2019-06-03,2019060301007586,SHIVM,40,45,100,651.00,"65,100.00"
2019-06-03,2019060301007585,SHIVM,5,45,100,651.00,"65,100.00"
2019-06-03,2019060301007584,SHIVM,10,45,300,651.00,"195,300.00"
2019-06-03,2019060301007583,SHIVM,40,45,100,651.00,"65,100.00"
2019-06-03,2019060301007582,SHIVM,32,45,50,651.00,"32,550.00"
2019-06-03,2019060301007593,SHIVM,19,45,50,650.00,"32,500.00"
2019-06-03,2019060301007592,SHIVM,25,45,200,650.00,"130,000.00"
2019-06-03,2019060301007591,SHIVM,53,45,50,650.00,"32,500.00"
2019-06-03,2019060301007590,SHIVM,42,45,500,650.00,"325,000.00"
2019-06-03,2019060301007589,SHIVM,58,45,50,650.00,"32,500.00"
2019-06-03,2019060301007588,SHIVM,39,45,10,650.00,"6,500.00"
2019-06-03,2019060301007599,SHIVM,29,45,20,650.00,"13,000.00"
2019-06-03,2019060301007598,SHIVM,39,45,50,650.00,"32,500.00"
2019-06-03,2019060301007597,SHIVM,40,45,"1,000",650.00,"650,000.00"
2019-06-03,2019060301007596,SHIVM,59,45,500,650.00,"325,000.00"
2019-06-03,2019060301007595,SHIVM,46,45,200,650.00,"130,000.00"
2019-06-03,2019060301007594,SHIVM,19,45,50,650.00,"32,500.00"
2019-06-03,2019060301007605,SHIVM,49,45,100,650.00,"65,000.00"
2019-06-03,2019060301007604,SHIVM,14,45,100,650.00,"65,000.00"
2019-06-03,2019060301007603,SHIVM,50,45,200,650.00,"130,000.00"
2019-06-03,2019060301007602,SHIVM,49,45,50,650.00,"32,500.00"
2019-06-03,2019060301007601,SHIVM,48,45,500,650.00,"325,000.00"
2019-06-03,2019060301007600,SHIVM,56,45,200,650.00,"130,000.00"
2019-06-03,2019060301007636,SHIVM,58,38,230,652.00,"149,960.00"
2019-06-03,2019060301007613,SHIVM,58,42,55,652.00,"35,860.00"
2019-06-03,2019060301007612,SHIVM,58,45,170,650.00,"110,500.00"
2019-06-03,2019060301007608,SHIVM,34,45,200,650.00,"130,000.00"
2019-06-03,2019060301007607,SHIVM,32,45,200,650.00,"130,000.00"
2019-06-03,2019060301007606,SHIVM,11,45,"1,000",650.00,"650,000.00"
2019-06-03,2019060301007770,SHIVM,17,21,50,651.00,"32,550.00"
2019-06-03,2019060301007740,SHIVM,45,38,200,652.00,"130,400.00"
2019-06-03,2019060301007723,SHIVM,19,56,50,653.00,"32,650.00"
2019-06-03,2019060301007720,SHIVM,19,56,50,653.00,"32,650.00"
2019-06-03,2019060301007703,SHIVM,44,38,100,652.00,"65,200.00"
2019-06-03,2019060301007702,SHIVM,7,38,50,652.00,"32,600.00"
2019-06-03,2019060301007862,SHIVM,17,22,470,651.00,"305,970.00"
2019-06-03,2019060301007826,SHIVM,17,56,30,651.00,"19,530.00"
2019-06-03,2019060301007819,SHIVM,52,19,170,650.00,"110,500.00"
2019-06-03,2019060301007818,SHIVM,13,19,30,650.00,"19,500.00"
2019-06-03,2019060301007817,SHIVM,46,19,100,650.00,"65,000.00"
2019-06-03,2019060301007808,SHIVM,17,56,20,651.00,"13,020.00"
2019-06-03,2019060301007923,SHIVM,38,42,50,650.00,"32,500.00"
2019-06-03,2019060301007922,SHIVM,52,42,60,650.00,"39,000.00"
2019-06-03,2019060301007921,SHIVM,3,42,100,651.00,"65,100.00"
2019-06-03,2019060301007912,SHIVM,52,21,50,650.00,"32,500.00"
2019-06-03,2019060301007864,SHIVM,52,22,20,650.00,"13,000.00"
2019-06-03,2019060301007863,SHIVM,45,22,10,651.00,"6,510.00"
2019-06-03,2019060301007852,SHL,32,50,100,237.00,"23,700.00"
2019-06-03,2019060301007497,SLBSL,18,38,50,580.00,"29,000.00"
2019-06-03,2019060301007856,SLICL,6,50,11,580.00,"6,380.00"
2019-06-03,2019060301007741,SMATA,28,34,12,"1,262.00","15,144.00"
2019-06-03,2019060301007777,SPARS,45,38,10,520.00,"5,200.00"
2019-06-03,2019060301007765,SPARS,57,57,10,522.00,"5,220.00"
2019-06-03,2019060301007718,SPARS,57,41,10,522.00,"5,220.00"
2019-06-03,2019060301007456,SPARS,29,42,90,516.00,"46,440.00"
2019-06-03,2019060301007455,SPARS,17,42,50,519.00,"25,950.00"
2019-06-03,2019060301007454,SPARS,57,42,10,520.00,"5,200.00"
2019-06-03,2019060301007453,SPARS,57,42,50,520.00,"26,000.00"
2019-06-03,2019060301007449,SPARS,57,46,10,520.00,"5,200.00"
2019-06-03,2019060301007743,SRBL,43,43,218,254.00,"55,372.00"
2019-06-03,2019060301007742,SRBL,55,43,"1,000",254.00,"254,000.00"
2019-06-03,2019060301007678,SRBL,35,26,"2,419",255.00,"616,845.00"
2019-06-03,2019060301007498,SRBL,49,26,81,255.00,"20,655.00"
2019-06-03,2019060301007882,TRH,29,29,60,295.00,"17,700.00"
2019-06-03,2019060301007881,TRH,32,29,100,295.00,"29,500.00"
2019-06-03,2019060301007880,TRH,21,29,200,295.00,"59,000.00"
2019-06-03,2019060301007879,TRH,32,29,140,296.00,"41,440.00"
2019-06-03,2019060301007831,TRH,32,40,60,296.00,"17,760.00"
2019-06-03,2019060301007830,TRH,42,40,200,296.00,"59,200.00"
2019-06-03,2019060301007681,TRH,17,28,20,298.00,"5,960.00"
2019-06-03,2019060301007663,TRH,17,50,80,298.00,"23,840.00"
2019-06-03,2019060301007661,TRH,42,33,200,297.00,"59,400.00"
2019-06-03,2019060301007660,TRH,5,33,300,297.00,"89,100.00"
2019-06-03,2019060301007829,TRH,41,40,40,296.00,"11,840.00"
2019-06-03,2019060301007828,TRH,56,40,200,296.00,"59,200.00"
2019-06-03,2019060301007827,TRH,45,40,500,296.00,"148,000.00"
2019-06-03,2019060301007785,TRH,32,50,280,297.00,"83,160.00"
2019-06-03,2019060301007773,TRH,42,50,20,297.00,"5,940.00"
2019-06-03,2019060301007682,TRH,42,28,"2,280",297.00,"677,160.00"
2019-06-03,2019060301007491,UPCL,51,59,500,96.00,"48,000.00"
2019-06-03,2019060301007940,UPPER,33,45,50,279.00,"13,950.00"
2019-06-03,2019060301007939,UPPER,33,38,300,279.00,"83,700.00"
2019-06-03,2019060301007938,UPPER,33,48,250,279.00,"69,750.00"
2019-06-03,2019060301007937,UPPER,33,43,340,279.00,"94,860.00"
2019-06-03,2019060301007936,UPPER,33,3,500,278.00,"139,000.00"
2019-06-03,2019060301007935,UPPER,33,6,400,278.00,"111,200.00"
2019-06-03,2019060301007461,UPPER,8,29,100,278.00,"27,800.00"
2019-06-03,2019060301007458,UPPER,53,48,30,279.00,"8,370.00"
2019-06-03,2019060301007640,UPPER,40,43,40,279.00,"11,160.00"
2019-06-03,2019060301007639,UPPER,40,48,260,279.00,"72,540.00"
2019-06-03,2019060301007521,UPPER,32,53,472,278.00,"131,216.00"
2019-06-03,2019060301007520,UPPER,32,53,500,278.00,"139,000.00"
2019-06-03,2019060301007519,UPPER,8,53,28,278.00,"7,784.00"
2019-06-03,2019060301007509,UPPER,8,7,"2,000",278.00,"556,000.00"
2019-06-03,2019060301007677,UPPER,19,43,40,279.00,"11,160.00"
2019-06-03,2019060301007676,UPPER,53,43,20,279.00,"5,580.00"
2019-06-03,2019060301007668,UPPER,11,36,40,278.00,"11,120.00"
2019-06-03,2019060301007667,UPPER,1,43,10,279.00,"2,790.00"
2019-06-03,2019060301007665,UPPER,11,38,72,278.00,"20,016.00"
2019-06-03,2019060301007664,UPPER,32,38,28,278.00,"7,784.00"
2019-06-03,2019060301007716,UPPER,13,43,40,278.00,"11,120.00"
2019-06-03,2019060301007715,UPPER,48,43,200,278.00,"55,600.00"
2019-06-03,2019060301007714,UPPER,16,43,180,278.00,"50,040.00"
2019-06-03,2019060301007713,UPPER,11,43,188,278.00,"52,264.00"
2019-06-03,2019060301007790,UPPER,1,38,150,277.00,"41,550.00"
2019-06-03,2019060301007789,UPPER,28,38,81,277.00,"22,437.00"
2019-06-03,2019060301007776,UPPER,28,57,97,277.00,"26,869.00"
2019-06-03,2019060301007771,UPPER,28,39,50,277.00,"13,850.00"
2019-06-03,2019060301007726,UPPER,28,57,72,277.00,"19,944.00"
2019-06-03,2019060301007717,UPPER,7,43,100,278.00,"27,800.00"
2019-06-03,2019060301007895,UPPER,6,42,31,277.00,"8,587.00"
2019-06-03,2019060301007894,UPPER,52,43,300,278.00,"83,400.00"
2019-06-03,2019060301007886,UPPER,54,43,"1,000",278.00,"278,000.00"
2019-06-03,2019060301007883,UPPER,49,43,100,278.00,"27,800.00"
2019-06-03,2019060301007792,UPPER,6,38,69,277.00,"19,113.00"
2019-06-03,2019060301007791,UPPER,38,38,200,277.00,"55,400.00"
2019-06-03,2019060301007901,UPPER,7,42,200,277.00,"55,400.00"
2019-06-03,2019060301007900,UPPER,46,42,150,277.00,"41,550.00"
2019-06-03,2019060301007899,UPPER,14,42,500,277.00,"138,500.00"
2019-06-03,2019060301007898,UPPER,49,42,50,277.00,"13,850.00"
2019-06-03,2019060301007897,UPPER,34,42,500,277.00,"138,500.00"
2019-06-03,2019060301007896,UPPER,6,42,"1,000",277.00,"277,000.00"
2019-06-03,2019060301007907,UPPER,41,42,100,277.00,"27,700.00"
2019-06-03,2019060301007906,UPPER,25,42,"1,000",277.00,"277,000.00"
2019-06-03,2019060301007905,UPPER,26,42,200,277.00,"55,400.00"
2019-06-03,2019060301007904,UPPER,21,42,200,277.00,"55,400.00"
2019-06-03,2019060301007903,UPPER,41,42,500,277.00,"138,500.00"
2019-06-03,2019060301007902,UPPER,22,42,200,277.00,"55,400.00"
2019-06-03,2019060301007934,UPPER,33,6,400,278.00,"111,200.00"
2019-06-03,2019060301007933,UPPER,33,43,255,278.00,"70,890.00"
2019-06-03,2019060301007911,UPPER,22,42,119,277.00,"32,963.00"
2019-06-03,2019060301007910,UPPER,26,42,150,277.00,"41,550.00"
2019-06-03,2019060301007909,UPPER,33,42,"1,000",277.00,"277,000.00"
2019-06-03,2019060301007908,UPPER,41,42,100,277.00,"27,700.00"
2019-06-03,2019060301007447,ADBL,42,21,562,416.00,"233,792.00"
2019-06-03,2019060301007440,ADBL,58,49,100,417.00,"41,700.00"
2019-06-03,2019060301007439,ADBL,29,49,300,417.00,"125,100.00"
2019-06-03,2019060301007309,ADBL,42,42,"1,438",416.00,"598,208.00"
2019-06-03,2019060301007308,ADBL,29,42,52,416.00,"21,632.00"
2019-06-03,2019060301007307,ADBL,46,42,10,417.00,"4,170.00"
2019-06-03,2019060301007142,ADBL,29,8,148,416.00,"61,568.00"
2019-06-03,2019060301007141,ADBL,17,8,100,416.00,"41,600.00"
2019-06-03,2019060301007140,ADBL,22,8,77,416.00,"32,032.00"
2019-06-03,2019060301007139,ADBL,1,8,10,417.00,"4,170.00"
2019-06-03,2019060301007082,ADBL,35,58,40,418.00,"16,720.00"
2019-06-03,2019060301007041,AHPC,14,53,137,109.00,"14,933.00"
2019-06-03,2019060301007040,AHPC,22,53,10,109.00,"1,090.00"
2019-06-03,2019060301007039,AHPC,41,53,100,109.00,"10,900.00"
2019-06-03,2019060301007038,AHPC,25,53,500,109.00,"54,500.00"
2019-06-03,2019060301007037,AHPC,45,53,253,109.00,"27,577.00"
2019-06-03,2019060301007355,AKJCL,55,58,10,76.00,760.00
2019-06-03,2019060301007273,AKJCL,55,6,20,76.00,"1,520.00"
2019-06-03,2019060301006984,AKJCL,8,22,10,76.00,760.00
2019-06-03,2019060301007294,ALBSL,42,7,30,432.00,"12,960.00"
2019-06-03,2019060301007293,ALBSL,6,7,50,432.00,"21,600.00"
2019-06-03,2019060301007292,ALBSL,6,7,50,432.00,"21,600.00"
2019-06-03,2019060301007291,ALBSL,56,7,10,432.00,"4,320.00"
2019-06-03,2019060301007290,ALBSL,42,7,110,433.00,"47,630.00"
2019-06-03,2019060301007289,ALBSL,32,7,30,434.00,"13,020.00"
2019-06-03,2019060301006968,ALBSL,57,17,10,437.00,"4,370.00"
2019-06-03,2019060301006967,ALBSL,47,47,10,436.00,"4,360.00"
2019-06-03,2019060301007288,ALBSL,17,7,70,434.00,"30,380.00"
2019-06-03,2019060301007287,ALBSL,40,7,100,435.00,"43,500.00"
2019-06-03,2019060301007286,ALBSL,17,7,40,435.00,"17,400.00"
2019-06-03,2019060301007215,ALBSL,17,55,60,435.00,"26,100.00"
2019-06-03,2019060301006970,ALBSL,57,28,10,437.00,"4,370.00"
2019-06-03,2019060301006969,ALBSL,57,17,10,437.00,"4,370.00"
2019-06-03,2019060301007338,API,34,1,11,152.00,"1,672.00"
2019-06-03,2019060301007365,BOKL,52,38,210,270.00,"56,700.00"
2019-06-03,2019060301007364,BOKL,44,38,790,270.00,"213,300.00"
2019-06-03,2019060301007049,BOKL,44,42,152,270.00,"41,040.00"
2019-06-03,2019060301007442,BPCL,5,29,15,412.00,"6,180.00"
2019-06-03,2019060301007409,BPCL,34,29,25,412.00,"10,300.00"
2019-06-03,2019060301007370,BPCL,22,56,11,412.00,"4,532.00"
2019-06-03,2019060301007207,BPCL,55,55,100,412.00,"41,200.00"
2019-06-03,2019060301007052,CBBL,33,57,80,944.00,"75,520.00"
2019-06-03,2019060301007374,CBL,29,8,500,146.00,"73,000.00"
2019-06-03,2019060301007272,CBL,14,17,500,147.00,"73,500.00"
2019-06-03,2019060301007436,CCBL,7,33,"2,000",166.00,"332,000.00"
2019-06-03,2019060301007435,CCBL,21,33,84,166.00,"13,944.00"
2019-06-03,2019060301007275,CCBL,21,52,66,166.00,"10,956.00"
2019-06-03,2019060301007106,CEFL,50,4,604,100.00,"60,400.00"
2019-06-03,2019060301007368,CHCL,52,56,50,523.00,"26,150.00"
2019-06-03,2019060301007367,CHCL,49,56,20,523.00,"10,460.00"
2019-06-03,2019060301007122,CHCL,49,51,120,523.00,"62,760.00"
2019-06-03,2019060301007121,CHCL,39,51,30,523.00,"15,690.00"
2019-06-03,2019060301007104,CHLBS,36,38,10,440.00,"4,400.00"
2019-06-03,2019060301007017,CHLBS,36,38,790,440.00,"347,600.00"
2019-06-03,2019060301007363,CIT,51,44,25,"2,569.00","64,225.00"
2019-06-03,2019060301007362,CIT,45,44,45,"2,569.00","115,605.00"
2019-06-03,2019060301007361,CIT,5,44,50,"2,570.00","128,500.00"
2019-06-03,2019060301007360,CIT,16,44,10,"2,570.00","25,700.00"
2019-06-03,2019060301007359,CIT,35,44,20,"2,570.00","51,400.00"
2019-06-03,2019060301007425,CORBL,47,47,"1,000",119.00,"119,000.00"
2019-06-03,2019060301007424,CORBL,48,47,100,120.00,"12,000.00"
2019-06-03,2019060301007372,CORBL,47,47,20,121.00,"2,420.00"
2019-06-03,2019060301007209,CZBIL,42,28,"1,253",225.00,"281,925.00"
2019-06-03,2019060301007160,CZBIL,38,28,200,225.00,"45,000.00"
2019-06-03,2019060301007159,CZBIL,49,28,"1,000",225.00,"225,000.00"
2019-06-03,2019060301007158,CZBIL,5,28,500,225.00,"112,500.00"
2019-06-03,2019060301007157,CZBIL,49,28,500,225.00,"112,500.00"
2019-06-03,2019060301007156,CZBIL,14,28,100,225.00,"22,500.00"
2019-06-03,2019060301006979,CZBIL,14,58,90,226.00,"20,340.00"
2019-06-03,2019060301006978,CZBIL,53,58,100,226.00,"22,600.00"
2019-06-03,2019060301006977,CZBIL,43,58,848,226.00,"191,648.00"
2019-06-03,2019060301007155,CZBIL,47,28,500,225.00,"112,500.00"
2019-06-03,2019060301007154,CZBIL,41,28,50,225.00,"11,250.00"
2019-06-03,2019060301007153,CZBIL,28,28,611,225.00,"137,475.00"
2019-06-03,2019060301007152,CZBIL,57,28,105,226.00,"23,730.00"
2019-06-03,2019060301007151,CZBIL,6,28,181,226.00,"40,906.00"
2019-06-03,2019060301006980,CZBIL,6,58,319,226.00,"72,094.00"
2019-06-03,2019060301007423,DBBL,37,45,234,145.00,"33,930.00"
2019-06-03,2019060301007422,DBBL,32,45,900,145.00,"130,500.00"
2019-06-03,2019060301007421,DBBL,21,45,500,145.00,"72,500.00"
2019-06-03,2019060301007420,DBBL,58,45,300,146.00,"43,800.00"
2019-06-03,2019060301007419,DBBL,17,45,"1,000",146.00,"146,000.00"
2019-06-03,2019060301007418,DBBL,51,45,"2,000",146.00,"292,000.00"
2019-06-03,2019060301007417,DBBL,20,45,260,146.00,"37,960.00"
2019-06-03,2019060301007416,DBBL,26,45,"1,806",146.00,"263,676.00"
2019-06-03,2019060301007297,DBBL,26,56,150,146.00,"21,900.00"
2019-06-03,2019060301007277,DBBL,26,19,44,146.00,"6,424.00"
2019-06-03,2019060301007276,DBBL,45,19,966,146.00,"141,036.00"
2019-06-03,2019060301007305,DDBL,53,26,22,717.00,"15,774.00"
2019-06-03,2019060301007304,DDBL,47,26,100,718.00,"71,800.00"
2019-06-03,2019060301007303,DDBL,42,26,63,718.00,"45,234.00"
2019-06-03,2019060301007427,DHPL,42,59,300,69.00,"20,700.00"
2019-06-03,2019060301007369,DHPL,42,28,200,69.00,"13,800.00"
2019-06-03,2019060301007084,EBL,44,56,462,667.00,"308,154.00"
2019-06-03,2019060301007083,EBL,26,56,50,667.00,"33,350.00"
2019-06-03,2019060301007267,FMDBL,26,42,113,395.00,"44,635.00"
2019-06-03,2019060301007266,FMDBL,17,42,50,395.00,"19,750.00"
2019-06-03,2019060301007265,FMDBL,53,42,50,395.00,"19,750.00"
2019-06-03,2019060301007264,FMDBL,48,42,50,395.00,"19,750.00"
2019-06-03,2019060301007263,FMDBL,37,42,50,396.00,"19,800.00"
2019-06-03,2019060301007262,FMDBL,10,42,75,396.00,"29,700.00"
2019-06-03,2019060301007261,FMDBL,44,42,35,397.00,"13,895.00"
2019-06-03,2019060301007108,FOWAD,34,43,14,"1,451.00","20,314.00"
2019-06-03,2019060301007003,FOWAD,44,43,25,"1,454.00","36,350.00"
2019-06-03,2019060301006953,FOWAD,44,43,39,"1,454.00","56,706.00"
2019-06-03,2019060301007270,GBBL,48,58,10,225.00,"2,250.00"
2019-06-03,2019060301007193,GBIME,6,32,20,305.00,"6,100.00"
2019-06-03,2019060301007079,GBIME,41,29,200,304.00,"60,800.00"
2019-06-03,2019060301007043,GBLBS,57,25,50,362.00,"18,100.00"
2019-06-03,2019060301006985,GBLBS,57,49,10,362.00,"3,620.00"
2019-06-03,2019060301007412,GLICL,32,56,40,545.00,"21,800.00"
2019-06-03,2019060301007411,GLICL,50,56,10,545.00,"5,450.00"
2019-06-03,2019060301007410,GLICL,46,56,50,546.00,"27,300.00"
2019-06-03,2019060301007393,GLICL,42,6,35,546.00,"19,110.00"
2019-06-03,2019060301007392,GLICL,1,6,55,547.00,"30,085.00"
2019-06-03,2019060301007404,GMFIL,28,42,435,127.00,"55,245.00"
2019-06-03,2019060301007212,GRDBL,36,56,580,115.00,"66,700.00"
2019-06-03,2019060301007127,GRDBL,56,56,300,115.00,"34,500.00"
2019-06-03,2019060301007166,HDL,40,56,50,"1,657.00","82,850.00"
2019-06-03,2019060301007165,HDL,22,56,10,"1,657.00","16,570.00"
2019-06-03,2019060301007164,HDL,40,56,20,"1,658.00","33,160.00"
2019-06-03,2019060301006982,HDL,40,46,40,"1,658.00","66,320.00"
2019-06-03,2019060301006981,HDL,54,46,10,"1,659.00","16,590.00"
2019-06-03,2019060301007390,HIDCL,1,56,61,162.00,"9,882.00"
2019-06-03,2019060301007100,HIDCL,1,43,500,163.00,"81,500.00"
2019-06-03,2019060301006956,HIDCL,7,36,10,164.00,"1,640.00"
2019-06-03,2019060301007311,HURJA,42,22,20,148.00,"2,960.00"
2019-06-03,2019060301007171,HURJA,45,21,20,146.00,"2,920.00"
2019-06-03,2019060301007028,HURJA,45,37,40,146.00,"5,840.00"
2019-06-03,2019060301007022,HURJA,45,22,10,146.00,"1,460.00"
2019-06-03,2019060301007021,HURJA,39,22,10,146.00,"1,460.00"
2019-06-03,2019060301006993,HURJA,39,22,20,146.00,"2,920.00"
2019-06-03,2019060301007093,IGI,54,55,100,390.00,"39,000.00"
2019-06-03,2019060301007092,IGI,22,55,10,390.00,"3,900.00"
2019-06-03,2019060301007091,IGI,52,55,60,391.00,"23,460.00"
2019-06-03,2019060301007096,IGI,41,55,100,387.00,"38,700.00"
2019-06-03,2019060301007095,IGI,42,55,200,388.00,"77,600.00"
2019-06-03,2019060301007094,IGI,52,55,100,390.00,"39,000.00"
2019-06-03,2019060301007337,JBBL,50,50,614,153.00,"93,942.00"
2019-06-03,2019060301007128,JBBL,38,58,400,152.00,"60,800.00"
2019-06-03,2019060301006958,JBBL,17,50,362,153.00,"55,386.00"
2019-06-03,2019060301007394,JBNL,44,57,200,207.00,"41,400.00"
2019-06-03,2019060301007118,JBNL,16,51,100,207.00,"20,700.00"
2019-06-03,2019060301007050,JBNL,13,57,"1,939",207.00,"401,373.00"
2019-06-03,2019060301007001,JBNL,29,57,61,207.00,"12,627.00"
2019-06-03,2019060301007437,KBBL,14,47,256,233.00,"59,648.00"
2019-06-03,2019060301007399,KBBL,14,47,400,233.00,"93,200.00"
2019-06-03,2019060301007379,KBBL,32,47,55,232.00,"12,760.00"
2019-06-03,2019060301007378,KBBL,25,47,45,232.00,"10,440.00"
2019-06-03,2019060301007377,KBBL,33,47,100,233.00,"23,300.00"
2019-06-03,2019060301007354,KBBL,33,47,200,233.00,"46,600.00"
2019-06-03,2019060301007326,KBBL,33,47,500,233.00,"116,500.00"
2019-06-03,2019060301007298,KBBL,33,47,200,233.00,"46,600.00"
2019-06-03,2019060301007382,KBL,1,18,100,216.00,"21,600.00"
2019-06-03,2019060301007366,KPCL,35,58,10,94.00,940.00
2019-06-03,2019060301007090,KPCL,35,21,10,94.00,940.00
2019-06-03,2019060301007380,KRBL,34,38,588,116.00,"68,208.00"
2019-06-03,2019060301007274,KRBL,34,39,412,116.00,"47,792.00"
2019-06-03,2019060301007254,KSBBL,56,21,288,158.00,"45,504.00"
2019-06-03,2019060301007253,KSBBL,5,21,300,158.00,"47,400.00"
2019-06-03,2019060301007252,KSBBL,56,21,200,158.00,"31,600.00"
2019-06-03,2019060301007251,KSBBL,48,21,20,158.00,"3,160.00"
2019-06-03,2019060301007250,KSBBL,29,21,30,159.00,"4,770.00"
2019-06-03,2019060301007249,KSBBL,34,21,14,159.00,"2,226.00"
2019-06-03,2019060301007316,LBBL,42,17,100,200.00,"20,000.00"
2019-06-03,2019060301007206,LBBL,42,38,100,200.00,"20,000.00"
2019-06-03,2019060301007032,LBBL,40,5,500,199.00,"99,500.00"
2019-06-03,2019060301007000,LBBL,40,10,89,199.00,"17,711.00"
2019-06-03,2019060301006999,LBBL,50,10,100,199.00,"19,900.00"
2019-06-03,2019060301006998,LBBL,42,10,500,199.00,"99,500.00"
2019-06-03,2019060301006997,LBBL,49,10,50,199.00,"9,950.00"
2019-06-03,2019060301006996,LBBL,49,10,200,199.00,"39,800.00"
2019-06-03,2019060301006995,LBBL,44,10,61,199.00,"12,139.00"
2019-06-03,2019060301007143,LBL,43,44,100,221.00,"22,100.00"
2019-06-03,2019060301007403,LEMF,55,58,500,8.00,"4,000.00"
2019-06-03,2019060301007341,LGIL,51,56,33,490.00,"16,170.00"
2019-06-03,2019060301007340,LGIL,55,56,79,490.00,"38,710.00"
2019-06-03,2019060301006971,LGIL,55,1,82,490.00,"40,180.00"
2019-06-03,2019060301007015,LICN,47,28,50,"1,744.00","87,200.00"
2019-06-03,2019060301007387,LLBS,32,44,24,758.00,"18,192.00"
2019-06-03,2019060301007386,LLBS,32,49,90,757.00,"68,130.00"
2019-06-03,2019060301007385,LLBS,32,5,99,756.00,"74,844.00"
2019-06-03,2019060301007384,LLBS,32,57,50,755.00,"37,750.00"
2019-06-03,2019060301007383,LLBS,32,19,535,753.00,"402,855.00"
2019-06-03,2019060301007227,MBL,32,40,200,267.00,"53,400.00"
2019-06-03,2019060301007226,MBL,44,40,50,267.00,"13,350.00"
2019-06-03,2019060301007325,MEGA,38,55,44,201.00,"8,844.00"
2019-06-03,2019060301007324,MEGA,45,55,487,201.00,"97,887.00"
2019-06-03,2019060301007279,MEGA,45,45,"1,513",201.00,"304,113.00"
2019-06-03,2019060301007278,MEGA,11,45,724,201.00,"145,524.00"
2019-06-03,2019060301007213,MEGA,11,34,500,201.00,"100,500.00"
2019-06-03,2019060301007146,MEGA,11,52,100,201.00,"20,100.00"
2019-06-03,2019060301007051,MEGA,6,55,20,202.00,"4,040.00"
2019-06-03,2019060301007004,MEGA,11,42,104,201.00,"20,904.00"
2019-06-03,2019060301007441,MHNL,34,29,30,103.00,"3,090.00"
2019-06-03,2019060301007054,MHNL,34,40,30,103.00,"3,090.00"
2019-06-03,2019060301007024,MHNL,34,40,30,103.00,"3,090.00"
2019-06-03,2019060301006983,MHNL,34,40,40,103.00,"4,120.00"
2019-06-03,2019060301006951,MHNL,17,35,40,104.00,"4,160.00"
2019-06-03,2019060301006950,MHNL,17,59,50,104.00,"5,200.00"
2019-06-03,2019060301006949,MHNL,17,22,40,104.00,"4,160.00"
2019-06-03,2019060301006948,MHNL,17,22,30,104.00,"3,120.00"
2019-06-03,2019060301007103,MLBL,59,6,32,199.00,"6,368.00"
2019-06-03,2019060301007102,MLBL,59,59,85,199.00,"16,915.00"
2019-06-03,2019060301007053,MLBL,59,58,54,198.00,"10,692.00"
2019-06-03,2019060301007031,MLBL,59,48,200,197.00,"39,400.00"
2019-06-03,2019060301007030,MLBL,59,48,450,197.00,"88,650.00"
2019-06-03,2019060301007018,MLBL,59,35,536,196.00,"105,056.00"
2019-06-03,2019060301007306,MNBBL,6,18,200,374.00,"74,800.00"
2019-06-03,2019060301007014,NADEP,51,43,10,453.00,"4,530.00"
2019-06-03,2019060301007013,NADEP,42,43,10,453.00,"4,530.00"
2019-06-03,2019060301007012,NADEP,13,43,80,454.00,"36,320.00"
2019-06-03,2019060301007011,NADEP,41,43,200,455.00,"91,000.00"
2019-06-03,2019060301007314,NBL,28,40,622,330.00,"205,260.00"
2019-06-03,2019060301007313,NBL,10,40,200,330.00,"66,000.00"
2019-06-03,2019060301007312,NBL,29,40,178,330.00,"58,740.00"
2019-06-03,2019060301007198,NBL,29,34,322,330.00,"106,260.00"
2019-06-03,2019060301007197,NBL,37,34,100,330.00,"33,000.00"
2019-06-03,2019060301007196,NBL,36,34,500,330.00,"165,000.00"
2019-06-03,2019060301007005,NBL,29,7,678,330.00,"223,740.00"
2019-06-03,2019060301007195,NBL,34,34,200,330.00,"66,000.00"
2019-06-03,2019060301007194,NBL,14,34,878,330.00,"289,740.00"
2019-06-03,2019060301007150,NBL,14,57,100,330.00,"33,000.00"
2019-06-03,2019060301007008,NBL,14,7,22,330.00,"7,260.00"
2019-06-03,2019060301007007,NBL,14,7,"1,000",330.00,"330,000.00"
2019-06-03,2019060301007006,NBL,54,7,300,330.00,"99,000.00"
2019-06-03,2019060301007375,NCCB,25,49,500,259.00,"129,500.00"
2019-06-03,2019060301007347,NCCB,56,56,272,258.00,"70,176.00"
2019-06-03,2019060301007336,NCCB,25,40,150,259.00,"38,850.00"
2019-06-03,2019060301007335,NCCB,25,5,250,259.00,"64,750.00"
2019-06-03,2019060301007210,NCCB,56,13,25,258.00,"6,450.00"
2019-06-03,2019060301007163,NCCB,56,41,50,258.00,"12,900.00"
2019-06-03,2019060301007162,NCCB,21,41,50,258.00,"12,900.00"
2019-06-03,2019060301007327,NGPL,58,1,11,120.00,"1,320.00"
2019-06-03,2019060301007400,NIB,1,51,100,534.00,"53,400.00"
2019-06-03,2019060301007010,NIB,49,42,13,534.00,"6,942.00"
2019-06-03,2019060301007229,NIBPO,42,17,94,506.00,"47,564.00"
2019-06-03,2019060301006952,NIBPO,3,53,400,505.00,"202,000.00"
2019-06-03,2019060301007402,NICA,4,10,36,468.00,"16,848.00"
2019-06-03,2019060301007398,NICA,4,25,260,468.00,"121,680.00"
2019-06-03,2019060301007373,NICA,4,57,200,468.00,"93,600.00"
2019-06-03,2019060301007371,NICA,49,57,300,468.00,"140,400.00"
2019-06-03,2019060301007331,NICA,6,42,621,467.00,"290,007.00"
2019-06-03,2019060301007330,NICA,40,42,100,467.00,"46,700.00"
2019-06-03,2019060301006966,NICA,34,58,55,468.00,"25,740.00"
2019-06-03,2019060301007202,NICA,49,58,300,468.00,"140,400.00"
2019-06-03,2019060301007148,NICA,39,58,500,468.00,"234,000.00"
2019-06-03,2019060301007120,NICA,52,58,50,468.00,"23,400.00"
2019-06-03,2019060301007098,NICA,39,58,100,468.00,"46,800.00"
2019-06-03,2019060301007087,NICA,49,58,50,468.00,"23,400.00"
2019-06-03,2019060301006987,NICA,34,58,45,468.00,"21,060.00"
2019-06-03,2019060301007329,NICA,54,42,179,467.00,"83,593.00"
2019-06-03,2019060301007328,NICA,52,42,100,468.00,"46,800.00"
2019-06-03,2019060301007315,NICA,29,25,500,468.00,"234,000.00"
2019-06-03,2019060301007233,NICA,33,19,300,468.00,"140,400.00"
2019-06-03,2019060301007232,NICA,33,57,235,468.00,"109,980.00"
2019-06-03,2019060301007231,NICA,33,58,"1,955",468.00,"914,940.00"
2019-06-03,2019060301007346,NICL,6,28,500,383.00,"191,500.00"
2019-06-03,2019060301007345,NICL,25,28,155,383.00,"59,365.00"
2019-06-03,2019060301007344,NICL,14,28,100,384.00,"38,400.00"
2019-06-03,2019060301007343,NICL,55,28,301,384.00,"115,584.00"
2019-06-03,2019060301007342,NICL,25,28,50,384.00,"19,200.00"
2019-06-03,2019060301007334,NICL,25,44,100,384.00,"38,400.00"
2019-06-03,2019060301007036,NICL,25,44,400,384.00,"153,600.00"
2019-06-03,2019060301007434,NIL,40,32,820,506.00,"414,920.00"
2019-06-03,2019060301007433,NIL,44,32,100,506.00,"50,600.00"
2019-06-03,2019060301007432,NIL,44,32,50,506.00,"25,300.00"
2019-06-03,2019060301007431,NIL,44,32,50,506.00,"25,300.00"
2019-06-03,2019060301007430,NIL,42,32,20,506.00,"10,120.00"
2019-06-03,2019060301007429,NIL,51,32,500,507.00,"253,500.00"
2019-06-03,2019060301007428,NIL,14,32,60,507.00,"30,420.00"
2019-06-03,2019060301007225,NIL,7,39,100,511.00,"51,100.00"
2019-06-03,2019060301007224,NIL,7,54,500,510.00,"255,000.00"
2019-06-03,2019060301007234,NLIC,6,32,360,928.00,"334,080.00"
2019-06-03,2019060301007138,NLIC,6,28,140,928.00,"129,920.00"
2019-06-03,2019060301007137,NLIC,44,28,50,928.00,"46,400.00"
2019-06-03,2019060301006959,NLICL,25,41,60,637.00,"38,220.00"
2019-06-03,2019060301007020,NMBMF,47,37,100,"1,087.00","108,700.00"
2019-06-03,2019060301007019,NMBMF,39,37,20,"1,087.00","21,740.00"
2019-06-03,2019060301007438,NTC,32,42,20,715.00,"14,300.00"
2019-06-03,2019060301007081,NTC,42,22,450,713.00,"320,850.00"
2019-06-03,2019060301007080,NTC,22,22,50,714.00,"35,700.00"
2019-06-03,2019060301006955,NTC,33,42,20,715.00,"14,300.00"
2019-06-03,2019060301007221,OHL,43,42,230,629.00,"144,670.00"
2019-06-03,2019060301007220,OHL,37,42,200,630.00,"126,000.00"
2019-06-03,2019060301007219,OHL,5,42,50,634.00,"31,700.00"
2019-06-03,2019060301007218,OHL,33,42,20,635.00,"12,700.00"
2019-06-03,2019060301007401,PCBL,52,53,50,305.00,"15,250.00"
2019-06-03,2019060301007136,PFL,6,47,20,139.00,"2,780.00"
2019-06-03,2019060301007397,PIC,8,48,11,"1,139.00","12,529.00"
2019-06-03,2019060301007348,PIC,35,35,11,"1,138.00","12,518.00"
2019-06-03,2019060301007310,PIC,38,35,189,"1,138.00","215,082.00"
2019-06-03,2019060301007301,PIC,38,38,11,"1,138.00","12,518.00"
2019-06-03,2019060301007230,PIC,20,38,11,"1,139.00","12,529.00"
2019-06-03,2019060301007168,PIC,29,58,201,"1,136.00","228,336.00"
2019-06-03,2019060301006957,PIC,40,58,50,"1,143.00","57,150.00"
2019-06-03,2019060301007056,PIC,48,58,40,"1,141.00","45,640.00"
2019-06-03,2019060301007055,PIC,38,58,329,"1,141.00","375,389.00"
2019-06-03,2019060301007035,PIC,38,28,171,"1,141.00","195,111.00"
2019-06-03,2019060301007034,PIC,29,28,50,"1,142.00","57,100.00"
2019-06-03,2019060301007033,PIC,21,28,29,"1,142.00","33,118.00"
2019-06-03,2019060301007026,PIC,47,58,50,"1,143.00","57,150.00"
2019-06-03,2019060301007062,PIC,36,58,50,"1,140.00","57,000.00"
2019-06-03,2019060301007061,PIC,57,58,100,"1,140.00","114,000.00"
2019-06-03,2019060301007060,PIC,21,58,270,"1,140.00","307,800.00"
2019-06-03,2019060301007059,PIC,41,58,20,"1,141.00","22,820.00"
2019-06-03,2019060301007058,PIC,51,58,50,"1,141.00","57,050.00"
2019-06-03,2019060301007057,PIC,52,58,25,"1,141.00","28,525.00"
2019-06-03,2019060301007068,PIC,48,58,400,"1,140.00","456,000.00"
2019-06-03,2019060301007067,PIC,46,58,10,"1,140.00","11,400.00"
2019-06-03,2019060301007066,PIC,57,58,30,"1,140.00","34,200.00"
2019-06-03,2019060301007065,PIC,55,58,50,"1,140.00","57,000.00"
2019-06-03,2019060301007064,PIC,55,58,50,"1,140.00","57,000.00"
2019-06-03,2019060301007063,PIC,57,58,200,"1,140.00","228,000.00"
2019-06-03,2019060301007074,PIC,50,58,200,"1,140.00","228,000.00"
2019-06-03,2019060301007073,PIC,26,58,25,"1,140.00","28,500.00"
2019-06-03,2019060301007072,PIC,8,58,50,"1,140.00","57,000.00"
2019-06-03,2019060301007071,PIC,11,58,50,"1,140.00","57,000.00"
2019-06-03,2019060301007070,PIC,38,58,200,"1,140.00","228,000.00"
2019-06-03,2019060301007069,PIC,41,58,50,"1,140.00","57,000.00"
2019-06-03,2019060301007110,PIC,41,49,50,"1,140.00","57,000.00"
2019-06-03,2019060301007109,PIC,37,49,130,"1,140.00","148,200.00"
2019-06-03,2019060301007078,PIC,37,58,70,"1,140.00","79,800.00"
2019-06-03,2019060301007077,PIC,19,58,100,"1,140.00","114,000.00"
2019-06-03,2019060301007076,PIC,37,58,500,"1,140.00","570,000.00"
2019-06-03,2019060301007075,PIC,42,58,100,"1,140.00","114,000.00"
2019-06-03,2019060301007145,PIC,34,38,289,"1,139.00","329,171.00"
2019-06-03,2019060301007144,PIC,34,38,11,"1,139.00","12,529.00"
2019-06-03,2019060301007115,PIC,35,38,10,"1,140.00","11,400.00"
2019-06-03,2019060301007114,PIC,35,38,100,"1,140.00","114,000.00"
2019-06-03,2019060301007113,PIC,8,38,80,"1,140.00","91,200.00"
2019-06-03,2019060301007111,PIC,8,49,420,"1,140.00","478,800.00"
2019-06-03,2019060301007045,PICL,49,7,465,677.00,"314,805.00"
2019-06-03,2019060301007044,PICL,45,7,35,678.00,"23,730.00"
2019-06-03,2019060301007259,PLIC,54,55,60,459.00,"27,540.00"
2019-06-03,2019060301007258,PLIC,55,55,40,460.00,"18,400.00"
2019-06-03,2019060301007388,PMHPL,35,58,10,108.00,"1,080.00"
2019-06-03,2019060301007391,PRIN,57,22,46,404.00,"18,584.00"
2019-06-03,2019060301007269,PROFL,39,6,419,102.00,"42,738.00"
2019-06-03,2019060301007268,PROFL,34,6,500,102.00,"51,000.00"
2019-06-03,2019060301007244,PROFL,45,6,200,103.00,"20,600.00"
2019-06-03,2019060301007243,PROFL,38,6,100,103.00,"10,300.00"
2019-06-03,2019060301007242,PROFL,5,6,200,104.00,"20,800.00"
2019-06-03,2019060301007241,PROFL,32,6,500,104.00,"52,000.00"
2019-06-03,2019060301007240,PROFL,47,6,100,104.00,"10,400.00"
2019-06-03,2019060301007112,PROFL,46,6,10,105.00,"1,050.00"
2019-06-03,2019060301007381,PRVU,25,49,"1,113",275.00,"306,075.00"
2019-06-03,2019060301007339,PRVU,1,49,100,275.00,"27,500.00"
2019-06-03,2019060301007271,PRVU,58,57,"1,000",274.00,"274,000.00"
2019-06-03,2019060301007248,PRVU,39,49,500,275.00,"137,500.00"
2019-06-03,2019060301007247,PRVU,44,49,80,275.00,"22,000.00"
2019-06-03,2019060301007246,PRVU,17,49,207,275.00,"56,925.00"
2019-06-03,2019060301006994,PRVU,17,49,"1,000",275.00,"275,000.00"
2019-06-03,2019060301007047,PRVU,17,40,200,275.00,"55,000.00"
2019-06-03,2019060301007002,PRVU,6,49,50,276.00,"13,800.00"
2019-06-03,2019060301007446,RBCL,16,1,10,"10,605.00","106,050.00"
2019-06-03,2019060301007048,RBCL,6,52,10,"10,650.00","106,500.00"
2019-06-03,2019060301007405,RBCLPO,42,33,10,"9,500.00","95,000.00"
2019-06-03,2019060301006992,RBCLPO,50,41,10,"9,501.00","95,010.00"
2019-06-03,2019060301006991,RBCLPO,17,41,20,"9,502.00","190,040.00"
2019-06-03,2019060301006990,RBCLPO,32,41,10,"9,510.00","95,100.00"
2019-06-03,2019060301006989,RBCLPO,40,41,10,"9,511.00","95,110.00"
2019-06-03,2019060301007376,RRHP,47,58,10,107.00,"1,070.00"
2019-06-03,2019060301007332,RRHP,47,6,10,107.00,"1,070.00"
2019-06-03,2019060301007235,RRHP,47,51,300,107.00,"32,100.00"
2019-06-03,2019060301007119,RRHP,47,21,50,107.00,"5,350.00"
2019-06-03,2019060301007107,RRHP,47,18,10,107.00,"1,070.00"
2019-06-03,2019060301007046,RRHP,47,40,10,107.00,"1,070.00"
2019-06-03,2019060301007260,SADBL,17,26,500,153.00,"76,500.00"
2019-06-03,2019060301007333,SBL,28,45,295,334.00,"98,530.00"
2019-06-03,2019060301007167,SBL,28,51,100,334.00,"33,400.00"
2019-06-03,2019060301007351,SCB,14,40,125,683.00,"85,375.00"
2019-06-03,2019060301007350,SCB,49,40,10,683.00,"6,830.00"
2019-06-03,2019060301007349,SCB,34,40,65,683.00,"44,395.00"
2019-06-03,2019060301007029,SCB,34,42,25,683.00,"17,075.00"
2019-06-03,2019060301007223,SDESI,57,48,70,607.00,"42,490.00"
2019-06-03,2019060301007415,SHIVM,19,46,100,654.00,"65,400.00"
2019-06-03,2019060301007414,SHIVM,7,38,45,652.00,"29,340.00"
2019-06-03,2019060301007413,SHIVM,33,38,460,652.00,"299,920.00"
2019-06-03,2019060301007358,SHIVM,33,10,40,652.00,"26,080.00"
2019-06-03,2019060301007357,SHIVM,46,10,60,652.00,"39,120.00"
2019-06-03,2019060301007300,SHIVM,46,56,40,652.00,"26,080.00"
2019-06-03,2019060301006961,SHIVM,34,52,100,656.00,"65,600.00"
2019-06-03,2019060301006960,SHIVM,32,52,50,657.00,"32,850.00"
2019-06-03,2019060301007088,SHIVM,50,40,10,656.00,"6,560.00"
2019-06-03,2019060301007085,SHIVM,50,28,50,656.00,"32,800.00"
2019-06-03,2019060301007027,SHIVM,50,46,200,656.00,"131,200.00"
2019-06-03,2019060301006988,SHIVM,32,11,150,657.00,"98,550.00"
2019-06-03,2019060301006963,SHIVM,50,52,150,656.00,"98,400.00"
2019-06-03,2019060301006962,SHIVM,38,52,200,656.00,"131,200.00"
2019-06-03,2019060301007176,SHIVM,34,45,200,656.00,"131,200.00"
2019-06-03,2019060301007175,SHIVM,45,45,"1,000",656.00,"656,000.00"
2019-06-03,2019060301007117,SHIVM,42,36,410,657.00,"269,370.00"
2019-06-03,2019060301007116,SHIVM,42,50,90,657.00,"59,130.00"
2019-06-03,2019060301007099,SHIVM,58,50,10,657.00,"6,570.00"
2019-06-03,2019060301007097,SHIVM,50,47,450,656.00,"295,200.00"
2019-06-03,2019060301007182,SHIVM,19,45,50,655.00,"32,750.00"
2019-06-03,2019060301007181,SHIVM,34,45,100,655.00,"65,500.00"
2019-06-03,2019060301007180,SHIVM,48,45,500,655.00,"327,500.00"
2019-06-03,2019060301007179,SHIVM,21,45,"1,000",655.00,"655,000.00"
2019-06-03,2019060301007178,SHIVM,34,45,100,655.00,"65,500.00"
2019-06-03,2019060301007177,SHIVM,34,45,"1,000",656.00,"656,000.00"
2019-06-03,2019060301007188,SHIVM,33,45,"1,000",655.00,"655,000.00"
2019-06-03,2019060301007187,SHIVM,52,45,500,655.00,"327,500.00"
2019-06-03,2019060301007186,SHIVM,41,45,"1,000",655.00,"655,000.00"
2019-06-03,2019060301007185,SHIVM,50,45,300,655.00,"196,500.00"
2019-06-03,2019060301007184,SHIVM,37,45,750,655.00,"491,250.00"
2019-06-03,2019060301007183,SHIVM,45,45,50,655.00,"32,750.00"
2019-06-03,2019060301007201,SHIVM,19,56,300,654.00,"196,200.00"
2019-06-03,2019060301007200,SHIVM,45,56,100,654.00,"65,400.00"
2019-06-03,2019060301007199,SHIVM,35,56,100,655.00,"65,500.00"
2019-06-03,2019060301007191,SHIVM,42,45,50,655.00,"32,750.00"
2019-06-03,2019060301007190,SHIVM,44,45,300,655.00,"196,500.00"
2019-06-03,2019060301007189,SHIVM,50,45,100,655.00,"65,500.00"
2019-06-03,2019060301007257,SHIVM,50,34,120,654.00,"78,480.00"
2019-06-03,2019060301007256,SHIVM,26,34,80,654.00,"52,320.00"
2019-06-03,2019060301007239,SHIVM,26,48,20,654.00,"13,080.00"
2019-06-03,2019060301007238,SHIVM,57,48,80,654.00,"52,320.00"
2019-06-03,2019060301007237,SHIVM,19,48,400,654.00,"261,600.00"
2019-06-03,2019060301007236,SHIVM,10,40,200,655.00,"131,000.00"
2019-06-03,2019060301007299,SHIVM,45,56,10,652.00,"6,520.00"
2019-06-03,2019060301007285,SHIVM,45,48,10,652.00,"6,520.00"
2019-06-03,2019060301007284,SHIVM,58,48,50,652.00,"32,600.00"
2019-06-03,2019060301007283,SHIVM,51,48,100,652.00,"65,200.00"
2019-06-03,2019060301007282,SHIVM,1,48,20,653.00,"13,060.00"
2019-06-03,2019060301007281,SHIVM,50,48,20,654.00,"13,080.00"
2019-06-03,2019060301007245,SHPC,53,49,100,260.00,"26,000.00"
2019-06-03,2019060301007353,SICL,26,14,290,841.00,"243,890.00"
2019-06-03,2019060301007352,SICL,49,14,10,841.00,"8,410.00"
2019-06-03,2019060301007302,SKBBL,6,33,35,976.00,"34,160.00"
2019-06-03,2019060301007216,SLBSL,18,16,50,580.00,"29,000.00"
2019-06-03,2019060301007105,SLICL,50,50,100,580.00,"58,000.00"
2019-06-03,2019060301007426,SPARS,38,46,10,521.00,"5,210.00"
2019-06-03,2019060301007255,SPARS,57,21,10,520.00,"5,200.00"
2019-06-03,2019060301007214,SPARS,57,44,10,520.00,"5,200.00"
2019-06-03,2019060301007208,SPARS,57,16,10,520.00,"5,200.00"
2019-06-03,2019060301007192,SPARS,57,44,10,520.00,"5,200.00"
2019-06-03,2019060301007170,SPARS,43,22,18,520.00,"9,360.00"
2019-06-03,2019060301007025,SPARS,50,44,10,523.00,"5,230.00"
2019-06-03,2019060301007023,SPARS,50,55,10,523.00,"5,230.00"
2019-06-03,2019060301007009,SPARS,50,42,10,523.00,"5,230.00"
2019-06-03,2019060301006986,SPARS,50,42,10,523.00,"5,230.00"
2019-06-03,2019060301006965,SPARS,50,44,10,523.00,"5,230.00"
2019-06-03,2019060301007132,SPARS,57,22,10,522.00,"5,220.00"
2019-06-03,2019060301007131,SPARS,1,22,50,522.00,"26,100.00"
2019-06-03,2019060301007130,SPARS,17,22,60,522.00,"31,320.00"
2019-06-03,2019060301007129,SPARS,17,44,10,522.00,"5,220.00"
2019-06-03,2019060301007089,SPARS,17,44,10,522.00,"5,220.00"
2019-06-03,2019060301007042,SPARS,57,21,10,523.00,"5,230.00"
2019-06-03,2019060301007169,SPARS,1,22,40,520.00,"20,800.00"
2019-06-03,2019060301007161,SPARS,57,22,10,521.00,"5,210.00"
2019-06-03,2019060301007147,SPARS,1,21,10,520.00,"5,200.00"
2019-06-03,2019060301007135,SPARS,22,22,200,521.00,"104,200.00"
2019-06-03,2019060301007134,SPARS,53,22,10,521.00,"5,210.00"
2019-06-03,2019060301007133,SPARS,16,22,200,521.00,"104,200.00"
2019-06-03,2019060301007445,SRBL,49,43,19,255.00,"4,845.00"
2019-06-03,2019060301007444,SRBL,32,43,200,255.00,"51,000.00"
2019-06-03,2019060301007443,SRBL,43,43,781,255.00,"199,155.00"
2019-06-03,2019060301007408,SRBL,43,43,219,255.00,"55,845.00"
2019-06-03,2019060301007407,SRBL,35,43,"1,431",255.00,"364,905.00"
2019-06-03,2019060301007406,SRBL,57,43,150,255.00,"38,250.00"
2019-06-03,2019060301007296,SRBL,57,57,350,255.00,"89,250.00"
2019-06-03,2019060301007295,SRBL,51,57,650,255.00,"165,750.00"
2019-06-03,2019060301007228,SRBL,51,18,200,255.00,"51,000.00"
2019-06-03,2019060301007205,SRBL,51,51,150,255.00,"38,250.00"
2019-06-03,2019060301006972,SWBBL,49,44,203,882.00,"179,046.00"
2019-06-03,2019060301007323,TRH,52,57,500,298.00,"149,000.00"
2019-06-03,2019060301007322,TRH,38,57,100,298.00,"29,800.00"
2019-06-03,2019060301007321,TRH,19,57,100,298.00,"29,800.00"
2019-06-03,2019060301007320,TRH,35,57,200,298.00,"59,600.00"
2019-06-03,2019060301007319,TRH,17,57,50,298.00,"14,900.00"
2019-06-03,2019060301007318,TRH,38,57,500,298.00,"149,000.00"
2019-06-03,2019060301007317,TRH,48,57,190,298.00,"56,620.00"
2019-06-03,2019060301007126,UIC,49,35,100,985.00,"98,500.00"
2019-06-03,2019060301007125,UIC,49,38,50,985.00,"49,250.00"
2019-06-03,2019060301007124,UIC,49,28,112,984.00,"110,208.00"
2019-06-03,2019060301007123,UIC,49,45,20,984.00,"19,680.00"
2019-06-03,2019060301006954,UIC,16,6,100,981.00,"98,100.00"
2019-06-03,2019060301007396,UPPER,42,48,50,279.00,"13,950.00"
2019-06-03,2019060301007395,UPPER,8,34,200,278.00,"55,600.00"
2019-06-03,2019060301007389,UPPER,8,34,"5,000",278.00,"1,390,000.00"
2019-06-03,2019060301007356,UPPER,8,25,500,278.00,"139,000.00"
2019-06-03,2019060301007280,UPPER,8,56,50,278.00,"13,900.00"
2019-06-03,2019060301006976,UPPER,8,28,180,278.00,"50,040.00"
2019-06-03,2019060301006975,UPPER,35,28,200,278.00,"55,600.00"
2019-06-03,2019060301006974,UPPER,19,28,70,278.00,"19,460.00"
2019-06-03,2019060301006973,UPPER,55,28,50,279.00,"13,950.00"
2019-06-03,2019060301006964,UPPER,55,51,50,279.00,"13,950.00"
2019-06-03,2019060301007086,UPPER,33,39,50,279.00,"13,950.00"
2019-06-03,2019060301007016,UPPER,33,43,600,279.00,"167,400.00"
2019-06-03,2019060301007172,UPPER,58,42,157,279.00,"43,803.00"
2019-06-03,2019060301007149,UPPER,58,38,293,279.00,"81,747.00"
2019-06-03,2019060301007101,UPPER,19,19,50,279.00,"13,950.00"
2019-06-03,2019060301007222,UPPER,8,51,150,278.00,"41,700.00"
2019-06-03,2019060301007217,UPPER,8,45,"1,200",278.00,"333,600.00"
2019-06-03,2019060301007211,UPPER,19,19,40,279.00,"11,160.00"
2019-06-03,2019060301007203,UPPER,8,57,209,278.00,"58,102.00"
2019-06-03,2019060301007174,UPPER,8,42,383,278.00,"106,474.00"
2019-06-03,2019060301007173,UPPER,17,42,50,279.00,"13,950.00"
2019-06-03,2019060301006553,ADBL,22,34,100,416.00,"41,600.00"
2019-06-03,2019060301006927,AHPC,33,43,100,110.00,"11,000.00"
2019-06-03,2019060301006880,AKJCL,8,22,20,76.00,"1,520.00"
2019-06-03,2019060301006671,ALBSL,38,38,10,435.00,"4,350.00"
2019-06-03,2019060301006631,ALBSL,17,49,10,434.00,"4,340.00"
2019-06-03,2019060301006630,ALBSL,47,47,10,435.00,"4,350.00"
2019-06-03,2019060301006622,ALBSL,38,38,10,436.00,"4,360.00"
2019-06-03,2019060301006598,ALBSL,33,17,10,437.00,"4,370.00"
2019-06-03,2019060301006580,ALBSL,17,49,10,434.00,"4,340.00"
2019-06-03,2019060301006519,ALBSL,38,38,10,436.00,"4,360.00"
2019-06-03,2019060301006464,ALBSL,38,38,10,436.00,"4,360.00"
2019-06-03,2019060301006453,ALBSL,38,38,10,436.00,"4,360.00"
2019-06-03,2019060301006806,ALICL,54,16,200,404.00,"80,800.00"
2019-06-03,2019060301006805,ALICL,19,16,200,404.00,"80,800.00"
2019-06-03,2019060301006804,ALICL,33,16,100,404.00,"40,400.00"
2019-06-03,2019060301006803,ALICL,33,16,100,404.00,"40,400.00"
2019-06-03,2019060301006802,ALICL,50,16,50,404.00,"20,200.00"
2019-06-03,2019060301006801,ALICL,21,16,34,404.00,"13,736.00"
2019-06-03,2019060301006800,ALICL,46,16,80,405.00,"32,400.00"
2019-06-03,2019060301006450,ALICL,46,39,20,405.00,"8,100.00"
2019-06-03,2019060301006941,AMFI,45,36,370,516.00,"190,920.00"
2019-06-03,2019060301006922,AMFI,33,36,50,517.00,"25,850.00"
2019-06-03,2019060301006921,AMFI,34,36,50,517.00,"25,850.00"
2019-06-03,2019060301006907,AMFI,29,36,10,518.00,"5,180.00"
2019-06-03,2019060301006906,AMFI,8,36,20,518.00,"10,360.00"
2019-06-03,2019060301006905,AMFI,42,36,150,519.00,"77,850.00"
2019-06-03,2019060301006904,AMFI,17,36,30,519.00,"15,570.00"
2019-06-03,2019060301006597,API,34,57,10,152.00,"1,520.00"
2019-06-03,2019060301006467,API,34,57,10,152.00,"1,520.00"
2019-06-03,2019060301006832,BARUN,36,57,10,94.00,940.00
2019-06-03,2019060301006697,BARUN,36,57,10,94.00,940.00
2019-06-03,2019060301006633,BARUN,36,39,50,94.00,"4,700.00"
2019-06-03,2019060301006632,BARUN,34,39,50,94.00,"4,700.00"
2019-06-03,2019060301006593,BARUN,34,47,10,94.00,940.00
2019-06-03,2019060301006516,BARUN,34,57,10,94.00,940.00
2019-06-03,2019060301006936,BOKL,44,7,"1,000",270.00,"270,000.00"
2019-06-03,2019060301006775,BOKL,28,34,200,271.00,"54,200.00"
2019-06-03,2019060301006718,BOKL,44,5,58,270.00,"15,660.00"
2019-06-03,2019060301006717,BOKL,44,5,50,270.00,"13,500.00"
2019-06-03,2019060301006716,BOKL,55,5,292,270.00,"78,840.00"
2019-06-03,2019060301006919,BPCL,47,47,22,413.00,"9,086.00"
2019-06-03,2019060301006860,BPCL,22,6,40,412.00,"16,480.00"
2019-06-03,2019060301006741,BPCL,47,47,22,412.00,"9,064.00"
2019-06-03,2019060301006662,BPCL,47,47,22,412.00,"9,064.00"
2019-06-03,2019060301006561,BPCL,51,43,150,412.00,"61,800.00"
2019-06-03,2019060301006560,BPCL,22,43,50,412.00,"20,600.00"
2019-06-03,2019060301006559,BPCL,58,43,100,412.00,"41,200.00"
2019-06-03,2019060301006558,BPCL,1,43,500,412.00,"206,000.00"
2019-06-03,2019060301006557,BPCL,21,43,200,412.00,"82,400.00"
2019-06-03,2019060301006556,BPCL,43,43,189,412.00,"77,868.00"
2019-06-03,2019060301006555,BPCL,55,43,209,413.00,"86,317.00"
2019-06-03,2019060301006468,BPCL,55,45,89,413.00,"36,757.00"
2019-06-03,2019060301006592,CBBL,26,39,70,943.00,"66,010.00"
2019-06-03,2019060301006746,CBL,45,17,100,147.00,"14,700.00"
2019-06-03,2019060301006629,CBL,22,17,300,147.00,"44,100.00"
2019-06-03,2019060301006926,CCBL,49,57,"3,753",166.00,"622,998.00"
2019-06-03,2019060301006908,CCBL,37,49,10,165.00,"1,650.00"
2019-06-03,2019060301006861,CCBL,38,57,500,166.00,"83,000.00"
2019-06-03,2019060301006660,CCBL,38,57,200,166.00,"33,200.00"
2019-06-03,2019060301006659,CCBL,7,57,100,166.00,"16,600.00"
2019-06-03,2019060301006658,CCBL,49,57,"1,000",166.00,"166,000.00"
2019-06-03,2019060301006651,CCBL,26,57,"1,000",166.00,"166,000.00"
2019-06-03,2019060301006650,CCBL,47,57,10,166.00,"1,660.00"
2019-06-03,2019060301006649,CCBL,41,57,500,166.00,"83,000.00"
2019-06-03,2019060301006648,CCBL,32,57,200,166.00,"33,200.00"
2019-06-03,2019060301006647,CCBL,58,57,"1,000",166.00,"166,000.00"
2019-06-03,2019060301006657,CCBL,39,57,"1,000",166.00,"166,000.00"
2019-06-03,2019060301006656,CCBL,17,57,"2,000",166.00,"332,000.00"
2019-06-03,2019060301006655,CCBL,38,57,500,166.00,"83,000.00"
2019-06-03,2019060301006654,CCBL,38,57,700,166.00,"116,200.00"
2019-06-03,2019060301006653,CCBL,55,57,"1,000",166.00,"166,000.00"
2019-06-03,2019060301006652,CCBL,38,57,500,166.00,"83,000.00"
2019-06-03,2019060301006934,CHLBS,45,38,280,440.00,"123,200.00"
2019-06-03,2019060301006933,CHLBS,45,25,20,439.00,"8,780.00"
2019-06-03,2019060301006720,CHLBS,38,38,10,438.00,"4,380.00"
2019-06-03,2019060301006595,CHLBS,38,38,10,438.00,"4,380.00"
2019-06-03,2019060301006582,CHLBS,38,38,10,438.00,"4,380.00"
2019-06-03,2019060301006507,CHLBS,38,38,10,439.00,"4,390.00"
2019-06-03,2019060301006488,CHLBS,38,38,10,440.00,"4,400.00"
2019-06-03,2019060301006851,CZBIL,43,26,152,226.00,"34,352.00"
2019-06-03,2019060301006850,CZBIL,34,26,43,226.00,"9,718.00"
2019-06-03,2019060301006849,CZBIL,6,26,290,227.00,"65,830.00"
2019-06-03,2019060301006795,CZBIL,6,44,10,227.00,"2,270.00"
2019-06-03,2019060301006794,CZBIL,6,29,800,227.00,"181,600.00"
2019-06-03,2019060301006793,CZBIL,6,49,500,227.00,"113,500.00"
2019-06-03,2019060301006627,DBBL,32,19,50,147.00,"7,350.00"
2019-06-03,2019060301006914,EBL,33,58,457,666.00,"304,362.00"
2019-06-03,2019060301006913,EBL,40,58,49,667.00,"32,683.00"
2019-06-03,2019060301006588,EDBL,16,38,74,294.00,"21,756.00"
2019-06-03,2019060301006587,EDBL,25,38,200,294.00,"58,800.00"
2019-06-03,2019060301006586,EDBL,28,38,20,294.00,"5,880.00"
2019-06-03,2019060301006585,EDBL,4,38,50,295.00,"14,750.00"
2019-06-03,2019060301006526,EDBL,21,38,11,297.00,"3,267.00"
2019-06-03,2019060301006899,EIC,47,41,10,406.00,"4,060.00"
2019-06-03,2019060301006898,EIC,39,41,20,406.00,"8,120.00"
2019-06-03,2019060301006743,FMDBL,44,39,15,397.00,"5,955.00"
2019-06-03,2019060301006939,FOWAD,44,43,29,"1,454.00","42,166.00"
2019-06-03,2019060301006918,FOWAD,47,43,10,"1,455.00","14,550.00"
2019-06-03,2019060301006889,FOWAD,47,43,10,"1,455.00","14,550.00"
2019-06-03,2019060301006888,FOWAD,46,43,10,"1,455.00","14,550.00"
2019-06-03,2019060301006887,FOWAD,33,43,30,"1,456.00","43,680.00"
2019-06-03,2019060301006713,FOWAD,36,57,20,"1,468.00","29,360.00"
2019-06-03,2019060301006872,GBBL,17,58,749,225.00,"168,525.00"
2019-06-03,2019060301006765,GBBL,17,16,251,225.00,"56,475.00"
2019-06-03,2019060301006764,GBBL,4,16,500,225.00,"112,500.00"
2019-06-03,2019060301006763,GBBL,58,16,349,225.00,"78,525.00"
2019-06-03,2019060301006721,GBIME,36,32,30,305.00,"9,150.00"
2019-06-03,2019060301006701,GBIME,41,25,231,304.00,"70,224.00"
2019-06-03,2019060301006700,GBIME,43,25,100,304.00,"30,400.00"
2019-06-03,2019060301006699,GBIME,43,25,100,304.00,"30,400.00"
2019-06-03,2019060301006698,GBIME,43,25,69,304.00,"20,976.00"
2019-06-03,2019060301006665,GBIME,42,32,695,305.00,"211,975.00"
2019-06-03,2019060301006664,GBIME,42,4,243,305.00,"74,115.00"
2019-06-03,2019060301006663,GBIME,42,4,62,305.00,"18,910.00"
