Date,Transact. No.,Symbol,Buyer,Seller,Quantity,Rate,Amount
2019-12-15,2019121501009505,ADBL,25,36,100,410.00,"41,000.00"
2019-12-15,2019121501009375,ADBL,14,36,25,411.00,"10,275.00"
2019-12-15,2019121501009278,ADBL,14,58,26,411.00,"10,686.00"
2019-12-15,2019121501009269,ADBL,14,42,200,411.00,"82,200.00"
2019-12-15,2019121501009268,ADBL,14,57,200,411.00,"82,200.00"
2019-12-15,2019121501009267,ADBL,14,58,549,411.00,"225,639.00"
2019-12-15,2019121501009358,AKBSL,35,34,50,467.00,"23,350.00"
2019-12-15,2019121501009281,AKBSL,10,55,10,466.00,"4,660.00"
2019-12-15,2019121501009280,AKBSL,10,55,10,466.00,"4,660.00"
2019-12-15,2019121501009251,AKBSL,10,22,10,461.00,"4,610.00"
2019-12-15,2019121501009244,AKBSL,10,38,10,460.00,"4,600.00"
2019-12-15,2019121501009148,AKBSL,34,40,20,453.00,"9,060.00"
2019-12-15,2019121501009027,AKBSL,33,42,10,452.00,"4,520.00"
2019-12-15,2019121501009466,AKPL,45,22,10,123.00,"1,230.00"
2019-12-15,2019121501009169,ALBSL,5,40,10,446.00,"4,460.00"
2019-12-15,2019121501009051,ALBSL,5,40,10,446.00,"4,460.00"
2019-12-15,2019121501009503,API,25,34,50,110.00,"5,500.00"
2019-12-15,2019121501009451,API,16,34,630,110.00,"69,300.00"
2019-12-15,2019121501009385,API,7,39,500,110.00,"55,000.00"
2019-12-15,2019121501009384,API,7,39,"1,280",110.00,"140,800.00"
2019-12-15,2019121501009369,API,42,39,20,110.00,"2,200.00"
2019-12-15,2019121501009052,API,25,39,400,110.00,"44,000.00"
2019-12-15,2019121501009270,API,25,39,200,110.00,"22,000.00"
2019-12-15,2019121501009182,API,22,57,428,109.00,"46,652.00"
2019-12-15,2019121501009178,API,25,39,300,110.00,"33,000.00"
2019-12-15,2019121501009099,API,45,39,200,110.00,"22,000.00"
2019-12-15,2019121501009381,BBC,18,4,17,"1,391.00","23,647.00"
2019-12-15,2019121501009476,BPCL,17,10,100,357.00,"35,700.00"
2019-12-15,2019121501009201,BPCL,26,26,1,356.00,356.00
2019-12-15,2019121501009135,BPCL,26,26,3,356.00,"1,068.00"
2019-12-15,2019121501009172,BPCL,44,44,10,359.00,"3,590.00"
2019-12-15,2019121501009184,BPCL,26,26,2,356.00,712.00
2019-12-15,2019121501009467,CBBL,34,39,120,804.00,"96,480.00"
2019-12-15,2019121501009234,CBBL,34,6,30,804.00,"24,120.00"
2019-12-15,2019121501009181,CBBL,4,11,30,803.00,"24,090.00"
2019-12-15,2019121501009374,CBL,43,1,10,138.00,"1,380.00"
2019-12-15,2019121501009287,CBL,35,56,191,137.00,"26,167.00"
2019-12-15,2019121501009286,CBL,51,56,"1,000",137.00,"137,000.00"
2019-12-15,2019121501009285,CBL,57,56,500,137.00,"68,500.00"
2019-12-15,2019121501009284,CBL,45,56,50,137.00,"6,850.00"
2019-12-15,2019121501009283,CBL,37,56,20,137.00,"2,740.00"
2019-12-15,2019121501009312,CCBL,45,44,54,168.00,"9,072.00"
2019-12-15,2019121501009311,CCBL,40,44,50,168.00,"8,400.00"
2019-12-15,2019121501009248,CCBL,38,55,100,169.00,"16,900.00"
2019-12-15,2019121501009261,CHCL,56,39,50,356.00,"17,800.00"
2019-12-15,2019121501009260,CHCL,42,39,100,356.00,"35,600.00"
2019-12-15,2019121501009259,CHCL,56,39,50,356.00,"17,800.00"
2019-12-15,2019121501009373,CIT,39,29,155,"1,735.00","268,925.00"
2019-12-15,2019121501009346,CIT,8,36,39,"1,728.00","67,392.00"
2019-12-15,2019121501009252,CIT,22,29,20,"1,735.00","34,700.00"
2019-12-15,2019121501009240,CIT,54,35,52,"1,730.00","89,960.00"
2019-12-15,2019121501009491,CZBIL,35,44,271,188.00,"50,948.00"
2019-12-15,2019121501009329,CZBIL,22,44,200,188.00,"37,600.00"
2019-12-15,2019121501009328,CZBIL,34,44,29,188.00,"5,452.00"
2019-12-15,2019121501009177,CZBIL,34,51,171,188.00,"32,148.00"
2019-12-15,2019121501009450,DBBL,42,44,16,126.00,"2,016.00"
2019-12-15,2019121501009355,DDBL,5,51,40,865.00,"34,600.00"
2019-12-15,2019121501009354,DDBL,28,51,70,865.00,"60,550.00"
2019-12-15,2019121501009161,DDBL,28,45,230,865.00,"198,950.00"
2019-12-15,2019121501009106,DDBL,1,21,100,870.00,"87,000.00"
2019-12-15,2019121501009105,DDBL,1,58,400,870.00,"348,000.00"
2019-12-15,2019121501009104,DDBL,1,32,229,869.00,"199,001.00"
2019-12-15,2019121501009083,DDBL,42,32,78,869.00,"67,782.00"
2019-12-15,2019121501009075,DDBL,1,32,25,869.00,"21,725.00"
2019-12-15,2019121501009074,DDBL,1,13,75,869.00,"65,175.00"
2019-12-15,2019121501009032,DDBL,41,13,500,869.00,"434,500.00"
2019-12-15,2019121501009464,EIC,35,48,210,263.00,"55,230.00"
2019-12-15,2019121501009463,EIC,29,48,500,263.00,"131,500.00"
2019-12-15,2019121501009462,EIC,39,48,500,264.00,"132,000.00"
2019-12-15,2019121501009461,EIC,41,48,100,266.00,"26,600.00"
2019-12-15,2019121501009460,EIC,25,48,10,267.00,"2,670.00"
2019-12-15,2019121501009459,EIC,13,48,300,267.00,"80,100.00"
2019-12-15,2019121501009144,EIC,39,38,100,273.00,"27,300.00"
2019-12-15,2019121501009141,EIC,55,38,50,273.00,"13,650.00"
2019-12-15,2019121501009097,EIC,11,38,200,273.00,"54,600.00"
2019-12-15,2019121501009050,EIC,45,48,225,272.00,"61,200.00"
2019-12-15,2019121501009033,EIC,56,48,275,272.00,"74,800.00"
2019-12-15,2019121501009458,EIC,25,48,50,268.00,"13,400.00"
2019-12-15,2019121501009457,EIC,57,48,130,268.00,"34,840.00"
2019-12-15,2019121501009357,EIC,57,3,70,268.00,"18,760.00"
2019-12-15,2019121501009338,EIC,56,3,500,272.00,"136,000.00"
2019-12-15,2019121501009337,EIC,49,3,50,273.00,"13,650.00"
2019-12-15,2019121501009145,EIC,39,5,200,273.00,"54,600.00"
2019-12-15,2019121501009322,FMDBL,34,57,100,318.00,"31,800.00"
2019-12-15,2019121501009263,FMDBL,26,57,100,318.00,"31,800.00"
2019-12-15,2019121501009125,FOWAD,26,26,4,"1,363.00","5,452.00"
2019-12-15,2019121501009054,FOWAD,39,37,100,"1,363.00","136,300.00"
2019-12-15,2019121501009475,GBBL,32,22,108,202.00,"21,816.00"
2019-12-15,2019121501009474,GBBL,4,22,65,202.00,"13,130.00"
2019-12-15,2019121501009397,GBLBS,40,51,200,318.00,"63,600.00"
2019-12-15,2019121501009415,GFCL,17,1,29,138.00,"4,002.00"
2019-12-15,2019121501009414,GFCL,17,41,21,136.00,"2,856.00"
2019-12-15,2019121501009413,GFCL,17,42,50,136.00,"6,800.00"
2019-12-15,2019121501009341,GGBSL,34,21,10,611.00,"6,110.00"
2019-12-15,2019121501009103,GGBSL,11,7,50,610.00,"30,500.00"
2019-12-15,2019121501009488,GILB,14,34,10,806.00,"8,060.00"
2019-12-15,2019121501009482,GILB,44,22,100,820.00,"82,000.00"
2019-12-15,2019121501009481,GILB,44,52,40,820.00,"32,800.00"
2019-12-15,2019121501009452,GILB,34,52,10,820.00,"8,200.00"
2019-12-15,2019121501009376,GILB,50,22,23,805.00,"18,515.00"
2019-12-15,2019121501009362,GILB,50,34,10,805.00,"8,050.00"
2019-12-15,2019121501009447,GLICL,38,32,90,441.00,"39,690.00"
2019-12-15,2019121501009343,GLICL,46,22,500,448.00,"224,000.00"
2019-12-15,2019121501009342,GLICL,46,52,115,447.00,"51,405.00"
2019-12-15,2019121501009143,GLICL,10,42,100,447.00,"44,700.00"
2019-12-15,2019121501009137,GLICL,49,43,100,445.00,"44,500.00"
2019-12-15,2019121501009136,GLICL,49,14,53,445.00,"23,585.00"
2019-12-15,2019121501009090,GLICL,50,8,50,439.00,"21,950.00"
2019-12-15,2019121501009121,GLICL,49,14,247,445.00,"109,915.00"
2019-12-15,2019121501009120,GLICL,49,38,"1,200",444.00,"532,800.00"
2019-12-15,2019121501009119,GLICL,49,34,153,444.00,"67,932.00"
2019-12-15,2019121501009118,GLICL,38,41,100,444.00,"44,400.00"
2019-12-15,2019121501009117,GLICL,38,18,100,443.00,"44,300.00"
2019-12-15,2019121501009091,GLICL,50,58,300,440.00,"132,000.00"
2019-12-15,2019121501009487,GMFBS,38,42,10,588.00,"5,880.00"
2019-12-15,2019121501009486,GMFBS,38,43,10,587.00,"5,870.00"
2019-12-15,2019121501009485,GMFBS,38,39,10,585.00,"5,850.00"
2019-12-15,2019121501009484,GMFBS,38,43,50,580.00,"29,000.00"
2019-12-15,2019121501009417,GMFBS,28,43,10,580.00,"5,800.00"
2019-12-15,2019121501009400,GMFBS,13,43,40,580.00,"23,200.00"
2019-12-15,2019121501009396,GMFBS,44,39,380,576.00,"218,880.00"
2019-12-15,2019121501009383,GMFBS,28,39,10,576.00,"5,760.00"
2019-12-15,2019121501009353,GMFBS,28,1,270,572.00,"154,440.00"
2019-12-15,2019121501009352,GMFBS,28,10,35,572.00,"20,020.00"
2019-12-15,2019121501009520,HBL,44,41,100,503.00,"50,300.00"
2019-12-15,2019121501009247,HDL,52,14,50,"1,255.00","62,750.00"
2019-12-15,2019121501009246,HDL,52,49,20,"1,254.00","25,080.00"
2019-12-15,2019121501009245,HDL,52,45,120,"1,252.00","150,240.00"
2019-12-15,2019121501009232,HGI,58,42,10,297.00,"2,970.00"
2019-12-15,2019121501009110,HURJA,45,34,20,107.00,"2,140.00"
2019-12-15,2019121501009042,HURJA,45,22,10,109.00,"1,090.00"
2019-12-15,2019121501009372,HURJA,45,36,20,107.00,"2,140.00"
2019-12-15,2019121501009310,ICFC,35,39,36,160.00,"5,760.00"
2019-12-15,2019121501009401,IGI,35,6,100,307.00,"30,700.00"
2019-12-15,2019121501009364,ILBS,19,39,10,559.00,"5,590.00"
2019-12-15,2019121501009309,ILBS,57,39,10,570.00,"5,700.00"
2019-12-15,2019121501009308,ILBS,57,39,10,570.00,"5,700.00"
2019-12-15,2019121501009307,ILBS,57,38,10,570.00,"5,700.00"
2019-12-15,2019121501009306,ILBS,57,38,10,570.00,"5,700.00"
2019-12-15,2019121501009305,ILBS,57,26,80,567.00,"45,360.00"
2019-12-15,2019121501009080,ILBS,19,14,50,566.00,"28,300.00"
2019-12-15,2019121501009079,ILBS,19,21,10,561.00,"5,610.00"
2019-12-15,2019121501009504,JBBL,49,10,10,169.00,"1,690.00"
2019-12-15,2019121501009243,JBBL,29,35,563,168.00,"94,584.00"
2019-12-15,2019121501009382,JSLBB,51,13,10,"1,245.00","12,450.00"
2019-12-15,2019121501009265,JSLBB,44,13,200,"1,223.00","244,600.00"
2019-12-15,2019121501009264,JSLBB,17,13,20,"1,225.00","24,500.00"
2019-12-15,2019121501009239,JSLBB,44,38,200,"1,227.00","245,400.00"
2019-12-15,2019121501009238,JSLBB,47,38,10,"1,228.00","12,280.00"
2019-12-15,2019121501009237,JSLBB,57,38,100,"1,229.00","122,900.00"
2019-12-15,2019121501009465,KBL,40,40,414,183.00,"75,762.00"
2019-12-15,2019121501009399,KBL,58,25,10,184.00,"1,840.00"
2019-12-15,2019121501009108,KBL,40,14,86,183.00,"15,738.00"
2019-12-15,2019121501009107,KBL,13,14,114,183.00,"20,862.00"
2019-12-15,2019121501009024,KPCL,47,33,40,82.00,"3,280.00"
2019-12-15,2019121501009023,KPCL,22,33,200,82.00,"16,400.00"
2019-12-15,2019121501009022,KPCL,57,33,200,82.00,"16,400.00"
2019-12-15,2019121501009402,KSBBL,21,51,510,141.00,"71,910.00"
2019-12-15,2019121501009393,KSBBL,50,51,200,141.00,"28,200.00"
2019-12-15,2019121501009392,KSBBL,1,51,190,141.00,"26,790.00"
2019-12-15,2019121501009350,KSBBL,1,44,110,141.00,"15,510.00"
2019-12-15,2019121501009291,KSBBL,1,44,250,141.00,"35,250.00"
2019-12-15,2019121501009501,LBBL,32,38,285,190.00,"54,150.00"
2019-12-15,2019121501009500,LBBL,32,34,100,190.00,"19,000.00"
2019-12-15,2019121501009499,LBBL,32,33,200,190.00,"38,000.00"
2019-12-15,2019121501009498,LBBL,32,59,200,190.00,"38,000.00"
2019-12-15,2019121501009361,LBBL,59,33,300,190.00,"57,000.00"
2019-12-15,2019121501009319,LBBL,42,36,257,189.00,"48,573.00"
2019-12-15,2019121501009159,LBBL,42,33,400,189.00,"75,600.00"
2019-12-15,2019121501009116,LBBL,45,33,"1,000",189.00,"189,000.00"
2019-12-15,2019121501009115,LBBL,36,33,100,189.00,"18,900.00"
2019-12-15,2019121501009048,LBL,33,35,500,197.00,"98,500.00"
2019-12-15,2019121501009093,LGIL,16,35,60,338.00,"20,280.00"
2019-12-15,2019121501009092,LGIL,16,45,40,338.00,"13,520.00"
2019-12-15,2019121501009521,MBL,3,55,12,224.00,"2,688.00"
2019-12-15,2019121501009411,MBL,33,55,10,224.00,"2,240.00"
2019-12-15,2019121501009256,MBL,38,58,50,223.00,"11,150.00"
2019-12-15,2019121501009128,MBL,38,50,400,223.00,"89,200.00"
2019-12-15,2019121501009037,MBL,38,48,525,223.00,"117,075.00"
2019-12-15,2019121501009324,MEGA,43,42,10,189.00,"1,890.00"
2019-12-15,2019121501009323,MEGA,43,42,11,188.00,"2,068.00"
2019-12-15,2019121501009056,MEGA,46,42,536,188.00,"100,768.00"
2019-12-15,2019121501009026,MERO,42,32,70,456.00,"31,920.00"
2019-12-15,2019121501009025,MERO,42,1,30,455.00,"13,650.00"
2019-12-15,2019121501009174,MFIL,21,42,805,133.00,"107,065.00"
2019-12-15,2019121501009034,MFIL,26,38,100,134.00,"13,400.00"
2019-12-15,2019121501009472,MLBBL,48,7,10,530.00,"5,300.00"
2019-12-15,2019121501009480,MLBL,33,46,10,178.00,"1,780.00"
2019-12-15,2019121501009317,MNBBL,52,36,43,280.00,"12,040.00"
2019-12-15,2019121501009316,MNBBL,25,36,80,281.00,"22,480.00"
2019-12-15,2019121501009236,MNBBL,47,49,50,284.00,"14,200.00"
2019-12-15,2019121501009443,NABIL,34,4,"1,955",744.00,"1,454,520.00"
2019-12-15,2019121501009442,NABIL,17,4,145,744.00,"107,880.00"
2019-12-15,2019121501009441,NABIL,17,4,500,745.00,"372,500.00"
2019-12-15,2019121501009440,NABIL,6,4,400,745.00,"298,000.00"
2019-12-15,2019121501009395,NABIL,58,11,10,750.00,"7,500.00"
2019-12-15,2019121501009394,NABIL,58,45,20,749.00,"14,980.00"
2019-12-15,2019121501009386,NABIL,6,47,100,745.00,"74,500.00"
2019-12-15,2019121501009508,NADEP,1,6,100,455.00,"45,500.00"
2019-12-15,2019121501009507,NADEP,21,6,60,455.00,"27,300.00"
2019-12-15,2019121501009325,NBL,10,4,270,314.00,"84,780.00"
2019-12-15,2019121501009298,NBL,10,19,230,314.00,"72,220.00"
2019-12-15,2019121501009086,NBL,43,19,270,314.00,"84,780.00"
2019-12-15,2019121501009085,NBL,43,58,500,314.00,"157,000.00"
2019-12-15,2019121501009084,NBL,43,42,230,314.00,"72,220.00"
2019-12-15,2019121501009049,NBL,59,42,10,314.00,"3,140.00"
2019-12-15,2019121501009513,NCCB,33,57,18,205.00,"3,690.00"
2019-12-15,2019121501009512,NCCB,33,52,85,204.00,"17,340.00"
2019-12-15,2019121501009511,NCCB,33,46,707,204.00,"144,228.00"
2019-12-15,2019121501009302,NCCB,49,28,500,204.00,"102,000.00"
2019-12-15,2019121501009301,NCCB,49,5,500,204.00,"102,000.00"
2019-12-15,2019121501009226,NCCB,52,46,10,202.00,"2,020.00"
2019-12-15,2019121501009132,NCCB,48,16,581,203.00,"117,943.00"
2019-12-15,2019121501009516,NIB,50,51,34,428.00,"14,552.00"
2019-12-15,2019121501009497,NIB,50,39,17,428.00,"7,276.00"
2019-12-15,2019121501009271,NIBSF1,57,22,500,8.32,"4,160.00"
2019-12-15,2019121501009510,NICA,46,42,16,421.00,"6,736.00"
2019-12-15,2019121501009439,NICA,44,34,100,420.00,"42,000.00"
2019-12-15,2019121501009438,NICA,44,11,359,420.00,"150,780.00"
2019-12-15,2019121501009437,NICA,44,20,100,420.00,"42,000.00"
2019-12-15,2019121501009436,NICA,44,41,25,420.00,"10,500.00"
2019-12-15,2019121501009435,NICA,44,19,300,420.00,"126,000.00"
2019-12-15,2019121501009096,NICA,36,4,54,419.00,"22,626.00"
2019-12-15,2019121501009065,NICA,44,41,200,418.00,"83,600.00"
2019-12-15,2019121501009064,NICA,44,57,70,418.00,"29,260.00"
2019-12-15,2019121501009063,NICA,44,45,887,418.00,"370,766.00"
2019-12-15,2019121501009062,NICA,44,32,378,418.00,"158,004.00"
2019-12-15,2019121501009222,NICA,44,28,"1,000",419.00,"419,000.00"
2019-12-15,2019121501009221,NICA,44,39,101,419.00,"42,319.00"
2019-12-15,2019121501009220,NICA,44,52,870,419.00,"364,530.00"
2019-12-15,2019121501009219,NICA,44,42,237,419.00,"99,303.00"
2019-12-15,2019121501009176,NICA,26,42,13,419.00,"5,447.00"
2019-12-15,2019121501009175,NICA,26,4,37,419.00,"15,503.00"
2019-12-15,2019121501009404,NICA,36,44,200,420.00,"84,000.00"
2019-12-15,2019121501009403,NICA,36,44,127,420.00,"53,340.00"
2019-12-15,2019121501009297,NICA,36,44,33,420.00,"13,860.00"
2019-12-15,2019121501009250,NICA,53,41,89,418.00,"37,202.00"
2019-12-15,2019121501009233,NICA,36,44,40,420.00,"16,800.00"
2019-12-15,2019121501009223,NICA,44,48,"3,000",419.00,"1,257,000.00"
2019-12-15,2019121501009410,NICA,36,41,122,420.00,"51,240.00"
2019-12-15,2019121501009409,NICA,36,22,200,420.00,"84,000.00"
2019-12-15,2019121501009408,NICA,36,46,55,420.00,"23,100.00"
2019-12-15,2019121501009407,NICA,36,32,496,420.00,"208,320.00"
2019-12-15,2019121501009406,NICA,36,44,200,420.00,"84,000.00"
2019-12-15,2019121501009405,NICA,36,44,100,420.00,"42,000.00"
2019-12-15,2019121501009446,NICBF,42,16,500,9.50,"4,750.00"
2019-12-15,2019121501009445,NICL,26,55,100,305.00,"30,500.00"
2019-12-15,2019121501009345,NICL,43,55,10,305.00,"3,050.00"
2019-12-15,2019121501009160,NICL,45,48,90,304.00,"27,360.00"
2019-12-15,2019121501009139,NICL,45,33,180,300.00,"54,000.00"
2019-12-15,2019121501009113,NICL,25,33,10,300.00,"3,000.00"
2019-12-15,2019121501009112,NICL,25,40,65,299.00,"19,435.00"
2019-12-15,2019121501009111,NICL,25,40,39,299.00,"11,661.00"
2019-12-15,2019121501009377,NIL,35,55,100,425.00,"42,500.00"
2019-12-15,2019121501009242,NIL,38,55,10,425.00,"4,250.00"
2019-12-15,2019121501009241,NIL,38,6,60,422.00,"25,320.00"
2019-12-15,2019121501009229,NIL,38,42,529,418.00,"221,122.00"
2019-12-15,2019121501009228,NIL,38,29,153,417.00,"63,801.00"
2019-12-15,2019121501009356,NLBBL,28,58,200,551.00,"110,200.00"
2019-12-15,2019121501009109,NLBBL,50,33,256,552.00,"141,312.00"
2019-12-15,2019121501009430,NLG,54,49,90,609.00,"54,810.00"
2019-12-15,2019121501009429,NLG,54,42,70,605.00,"42,350.00"
2019-12-15,2019121501009428,NLG,54,7,50,604.00,"30,200.00"
2019-12-15,2019121501009427,NLG,54,45,90,600.00,"54,000.00"
2019-12-15,2019121501009162,NLG,58,58,109,595.00,"64,855.00"
2019-12-15,2019121501009152,NLG,58,56,941,595.00,"559,895.00"
2019-12-15,2019121501009151,NLG,58,49,150,594.00,"89,100.00"
2019-12-15,2019121501009142,NLG,19,43,500,588.00,"294,000.00"
2019-12-15,2019121501009173,NLG,58,58,691,584.00,"403,544.00"
2019-12-15,2019121501009166,NLG,33,58,100,585.00,"58,500.00"
2019-12-15,2019121501009165,NLG,52,58,200,587.00,"117,400.00"
2019-12-15,2019121501009164,NLG,58,58,200,588.00,"117,600.00"
2019-12-15,2019121501009163,NLG,19,58,200,588.00,"117,600.00"
2019-12-15,2019121501009196,NLG,58,45,10,600.00,"6,000.00"
2019-12-15,2019121501009195,NLG,58,47,20,598.00,"11,960.00"
2019-12-15,2019121501009194,NLG,58,58,10,594.00,"5,940.00"
2019-12-15,2019121501009180,NLG,55,6,70,583.00,"40,810.00"
2019-12-15,2019121501009179,NLG,40,6,100,583.00,"58,300.00"
2019-12-15,2019121501009471,NLIC,44,41,10,902.00,"9,020.00"
2019-12-15,2019121501009433,NLIC,41,41,300,895.00,"268,500.00"
2019-12-15,2019121501009389,NLIC,41,50,100,900.00,"90,000.00"
2019-12-15,2019121501009388,NLIC,41,42,50,900.00,"45,000.00"
2019-12-15,2019121501009387,NLIC,41,37,50,900.00,"45,000.00"
2019-12-15,2019121501009351,NLIC,21,16,300,897.00,"269,100.00"
2019-12-15,2019121501009258,NLIC,6,32,107,896.00,"95,872.00"
2019-12-15,2019121501009102,NLIC,56,34,20,893.00,"17,860.00"
2019-12-15,2019121501009279,NLICL,38,38,10,489.00,"4,890.00"
2019-12-15,2019121501009122,NLICL,10,34,20,480.00,"9,600.00"
2019-12-15,2019121501009040,NLICL,10,45,268,480.00,"128,640.00"
2019-12-15,2019121501009039,NLICL,35,45,100,480.00,"48,000.00"
2019-12-15,2019121501009036,NLICL,38,16,227,488.00,"110,776.00"
2019-12-15,2019121501009519,NMB,14,50,13,403.00,"5,239.00"
2019-12-15,2019121501009518,NMB,14,39,150,403.00,"60,450.00"
2019-12-15,2019121501009517,NMB,14,35,210,403.00,"84,630.00"
2019-12-15,2019121501009515,NMB,35,35,290,403.00,"116,870.00"
2019-12-15,2019121501009514,NMB,35,54,210,403.00,"84,630.00"
2019-12-15,2019121501009363,NMB,49,54,100,403.00,"40,300.00"
2019-12-15,2019121501009076,NMB,38,57,40,401.00,"16,040.00"
2019-12-15,2019121501009073,NMB,22,57,100,401.00,"40,100.00"
2019-12-15,2019121501009072,NMB,50,57,100,401.00,"40,100.00"
2019-12-15,2019121501009071,NMB,59,57,10,402.00,"4,020.00"
2019-12-15,2019121501009320,NMB,38,54,100,403.00,"40,300.00"
2019-12-15,2019121501009282,NMB,45,39,100,402.00,"40,200.00"
2019-12-15,2019121501009277,NMB,35,54,100,403.00,"40,300.00"
2019-12-15,2019121501009215,NMB,45,46,40,402.00,"16,080.00"
2019-12-15,2019121501009203,NMB,46,54,17,403.00,"6,851.00"
2019-12-15,2019121501009189,NMB,38,54,460,403.00,"185,380.00"
2019-12-15,2019121501009124,NMBHF1,13,1,"10,000",8.72,"87,200.00"
2019-12-15,2019121501009371,NNLB,44,42,100,620.00,"62,000.00"
2019-12-15,2019121501009502,NUBL,29,29,40,973.00,"38,920.00"
2019-12-15,2019121501009473,NUBL,37,29,100,974.00,"97,400.00"
2019-12-15,2019121501009456,NUBL,29,47,42,973.00,"40,866.00"
2019-12-15,2019121501009455,NUBL,13,47,20,973.00,"19,460.00"
2019-12-15,2019121501009454,NUBL,45,47,20,973.00,"19,460.00"
2019-12-15,2019121501009453,NUBL,13,47,10,973.00,"9,730.00"
2019-12-15,2019121501009035,NUBL,45,47,10,975.00,"9,750.00"
2019-12-15,2019121501009029,NUBL,52,19,80,979.00,"78,320.00"
2019-12-15,2019121501009028,NUBL,52,6,70,978.00,"68,460.00"
2019-12-15,2019121501009153,NUBL,57,47,20,975.00,"19,500.00"
2019-12-15,2019121501009150,NUBL,58,47,25,975.00,"24,375.00"
2019-12-15,2019121501009149,NUBL,58,47,45,975.00,"43,875.00"
2019-12-15,2019121501009114,NUBL,59,47,20,975.00,"19,500.00"
2019-12-15,2019121501009321,NUBL,25,47,75,974.00,"73,050.00"
2019-12-15,2019121501009293,NUBL,36,47,80,975.00,"78,000.00"
2019-12-15,2019121501009292,NUBL,36,47,62,975.00,"60,450.00"
2019-12-15,2019121501009191,NUBL,45,47,18,975.00,"17,550.00"
2019-12-15,2019121501009190,NUBL,45,47,32,975.00,"31,200.00"
2019-12-15,2019121501009431,NUBL,39,29,100,974.00,"97,400.00"
2019-12-15,2019121501009426,NUBL,50,47,10,975.00,"9,750.00"
2019-12-15,2019121501009425,NUBL,45,59,50,975.00,"48,750.00"
2019-12-15,2019121501009424,NUBL,45,47,50,975.00,"48,750.00"
2019-12-15,2019121501009380,NUBL,35,47,35,975.00,"34,125.00"
2019-12-15,2019121501009379,NUBL,35,47,15,974.00,"14,610.00"
2019-12-15,2019121501009478,PCBL,56,6,59,282.00,"16,638.00"
2019-12-15,2019121501009273,PCBL,33,22,100,281.00,"28,100.00"
2019-12-15,2019121501009272,PCBL,33,52,411,281.00,"115,491.00"
2019-12-15,2019121501009185,PCBL,35,52,50,281.00,"14,050.00"
2019-12-15,2019121501009483,PFL,35,20,196,145.00,"28,420.00"
2019-12-15,2019121501009044,PFL,48,20,500,145.00,"72,500.00"
2019-12-15,2019121501009378,PIC,58,57,10,415.00,"4,150.00"
2019-12-15,2019121501009349,PIC,51,28,50,407.00,"20,350.00"
2019-12-15,2019121501009348,PIC,42,28,50,407.00,"20,350.00"
2019-12-15,2019121501009200,PIC,25,21,20,415.00,"8,300.00"
2019-12-15,2019121501009199,PIC,25,38,39,415.00,"16,185.00"
2019-12-15,2019121501009098,PIC,41,29,200,412.00,"82,400.00"
2019-12-15,2019121501009490,PICL,38,10,413,430.00,"177,590.00"
2019-12-15,2019121501009489,PICL,38,40,100,429.00,"42,900.00"
2019-12-15,2019121501009225,PICL,58,10,10,430.00,"4,300.00"
2019-12-15,2019121501009509,PLIC,18,7,149,354.00,"52,746.00"
2019-12-15,2019121501009479,PLIC,45,33,20,361.00,"7,220.00"
2019-12-15,2019121501009188,PLIC,29,38,162,352.00,"57,024.00"
2019-12-15,2019121501009047,PLIC,10,32,20,355.00,"7,100.00"
2019-12-15,2019121501009089,PMHPL,10,34,10,87.00,870.00
2019-12-15,2019121501009444,PRIN,58,36,10,342.00,"3,420.00"
2019-12-15,2019121501009368,PRIN,58,16,174,339.00,"58,986.00"
2019-12-15,2019121501009367,PRIN,58,21,163,338.00,"55,094.00"
2019-12-15,2019121501009318,PRIN,41,21,100,338.00,"33,800.00"
2019-12-15,2019121501009230,PRIN,58,21,30,338.00,"10,140.00"
2019-12-15,2019121501009183,PRIN,59,55,290,337.00,"97,730.00"
2019-12-15,2019121501009043,PRIN,41,55,100,337.00,"33,700.00"
2019-12-15,2019121501009470,PRVU,13,8,"1,000",227.00,"227,000.00"
2019-12-15,2019121501009469,PRVU,13,40,167,227.00,"37,909.00"
2019-12-15,2019121501009045,PRVU,8,25,100,226.00,"22,600.00"
2019-12-15,2019121501009326,RHPL,41,13,40,176.00,"7,040.00"
2019-12-15,2019121501009253,RHPL,41,13,50,176.00,"8,800.00"
2019-12-15,2019121501009126,RHPL,45,26,10,177.00,"1,770.00"
2019-12-15,2019121501009081,RHPL,41,40,50,176.00,"8,800.00"
2019-12-15,2019121501009077,RHPL,45,26,10,177.00,"1,770.00"
2019-12-15,2019121501009276,RMDC,50,48,61,618.00,"37,698.00"
2019-12-15,2019121501009131,RSDC,6,1,25,320.00,"8,000.00"
2019-12-15,2019121501009360,SABSL,46,16,10,553.00,"5,530.00"
2019-12-15,2019121501009204,SABSL,19,58,10,543.00,"5,430.00"
2019-12-15,2019121501009140,SABSL,46,43,140,545.00,"76,300.00"
2019-12-15,2019121501009070,SANIMA,46,40,670,314.00,"210,380.00"
2019-12-15,2019121501009069,SANIMA,34,40,100,314.00,"31,400.00"
2019-12-15,2019121501009068,SANIMA,57,40,20,315.00,"6,300.00"
2019-12-15,2019121501009067,SANIMA,59,40,500,315.00,"157,500.00"
2019-12-15,2019121501009066,SANIMA,6,40,210,315.00,"66,150.00"
2019-12-15,2019121501009296,SBI,29,58,50,353.00,"17,650.00"
2019-12-15,2019121501009227,SBI,42,45,44,352.00,"15,488.00"
2019-12-15,2019121501009171,SBI,42,57,50,352.00,"17,600.00"
2019-12-15,2019121501009170,SBI,56,57,200,352.00,"70,400.00"
2019-12-15,2019121501009061,SBI,28,45,100,353.00,"35,300.00"
2019-12-15,2019121501009060,SBI,50,45,39,355.00,"13,845.00"
2019-12-15,2019121501009059,SBI,28,45,500,355.00,"177,500.00"
2019-12-15,2019121501009058,SBI,7,45,61,355.00,"21,655.00"
2019-12-15,2019121501009057,SBI,28,45,30,355.00,"10,650.00"
2019-12-15,2019121501009432,SBL,17,36,250,291.00,"72,750.00"
2019-12-15,2019121501009340,SBL,17,51,50,291.00,"14,550.00"
2019-12-15,2019121501009448,SCB,35,22,33,540.00,"17,820.00"
2019-12-15,2019121501009347,SCB,42,42,25,539.00,"13,475.00"
2019-12-15,2019121501009214,SCB,37,45,606,536.00,"324,816.00"
2019-12-15,2019121501009213,SCB,28,45,60,536.00,"32,160.00"
2019-12-15,2019121501009212,SCB,28,45,200,536.00,"107,200.00"
2019-12-15,2019121501009211,SCB,11,45,38,536.00,"20,368.00"
2019-12-15,2019121501009205,SDESI,45,37,40,568.00,"22,720.00"
2019-12-15,2019121501009193,SDESI,51,37,175,575.00,"100,625.00"
2019-12-15,2019121501009192,SDESI,59,37,106,576.00,"61,056.00"
2019-12-15,2019121501009055,SDESI,59,26,67,576.00,"38,592.00"
2019-12-15,2019121501009477,SEF,39,48,"1,000",8.80,"8,800.00"
2019-12-15,2019121501009449,SHINE,56,22,619,236.00,"146,084.00"
2019-12-15,2019121501009304,SHINE,39,21,500,238.00,"119,000.00"
2019-12-15,2019121501009294,SHINE,56,37,199,236.00,"46,964.00"
2019-12-15,2019121501009275,SHINE,40,4,300,236.00,"70,800.00"
2019-12-15,2019121501009391,SHIVM,11,47,29,363.00,"10,527.00"
2019-12-15,2019121501009327,SHIVM,48,49,40,360.00,"14,400.00"
2019-12-15,2019121501009315,SHIVM,55,49,30,360.00,"10,800.00"
2019-12-15,2019121501009300,SHIVM,54,45,400,360.00,"144,000.00"
2019-12-15,2019121501009299,SHIVM,54,18,100,360.00,"36,000.00"
2019-12-15,2019121501009231,SHIVM,10,18,100,360.00,"36,000.00"
2019-12-15,2019121501009100,SHIVM,6,16,10,360.00,"3,600.00"
2019-12-15,2019121501009038,SHIVM,33,33,430,361.00,"155,230.00"
2019-12-15,2019121501009218,SHIVM,32,17,50,359.00,"17,950.00"
2019-12-15,2019121501009156,SHIVM,19,18,140,360.00,"50,400.00"
2019-12-15,2019121501009155,SHIVM,42,18,50,360.00,"18,000.00"
2019-12-15,2019121501009154,SHIVM,13,18,10,360.00,"3,600.00"
2019-12-15,2019121501009123,SHIVM,22,45,100,362.00,"36,200.00"
2019-12-15,2019121501009101,SHIVM,13,16,190,360.00,"68,400.00"
2019-12-15,2019121501009339,SHL,39,57,100,186.00,"18,600.00"
2019-12-15,2019121501009210,SHL,56,38,277,185.00,"51,245.00"
2019-12-15,2019121501009209,SHL,55,38,100,185.00,"18,500.00"
2019-12-15,2019121501009208,SHL,54,38,100,185.00,"18,500.00"
2019-12-15,2019121501009207,SHL,34,38,100,185.00,"18,500.00"
2019-12-15,2019121501009206,SHL,29,38,423,185.00,"78,255.00"
2019-12-15,2019121501009198,SHPC,48,50,20,200.00,"4,000.00"
2019-12-15,2019121501009197,SHPC,48,4,180,199.00,"35,820.00"
2019-12-15,2019121501009412,SICL,46,1,30,860.00,"25,800.00"
2019-12-15,2019121501009158,SICL,58,33,100,849.00,"84,900.00"
2019-12-15,2019121501009157,SICL,58,38,28,848.00,"23,744.00"
2019-12-15,2019121501009130,SICL,10,38,68,848.00,"57,664.00"
2019-12-15,2019121501009129,SICL,10,22,28,847.00,"23,716.00"
2019-12-15,2019121501009336,SIL,58,6,10,418.00,"4,180.00"
2019-12-15,2019121501009290,SIL,38,46,200,415.00,"83,000.00"
2019-12-15,2019121501009289,SIL,38,58,331,415.00,"137,365.00"
2019-12-15,2019121501009359,SJCL,11,13,20,161.00,"3,220.00"
2019-12-15,2019121501009288,SJCL,11,13,20,161.00,"3,220.00"
2019-12-15,2019121501009078,SJCL,11,42,20,161.00,"3,220.00"
2019-12-15,2019121501009138,SKBBL,47,45,17,976.00,"16,592.00"
2019-12-15,2019121501009133,SKBBL,47,38,65,976.00,"63,440.00"
2019-12-15,2019121501009095,SKBBL,48,38,65,977.00,"63,505.00"
2019-12-15,2019121501009082,SKBBL,48,38,65,977.00,"63,505.00"
2019-12-15,2019121501009053,SKBBL,48,38,65,977.00,"63,505.00"
2019-12-15,2019121501009416,SLBBL,32,37,10,566.00,"5,660.00"
2019-12-15,2019121501009344,SLBSL,49,49,180,606.00,"109,080.00"
2019-12-15,2019121501009094,SLBSL,45,42,10,611.00,"6,110.00"
2019-12-15,2019121501009257,SLBSL,55,48,80,611.00,"48,880.00"
2019-12-15,2019121501009224,SLBSL,45,11,10,611.00,"6,110.00"
2019-12-15,2019121501009434,SLICL,25,17,20,300.00,"6,000.00"
2019-12-15,2019121501009255,SLICL,16,58,100,299.00,"29,900.00"
2019-12-15,2019121501009187,SLICL,1,1,100,300.00,"30,000.00"
2019-12-15,2019121501009168,SLICL,25,17,64,300.00,"19,200.00"
2019-12-15,2019121501009167,SLICL,25,34,236,299.00,"70,564.00"
2019-12-15,2019121501009088,SLICL,25,29,20,297.00,"5,940.00"
2019-12-15,2019121501009274,SMFBS,25,34,11,918.00,"10,098.00"
2019-12-15,2019121501009303,SPARS,44,34,10,590.00,"5,900.00"
2019-12-15,2019121501009262,SPARS,44,34,50,582.00,"29,100.00"
2019-12-15,2019121501009249,SPARS,44,34,100,580.00,"58,000.00"
2019-12-15,2019121501009506,STC,5,1,10,"1,550.00","15,500.00"
2019-12-15,2019121501009335,STC,51,41,10,"1,570.00","15,700.00"
2019-12-15,2019121501009254,STC,52,28,30,"1,565.00","46,950.00"
2019-12-15,2019121501009235,STC,51,35,10,"1,569.00","15,690.00"
2019-12-15,2019121501009087,STC,52,1,10,"1,565.00","15,650.00"
2019-12-15,2019121501009046,STC,52,38,60,"1,565.00","93,900.00"
2019-12-15,2019121501009468,SWBBL,39,19,100,"1,042.00","104,200.00"
2019-12-15,2019121501009366,SWBBL,47,38,13,"1,045.00","13,585.00"
2019-12-15,2019121501009365,SWBBL,49,38,90,"1,045.00","94,050.00"
2019-12-15,2019121501009334,SWBBL,49,38,93,"1,045.00","97,185.00"
2019-12-15,2019121501009333,SWBBL,49,38,84,"1,045.00","87,780.00"
2019-12-15,2019121501009332,SWBBL,49,38,69,"1,045.00","72,105.00"
2019-12-15,2019121501009216,SWBBL,47,28,50,"1,042.00","52,100.00"
2019-12-15,2019121501009031,SWBBL,44,38,55,"1,045.00","57,475.00"
2019-12-15,2019121501009030,SWBBL,36,38,10,"1,045.00","10,450.00"
2019-12-15,2019121501009331,SWBBL,49,38,63,"1,045.00","65,835.00"
2019-12-15,2019121501009330,SWBBL,49,44,201,"1,044.00","209,844.00"
2019-12-15,2019121501009314,SWBBL,21,38,10,"1,042.00","10,420.00"
2019-12-15,2019121501009313,SWBBL,44,38,100,"1,042.00","104,200.00"
2019-12-15,2019121501009295,SWBBL,36,38,50,"1,042.00","52,100.00"
2019-12-15,2019121501009217,SWBBL,36,28,50,"1,042.00","52,100.00"
2019-12-15,2019121501009266,TMDBL,52,34,11,151.00,"1,661.00"
2019-12-15,2019121501009202,TMDBL,52,29,30,154.00,"4,620.00"
2019-12-15,2019121501009147,TMDBL,52,59,700,153.00,"107,100.00"
2019-12-15,2019121501009134,TMDBL,52,59,30,151.00,"4,530.00"
2019-12-15,2019121501009423,UIC,41,3,75,289.00,"21,675.00"
2019-12-15,2019121501009422,UIC,11,3,10,289.00,"2,890.00"
2019-12-15,2019121501009421,UIC,38,3,100,289.00,"28,900.00"
2019-12-15,2019121501009420,UIC,22,3,100,290.00,"29,000.00"
2019-12-15,2019121501009419,UIC,50,3,100,290.00,"29,000.00"
2019-12-15,2019121501009418,UIC,57,3,115,292.00,"33,580.00"
2019-12-15,2019121501009390,UIC,57,29,100,292.00,"29,200.00"
2019-12-15,2019121501009041,UIC,16,29,100,292.00,"29,200.00"
2019-12-15,2019121501009496,UPPER,33,40,500,241.00,"120,500.00"
2019-12-15,2019121501009495,UPPER,33,45,121,240.00,"29,040.00"
2019-12-15,2019121501009494,UPPER,33,40,152,240.00,"36,480.00"
2019-12-15,2019121501009493,UPPER,33,13,500,239.00,"119,500.00"
2019-12-15,2019121501009492,UPPER,33,32,590,238.00,"140,420.00"
2019-12-15,2019121501009398,UPPER,3,32,200,238.00,"47,600.00"
2019-12-15,2019121501009370,UPPER,22,34,20,237.00,"4,740.00"
2019-12-15,2019121501009186,UPPER,43,32,100,238.00,"23,800.00"
2019-12-15,2019121501009146,UPPER,22,20,50,237.00,"11,850.00"
2019-12-15,2019121501009127,UPPER,45,32,100,238.00,"23,800.00"
2019-12-15,2019121501008764,ADBL,19,36,480,410.00,"196,800.00"
2019-12-15,2019121501008600,AHPC,34,34,260,97.00,"25,220.00"
2019-12-15,2019121501008599,AHPC,52,34,200,97.00,"19,400.00"
2019-12-15,2019121501008598,AHPC,48,34,200,97.00,"19,400.00"
2019-12-15,2019121501008577,AHPC,28,34,40,98.00,"3,920.00"
2019-12-15,2019121501008548,AHPC,42,34,523,99.00,"51,777.00"
2019-12-15,2019121501008964,AKBSL,33,40,10,452.00,"4,520.00"
2019-12-15,2019121501008888,AKBSL,51,54,10,452.00,"4,520.00"
2019-12-15,2019121501008789,AKBSL,51,39,10,452.00,"4,520.00"
2019-12-15,2019121501008650,AKBSL,51,25,10,452.00,"4,520.00"
2019-12-15,2019121501008618,AKBSL,51,28,10,452.00,"4,520.00"
2019-12-15,2019121501008602,AKBSL,51,40,50,452.00,"22,600.00"
2019-12-15,2019121501008996,ALBSL,41,1,20,449.00,"8,980.00"
2019-12-15,2019121501008976,ALBSL,5,40,10,446.00,"4,460.00"
2019-12-15,2019121501008968,ALBSL,55,33,44,448.00,"19,712.00"
2019-12-15,2019121501008937,ALBSL,18,40,10,445.00,"4,450.00"
2019-12-15,2019121501008807,ALBSL,18,25,150,445.00,"66,750.00"
2019-12-15,2019121501008806,ALBSL,55,25,50,446.00,"22,300.00"
2019-12-15,2019121501008582,ALBSL,16,16,80,445.00,"35,600.00"
2019-12-15,2019121501008882,ALICL,50,25,100,363.00,"36,300.00"
2019-12-15,2019121501008840,ALICL,6,25,300,361.00,"108,300.00"
2019-12-15,2019121501008768,ALICL,52,42,300,356.00,"106,800.00"
2019-12-15,2019121501009000,API,38,38,650,109.00,"70,850.00"
2019-12-15,2019121501008972,API,25,39,500,110.00,"55,000.00"
2019-12-15,2019121501008934,API,25,39,150,110.00,"16,500.00"
2019-12-15,2019121501008640,API,25,39,50,110.00,"5,500.00"
2019-12-15,2019121501008633,BFC,56,42,10,84.00,840.00
2019-12-15,2019121501009005,BOKL,32,42,10,222.00,"2,220.00"
2019-12-15,2019121501008936,BOKL,58,45,"1,215",218.00,"264,870.00"
2019-12-15,2019121501008881,BOKL,57,45,10,218.00,"2,180.00"
2019-12-15,2019121501008880,BOKL,45,45,566,218.00,"123,388.00"
2019-12-15,2019121501008879,BOKL,13,45,183,218.00,"39,894.00"
2019-12-15,2019121501008878,BOKL,33,45,400,219.00,"87,600.00"
2019-12-15,2019121501008729,BOKL,32,42,10,222.00,"2,220.00"
2019-12-15,2019121501008628,BOKL,33,57,100,219.00,"21,900.00"
2019-12-15,2019121501008624,BOKL,26,57,100,219.00,"21,900.00"
2019-12-15,2019121501008781,BPCL,26,26,3,350.00,"1,050.00"
2019-12-15,2019121501008535,BPCL,26,26,3,350.00,"1,050.00"
2019-12-15,2019121501008526,BPCL,16,6,500,354.00,"177,000.00"
2019-12-15,2019121501008747,CBBL,4,7,100,803.00,"80,300.00"
2019-12-15,2019121501009006,CBL,26,1,50,138.00,"6,900.00"
2019-12-15,2019121501008828,CCBL,21,55,500,169.00,"84,500.00"
2019-12-15,2019121501008531,CHCL,56,59,150,356.00,"53,400.00"
2019-12-15,2019121501008999,CIT,54,53,280,"1,730.00","484,400.00"
2019-12-15,2019121501008998,CIT,46,53,20,"1,731.00","34,620.00"
2019-12-15,2019121501008634,CIT,54,19,97,"1,730.00","167,810.00"
2019-12-15,2019121501008763,CLBSL,26,26,1,603.00,603.00
2019-12-15,2019121501008877,CZBIL,29,6,290,187.00,"54,230.00"
2019-12-15,2019121501008876,CZBIL,53,6,200,187.00,"37,400.00"
2019-12-15,2019121501008977,DBBL,32,36,10,127.00,"1,270.00"
2019-12-15,2019121501008951,DBBL,32,38,400,126.00,"50,400.00"
2019-12-15,2019121501008904,DBBL,3,38,250,126.00,"31,500.00"
2019-12-15,2019121501008897,DBBL,10,38,"1,000",126.00,"126,000.00"
2019-12-15,2019121501008539,DBBL,52,38,100,126.00,"12,600.00"
2019-12-15,2019121501008538,DBBL,32,38,250,126.00,"31,500.00"
2019-12-15,2019121501008537,DBBL,56,38,500,126.00,"63,000.00"
2019-12-15,2019121501008536,DBBL,44,38,100,126.00,"12,600.00"
2019-12-15,2019121501008982,DDBL,1,13,50,869.00,"43,450.00"
2019-12-15,2019121501008903,DDBL,1,13,50,869.00,"43,450.00"
2019-12-15,2019121501008902,DDBL,1,28,50,869.00,"43,450.00"
2019-12-15,2019121501008886,DDBL,14,28,50,869.00,"43,450.00"
2019-12-15,2019121501008885,DDBL,14,32,50,869.00,"43,450.00"
2019-12-15,2019121501008823,DDBL,36,32,50,869.00,"43,450.00"
2019-12-15,2019121501008730,DDBL,56,56,100,868.00,"86,800.00"
2019-12-15,2019121501008696,DDBL,21,6,50,861.00,"43,050.00"
2019-12-15,2019121501008695,DDBL,22,6,100,861.00,"86,100.00"
2019-12-15,2019121501008694,DDBL,45,6,105,862.00,"90,510.00"
2019-12-15,2019121501008657,DDBL,45,56,95,862.00,"81,890.00"
2019-12-15,2019121501008656,DDBL,45,56,15,862.00,"12,930.00"
2019-12-15,2019121501009008,EBL,36,44,30,576.00,"17,280.00"
2019-12-15,2019121501009007,EBL,36,42,100,570.00,"57,000.00"
2019-12-15,2019121501008685,EBL,45,42,25,567.00,"14,175.00"
2019-12-15,2019121501008674,EBL,14,50,300,570.00,"171,000.00"
2019-12-15,2019121501008673,EBL,14,52,100,569.00,"56,900.00"
2019-12-15,2019121501008672,EBL,14,51,18,568.00,"10,224.00"
2019-12-15,2019121501008995,EIC,55,34,200,267.00,"53,400.00"
2019-12-15,2019121501008971,EIC,52,34,190,268.00,"50,920.00"
2019-12-15,2019121501008714,EIC,22,16,360,263.00,"94,680.00"
2019-12-15,2019121501008713,EIC,22,57,200,262.00,"52,400.00"
2019-12-15,2019121501008614,EIC,14,16,40,263.00,"10,520.00"
2019-12-15,2019121501008570,EIC,14,7,160,263.00,"42,080.00"
2019-12-15,2019121501008736,FOWAD,26,26,4,"1,350.00","5,400.00"
2019-12-15,2019121501008932,GBBL,4,17,215,202.00,"43,430.00"
2019-12-15,2019121501008802,GBLBS,46,6,20,320.00,"6,400.00"
2019-12-15,2019121501008801,GBLBS,46,34,10,316.00,"3,160.00"
2019-12-15,2019121501008720,GBLBS,29,34,150,316.00,"47,400.00"
2019-12-15,2019121501008719,GBLBS,29,34,105,316.00,"33,180.00"
2019-12-15,2019121501008718,GBLBS,52,34,35,317.00,"11,095.00"
2019-12-15,2019121501008567,GGBSL,55,42,10,609.00,"6,090.00"
2019-12-15,2019121501008871,GLBSL,7,40,10,437.00,"4,370.00"
2019-12-15,2019121501008796,GLBSL,7,32,40,437.00,"17,480.00"
2019-12-15,2019121501008795,GLBSL,28,32,200,438.00,"87,600.00"
2019-12-15,2019121501008794,GLBSL,34,32,20,440.00,"8,800.00"
2019-12-15,2019121501008793,GLBSL,6,32,40,442.00,"17,680.00"
2019-12-15,2019121501008775,GLBSL,6,32,10,442.00,"4,420.00"
2019-12-15,2019121501008774,GLBSL,7,32,20,443.00,"8,860.00"
2019-12-15,2019121501008773,GLBSL,39,32,30,444.00,"13,320.00"
2019-12-15,2019121501008790,GLICL,50,32,374,436.00,"163,064.00"
2019-12-15,2019121501008733,GLICL,39,58,20,433.00,"8,660.00"
2019-12-15,2019121501008608,GLICL,45,49,500,425.00,"212,500.00"
2019-12-15,2019121501008540,GLICL,58,32,10,420.00,"4,200.00"
2019-12-15,2019121501008986,GMFBS,5,40,10,562.00,"5,620.00"
2019-12-15,2019121501008935,GMFBS,28,10,10,572.00,"5,720.00"
2019-12-15,2019121501008862,GMFBS,38,40,10,561.00,"5,610.00"
2019-12-15,2019121501008653,GMFBS,28,1,10,570.00,"5,700.00"
2019-12-15,2019121501008630,GMFBS,17,40,13,561.00,"7,293.00"
2019-12-15,2019121501008629,GMFBS,28,40,17,561.00,"9,537.00"
2019-12-15,2019121501008901,HBL,46,45,100,500.00,"50,000.00"
2019-12-15,2019121501008900,HBL,13,45,200,500.00,"100,000.00"
2019-12-15,2019121501008899,HBL,1,45,295,501.00,"147,795.00"
2019-12-15,2019121501008898,HBL,6,45,100,502.00,"50,200.00"
2019-12-15,2019121501008850,HBL,6,25,100,502.00,"50,200.00"
2019-12-15,2019121501008963,HGI,49,59,94,294.00,"27,636.00"
2019-12-15,2019121501008962,HGI,22,59,60,295.00,"17,700.00"
2019-12-15,2019121501008961,HGI,48,59,100,295.00,"29,500.00"
2019-12-15,2019121501008960,HGI,25,59,246,295.00,"72,570.00"
2019-12-15,2019121501008662,HGI,25,47,254,295.00,"74,930.00"
2019-12-15,2019121501008661,HGI,40,47,200,295.00,"59,000.00"
2019-12-15,2019121501008660,HGI,46,47,100,296.00,"29,600.00"
2019-12-15,2019121501008659,HGI,44,47,583,296.00,"172,568.00"
2019-12-15,2019121501008625,HGI,44,35,200,296.00,"59,200.00"
2019-12-15,2019121501009015,HIDCL,48,53,230,133.00,"30,590.00"
2019-12-15,2019121501009014,HIDCL,25,53,400,133.00,"53,200.00"
2019-12-15,2019121501009013,HIDCL,17,53,60,134.00,"8,040.00"
2019-12-15,2019121501009012,HIDCL,55,53,200,134.00,"26,800.00"
2019-12-15,2019121501009011,HIDCL,13,53,110,134.00,"14,740.00"
2019-12-15,2019121501008669,HIDCL,13,49,237,134.00,"31,758.00"
2019-12-15,2019121501008839,IGI,47,7,100,303.00,"30,300.00"
2019-12-15,2019121501008533,IGI,34,42,40,302.00,"12,080.00"
2019-12-15,2019121501008532,IGI,55,42,30,302.00,"9,060.00"
2019-12-15,2019121501008847,ILBS,52,40,10,558.00,"5,580.00"
2019-12-15,2019121501008788,ILBS,45,14,10,566.00,"5,660.00"
2019-12-15,2019121501008787,ILBS,45,45,10,564.00,"5,640.00"
2019-12-15,2019121501008829,JBBL,34,13,304,166.00,"50,464.00"
2019-12-15,2019121501008635,JBBL,22,13,100,168.00,"16,800.00"
2019-12-15,2019121501008553,JFL,52,17,"1,000",191.00,"191,000.00"
2019-12-15,2019121501008552,JFL,59,17,300,191.00,"57,300.00"
2019-12-15,2019121501008551,JFL,21,17,50,192.00,"9,600.00"
2019-12-15,2019121501008550,JFL,17,17,100,193.00,"19,300.00"
2019-12-15,2019121501008542,JFL,17,17,50,194.00,"9,700.00"
2019-12-15,2019121501008541,JFL,28,17,10,194.00,"1,940.00"
2019-12-15,2019121501008851,JSLBB,47,22,10,"1,228.00","12,280.00"
2019-12-15,2019121501008978,KBL,13,35,100,183.00,"18,300.00"
2019-12-15,2019121501008895,KBL,13,46,972,183.00,"177,876.00"
2019-12-15,2019121501008587,KBL,53,6,121,182.00,"22,022.00"
2019-12-15,2019121501009021,KPCL,39,33,11,82.00,902.00
2019-12-15,2019121501009020,KPCL,55,33,50,82.00,"4,100.00"
2019-12-15,2019121501009019,KPCL,22,33,300,83.00,"24,900.00"
2019-12-15,2019121501009018,KPCL,57,33,50,83.00,"4,150.00"
2019-12-15,2019121501009017,KPCL,36,33,35,83.00,"2,905.00"
2019-12-15,2019121501008689,KPCL,36,39,10,83.00,830.00
2019-12-15,2019121501008799,KPCL,36,39,10,83.00,830.00
2019-12-15,2019121501008574,KSBBL,34,17,16,140.00,"2,240.00"
2019-12-15,2019121501008573,KSBBL,21,17,250,141.00,"35,250.00"
2019-12-15,2019121501008572,KSBBL,58,17,"1,734",141.00,"244,494.00"
2019-12-15,2019121501008563,KSBBL,58,4,108,141.00,"15,228.00"
2019-12-15,2019121501008557,KSBBL,4,38,108,142.00,"15,336.00"
2019-12-15,2019121501008590,LBBL,41,40,"1,000",189.00,"189,000.00"
2019-12-15,2019121501008589,LBBL,25,40,40,189.00,"7,560.00"
2019-12-15,2019121501008638,LBBL,19,33,498,189.00,"94,122.00"
2019-12-15,2019121501008637,LBBL,14,33,50,189.00,"9,450.00"
2019-12-15,2019121501008636,LBBL,48,33,452,189.00,"85,428.00"
2019-12-15,2019121501008591,LBBL,48,40,48,189.00,"9,072.00"
2019-12-15,2019121501008703,LBBL,50,44,500,189.00,"94,500.00"
2019-12-15,2019121501008702,LBBL,49,44,200,189.00,"37,800.00"
2019-12-15,2019121501008701,LBBL,33,44,"1,000",189.00,"189,000.00"
2019-12-15,2019121501008947,LBL,33,45,10,196.00,"1,960.00"
2019-12-15,2019121501008946,LBL,32,45,500,196.00,"98,000.00"
2019-12-15,2019121501008945,LBL,52,45,500,196.00,"98,000.00"
2019-12-15,2019121501008944,LBL,43,45,400,196.00,"78,400.00"
2019-12-15,2019121501008585,LBL,4,4,2,196.00,392.00
2019-12-15,2019121501008564,LBL,21,35,500,197.00,"98,500.00"
2019-12-15,2019121501008869,LGIL,40,45,10,338.00,"3,380.00"
2019-12-15,2019121501008884,LICN,25,6,10,"1,026.00","10,260.00"
2019-12-15,2019121501008735,LICN,35,49,90,"1,022.00","91,980.00"
2019-12-15,2019121501008658,LICN,25,49,10,"1,022.00","10,220.00"
2019-12-15,2019121501008627,LICN,14,11,15,"1,015.00","15,225.00"
2019-12-15,2019121501008626,LICN,25,11,55,"1,016.00","55,880.00"
2019-12-15,2019121501008584,LVF1,10,7,"3,900",8.87,"34,593.00"
2019-12-15,2019121501008576,MDB,39,45,120,247.00,"29,640.00"
2019-12-15,2019121501008575,MDB,33,45,50,248.00,"12,400.00"
2019-12-15,2019121501008967,MEGA,28,45,204,187.00,"38,148.00"
2019-12-15,2019121501008833,MEGA,53,42,395,188.00,"74,260.00"
2019-12-15,2019121501008832,MEGA,53,13,105,188.00,"19,740.00"
2019-12-15,2019121501008530,MEGA,32,38,42,188.00,"7,896.00"
2019-12-15,2019121501008529,MEGA,1,38,960,188.00,"180,480.00"
2019-12-15,2019121501008522,MEGA,1,13,40,188.00,"7,520.00"
2019-12-15,2019121501008651,MEGA,32,42,58,188.00,"10,904.00"
2019-12-15,2019121501008835,MERO,18,36,100,451.00,"45,100.00"
2019-12-15,2019121501008613,MFIL,21,25,195,133.00,"25,935.00"
2019-12-15,2019121501008612,MFIL,19,25,805,133.00,"107,065.00"
2019-12-15,2019121501008670,MLBBL,16,52,200,523.00,"104,600.00"
2019-12-15,2019121501008528,MLBBL,40,11,50,523.00,"26,150.00"
2019-12-15,2019121501008994,MNBBL,32,45,500,280.00,"140,000.00"
2019-12-15,2019121501008993,MNBBL,57,45,20,282.00,"5,640.00"
2019-12-15,2019121501008992,MNBBL,49,45,180,282.00,"50,760.00"
2019-12-15,2019121501008991,MNBBL,55,45,100,282.00,"28,200.00"
2019-12-15,2019121501008990,MNBBL,6,45,50,282.00,"14,100.00"
2019-12-15,2019121501008989,MNBBL,29,45,89,282.00,"25,098.00"
2019-12-15,2019121501008620,MNBBL,58,34,50,283.00,"14,150.00"
2019-12-15,2019121501008611,MNBBL,58,3,150,283.00,"42,450.00"
2019-12-15,2019121501008988,MNBBL,34,45,100,283.00,"28,300.00"
2019-12-15,2019121501008987,MNBBL,58,45,250,283.00,"70,750.00"
2019-12-15,2019121501008939,MNBBL,58,50,200,283.00,"56,600.00"
2019-12-15,2019121501008805,NADEP,21,11,30,455.00,"13,650.00"
2019-12-15,2019121501009010,NBB,41,45,358,193.00,"69,094.00"
2019-12-15,2019121501008762,NBB,21,52,100,193.00,"19,300.00"
2019-12-15,2019121501008715,NBB,21,46,400,193.00,"77,200.00"
2019-12-15,2019121501008800,NBL,14,42,200,314.00,"62,800.00"
2019-12-15,2019121501008783,NBL,25,38,321,313.00,"100,473.00"
2019-12-15,2019121501008782,NBL,46,38,179,313.00,"56,027.00"
2019-12-15,2019121501008717,NIB,26,26,6,428.00,"2,568.00"
2019-12-15,2019121501008524,NIB,26,26,6,425.00,"2,550.00"
2019-12-15,2019121501008785,NICA,36,45,100,418.00,"41,800.00"
2019-12-15,2019121501008784,NICA,36,5,100,417.00,"41,700.00"
2019-12-15,2019121501008778,NICA,14,5,100,417.00,"41,700.00"
2019-12-15,2019121501008749,NICA,44,36,850,416.00,"353,600.00"
2019-12-15,2019121501008700,NICA,44,39,200,416.00,"83,200.00"
2019-12-15,2019121501008652,NICA,44,38,500,416.00,"208,000.00"
2019-12-15,2019121501008941,NICL,58,7,100,295.00,"29,500.00"
2019-12-15,2019121501008940,NICL,58,58,782,295.00,"230,690.00"
2019-12-15,2019121501008933,NICL,50,58,200,295.00,"59,000.00"
2019-12-15,2019121501008887,NICL,10,41,482,294.00,"141,708.00"
2019-12-15,2019121501008766,NICL,25,41,18,294.00,"5,292.00"
2019-12-15,2019121501008751,NICL,25,13,792,290.00,"229,680.00"
2019-12-15,2019121501008743,NICL,20,13,100,290.00,"29,000.00"
2019-12-15,2019121501008734,NICL,25,13,"1,000",290.00,"290,000.00"
2019-12-15,2019121501008712,NICL,45,13,50,290.00,"14,500.00"
2019-12-15,2019121501008691,NICL,43,13,100,290.00,"29,000.00"
2019-12-15,2019121501008690,NICL,26,13,200,290.00,"58,000.00"
2019-12-15,2019121501008808,NIL,3,5,69,410.00,"28,290.00"
2019-12-15,2019121501008797,NIL,3,10,60,410.00,"24,600.00"
2019-12-15,2019121501008716,NLBBL,50,45,100,552.00,"55,200.00"
2019-12-15,2019121501008605,NLBBL,50,35,144,552.00,"79,488.00"
2019-12-15,2019121501008604,NLBBL,25,35,256,552.00,"141,312.00"
2019-12-15,2019121501008975,NLIC,26,42,45,891.00,"40,095.00"
2019-12-15,2019121501008846,NLIC,49,28,105,890.00,"93,450.00"
2019-12-15,2019121501008683,NLIC,49,55,89,890.00,"79,210.00"
2019-12-15,2019121501008682,NLIC,49,43,35,890.00,"31,150.00"
2019-12-15,2019121501008681,NLIC,49,28,75,889.00,"66,675.00"
2019-12-15,2019121501008676,NLIC,39,28,25,889.00,"22,225.00"
2019-12-15,2019121501008523,NLIC,41,10,400,886.00,"354,400.00"
2019-12-15,2019121501008675,NLIC,39,1,75,889.00,"66,675.00"
2019-12-15,2019121501008581,NLIC,19,42,117,885.00,"103,545.00"
2019-12-15,2019121501008580,NLIC,45,42,50,885.00,"44,250.00"
2019-12-15,2019121501008579,NLIC,32,42,33,885.00,"29,205.00"
2019-12-15,2019121501008571,NLIC,11,10,80,886.00,"70,880.00"
2019-12-15,2019121501008558,NLIC,49,10,20,886.00,"17,720.00"
2019-12-15,2019121501009003,NLICL,38,37,480,485.00,"232,800.00"
2019-12-15,2019121501009002,NLICL,38,57,100,485.00,"48,500.00"
2019-12-15,2019121501008848,NLICL,44,55,100,479.00,"47,900.00"
2019-12-15,2019121501008748,NLICL,44,34,100,477.00,"47,700.00"
2019-12-15,2019121501008549,NLICL,44,43,45,477.00,"21,465.00"
2019-12-15,2019121501008984,NMB,46,54,13,403.00,"5,239.00"
2019-12-15,2019121501008983,NMB,46,53,67,402.00,"26,934.00"
2019-12-15,2019121501008981,NMB,46,49,76,400.00,"30,400.00"
2019-12-15,2019121501008980,NMB,17,49,24,401.00,"9,624.00"
2019-12-15,2019121501008979,NMB,17,42,77,401.00,"30,877.00"
2019-12-15,2019121501008965,NMB,28,42,500,401.00,"200,500.00"
2019-12-15,2019121501008555,NMB,41,13,50,403.00,"20,150.00"
2019-12-15,2019121501008645,NMB,54,7,370,402.00,"148,740.00"
2019-12-15,2019121501008644,NMB,5,7,480,402.00,"192,960.00"
2019-12-15,2019121501008643,NMB,41,7,150,402.00,"60,300.00"
2019-12-15,2019121501008593,NMB,5,17,20,402.00,"8,040.00"
2019-12-15,2019121501008592,NMB,32,17,170,402.00,"68,340.00"
2019-12-15,2019121501008556,NMB,32,13,150,402.00,"60,300.00"
2019-12-15,2019121501008724,NMB,45,36,100,401.00,"40,100.00"
2019-12-15,2019121501008723,NMB,32,36,300,401.00,"120,300.00"
2019-12-15,2019121501008688,NMB,20,14,"1,000",402.00,"402,000.00"
2019-12-15,2019121501008687,NMB,20,14,"1,000",402.00,"402,000.00"
2019-12-15,2019121501008686,NMB,54,14,630,402.00,"253,260.00"
2019-12-15,2019121501008647,NMB,39,25,10,403.00,"4,030.00"
2019-12-15,2019121501008738,NMB,50,25,100,401.00,"40,100.00"
2019-12-15,2019121501008737,NMB,32,25,900,401.00,"360,900.00"
2019-12-15,2019121501008728,NMB,34,53,130,402.00,"52,260.00"
2019-12-15,2019121501008727,NMB,34,14,"1,370",402.00,"550,740.00"
2019-12-15,2019121501008726,NMB,32,36,100,401.00,"40,100.00"
2019-12-15,2019121501008725,NMB,25,36,"1,000",401.00,"401,000.00"
2019-12-15,2019121501008883,NMB,42,42,25,401.00,"10,025.00"
2019-12-15,2019121501008870,NMB,38,42,400,401.00,"160,400.00"
2019-12-15,2019121501008864,NMB,50,42,"1,000",401.00,"401,000.00"
2019-12-15,2019121501008849,NMB,32,42,10,401.00,"4,010.00"
2019-12-15,2019121501008844,NMB,54,42,10,401.00,"4,010.00"
2019-12-15,2019121501008798,NMB,54,25,990,401.00,"396,990.00"
2019-12-15,2019121501008909,NMB,1,14,20,400.00,"8,000.00"
2019-12-15,2019121501008908,NMB,1,14,200,400.00,"80,000.00"
2019-12-15,2019121501008907,NMB,41,14,200,400.00,"80,000.00"
2019-12-15,2019121501008906,NMB,26,14,150,400.00,"60,000.00"
2019-12-15,2019121501008905,NMB,42,14,27,400.00,"10,800.00"
2019-12-15,2019121501008892,NMB,35,42,820,401.00,"328,820.00"
2019-12-15,2019121501008915,NMB,1,14,200,400.00,"80,000.00"
2019-12-15,2019121501008914,NMB,44,14,250,400.00,"100,000.00"
2019-12-15,2019121501008913,NMB,59,14,350,400.00,"140,000.00"
2019-12-15,2019121501008912,NMB,14,14,200,400.00,"80,000.00"
2019-12-15,2019121501008911,NMB,16,14,"2,000",400.00,"800,000.00"
2019-12-15,2019121501008910,NMB,14,14,100,400.00,"40,000.00"
2019-12-15,2019121501008921,NMB,38,14,"1,000",400.00,"400,000.00"
2019-12-15,2019121501008920,NMB,6,14,100,400.00,"40,000.00"
2019-12-15,2019121501008919,NMB,13,14,200,400.00,"80,000.00"
2019-12-15,2019121501008918,NMB,40,14,150,400.00,"60,000.00"
2019-12-15,2019121501008917,NMB,6,14,50,400.00,"20,000.00"
2019-12-15,2019121501008916,NMB,6,14,50,400.00,"20,000.00"
2019-12-15,2019121501008927,NMB,41,14,300,400.00,"120,000.00"
2019-12-15,2019121501008926,NMB,21,14,302,400.00,"120,800.00"
2019-12-15,2019121501008925,NMB,57,14,150,400.00,"60,000.00"
2019-12-15,2019121501008924,NMB,21,14,100,400.00,"40,000.00"
2019-12-15,2019121501008923,NMB,57,14,650,400.00,"260,000.00"
2019-12-15,2019121501008922,NMB,34,14,100,400.00,"40,000.00"
2019-12-15,2019121501008943,NMB,28,42,100,401.00,"40,100.00"
2019-12-15,2019121501008942,NMB,6,42,58,401.00,"23,258.00"
2019-12-15,2019121501008931,NMB,46,14,221,400.00,"88,400.00"
2019-12-15,2019121501008930,NMB,51,14,230,400.00,"92,000.00"
2019-12-15,2019121501008929,NMB,11,14,500,400.00,"200,000.00"
2019-12-15,2019121501008928,NMB,1,14,200,400.00,"80,000.00"
2019-12-15,2019121501008707,NMBMF,26,26,3,554.00,"1,662.00"
2019-12-15,2019121501008966,NMFBS,33,35,15,"1,250.00","18,750.00"
2019-12-15,2019121501008950,NMFBS,33,45,13,"1,249.00","16,237.00"
2019-12-15,2019121501008569,NMFBS,33,40,100,"1,225.00","122,500.00"
2019-12-15,2019121501008654,NNLB,7,13,10,621.00,"6,210.00"
2019-12-15,2019121501008544,NNLB,19,13,90,610.00,"54,900.00"
2019-12-15,2019121501008543,NNLB,43,13,20,611.00,"12,220.00"
2019-12-15,2019121501008721,NTC,39,57,10,659.00,"6,590.00"
2019-12-15,2019121501008578,NTC,32,34,10,649.00,"6,490.00"
2019-12-15,2019121501008623,NUBL,19,6,10,970.00,"9,700.00"
2019-12-15,2019121501008616,NUBL,10,6,60,970.00,"58,200.00"
2019-12-15,2019121501008615,NUBL,10,6,40,970.00,"38,800.00"
2019-12-15,2019121501008597,NUBL,49,6,200,970.00,"194,000.00"
2019-12-15,2019121501008596,NUBL,45,6,60,970.00,"58,200.00"
2019-12-15,2019121501008595,NUBL,48,6,100,973.00,"97,300.00"
2019-12-15,2019121501008594,NUBL,13,6,50,973.00,"48,650.00"
2019-12-15,2019121501008560,NUBL,20,6,50,977.00,"48,850.00"
2019-12-15,2019121501008974,PCBL,34,46,500,281.00,"140,500.00"
2019-12-15,2019121501008617,PCBL,11,46,500,281.00,"140,500.00"
2019-12-15,2019121501008559,PCBL,57,46,100,281.00,"28,100.00"
2019-12-15,2019121501008841,PFL,35,20,304,145.00,"44,080.00"
2019-12-15,2019121501008949,PIC,6,34,30,409.00,"12,270.00"
2019-12-15,2019121501008648,PIC,58,39,20,401.00,"8,020.00"
2019-12-15,2019121501008765,PLIC,39,55,150,349.00,"52,350.00"
2019-12-15,2019121501008997,PMHPL,10,34,10,87.00,870.00
2019-12-15,2019121501008803,PMHPL,10,39,10,87.00,870.00
2019-12-15,2019121501008565,PMHPL,10,34,10,87.00,870.00
2019-12-15,2019121501008792,PPCL,35,13,10,106.00,"1,060.00"
2019-12-15,2019121501008547,PPCL,35,34,20,106.00,"2,120.00"
2019-12-15,2019121501008973,PRIN,42,55,10,337.00,"3,370.00"
2019-12-15,2019121501008959,RHPL,41,19,120,176.00,"21,120.00"
2019-12-15,2019121501008958,RHPL,41,21,30,175.00,"5,250.00"
2019-12-15,2019121501008957,RHPL,41,41,30,175.00,"5,250.00"
2019-12-15,2019121501008956,RHPL,41,28,10,175.00,"1,750.00"
2019-12-15,2019121501008865,RHPL,45,28,10,175.00,"1,750.00"
2019-12-15,2019121501008812,RHPL,37,39,40,174.00,"6,960.00"
2019-12-15,2019121501008697,RHPL,37,39,40,174.00,"6,960.00"
2019-12-15,2019121501008631,RHPL,37,13,50,174.00,"8,700.00"
2019-12-15,2019121501008566,RHPL,37,13,40,174.00,"6,960.00"
2019-12-15,2019121501008859,RMDC,50,29,855,618.00,"528,390.00"
2019-12-15,2019121501008858,RMDC,25,29,100,619.00,"61,900.00"
2019-12-15,2019121501008857,RMDC,19,29,100,619.00,"61,900.00"
2019-12-15,2019121501008856,RMDC,34,29,100,622.00,"62,200.00"
2019-12-15,2019121501008855,RMDC,34,29,100,623.00,"62,300.00"
2019-12-15,2019121501008854,RMDC,45,29,25,625.00,"15,625.00"
2019-12-15,2019121501008853,RMDC,49,29,20,625.00,"12,500.00"
2019-12-15,2019121501008852,RMDC,36,29,200,625.00,"125,000.00"
2019-12-15,2019121501009004,SABSL,19,40,10,543.00,"5,430.00"
2019-12-15,2019121501008750,SABSL,19,19,40,543.00,"21,720.00"
2019-12-15,2019121501008684,SADBL,4,28,218,140.00,"30,520.00"
2019-12-15,2019121501008588,SADBL,32,28,500,140.00,"70,000.00"
2019-12-15,2019121501008622,SANIMA,6,49,800,315.00,"252,000.00"
2019-12-15,2019121501008621,SANIMA,59,49,200,315.00,"63,000.00"
2019-12-15,2019121501008948,SBI,7,49,39,355.00,"13,845.00"
2019-12-15,2019121501008874,SBL,39,42,170,292.00,"49,640.00"
2019-12-15,2019121501008822,SCB,38,22,97,540.00,"52,380.00"
2019-12-15,2019121501008821,SCB,38,19,23,540.00,"12,420.00"
2019-12-15,2019121501008820,SCB,38,34,80,538.00,"43,040.00"
2019-12-15,2019121501008554,SDESI,59,40,27,576.00,"15,552.00"
2019-12-15,2019121501008601,SFCL,51,25,200,104.00,"20,800.00"
2019-12-15,2019121501008830,SHINE,3,42,33,237.00,"7,821.00"
2019-12-15,2019121501008809,SHINE,42,42,67,237.00,"15,879.00"
2019-12-15,2019121501008772,SHINE,42,4,433,237.00,"102,621.00"
2019-12-15,2019121501008771,SHINE,33,4,67,237.00,"15,879.00"
2019-12-15,2019121501008568,SHINE,33,45,149,237.00,"35,313.00"
2019-12-15,2019121501008985,SHIVM,42,33,10,361.00,"3,610.00"
2019-12-15,2019121501008896,SHIVM,42,33,30,361.00,"10,830.00"
2019-12-15,2019121501008866,SHIVM,45,35,40,361.00,"14,440.00"
2019-12-15,2019121501008831,SHIVM,48,6,110,359.00,"39,490.00"
2019-12-15,2019121501008760,SHIVM,14,38,"1,060",360.00,"381,600.00"
2019-12-15,2019121501008759,SHIVM,14,21,50,360.00,"18,000.00"
2019-12-15,2019121501008824,SHIVM,34,6,50,359.00,"17,950.00"
2019-12-15,2019121501008819,SHIVM,32,6,25,359.00,"8,975.00"
2019-12-15,2019121501008818,SHIVM,45,6,200,359.00,"71,800.00"
2019-12-15,2019121501008817,SHIVM,44,6,50,360.00,"18,000.00"
2019-12-15,2019121501008816,SHIVM,35,6,15,360.00,"5,400.00"
2019-12-15,2019121501008761,SHIVM,14,21,50,360.00,"18,000.00"
2019-12-15,2019121501008698,SHL,29,10,466,185.00,"86,210.00"
2019-12-15,2019121501008873,SHPC,49,4,120,199.00,"23,880.00"
2019-12-15,2019121501008872,SHPC,49,53,480,199.00,"95,520.00"
2019-12-15,2019121501008731,SHPC,48,53,20,199.00,"3,980.00"
2019-12-15,2019121501008665,SHPC,25,39,100,197.00,"19,700.00"
2019-12-15,2019121501008664,SHPC,49,39,300,197.00,"59,100.00"
2019-12-15,2019121501008663,SHPC,37,39,297,197.00,"58,509.00"
2019-12-15,2019121501008893,SIC,38,35,53,517.00,"27,401.00"
2019-12-15,2019121501008845,SICL,1,40,50,840.00,"42,000.00"
2019-12-15,2019121501008607,SICL,42,18,20,839.00,"16,780.00"
2019-12-15,2019121501008606,SICL,54,18,30,841.00,"25,230.00"
2019-12-15,2019121501008583,SICL,55,38,404,844.00,"340,976.00"
2019-12-15,2019121501008954,SIL,38,21,114,414.00,"47,196.00"
2019-12-15,2019121501008953,SIL,38,38,50,413.00,"20,650.00"
2019-12-15,2019121501008952,SIL,38,16,100,413.00,"41,300.00"
2019-12-15,2019121501008890,SIL,44,21,200,410.00,"82,000.00"
2019-12-15,2019121501008889,SIL,44,37,200,409.00,"81,800.00"
2019-12-15,2019121501008867,SIL,14,35,150,408.00,"61,200.00"
2019-12-15,2019121501008825,SJCL,11,39,20,161.00,"3,220.00"
2019-12-15,2019121501008742,SJCL,11,10,200,162.00,"32,400.00"
2019-12-15,2019121501008741,SJCL,11,14,20,162.00,"3,240.00"
2019-12-15,2019121501008534,SJCL,32,13,20,160.00,"3,200.00"
2019-12-15,2019121501008740,SJCL,11,14,20,162.00,"3,240.00"
2019-12-15,2019121501008739,SJCL,11,14,20,162.00,"3,240.00"
2019-12-15,2019121501008710,SJCL,32,39,10,160.00,"1,600.00"
2019-12-15,2019121501008655,SJCL,32,13,10,160.00,"1,600.00"
2019-12-15,2019121501008586,SJCL,32,13,20,160.00,"3,200.00"
2019-12-15,2019121501008804,SKBBL,4,52,49,978.00,"47,922.00"
2019-12-15,2019121501008791,SKBBL,4,38,65,978.00,"63,570.00"
2019-12-15,2019121501008779,SKBBL,4,38,65,978.00,"63,570.00"
2019-12-15,2019121501008767,SKBBL,4,38,65,978.00,"63,570.00"
2019-12-15,2019121501008753,SKBBL,4,1,200,978.00,"195,600.00"
2019-12-15,2019121501008744,SKBBL,4,38,65,978.00,"63,570.00"
2019-12-15,2019121501008610,SKBBL,4,38,39,978.00,"38,142.00"
2019-12-15,2019121501008609,SKBBL,1,38,26,979.00,"25,454.00"
2019-12-15,2019121501008722,SKBBL,4,38,65,978.00,"63,570.00"
2019-12-15,2019121501008711,SKBBL,4,38,65,978.00,"63,570.00"
2019-12-15,2019121501008699,SKBBL,4,38,65,978.00,"63,570.00"
2019-12-15,2019121501008693,SKBBL,4,38,65,978.00,"63,570.00"
2019-12-15,2019121501008646,SKBBL,4,38,65,978.00,"63,570.00"
2019-12-15,2019121501008632,SKBBL,4,38,65,978.00,"63,570.00"
2019-12-15,2019121501008679,SLBBL,54,34,175,558.00,"97,650.00"
2019-12-15,2019121501008678,SLBBL,54,34,25,560.00,"14,000.00"
2019-12-15,2019121501008826,SLBBL,54,6,125,558.00,"69,750.00"
2019-12-15,2019121501008836,SLBSL,45,39,10,611.00,"6,110.00"
2019-12-15,2019121501008732,SLBSL,45,55,220,611.00,"134,420.00"
2019-12-15,2019121501008642,SLBSL,45,6,50,611.00,"30,550.00"
2019-12-15,2019121501008641,SLBSL,40,6,50,611.00,"30,550.00"
2019-12-15,2019121501008868,SLICL,39,22,300,296.00,"88,800.00"
2019-12-15,2019121501008838,SLICL,25,59,106,295.00,"31,270.00"
2019-12-15,2019121501008837,SLICL,25,59,252,295.00,"74,340.00"
2019-12-15,2019121501008814,SLICL,32,59,50,295.00,"14,750.00"
2019-12-15,2019121501008786,SLICL,14,42,400,292.00,"116,800.00"
2019-12-15,2019121501008704,SLICL,39,43,100,291.00,"29,100.00"
2019-12-15,2019121501008706,SMATA,21,29,85,568.00,"48,280.00"
2019-12-15,2019121501008705,SMATA,51,29,65,570.00,"37,050.00"
2019-12-15,2019121501008827,SMB,6,40,10,523.00,"5,230.00"
2019-12-15,2019121501009001,SMFBS,25,34,19,916.00,"17,404.00"
2019-12-15,2019121501008894,SMFBS,38,40,10,899.00,"8,990.00"
2019-12-15,2019121501008815,SMFBS,54,13,60,900.00,"54,000.00"
2019-12-15,2019121501008677,SMFBS,25,14,29,917.00,"26,593.00"
2019-12-15,2019121501008668,SMFBS,25,20,20,900.00,"18,000.00"
2019-12-15,2019121501008667,SMFBS,25,10,100,900.00,"90,000.00"
2019-12-15,2019121501008666,SMFBS,25,17,50,899.00,"44,950.00"
2019-12-15,2019121501008758,SPARS,35,6,100,570.00,"57,000.00"
2019-12-15,2019121501008757,SPARS,44,6,200,570.00,"114,000.00"
2019-12-15,2019121501008756,SPARS,46,6,50,570.00,"28,500.00"
2019-12-15,2019121501008755,SPARS,36,6,25,571.00,"14,275.00"
2019-12-15,2019121501008754,SRBL,14,44,"3,253",221.00,"718,913.00"
2019-12-15,2019121501008709,SRBL,45,28,200,220.00,"44,000.00"
2019-12-15,2019121501008708,SRBL,17,28,800,220.00,"176,000.00"
2019-12-15,2019121501008969,STC,52,43,100,"1,564.00","156,400.00"
2019-12-15,2019121501008955,STC,38,45,50,"1,554.00","77,700.00"
2019-12-15,2019121501008938,STC,50,45,50,"1,554.00","77,700.00"
2019-12-15,2019121501008891,STC,38,45,100,"1,554.00","155,400.00"
2019-12-15,2019121501008875,STC,5,17,32,"1,551.00","49,632.00"
2019-12-15,2019121501008834,STC,52,20,80,"1,551.00","124,080.00"
2019-12-15,2019121501008811,STC,57,25,50,"1,550.00","77,500.00"
2019-12-15,2019121501008546,STC,16,3,20,"1,541.00","30,820.00"
2019-12-15,2019121501008545,STC,3,3,30,"1,541.00","46,230.00"
2019-12-15,2019121501008525,STC,49,49,"1,000","1,545.00","1,545,000.00"
2019-12-15,2019121501008863,SWBBL,44,47,402,"1,041.00","418,482.00"
2019-12-15,2019121501008843,SWBBL,44,47,449,"1,041.00","467,409.00"
2019-12-15,2019121501008842,SWBBL,36,47,196,"1,041.00","204,036.00"
2019-12-15,2019121501008639,SWBBL,50,33,278,"1,042.00","289,676.00"
2019-12-15,2019121501008619,SWBBL,44,33,122,"1,042.00","127,124.00"
2019-12-15,2019121501008603,SWBBL,44,21,50,"1,042.00","52,100.00"
2019-12-15,2019121501008861,TMDBL,49,59,150,151.00,"22,650.00"
2019-12-15,2019121501008860,TMDBL,19,59,20,154.00,"3,080.00"
2019-12-15,2019121501008671,TMDBL,52,29,20,151.00,"3,020.00"
2019-12-15,2019121501008562,TMDBL,1,21,15,149.00,"2,235.00"
2019-12-15,2019121501008970,UIC,14,16,70,292.00,"20,440.00"
2019-12-15,2019121501008813,UIC,11,42,11,290.00,"3,190.00"
2019-12-15,2019121501008780,UIC,11,21,10,290.00,"2,900.00"
2019-12-15,2019121501008777,UIC,11,48,299,290.00,"86,710.00"
2019-12-15,2019121501008776,UIC,19,48,200,291.00,"58,200.00"
2019-12-15,2019121501008680,UIC,25,16,30,292.00,"8,760.00"
2019-12-15,2019121501008745,UPPER,33,29,469,237.00,"111,153.00"
2019-12-15,2019121501008692,UPPER,16,45,"1,500",236.00,"354,000.00"
2019-12-15,2019121501008561,UPPER,16,25,600,236.00,"141,600.00"
2019-12-15,2019121501008810,UPPER,33,32,10,238.00,"2,380.00"
2019-12-15,2019121501008770,UPPER,56,11,980,236.00,"231,280.00"
2019-12-15,2019121501008769,UPPER,38,11,20,236.00,"4,720.00"
2019-12-15,2019121501008746,UPPER,33,38,97,237.00,"22,989.00"
2019-12-15,2019121501009016,VLBS,32,6,10,669.00,"6,690.00"
2019-12-15,2019121501009009,VLBS,32,29,43,659.00,"28,337.00"
2019-12-15,2019121501008752,VLBS,50,21,25,647.00,"16,175.00"
2019-12-15,2019121501008649,VLBS,50,40,30,647.00,"19,410.00"
2019-12-15,2019121501008527,VLBS,19,14,41,648.00,"26,568.00"
2019-12-15,2019121501008361,ADBL,51,57,38,409.00,"15,542.00"
2019-12-15,2019121501008360,ADBL,39,57,62,409.00,"25,358.00"
2019-12-15,2019121501008117,AKBSL,51,25,10,452.00,"4,520.00"
2019-12-15,2019121501008475,ALBSL,16,19,20,445.00,"8,900.00"
2019-12-15,2019121501008474,ALBSL,20,19,20,445.00,"8,900.00"
2019-12-15,2019121501008473,ALBSL,46,19,160,445.00,"71,200.00"
2019-12-15,2019121501008319,ALBSL,46,25,200,445.00,"89,000.00"
2019-12-15,2019121501008140,ALBSL,46,29,130,445.00,"57,850.00"
2019-12-15,2019121501008106,ALICL,16,25,280,355.00,"99,400.00"
2019-12-15,2019121501008105,ALICL,16,25,20,357.00,"7,140.00"
2019-12-15,2019121501008401,API,57,35,337,109.00,"36,733.00"
2019-12-15,2019121501008379,API,57,42,63,109.00,"6,867.00"
2019-12-15,2019121501008378,API,34,42,37,109.00,"4,033.00"
2019-12-15,2019121501008318,API,29,39,100,110.00,"11,000.00"
2019-12-15,2019121501008317,API,46,39,100,110.00,"11,000.00"
2019-12-15,2019121501008316,API,55,39,700,110.00,"77,000.00"
2019-12-15,2019121501008245,API,59,34,"1,000",111.00,"111,000.00"
2019-12-15,2019121501008244,API,58,34,100,111.00,"11,100.00"
2019-12-15,2019121501008243,API,51,34,50,111.00,"5,550.00"
2019-12-15,2019121501008242,API,59,34,70,111.00,"7,770.00"
2019-12-15,2019121501008241,API,57,34,337,111.00,"37,407.00"
2019-12-15,2019121501008369,BOKL,13,20,17,218.00,"3,706.00"
2019-12-15,2019121501008368,BOKL,56,20,500,218.00,"109,000.00"
2019-12-15,2019121501008367,BOKL,34,20,500,218.00,"109,000.00"
2019-12-15,2019121501008366,BOKL,32,20,500,218.00,"109,000.00"
2019-12-15,2019121501008365,BOKL,51,20,"1,500",219.00,"328,500.00"
2019-12-15,2019121501008364,BOKL,56,20,30,219.00,"6,570.00"
2019-12-15,2019121501008363,BOKL,42,20,50,219.00,"10,950.00"
2019-12-15,2019121501008503,BPCL,40,10,50,355.00,"17,750.00"
2019-12-15,2019121501008502,BPCL,43,10,50,355.00,"17,750.00"
2019-12-15,2019121501008340,BPCL,43,57,50,355.00,"17,750.00"
2019-12-15,2019121501008298,BPCL,26,26,3,358.00,"1,074.00"
2019-12-15,2019121501008286,BPCL,16,58,321,354.00,"113,634.00"
2019-12-15,2019121501008285,BPCL,46,58,100,354.00,"35,400.00"
2019-12-15,2019121501008212,BPCL,43,38,50,356.00,"17,800.00"
2019-12-15,2019121501008211,BPCL,43,38,50,357.00,"17,850.00"
2019-12-15,2019121501008210,BPCL,44,38,110,357.00,"39,270.00"
2019-12-15,2019121501008208,BPCL,8,10,96,358.00,"34,368.00"
2019-12-15,2019121501008175,BPCL,8,11,54,358.00,"19,332.00"
2019-12-15,2019121501008218,BPCL,34,38,50,355.00,"17,750.00"
2019-12-15,2019121501008217,BPCL,34,38,50,355.00,"17,750.00"
2019-12-15,2019121501008216,BPCL,43,38,25,355.00,"8,875.00"
2019-12-15,2019121501008215,BPCL,25,38,100,356.00,"35,600.00"
2019-12-15,2019121501008214,BPCL,40,38,200,356.00,"71,200.00"
2019-12-15,2019121501008213,BPCL,43,38,300,356.00,"106,800.00"
2019-12-15,2019121501008284,BPCL,43,58,50,354.00,"17,700.00"
2019-12-15,2019121501008283,BPCL,1,58,80,355.00,"28,400.00"
2019-12-15,2019121501008282,BPCL,7,58,500,355.00,"177,500.00"
2019-12-15,2019121501008281,BPCL,41,58,50,355.00,"17,750.00"
2019-12-15,2019121501008280,BPCL,55,58,289,355.00,"102,595.00"
2019-12-15,2019121501008219,BPCL,55,38,711,355.00,"252,405.00"
2019-12-15,2019121501008320,CBBL,4,6,170,804.00,"136,680.00"
2019-12-15,2019121501008295,CBBL,4,6,330,804.00,"265,320.00"
2019-12-15,2019121501008294,CBBL,49,6,50,804.00,"40,200.00"
2019-12-15,2019121501008479,CBL,57,1,100,138.00,"13,800.00"
2019-12-15,2019121501008457,CHCL,56,59,100,356.00,"35,600.00"
2019-12-15,2019121501008456,CHCL,43,59,50,356.00,"17,800.00"
2019-12-15,2019121501008455,CHCL,52,59,200,358.00,"71,600.00"
2019-12-15,2019121501008417,CHCL,52,59,300,358.00,"107,400.00"
2019-12-15,2019121501008416,CHCL,29,59,100,359.00,"35,900.00"
2019-12-15,2019121501008415,CHCL,56,59,100,359.00,"35,900.00"
2019-12-15,2019121501008075,CHCL,21,21,99,363.00,"35,937.00"
2019-12-15,2019121501008023,CHCL,51,45,100,363.00,"36,300.00"
2019-12-15,2019121501008022,CHCL,29,45,50,363.00,"18,150.00"
2019-12-15,2019121501008450,CIT,54,25,67,"1,730.00","115,910.00"
2019-12-15,2019121501008449,CIT,11,25,10,"1,731.00","17,310.00"
2019-12-15,2019121501008400,CIT,14,29,25,"1,735.00","43,375.00"
2019-12-15,2019121501008399,CIT,14,59,50,"1,735.00","86,750.00"
2019-12-15,2019121501008398,CIT,14,56,25,"1,735.00","43,375.00"
2019-12-15,2019121501008270,CIT,8,56,20,"1,735.00","34,700.00"
2019-12-15,2019121501008076,CIT,57,25,200,"1,743.00","348,600.00"
2019-12-15,2019121501008269,CIT,49,56,20,"1,735.00","34,700.00"
2019-12-15,2019121501008268,CIT,41,56,56,"1,740.00","97,440.00"
2019-12-15,2019121501008139,CIT,41,34,144,"1,740.00","250,560.00"
2019-12-15,2019121501008138,CIT,34,34,50,"1,741.00","87,050.00"
2019-12-15,2019121501008137,CIT,35,34,50,"1,742.00","87,100.00"
2019-12-15,2019121501008136,CIT,37,34,24,"1,742.00","41,808.00"
2019-12-15,2019121501008375,CLBSL,26,26,1,603.00,603.00
2019-12-15,2019121501008267,CLBSL,26,50,1,603.00,603.00
2019-12-15,2019121501008349,CMF1,43,42,100,9.02,902.00
2019-12-15,2019121501008386,CZBIL,53,26,300,187.00,"56,100.00"
2019-12-15,2019121501008081,DBBL,55,36,250,127.00,"31,750.00"
2019-12-15,2019121501008279,DDBL,1,32,200,865.00,"173,000.00"
2019-12-15,2019121501008240,DDBL,35,28,50,865.00,"43,250.00"
2019-12-15,2019121501008239,DDBL,46,28,150,865.00,"129,750.00"
2019-12-15,2019121501008172,DDBL,46,32,50,865.00,"43,250.00"
2019-12-15,2019121501008171,DDBL,1,32,30,865.00,"25,950.00"
2019-12-15,2019121501008170,DDBL,21,32,400,867.00,"346,800.00"
2019-12-15,2019121501008169,DDBL,39,32,20,870.00,"17,400.00"
2019-12-15,2019121501008046,DDBL,50,28,99,866.00,"85,734.00"
2019-12-15,2019121501008045,DDBL,50,28,70,866.00,"60,620.00"
2019-12-15,2019121501008044,DDBL,58,28,42,866.00,"36,372.00"
2019-12-15,2019121501008043,DDBL,19,28,289,866.00,"250,274.00"
2019-12-15,2019121501008104,DHPL,34,22,11,55.00,605.00
2019-12-15,2019121501008315,EBL,34,51,50,567.00,"28,350.00"
2019-12-15,2019121501008394,EIC,11,34,10,268.00,"2,680.00"
2019-12-15,2019121501008289,EIC,38,38,50,273.00,"13,650.00"
2019-12-15,2019121501008494,FMDBL,16,38,390,319.00,"124,410.00"
2019-12-15,2019121501008493,FMDBL,14,38,41,319.00,"13,079.00"
2019-12-15,2019121501008426,FMDBL,14,51,269,319.00,"85,811.00"
2019-12-15,2019121501008425,FMDBL,55,51,20,320.00,"6,400.00"
2019-12-15,2019121501008066,FMDBL,14,48,190,319.00,"60,610.00"
2019-12-15,2019121501008065,FMDBL,34,48,100,320.00,"32,000.00"
2019-12-15,2019121501008064,FMDBL,57,48,100,320.00,"32,000.00"
2019-12-15,2019121501008063,FMDBL,5,48,100,320.00,"32,000.00"
2019-12-15,2019121501008062,FMDBL,35,48,10,320.00,"3,200.00"
2019-12-15,2019121501008391,FOWAD,32,6,44,"1,355.00","59,620.00"
2019-12-15,2019121501008121,FOWAD,32,42,150,"1,360.00","204,000.00"
2019-12-15,2019121501008037,GBBL,4,38,"1,720",202.00,"347,440.00"
2019-12-15,2019121501008189,GBLBS,52,46,15,317.00,"4,755.00"
2019-12-15,2019121501008460,GGBSL,55,39,10,609.00,"6,090.00"
2019-12-15,2019121501008296,GGBSL,55,36,10,609.00,"6,090.00"
2019-12-15,2019121501008472,GILB,1,34,27,810.00,"21,870.00"
2019-12-15,2019121501008409,GILB,1,42,23,810.00,"18,630.00"
2019-12-15,2019121501008392,GILB,1,34,100,810.00,"81,000.00"
2019-12-15,2019121501008323,GILB,44,34,20,811.00,"16,220.00"
2019-12-15,2019121501008302,GLBSL,39,34,10,444.00,"4,440.00"
2019-12-15,2019121501008514,GLICL,33,32,500,428.00,"214,000.00"
2019-12-15,2019121501008376,GRDBL,36,43,500,104.00,"52,000.00"
2019-12-15,2019121501008463,HDL,58,16,80,"1,251.00","100,080.00"
2019-12-15,2019121501008462,HDL,45,16,20,"1,252.00","25,040.00"
2019-12-15,2019121501008438,HDL,58,55,20,"1,251.00","25,020.00"
2019-12-15,2019121501008437,HDL,45,55,20,"1,252.00","25,040.00"
2019-12-15,2019121501008436,HDL,49,55,10,"1,252.00","12,520.00"
2019-12-15,2019121501008389,HDL,49,22,50,"1,252.00","62,600.00"
2019-12-15,2019121501008362,HDL,49,47,40,"1,252.00","50,080.00"
2019-12-15,2019121501008509,HGI,45,55,114,298.00,"33,972.00"
2019-12-15,2019121501008508,HGI,45,51,53,297.00,"15,741.00"
2019-12-15,2019121501008402,HGI,44,34,217,296.00,"64,232.00"
2019-12-15,2019121501008345,HGI,22,51,50,297.00,"14,850.00"
2019-12-15,2019121501008237,HGI,47,51,100,297.00,"29,700.00"
2019-12-15,2019121501008236,HGI,40,51,297,297.00,"88,209.00"
2019-12-15,2019121501008147,HGI,53,38,100,297.00,"29,700.00"
2019-12-15,2019121501008077,HGI,56,55,36,298.00,"10,728.00"
2019-12-15,2019121501008312,HIDCL,13,36,653,134.00,"87,502.00"
2019-12-15,2019121501008311,HIDCL,55,36,47,134.00,"6,298.00"
2019-12-15,2019121501008118,ICFC,35,35,13,160.00,"2,080.00"
2019-12-15,2019121501008411,IGI,47,6,100,304.00,"30,400.00"
2019-12-15,2019121501008410,IGI,48,6,400,304.00,"121,600.00"
2019-12-15,2019121501008255,ILBS,39,34,20,557.00,"11,140.00"
2019-12-15,2019121501008254,ILBS,17,34,20,558.00,"11,160.00"
2019-12-15,2019121501008168,JBBL,32,13,100,168.00,"16,800.00"
2019-12-15,2019121501008167,JBBL,34,13,200,168.00,"33,600.00"
2019-12-15,2019121501008166,JBBL,34,13,300,168.00,"50,400.00"
2019-12-15,2019121501008165,JBBL,33,13,500,168.00,"84,000.00"
2019-12-15,2019121501008124,JBBL,35,13,205,169.00,"34,645.00"
2019-12-15,2019121501008446,JOSHI,22,57,20,58.00,"1,160.00"
2019-12-15,2019121501008445,JOSHI,22,43,20,58.00,"1,160.00"
2019-12-15,2019121501008444,JOSHI,22,48,20,58.00,"1,160.00"
2019-12-15,2019121501008443,JOSHI,22,51,20,58.00,"1,160.00"
2019-12-15,2019121501008442,JOSHI,22,51,10,58.00,580.00
2019-12-15,2019121501008372,JSLBB,14,6,13,"1,230.00","15,990.00"
2019-12-15,2019121501008371,JSLBB,1,6,10,"1,230.00","12,300.00"
2019-12-15,2019121501008370,JSLBB,20,6,30,"1,230.00","36,900.00"
2019-12-15,2019121501008122,JSLBB,56,6,100,"1,235.00","123,500.00"
2019-12-15,2019121501008393,KBL,53,42,10,182.00,"1,820.00"
2019-12-15,2019121501008259,KBL,53,29,239,182.00,"43,498.00"
2019-12-15,2019121501008258,KBL,32,29,761,182.00,"138,502.00"
2019-12-15,2019121501008164,KBL,32,49,239,182.00,"43,498.00"
2019-12-15,2019121501008163,KBL,6,49,24,182.00,"4,368.00"
2019-12-15,2019121501008162,KBL,38,49,35,183.00,"6,405.00"
2019-12-15,2019121501008488,KSBBL,58,39,158,141.00,"22,278.00"
2019-12-15,2019121501008309,KSBBL,1,39,342,141.00,"48,222.00"
2019-12-15,2019121501008308,KSBBL,1,35,59,141.00,"8,319.00"
2019-12-15,2019121501008343,LBBL,25,28,960,189.00,"181,440.00"
2019-12-15,2019121501008303,LBBL,22,28,40,190.00,"7,600.00"
2019-12-15,2019121501008032,LBBL,54,14,50,190.00,"9,500.00"
2019-12-15,2019121501008257,LBL,43,34,100,196.00,"19,600.00"
2019-12-15,2019121501008256,LBL,45,34,400,196.00,"78,400.00"
2019-12-15,2019121501008506,LGIL,48,42,150,331.00,"49,650.00"
2019-12-15,2019121501008057,LGIL,48,43,10,331.00,"3,310.00"
2019-12-15,2019121501008056,LGIL,48,41,24,331.00,"7,944.00"
2019-12-15,2019121501008507,LICN,25,43,30,"1,016.00","30,480.00"
2019-12-15,2019121501008403,LICN,25,43,30,"1,016.00","30,480.00"
2019-12-15,2019121501008356,LICN,25,6,40,"1,016.00","40,640.00"
2019-12-15,2019121501008193,LICN,25,25,145,"1,016.00","147,320.00"
2019-12-15,2019121501008192,LICN,14,25,105,"1,017.00","106,785.00"
2019-12-15,2019121501008277,LLBS,34,43,96,652.00,"62,592.00"
2019-12-15,2019121501008276,LLBS,39,43,50,653.00,"32,650.00"
2019-12-15,2019121501008275,LLBS,47,43,50,655.00,"32,750.00"
2019-12-15,2019121501008482,LVF1,21,7,"1,000",8.87,"8,870.00"
2019-12-15,2019121501008521,MEGA,50,13,65,188.00,"12,220.00"
2019-12-15,2019121501008484,MEGA,50,13,85,188.00,"15,980.00"
2019-12-15,2019121501008483,MEGA,17,13,20,188.00,"3,760.00"
2019-12-15,2019121501008132,MEGA,17,32,210,188.00,"39,480.00"
2019-12-15,2019121501008107,MEGA,51,42,50,189.00,"9,450.00"
2019-12-15,2019121501008510,MERO,49,6,10,450.00,"4,500.00"
2019-12-15,2019121501008461,MERO,49,44,10,450.00,"4,500.00"
2019-12-15,2019121501008355,MERO,56,44,80,450.00,"36,000.00"
2019-12-15,2019121501008434,MLBBL,14,7,94,530.00,"49,820.00"
2019-12-15,2019121501008433,MLBBL,14,7,16,530.00,"8,480.00"
2019-12-15,2019121501008414,MLBBL,16,7,231,533.00,"123,123.00"
2019-12-15,2019121501008080,MLBBL,16,29,69,533.00,"36,777.00"
2019-12-15,2019121501008079,MLBBL,16,29,31,534.00,"16,554.00"
2019-12-15,2019121501008078,MLBBL,16,29,100,534.00,"53,400.00"
2019-12-15,2019121501008454,MNBBL,58,36,50,283.00,"14,150.00"
2019-12-15,2019121501008453,MNBBL,6,36,500,283.00,"141,500.00"
2019-12-15,2019121501008452,MNBBL,8,36,50,283.00,"14,150.00"
2019-12-15,2019121501008451,MNBBL,1,36,150,283.00,"42,450.00"
2019-12-15,2019121501008228,MNBBL,1,28,350,283.00,"99,050.00"
2019-12-15,2019121501008227,MNBBL,49,28,50,283.00,"14,150.00"
2019-12-15,2019121501008112,MNBBL,22,49,150,284.00,"42,600.00"
2019-12-15,2019121501008306,NABIL,1,6,500,745.00,"372,500.00"
2019-12-15,2019121501008111,NABIL,58,45,10,749.00,"7,490.00"
2019-12-15,2019121501008229,NADEP,21,40,150,455.00,"68,250.00"
2019-12-15,2019121501008113,NADEP,21,21,60,455.00,"27,300.00"
2019-12-15,2019121501008354,NBB,29,35,817,193.00,"157,681.00"
2019-12-15,2019121501008187,NBL,46,29,21,313.00,"6,573.00"
2019-12-15,2019121501008186,NBL,43,29,50,313.00,"15,650.00"
2019-12-15,2019121501008185,NBL,8,29,100,313.00,"31,300.00"
2019-12-15,2019121501008184,NBL,32,29,100,313.00,"31,300.00"
2019-12-15,2019121501008183,NBL,1,29,500,313.00,"156,500.00"
2019-12-15,2019121501008182,NBL,45,29,179,313.00,"56,027.00"
2019-12-15,2019121501008155,NBL,25,29,"1,658",313.00,"518,954.00"
2019-12-15,2019121501008154,NBL,56,29,500,313.00,"156,500.00"
2019-12-15,2019121501008153,NBL,20,29,"1,187",313.00,"371,531.00"
2019-12-15,2019121501008152,NBL,10,29,100,313.00,"31,300.00"
2019-12-15,2019121501008151,NBL,1,29,"1,000",313.00,"313,000.00"
2019-12-15,2019121501008150,NBL,56,29,555,313.00,"173,715.00"
2019-12-15,2019121501008181,NBL,58,29,"1,000",313.00,"313,000.00"
2019-12-15,2019121501008180,NBL,52,29,108,313.00,"33,804.00"
2019-12-15,2019121501008179,NBL,46,29,"1,000",313.00,"313,000.00"
2019-12-15,2019121501008178,NBL,46,29,100,313.00,"31,300.00"
2019-12-15,2019121501008177,NBL,36,29,500,313.00,"156,500.00"
2019-12-15,2019121501008176,NBL,25,29,342,313.00,"107,046.00"
2019-12-15,2019121501008395,NCCB,32,6,100,202.00,"20,200.00"
2019-12-15,2019121501008322,NCCB,32,10,247,202.00,"49,894.00"
2019-12-15,2019121501008321,NCCB,49,10,500,202.00,"101,000.00"
2019-12-15,2019121501008288,NCCB,32,44,"1,200",203.00,"243,600.00"
2019-12-15,2019121501008110,NCCB,52,44,800,203.00,"162,400.00"
2019-12-15,2019121501008099,NCCB,52,49,200,203.00,"40,600.00"
2019-12-15,2019121501008092,NCCB,52,49,"1,000",203.00,"203,000.00"
2019-12-15,2019121501008091,NCCB,32,49,"1,000",203.00,"203,000.00"
2019-12-15,2019121501008098,NCCB,14,49,100,203.00,"20,300.00"
2019-12-15,2019121501008097,NCCB,59,49,100,203.00,"20,300.00"
2019-12-15,2019121501008096,NCCB,58,49,500,203.00,"101,500.00"
2019-12-15,2019121501008095,NCCB,59,49,"1,000",203.00,"203,000.00"
2019-12-15,2019121501008094,NCCB,17,49,"1,000",203.00,"203,000.00"
2019-12-15,2019121501008093,NCCB,26,49,100,203.00,"20,300.00"
2019-12-15,2019121501008293,NEF,34,42,483,7.37,"3,559.71"
2019-12-15,2019121501008344,NGPL,47,38,100,112.00,"11,200.00"
2019-12-15,2019121501008513,NIB,46,13,23,430.00,"9,890.00"
2019-12-15,2019121501008497,NIB,17,44,50,428.00,"21,400.00"
2019-12-15,2019121501008496,NIB,11,44,189,428.00,"80,892.00"
2019-12-15,2019121501008512,NICA,44,45,200,416.00,"83,200.00"
2019-12-15,2019121501008388,NICA,44,51,50,416.00,"20,800.00"
2019-12-15,2019121501008305,NICA,45,45,500,416.00,"208,000.00"
2019-12-15,2019121501008304,NICA,45,45,500,416.00,"208,000.00"
2019-12-15,2019121501008253,NICA,46,45,13,418.00,"5,434.00"
2019-12-15,2019121501008071,NICA,46,34,20,417.00,"8,340.00"
2019-12-15,2019121501008028,NICA,53,43,500,416.00,"208,000.00"
2019-12-15,2019121501008027,NICA,8,43,500,416.00,"208,000.00"
2019-12-15,2019121501008026,NICA,8,43,52,416.00,"21,632.00"
2019-12-15,2019121501008041,NICA,41,28,248,415.00,"102,920.00"
2019-12-15,2019121501008040,NICA,44,28,752,416.00,"312,832.00"
2019-12-15,2019121501008034,NICA,44,28,"1,000",416.00,"416,000.00"
2019-12-15,2019121501008031,NICA,44,43,248,416.00,"103,168.00"
2019-12-15,2019121501008030,NICA,5,43,200,416.00,"83,200.00"
2019-12-15,2019121501008029,NICA,32,43,500,416.00,"208,000.00"
2019-12-15,2019121501008313,NICGF,19,42,150,8.62,"1,293.00"
2019-12-15,2019121501008492,NICL,38,19,30,290.00,"8,700.00"
2019-12-15,2019121501008491,NICL,42,19,94,290.00,"27,260.00"
2019-12-15,2019121501008490,NICL,26,19,500,290.00,"145,000.00"
2019-12-15,2019121501008489,NICL,16,19,100,290.00,"29,000.00"
2019-12-15,2019121501008301,NICL,20,25,150,292.00,"43,800.00"
2019-12-15,2019121501008235,NICL,45,26,100,294.00,"29,400.00"
2019-12-15,2019121501008233,NICL,44,36,"1,000",292.00,"292,000.00"
2019-12-15,2019121501008206,NICL,28,25,150,292.00,"43,800.00"
2019-12-15,2019121501008252,NLBBL,25,37,244,552.00,"134,688.00"
2019-12-15,2019121501008251,NLBBL,28,37,256,553.00,"141,568.00"
2019-12-15,2019121501008090,NLBBL,28,28,244,553.00,"134,932.00"
2019-12-15,2019121501008089,NLBBL,52,28,331,554.00,"183,374.00"
2019-12-15,2019121501008515,NLIC,41,42,100,886.00,"88,600.00"
2019-12-15,2019121501008471,NLIC,32,52,17,885.00,"15,045.00"
2019-12-15,2019121501008470,NLIC,18,52,100,885.00,"88,500.00"
2019-12-15,2019121501008469,NLIC,43,52,100,885.00,"88,500.00"
2019-12-15,2019121501008468,NLIC,25,52,400,890.00,"356,000.00"
2019-12-15,2019121501008467,NLIC,28,52,99,892.00,"88,308.00"
2019-12-15,2019121501008332,NLIC,44,47,300,894.00,"268,200.00"
2019-12-15,2019121501008310,NLIC,44,47,150,894.00,"134,100.00"
2019-12-15,2019121501008125,NLIC,44,56,25,894.00,"22,350.00"
2019-12-15,2019121501008103,NLIC,44,42,100,894.00,"89,400.00"
2019-12-15,2019121501008039,NLIC,44,1,925,895.00,"827,875.00"
2019-12-15,2019121501008466,NLIC,35,52,50,892.00,"44,600.00"
2019-12-15,2019121501008465,NLIC,52,52,34,893.00,"30,362.00"
2019-12-15,2019121501008448,NLIC,52,8,166,893.00,"148,238.00"
2019-12-15,2019121501008447,NLIC,44,8,148,894.00,"132,312.00"
2019-12-15,2019121501008435,NLIC,44,43,35,894.00,"31,290.00"
2019-12-15,2019121501008431,NLIC,44,52,242,894.00,"216,348.00"
2019-12-15,2019121501008481,NLICL,44,43,45,477.00,"21,465.00"
2019-12-15,2019121501008480,NMB,41,29,450,403.00,"181,350.00"
2019-12-15,2019121501008413,NMB,32,1,150,402.00,"60,300.00"
2019-12-15,2019121501008381,NMB,32,43,450,402.00,"180,900.00"
2019-12-15,2019121501008373,NMB,17,29,50,403.00,"20,150.00"
2019-12-15,2019121501008201,NMB,40,58,500,403.00,"201,500.00"
2019-12-15,2019121501008191,NMB,32,32,500,402.00,"201,000.00"
2019-12-15,2019121501008190,NMB,32,28,300,402.00,"120,600.00"
2019-12-15,2019121501008173,NMB,32,17,53,402.00,"21,306.00"
2019-12-15,2019121501008134,NMB,32,45,427,402.00,"171,654.00"
2019-12-15,2019121501008133,NMB,36,45,73,402.00,"29,346.00"
2019-12-15,2019121501008082,NMB,36,17,12,402.00,"4,824.00"
2019-12-15,2019121501008297,NMBMF,34,28,10,565.00,"5,650.00"
2019-12-15,2019121501008287,NMBMF,34,34,10,554.00,"5,540.00"
2019-12-15,2019121501008238,NMBMF,26,26,3,540.00,"1,620.00"
2019-12-15,2019121501008070,NMBMF,45,38,93,544.00,"50,592.00"
2019-12-15,2019121501008069,NMBMF,43,38,55,544.00,"29,920.00"
2019-12-15,2019121501008068,NMBMF,58,38,50,545.00,"27,250.00"
2019-12-15,2019121501008067,NMBMF,34,38,36,550.00,"19,800.00"
2019-12-15,2019121501008038,NMBMF,34,41,45,550.00,"24,750.00"
2019-12-15,2019121501008204,NMFBS,33,38,25,"1,225.00","30,625.00"
2019-12-15,2019121501008203,NMFBS,49,38,45,"1,226.00","55,170.00"
2019-12-15,2019121501008202,NMFBS,50,38,10,"1,236.00","12,360.00"
2019-12-15,2019121501008500,NNLB,19,32,110,610.00,"67,100.00"
2019-12-15,2019121501008499,NNLB,19,32,100,610.00,"61,000.00"
2019-12-15,2019121501008498,NNLB,17,32,20,617.00,"12,340.00"
2019-12-15,2019121501008486,NNLB,16,1,842,615.00,"517,830.00"
2019-12-15,2019121501008485,NNLB,33,1,54,616.00,"33,264.00"
2019-12-15,2019121501008477,NNLB,36,37,210,625.00,"131,250.00"
2019-12-15,2019121501008054,NNLB,26,21,100,617.00,"61,700.00"
2019-12-15,2019121501008053,NNLB,17,21,50,617.00,"30,850.00"
2019-12-15,2019121501008052,NNLB,17,21,10,618.00,"6,180.00"
2019-12-15,2019121501008476,NNLB,36,19,90,622.00,"55,980.00"
2019-12-15,2019121501008432,NNLB,33,57,146,616.00,"89,936.00"
2019-12-15,2019121501008072,NNLB,48,58,10,617.00,"6,170.00"
2019-12-15,2019121501008055,NNLB,48,21,40,617.00,"24,680.00"
2019-12-15,2019121501008387,NTC,49,28,40,637.00,"25,480.00"
2019-12-15,2019121501008377,NTC,34,28,90,638.00,"57,420.00"
2019-12-15,2019121501008131,NTC,59,28,20,650.00,"13,000.00"
2019-12-15,2019121501008130,NTC,26,28,30,652.00,"19,560.00"
2019-12-15,2019121501008129,NTC,42,28,20,652.00,"13,040.00"
2019-12-15,2019121501008188,NUBL,38,26,40,980.00,"39,200.00"
2019-12-15,2019121501008149,NUBL,26,47,49,975.00,"47,775.00"
2019-12-15,2019121501008120,NUBL,26,47,51,975.00,"49,725.00"
2019-12-15,2019121501008119,NUBL,56,47,19,975.00,"18,525.00"
2019-12-15,2019121501008108,NUBL,39,22,50,981.00,"49,050.00"
2019-12-15,2019121501008088,NUBL,56,47,35,975.00,"34,125.00"
2019-12-15,2019121501008087,NUBL,39,47,35,976.00,"34,160.00"
2019-12-15,2019121501008074,NUBL,39,47,65,976.00,"63,440.00"
2019-12-15,2019121501008260,OHL,34,45,30,420.00,"12,600.00"
2019-12-15,2019121501008146,PCBL,56,52,20,281.00,"5,620.00"
2019-12-15,2019121501008145,PCBL,45,52,200,281.00,"56,200.00"
2019-12-15,2019121501008144,PCBL,46,52,54,281.00,"15,174.00"
2019-12-15,2019121501008143,PCBL,43,52,500,281.00,"140,500.00"
2019-12-15,2019121501008142,PCBL,20,52,50,281.00,"14,050.00"
2019-12-15,2019121501008292,PFL,35,34,400,145.00,"58,000.00"
2019-12-15,2019121501008249,PIC,10,38,18,407.00,"7,326.00"
2019-12-15,2019121501008160,PIC,10,43,149,407.00,"60,643.00"
2019-12-15,2019121501008159,PIC,42,43,25,409.00,"10,225.00"
2019-12-15,2019121501008158,PIC,51,43,10,409.00,"4,090.00"
2019-12-15,2019121501008085,PIC,20,37,200,413.00,"82,600.00"
2019-12-15,2019121501008408,PLIC,35,42,73,343.00,"25,039.00"
2019-12-15,2019121501008331,PLIC,38,42,200,343.00,"68,600.00"
2019-12-15,2019121501008330,PLIC,10,42,100,343.00,"34,300.00"
2019-12-15,2019121501008329,PLIC,33,42,200,343.00,"68,600.00"
2019-12-15,2019121501008328,PLIC,45,42,100,343.00,"34,300.00"
2019-12-15,2019121501008327,PLIC,35,42,200,343.00,"68,600.00"
2019-12-15,2019121501008326,PLIC,33,42,200,344.00,"68,800.00"
2019-12-15,2019121501008325,PLIC,13,42,227,344.00,"78,088.00"
2019-12-15,2019121501008324,PLIC,14,42,200,345.00,"69,000.00"
2019-12-15,2019121501008024,PLIC,10,25,100,348.00,"34,800.00"
2019-12-15,2019121501008464,PRIN,20,29,500,335.00,"167,500.00"
2019-12-15,2019121501008352,PRIN,20,1,471,335.00,"157,785.00"
2019-12-15,2019121501008351,PRIN,40,1,29,335.00,"9,715.00"
2019-12-15,2019121501008221,PRIN,40,38,161,335.00,"53,935.00"
2019-12-15,2019121501008220,PRIN,25,38,100,336.00,"33,600.00"
2019-12-15,2019121501008205,PRIN,25,44,400,336.00,"134,400.00"
2019-12-15,2019121501008200,PRIN,6,28,200,337.00,"67,400.00"
2019-12-15,2019121501008033,PRIN,40,59,30,335.00,"10,050.00"
2019-12-15,2019121501008423,PROFL,38,19,200,95.00,"19,000.00"
2019-12-15,2019121501008422,PROFL,38,19,200,95.00,"19,000.00"
2019-12-15,2019121501008421,PROFL,38,19,200,95.00,"19,000.00"
2019-12-15,2019121501008420,PROFL,25,19,500,95.00,"47,500.00"
2019-12-15,2019121501008419,PROFL,53,19,500,95.00,"47,500.00"
2019-12-15,2019121501008418,PROFL,56,19,50,95.00,"4,750.00"
2019-12-15,2019121501008478,PRVU,45,40,37,227.00,"8,399.00"
2019-12-15,2019121501008458,PRVU,45,58,50,227.00,"11,350.00"
2019-12-15,2019121501008430,PRVU,45,6,251,227.00,"56,977.00"
2019-12-15,2019121501008335,PRVU,45,49,870,227.00,"197,490.00"
2019-12-15,2019121501008231,PRVU,45,28,292,227.00,"66,284.00"
2019-12-15,2019121501008230,PRVU,51,28,708,227.00,"160,716.00"
2019-12-15,2019121501008224,PRVU,51,28,292,227.00,"66,284.00"
2019-12-15,2019121501008223,PRVU,13,28,150,227.00,"34,050.00"
2019-12-15,2019121501008222,PRVU,55,28,"1,558",227.00,"353,666.00"
2019-12-15,2019121501008025,RADHI,22,6,39,141.00,"5,499.00"
2019-12-15,2019121501008511,RHPL,37,13,50,174.00,"8,700.00"
2019-12-15,2019121501008501,RHPL,37,56,200,174.00,"34,800.00"
2019-12-15,2019121501008290,RHPL,37,45,40,174.00,"6,960.00"
2019-12-15,2019121501008271,RHPL,37,1,40,174.00,"6,960.00"
2019-12-15,2019121501008250,RHPL,37,45,40,174.00,"6,960.00"
2019-12-15,2019121501008234,RHPL,37,45,50,174.00,"8,700.00"
2019-12-15,2019121501008114,RHPL,37,21,40,174.00,"6,960.00"
2019-12-15,2019121501008101,RHPL,21,28,20,175.00,"3,500.00"
2019-12-15,2019121501008100,RHPL,21,28,20,175.00,"3,500.00"
2019-12-15,2019121501008385,RLFL,41,32,117,112.00,"13,104.00"
2019-12-15,2019121501008266,RMDC,26,25,150,630.00,"94,500.00"
2019-12-15,2019121501008265,RMDC,10,25,200,630.00,"126,000.00"
2019-12-15,2019121501008264,RMDC,5,25,25,630.00,"15,750.00"
2019-12-15,2019121501008263,RMDC,34,25,50,631.00,"31,550.00"
2019-12-15,2019121501008262,RMDC,39,25,100,631.00,"63,100.00"
2019-12-15,2019121501008261,RMDC,36,25,12,631.00,"7,572.00"
2019-12-15,2019121501008520,RSDC,42,1,100,319.00,"31,900.00"
2019-12-15,2019121501008519,RSDC,39,1,100,319.00,"31,900.00"
2019-12-15,2019121501008518,RSDC,39,1,30,319.00,"9,570.00"
2019-12-15,2019121501008517,RSDC,34,1,100,320.00,"32,000.00"
2019-12-15,2019121501008516,RSDC,52,1,20,321.00,"6,420.00"
2019-12-15,2019121501008441,SABSL,19,45,140,543.00,"76,020.00"
2019-12-15,2019121501008440,SABSL,46,45,90,543.00,"48,870.00"
2019-12-15,2019121501008439,SABSL,42,45,10,545.00,"5,450.00"
2019-12-15,2019121501008248,SADBL,4,28,500,142.00,"71,000.00"
2019-12-15,2019121501008247,SADBL,32,28,500,142.00,"71,000.00"
2019-12-15,2019121501008246,SADBL,32,28,282,143.00,"40,326.00"
2019-12-15,2019121501008061,SANIMA,57,58,"1,433",316.00,"452,828.00"
2019-12-15,2019121501008060,SANIMA,34,58,50,317.00,"15,850.00"
2019-12-15,2019121501008059,SANIMA,25,58,"1,000",317.00,"317,000.00"
2019-12-15,2019121501008047,SANIMA,44,10,50,319.00,"15,950.00"
2019-12-15,2019121501008116,SBI,28,45,400,355.00,"142,000.00"
2019-12-15,2019121501008115,SBI,19,45,100,357.00,"35,700.00"
2019-12-15,2019121501008042,SBL,17,51,50,291.00,"14,550.00"
2019-12-15,2019121501008199,SCB,38,34,19,538.00,"10,222.00"
2019-12-15,2019121501008198,SCB,39,34,100,538.00,"53,800.00"
2019-12-15,2019121501008197,SCB,17,34,20,539.00,"10,780.00"
2019-12-15,2019121501008196,SCB,6,34,185,539.00,"99,715.00"
2019-12-15,2019121501008195,SCB,6,34,100,539.00,"53,900.00"
2019-12-15,2019121501008194,SCB,1,34,80,539.00,"43,120.00"
2019-12-15,2019121501008333,SDESI,45,14,100,579.00,"57,900.00"
2019-12-15,2019121501008035,SDESI,38,14,50,579.00,"28,950.00"
2019-12-15,2019121501008505,SHIVM,45,10,800,359.00,"287,200.00"
2019-12-15,2019121501008504,SHIVM,41,10,200,360.00,"72,000.00"
2019-12-15,2019121501008299,SHIVM,45,38,990,360.00,"356,400.00"
2019-12-15,2019121501008207,SHIVM,45,6,10,360.00,"3,600.00"
2019-12-15,2019121501008084,SHIVM,40,6,190,360.00,"68,400.00"
2019-12-15,2019121501008083,SHIVM,40,35,20,360.00,"7,200.00"
2019-12-15,2019121501008051,SHIVM,59,52,100,358.00,"35,800.00"
2019-12-15,2019121501008050,SHIVM,48,52,100,358.00,"35,800.00"
2019-12-15,2019121501008359,SIC,58,7,490,507.00,"248,430.00"
2019-12-15,2019121501008358,SIC,34,7,10,511.00,"5,110.00"
2019-12-15,2019121501008357,SICL,55,33,38,844.00,"32,072.00"
2019-12-15,2019121501008339,SICL,55,33,58,844.00,"48,952.00"
2019-12-15,2019121501008338,SICL,45,33,100,845.00,"84,500.00"
2019-12-15,2019121501008337,SICL,45,33,100,846.00,"84,600.00"
2019-12-15,2019121501008336,SICL,45,33,65,847.00,"55,055.00"
2019-12-15,2019121501008161,SICL,45,14,35,851.00,"29,785.00"
2019-12-15,2019121501008374,SJCL,32,45,20,160.00,"3,200.00"
2019-12-15,2019121501008353,SJCL,32,45,20,160.00,"3,200.00"
2019-12-15,2019121501008334,SJCL,32,45,20,160.00,"3,200.00"
2019-12-15,2019121501008314,SJCL,32,45,20,160.00,"3,200.00"
2019-12-15,2019121501008174,SJCL,21,21,20,161.00,"3,220.00"
2019-12-15,2019121501008348,SKBBL,4,41,62,978.00,"60,636.00"
2019-12-15,2019121501008347,SKBBL,38,41,100,978.00,"97,800.00"
2019-12-15,2019121501008346,SKBBL,57,41,100,978.00,"97,800.00"
2019-12-15,2019121501008209,SKBBL,17,34,50,980.00,"49,000.00"
2019-12-15,2019121501008036,SLBSL,47,1,100,616.00,"61,600.00"
2019-12-15,2019121501008404,SLICL,53,34,200,290.00,"58,000.00"
2019-12-15,2019121501008350,SLICL,53,57,100,290.00,"29,000.00"
2019-12-15,2019121501008157,SLICL,28,22,500,291.00,"145,500.00"
2019-12-15,2019121501008156,SLICL,34,22,100,291.00,"29,100.00"
2019-12-15,2019121501008109,SLICL,4,59,250,295.00,"73,750.00"
2019-12-15,2019121501008073,SLICL,4,34,500,295.00,"147,500.00"
2019-12-15,2019121501008058,SLICL,45,39,200,296.00,"59,200.00"
2019-12-15,2019121501008429,SMB,48,6,20,533.00,"10,660.00"
2019-12-15,2019121501008428,SMB,6,6,10,533.00,"5,330.00"
2019-12-15,2019121501008427,SMB,48,6,50,533.00,"26,650.00"
2019-12-15,2019121501008342,SMFBS,25,34,50,899.00,"44,950.00"
2019-12-15,2019121501008341,SMFBS,25,19,50,895.00,"44,750.00"
2019-12-15,2019121501008278,SMFBS,38,46,10,890.00,"8,900.00"
2019-12-15,2019121501008405,SMFDB,58,7,168,653.00,"109,704.00"
2019-12-15,2019121501008396,SPARS,36,52,75,571.00,"42,825.00"
2019-12-15,2019121501008274,SRBL,17,28,200,220.00,"44,000.00"
2019-12-15,2019121501008273,SRBL,59,28,500,220.00,"110,000.00"
2019-12-15,2019121501008272,SRBL,34,28,300,220.00,"66,000.00"
2019-12-15,2019121501008406,STC,26,20,10,"1,551.00","15,510.00"
2019-12-15,2019121501008390,STC,26,20,10,"1,551.00","15,510.00"
2019-12-15,2019121501008459,SWBBL,44,25,258,"1,042.00","268,836.00"
2019-12-15,2019121501008086,SWBBL,50,52,172,"1,045.00","179,740.00"
2019-12-15,2019121501008232,SWBBL,44,16,40,"1,042.00","41,680.00"
2019-12-15,2019121501008148,SWBBL,44,44,30,"1,042.00","31,260.00"
2019-12-15,2019121501008141,SWBBL,44,32,300,"1,042.00","312,600.00"
2019-12-15,2019121501008135,SWBBL,44,16,75,"1,042.00","78,150.00"
2019-12-15,2019121501008126,SWBBL,36,21,14,"1,053.00","14,742.00"
2019-12-15,2019121501008102,SWBBL,44,20,125,"1,042.00","130,250.00"
2019-12-15,2019121501008407,TMDBL,52,59,30,151.00,"4,530.00"
2019-12-15,2019121501008128,TRH,7,6,275,270.00,"74,250.00"
2019-12-15,2019121501008127,TRH,43,6,25,270.00,"6,750.00"
2019-12-15,2019121501008487,UFL,40,51,50,169.00,"8,450.00"
2019-12-15,2019121501008384,UFL,22,28,20,172.00,"3,440.00"
2019-12-15,2019121501008412,UIC,25,34,70,292.00,"20,440.00"
2019-12-15,2019121501008397,UIC,11,4,40,290.00,"11,600.00"
2019-12-15,2019121501008380,UIC,11,5,300,290.00,"87,000.00"
2019-12-15,2019121501008307,UIC,11,7,100,290.00,"29,000.00"
2019-12-15,2019121501008291,UIC,11,6,100,290.00,"29,000.00"
2019-12-15,2019121501008495,UMHL,35,22,10,107.00,"1,070.00"
2019-12-15,2019121501008424,UMHL,35,22,10,107.00,"1,070.00"
2019-12-15,2019121501008300,UPPER,16,38,10,236.00,"2,360.00"
2019-12-15,2019121501008226,UPPER,16,46,50,236.00,"11,800.00"
2019-12-15,2019121501008123,UPPER,16,40,250,236.00,"59,000.00"
2019-12-15,2019121501008049,UPPER,52,29,250,237.00,"59,250.00"
2019-12-15,2019121501008048,UPPER,45,29,281,237.00,"66,597.00"
2019-12-15,2019121501008383,VLBS,38,14,10,648.00,"6,480.00"
2019-12-15,2019121501008382,VLBS,38,14,10,648.00,"6,480.00"
2019-12-15,2019121501008225,VLBS,26,26,3,640.00,"1,920.00"
2019-12-15,2019121501007680,ADBL,35,36,20,410.00,"8,200.00"
2019-12-15,2019121501007620,ADBL,19,40,100,410.00,"41,000.00"
2019-12-15,2019121501007619,ADBL,19,29,40,410.00,"16,400.00"
2019-12-15,2019121501008016,AKBSL,51,25,10,452.00,"4,520.00"
2019-12-15,2019121501007906,AKBSL,51,17,10,452.00,"4,520.00"
2019-12-15,2019121501007868,AKBSL,51,49,10,452.00,"4,520.00"
2019-12-15,2019121501007732,AKBSL,51,49,10,452.00,"4,520.00"
2019-12-15,2019121501007648,AKBSL,10,41,60,453.00,"27,180.00"
2019-12-15,2019121501007647,AKBSL,34,41,20,453.00,"9,060.00"
2019-12-15,2019121501007646,AKBSL,43,41,20,454.00,"9,080.00"
2019-12-15,2019121501007708,ALBSL,46,41,10,445.00,"4,450.00"
2019-12-15,2019121501007707,ALBSL,40,41,90,446.00,"40,140.00"
2019-12-15,2019121501008003,ALICL,16,37,480,357.00,"171,360.00"
2019-12-15,2019121501008002,ALICL,16,37,120,358.00,"42,960.00"
2019-12-15,2019121501007912,ALICL,16,40,80,358.00,"28,640.00"
2019-12-15,2019121501007911,ALICL,50,40,20,359.00,"7,180.00"
2019-12-15,2019121501007800,ALICL,50,14,80,359.00,"28,720.00"
2019-12-15,2019121501007578,BFC,28,45,46,83.00,"3,818.00"
2019-12-15,2019121501007577,BFC,4,45,100,83.00,"8,300.00"
2019-12-15,2019121501007576,BFC,19,45,100,83.00,"8,300.00"
2019-12-15,2019121501007575,BFC,6,45,200,83.00,"16,600.00"
2019-12-15,2019121501007574,BFC,41,45,300,83.00,"24,900.00"
2019-12-15,2019121501007573,BFC,14,45,99,83.00,"8,217.00"
2019-12-15,2019121501007998,BPCL,8,10,23,358.00,"8,234.00"
2019-12-15,2019121501007953,BPCL,42,44,20,359.00,"7,180.00"
2019-12-15,2019121501007952,BPCL,6,44,100,359.00,"35,900.00"
2019-12-15,2019121501007951,BPCL,6,44,12,359.00,"4,308.00"
2019-12-15,2019121501007720,BPCL,6,44,22,359.00,"7,898.00"
2019-12-15,2019121501007916,CBBL,49,6,100,804.00,"80,400.00"
2019-12-15,2019121501008008,CCBL,5,16,500,167.00,"83,500.00"
2019-12-15,2019121501007965,CCBL,13,45,"1,000",168.00,"168,000.00"
2019-12-15,2019121501007964,CCBL,40,45,"1,000",168.00,"168,000.00"
2019-12-15,2019121501007884,CCBL,41,45,149,169.00,"25,181.00"
2019-12-15,2019121501007851,CCBL,41,45,151,169.00,"25,519.00"
2019-12-15,2019121501007850,CCBL,26,45,100,169.00,"16,900.00"
2019-12-15,2019121501007548,CCBL,50,34,50,170.00,"8,500.00"
2019-12-15,2019121501007849,CCBL,45,45,100,169.00,"16,900.00"
2019-12-15,2019121501007848,CCBL,45,45,"1,000",169.00,"169,000.00"
2019-12-15,2019121501007847,CCBL,43,45,149,169.00,"25,181.00"
2019-12-15,2019121501007839,CCBL,43,43,56,169.00,"9,464.00"
2019-12-15,2019121501007809,CCBL,43,25,795,169.00,"134,355.00"
2019-12-15,2019121501007808,CCBL,40,25,205,169.00,"34,645.00"
2019-12-15,2019121501008021,CHCL,46,45,100,364.00,"36,400.00"
2019-12-15,2019121501007738,CHCL,33,11,20,365.00,"7,300.00"
2019-12-15,2019121501007737,CHCL,42,11,110,365.00,"40,150.00"
2019-12-15,2019121501008007,CIT,57,25,40,"1,745.00","69,800.00"
2019-12-15,2019121501008006,CIT,11,25,60,"1,747.00","104,820.00"
2019-12-15,2019121501007999,CIT,47,50,14,"1,748.00","24,472.00"
2019-12-15,2019121501007955,CIT,47,11,48,"1,748.00","83,904.00"
2019-12-15,2019121501007560,CZBIL,51,51,829,188.00,"155,852.00"
2019-12-15,2019121501007530,DBBL,55,52,250,127.00,"31,750.00"
2019-12-15,2019121501007941,DDBL,19,59,11,866.00,"9,526.00"
2019-12-15,2019121501007616,DDBL,17,32,20,868.00,"17,360.00"
2019-12-15,2019121501007615,DDBL,20,32,544,868.00,"472,192.00"
2019-12-15,2019121501007614,DDBL,33,32,10,868.00,"8,680.00"
2019-12-15,2019121501007613,DDBL,35,32,20,870.00,"17,400.00"
2019-12-15,2019121501007612,DDBL,32,32,20,870.00,"17,400.00"
2019-12-15,2019121501007611,DDBL,26,32,140,870.00,"121,800.00"
2019-12-15,2019121501008019,EBL,34,14,103,567.00,"58,401.00"
2019-12-15,2019121501007995,EBL,40,51,182,568.00,"103,376.00"
2019-12-15,2019121501007969,EBL,40,13,118,568.00,"67,024.00"
2019-12-15,2019121501007968,EBL,35,13,32,568.00,"18,176.00"
2019-12-15,2019121501007667,EBL,35,1,95,568.00,"53,960.00"
2019-12-15,2019121501007666,EBL,50,1,100,569.00,"56,900.00"
2019-12-15,2019121501007568,EBL,35,28,423,568.00,"240,264.00"
2019-12-15,2019121501007552,EBL,14,25,106,569.00,"60,314.00"
2019-12-15,2019121501007956,EIC,26,41,20,269.00,"5,380.00"
2019-12-15,2019121501007564,EIC,37,41,100,264.00,"26,400.00"
2019-12-15,2019121501007563,EIC,58,41,80,265.00,"21,200.00"
2019-12-15,2019121501007927,FMDBL,35,8,40,320.00,"12,800.00"
2019-12-15,2019121501007645,FMDBL,35,25,150,320.00,"48,000.00"
2019-12-15,2019121501007600,FMDBL,40,51,300,321.00,"96,300.00"
2019-12-15,2019121501008004,FOWAD,32,6,38,"1,367.00","51,946.00"
2019-12-15,2019121501007963,FOWAD,32,6,62,"1,367.00","84,754.00"
2019-12-15,2019121501007917,FOWAD,32,41,19,"1,367.00","25,973.00"
2019-12-15,2019121501007967,GBBL,1,42,500,203.00,"101,500.00"
2019-12-15,2019121501007966,GBBL,46,42,91,203.00,"18,473.00"
2019-12-15,2019121501007880,GBBL,46,35,500,203.00,"101,500.00"
2019-12-15,2019121501007897,GBLBS,29,25,45,316.00,"14,220.00"
2019-12-15,2019121501007896,GBLBS,52,25,100,316.00,"31,600.00"
2019-12-15,2019121501007895,GBLBS,45,25,25,317.00,"7,925.00"
2019-12-15,2019121501007610,GBLBS,45,46,175,317.00,"55,475.00"
2019-12-15,2019121501007601,GBLBS,46,33,14,322.00,"4,508.00"
2019-12-15,2019121501007624,GGBSL,11,37,10,610.00,"6,100.00"
2019-12-15,2019121501007836,GGBSL,55,49,10,609.00,"6,090.00"
2019-12-15,2019121501007812,GGBSL,42,58,10,620.00,"6,200.00"
2019-12-15,2019121501007756,GGBSL,55,49,10,609.00,"6,090.00"
2019-12-15,2019121501007985,GILB,44,1,50,811.00,"40,550.00"
2019-12-15,2019121501007773,GLICL,25,58,200,436.00,"87,200.00"
2019-12-15,2019121501007772,GLICL,38,58,100,437.00,"43,700.00"
2019-12-15,2019121501007771,GLICL,21,58,50,437.00,"21,850.00"
2019-12-15,2019121501007770,GLICL,16,58,100,437.00,"43,700.00"
2019-12-15,2019121501007769,GLICL,10,58,250,438.00,"109,500.00"
2019-12-15,2019121501007761,GLICL,39,32,133,440.00,"58,520.00"
2019-12-15,2019121501007760,GLICL,5,32,37,441.00,"16,317.00"
2019-12-15,2019121501007883,GMFBS,28,22,163,561.00,"91,443.00"
2019-12-15,2019121501007882,GMFBS,28,22,37,561.00,"20,757.00"
2019-12-15,2019121501007881,GMFBS,28,22,100,562.00,"56,200.00"
2019-12-15,2019121501007558,HBL,1,44,205,501.00,"102,705.00"
2019-12-15,2019121501007556,HBL,26,44,10,501.00,"5,010.00"
2019-12-15,2019121501008015,HGI,56,59,464,298.00,"138,272.00"
2019-12-15,2019121501008014,HGI,45,59,10,298.00,"2,980.00"
2019-12-15,2019121501007990,HGI,45,51,190,298.00,"56,620.00"
2019-12-15,2019121501007877,HGI,45,29,200,298.00,"59,600.00"
2019-12-15,2019121501007876,HGI,18,29,500,298.00,"149,000.00"
2019-12-15,2019121501007875,HGI,25,29,200,298.00,"59,600.00"
2019-12-15,2019121501007688,HGI,6,57,100,299.00,"29,900.00"
2019-12-15,2019121501007685,HGI,6,34,50,299.00,"14,950.00"
2019-12-15,2019121501007684,HGI,4,55,100,300.00,"30,000.00"
2019-12-15,2019121501007609,HGI,6,44,17,299.00,"5,083.00"
2019-12-15,2019121501007528,HGI,6,58,293,299.00,"87,607.00"
2019-12-15,2019121501007874,HGI,22,29,100,298.00,"29,800.00"
2019-12-15,2019121501007873,HGI,20,29,100,299.00,"29,900.00"
2019-12-15,2019121501007857,HGI,41,3,100,299.00,"29,900.00"
2019-12-15,2019121501007828,HGI,6,21,200,299.00,"59,800.00"
2019-12-15,2019121501007799,HGI,6,41,200,299.00,"59,800.00"
2019-12-15,2019121501007763,HGI,6,13,250,299.00,"74,750.00"
2019-12-15,2019121501007918,HIDCL,52,37,44,135.00,"5,940.00"
2019-12-15,2019121501007807,HIDCL,55,49,11,134.00,"1,474.00"
2019-12-15,2019121501007764,HIDCL,55,49,11,134.00,"1,474.00"
2019-12-15,2019121501007589,ICFC,35,28,821,160.00,"131,360.00"
