Date,Transact. No.,Symbol,Buyer,Seller,Quantity,Rate,Amount
2019-05-26,2019052601009170,ADBL,35,45,300,425.00,"127,500.00"
2019-05-26,2019052601009169,ADBL,58,45,200,426.00,"85,200.00"
2019-05-26,2019052601009093,ADBL,1,52,200,426.00,"85,200.00"
2019-05-26,2019052601009045,ADBL,1,43,300,426.00,"127,800.00"
2019-05-26,2019052601008959,ADBL,35,42,"1,000",425.00,"425,000.00"
2019-05-26,2019052601008956,ADBL,14,43,200,426.00,"85,200.00"
2019-05-26,2019052601008795,ADBL,41,36,120,423.00,"50,760.00"
2019-05-26,2019052601008946,ADBL,35,58,100,425.00,"42,500.00"
2019-05-26,2019052601008945,ADBL,35,56,"1,000",425.00,"425,000.00"
2019-05-26,2019052601008944,ADBL,35,4,500,424.00,"212,000.00"
2019-05-26,2019052601008815,ADBL,36,38,336,424.00,"142,464.00"
2019-05-26,2019052601008797,ADBL,56,36,330,423.00,"139,590.00"
2019-05-26,2019052601008796,ADBL,42,36,150,423.00,"63,450.00"
2019-05-26,2019052601009104,AHPC,26,52,50,112.00,"5,600.00"
2019-05-26,2019052601009103,AHPC,51,52,100,112.00,"11,200.00"
2019-05-26,2019052601009087,ALBSL,25,39,10,441.00,"4,410.00"
2019-05-26,2019052601009099,ALICL,55,38,100,420.00,"42,000.00"
2019-05-26,2019052601009098,ALICL,58,38,200,420.00,"84,000.00"
2019-05-26,2019052601008942,ALICL,48,38,70,420.00,"29,400.00"
2019-05-26,2019052601008941,ALICL,47,38,50,422.00,"21,100.00"
2019-05-26,2019052601008940,ALICL,16,38,400,425.00,"170,000.00"
2019-05-26,2019052601008891,ALICL,51,45,100,425.00,"42,500.00"
2019-05-26,2019052601009118,API,48,45,75,155.00,"11,625.00"
2019-05-26,2019052601009079,API,37,13,565,153.00,"86,445.00"
2019-05-26,2019052601009078,API,45,13,280,153.00,"42,840.00"
2019-05-26,2019052601008950,API,45,47,20,153.00,"3,060.00"
2019-05-26,2019052601008993,BARUN,48,44,100,98.00,"9,800.00"
2019-05-26,2019052601009156,BFC,42,34,10,104.00,"1,040.00"
2019-05-26,2019052601009106,BFC,42,57,248,102.00,"25,296.00"
2019-05-26,2019052601009085,BOKL,52,56,"1,000",271.00,"271,000.00"
2019-05-26,2019052601009071,BOKL,52,56,940,271.00,"254,740.00"
2019-05-26,2019052601009070,BOKL,47,56,60,271.00,"16,260.00"
2019-05-26,2019052601009011,BOKL,59,58,300,272.00,"81,600.00"
2019-05-26,2019052601008987,BOKL,41,58,180,272.00,"48,960.00"
2019-05-26,2019052601008961,BOKL,47,22,440,271.00,"119,240.00"
2019-05-26,2019052601008960,BOKL,57,22,60,271.00,"16,260.00"
2019-05-26,2019052601008930,BOKL,57,45,40,271.00,"10,840.00"
2019-05-26,2019052601008899,BOKL,32,58,100,272.00,"27,200.00"
2019-05-26,2019052601008824,BOKL,44,58,17,272.00,"4,624.00"
2019-05-26,2019052601008823,BOKL,44,38,33,272.00,"8,976.00"
2019-05-26,2019052601009254,BPCL,7,58,362,418.00,"151,316.00"
2019-05-26,2019052601009253,BPCL,10,58,100,418.00,"41,800.00"
2019-05-26,2019052601009252,BPCL,5,58,38,418.00,"15,884.00"
2019-05-26,2019052601009109,BPCL,45,1,350,420.00,"147,000.00"
2019-05-26,2019052601009008,BPCL,19,1,100,420.00,"42,000.00"
2019-05-26,2019052601008924,BPCL,44,49,250,419.00,"104,750.00"
2019-05-26,2019052601008883,BPCL,36,49,250,419.00,"104,750.00"
2019-05-26,2019052601008836,BPCL,5,58,462,418.00,"193,116.00"
2019-05-26,2019052601008835,BPCL,28,58,189,418.00,"79,002.00"
2019-05-26,2019052601009139,CBBL,32,48,30,950.00,"28,500.00"
2019-05-26,2019052601009250,CBL,59,47,336,146.00,"49,056.00"
2019-05-26,2019052601009249,CBL,51,47,"1,000",146.00,"146,000.00"
2019-05-26,2019052601009248,CBL,43,47,"1,400",146.00,"204,400.00"
2019-05-26,2019052601009247,CBL,39,47,200,146.00,"29,200.00"
2019-05-26,2019052601009246,CBL,25,47,"1,000",146.00,"146,000.00"
2019-05-26,2019052601009245,CBL,45,47,40,146.00,"5,840.00"
2019-05-26,2019052601008839,CCBL,52,22,460,168.00,"77,280.00"
2019-05-26,2019052601008838,CCBL,52,52,40,168.00,"6,720.00"
2019-05-26,2019052601009067,CFCL,14,59,17,114.00,"1,938.00"
2019-05-26,2019052601009058,CHCL,42,7,135,532.00,"71,820.00"
2019-05-26,2019052601009057,CHCL,42,20,65,532.00,"34,580.00"
2019-05-26,2019052601009072,CHLBS,36,8,10,449.00,"4,490.00"
2019-05-26,2019052601008900,CHLBS,22,11,10,447.00,"4,470.00"
2019-05-26,2019052601008884,CHLBS,22,11,10,447.00,"4,470.00"
2019-05-26,2019052601008991,CLBSL,54,41,10,560.00,"5,600.00"
2019-05-26,2019052601008803,CLBSL,40,19,10,548.00,"5,480.00"
2019-05-26,2019052601009225,CORBL,39,44,60,121.00,"7,260.00"
2019-05-26,2019052601009080,CORBL,39,44,80,121.00,"9,680.00"
2019-05-26,2019052601009260,CZBIL,17,48,174,228.00,"39,672.00"
2019-05-26,2019052601009147,DBBL,16,28,495,147.00,"72,765.00"
2019-05-26,2019052601009146,DBBL,14,28,505,147.00,"74,235.00"
2019-05-26,2019052601008888,DBBL,14,39,100,147.00,"14,700.00"
2019-05-26,2019052601009014,DDBL,34,59,100,728.00,"72,800.00"
2019-05-26,2019052601008882,FMDBL,45,37,220,405.00,"89,100.00"
2019-05-26,2019052601008881,FMDBL,45,37,80,405.00,"32,400.00"
2019-05-26,2019052601009257,GBBL,4,44,46,222.00,"10,212.00"
2019-05-26,2019052601009256,GBBL,4,44,454,222.00,"100,788.00"
2019-05-26,2019052601009222,GBBL,4,10,46,222.00,"10,212.00"
2019-05-26,2019052601009221,GBBL,49,10,258,222.00,"57,276.00"
2019-05-26,2019052601009220,GBBL,55,10,"1,000",222.00,"222,000.00"
2019-05-26,2019052601009219,GBBL,4,10,"1,000",222.00,"222,000.00"
2019-05-26,2019052601008849,GBBL,55,39,10,222.00,"2,220.00"
2019-05-26,2019052601008821,GBBL,56,58,500,224.00,"112,000.00"
2019-05-26,2019052601008819,GBBL,34,39,45,223.00,"10,035.00"
2019-05-26,2019052601009218,GBBL,53,10,100,222.00,"22,200.00"
2019-05-26,2019052601009217,GBBL,50,10,500,222.00,"111,000.00"
2019-05-26,2019052601009216,GBBL,4,10,500,222.00,"111,000.00"
2019-05-26,2019052601009215,GBBL,55,10,596,222.00,"132,312.00"
2019-05-26,2019052601009214,GBBL,55,33,300,222.00,"66,600.00"
2019-05-26,2019052601009038,GBBL,59,52,100,223.00,"22,300.00"
2019-05-26,2019052601009199,GBIME,44,11,50,305.00,"15,250.00"
2019-05-26,2019052601009198,GBIME,45,11,100,305.00,"30,500.00"
2019-05-26,2019052601009153,GBIME,49,45,100,306.00,"30,600.00"
2019-05-26,2019052601009096,GBIME,6,45,107,305.00,"32,635.00"
2019-05-26,2019052601008972,GBIME,50,44,"1,300",306.00,"397,800.00"
2019-05-26,2019052601008822,GBIME,45,44,200,306.00,"61,200.00"
2019-05-26,2019052601008801,GBIME,22,44,500,306.00,"153,000.00"
2019-05-26,2019052601009201,GBLBS,6,39,30,378.00,"11,340.00"
2019-05-26,2019052601008979,GBLBS,42,45,35,378.00,"13,230.00"
2019-05-26,2019052601008978,GBLBS,39,45,30,378.00,"11,340.00"
2019-05-26,2019052601008977,GBLBS,25,45,450,378.00,"170,100.00"
2019-05-26,2019052601008976,GBLBS,38,45,10,378.00,"3,780.00"
2019-05-26,2019052601008975,GBLBS,6,45,55,378.00,"20,790.00"
2019-05-26,2019052601008932,GBLBS,6,39,10,378.00,"3,780.00"
2019-05-26,2019052601008887,GBLBS,6,14,30,378.00,"11,340.00"
2019-05-26,2019052601009063,GDBL,54,57,130,211.00,"27,430.00"
2019-05-26,2019052601009062,GDBL,14,57,45,211.00,"9,495.00"
2019-05-26,2019052601009061,GDBL,41,57,25,212.00,"5,300.00"
2019-05-26,2019052601008981,GFCL,1,43,10,121.00,"1,210.00"
2019-05-26,2019052601008844,GILB,38,57,200,"1,376.00","275,200.00"
2019-05-26,2019052601008820,GLICL,58,43,110,552.00,"60,720.00"
2019-05-26,2019052601008948,GUFL,40,43,10,111.00,"1,110.00"
2019-05-26,2019052601009202,HBL,49,25,45,580.00,"26,100.00"
2019-05-26,2019052601009197,HDL,25,58,500,"1,666.00","833,000.00"
2019-05-26,2019052601009196,HDL,25,58,100,"1,666.00","166,600.00"
2019-05-26,2019052601009195,HDL,28,58,50,"1,666.00","83,300.00"
2019-05-26,2019052601009194,HDL,57,58,100,"1,666.00","166,600.00"
2019-05-26,2019052601009193,HDL,49,58,10,"1,666.00","16,660.00"
2019-05-26,2019052601009192,HDL,22,58,200,"1,666.00","333,200.00"
2019-05-26,2019052601009173,HDL,35,40,50,"1,700.00","85,000.00"
2019-05-26,2019052601009179,HDL,43,58,20,"1,692.00","33,840.00"
2019-05-26,2019052601009178,HDL,32,58,50,"1,692.00","84,600.00"
2019-05-26,2019052601009177,HDL,22,58,10,"1,695.00","16,950.00"
2019-05-26,2019052601009176,HDL,35,58,10,"1,696.00","16,960.00"
2019-05-26,2019052601009175,HDL,35,58,20,"1,696.00","33,920.00"
2019-05-26,2019052601009174,HDL,35,58,10,"1,696.00","16,960.00"
2019-05-26,2019052601009185,HDL,52,58,50,"1,687.00","84,350.00"
2019-05-26,2019052601009184,HDL,16,58,50,"1,688.00","84,400.00"
2019-05-26,2019052601009183,HDL,16,58,50,"1,688.00","84,400.00"
2019-05-26,2019052601009182,HDL,49,58,100,"1,688.00","168,800.00"
2019-05-26,2019052601009181,HDL,55,58,500,"1,691.00","845,500.00"
2019-05-26,2019052601009180,HDL,58,58,20,"1,691.00","33,820.00"
2019-05-26,2019052601009191,HDL,42,58,10,"1,670.00","16,700.00"
2019-05-26,2019052601009190,HDL,37,58,100,"1,675.00","167,500.00"
2019-05-26,2019052601009189,HDL,22,58,10,"1,685.00","16,850.00"
2019-05-26,2019052601009188,HDL,53,58,50,"1,686.00","84,300.00"
2019-05-26,2019052601009187,HDL,52,58,50,"1,686.00","84,300.00"
2019-05-26,2019052601009186,HDL,53,58,50,"1,686.00","84,300.00"
2019-05-26,2019052601009081,HGI,37,14,10,382.00,"3,820.00"
2019-05-26,2019052601009213,HIDCL,5,58,20,166.00,"3,320.00"
2019-05-26,2019052601008974,HIDCL,1,11,22,164.00,"3,608.00"
2019-05-26,2019052601008973,HIDCL,25,11,121,164.00,"19,844.00"
2019-05-26,2019052601008898,HIDCL,25,41,55,164.00,"9,020.00"
2019-05-26,2019052601008837,HIDCL,5,6,20,166.00,"3,320.00"
2019-05-26,2019052601008905,HPPL,11,49,10,186.00,"1,860.00"
2019-05-26,2019052601009268,HURJA,54,13,20,134.00,"2,680.00"
2019-05-26,2019052601009267,HURJA,54,57,20,134.00,"2,680.00"
2019-05-26,2019052601009266,HURJA,54,50,20,134.00,"2,680.00"
2019-05-26,2019052601009265,HURJA,54,26,20,134.00,"2,680.00"
2019-05-26,2019052601009264,HURJA,54,59,20,134.00,"2,680.00"
2019-05-26,2019052601009263,HURJA,54,44,20,134.00,"2,680.00"
2019-05-26,2019052601008812,HURJA,54,34,20,130.00,"2,600.00"
2019-05-26,2019052601008802,HURJA,54,58,30,130.00,"3,900.00"
2019-05-26,2019052601008864,HURJA,43,51,20,132.00,"2,640.00"
2019-05-26,2019052601008863,HURJA,43,40,20,131.00,"2,620.00"
2019-05-26,2019052601008862,HURJA,43,39,790,131.00,"103,490.00"
2019-05-26,2019052601008861,HURJA,43,17,20,131.00,"2,620.00"
2019-05-26,2019052601008840,HURJA,54,34,20,130.00,"2,600.00"
2019-05-26,2019052601008829,HURJA,54,56,20,130.00,"2,600.00"
2019-05-26,2019052601008870,HURJA,43,10,20,132.00,"2,640.00"
2019-05-26,2019052601008869,HURJA,43,10,20,132.00,"2,640.00"
2019-05-26,2019052601008868,HURJA,43,10,20,132.00,"2,640.00"
2019-05-26,2019052601008867,HURJA,43,10,20,132.00,"2,640.00"
2019-05-26,2019052601008866,HURJA,43,10,20,132.00,"2,640.00"
2019-05-26,2019052601008865,HURJA,43,36,20,132.00,"2,640.00"
2019-05-26,2019052601009262,HURJA,54,18,20,134.00,"2,680.00"
2019-05-26,2019052601009089,HURJA,58,18,20,133.00,"2,660.00"
2019-05-26,2019052601009088,HURJA,58,39,10,132.00,"1,320.00"
2019-05-26,2019052601009068,HURJA,43,39,10,132.00,"1,320.00"
2019-05-26,2019052601008871,HURJA,43,10,20,132.00,"2,640.00"
2019-05-26,2019052601008969,IGI,6,8,30,404.00,"12,120.00"
2019-05-26,2019052601008970,IGI,7,8,70,403.00,"28,210.00"
2019-05-26,2019052601009271,JBBL,49,6,390,154.00,"60,060.00"
2019-05-26,2019052601009101,JBBL,36,58,303,152.00,"46,056.00"
2019-05-26,2019052601009100,JBBL,14,58,200,153.00,"30,600.00"
2019-05-26,2019052601009272,JBNL,4,38,88,209.00,"18,392.00"
2019-05-26,2019052601009124,JBNL,4,51,100,209.00,"20,900.00"
2019-05-26,2019052601009123,JBNL,4,49,12,209.00,"2,508.00"
2019-05-26,2019052601009037,JBNL,42,42,777,208.00,"161,616.00"
2019-05-26,2019052601008988,JBNL,10,42,40,208.00,"8,320.00"
2019-05-26,2019052601008963,JBNL,50,42,"1,000",208.00,"208,000.00"
2019-05-26,2019052601008850,JBNL,28,42,183,208.00,"38,064.00"
2019-05-26,2019052601008816,JBNL,28,19,817,208.00,"169,936.00"
2019-05-26,2019052601008971,KBL,36,45,364,217.00,"78,988.00"
2019-05-26,2019052601008947,KBL,26,45,100,217.00,"21,700.00"
2019-05-26,2019052601008922,KBL,37,45,100,217.00,"21,700.00"
2019-05-26,2019052601008921,KBL,42,45,500,217.00,"108,500.00"
2019-05-26,2019052601008920,KBL,59,45,255,217.00,"55,335.00"
2019-05-26,2019052601008919,KBL,42,45,500,217.00,"108,500.00"
2019-05-26,2019052601008906,KBL,52,45,500,218.00,"109,000.00"
2019-05-26,2019052601008894,KBL,52,17,500,218.00,"109,000.00"
2019-05-26,2019052601008912,KBL,7,45,100,217.00,"21,700.00"
2019-05-26,2019052601008911,KBL,55,45,50,217.00,"10,850.00"
2019-05-26,2019052601008910,KBL,54,45,"1,000",217.00,"217,000.00"
2019-05-26,2019052601008909,KBL,59,45,100,217.00,"21,700.00"
2019-05-26,2019052601008908,KBL,32,45,300,217.00,"65,100.00"
2019-05-26,2019052601008907,KBL,45,45,254,217.00,"55,118.00"
2019-05-26,2019052601008918,KBL,53,45,500,217.00,"108,500.00"
2019-05-26,2019052601008917,KBL,45,45,500,217.00,"108,500.00"
2019-05-26,2019052601008916,KBL,45,45,500,217.00,"108,500.00"
2019-05-26,2019052601008915,KBL,39,45,50,217.00,"10,850.00"
2019-05-26,2019052601008914,KBL,5,45,200,217.00,"43,400.00"
2019-05-26,2019052601008913,KBL,36,45,"1,000",217.00,"217,000.00"
2019-05-26,2019052601008877,KNBL,45,34,"1,000",143.00,"143,000.00"
2019-05-26,2019052601008851,KNBL,25,34,"1,600",144.00,"230,400.00"
2019-05-26,2019052601008951,KPCL,1,33,10,95.00,950.00
2019-05-26,2019052601009132,LBBL,16,1,400,201.00,"80,400.00"
2019-05-26,2019052601009005,LBBL,16,29,"1,225",201.00,"246,225.00"
2019-05-26,2019052601009004,LBBL,33,29,"1,000",201.00,"201,000.00"
2019-05-26,2019052601009003,LBBL,29,29,75,201.00,"15,075.00"
2019-05-26,2019052601009002,LBBL,28,29,"2,200",201.00,"442,200.00"
2019-05-26,2019052601009001,LBBL,59,29,500,201.00,"100,500.00"
2019-05-26,2019052601009286,LBL,52,57,100,222.00,"22,200.00"
2019-05-26,2019052601009237,LGIL,40,42,57,500.00,"28,500.00"
2019-05-26,2019052601009236,LGIL,41,42,100,500.00,"50,000.00"
2019-05-26,2019052601009235,LGIL,42,42,80,500.00,"40,000.00"
2019-05-26,2019052601009234,LGIL,56,42,50,500.00,"25,000.00"
2019-05-26,2019052601009233,LGIL,36,42,200,500.00,"100,000.00"
2019-05-26,2019052601009232,LGIL,44,42,13,500.00,"6,500.00"
2019-05-26,2019052601009149,LGIL,37,56,10,501.00,"5,010.00"
2019-05-26,2019052601008896,LVF1,47,52,"2,000",10.22,"20,440.00"
2019-05-26,2019052601009292,MBL,25,42,"1,500",268.00,"402,000.00"
2019-05-26,2019052601009154,MBL,22,28,87,267.00,"23,229.00"
2019-05-26,2019052601009129,MBL,28,28,100,267.00,"26,700.00"
2019-05-26,2019052601009128,MBL,33,28,500,267.00,"133,500.00"
2019-05-26,2019052601009127,MBL,14,28,30,267.00,"8,010.00"
2019-05-26,2019052601009126,MBL,19,28,200,267.00,"53,400.00"
2019-05-26,2019052601008879,MBL,16,28,83,268.00,"22,244.00"
2019-05-26,2019052601008826,MBL,16,38,117,268.00,"31,356.00"
2019-05-26,2019052601009125,MEGA,59,45,200,196.00,"39,200.00"
2019-05-26,2019052601009059,MEGA,43,45,10,196.00,"1,960.00"
2019-05-26,2019052601008992,MEGA,33,38,"1,519",195.00,"296,205.00"
2019-05-26,2019052601008966,MEGA,29,38,"1,117",195.00,"217,815.00"
2019-05-26,2019052601008965,MEGA,29,1,541,195.00,"105,495.00"
2019-05-26,2019052601008964,MEGA,29,38,342,195.00,"66,690.00"
2019-05-26,2019052601008897,MEGA,52,38,200,195.00,"39,000.00"
2019-05-26,2019052601008854,MEGA,35,38,231,194.00,"44,814.00"
2019-05-26,2019052601008853,MEGA,59,38,500,194.00,"97,000.00"
2019-05-26,2019052601008852,MEGA,17,38,"1,436",194.00,"278,584.00"
2019-05-26,2019052601008893,MFIL,40,34,725,120.00,"87,000.00"
2019-05-26,2019052601009018,MLBBL,43,48,400,460.00,"184,000.00"
2019-05-26,2019052601009036,MLBL,42,6,475,196.00,"93,100.00"
2019-05-26,2019052601009151,MNBBL,42,50,41,375.00,"15,375.00"
2019-05-26,2019052601009105,MNBBL,52,51,150,376.00,"56,400.00"
2019-05-26,2019052601008958,MNBBL,14,51,40,376.00,"15,040.00"
2019-05-26,2019052601008872,MNBBL,42,17,"1,000",375.00,"375,000.00"
2019-05-26,2019052601009282,MPFL,28,17,100,224.00,"22,400.00"
2019-05-26,2019052601009281,MPFL,26,17,80,224.00,"17,920.00"
2019-05-26,2019052601009280,MPFL,57,17,10,225.00,"2,250.00"
2019-05-26,2019052601008890,MPFL,26,56,70,224.00,"15,680.00"
2019-05-26,2019052601008889,MPFL,17,56,20,226.00,"4,520.00"
2019-05-26,2019052601008825,MPFL,51,17,50,228.00,"11,400.00"
2019-05-26,2019052601008986,MSLB,10,8,30,"1,060.00","31,800.00"
2019-05-26,2019052601009066,NABILP,59,44,418,803.00,"335,654.00"
2019-05-26,2019052601009065,NABILP,32,44,200,803.00,"160,600.00"
2019-05-26,2019052601009064,NABILP,32,44,300,803.00,"240,900.00"
2019-05-26,2019052601009046,NABILP,33,44,100,804.00,"80,400.00"
2019-05-26,2019052601009026,NABILP,28,44,200,804.00,"160,800.00"
2019-05-26,2019052601009025,NABILP,22,44,138,804.00,"110,952.00"
2019-05-26,2019052601009024,NABILP,39,44,64,805.00,"51,520.00"
2019-05-26,2019052601009138,NADEP,43,53,20,445.00,"8,900.00"
2019-05-26,2019052601009137,NADEP,6,53,20,446.00,"8,920.00"
2019-05-26,2019052601008828,NBB,16,17,100,224.00,"22,400.00"
2019-05-26,2019052601008827,NBB,19,17,168,224.00,"37,632.00"
2019-05-26,2019052601008814,NBB,19,14,82,224.00,"18,368.00"
2019-05-26,2019052601008813,NBB,28,14,170,224.00,"38,080.00"
2019-05-26,2019052601009294,NBL,33,25,100,336.00,"33,600.00"
2019-05-26,2019052601009255,NBL,39,25,50,336.00,"16,800.00"
2019-05-26,2019052601009243,NBL,32,48,500,335.00,"167,500.00"
2019-05-26,2019052601009242,NBL,14,48,100,335.00,"33,500.00"
2019-05-26,2019052601009168,NBL,33,50,500,335.00,"167,500.00"
2019-05-26,2019052601009144,NBL,33,21,500,335.00,"167,500.00"
2019-05-26,2019052601008832,NBL,33,46,"1,655",335.00,"554,425.00"
2019-05-26,2019052601008810,NBL,36,46,20,335.00,"6,700.00"
2019-05-26,2019052601008990,NBL,59,34,55,335.00,"18,425.00"
2019-05-26,2019052601008989,NBL,1,34,445,335.00,"149,075.00"
2019-05-26,2019052601008933,NBL,1,21,55,335.00,"18,425.00"
2019-05-26,2019052601008876,NBL,57,21,400,335.00,"134,000.00"
2019-05-26,2019052601008845,NBL,57,21,200,335.00,"67,000.00"
2019-05-26,2019052601008833,NBL,33,21,345,335.00,"115,575.00"
2019-05-26,2019052601009143,NBL,57,21,500,335.00,"167,500.00"
2019-05-26,2019052601009086,NBL,14,49,475,335.00,"159,125.00"
2019-05-26,2019052601009060,NBL,48,49,25,335.00,"8,375.00"
2019-05-26,2019052601009044,NBL,48,58,975,335.00,"326,625.00"
2019-05-26,2019052601009043,NBL,33,58,100,335.00,"33,500.00"
2019-05-26,2019052601009042,NBL,59,58,45,335.00,"15,075.00"
2019-05-26,2019052601009276,NCCB,41,13,585,260.00,"152,100.00"
2019-05-26,2019052601009275,NCCB,1,13,415,260.00,"107,900.00"
2019-05-26,2019052601009172,NCCB,1,57,200,260.00,"52,000.00"
2019-05-26,2019052601009171,NCCB,1,46,385,260.00,"100,100.00"
2019-05-26,2019052601009069,NCCB,1,46,195,259.00,"50,505.00"
2019-05-26,2019052601008984,NCCB,1,32,100,259.00,"25,900.00"
2019-05-26,2019052601008818,NHPC,5,19,550,70.00,"38,500.00"
2019-05-26,2019052601008817,NHPC,56,19,450,70.00,"31,500.00"
2019-05-26,2019052601009244,NIBPO,59,52,67,505.00,"33,835.00"
2019-05-26,2019052601009155,NIBPO,14,52,100,505.00,"50,500.00"
2019-05-26,2019052601009015,NICA,45,44,75,477.00,"35,775.00"
2019-05-26,2019052601008860,NICA,45,19,71,476.00,"33,796.00"
2019-05-26,2019052601008859,NICA,14,19,20,477.00,"9,540.00"
2019-05-26,2019052601008858,NICA,57,19,100,477.00,"47,700.00"
2019-05-26,2019052601008857,NICA,45,19,15,477.00,"7,155.00"
2019-05-26,2019052601008856,NICA,6,19,41,477.00,"19,557.00"
2019-05-26,2019052601009041,NICL,6,57,20,391.00,"7,820.00"
2019-05-26,2019052601009040,NICL,40,32,25,389.00,"9,725.00"
2019-05-26,2019052601009000,NICL,37,22,100,390.00,"39,000.00"
2019-05-26,2019052601008999,NICL,25,22,"1,120",390.00,"436,800.00"
2019-05-26,2019052601008799,NICL,6,57,100,391.00,"39,100.00"
2019-05-26,2019052601009223,NIL,42,38,400,514.00,"205,600.00"
2019-05-26,2019052601009160,NIL,43,38,100,514.00,"51,400.00"
2019-05-26,2019052601008957,NIL,56,56,2,515.00,"1,030.00"
2019-05-26,2019052601008834,NIL,50,51,100,514.00,"51,400.00"
2019-05-26,2019052601009231,NLG,44,47,28,803.00,"22,484.00"
2019-05-26,2019052601009013,NLG,47,52,32,804.00,"25,728.00"
2019-05-26,2019052601009288,NLIC,6,38,78,935.00,"72,930.00"
2019-05-26,2019052601009211,NLIC,42,38,100,935.00,"93,500.00"
2019-05-26,2019052601008927,NLIC,40,47,69,932.00,"64,308.00"
2019-05-26,2019052601008895,NLIC,40,19,69,932.00,"64,308.00"
2019-05-26,2019052601009084,NLICL,43,22,10,664.00,"6,640.00"
2019-05-26,2019052601008842,NLICL,32,32,322,662.00,"213,164.00"
2019-05-26,2019052601009274,NMBMF,58,38,10,"1,164.00","11,640.00"
2019-05-26,2019052601009273,NMBMF,58,18,50,"1,163.00","58,150.00"
2019-05-26,2019052601009122,NMBMF,58,20,50,"1,153.00","57,650.00"
2019-05-26,2019052601009121,NMBMF,58,19,50,"1,150.00","57,500.00"
2019-05-26,2019052601009120,NMBMF,58,28,60,"1,149.00","68,940.00"
2019-05-26,2019052601009119,NMBMF,58,14,83,"1,148.00","95,284.00"
2019-05-26,2019052601009278,NNLB,6,40,75,400.00,"30,000.00"
2019-05-26,2019052601009228,NTC,42,52,20,726.00,"14,520.00"
2019-05-26,2019052601009107,NTC,34,6,20,731.00,"14,620.00"
2019-05-26,2019052601008997,NTC,34,36,180,731.00,"131,580.00"
2019-05-26,2019052601008949,NTC,44,36,200,731.00,"146,200.00"
2019-05-26,2019052601009141,NUBL,11,57,50,852.00,"42,600.00"
2019-05-26,2019052601009258,OHL,57,56,171,662.00,"113,202.00"
2019-05-26,2019052601009224,OHL,34,46,20,667.00,"13,340.00"
2019-05-26,2019052601009152,OHL,57,26,123,662.00,"81,426.00"
2019-05-26,2019052601008929,OHL,57,17,92,662.00,"60,904.00"
2019-05-26,2019052601008928,OHL,40,17,50,662.00,"33,100.00"
2019-05-26,2019052601008855,OHL,1,58,80,665.00,"53,200.00"
2019-05-26,2019052601009284,PCBL,39,37,44,313.00,"13,772.00"
2019-05-26,2019052601009283,PCBL,45,37,52,313.00,"16,276.00"
2019-05-26,2019052601009010,PCBL,8,37,225,313.00,"70,425.00"
2019-05-26,2019052601009009,PCBL,50,37,65,313.00,"20,345.00"
2019-05-26,2019052601008931,PCBL,50,38,435,313.00,"136,155.00"
2019-05-26,2019052601009111,PFL,38,17,10,140.00,"1,400.00"
2019-05-26,2019052601009016,PFL,50,17,334,138.00,"46,092.00"
2019-05-26,2019052601008983,PFL,38,17,10,140.00,"1,400.00"
2019-05-26,2019052601008926,PFL,50,14,26,138.00,"3,588.00"
2019-05-26,2019052601009259,PIC,37,57,129,"1,193.00","153,897.00"
2019-05-26,2019052601009200,PIC,37,6,100,"1,193.00","119,300.00"
2019-05-26,2019052601008935,PIC,55,6,100,"1,195.00","119,500.00"
2019-05-26,2019052601008809,PIC,49,57,276,"1,191.00","328,716.00"
2019-05-26,2019052601008808,PIC,35,57,11,"1,192.00","13,112.00"
2019-05-26,2019052601008807,PIC,53,57,213,"1,192.00","253,896.00"
2019-05-26,2019052601008875,PICL,14,17,28,695.00,"19,460.00"
2019-05-26,2019052601008874,PICL,28,17,10,696.00,"6,960.00"
2019-05-26,2019052601009287,PLIC,48,47,10,467.00,"4,670.00"
2019-05-26,2019052601008800,PLIC,28,38,100,460.00,"46,000.00"
2019-05-26,2019052601008967,PMHPL,56,33,10,111.00,"1,110.00"
2019-05-26,2019052601009251,PRVU,25,44,124,275.00,"34,100.00"
2019-05-26,2019052601009148,PRVU,38,44,200,275.00,"55,000.00"
2019-05-26,2019052601009116,PRVU,38,41,415,275.00,"114,125.00"
2019-05-26,2019052601008830,PRVU,32,45,275,275.00,"75,625.00"
2019-05-26,2019052601008904,PRVU,48,45,30,275.00,"8,250.00"
2019-05-26,2019052601008902,PRVU,36,48,"1,000",274.00,"274,000.00"
2019-05-26,2019052601008831,PRVU,39,45,100,275.00,"27,500.00"
2019-05-26,2019052601009050,PRVU,20,55,100,276.00,"27,600.00"
2019-05-26,2019052601009049,PRVU,20,53,168,276.00,"46,368.00"
2019-05-26,2019052601009048,PRVU,20,52,200,275.00,"55,000.00"
2019-05-26,2019052601008955,PRVU,6,45,"1,095",274.00,"300,030.00"
2019-05-26,2019052601008954,PRVU,22,45,500,274.00,"137,000.00"
2019-05-26,2019052601008953,PRVU,34,45,"1,000",274.00,"274,000.00"
2019-05-26,2019052601009115,PRVU,57,41,200,275.00,"55,000.00"
2019-05-26,2019052601009052,PRVU,20,7,952,277.00,"263,704.00"
2019-05-26,2019052601009051,PRVU,20,51,580,276.00,"160,080.00"
2019-05-26,2019052601009117,RBCLPO,35,34,10,"9,900.00","99,000.00"
2019-05-26,2019052601009017,RBCLPO,35,49,10,"9,900.00","99,000.00"
2019-05-26,2019052601008903,RBCLPO,59,33,10,"9,900.00","99,000.00"
2019-05-26,2019052601008798,RHPC,39,40,100,97.00,"9,700.00"
2019-05-26,2019052601009157,RLFL,53,39,"1,000",141.00,"141,000.00"
2019-05-26,2019052601008848,RLFL,40,32,100,141.00,"14,100.00"
2019-05-26,2019052601008847,RLFL,40,48,591,141.00,"83,331.00"
2019-05-26,2019052601008846,RLFL,40,25,"2,000",141.00,"282,000.00"
2019-05-26,2019052601008843,RLFL,57,34,"1,010",140.00,"141,400.00"
2019-05-26,2019052601008811,RLFL,17,17,3,138.00,414.00
2019-05-26,2019052601009130,RMDC,53,36,100,656.00,"65,600.00"
2019-05-26,2019052601009077,RMDC,53,16,257,656.00,"168,592.00"
2019-05-26,2019052601009076,RMDC,6,16,43,656.00,"28,208.00"
2019-05-26,2019052601009006,RRHP,35,33,10,95.00,950.00
2019-05-26,2019052601008998,SADBL,42,44,86,149.00,"12,814.00"
2019-05-26,2019052601009019,SBI,55,45,300,474.00,"142,200.00"
2019-05-26,2019052601009039,SCB,49,47,90,680.00,"61,200.00"
2019-05-26,2019052601008923,SCB,49,19,98,680.00,"66,640.00"
2019-05-26,2019052601009229,SDESI,4,51,24,606.00,"14,544.00"
2019-05-26,2019052601009012,SDESI,4,47,11,606.00,"6,666.00"
2019-05-26,2019052601009142,SEOS,42,48,"3,600",10.45,"37,620.00"
2019-05-26,2019052601009082,SFFIL,50,22,20,225.00,"4,500.00"
2019-05-26,2019052601009277,SHINE,26,14,10,260.00,"2,600.00"
2019-05-26,2019052601009279,SHIVM,38,25,20,560.00,"11,200.00"
2019-05-26,2019052601009241,SHIVM,36,25,88,560.00,"49,280.00"
2019-05-26,2019052601009240,SHIVM,36,49,50,560.00,"28,000.00"
2019-05-26,2019052601009239,SHIVM,36,45,10,560.00,"5,600.00"
2019-05-26,2019052601009238,SHIVM,36,56,52,560.00,"29,120.00"
2019-05-26,2019052601009230,SHIVM,38,56,10,560.00,"5,600.00"
2019-05-26,2019052601008878,SHIVM,38,58,10,556.00,"5,560.00"
2019-05-26,2019052601008841,SHIVM,57,13,500,558.00,"279,000.00"
2019-05-26,2019052601008804,SHIVM,45,18,196,558.00,"109,368.00"
2019-05-26,2019052601009030,SHIVM,5,47,20,560.00,"11,200.00"
2019-05-26,2019052601009029,SHIVM,5,47,30,560.00,"16,800.00"
2019-05-26,2019052601008985,SHIVM,36,58,50,558.00,"27,900.00"
2019-05-26,2019052601008892,SHIVM,40,33,50,557.00,"27,850.00"
2019-05-26,2019052601008885,SHIVM,46,47,10,560.00,"5,600.00"
2019-05-26,2019052601009035,SHIVM,34,56,56,556.00,"31,136.00"
2019-05-26,2019052601009034,SHIVM,38,56,90,556.00,"50,040.00"
2019-05-26,2019052601009033,SHIVM,45,56,300,557.00,"167,100.00"
2019-05-26,2019052601009032,SHIVM,40,56,50,557.00,"27,850.00"
2019-05-26,2019052601009031,SHIVM,36,56,150,558.00,"83,700.00"
2019-05-26,2019052601009164,SHIVM,59,47,40,560.00,"22,400.00"
2019-05-26,2019052601009163,SHIVM,59,47,40,560.00,"22,400.00"
2019-05-26,2019052601009162,SHIVM,59,47,40,560.00,"22,400.00"
2019-05-26,2019052601009161,SHIVM,59,47,20,560.00,"11,200.00"
2019-05-26,2019052601009112,SHIVM,56,25,50,559.00,"27,950.00"
2019-05-26,2019052601009083,SHIVM,56,54,150,559.00,"83,850.00"
2019-05-26,2019052601009205,SHIVM,49,47,70,560.00,"39,200.00"
2019-05-26,2019052601009204,SHIVM,49,47,65,560.00,"36,400.00"
2019-05-26,2019052601009203,SHIVM,49,47,22,560.00,"12,320.00"
2019-05-26,2019052601009167,SHIVM,59,47,30,560.00,"16,800.00"
2019-05-26,2019052601009166,SHIVM,59,47,40,560.00,"22,400.00"
2019-05-26,2019052601009165,SHIVM,59,47,40,560.00,"22,400.00"
2019-05-26,2019052601009227,SHIVM,52,3,400,557.00,"222,800.00"
2019-05-26,2019052601009210,SHIVM,49,56,38,560.00,"21,280.00"
2019-05-26,2019052601009209,SHIVM,49,47,80,560.00,"44,800.00"
2019-05-26,2019052601009208,SHIVM,49,47,80,560.00,"44,800.00"
2019-05-26,2019052601009207,SHIVM,49,47,75,560.00,"42,000.00"
2019-05-26,2019052601009206,SHIVM,49,47,70,560.00,"39,200.00"
2019-05-26,2019052601009102,SHL,49,17,100,244.00,"24,400.00"
2019-05-26,2019052601009261,SHPC,51,45,100,274.00,"27,400.00"
2019-05-26,2019052601009028,SHPC,51,45,100,274.00,"27,400.00"
2019-05-26,2019052601008806,SIC,49,7,51,"1,399.00","71,349.00"
2019-05-26,2019052601009150,SICL,42,22,100,863.00,"86,300.00"
2019-05-26,2019052601008934,SICL,51,11,50,860.00,"43,000.00"
2019-05-26,2019052601009114,SINDU,6,32,30,138.00,"4,140.00"
2019-05-26,2019052601009113,SINDU,6,58,10,137.00,"1,370.00"
2019-05-26,2019052601008996,SINDU,35,58,400,137.00,"54,800.00"
2019-05-26,2019052601008995,SINDU,35,58,20,137.00,"2,740.00"
2019-05-26,2019052601008994,SINDU,44,58,70,137.00,"9,590.00"
2019-05-26,2019052601008939,SINDU,7,58,800,138.00,"110,400.00"
2019-05-26,2019052601008901,SINDU,7,38,200,138.00,"27,600.00"
2019-05-26,2019052601009095,SKBBL,29,7,10,997.00,"9,970.00"
2019-05-26,2019052601009094,SKBBL,29,17,157,996.00,"156,372.00"
2019-05-26,2019052601009073,SLICL,42,39,50,585.00,"29,250.00"
2019-05-26,2019052601009027,SLICL,57,50,100,587.00,"58,700.00"
2019-05-26,2019052601009291,SRBL,43,42,500,257.00,"128,500.00"
2019-05-26,2019052601009290,SRBL,43,59,200,257.00,"51,400.00"
2019-05-26,2019052601009289,SRBL,43,34,18,257.00,"4,626.00"
2019-05-26,2019052601008952,SRBL,47,17,56,256.00,"14,336.00"
2019-05-26,2019052601009212,UIC,58,57,50,998.00,"49,900.00"
2019-05-26,2019052601009092,UIC,58,19,70,992.00,"69,440.00"
2019-05-26,2019052601009091,UIC,58,19,100,993.00,"99,300.00"
2019-05-26,2019052601009090,UIC,49,19,30,994.00,"29,820.00"
2019-05-26,2019052601008938,UIC,58,44,387,992.00,"383,904.00"
2019-05-26,2019052601008937,UIC,56,44,50,993.00,"49,650.00"
2019-05-26,2019052601008936,UIC,56,44,50,993.00,"49,650.00"
2019-05-26,2019052601008962,UMHL,13,47,25,119.00,"2,975.00"
2019-05-26,2019052601008805,UMHL,13,49,10,119.00,"1,190.00"
2019-05-26,2019052601009285,UPCL,58,17,10,96.00,960.00
2019-05-26,2019052601008873,UPCL,58,39,100,95.00,"9,500.00"
2019-05-26,2019052601009293,UPPER,14,33,20,275.00,"5,500.00"
2019-05-26,2019052601009270,UPPER,14,29,40,275.00,"11,000.00"
2019-05-26,2019052601009269,UPPER,1,29,960,275.00,"264,000.00"
2019-05-26,2019052601009226,UPPER,43,16,50,276.00,"13,800.00"
2019-05-26,2019052601009159,UPPER,1,51,40,275.00,"11,000.00"
2019-05-26,2019052601009158,UPPER,45,51,10,275.00,"2,750.00"
2019-05-26,2019052601008943,UPPER,6,28,50,277.00,"13,850.00"
2019-05-26,2019052601008925,UPPER,11,13,520,277.00,"144,040.00"
2019-05-26,2019052601008886,UPPER,40,1,50,276.00,"13,800.00"
2019-05-26,2019052601008880,UPPER,40,28,50,276.00,"13,800.00"
2019-05-26,2019052601009021,UPPER,35,47,20,277.00,"5,540.00"
2019-05-26,2019052601009020,UPPER,35,57,50,277.00,"13,850.00"
2019-05-26,2019052601009007,UPPER,14,28,40,276.00,"11,040.00"
2019-05-26,2019052601008982,UPPER,6,57,900,277.00,"249,300.00"
2019-05-26,2019052601008980,UPPER,6,28,50,277.00,"13,850.00"
2019-05-26,2019052601009056,UPPER,44,28,50,276.00,"13,800.00"
2019-05-26,2019052601009055,UPPER,44,47,40,276.00,"11,040.00"
2019-05-26,2019052601009054,UPPER,14,47,10,276.00,"2,760.00"
2019-05-26,2019052601009053,UPPER,14,51,50,276.00,"13,800.00"
2019-05-26,2019052601009023,UPPER,35,22,40,278.00,"11,120.00"
2019-05-26,2019052601009022,UPPER,35,6,40,277.00,"11,080.00"
2019-05-26,2019052601009131,UPPER,19,47,50,277.00,"13,850.00"
2019-05-26,2019052601009110,UPPER,6,37,50,276.00,"13,800.00"
2019-05-26,2019052601009108,UPPER,6,51,50,276.00,"13,800.00"
2019-05-26,2019052601009097,UPPER,6,51,50,276.00,"13,800.00"
2019-05-26,2019052601009075,UPPER,6,51,30,276.00,"8,280.00"
2019-05-26,2019052601009074,UPPER,44,51,10,276.00,"2,760.00"
2019-05-26,2019052601009145,UPPER,36,16,100,276.00,"27,600.00"
2019-05-26,2019052601009140,UPPER,45,51,40,275.00,"11,000.00"
2019-05-26,2019052601009136,UPPER,44,16,100,276.00,"27,600.00"
2019-05-26,2019052601009135,UPPER,59,16,300,276.00,"82,800.00"
2019-05-26,2019052601009134,UPPER,1,16,50,276.00,"13,800.00"
2019-05-26,2019052601009133,UPPER,6,16,90,276.00,"24,840.00"
2019-05-26,2019052601008968,VLBS,14,19,12,553.00,"6,636.00"
2019-05-26,2019052601009047,VLBS,39,22,20,560.00,"11,200.00"
2019-05-26,2019052601008772,ADBL,21,17,100,423.00,"42,300.00"
2019-05-26,2019052601008771,ADBL,29,17,100,423.00,"42,300.00"
2019-05-26,2019052601008770,ADBL,42,17,900,423.00,"380,700.00"
2019-05-26,2019052601008769,ADBL,6,17,894,423.00,"378,162.00"
2019-05-26,2019052601008589,ADBL,6,34,20,423.00,"8,460.00"
2019-05-26,2019052601008588,ADBL,42,38,100,424.00,"42,400.00"
2019-05-26,2019052601008346,ADBL,42,38,31,424.00,"13,144.00"
2019-05-26,2019052601008299,ADBL,42,52,200,424.00,"84,800.00"
2019-05-26,2019052601008559,ADBL,50,38,100,424.00,"42,400.00"
2019-05-26,2019052601008558,ADBL,21,38,20,424.00,"8,480.00"
2019-05-26,2019052601008557,ADBL,13,38,80,424.00,"33,920.00"
2019-05-26,2019052601008471,ADBL,13,1,31,424.00,"13,144.00"
2019-05-26,2019052601008358,ADBL,13,38,89,424.00,"37,736.00"
2019-05-26,2019052601008347,ADBL,39,38,50,424.00,"21,200.00"
2019-05-26,2019052601008780,AHPC,34,19,65,110.00,"7,150.00"
2019-05-26,2019052601008779,AHPC,6,19,100,111.00,"11,100.00"
2019-05-26,2019052601008453,AKPL,7,25,140,192.00,"26,880.00"
2019-05-26,2019052601008368,ALBSL,13,34,80,448.00,"35,840.00"
2019-05-26,2019052601008367,ALBSL,13,17,10,445.00,"4,450.00"
2019-05-26,2019052601008366,ALBSL,13,42,10,445.00,"4,450.00"
2019-05-26,2019052601008584,API,25,13,72,154.00,"11,088.00"
2019-05-26,2019052601008469,API,33,45,150,155.00,"23,250.00"
2019-05-26,2019052601008460,API,25,49,138,154.00,"21,252.00"
2019-05-26,2019052601008377,API,25,25,790,154.00,"121,660.00"
2019-05-26,2019052601008376,API,37,25,100,154.00,"15,400.00"
2019-05-26,2019052601008375,API,29,25,200,154.00,"30,800.00"
2019-05-26,2019052601008374,API,48,25,200,154.00,"30,800.00"
2019-05-26,2019052601008373,API,41,25,338,154.00,"52,052.00"
2019-05-26,2019052601008344,API,6,45,716,155.00,"110,980.00"
2019-05-26,2019052601008300,API,41,1,142,154.00,"21,868.00"
2019-05-26,2019052601008467,BOKL,35,58,500,270.00,"135,000.00"
2019-05-26,2019052601008466,BOKL,39,58,500,270.00,"135,000.00"
2019-05-26,2019052601008465,BOKL,42,58,200,270.00,"54,000.00"
2019-05-26,2019052601008464,BOKL,52,58,321,270.00,"86,670.00"
2019-05-26,2019052601008298,BOKL,52,58,679,270.00,"183,330.00"
2019-05-26,2019052601008297,BOKL,55,58,200,270.00,"54,000.00"
2019-05-26,2019052601008296,BOKL,39,58,100,270.00,"27,000.00"
2019-05-26,2019052601008295,BOKL,46,58,300,270.00,"81,000.00"
2019-05-26,2019052601008556,BPCL,22,1,300,419.00,"125,700.00"
2019-05-26,2019052601008383,BPCL,28,14,11,418.00,"4,598.00"
2019-05-26,2019052601008357,BPCL,29,1,70,419.00,"29,330.00"
2019-05-26,2019052601008353,BPCL,29,49,30,419.00,"12,570.00"
2019-05-26,2019052601008352,BPCL,45,49,70,419.00,"29,330.00"
2019-05-26,2019052601008332,BPCL,45,58,419,419.00,"175,561.00"
2019-05-26,2019052601008308,BPCL,22,58,379,420.00,"159,180.00"
2019-05-26,2019052601008319,CBBL,49,34,500,949.00,"474,500.00"
2019-05-26,2019052601008751,CBL,48,38,682,147.00,"100,254.00"
2019-05-26,2019052601008596,CBL,48,39,300,147.00,"44,100.00"
2019-05-26,2019052601008540,CBL,48,38,12,147.00,"1,764.00"
2019-05-26,2019052601008529,CBL,48,52,401,147.00,"58,947.00"
2019-05-26,2019052601008528,CBL,48,37,605,147.00,"88,935.00"
2019-05-26,2019052601008517,CBL,17,52,349,147.00,"51,303.00"
2019-05-26,2019052601008516,CBL,17,45,51,147.00,"7,497.00"
2019-05-26,2019052601008479,CBL,38,22,"1,000",147.00,"147,000.00"
2019-05-26,2019052601008745,CCBL,42,52,200,168.00,"33,600.00"
2019-05-26,2019052601008595,CCBL,38,17,"1,000",167.00,"167,000.00"
2019-05-26,2019052601008646,CHCL,1,38,203,528.00,"107,184.00"
2019-05-26,2019052601008515,CHCL,1,47,94,528.00,"49,632.00"
2019-05-26,2019052601008514,CHCL,40,47,300,528.00,"158,400.00"
2019-05-26,2019052601008513,CHCL,55,47,95,528.00,"50,160.00"
2019-05-26,2019052601008490,CHCL,55,45,50,528.00,"26,400.00"
2019-05-26,2019052601008579,CHLBS,22,56,10,447.00,"4,470.00"
2019-05-26,2019052601008462,CHLBS,22,47,10,447.00,"4,470.00"
2019-05-26,2019052601008767,CIT,22,21,20,"2,581.00","51,620.00"
2019-05-26,2019052601008633,CIT,53,21,20,"2,581.00","51,620.00"
2019-05-26,2019052601008632,CIT,45,21,10,"2,581.00","25,810.00"
2019-05-26,2019052601008470,CORBL,39,16,100,121.00,"12,100.00"
2019-05-26,2019052601008747,CZBIL,17,14,309,228.00,"70,452.00"
2019-05-26,2019052601008652,CZBIL,17,6,40,228.00,"9,120.00"
2019-05-26,2019052601008651,CZBIL,17,17,109,228.00,"24,852.00"
2019-05-26,2019052601008562,DBBL,11,11,1,145.00,145.00
2019-05-26,2019052601008485,DBBL,14,5,395,147.00,"58,065.00"
2019-05-26,2019052601008484,DBBL,48,5,605,147.00,"88,935.00"
2019-05-26,2019052601008684,EBL,40,17,31,659.00,"20,429.00"
2019-05-26,2019052601008683,EBL,37,17,100,659.00,"65,900.00"
2019-05-26,2019052601008682,EBL,41,17,100,659.00,"65,900.00"
2019-05-26,2019052601008681,EBL,13,17,200,659.00,"131,800.00"
2019-05-26,2019052601008680,EBL,40,17,19,659.00,"12,521.00"
2019-05-26,2019052601008679,EBL,28,17,50,660.00,"33,000.00"
2019-05-26,2019052601008431,EBL,40,47,478,659.00,"315,002.00"
2019-05-26,2019052601008430,EBL,21,47,50,660.00,"33,000.00"
2019-05-26,2019052601008609,EBL,28,58,10,663.00,"6,630.00"
2019-05-26,2019052601008698,EDBL,6,42,95,310.00,"29,450.00"
2019-05-26,2019052601008549,EDBL,6,42,35,310.00,"10,850.00"
2019-05-26,2019052601008548,EDBL,6,41,65,309.00,"20,085.00"
2019-05-26,2019052601008757,EIC,6,34,30,429.00,"12,870.00"
2019-05-26,2019052601008793,FMDBL,42,53,200,407.00,"81,400.00"
2019-05-26,2019052601008478,FMDBL,45,45,20,405.00,"8,100.00"
2019-05-26,2019052601008477,FMDBL,44,45,50,405.00,"20,250.00"
2019-05-26,2019052601008476,FMDBL,42,45,10,406.00,"4,060.00"
2019-05-26,2019052601008738,FOWAD,35,38,100,"1,501.00","150,100.00"
2019-05-26,2019052601008737,FOWAD,18,38,20,"1,502.00","30,040.00"
2019-05-26,2019052601008537,FOWAD,18,45,20,"1,502.00","30,040.00"
2019-05-26,2019052601008762,GBBL,34,10,"1,950",223.00,"434,850.00"
2019-05-26,2019052601008761,GBBL,48,10,50,223.00,"11,150.00"
2019-05-26,2019052601008538,GBBL,16,58,200,224.00,"44,800.00"
2019-05-26,2019052601008626,GBIME,50,52,101,306.00,"30,906.00"
2019-05-26,2019052601008581,GBIME,55,52,248,306.00,"75,888.00"
2019-05-26,2019052601008541,GBIME,55,52,250,306.00,"76,500.00"
2019-05-26,2019052601008520,GBIME,55,40,"1,000",306.00,"306,000.00"
2019-05-26,2019052601008472,GBIME,55,10,"1,000",306.00,"306,000.00"
2019-05-26,2019052601008440,GBIME,43,11,500,307.00,"153,500.00"
2019-05-26,2019052601008314,GBIME,55,38,502,306.00,"153,612.00"
2019-05-26,2019052601008313,GBIME,40,38,898,306.00,"274,788.00"
2019-05-26,2019052601008750,GBLBS,45,49,100,379.00,"37,900.00"
2019-05-26,2019052601008594,GDBL,41,44,75,212.00,"15,900.00"
2019-05-26,2019052601008397,GLICL,57,42,58,551.00,"31,958.00"
2019-05-26,2019052601008396,GLICL,21,42,50,552.00,"27,600.00"
2019-05-26,2019052601008395,GLICL,13,42,97,553.00,"53,641.00"
2019-05-26,2019052601008394,GLICL,34,42,15,553.00,"8,295.00"
2019-05-26,2019052601008624,HBL,28,58,260,580.00,"150,800.00"
2019-05-26,2019052601008307,HBL,52,58,100,580.00,"58,000.00"
2019-05-26,2019052601008306,HBL,56,58,450,580.00,"261,000.00"
2019-05-26,2019052601008305,HBL,38,58,50,580.00,"29,000.00"
2019-05-26,2019052601008304,HBL,29,58,17,580.00,"9,860.00"
2019-05-26,2019052601008303,HBL,35,58,200,580.00,"116,000.00"
2019-05-26,2019052601008302,HBL,34,58,50,581.00,"29,050.00"
2019-05-26,2019052601008301,HBL,34,58,326,581.00,"189,406.00"
2019-05-26,2019052601008697,HDL,33,45,50,"1,700.00","85,000.00"
2019-05-26,2019052601008696,HDL,53,45,50,"1,700.00","85,000.00"
2019-05-26,2019052601008695,HDL,53,45,50,"1,700.00","85,000.00"
2019-05-26,2019052601008694,HDL,41,45,20,"1,700.00","34,000.00"
2019-05-26,2019052601008641,HDL,56,58,150,"1,704.00","255,600.00"
2019-05-26,2019052601008640,HDL,22,58,150,"1,706.00","255,900.00"
2019-05-26,2019052601008639,HDL,43,58,20,"1,710.00","34,200.00"
2019-05-26,2019052601008638,HDL,53,58,50,"1,710.00","85,500.00"
2019-05-26,2019052601008637,HDL,7,58,300,"1,712.00","513,600.00"
2019-05-26,2019052601008636,HDL,6,58,100,"1,712.00","171,200.00"
2019-05-26,2019052601008635,HDL,39,58,50,"1,715.00","85,750.00"
2019-05-26,2019052601008438,HGI,55,28,15,378.00,"5,670.00"
2019-05-26,2019052601008341,HIDCL,25,35,300,164.00,"49,200.00"
2019-05-26,2019052601008736,HPPL,11,34,220,188.00,"41,360.00"
2019-05-26,2019052601008794,HURJA,54,56,20,130.00,"2,600.00"
2019-05-26,2019052601008773,HURJA,54,42,20,130.00,"2,600.00"
2019-05-26,2019052601008746,HURJA,54,38,830,130.00,"107,900.00"
2019-05-26,2019052601008723,HURJA,43,38,180,130.00,"23,400.00"
2019-05-26,2019052601008722,HURJA,43,49,20,130.00,"2,600.00"
2019-05-26,2019052601008717,HURJA,28,56,20,129.00,"2,580.00"
2019-05-26,2019052601008320,HURJA,28,43,20,129.00,"2,580.00"
2019-05-26,2019052601008312,HURJA,28,21,10,129.00,"1,290.00"
2019-05-26,2019052601008370,HURJA,28,17,20,129.00,"2,580.00"
2019-05-26,2019052601008364,HURJA,28,21,20,129.00,"2,580.00"
2019-05-26,2019052601008359,HURJA,28,17,20,129.00,"2,580.00"
2019-05-26,2019052601008350,HURJA,28,21,20,129.00,"2,580.00"
2019-05-26,2019052601008348,HURJA,28,17,20,129.00,"2,580.00"
2019-05-26,2019052601008330,HURJA,28,21,20,129.00,"2,580.00"
2019-05-26,2019052601008404,HURJA,28,47,20,129.00,"2,580.00"
2019-05-26,2019052601008403,HURJA,28,17,20,129.00,"2,580.00"
2019-05-26,2019052601008382,HURJA,28,37,20,129.00,"2,580.00"
2019-05-26,2019052601008380,HURJA,28,17,20,129.00,"2,580.00"
2019-05-26,2019052601008378,HURJA,28,21,20,129.00,"2,580.00"
2019-05-26,2019052601008371,HURJA,28,38,20,129.00,"2,580.00"
2019-05-26,2019052601008691,HURJA,28,42,10,129.00,"1,290.00"
2019-05-26,2019052601008672,HURJA,28,42,20,129.00,"2,580.00"
2019-05-26,2019052601008663,HURJA,28,56,20,129.00,"2,580.00"
2019-05-26,2019052601008642,HURJA,28,56,20,129.00,"2,580.00"
2019-05-26,2019052601008435,HURJA,28,21,20,129.00,"2,580.00"
2019-05-26,2019052601008414,HURJA,28,37,20,129.00,"2,580.00"
2019-05-26,2019052601008660,IGI,42,17,100,407.00,"40,700.00"
2019-05-26,2019052601008355,IGI,8,46,100,404.00,"40,400.00"
2019-05-26,2019052601008354,IGI,42,46,250,404.00,"101,000.00"
2019-05-26,2019052601008649,JBBL,36,6,"1,000",154.00,"154,000.00"
2019-05-26,2019052601008648,JBBL,36,35,174,154.00,"26,796.00"
2019-05-26,2019052601008647,JBBL,36,44,108,154.00,"16,632.00"
2019-05-26,2019052601008392,JBBL,48,35,50,154.00,"7,700.00"
2019-05-26,2019052601008721,JBNL,34,21,"1,000",208.00,"208,000.00"
2019-05-26,2019052601008685,JBNL,34,41,"1,269",208.00,"263,952.00"
2019-05-26,2019052601008547,JBNL,52,41,131,208.00,"27,248.00"
2019-05-26,2019052601008546,JBNL,52,58,69,208.00,"14,352.00"
2019-05-26,2019052601008480,JBNL,44,58,"1,000",208.00,"208,000.00"
2019-05-26,2019052601008475,JBNL,55,17,950,207.00,"196,650.00"
2019-05-26,2019052601008474,JBNL,38,17,50,207.00,"10,350.00"
2019-05-26,2019052601008734,JFL,32,17,500,178.00,"89,000.00"
2019-05-26,2019052601008733,JFL,32,17,500,178.00,"89,000.00"
2019-05-26,2019052601008732,JFL,5,17,100,178.00,"17,800.00"
2019-05-26,2019052601008731,JFL,5,17,30,178.00,"5,340.00"
2019-05-26,2019052601008482,KBBL,26,49,300,225.00,"67,500.00"
2019-05-26,2019052601008481,KBBL,6,49,470,225.00,"105,750.00"
2019-05-26,2019052601008379,KBBL,6,38,141,225.00,"31,725.00"
2019-05-26,2019052601008623,KBL,16,14,"1,470",218.00,"320,460.00"
2019-05-26,2019052601008452,KBL,16,39,200,218.00,"43,600.00"
2019-05-26,2019052601008423,KBL,16,49,330,218.00,"71,940.00"
2019-05-26,2019052601008422,KBL,16,49,187,218.00,"40,766.00"
2019-05-26,2019052601008644,KPCL,1,1,10,95.00,950.00
2019-05-26,2019052601008310,KPCL,1,52,10,95.00,950.00
2019-05-26,2019052601008468,KPCL,1,1,10,95.00,950.00
2019-05-26,2019052601008328,KRBL,42,4,242,108.00,"26,136.00"
2019-05-26,2019052601008711,KSBBL,5,38,174,155.00,"26,970.00"
2019-05-26,2019052601008710,KSBBL,53,38,200,155.00,"31,000.00"
2019-05-26,2019052601008709,KSBBL,21,38,300,155.00,"46,500.00"
2019-05-26,2019052601008708,KSBBL,4,38,104,155.00,"16,120.00"
2019-05-26,2019052601008455,KSBBL,4,57,50,155.00,"7,750.00"
2019-05-26,2019052601008763,LBBL,14,38,50,202.00,"10,100.00"
2019-05-26,2019052601008536,LBBL,38,38,200,202.00,"40,400.00"
2019-05-26,2019052601008535,LBBL,32,38,150,202.00,"30,300.00"
2019-05-26,2019052601008486,LBBL,32,39,50,202.00,"10,100.00"
2019-05-26,2019052601008446,LBBL,4,38,"1,000",202.00,"202,000.00"
2019-05-26,2019052601008445,LBBL,4,32,100,202.00,"20,200.00"
2019-05-26,2019052601008444,LBBL,4,35,200,202.00,"40,400.00"
2019-05-26,2019052601008443,LBBL,4,34,236,202.00,"47,672.00"
2019-05-26,2019052601008442,LBBL,4,48,239,202.00,"48,278.00"
2019-05-26,2019052601008342,LBBL,11,33,73,201.00,"14,673.00"
2019-05-26,2019052601008659,LBL,55,17,"1,317",221.00,"291,057.00"
2019-05-26,2019052601008658,LBL,36,17,600,221.00,"132,600.00"
2019-05-26,2019052601008657,LBL,45,17,"1,000",221.00,"221,000.00"
2019-05-26,2019052601008656,LBL,11,17,83,221.00,"18,343.00"
2019-05-26,2019052601008576,LGIL,44,39,37,500.00,"18,500.00"
2019-05-26,2019052601008575,LGIL,45,39,63,500.00,"31,500.00"
2019-05-26,2019052601008473,MBL,25,22,836,267.00,"223,212.00"
2019-05-26,2019052601008463,MBL,25,19,164,267.00,"43,788.00"
2019-05-26,2019052601008459,MBL,55,38,883,268.00,"236,644.00"
2019-05-26,2019052601008421,MBL,55,22,117,268.00,"31,356.00"
2019-05-26,2019052601008420,MBL,39,22,183,268.00,"49,044.00"
2019-05-26,2019052601008416,MBL,39,36,817,268.00,"218,956.00"
2019-05-26,2019052601008415,MBL,17,36,183,268.00,"49,044.00"
2019-05-26,2019052601008713,MEGA,35,38,200,195.00,"39,000.00"
2019-05-26,2019052601008650,MEGA,45,38,200,195.00,"39,000.00"
2019-05-26,2019052601008625,MEGA,6,38,25,195.00,"4,875.00"
2019-05-26,2019052601008599,MEGA,52,38,200,195.00,"39,000.00"
2019-05-26,2019052601008410,MEGA,57,38,"1,219",195.00,"237,705.00"
2019-05-26,2019052601008331,MEGA,57,33,781,195.00,"152,295.00"
2019-05-26,2019052601008324,MEGA,50,33,100,195.00,"19,500.00"
2019-05-26,2019052601008385,MFIL,40,44,210,120.00,"25,200.00"
2019-05-26,2019052601008384,MFIL,47,44,174,120.00,"20,880.00"
2019-05-26,2019052601008524,MHNL,29,57,30,102.00,"3,060.00"
2019-05-26,2019052601008523,MHNL,29,46,40,102.00,"4,080.00"
2019-05-26,2019052601008522,MHNL,29,42,40,102.00,"4,080.00"
2019-05-26,2019052601008361,MHNL,40,48,30,101.00,"3,030.00"
2019-05-26,2019052601008674,MLBL,6,6,25,197.00,"4,925.00"
2019-05-26,2019052601008582,MNBBL,42,39,59,375.00,"22,125.00"
2019-05-26,2019052601008715,MPFL,57,10,50,226.00,"11,300.00"
2019-05-26,2019052601008610,MPFL,6,17,35,228.00,"7,980.00"
2019-05-26,2019052601008578,MPFL,17,10,30,226.00,"6,780.00"
2019-05-26,2019052601008768,NABIL,5,3,10,840.00,"8,400.00"
2019-05-26,2019052601008525,NABIL,40,39,35,835.00,"29,225.00"
2019-05-26,2019052601008429,NABIL,40,57,11,838.00,"9,218.00"
2019-05-26,2019052601008428,NABIL,40,19,124,838.00,"103,912.00"
2019-05-26,2019052601008389,NABIL,40,45,36,835.00,"30,060.00"
2019-05-26,2019052601008388,NABIL,16,45,14,835.00,"11,690.00"
2019-05-26,2019052601008387,NABIL,57,45,50,836.00,"41,800.00"
2019-05-26,2019052601008499,NABILP,1,45,100,806.00,"80,600.00"
2019-05-26,2019052601008498,NABILP,59,45,483,806.00,"389,298.00"
2019-05-26,2019052601008504,NABILP,22,45,362,804.00,"291,048.00"
2019-05-26,2019052601008503,NABILP,49,45,500,805.00,"402,500.00"
2019-05-26,2019052601008502,NABILP,49,45,500,805.00,"402,500.00"
2019-05-26,2019052601008501,NABILP,57,45,25,805.00,"20,125.00"
2019-05-26,2019052601008500,NABILP,34,45,30,805.00,"24,150.00"
2019-05-26,2019052601008406,NADEP,42,17,50,449.00,"22,450.00"
2019-05-26,2019052601008405,NADEP,42,17,20,449.00,"8,980.00"
2019-05-26,2019052601008712,NBB,28,22,130,224.00,"29,120.00"
2019-05-26,2019052601008590,NBB,58,51,176,224.00,"39,424.00"
2019-05-26,2019052601008454,NBB,58,56,124,224.00,"27,776.00"
2019-05-26,2019052601008437,NBB,58,56,200,224.00,"44,800.00"
2019-05-26,2019052601008774,NBL,55,46,100,335.00,"33,500.00"
2019-05-26,2019052601008748,NBL,19,46,80,335.00,"26,800.00"
2019-05-26,2019052601008720,NBL,36,46,100,335.00,"33,500.00"
2019-05-26,2019052601008719,NBL,32,46,45,335.00,"15,075.00"
2019-05-26,2019052601008655,NBL,49,35,30,337.00,"10,110.00"
2019-05-26,2019052601008607,NBL,32,36,455,335.00,"152,425.00"
2019-05-26,2019052601008316,NBL,33,20,700,336.00,"235,200.00"
2019-05-26,2019052601008534,NBL,19,48,300,336.00,"100,800.00"
2019-05-26,2019052601008533,NBL,19,36,500,336.00,"168,000.00"
2019-05-26,2019052601008532,NBL,19,34,300,336.00,"100,800.00"
2019-05-26,2019052601008531,NBL,19,52,700,336.00,"235,200.00"
2019-05-26,2019052601008318,NBL,33,52,300,336.00,"100,800.00"
2019-05-26,2019052601008317,NBL,33,38,"1,000",336.00,"336,000.00"
2019-05-26,2019052601008606,NBL,39,36,50,335.00,"16,750.00"
2019-05-26,2019052601008605,NBL,39,36,50,335.00,"16,750.00"
2019-05-26,2019052601008604,NBL,57,36,300,335.00,"100,500.00"
2019-05-26,2019052601008603,NBL,42,36,"1,645",335.00,"551,075.00"
2019-05-26,2019052601008592,NBL,42,56,10,335.00,"3,350.00"
2019-05-26,2019052601008574,NBL,52,56,200,336.00,"67,200.00"
2019-05-26,2019052601008718,NCCB,14,46,50,260.00,"13,000.00"
2019-05-26,2019052601008706,NCCB,8,46,200,260.00,"52,000.00"
2019-05-26,2019052601008705,NCCB,50,46,"1,000",260.00,"260,000.00"
2019-05-26,2019052601008704,NCCB,42,46,100,260.00,"26,000.00"
2019-05-26,2019052601008703,NCCB,44,46,100,260.00,"26,000.00"
2019-05-26,2019052601008702,NCCB,48,46,50,260.00,"13,000.00"
2019-05-26,2019052601008456,NCCB,33,45,50,260.00,"13,000.00"
2019-05-26,2019052601008434,NCCB,33,22,160,260.00,"41,600.00"
2019-05-26,2019052601008433,NCCB,33,22,40,260.00,"10,400.00"
2019-05-26,2019052601008327,NCCB,33,14,100,260.00,"26,000.00"
2019-05-26,2019052601008664,NCCB,33,45,590,260.00,"153,400.00"
2019-05-26,2019052601008662,NCCB,33,44,"1,000",260.00,"260,000.00"
2019-05-26,2019052601008661,NCCB,32,44,"5,000",260.00,"1,300,000.00"
2019-05-26,2019052601008587,NCCB,40,49,200,261.00,"52,200.00"
2019-05-26,2019052601008586,NCCB,40,25,200,261.00,"52,200.00"
2019-05-26,2019052601008521,NCCB,33,21,200,260.00,"52,000.00"
2019-05-26,2019052601008701,NCCB,33,46,115,260.00,"29,900.00"
2019-05-26,2019052601008669,NCCB,33,45,885,260.00,"230,100.00"
2019-05-26,2019052601008668,NCCB,57,45,100,260.00,"26,000.00"
2019-05-26,2019052601008667,NCCB,13,45,400,260.00,"104,000.00"
2019-05-26,2019052601008666,NCCB,55,45,25,260.00,"6,500.00"
2019-05-26,2019052601008665,NCCB,50,45,"1,000",260.00,"260,000.00"
2019-05-26,2019052601008419,NEF,29,1,"1,207",8.30,"10,018.10"
2019-05-26,2019052601008791,NHPC,56,21,50,70.00,"3,500.00"
2019-05-26,2019052601008323,NHPC,56,50,500,70.00,"35,000.00"
2019-05-26,2019052601008322,NHPC,51,50,"1,500",70.00,"105,000.00"
2019-05-26,2019052601008742,NIB,42,41,26,535.00,"13,910.00"
2019-05-26,2019052601008741,NIB,41,41,100,535.00,"53,500.00"
2019-05-26,2019052601008740,NIB,28,41,10,535.00,"5,350.00"
2019-05-26,2019052601008678,NIB,28,45,42,535.00,"22,470.00"
2019-05-26,2019052601008676,NIB,56,33,141,536.00,"75,576.00"
2019-05-26,2019052601008675,NIB,56,1,59,536.00,"31,624.00"
2019-05-26,2019052601008381,NIB,28,25,95,535.00,"50,825.00"
2019-05-26,2019052601008730,NIBPO,38,45,150,505.00,"75,750.00"
2019-05-26,2019052601008729,NIBPO,38,45,200,505.00,"101,000.00"
2019-05-26,2019052601008728,NIBPO,44,45,50,506.00,"25,300.00"
2019-05-26,2019052601008727,NIBPO,59,45,150,506.00,"75,900.00"
2019-05-26,2019052601008726,NIBPO,19,45,100,506.00,"50,600.00"
2019-05-26,2019052601008725,NIBPO,42,45,100,506.00,"50,600.00"
2019-05-26,2019052601008724,NIBPO,59,45,250,507.00,"126,750.00"
2019-05-26,2019052601008716,NICA,6,32,765,477.00,"364,905.00"
2019-05-26,2019052601008622,NICA,6,57,194,477.00,"92,538.00"
2019-05-26,2019052601008621,NICA,54,57,300,477.00,"143,100.00"
2019-05-26,2019052601008620,NICA,4,57,500,477.00,"238,500.00"
2019-05-26,2019052601008619,NICA,52,57,100,477.00,"47,700.00"
2019-05-26,2019052601008618,NICA,21,57,106,477.00,"50,562.00"
2019-05-26,2019052601008593,NICA,21,32,100,477.00,"47,700.00"
2019-05-26,2019052601008338,NICA,21,36,194,477.00,"92,538.00"
2019-05-26,2019052601008337,NICA,22,36,20,477.00,"9,540.00"
2019-05-26,2019052601008336,NICA,22,36,50,478.00,"23,900.00"
2019-05-26,2019052601008335,NICA,45,36,66,478.00,"31,548.00"
2019-05-26,2019052601008608,NICGF,47,14,"4,000",9.70,"38,800.00"
2019-05-26,2019052601008677,NICL,25,39,40,390.00,"15,600.00"
2019-05-26,2019052601008349,NICL,28,34,15,391.00,"5,865.00"
2019-05-26,2019052601008756,NLG,47,45,468,804.00,"376,272.00"
2019-05-26,2019052601008417,NLG,55,39,100,805.00,"80,500.00"
2019-05-26,2019052601008760,NLIC,40,33,444,932.00,"413,808.00"
2019-05-26,2019052601008759,NLIC,25,33,183,932.00,"170,556.00"
2019-05-26,2019052601008758,NLIC,54,33,100,933.00,"93,300.00"
2019-05-26,2019052601008527,NLIC,25,6,17,932.00,"15,844.00"
2019-05-26,2019052601008489,NLIC,25,58,100,932.00,"93,200.00"
2019-05-26,2019052601008488,NLIC,32,58,90,933.00,"83,970.00"
2019-05-26,2019052601008407,NLIC,32,42,10,933.00,"9,330.00"
2019-05-26,2019052601008329,NMBMF,58,41,35,"1,131.00","39,585.00"
2019-05-26,2019052601008439,NMFBS,41,1,15,"1,571.00","23,565.00"
2019-05-26,2019052601008743,NNLB,6,40,100,400.00,"40,000.00"
2019-05-26,2019052601008451,NNLB,26,42,125,396.00,"49,500.00"
2019-05-26,2019052601008776,NTC,3,36,20,731.00,"14,620.00"
2019-05-26,2019052601008766,NTC,37,43,500,727.00,"363,500.00"
2019-05-26,2019052601008765,NTC,34,43,610,727.00,"443,470.00"
2019-05-26,2019052601008764,NTC,20,43,10,730.00,"7,300.00"
2019-05-26,2019052601008686,PIC,53,57,287,"1,192.00","342,104.00"
2019-05-26,2019052601008526,PIC,38,57,13,"1,194.00","15,522.00"
2019-05-26,2019052601008393,PIC,6,57,298,"1,193.00","355,514.00"
2019-05-26,2019052601008426,PICL,14,38,172,695.00,"119,540.00"
2019-05-26,2019052601008425,PICL,21,38,10,695.00,"6,950.00"
2019-05-26,2019052601008424,PICL,7,38,140,695.00,"97,300.00"
2019-05-26,2019052601008369,PICL,25,38,50,696.00,"34,800.00"
2019-05-26,2019052601008673,PMHPL,56,1,10,111.00,"1,110.00"
2019-05-26,2019052601008790,PRVU,32,17,225,275.00,"61,875.00"
2019-05-26,2019052601008789,PRVU,54,17,500,275.00,"137,500.00"
2019-05-26,2019052601008788,PRVU,32,17,"1,000",275.00,"275,000.00"
2019-05-26,2019052601008787,PRVU,13,17,100,275.00,"27,500.00"
2019-05-26,2019052601008786,PRVU,4,17,300,275.00,"82,500.00"
2019-05-26,2019052601008785,PRVU,49,17,100,275.00,"27,500.00"
2019-05-26,2019052601008518,PRVU,47,53,562,275.00,"154,550.00"
2019-05-26,2019052601008483,PRVU,47,16,357,275.00,"98,175.00"
2019-05-26,2019052601008402,PRVU,47,36,81,275.00,"22,275.00"
2019-05-26,2019052601008401,PRVU,49,36,919,275.00,"252,725.00"
2019-05-26,2019052601008309,PRVU,49,20,500,275.00,"137,500.00"
2019-05-26,2019052601008602,PRVU,1,43,201,275.00,"55,275.00"
2019-05-26,2019052601008601,PRVU,42,43,112,275.00,"30,800.00"
2019-05-26,2019052601008568,PRVU,42,25,188,275.00,"51,700.00"
2019-05-26,2019052601008567,PRVU,45,25,422,275.00,"116,050.00"
2019-05-26,2019052601008519,PRVU,45,53,578,275.00,"158,950.00"
2019-05-26,2019052601008643,PRVU,28,53,10,276.00,"2,760.00"
2019-05-26,2019052601008631,PRVU,34,43,51,275.00,"14,025.00"
2019-05-26,2019052601008630,PRVU,47,43,200,275.00,"55,000.00"
2019-05-26,2019052601008629,PRVU,6,43,200,275.00,"55,000.00"
2019-05-26,2019052601008628,PRVU,42,43,500,275.00,"137,500.00"
2019-05-26,2019052601008627,PRVU,1,43,49,275.00,"13,475.00"
2019-05-26,2019052601008784,PRVU,48,17,338,275.00,"92,950.00"
2019-05-26,2019052601008783,PRVU,38,17,100,275.00,"27,500.00"
2019-05-26,2019052601008782,PRVU,11,17,200,275.00,"55,000.00"
2019-05-26,2019052601008781,PRVU,34,17,137,275.00,"37,675.00"
2019-05-26,2019052601008739,PRVU,34,42,12,275.00,"3,300.00"
2019-05-26,2019052601008670,PRVU,34,53,35,276.00,"9,660.00"
2019-05-26,2019052601008755,RBCL,18,53,10,"10,920.00","109,200.00"
2019-05-26,2019052601008754,RBCL,19,53,10,"10,921.00","109,210.00"
2019-05-26,2019052601008753,RBCL,32,53,20,"10,925.00","218,500.00"
2019-05-26,2019052601008752,RBCL,11,53,10,"10,950.00","109,500.00"
2019-05-26,2019052601008654,RLFL,57,38,"1,000",140.00,"140,000.00"
2019-05-26,2019052601008577,RLFL,17,59,909,140.00,"127,260.00"
2019-05-26,2019052601008400,RLFL,46,59,50,140.00,"7,000.00"
2019-05-26,2019052601008399,RLFL,45,59,50,140.00,"7,000.00"
2019-05-26,2019052601008398,RLFL,17,59,"1,000",140.00,"140,000.00"
2019-05-26,2019052601008496,RSDC,1,53,10,383.00,"3,830.00"
2019-05-26,2019052601008653,SAEF,19,14,200,9.76,"1,952.00"
2019-05-26,2019052601008616,SAEF,19,14,"1,500",9.76,"14,640.00"
2019-05-26,2019052601008487,SAEF,36,14,"1,500",9.76,"14,640.00"
2019-05-26,2019052601008778,SANIMA,52,56,900,354.00,"318,600.00"
2019-05-26,2019052601008777,SANIMA,47,56,100,354.00,"35,400.00"
2019-05-26,2019052601008735,SANIMA,17,56,166,355.00,"58,930.00"
2019-05-26,2019052601008690,SANIMA,17,25,500,355.00,"177,500.00"
2019-05-26,2019052601008598,SANIMA,17,38,334,355.00,"118,570.00"
2019-05-26,2019052601008597,SANIMA,19,38,150,355.00,"53,250.00"
2019-05-26,2019052601008441,SANIMA,19,47,350,355.00,"124,250.00"
2019-05-26,2019052601008749,SBL,4,13,"1,500",336.00,"504,000.00"
2019-05-26,2019052601008573,SBL,43,38,240,335.00,"80,400.00"
2019-05-26,2019052601008512,SBL,43,17,138,335.00,"46,230.00"
2019-05-26,2019052601008511,SBL,36,17,39,336.00,"13,104.00"
2019-05-26,2019052601008418,SCB,49,16,10,680.00,"6,800.00"
2019-05-26,2019052601008390,SCB,49,35,100,680.00,"68,000.00"
2019-05-26,2019052601008447,SDESI,4,6,100,606.00,"60,600.00"
2019-05-26,2019052601008693,SHIVM,40,18,125,558.00,"69,750.00"
2019-05-26,2019052601008692,SHIVM,40,6,75,558.00,"41,850.00"
2019-05-26,2019052601008617,SHIVM,5,6,25,558.00,"13,950.00"
2019-05-26,2019052601008600,SHIVM,46,49,100,557.00,"55,700.00"
2019-05-26,2019052601008591,SHIVM,38,14,132,555.00,"73,260.00"
2019-05-26,2019052601008570,SHIVM,38,45,15,555.00,"8,325.00"
2019-05-26,2019052601008449,SHIVM,36,36,100,555.00,"55,500.00"
2019-05-26,2019052601008448,SHIVM,45,36,577,556.00,"320,812.00"
2019-05-26,2019052601008413,SHIVM,45,11,423,556.00,"235,188.00"
2019-05-26,2019052601008412,SHIVM,25,11,500,557.00,"278,500.00"
2019-05-26,2019052601008411,SHIVM,32,11,77,557.00,"42,889.00"
2019-05-26,2019052601008365,SHIVM,32,58,50,557.00,"27,850.00"
2019-05-26,2019052601008552,SHIVM,38,48,10,555.00,"5,550.00"
2019-05-26,2019052601008551,SHIVM,22,48,100,555.00,"55,500.00"
2019-05-26,2019052601008550,SHIVM,21,48,177,555.00,"98,235.00"
2019-05-26,2019052601008458,SHIVM,46,28,500,558.00,"279,000.00"
2019-05-26,2019052601008457,SHIVM,46,28,500,558.00,"279,000.00"
2019-05-26,2019052601008450,SHIVM,21,36,323,555.00,"179,265.00"
2019-05-26,2019052601008569,SHIVM,45,45,10,556.00,"5,560.00"
2019-05-26,2019052601008561,SHIVM,38,14,140,555.00,"77,700.00"
2019-05-26,2019052601008560,SHIVM,38,57,200,555.00,"111,000.00"
2019-05-26,2019052601008555,SHIVM,38,48,13,555.00,"7,215.00"
2019-05-26,2019052601008554,SHIVM,34,48,200,555.00,"111,000.00"
2019-05-26,2019052601008553,SHIVM,38,48,200,555.00,"111,000.00"
2019-05-26,2019052601008372,SHL,53,58,100,244.00,"24,400.00"
2019-05-26,2019052601008363,SHL,53,43,893,244.00,"217,892.00"
2019-05-26,2019052601008362,SHL,45,43,107,244.00,"26,108.00"
2019-05-26,2019052601008580,SHPC,36,41,100,270.00,"27,000.00"
2019-05-26,2019052601008566,SHPC,29,41,200,270.00,"54,000.00"
2019-05-26,2019052601008565,SHPC,58,41,100,270.00,"27,000.00"
2019-05-26,2019052601008492,SHPC,11,28,100,270.00,"27,000.00"
2019-05-26,2019052601008491,SHPC,13,28,200,270.00,"54,000.00"
2019-05-26,2019052601008427,SHPC,13,33,200,270.00,"54,000.00"
2019-05-26,2019052601008699,SIC,49,47,38,"1,398.00","53,124.00"
2019-05-26,2019052601008689,SICL,40,33,232,859.00,"199,288.00"
2019-05-26,2019052601008688,SICL,18,33,25,860.00,"21,500.00"
2019-05-26,2019052601008687,SICL,47,33,43,860.00,"36,980.00"
2019-05-26,2019052601008583,SICL,42,22,100,863.00,"86,300.00"
2019-05-26,2019052601008494,SICL,47,54,57,860.00,"49,020.00"
2019-05-26,2019052601008493,SICL,58,54,943,860.00,"810,980.00"
2019-05-26,2019052601008461,SLBBL,48,6,41,483.00,"19,803.00"
2019-05-26,2019052601008572,SLBSL,38,50,10,560.00,"5,600.00"
2019-05-26,2019052601008356,SLBSL,38,8,10,560.00,"5,600.00"
2019-05-26,2019052601008530,SLICL,57,42,25,588.00,"14,700.00"
2019-05-26,2019052601008351,SMB,8,8,10,530.00,"5,300.00"
2019-05-26,2019052601008744,SRBL,6,34,10,257.00,"2,570.00"
2019-05-26,2019052601008564,SRBL,14,34,55,257.00,"14,135.00"
2019-05-26,2019052601008563,SRBL,58,34,235,257.00,"60,395.00"
2019-05-26,2019052601008508,SRBL,58,38,265,257.00,"68,105.00"
2019-05-26,2019052601008507,SRBL,28,38,"1,000",257.00,"257,000.00"
2019-05-26,2019052601008506,SRBL,17,38,100,257.00,"25,700.00"
2019-05-26,2019052601008505,SRBL,43,38,135,257.00,"34,695.00"
2019-05-26,2019052601008700,SWBBL,52,52,40,901.00,"36,040.00"
2019-05-26,2019052601008671,SWBBL,29,52,11,902.00,"9,922.00"
2019-05-26,2019052601008615,SWBBL,29,33,89,902.00,"80,278.00"
2019-05-26,2019052601008614,SWBBL,40,33,68,902.00,"61,336.00"
2019-05-26,2019052601008613,SWBBL,56,33,23,902.00,"20,746.00"
2019-05-26,2019052601008612,SWBBL,8,33,45,903.00,"40,635.00"
2019-05-26,2019052601008707,UIC,58,5,500,994.00,"497,000.00"
2019-05-26,2019052601008571,UIC,58,5,"1,000",994.00,"994,000.00"
2019-05-26,2019052601008386,UIC,58,42,150,993.00,"148,950.00"
2019-05-26,2019052601008775,UMHL,13,6,113,119.00,"13,447.00"
2019-05-26,2019052601008544,UMHL,13,16,161,119.00,"19,159.00"
2019-05-26,2019052601008543,UMHL,14,16,200,120.00,"24,000.00"
2019-05-26,2019052601008542,UMHL,1,16,149,121.00,"18,029.00"
2019-05-26,2019052601008792,UPCL,58,13,100,95.00,"9,500.00"
2019-05-26,2019052601008714,UPCL,58,42,50,95.00,"4,750.00"
2019-05-26,2019052601008645,UPPER,6,7,100,275.00,"27,500.00"
2019-05-26,2019052601008634,UPPER,6,58,40,275.00,"11,000.00"
2019-05-26,2019052601008611,UPPER,6,21,50,275.00,"13,750.00"
2019-05-26,2019052601008585,UPPER,6,19,40,275.00,"11,000.00"
2019-05-26,2019052601008311,UPPER,45,29,50,274.00,"13,700.00"
2019-05-26,2019052601008334,UPPER,1,29,40,274.00,"10,960.00"
2019-05-26,2019052601008333,UPPER,47,29,10,274.00,"2,740.00"
2019-05-26,2019052601008326,UPPER,47,55,90,274.00,"24,660.00"
2019-05-26,2019052601008325,UPPER,45,55,110,274.00,"30,140.00"
2019-05-26,2019052601008321,UPPER,45,29,40,274.00,"10,960.00"
2019-05-26,2019052601008315,UPPER,42,43,200,275.00,"55,000.00"
2019-05-26,2019052601008345,UPPER,50,29,40,275.00,"11,000.00"
2019-05-26,2019052601008343,UPPER,50,40,50,275.00,"13,750.00"
2019-05-26,2019052601008340,UPPER,50,43,10,275.00,"2,750.00"
2019-05-26,2019052601008339,UPPER,48,43,100,275.00,"27,500.00"
2019-05-26,2019052601008436,UPPER,50,50,52,277.00,"14,404.00"
2019-05-26,2019052601008432,UPPER,52,25,"1,000",276.00,"276,000.00"
2019-05-26,2019052601008391,UPPER,14,40,50,275.00,"13,750.00"
2019-05-26,2019052601008360,UPPER,1,29,50,274.00,"13,700.00"
2019-05-26,2019052601008545,UPPER,1,58,50,274.00,"13,700.00"
2019-05-26,2019052601008539,UPPER,40,26,190,275.00,"52,250.00"
2019-05-26,2019052601008510,UPPER,45,26,200,275.00,"55,000.00"
2019-05-26,2019052601008509,UPPER,14,26,10,275.00,"2,750.00"
2019-05-26,2019052601008497,UPPER,42,22,90,278.00,"25,020.00"
2019-05-26,2019052601008495,UPPER,42,32,40,278.00,"11,120.00"
2019-05-26,2019052601008255,ADBL,42,38,37,424.00,"15,688.00"
2019-05-26,2019052601007950,ADBL,42,38,72,424.00,"30,528.00"
2019-05-26,2019052601007910,ADBL,42,35,16,424.00,"6,784.00"
2019-05-26,2019052601007909,ADBL,29,35,149,424.00,"63,176.00"
2019-05-26,2019052601007908,ADBL,58,35,116,424.00,"49,184.00"
2019-05-26,2019052601007907,ADBL,21,35,100,425.00,"42,500.00"
2019-05-26,2019052601007830,ALBSL,53,16,10,445.00,"4,450.00"
2019-05-26,2019052601007829,ALBSL,53,55,10,444.00,"4,440.00"
2019-05-26,2019052601008118,ALICL,48,51,30,420.00,"12,600.00"
2019-05-26,2019052601008117,ALICL,57,51,200,420.00,"84,000.00"
2019-05-26,2019052601008116,ALICL,55,51,20,420.00,"8,400.00"
2019-05-26,2019052601007810,AMFI,38,45,10,545.00,"5,450.00"
2019-05-26,2019052601007809,AMFI,6,45,10,555.00,"5,550.00"
2019-05-26,2019052601008137,API,41,41,20,154.00,"3,080.00"
2019-05-26,2019052601008136,API,37,41,80,154.00,"12,320.00"
2019-05-26,2019052601008135,API,39,41,100,154.00,"15,400.00"
2019-05-26,2019052601008129,API,37,45,100,155.00,"15,500.00"
2019-05-26,2019052601008080,API,42,45,50,155.00,"7,750.00"
2019-05-26,2019052601008079,API,45,45,150,155.00,"23,250.00"
2019-05-26,2019052601007803,API,49,40,100,157.00,"15,700.00"
2019-05-26,2019052601007802,API,49,17,100,157.00,"15,700.00"
2019-05-26,2019052601007961,API,58,44,726,155.00,"112,530.00"
2019-05-26,2019052601007960,API,57,44,"1,000",156.00,"156,000.00"
2019-05-26,2019052601007959,API,42,44,71,156.00,"11,076.00"
2019-05-26,2019052601007878,API,40,40,150,157.00,"23,550.00"
2019-05-26,2019052601007833,API,39,40,50,157.00,"7,850.00"
2019-05-26,2019052601008078,API,39,45,107,155.00,"16,585.00"
2019-05-26,2019052601007993,API,38,40,30,157.00,"4,710.00"
2019-05-26,2019052601007965,API,39,44,893,155.00,"138,415.00"
2019-05-26,2019052601007964,API,16,44,"1,000",155.00,"155,000.00"
2019-05-26,2019052601007963,API,1,44,110,155.00,"17,050.00"
2019-05-26,2019052601007962,API,45,44,"1,500",155.00,"232,500.00"
2019-05-26,2019052601008257,BFC,42,38,475,101.00,"47,975.00"
2019-05-26,2019052601008191,BFC,42,29,25,101.00,"2,525.00"
2019-05-26,2019052601008190,BFC,38,29,15,101.00,"1,515.00"
2019-05-26,2019052601008189,BFC,57,29,"1,000",101.00,"101,000.00"
2019-05-26,2019052601008028,BFC,42,57,500,102.00,"51,000.00"
2019-05-26,2019052601007863,BFC,11,34,200,104.00,"20,800.00"
2019-05-26,2019052601008294,BOKL,26,58,"1,000",270.00,"270,000.00"
2019-05-26,2019052601008293,BOKL,26,58,"1,000",270.00,"270,000.00"
2019-05-26,2019052601008292,BOKL,13,58,200,270.00,"54,000.00"
2019-05-26,2019052601008291,BOKL,11,58,300,270.00,"81,000.00"
2019-05-26,2019052601008290,BOKL,17,58,250,270.00,"67,500.00"
2019-05-26,2019052601008289,BOKL,6,58,"3,000",270.00,"810,000.00"
2019-05-26,2019052601008035,BOKL,32,58,536,272.00,"145,792.00"
2019-05-26,2019052601008015,BOKL,43,52,200,271.00,"54,200.00"
2019-05-26,2019052601008282,BOKL,13,58,400,271.00,"108,400.00"
2019-05-26,2019052601008281,BOKL,7,58,200,271.00,"54,200.00"
2019-05-26,2019052601008280,BOKL,43,58,900,271.00,"243,900.00"
2019-05-26,2019052601008279,BOKL,48,58,500,272.00,"136,000.00"
2019-05-26,2019052601008278,BOKL,32,58,100,272.00,"27,200.00"
2019-05-26,2019052601008288,BOKL,6,58,500,271.00,"135,500.00"
2019-05-26,2019052601008287,BOKL,52,58,"1,000",271.00,"271,000.00"
2019-05-26,2019052601008286,BOKL,52,58,500,271.00,"135,500.00"
2019-05-26,2019052601008285,BOKL,6,58,271,271.00,"73,441.00"
2019-05-26,2019052601008284,BOKL,45,58,500,271.00,"135,500.00"
2019-05-26,2019052601008283,BOKL,59,58,100,271.00,"27,100.00"
2019-05-26,2019052601008172,BPCL,45,45,11,419.00,"4,609.00"
2019-05-26,2019052601008171,BPCL,34,45,189,419.00,"79,191.00"
2019-05-26,2019052601008155,BPCL,42,58,100,420.00,"42,000.00"
2019-05-26,2019052601008154,BPCL,14,58,78,420.00,"32,760.00"
2019-05-26,2019052601008153,BPCL,34,58,100,420.00,"42,000.00"
2019-05-26,2019052601008152,BPCL,37,58,300,420.00,"126,000.00"
2019-05-26,2019052601008151,BPCL,57,58,500,420.00,"210,000.00"
2019-05-26,2019052601008150,BPCL,38,58,13,420.00,"5,460.00"
2019-05-26,2019052601008021,BPCL,38,16,89,420.00,"37,380.00"
2019-05-26,2019052601008020,BPCL,22,16,500,420.00,"210,000.00"
2019-05-26,2019052601007987,BPCL,38,4,98,421.00,"41,258.00"
2019-05-26,2019052601007978,CBBL,49,39,16,949.00,"15,184.00"
2019-05-26,2019052601007977,CBBL,28,39,30,949.00,"28,470.00"
2019-05-26,2019052601007976,CBBL,39,39,14,950.00,"13,300.00"
2019-05-26,2019052601007897,CBL,45,49,50,146.00,"7,300.00"
2019-05-26,2019052601007896,CBL,39,49,50,147.00,"7,350.00"
2019-05-26,2019052601007895,CBL,45,49,200,147.00,"29,400.00"
2019-05-26,2019052601007906,CEFL,47,26,10,101.00,"1,010.00"
2019-05-26,2019052601007905,CEFL,55,26,20,101.00,"2,020.00"
2019-05-26,2019052601007842,CHCL,55,46,55,528.00,"29,040.00"
2019-05-26,2019052601007820,CHCL,50,46,200,529.00,"105,800.00"
2019-05-26,2019052601007819,CHCL,39,46,100,529.00,"52,900.00"
2019-05-26,2019052601007923,CHLBS,22,49,20,447.00,"8,940.00"
2019-05-26,2019052601008204,DBBL,48,52,200,147.00,"29,400.00"
2019-05-26,2019052601007970,DBBL,48,51,195,147.00,"28,665.00"
2019-05-26,2019052601007969,DBBL,7,51,"1,000",147.00,"147,000.00"
2019-05-26,2019052601007968,DBBL,17,51,100,147.00,"14,700.00"
2019-05-26,2019052601007967,DBBL,51,51,705,147.00,"103,635.00"
2019-05-26,2019052601007902,DBBL,51,51,"2,000",147.00,"294,000.00"
2019-05-26,2019052601007893,DBBL,51,34,195,147.00,"28,665.00"
2019-05-26,2019052601007892,DBBL,21,34,100,147.00,"14,700.00"
2019-05-26,2019052601007798,DHPL,37,19,198,71.00,"14,058.00"
2019-05-26,2019052601008142,EIC,58,51,75,422.00,"31,650.00"
2019-05-26,2019052601008141,EIC,33,51,100,422.00,"42,200.00"
2019-05-26,2019052601008140,EIC,54,51,50,423.00,"21,150.00"
2019-05-26,2019052601007875,FOWAD,19,51,10,"1,510.00","15,100.00"
2019-05-26,2019052601008016,GBBL,55,39,50,222.00,"11,100.00"
2019-05-26,2019052601007877,GBBL,17,40,233,223.00,"51,959.00"
2019-05-26,2019052601008188,GBIME,40,11,102,306.00,"31,212.00"
2019-05-26,2019052601008187,GBIME,44,11,100,306.00,"30,600.00"
2019-05-26,2019052601008186,GBIME,48,11,500,306.00,"153,000.00"
2019-05-26,2019052601008185,GBIME,45,11,100,306.00,"30,600.00"
2019-05-26,2019052601008184,GBIME,43,11,50,306.00,"15,300.00"
2019-05-26,2019052601008183,GBIME,53,11,50,306.00,"15,300.00"
2019-05-26,2019052601007988,GBIME,55,57,305,306.00,"93,330.00"
2019-05-26,2019052601008182,GBIME,53,11,50,306.00,"15,300.00"
2019-05-26,2019052601008181,GBIME,43,11,500,306.00,"153,000.00"
2019-05-26,2019052601008180,GBIME,55,11,548,306.00,"167,688.00"
2019-05-26,2019052601008158,GBIME,55,39,116,306.00,"35,496.00"
2019-05-26,2019052601008144,GBIME,13,11,350,307.00,"107,450.00"
2019-05-26,2019052601008036,GBIME,25,42,169,307.00,"51,883.00"
2019-05-26,2019052601008271,GDBL,14,13,197,211.00,"41,567.00"
2019-05-26,2019052601008128,GDBL,14,17,10,211.00,"2,110.00"
2019-05-26,2019052601007944,GLICL,34,51,102,553.00,"56,406.00"
2019-05-26,2019052601007943,GLICL,22,51,40,554.00,"22,160.00"
2019-05-26,2019052601007936,GLICL,19,22,10,556.00,"5,560.00"
2019-05-26,2019052601007929,HDL,45,58,60,"1,738.00","104,280.00"
2019-05-26,2019052601007894,HDL,44,45,50,"1,739.00","86,950.00"
2019-05-26,2019052601007823,HGI,55,48,180,378.00,"68,040.00"
2019-05-26,2019052601007822,HGI,8,48,100,379.00,"37,900.00"
2019-05-26,2019052601007821,HGI,1,48,40,380.00,"15,200.00"
2019-05-26,2019052601008210,HIDCL,25,58,55,164.00,"9,020.00"
2019-05-26,2019052601008127,HIDCL,25,29,61,164.00,"10,004.00"
2019-05-26,2019052601007850,HIDCL,25,58,408,164.00,"66,912.00"
2019-05-26,2019052601007849,HIDCL,6,58,"1,000",164.00,"164,000.00"
2019-05-26,2019052601007848,HIDCL,19,58,"1,000",164.00,"164,000.00"
2019-05-26,2019052601007847,HIDCL,34,58,"1,000",164.00,"164,000.00"
2019-05-26,2019052601007846,HIDCL,45,58,500,164.00,"82,000.00"
2019-05-26,2019052601007845,HIDCL,1,58,"1,092",164.00,"179,088.00"
2019-05-26,2019052601007814,HIDCL,1,25,408,164.00,"66,912.00"
2019-05-26,2019052601007813,HIDCL,6,25,"1,970",164.00,"323,080.00"
2019-05-26,2019052601007812,HIDCL,22,25,100,165.00,"16,500.00"
2019-05-26,2019052601007811,HIDCL,36,25,255,165.00,"42,075.00"
2019-05-26,2019052601008206,HPPL,11,7,10,185.00,"1,850.00"
2019-05-26,2019052601008018,HPPL,11,1,10,185.00,"1,850.00"
2019-05-26,2019052601008268,HURJA,28,43,20,129.00,"2,580.00"
2019-05-26,2019052601008259,HURJA,28,21,20,129.00,"2,580.00"
2019-05-26,2019052601008238,HURJA,28,21,20,129.00,"2,580.00"
2019-05-26,2019052601008199,HURJA,28,43,20,129.00,"2,580.00"
2019-05-26,2019052601008159,HURJA,28,52,20,129.00,"2,580.00"
2019-05-26,2019052601007832,HURJA,42,39,468,129.00,"60,372.00"
2019-05-26,2019052601007831,HURJA,33,39,110,129.00,"14,190.00"
2019-05-26,2019052601007815,HURJA,33,38,20,129.00,"2,580.00"
2019-05-26,2019052601008110,HURJA,28,50,20,129.00,"2,580.00"
2019-05-26,2019052601007975,HURJA,28,50,20,129.00,"2,580.00"
2019-05-26,2019052601007945,HURJA,42,39,432,129.00,"55,728.00"
2019-05-26,2019052601007922,HURJA,42,50,20,129.00,"2,580.00"
2019-05-26,2019052601007891,HURJA,42,50,20,129.00,"2,580.00"
2019-05-26,2019052601007871,HURJA,42,50,20,129.00,"2,580.00"
2019-05-26,2019052601007979,ICFC,25,16,656,161.00,"105,616.00"
2019-05-26,2019052601008048,IGI,42,52,500,404.00,"202,000.00"
2019-05-26,2019052601008051,IGI,42,52,50,404.00,"20,200.00"
2019-05-26,2019052601008050,IGI,32,52,500,404.00,"202,000.00"
2019-05-26,2019052601008049,IGI,26,52,50,404.00,"20,200.00"
2019-05-26,2019052601008008,JBNL,6,58,"1,000",208.00,"208,000.00"
2019-05-26,2019052601008007,JBNL,48,58,218,208.00,"45,344.00"
2019-05-26,2019052601007998,JBNL,48,52,"1,500",208.00,"312,000.00"
2019-05-26,2019052601007921,JBNL,48,6,282,208.00,"58,656.00"
2019-05-26,2019052601007920,JBNL,48,6,500,208.00,"104,000.00"
2019-05-26,2019052601007919,JBNL,48,6,500,208.00,"104,000.00"
2019-05-26,2019052601007912,JBNL,48,50,168,208.00,"34,944.00"
2019-05-26,2019052601007828,JBNL,48,17,832,208.00,"173,056.00"
2019-05-26,2019052601007827,JBNL,39,17,500,208.00,"104,000.00"
2019-05-26,2019052601007826,JBNL,10,17,668,208.00,"138,944.00"
2019-05-26,2019052601007918,JBNL,34,6,500,208.00,"104,000.00"
2019-05-26,2019052601007917,JBNL,46,6,100,208.00,"20,800.00"
2019-05-26,2019052601007916,JBNL,38,6,118,208.00,"24,544.00"
2019-05-26,2019052601007915,JBNL,38,50,382,208.00,"79,456.00"
2019-05-26,2019052601007914,JBNL,45,50,200,208.00,"41,600.00"
2019-05-26,2019052601007913,JBNL,48,50,250,208.00,"52,000.00"
2019-05-26,2019052601008139,KBBL,6,57,889,225.00,"200,025.00"
2019-05-26,2019052601007942,KBL,16,38,13,218.00,"2,834.00"
2019-05-26,2019052601007911,KBL,17,38,200,218.00,"43,600.00"
2019-05-26,2019052601008165,KNBL,25,38,200,143.00,"28,600.00"
2019-05-26,2019052601007994,KNBL,17,56,"1,300",143.00,"185,900.00"
2019-05-26,2019052601007851,KNBL,17,25,200,143.00,"28,600.00"
2019-05-26,2019052601007951,KPCL,42,1,20,96.00,"1,920.00"
2019-05-26,2019052601007859,KSBBL,4,38,46,155.00,"7,130.00"
2019-05-26,2019052601007858,KSBBL,48,38,100,155.00,"15,500.00"
2019-05-26,2019052601007857,KSBBL,43,38,86,155.00,"13,330.00"
2019-05-26,2019052601007856,KSBBL,28,38,"1,000",156.00,"156,000.00"
2019-05-26,2019052601007855,KSBBL,49,38,"2,000",156.00,"312,000.00"
2019-05-26,2019052601007854,KSBBL,5,38,338,156.00,"52,728.00"
2019-05-26,2019052601008097,LBBL,11,26,125,201.00,"25,125.00"
2019-05-26,2019052601008096,LBBL,33,26,641,201.00,"128,841.00"
2019-05-26,2019052601008084,LBL,7,57,40,222.00,"8,880.00"
2019-05-26,2019052601008058,LBL,42,57,"1,600",222.00,"355,200.00"
2019-05-26,2019052601007958,LBL,42,38,"1,000",222.00,"222,000.00"
2019-05-26,2019052601007904,LBL,37,13,100,223.00,"22,300.00"
2019-05-26,2019052601007903,LBL,22,13,487,223.00,"108,601.00"
2019-05-26,2019052601007889,LBL,42,38,500,224.00,"112,000.00"
2019-05-26,2019052601007888,LBL,42,16,"1,000",224.00,"224,000.00"
2019-05-26,2019052601007887,LBL,42,22,50,224.00,"11,200.00"
2019-05-26,2019052601007886,LBL,42,48,400,224.00,"89,600.00"
2019-05-26,2019052601007885,LBL,42,16,40,224.00,"8,960.00"
2019-05-26,2019052601007797,LBL,36,16,10,224.00,"2,240.00"
2019-05-26,2019052601008040,LGIL,45,16,62,500.00,"31,000.00"
2019-05-26,2019052601007930,LGIL,45,56,225,500.00,"112,500.00"
2019-05-26,2019052601008250,LLBS,18,41,14,753.00,"10,542.00"
2019-05-26,2019052601008249,LLBS,50,41,10,755.00,"7,550.00"
2019-05-26,2019052601008146,MBL,17,58,"1,817",268.00,"486,956.00"
2019-05-26,2019052601008145,MBL,33,58,423,268.00,"113,364.00"
2019-05-26,2019052601008062,MBL,33,57,77,268.00,"20,636.00"
2019-05-26,2019052601008061,MBL,43,57,500,268.00,"134,000.00"
2019-05-26,2019052601008060,MBL,53,57,100,268.00,"26,800.00"
2019-05-26,2019052601008059,MBL,37,57,365,268.00,"97,820.00"
2019-05-26,2019052601008161,MEGA,57,33,500,195.00,"97,500.00"
2019-05-26,2019052601008160,MEGA,38,33,119,195.00,"23,205.00"
2019-05-26,2019052601008074,MEGA,38,17,26,195.00,"5,070.00"
2019-05-26,2019052601007876,MEGA,38,49,54,195.00,"10,530.00"
2019-05-26,2019052601007800,MEGA,38,57,301,195.00,"58,695.00"
2019-05-26,2019052601007999,MLBBL,22,56,12,456.00,"5,472.00"
2019-05-26,2019052601007980,MLBBL,22,56,14,456.00,"6,384.00"
2019-05-26,2019052601008092,MLBL,42,57,"1,359",196.00,"266,364.00"
2019-05-26,2019052601008258,MNBBL,42,1,24,375.00,"9,000.00"
2019-05-26,2019052601008174,MSLB,51,8,20,"1,060.00","21,200.00"
2019-05-26,2019052601007926,NABIL,16,41,80,835.00,"66,800.00"
2019-05-26,2019052601007925,NABIL,48,41,20,836.00,"16,720.00"
2019-05-26,2019052601007901,NABIL,22,3,200,837.00,"167,400.00"
2019-05-26,2019052601007952,NABILP,59,4,500,807.00,"403,500.00"
2019-05-26,2019052601008091,NADEP,26,38,20,450.00,"9,000.00"
2019-05-26,2019052601007860,NADEP,48,49,10,446.00,"4,460.00"
2019-05-26,2019052601007843,NADEP,41,49,20,450.00,"9,000.00"
2019-05-26,2019052601008197,NBB,55,51,411,224.00,"92,064.00"
2019-05-26,2019052601008260,NBL,33,20,300,336.00,"100,800.00"
2019-05-26,2019052601008143,NBL,42,49,345,335.00,"115,575.00"
2019-05-26,2019052601008134,NBL,32,49,155,335.00,"51,925.00"
2019-05-26,2019052601008109,NBL,32,4,245,335.00,"82,075.00"
2019-05-26,2019052601008108,NBL,37,4,100,335.00,"33,500.00"
2019-05-26,2019052601008107,NBL,14,4,100,335.00,"33,500.00"
2019-05-26,2019052601007935,NBL,39,29,100,336.00,"33,600.00"
2019-05-26,2019052601008100,NBL,53,4,200,335.00,"67,000.00"
2019-05-26,2019052601008099,NBL,50,4,100,335.00,"33,500.00"
2019-05-26,2019052601008098,NBL,34,4,25,335.00,"8,375.00"
2019-05-26,2019052601008047,NBL,34,6,475,335.00,"159,125.00"
2019-05-26,2019052601008046,NBL,32,6,500,335.00,"167,500.00"
2019-05-26,2019052601008045,NBL,43,6,50,335.00,"16,750.00"
2019-05-26,2019052601008106,NBL,26,4,100,335.00,"33,500.00"
2019-05-26,2019052601008105,NBL,17,4,200,335.00,"67,000.00"
2019-05-26,2019052601008104,NBL,57,4,200,335.00,"67,000.00"
2019-05-26,2019052601008103,NBL,40,4,100,335.00,"33,500.00"
2019-05-26,2019052601008102,NBL,35,4,30,335.00,"10,050.00"
2019-05-26,2019052601008101,NBL,19,4,100,335.00,"33,500.00"
2019-05-26,2019052601008277,NCCB,33,11,"1,860",260.00,"483,600.00"
2019-05-26,2019052601008276,NCCB,42,11,60,260.00,"15,600.00"
2019-05-26,2019052601008248,NCCB,42,58,40,260.00,"10,400.00"
2019-05-26,2019052601008247,NCCB,35,58,500,260.00,"130,000.00"
2019-05-26,2019052601008246,NCCB,42,58,500,260.00,"130,000.00"
2019-05-26,2019052601008245,NCCB,48,58,100,260.00,"26,000.00"
2019-05-26,2019052601007947,NCCB,42,34,172,261.00,"44,892.00"
2019-05-26,2019052601007882,NCCB,41,50,"1,000",260.00,"260,000.00"
2019-05-26,2019052601008201,NCCB,50,4,100,260.00,"26,000.00"
2019-05-26,2019052601008173,NCCB,50,33,"1,000",260.00,"260,000.00"
2019-05-26,2019052601008164,NCCB,50,49,400,260.00,"104,000.00"
2019-05-26,2019052601008163,NCCB,42,49,100,260.00,"26,000.00"
2019-05-26,2019052601007949,NCCB,42,41,200,260.00,"52,000.00"
2019-05-26,2019052601007948,NCCB,42,34,"1,000",261.00,"261,000.00"
2019-05-26,2019052601008244,NCCB,38,58,100,260.00,"26,000.00"
2019-05-26,2019052601008243,NCCB,14,58,600,260.00,"156,000.00"
2019-05-26,2019052601008242,NCCB,8,58,10,260.00,"2,600.00"
2019-05-26,2019052601008241,NCCB,48,58,50,260.00,"13,000.00"
2019-05-26,2019052601008240,NCCB,50,58,"1,100",260.00,"286,000.00"
2019-05-26,2019052601008202,NCCB,50,4,400,260.00,"104,000.00"
2019-05-26,2019052601008000,NHPC,51,16,"1,000",70.00,"70,000.00"
2019-05-26,2019052601008254,NIB,28,6,13,535.00,"6,955.00"
2019-05-26,2019052601008253,NIB,6,6,31,535.00,"16,585.00"
2019-05-26,2019052601008252,NIB,6,59,69,535.00,"36,915.00"
2019-05-26,2019052601008251,NIB,57,59,41,535.00,"21,935.00"
2019-05-26,2019052601008175,NIB,57,6,52,535.00,"27,820.00"
2019-05-26,2019052601007956,NIB,45,1,50,536.00,"26,800.00"
2019-05-26,2019052601007900,NIB,57,40,100,535.00,"53,500.00"
2019-05-26,2019052601008056,NICA,45,17,34,478.00,"16,252.00"
2019-05-26,2019052601007974,NICA,56,43,100,478.00,"47,800.00"
2019-05-26,2019052601008052,NICGF,25,16,500,9.66,"4,830.00"
2019-05-26,2019052601008270,NICL,25,6,40,390.00,"15,600.00"
2019-05-26,2019052601008269,NICL,47,6,25,390.00,"9,750.00"
2019-05-26,2019052601008196,NIL,7,58,35,510.00,"17,850.00"
2019-05-26,2019052601008195,NIL,55,58,250,510.00,"127,500.00"
2019-05-26,2019052601008194,NIL,51,58,10,510.00,"5,100.00"
2019-05-26,2019052601008193,NIL,53,58,50,511.00,"25,550.00"
2019-05-26,2019052601008192,NIL,50,58,183,511.00,"93,513.00"
2019-05-26,2019052601008067,NIL,50,16,17,511.00,"8,687.00"
2019-05-26,2019052601008066,NIL,14,16,100,511.00,"51,100.00"
2019-05-26,2019052601008065,NIL,37,16,100,511.00,"51,100.00"
2019-05-26,2019052601008064,NIL,44,16,50,511.00,"25,550.00"
2019-05-26,2019052601007992,NLBBL,51,38,80,517.00,"41,360.00"
2019-05-26,2019052601007991,NLBBL,38,38,50,517.00,"25,850.00"
2019-05-26,2019052601007990,NLBBL,25,38,20,518.00,"10,360.00"
2019-05-26,2019052601007971,NMBMF,58,38,115,"1,131.00","130,065.00"
2019-05-26,2019052601008111,NTC,42,36,100,729.00,"72,900.00"
2019-05-26,2019052601008014,NTC,29,43,100,730.00,"73,000.00"
2019-05-26,2019052601008013,NTC,57,43,10,730.00,"7,300.00"
2019-05-26,2019052601008012,NTC,34,43,30,730.00,"21,900.00"
2019-05-26,2019052601008011,NTC,48,43,"1,000",730.00,"730,000.00"
2019-05-26,2019052601008010,NTC,6,43,250,730.00,"182,500.00"
2019-05-26,2019052601008009,NTC,50,43,100,730.00,"73,000.00"
2019-05-26,2019052601007940,NTC,45,38,100,731.00,"73,100.00"
2019-05-26,2019052601007939,NTC,37,38,100,731.00,"73,100.00"
2019-05-26,2019052601007938,NTC,43,38,467,731.00,"341,377.00"
2019-05-26,2019052601008162,NUBL,39,35,30,855.00,"25,650.00"
2019-05-26,2019052601007825,NUBL,19,35,20,855.00,"17,100.00"
2019-05-26,2019052601008126,PCBL,16,13,950,312.00,"296,400.00"
2019-05-26,2019052601008125,PCBL,53,13,50,313.00,"15,650.00"
2019-05-26,2019052601008038,PCBL,53,17,50,313.00,"15,650.00"
2019-05-26,2019052601007933,PCBL,45,35,23,313.00,"7,199.00"
2019-05-26,2019052601007932,PCBL,25,35,600,313.00,"187,800.00"
2019-05-26,2019052601007931,PCBL,39,35,47,313.00,"14,711.00"
2019-05-26,2019052601007874,PCBL,39,39,150,313.00,"46,950.00"
2019-05-26,2019052601008024,PFL,50,53,26,138.00,"3,588.00"
2019-05-26,2019052601008023,PFL,50,35,14,138.00,"1,932.00"
2019-05-26,2019052601008005,PFL,50,35,25,138.00,"3,450.00"
2019-05-26,2019052601008004,PFL,50,35,39,138.00,"5,382.00"
2019-05-26,2019052601008003,PFL,50,48,23,138.00,"3,174.00"
2019-05-26,2019052601008002,PFL,50,55,13,138.00,"1,794.00"
2019-05-26,2019052601008131,PIC,6,49,70,"1,197.00","83,790.00"
2019-05-26,2019052601008130,PIC,6,57,11,"1,194.00","13,134.00"
2019-05-26,2019052601008094,PIC,42,57,189,"1,194.00","225,666.00"
2019-05-26,2019052601008085,PIC,42,43,11,"1,194.00","13,134.00"
2019-05-26,2019052601008029,PIC,42,57,300,"1,194.00","358,200.00"
2019-05-26,2019052601007870,PIC,6,33,202,"1,193.00","240,986.00"
2019-05-26,2019052601007869,PIC,49,33,100,"1,193.00","119,300.00"
2019-05-26,2019052601007868,PIC,42,33,10,"1,193.00","11,930.00"
2019-05-26,2019052601007867,PIC,58,33,20,"1,193.00","23,860.00"
2019-05-26,2019052601007866,PIC,26,33,11,"1,194.00","13,134.00"
2019-05-26,2019052601007865,PIC,26,33,11,"1,194.00","13,134.00"
2019-05-26,2019052601007864,PIC,26,6,11,"1,194.00","13,134.00"
2019-05-26,2019052601008034,PLIC,49,38,500,460.00,"230,000.00"
2019-05-26,2019052601008033,PLIC,45,38,200,460.00,"92,000.00"
2019-05-26,2019052601008032,PLIC,20,38,300,461.00,"138,300.00"
2019-05-26,2019052601008031,PLIC,19,38,10,461.00,"4,610.00"
2019-05-26,2019052601008132,PRVU,49,52,300,275.00,"82,500.00"
2019-05-26,2019052601008019,PRVU,39,43,50,276.00,"13,800.00"
2019-05-26,2019052601007997,PRVU,49,59,"1,281",275.00,"352,275.00"
2019-05-26,2019052601007996,PRVU,47,59,500,275.00,"137,500.00"
2019-05-26,2019052601007995,PRVU,43,59,219,275.00,"60,225.00"
2019-05-26,2019052601007941,RBCL,59,56,50,"10,950.00","547,500.00"
2019-05-26,2019052601008089,RBCLPO,59,51,20,"9,902.00","198,040.00"
2019-05-26,2019052601008088,RBCLPO,44,39,20,"9,901.00","198,020.00"
2019-05-26,2019052601008087,RBCLPO,42,39,10,"9,901.00","99,010.00"
2019-05-26,2019052601008086,RBCLPO,45,39,10,"9,901.00","99,010.00"
2019-05-26,2019052601008017,RBCLPO,6,51,20,"9,902.00","198,040.00"
2019-05-26,2019052601008166,RLFL,40,44,800,140.00,"112,000.00"
2019-05-26,2019052601008022,RLFL,40,44,200,140.00,"28,000.00"
2019-05-26,2019052601007796,RLFL,40,44,500,140.00,"70,000.00"
2019-05-26,2019052601007953,RMDC,6,56,457,660.00,"301,620.00"
2019-05-26,2019052601007883,RMDC,47,49,50,656.00,"32,800.00"
2019-05-26,2019052601007899,RRHP,35,14,10,95.00,950.00
2019-05-26,2019052601007841,RRHP,8,8,10,96.00,960.00
2019-05-26,2019052601007840,RRHP,8,8,10,96.00,960.00
2019-05-26,2019052601007839,RRHP,8,8,10,96.00,960.00
2019-05-26,2019052601007838,RRHP,8,8,10,96.00,960.00
2019-05-26,2019052601007837,RRHP,8,8,10,96.00,960.00
2019-05-26,2019052601007836,RRHP,8,8,10,96.00,960.00
2019-05-26,2019052601007835,RRHP,8,8,10,96.00,960.00
2019-05-26,2019052601008147,SANIMA,47,33,500,354.00,"177,000.00"
2019-05-26,2019052601007973,SANIMA,47,35,400,354.00,"141,600.00"
2019-05-26,2019052601007972,SANIMA,22,35,100,354.00,"35,400.00"
2019-05-26,2019052601008006,SBI,16,41,100,472.00,"47,200.00"
2019-05-26,2019052601008207,SBL,36,21,250,336.00,"84,000.00"
2019-05-26,2019052601007955,SBL,36,14,211,336.00,"70,896.00"
2019-05-26,2019052601007954,SBL,5,14,73,336.00,"24,528.00"
2019-05-26,2019052601007862,SBL,36,10,370,337.00,"124,690.00"
2019-05-26,2019052601007861,SBL,36,6,130,337.00,"43,810.00"
2019-05-26,2019052601008149,SCB,49,14,20,680.00,"13,600.00"
2019-05-26,2019052601008122,SCB,49,25,100,680.00,"68,000.00"
2019-05-26,2019052601008121,SCB,49,29,80,680.00,"54,400.00"
2019-05-26,2019052601008120,SCB,49,26,96,679.00,"65,184.00"
2019-05-26,2019052601008119,SCB,49,22,190,679.00,"129,010.00"
2019-05-26,2019052601007818,SCB,56,41,46,677.00,"31,142.00"
2019-05-26,2019052601007966,SDESI,8,8,11,609.00,"6,699.00"
2019-05-26,2019052601007834,SFFIL,51,22,100,225.00,"22,500.00"
2019-05-26,2019052601008239,SHIVM,32,48,50,557.00,"27,850.00"
2019-05-26,2019052601008179,SHIVM,32,58,73,557.00,"40,661.00"
2019-05-26,2019052601008178,SHIVM,7,58,27,558.00,"15,066.00"
2019-05-26,2019052601008157,SHIVM,7,58,23,558.00,"12,834.00"
2019-05-26,2019052601008156,SHIVM,45,58,247,558.00,"137,826.00"
2019-05-26,2019052601008090,SHIVM,45,52,100,558.00,"55,800.00"
2019-05-26,2019052601007805,SHIVM,17,47,129,560.00,"72,240.00"
2019-05-26,2019052601007879,SHIVM,51,49,150,559.00,"83,850.00"
2019-05-26,2019052601007852,SHIVM,49,18,179,560.00,"100,240.00"
2019-05-26,2019052601007844,SHIVM,49,47,200,560.00,"112,000.00"
2019-05-26,2019052601007817,SHIVM,49,47,200,560.00,"112,000.00"
2019-05-26,2019052601007816,SHIVM,49,18,350,560.00,"196,000.00"
2019-05-26,2019052601007806,SHIVM,49,47,71,560.00,"39,760.00"
2019-05-26,2019052601008069,SHIVM,36,25,100,557.00,"55,700.00"
2019-05-26,2019052601008068,SHIVM,1,25,100,557.00,"55,700.00"
2019-05-26,2019052601007989,SHIVM,33,51,500,558.00,"279,000.00"
2019-05-26,2019052601007884,SHIVM,22,50,50,559.00,"27,950.00"
2019-05-26,2019052601007881,SHIVM,22,49,150,559.00,"83,850.00"
2019-05-26,2019052601007880,SHIVM,1,49,100,559.00,"55,900.00"
2019-05-26,2019052601008083,SHIVM,45,42,60,558.00,"33,480.00"
2019-05-26,2019052601008082,SHIVM,45,51,93,558.00,"51,894.00"
2019-05-26,2019052601008073,SHIVM,32,25,250,557.00,"139,250.00"
2019-05-26,2019052601008072,SHIVM,42,25,"2,000",557.00,"1,114,000.00"
2019-05-26,2019052601008071,SHIVM,1,25,200,557.00,"111,400.00"
2019-05-26,2019052601008070,SHIVM,32,25,350,557.00,"194,950.00"
2019-05-26,2019052601008044,SHPC,36,10,54,269.00,"14,526.00"
2019-05-26,2019052601008043,SHPC,45,10,200,269.00,"53,800.00"
2019-05-26,2019052601008042,SHPC,39,10,500,270.00,"135,000.00"
2019-05-26,2019052601008041,SHPC,36,10,200,270.00,"54,000.00"
2019-05-26,2019052601007928,SIC,21,16,46,"1,393.00","64,078.00"
2019-05-26,2019052601007927,SIC,45,16,20,"1,393.00","27,860.00"
2019-05-26,2019052601008133,SIL,7,55,10,593.00,"5,930.00"
2019-05-26,2019052601007804,SIL,7,6,10,605.00,"6,050.00"
2019-05-26,2019052601008170,SINDU,44,58,930,137.00,"127,410.00"
2019-05-26,2019052601008169,SINDU,17,58,300,137.00,"41,100.00"
2019-05-26,2019052601008168,SINDU,42,58,"1,770",137.00,"242,490.00"
2019-05-26,2019052601008115,SINDU,42,55,230,137.00,"31,510.00"
2019-05-26,2019052601008114,SINDU,32,55,20,137.00,"2,740.00"
2019-05-26,2019052601008113,SINDU,45,55,30,138.00,"4,140.00"
2019-05-26,2019052601008112,SINDU,21,55,100,138.00,"13,800.00"
2019-05-26,2019052601007808,SLBBL,48,49,59,483.00,"28,497.00"
2019-05-26,2019052601007946,SLBSL,38,49,20,560.00,"11,200.00"
2019-05-26,2019052601008176,SLICL,42,57,90,585.00,"52,650.00"
2019-05-26,2019052601008148,SLICL,19,57,10,586.00,"5,860.00"
2019-05-26,2019052601007853,SMFDB,55,7,86,569.00,"48,934.00"
2019-05-26,2019052601007807,SMFDB,56,45,30,565.00,"16,950.00"
2019-05-26,2019052601008273,SRBL,43,55,138,257.00,"35,466.00"
2019-05-26,2019052601008039,SRBL,43,44,122,257.00,"31,354.00"
2019-05-26,2019052601008272,UIC,56,34,50,995.00,"49,750.00"
2019-05-26,2019052601008055,UIC,56,42,20,999.00,"19,980.00"
2019-05-26,2019052601008054,UIC,56,16,100,999.00,"99,900.00"
2019-05-26,2019052601007957,UIC,58,8,100,993.00,"99,300.00"
2019-05-26,2019052601007934,UIC,58,8,200,993.00,"198,600.00"
2019-05-26,2019052601007924,UIC,17,17,500,992.00,"496,000.00"
2019-05-26,2019052601007801,UIC,7,8,200,993.00,"198,600.00"
2019-05-26,2019052601007799,UIC,7,16,100,999.00,"99,900.00"
2019-05-26,2019052601007890,UMHL,1,1,104,121.00,"12,584.00"
2019-05-26,2019052601008037,UPCL,58,17,50,95.00,"4,750.00"
2019-05-26,2019052601008025,UPCL,58,26,100,95.00,"9,500.00"
2019-05-26,2019052601008275,UPPER,45,40,50,274.00,"13,700.00"
2019-05-26,2019052601008274,UPPER,57,43,50,275.00,"13,750.00"
2019-05-26,2019052601008267,UPPER,45,29,50,274.00,"13,700.00"
2019-05-26,2019052601008266,UPPER,21,43,"1,000",274.00,"274,000.00"
2019-05-26,2019052601008265,UPPER,45,43,"1,000",274.00,"274,000.00"
2019-05-26,2019052601008264,UPPER,6,43,"1,000",274.00,"274,000.00"
2019-05-26,2019052601007795,UPPER,21,45,430,277.00,"119,110.00"
2019-05-26,2019052601007937,UPPER,48,40,40,277.00,"11,080.00"
2019-05-26,2019052601007898,UPPER,48,40,40,277.00,"11,080.00"
2019-05-26,2019052601007873,UPPER,48,40,30,277.00,"8,310.00"
2019-05-26,2019052601007872,UPPER,21,40,20,277.00,"5,540.00"
2019-05-26,2019052601007824,UPPER,21,40,50,277.00,"13,850.00"
2019-05-26,2019052601007985,UPPER,47,25,100,276.00,"27,600.00"
2019-05-26,2019052601007984,UPPER,43,25,240,276.00,"66,240.00"
2019-05-26,2019052601007983,UPPER,45,25,200,277.00,"55,400.00"
2019-05-26,2019052601007982,UPPER,57,25,300,277.00,"83,100.00"
2019-05-26,2019052601007981,UPPER,48,25,390,277.00,"108,030.00"
2019-05-26,2019052601008030,UPPER,38,40,50,277.00,"13,850.00"
2019-05-26,2019052601008027,UPPER,38,29,278,277.00,"77,006.00"
2019-05-26,2019052601008026,UPPER,1,29,222,277.00,"61,494.00"
2019-05-26,2019052601008001,UPPER,1,25,278,277.00,"77,006.00"
2019-05-26,2019052601007986,UPPER,13,25,270,276.00,"74,520.00"
2019-05-26,2019052601008063,UPPER,38,4,50,277.00,"13,850.00"
2019-05-26,2019052601008057,UPPER,38,8,50,277.00,"13,850.00"
2019-05-26,2019052601008053,UPPER,38,34,50,277.00,"13,850.00"
2019-05-26,2019052601008095,UPPER,11,6,50,278.00,"13,900.00"
2019-05-26,2019052601008093,UPPER,43,8,40,277.00,"11,080.00"
2019-05-26,2019052601008081,UPPER,43,8,50,277.00,"13,850.00"
2019-05-26,2019052601008077,UPPER,43,40,40,277.00,"11,080.00"
2019-05-26,2019052601008076,UPPER,43,34,28,277.00,"7,756.00"
2019-05-26,2019052601008075,UPPER,38,34,22,277.00,"6,094.00"
2019-05-26,2019052601008198,UPPER,13,40,40,276.00,"11,040.00"
2019-05-26,2019052601008177,UPPER,13,29,40,276.00,"11,040.00"
2019-05-26,2019052601008167,UPPER,13,5,240,276.00,"66,240.00"
2019-05-26,2019052601008138,UPPER,13,40,40,276.00,"11,040.00"
2019-05-26,2019052601008124,UPPER,51,19,200,277.00,"55,400.00"
2019-05-26,2019052601008123,UPPER,43,19,142,277.00,"39,334.00"
2019-05-26,2019052601008211,UPPER,13,43,320,276.00,"88,320.00"
2019-05-26,2019052601008209,UPPER,33,14,50,277.00,"13,850.00"
2019-05-26,2019052601008208,UPPER,33,29,50,277.00,"13,850.00"
2019-05-26,2019052601008205,UPPER,33,17,40,277.00,"11,080.00"
2019-05-26,2019052601008203,UPPER,33,19,158,277.00,"43,766.00"
2019-05-26,2019052601008200,UPPER,13,5,50,276.00,"13,800.00"
2019-05-26,2019052601008217,UPPER,39,43,60,276.00,"16,560.00"
2019-05-26,2019052601008216,UPPER,6,43,100,276.00,"27,600.00"
2019-05-26,2019052601008215,UPPER,42,43,50,276.00,"13,800.00"
2019-05-26,2019052601008214,UPPER,29,43,300,276.00,"82,800.00"
2019-05-26,2019052601008213,UPPER,29,43,100,276.00,"27,600.00"
2019-05-26,2019052601008212,UPPER,43,43,200,276.00,"55,200.00"
2019-05-26,2019052601008223,UPPER,35,43,40,276.00,"11,040.00"
2019-05-26,2019052601008222,UPPER,50,43,100,276.00,"27,600.00"
2019-05-26,2019052601008221,UPPER,22,43,100,276.00,"27,600.00"
2019-05-26,2019052601008220,UPPER,29,43,300,276.00,"82,800.00"
2019-05-26,2019052601008219,UPPER,28,43,"1,500",276.00,"414,000.00"
2019-05-26,2019052601008218,UPPER,56,43,100,276.00,"27,600.00"
2019-05-26,2019052601008229,UPPER,45,43,500,275.00,"137,500.00"
2019-05-26,2019052601008228,UPPER,40,43,100,275.00,"27,500.00"
2019-05-26,2019052601008227,UPPER,33,43,"2,000",275.00,"550,000.00"
2019-05-26,2019052601008226,UPPER,59,43,"1,820",275.00,"500,500.00"
2019-05-26,2019052601008225,UPPER,43,43,50,275.00,"13,750.00"
2019-05-26,2019052601008224,UPPER,35,43,100,275.00,"27,500.00"
2019-05-26,2019052601008235,UPPER,29,43,500,275.00,"137,500.00"
2019-05-26,2019052601008234,UPPER,45,43,200,275.00,"55,000.00"
2019-05-26,2019052601008233,UPPER,41,43,100,275.00,"27,500.00"
2019-05-26,2019052601008232,UPPER,11,43,300,275.00,"82,500.00"
2019-05-26,2019052601008231,UPPER,7,43,200,275.00,"55,000.00"
2019-05-26,2019052601008230,UPPER,52,43,50,275.00,"13,750.00"
2019-05-26,2019052601008263,UPPER,50,43,"1,000",274.00,"274,000.00"
2019-05-26,2019052601008262,UPPER,50,43,500,274.00,"137,000.00"
2019-05-26,2019052601008261,UPPER,39,43,500,274.00,"137,000.00"
2019-05-26,2019052601008256,UPPER,42,43,100,275.00,"27,500.00"
2019-05-26,2019052601008237,UPPER,1,43,250,275.00,"68,750.00"
2019-05-26,2019052601008236,UPPER,37,43,100,275.00,"27,500.00"
2019-05-26,2019052601007336,AKPL,19,42,13,191.00,"2,483.00"
2019-05-26,2019052601007726,ALICL,17,16,80,421.00,"33,680.00"
2019-05-26,2019052601007705,ALICL,19,16,10,421.00,"4,210.00"
2019-05-26,2019052601007561,ALICL,35,16,150,421.00,"63,150.00"
2019-05-26,2019052601007710,API,42,1,29,156.00,"4,524.00"
2019-05-26,2019052601007349,API,58,38,99,155.00,"15,345.00"
2019-05-26,2019052601007295,API,58,1,29,155.00,"4,495.00"
2019-05-26,2019052601007599,BFC,26,21,80,103.00,"8,240.00"
2019-05-26,2019052601007756,BOKL,41,58,390,272.00,"106,080.00"
2019-05-26,2019052601007628,BOKL,37,58,100,272.00,"27,200.00"
2019-05-26,2019052601007605,BOKL,35,58,50,272.00,"13,600.00"
2019-05-26,2019052601007604,BOKL,8,58,500,272.00,"136,000.00"
2019-05-26,2019052601007603,BOKL,52,58,100,272.00,"27,200.00"
2019-05-26,2019052601007602,BOKL,29,58,200,272.00,"54,400.00"
2019-05-26,2019052601007470,BOKL,14,58,20,272.00,"5,440.00"
2019-05-26,2019052601007469,BOKL,47,58,200,272.00,"54,400.00"
2019-05-26,2019052601007601,BOKL,38,58,124,272.00,"33,728.00"
2019-05-26,2019052601007475,BOKL,38,58,376,272.00,"102,272.00"
2019-05-26,2019052601007474,BOKL,6,58,10,272.00,"2,720.00"
2019-05-26,2019052601007473,BOKL,32,58,300,272.00,"81,600.00"
2019-05-26,2019052601007472,BOKL,26,58,"1,000",272.00,"272,000.00"
2019-05-26,2019052601007471,BOKL,26,58,94,272.00,"25,568.00"
2019-05-26,2019052601007570,BPCL,38,34,14,421.00,"5,894.00"
2019-05-26,2019052601007568,BPCL,22,35,100,422.00,"42,200.00"
2019-05-26,2019052601007540,BPCL,38,38,22,421.00,"9,262.00"
2019-05-26,2019052601007533,BPCL,38,49,200,421.00,"84,200.00"
2019-05-26,2019052601007485,BPCL,38,46,11,421.00,"4,631.00"
2019-05-26,2019052601007462,BPCL,38,46,22,421.00,"9,262.00"
2019-05-26,2019052601007327,BPCL,45,1,67,421.00,"28,207.00"
2019-05-26,2019052601007457,BPCL,19,35,100,422.00,"42,200.00"
2019-05-26,2019052601007429,BPCL,38,54,11,421.00,"4,631.00"
2019-05-26,2019052601007396,BPCL,38,50,100,421.00,"42,100.00"
2019-05-26,2019052601007389,BPCL,38,54,11,421.00,"4,631.00"
2019-05-26,2019052601007374,BPCL,38,38,11,421.00,"4,631.00"
2019-05-26,2019052601007723,CBBL,42,48,40,950.00,"38,000.00"
2019-05-26,2019052601007768,CBL,45,22,100,147.00,"14,700.00"
2019-05-26,2019052601007542,CBL,28,45,255,148.00,"37,740.00"
2019-05-26,2019052601007362,CBL,45,56,200,147.00,"29,400.00"
2019-05-26,2019052601007667,CCBL,52,35,"2,384",168.00,"400,512.00"
2019-05-26,2019052601007544,CCBL,52,25,500,168.00,"84,000.00"
2019-05-26,2019052601007345,CCBL,52,52,7,168.00,"1,176.00"
2019-05-26,2019052601007693,CHCL,8,46,300,530.00,"159,000.00"
2019-05-26,2019052601007692,CHCL,56,46,67,530.00,"35,510.00"
2019-05-26,2019052601007597,CHCL,56,16,133,530.00,"70,490.00"
2019-05-26,2019052601007596,CHCL,33,16,75,530.00,"39,750.00"
2019-05-26,2019052601007595,CHCL,49,16,400,530.00,"212,000.00"
2019-05-26,2019052601007594,CHCL,36,16,20,530.00,"10,600.00"
2019-05-26,2019052601007581,CIT,32,58,81,"2,580.00","208,980.00"
2019-05-26,2019052601007580,CIT,17,58,200,"2,580.00","516,000.00"
2019-05-26,2019052601007579,CIT,43,58,50,"2,580.00","129,000.00"
2019-05-26,2019052601007578,CIT,57,58,50,"2,581.00","129,050.00"
2019-05-26,2019052601007577,CIT,51,58,50,"2,583.00","129,150.00"
2019-05-26,2019052601007576,CIT,38,58,50,"2,583.00","129,150.00"
2019-05-26,2019052601007575,CIT,51,58,29,"2,585.00","74,965.00"
2019-05-26,2019052601007574,CIT,19,58,15,"2,586.00","38,790.00"
2019-05-26,2019052601007498,CIT,51,58,25,"2,590.00","64,750.00"
2019-05-26,2019052601007497,CIT,22,58,50,"2,591.00","129,550.00"
2019-05-26,2019052601007629,CMF1,35,54,"1,300",9.90,"12,870.00"
2019-05-26,2019052601007420,CZBIL,29,54,10,226.00,"2,260.00"
2019-05-26,2019052601007395,CZBIL,29,38,10,226.00,"2,260.00"
2019-05-26,2019052601007302,CZBIL,5,17,800,227.00,"181,600.00"
2019-05-26,2019052601007301,CZBIL,4,17,"1,000",227.00,"227,000.00"
2019-05-26,2019052601007300,CZBIL,32,17,18,227.00,"4,086.00"
2019-05-26,2019052601007299,CZBIL,34,17,73,228.00,"16,644.00"
2019-05-26,2019052601007619,DBBL,6,38,100,148.00,"14,800.00"
2019-05-26,2019052601007618,DBBL,55,38,12,148.00,"1,776.00"
2019-05-26,2019052601007528,DBBL,55,59,60,148.00,"8,880.00"
2019-05-26,2019052601007351,DDBL,34,51,50,728.00,"36,400.00"
2019-05-26,2019052601007350,DDBL,6,51,100,729.00,"72,900.00"
2019-05-26,2019052601007716,EBL,49,26,240,660.00,"158,400.00"
2019-05-26,2019052601007673,EBL,49,39,50,660.00,"33,000.00"
2019-05-26,2019052601007709,EIC,56,34,100,429.00,"42,900.00"
2019-05-26,2019052601007593,GBBL,32,40,153,223.00,"34,119.00"
2019-05-26,2019052601007592,GBBL,32,7,147,223.00,"32,781.00"
2019-05-26,2019052601007382,GBBL,1,40,110,223.00,"24,530.00"
2019-05-26,2019052601007624,GBIME,34,42,106,307.00,"32,542.00"
2019-05-26,2019052601007610,GBIME,55,35,31,306.00,"9,486.00"
2019-05-26,2019052601007556,GBIME,40,22,50,307.00,"15,350.00"
2019-05-26,2019052601007555,GBIME,40,22,24,307.00,"7,368.00"
2019-05-26,2019052601007305,GBIME,17,22,78,307.00,"23,946.00"
2019-05-26,2019052601007476,GDBL,14,34,600,211.00,"126,600.00"
2019-05-26,2019052601007413,GDBL,53,45,202,211.00,"42,622.00"
2019-05-26,2019052601007415,GDBL,14,45,148,211.00,"31,228.00"
2019-05-26,2019052601007414,GDBL,11,45,100,211.00,"21,100.00"
2019-05-26,2019052601007648,GFCL,38,56,500,123.00,"61,500.00"
2019-05-26,2019052601007672,GLICL,22,51,100,554.00,"55,400.00"
2019-05-26,2019052601007589,GLICL,22,22,30,554.00,"16,620.00"
2019-05-26,2019052601007583,GLICL,22,38,50,554.00,"27,700.00"
2019-05-26,2019052601007431,GLICL,22,59,280,554.00,"155,120.00"
2019-05-26,2019052601007423,GLICL,25,56,10,555.00,"5,550.00"
2019-05-26,2019052601007733,HBL,34,26,102,581.00,"59,262.00"
2019-05-26,2019052601007732,HBL,38,26,30,581.00,"17,430.00"
2019-05-26,2019052601007731,HBL,56,26,300,582.00,"174,600.00"
2019-05-26,2019052601007730,HBL,1,26,100,582.00,"58,200.00"
2019-05-26,2019052601007729,HBL,25,26,200,582.00,"116,400.00"
2019-05-26,2019052601007728,HBL,6,26,13,582.00,"7,566.00"
2019-05-26,2019052601007665,HDL,29,29,100,"1,734.00","173,400.00"
2019-05-26,2019052601007503,HGI,1,41,460,380.00,"174,800.00"
2019-05-26,2019052601007502,HGI,16,41,50,380.00,"19,000.00"
2019-05-26,2019052601007501,HGI,28,41,40,381.00,"15,240.00"
2019-05-26,2019052601007500,HGI,42,41,100,381.00,"38,100.00"
2019-05-26,2019052601007478,HGI,13,45,70,381.00,"26,670.00"
2019-05-26,2019052601007427,HGI,13,41,130,381.00,"49,530.00"
2019-05-26,2019052601007670,HIDCL,36,17,145,165.00,"23,925.00"
2019-05-26,2019052601007669,HIDCL,26,17,14,165.00,"2,310.00"
2019-05-26,2019052601007671,HPPL,11,14,10,185.00,"1,850.00"
2019-05-26,2019052601007315,HPPL,11,1,10,185.00,"1,850.00"
2019-05-26,2019052601007759,HURJA,33,14,20,129.00,"2,580.00"
2019-05-26,2019052601007717,HURJA,33,38,20,129.00,"2,580.00"
2019-05-26,2019052601007620,HURJA,33,58,10,129.00,"1,290.00"
2019-05-26,2019052601007590,HURJA,33,50,20,129.00,"2,580.00"
2019-05-26,2019052601007486,HURJA,42,49,20,128.00,"2,560.00"
2019-05-26,2019052601007322,HURJA,42,45,20,130.00,"2,600.00"
2019-05-26,2019052601007321,HURJA,42,58,10,130.00,"1,300.00"
