Date,Transact. No.,Symbol,Buyer,Seller,Quantity,Rate,Amount
2020-02-27,2020022701035442,ADBL,28,17,480,467.00,"224,160.00"
2020-02-27,2020022701035441,ADBL,28,41,400,467.00,"186,800.00"
2020-02-27,2020022701035440,ADBL,28,33,"1,120",466.00,"521,920.00"
2020-02-27,2020022701035421,ADBL,39,33,100,466.00,"46,600.00"
2020-02-27,2020022701034980,ADBL,14,56,170,465.00,"79,050.00"
2020-02-27,2020022701035159,ADBL,14,33,780,466.00,"363,480.00"
2020-02-27,2020022701035158,ADBL,14,25,200,466.00,"93,200.00"
2020-02-27,2020022701035157,ADBL,14,58,20,466.00,"9,320.00"
2020-02-27,2020022701034981,ADBL,14,40,25,465.00,"11,625.00"
2020-02-27,2020022701035458,AHPC,22,48,433,102.00,"44,166.00"
2020-02-27,2020022701035457,AHPC,25,48,467,102.00,"47,634.00"
2020-02-27,2020022701035456,AHPC,56,48,100,104.00,"10,400.00"
2020-02-27,2020022701035099,AHPC,25,48,33,102.00,"3,366.00"
2020-02-27,2020022701035098,AHPC,46,48,"1,000",102.00,"102,000.00"
2020-02-27,2020022701035097,AHPC,56,48,"1,000",102.00,"102,000.00"
2020-02-27,2020022701035096,AHPC,29,48,706,102.00,"72,012.00"
2020-02-27,2020022701035095,AHPC,17,48,171,103.00,"17,613.00"
2020-02-27,2020022701035094,AHPC,33,48,90,104.00,"9,360.00"
2020-02-27,2020022701035035,AHPC,33,46,10,104.00,"1,040.00"
2020-02-27,2020022701035034,AHPC,41,46,10,104.00,"1,040.00"
2020-02-27,2020022701035136,ALBSL,16,22,11,862.00,"9,482.00"
2020-02-27,2020022701035467,ALICL,32,32,50,678.00,"33,900.00"
2020-02-27,2020022701035452,ALICL,42,32,500,678.00,"339,000.00"
2020-02-27,2020022701035444,ALICL,16,32,200,678.00,"135,600.00"
2020-02-27,2020022701035229,ALICL,52,33,"1,000",678.00,"678,000.00"
2020-02-27,2020022701035023,API,22,39,100,151.00,"15,100.00"
2020-02-27,2020022701034978,API,25,39,20,151.00,"3,020.00"
2020-02-27,2020022701035155,BNT,58,34,10,"8,568.00","85,680.00"
2020-02-27,2020022701035462,BOKL,38,11,50,284.00,"14,200.00"
2020-02-27,2020022701035348,BOKL,38,44,"1,536",284.00,"436,224.00"
2020-02-27,2020022701035347,BOKL,51,11,100,283.00,"28,300.00"
2020-02-27,2020022701035305,BOKL,33,44,500,284.00,"142,000.00"
2020-02-27,2020022701035209,BOKL,38,44,"1,000",284.00,"284,000.00"
2020-02-27,2020022701035208,BOKL,54,44,150,284.00,"42,600.00"
2020-02-27,2020022701035207,BOKL,50,44,164,284.00,"46,576.00"
2020-02-27,2020022701035206,BOKL,42,44,150,284.00,"42,600.00"
2020-02-27,2020022701035123,BOKL,54,6,220,286.00,"62,920.00"
2020-02-27,2020022701035122,BOKL,54,48,140,286.00,"40,040.00"
2020-02-27,2020022701035121,BOKL,54,43,140,286.00,"40,040.00"
2020-02-27,2020022701035050,BOKL,45,48,500,285.00,"142,500.00"
2020-02-27,2020022701035183,BPCL,13,7,100,399.00,"39,900.00"
2020-02-27,2020022701035182,BPCL,56,7,300,400.00,"120,000.00"
2020-02-27,2020022701035181,BPCL,16,7,50,400.00,"20,000.00"
2020-02-27,2020022701034983,BPCL,38,26,519,403.00,"209,157.00"
2020-02-27,2020022701035275,CBBL,6,54,732,"1,295.00","947,940.00"
2020-02-27,2020022701035274,CBBL,6,34,168,"1,288.00","216,384.00"
2020-02-27,2020022701035012,CBBL,38,34,50,"1,288.00","64,400.00"
2020-02-27,2020022701035011,CBBL,34,34,100,"1,288.00","128,800.00"
2020-02-27,2020022701035010,CBBL,51,34,43,"1,288.00","55,384.00"
2020-02-27,2020022701035009,CBBL,4,34,161,"1,292.00","208,012.00"
2020-02-27,2020022701035454,CBL,45,16,550,162.00,"89,100.00"
2020-02-27,2020022701035398,CBL,58,41,700,163.00,"114,100.00"
2020-02-27,2020022701035387,CBL,45,19,236,161.00,"37,996.00"
2020-02-27,2020022701035386,CBL,10,19,314,161.00,"50,554.00"
2020-02-27,2020022701035327,CBL,1,16,"1,000",162.00,"162,000.00"
2020-02-27,2020022701035210,CBL,10,41,10,163.00,"1,630.00"
2020-02-27,2020022701035432,CCBL,32,59,32,202.00,"6,464.00"
2020-02-27,2020022701035322,CCBL,6,4,500,203.00,"101,500.00"
2020-02-27,2020022701035135,CCBL,55,4,236,203.00,"47,908.00"
2020-02-27,2020022701035162,CIT,33,57,50,"3,033.00","151,650.00"
2020-02-27,2020022701035039,CIT,51,14,50,"3,027.00","151,350.00"
2020-02-27,2020022701035461,CLBSL,10,10,11,"1,422.00","15,642.00"
2020-02-27,2020022701035438,CLBSL,47,33,100,"1,450.00","145,000.00"
2020-02-27,2020022701035272,CLBSL,42,33,70,"1,450.00","101,500.00"
2020-02-27,2020022701035038,CLBSL,34,33,39,"1,450.00","56,550.00"
2020-02-27,2020022701035037,CLBSL,34,38,11,"1,449.00","15,939.00"
2020-02-27,2020022701035193,CMF1,7,22,"2,200",10.37,"22,814.00"
2020-02-27,2020022701035192,CMF1,7,44,"1,000",10.37,"10,370.00"
2020-02-27,2020022701035191,CMF1,7,58,"1,000",10.34,"10,340.00"
2020-02-27,2020022701035190,CMF1,7,38,"1,000",10.30,"10,300.00"
2020-02-27,2020022701035189,CMF1,7,38,"1,000",10.30,"10,300.00"
2020-02-27,2020022701035418,CZBIL,19,34,23,230.00,"5,290.00"
2020-02-27,2020022701035417,CZBIL,19,54,85,230.00,"19,550.00"
2020-02-27,2020022701035416,CZBIL,19,10,134,230.00,"30,820.00"
2020-02-27,2020022701035415,CZBIL,19,21,258,230.00,"59,340.00"
2020-02-27,2020022701035153,DDBL,59,57,66,"1,006.00","66,396.00"
2020-02-27,2020022701035152,DDBL,34,57,34,"1,008.00","34,272.00"
2020-02-27,2020022701035002,DDBL,34,35,166,"1,008.00","167,328.00"
2020-02-27,2020022701035001,DDBL,35,35,30,"1,010.00","30,300.00"
2020-02-27,2020022701035000,DDBL,54,35,200,"1,010.00","202,000.00"
2020-02-27,2020022701034999,DDBL,59,35,100,"1,010.00","101,000.00"
2020-02-27,2020022701034986,DDBL,51,35,200,"1,015.00","203,000.00"
2020-02-27,2020022701034985,DDBL,22,35,50,"1,015.00","50,750.00"
2020-02-27,2020022701034984,DDBL,47,35,70,"1,015.00","71,050.00"
2020-02-27,2020022701034992,DDBL,10,35,100,"1,011.00","101,100.00"
2020-02-27,2020022701034991,DDBL,6,35,100,"1,011.00","101,100.00"
2020-02-27,2020022701034990,DDBL,14,35,48,"1,012.00","48,576.00"
2020-02-27,2020022701034989,DDBL,32,35,200,"1,013.00","202,600.00"
2020-02-27,2020022701034988,DDBL,17,35,100,"1,014.00","101,400.00"
2020-02-27,2020022701034987,DDBL,45,35,70,"1,014.00","70,980.00"
2020-02-27,2020022701034998,DDBL,21,35,25,"1,010.00","25,250.00"
2020-02-27,2020022701034997,DDBL,25,35,500,"1,010.00","505,000.00"
2020-02-27,2020022701034996,DDBL,35,35,500,"1,010.00","505,000.00"
2020-02-27,2020022701034995,DDBL,10,35,50,"1,010.00","50,500.00"
2020-02-27,2020022701034994,DDBL,13,35,466,"1,010.00","470,660.00"
2020-02-27,2020022701034993,DDBL,1,35,200,"1,011.00","202,200.00"
2020-02-27,2020022701035228,EIC,38,57,300,473.00,"141,900.00"
2020-02-27,2020022701035156,EIC,41,35,50,472.00,"23,600.00"
2020-02-27,2020022701035151,EIC,41,51,200,472.00,"94,400.00"
2020-02-27,2020022701035376,FMDBL,57,55,24,667.00,"16,008.00"
2020-02-27,2020022701035375,FMDBL,38,55,126,668.00,"84,168.00"
2020-02-27,2020022701035134,FMDBL,6,58,200,671.00,"134,200.00"
2020-02-27,2020022701035026,FMDBL,57,58,50,671.00,"33,550.00"
2020-02-27,2020022701035437,FOWAD,53,5,10,"1,950.00","19,500.00"
2020-02-27,2020022701035368,FOWAD,45,25,207,"1,931.00","399,717.00"
2020-02-27,2020022701035337,FOWAD,51,5,50,"1,950.00","97,500.00"
2020-02-27,2020022701035336,FOWAD,51,5,50,"1,950.00","97,500.00"
2020-02-27,2020022701035269,GBBL,25,20,20,289.00,"5,780.00"
2020-02-27,2020022701035268,GBBL,25,40,39,287.00,"11,193.00"
2020-02-27,2020022701035267,GBBL,25,33,400,286.00,"114,400.00"
2020-02-27,2020022701035266,GBBL,25,45,100,285.00,"28,500.00"
2020-02-27,2020022701035265,GBBL,25,36,36,285.00,"10,260.00"
2020-02-27,2020022701035264,GBBL,25,1,100,285.00,"28,500.00"
2020-02-27,2020022701035263,GBBL,25,14,200,285.00,"57,000.00"
2020-02-27,2020022701035262,GBBL,25,4,"3,000",285.00,"855,000.00"
2020-02-27,2020022701035261,GBBL,25,33,89,285.00,"25,365.00"
2020-02-27,2020022701035329,GBIME,57,47,100,306.00,"30,600.00"
2020-02-27,2020022701035321,GBIME,59,52,384,304.00,"116,736.00"
2020-02-27,2020022701035320,GBIME,17,52,216,305.00,"65,880.00"
2020-02-27,2020022701035214,GBIME,17,7,52,305.00,"15,860.00"
2020-02-27,2020022701035213,GBIME,17,45,132,305.00,"40,260.00"
2020-02-27,2020022701035146,GBIME,22,45,368,305.00,"112,240.00"
2020-02-27,2020022701035102,GBIME,57,26,50,305.00,"15,250.00"
2020-02-27,2020022701035067,GBIME,35,26,100,305.00,"30,500.00"
2020-02-27,2020022701035145,GBIME,22,38,124,305.00,"37,820.00"
2020-02-27,2020022701035131,GBIME,42,38,800,305.00,"244,000.00"
2020-02-27,2020022701035130,GBIME,42,51,"1,000",305.00,"305,000.00"
2020-02-27,2020022701035129,GBIME,42,38,"1,000",305.00,"305,000.00"
2020-02-27,2020022701035128,GBIME,42,42,450,305.00,"137,250.00"
2020-02-27,2020022701035103,GBIME,57,42,50,305.00,"15,250.00"
2020-02-27,2020022701035407,GBLBS,42,4,50,615.00,"30,750.00"
2020-02-27,2020022701035406,GBLBS,26,4,50,615.00,"30,750.00"
2020-02-27,2020022701035405,GBLBS,34,4,200,615.00,"123,000.00"
2020-02-27,2020022701035404,GBLBS,3,4,100,617.00,"61,700.00"
2020-02-27,2020022701035403,GBLBS,57,4,50,618.00,"30,900.00"
2020-02-27,2020022701035402,GBLBS,11,4,150,618.00,"92,700.00"
2020-02-27,2020022701035138,GBLBS,13,59,50,617.00,"30,850.00"
2020-02-27,2020022701035020,GBLBS,41,59,100,617.00,"61,700.00"
2020-02-27,2020022701035366,GBLBS,13,20,200,620.00,"124,000.00"
2020-02-27,2020022701035319,GBLBS,11,57,50,618.00,"30,900.00"
2020-02-27,2020022701035301,GBLBS,17,57,300,618.00,"185,400.00"
2020-02-27,2020022701035299,GBLBS,48,57,50,618.00,"30,900.00"
2020-02-27,2020022701035245,GBLBS,13,59,50,617.00,"30,850.00"
2020-02-27,2020022701035194,GBLBS,16,4,"2,500",616.00,"1,540,000.00"
2020-02-27,2020022701035114,GILB,34,22,10,"1,599.00","15,990.00"
2020-02-27,2020022701035400,GLICL,34,34,89,"1,009.00","89,801.00"
2020-02-27,2020022701035355,GLICL,52,34,198,"1,004.00","198,792.00"
2020-02-27,2020022701035354,GLICL,39,34,15,"1,004.00","15,060.00"
2020-02-27,2020022701035353,GLICL,7,34,100,"1,005.00","100,500.00"
2020-02-27,2020022701035352,GLICL,35,34,100,"1,005.00","100,500.00"
2020-02-27,2020022701035351,GLICL,43,34,207,"1,005.00","208,035.00"
2020-02-27,2020022701035350,GLICL,57,34,50,"1,006.00","50,300.00"
2020-02-27,2020022701035335,GLICL,7,26,89,"1,008.00","89,712.00"
2020-02-27,2020022701035144,HBL,25,58,100,698.00,"69,800.00"
2020-02-27,2020022701035132,HBL,50,58,100,698.00,"69,800.00"
2020-02-27,2020022701035049,HBL,58,58,500,698.00,"349,000.00"
2020-02-27,2020022701035048,HBL,58,44,500,698.00,"349,000.00"
2020-02-27,2020022701035443,HDL,6,38,100,"1,809.00","180,900.00"
2020-02-27,2020022701035399,HDL,53,38,50,"1,809.00","90,450.00"
2020-02-27,2020022701035346,HDL,55,41,60,"1,804.00","108,240.00"
2020-02-27,2020022701035315,HDL,40,14,100,"1,808.00","180,800.00"
2020-02-27,2020022701035276,HDL,55,45,40,"1,804.00","72,160.00"
2020-02-27,2020022701035259,HDL,55,58,120,"1,804.00","216,480.00"
2020-02-27,2020022701035239,HDL,11,58,100,"1,804.00","180,400.00"
2020-02-27,2020022701035127,HDL,45,14,73,"1,800.00","131,400.00"
2020-02-27,2020022701035126,HDL,45,14,27,"1,800.00","48,600.00"
2020-02-27,2020022701035083,HDL,42,58,50,"1,804.00","90,200.00"
2020-02-27,2020022701035047,HDL,51,58,100,"1,804.00","180,400.00"
2020-02-27,2020022701035380,HIDCL,17,47,242,150.00,"36,300.00"
2020-02-27,2020022701035379,HIDCL,40,47,362,150.00,"54,300.00"
2020-02-27,2020022701035378,HIDCL,34,47,396,151.00,"59,796.00"
2020-02-27,2020022701035396,HPPL,45,17,10,162.00,"1,620.00"
2020-02-27,2020022701035241,HURJA,16,22,20,110.00,"2,200.00"
2020-02-27,2020022701035180,HURJA,16,16,20,112.00,"2,240.00"
2020-02-27,2020022701035179,HURJA,16,58,20,112.00,"2,240.00"
2020-02-27,2020022701035178,HURJA,16,39,20,112.00,"2,240.00"
2020-02-27,2020022701035177,HURJA,16,57,20,112.00,"2,240.00"
2020-02-27,2020022701035176,HURJA,16,39,20,111.00,"2,220.00"
2020-02-27,2020022701035175,HURJA,16,57,10,111.00,"1,110.00"
2020-02-27,2020022701035174,HURJA,16,42,10,111.00,"1,110.00"
2020-02-27,2020022701035455,ICFC,13,58,"1,400",207.00,"289,800.00"
2020-02-27,2020022701034971,IGI,53,56,200,512.00,"102,400.00"
2020-02-27,2020022701035149,ILBS,39,39,305,924.00,"281,820.00"
2020-02-27,2020022701035374,JBBL,46,48,"1,400",214.00,"299,600.00"
2020-02-27,2020022701035022,JSLBB,11,46,20,"1,920.00","38,400.00"
2020-02-27,2020022701035021,JSLBB,11,51,100,"1,920.00","192,000.00"
2020-02-27,2020022701035448,KBL,51,19,"1,000",228.00,"228,000.00"
2020-02-27,2020022701035436,KBL,50,38,500,227.00,"113,500.00"
2020-02-27,2020022701035395,KBL,58,42,"6,460",229.00,"1,479,340.00"
2020-02-27,2020022701035394,KBL,58,10,100,229.00,"22,900.00"
2020-02-27,2020022701035393,KBL,58,54,300,229.00,"68,700.00"
2020-02-27,2020022701035392,KBL,58,33,100,229.00,"22,900.00"
2020-02-27,2020022701035233,KBL,39,52,"1,000",228.00,"228,000.00"
2020-02-27,2020022701035232,KBL,39,43,"3,000",228.00,"684,000.00"
2020-02-27,2020022701035231,KBL,39,56,100,228.00,"22,800.00"
2020-02-27,2020022701035125,KBL,39,50,"1,000",227.00,"227,000.00"
2020-02-27,2020022701035124,KBL,39,6,20,227.00,"4,540.00"
2020-02-27,2020022701035391,KBL,58,17,40,229.00,"9,160.00"
2020-02-27,2020022701035302,KBL,34,17,10,229.00,"2,290.00"
2020-02-27,2020022701035237,KBL,39,34,900,228.00,"205,200.00"
2020-02-27,2020022701035236,KBL,39,34,"1,000",228.00,"228,000.00"
2020-02-27,2020022701035235,KBL,39,48,100,228.00,"22,800.00"
2020-02-27,2020022701035234,KBL,39,39,100,228.00,"22,800.00"
2020-02-27,2020022701035411,KMCDB,28,26,10,"1,097.00","10,970.00"
2020-02-27,2020022701035161,KMCDB,37,33,50,"1,082.00","54,100.00"
2020-02-27,2020022701035041,KMCDB,19,33,17,"1,083.00","18,411.00"
2020-02-27,2020022701035040,KMCDB,32,33,33,"1,085.00","35,805.00"
2020-02-27,2020022701035447,KSBBL,56,33,10,190.00,"1,900.00"
2020-02-27,2020022701035271,KSBBL,59,17,500,191.00,"95,500.00"
2020-02-27,2020022701034972,KSBBL,56,11,100,191.00,"19,100.00"
2020-02-27,2020022701035420,LBL,39,48,10,267.00,"2,670.00"
2020-02-27,2020022701035419,LBL,39,5,50,267.00,"13,350.00"
2020-02-27,2020022701035446,LGIL,17,22,150,567.00,"85,050.00"
2020-02-27,2020022701035445,LGIL,26,22,50,568.00,"28,400.00"
2020-02-27,2020022701035199,LGIL,37,49,300,570.00,"171,000.00"
2020-02-27,2020022701035045,LGIL,41,49,500,570.00,"285,000.00"
2020-02-27,2020022701035014,LGIL,28,49,500,570.00,"285,000.00"
2020-02-27,2020022701035216,MBL,33,45,"1,848",283.00,"522,984.00"
2020-02-27,2020022701035173,MBL,39,58,500,284.00,"142,000.00"
2020-02-27,2020022701035120,MDB,38,20,62,414.00,"25,668.00"
2020-02-27,2020022701035119,MDB,38,20,"1,000",414.00,"414,000.00"
2020-02-27,2020022701035118,MDB,47,20,500,415.00,"207,500.00"
2020-02-27,2020022701035117,MDB,41,20,20,415.00,"8,300.00"
2020-02-27,2020022701035116,MDB,38,20,"1,000",416.00,"416,000.00"
2020-02-27,2020022701035115,MDB,28,20,70,419.00,"29,330.00"
2020-02-27,2020022701035220,MEGA,36,57,500,254.00,"127,000.00"
2020-02-27,2020022701035219,MEGA,48,57,50,254.00,"12,700.00"
2020-02-27,2020022701035218,MEGA,52,57,100,254.00,"25,400.00"
2020-02-27,2020022701035217,MEGA,36,57,500,254.00,"127,000.00"
2020-02-27,2020022701035143,MEGA,22,11,100,255.00,"25,500.00"
2020-02-27,2020022701035142,MEGA,33,11,60,255.00,"15,300.00"
2020-02-27,2020022701035244,MERO,47,38,20,794.00,"15,880.00"
2020-02-27,2020022701035243,MERO,47,39,15,794.00,"11,910.00"
2020-02-27,2020022701035242,MERO,47,54,22,790.00,"17,380.00"
2020-02-27,2020022701035434,MNBBL,13,22,50,390.00,"19,500.00"
2020-02-27,2020022701035433,MNBBL,7,22,10,390.00,"3,900.00"
2020-02-27,2020022701035160,MNBBL,36,4,306,386.00,"118,116.00"
2020-02-27,2020022701035032,MNBBL,36,7,73,386.00,"28,178.00"
2020-02-27,2020022701035031,MNBBL,6,7,20,386.00,"7,720.00"
2020-02-27,2020022701035030,MNBBL,13,7,100,386.00,"38,600.00"
2020-02-27,2020022701035029,MNBBL,32,7,89,387.00,"34,443.00"
2020-02-27,2020022701035028,MNBBL,42,7,200,388.00,"77,600.00"
2020-02-27,2020022701035027,MNBBL,57,7,126,388.00,"48,888.00"
2020-02-27,2020022701035289,MSMBS,42,32,421,912.00,"383,952.00"
2020-02-27,2020022701035288,MSMBS,46,32,79,913.00,"72,127.00"
2020-02-27,2020022701035033,MSMBS,25,42,10,927.00,"9,270.00"
2020-02-27,2020022701035113,NABIL,33,17,96,955.00,"91,680.00"
2020-02-27,2020022701035112,NABIL,33,51,50,955.00,"47,750.00"
2020-02-27,2020022701035111,NABIL,33,46,15,955.00,"14,325.00"
2020-02-27,2020022701035110,NABIL,33,7,10,955.00,"9,550.00"
2020-02-27,2020022701035109,NABIL,33,29,347,955.00,"331,385.00"
2020-02-27,2020022701035108,NABIL,33,57,20,952.00,"19,040.00"
2020-02-27,2020022701034976,NABIL,19,53,100,951.00,"95,100.00"
2020-02-27,2020022701035107,NABIL,33,56,35,952.00,"33,320.00"
2020-02-27,2020022701035106,NABIL,33,3,200,951.00,"190,200.00"
2020-02-27,2020022701035105,NABIL,33,38,127,950.00,"120,650.00"
2020-02-27,2020022701035104,NABIL,33,55,100,949.00,"94,900.00"
2020-02-27,2020022701034982,NABIL,45,38,23,950.00,"21,850.00"
2020-02-27,2020022701034977,NABIL,19,3,300,951.00,"285,300.00"
2020-02-27,2020022701035425,NBB,25,16,200,250.00,"50,000.00"
2020-02-27,2020022701035424,NBB,25,41,100,250.00,"25,000.00"
2020-02-27,2020022701035423,NBB,25,1,200,250.00,"50,000.00"
2020-02-27,2020022701035413,NBB,56,1,100,250.00,"25,000.00"
2020-02-27,2020022701035390,NBB,10,1,100,250.00,"25,000.00"
2020-02-27,2020022701035056,NBB,56,42,"5,100",249.00,"1,269,900.00"
2020-02-27,2020022701035055,NBB,56,14,71,249.00,"17,679.00"
2020-02-27,2020022701035019,NBB,48,6,67,248.00,"16,616.00"
2020-02-27,2020022701035062,NBB,56,8,200,249.00,"49,800.00"
2020-02-27,2020022701035061,NBB,56,56,85,249.00,"21,165.00"
2020-02-27,2020022701035060,NBB,56,52,50,249.00,"12,450.00"
2020-02-27,2020022701035059,NBB,56,45,"1,200",249.00,"298,800.00"
2020-02-27,2020022701035058,NBB,56,34,"1,000",249.00,"249,000.00"
2020-02-27,2020022701035057,NBB,56,17,50,249.00,"12,450.00"
2020-02-27,2020022701035085,NBB,46,39,50,249.00,"12,450.00"
2020-02-27,2020022701035084,NBB,46,10,"1,406",249.00,"350,094.00"
2020-02-27,2020022701035066,NBB,56,10,"1,594",249.00,"396,906.00"
2020-02-27,2020022701035065,NBB,56,56,400,249.00,"99,600.00"
2020-02-27,2020022701035064,NBB,56,21,200,249.00,"49,800.00"
2020-02-27,2020022701035063,NBB,56,4,50,249.00,"12,450.00"
2020-02-27,2020022701035460,NBL,33,22,50,315.00,"15,750.00"
2020-02-27,2020022701035459,NBL,33,16,150,315.00,"47,250.00"
2020-02-27,2020022701035358,NBL,52,16,200,315.00,"63,000.00"
2020-02-27,2020022701035357,NBL,44,16,100,315.00,"31,500.00"
2020-02-27,2020022701035356,NBL,58,16,50,315.00,"15,750.00"
2020-02-27,2020022701035188,NBL,58,16,150,315.00,"47,250.00"
2020-02-27,2020022701035187,NBL,48,16,200,315.00,"63,000.00"
2020-02-27,2020022701035186,NBL,22,16,50,315.00,"15,750.00"
2020-02-27,2020022701035185,NBL,22,16,400,315.00,"126,000.00"
2020-02-27,2020022701035465,NCCB,56,55,25,224.00,"5,600.00"
2020-02-27,2020022701035464,NCCB,56,6,"1,000",223.00,"223,000.00"
2020-02-27,2020022701035463,NCCB,56,6,475,223.00,"105,925.00"
2020-02-27,2020022701035165,NCCB,56,6,25,223.00,"5,575.00"
2020-02-27,2020022701035164,NCCB,56,50,45,223.00,"10,035.00"
2020-02-27,2020022701035163,NCCB,56,25,30,223.00,"6,690.00"
2020-02-27,2020022701035074,NCCB,56,25,10,223.00,"2,230.00"
2020-02-27,2020022701035260,NGPL,56,42,348,139.00,"48,372.00"
2020-02-27,2020022701035359,NHDL,33,45,10,170.00,"1,700.00"
2020-02-27,2020022701035414,NIB,22,35,20,484.00,"9,680.00"
2020-02-27,2020022701035230,NIB,57,6,200,485.00,"97,000.00"
2020-02-27,2020022701035412,NICA,44,58,50,660.00,"33,000.00"
2020-02-27,2020022701035373,NICA,58,34,200,663.00,"132,600.00"
2020-02-27,2020022701035372,NICA,58,19,100,661.00,"66,100.00"
2020-02-27,2020022701035371,NICA,58,16,50,660.00,"33,000.00"
2020-02-27,2020022701035370,NICA,58,45,500,658.00,"329,000.00"
2020-02-27,2020022701035369,NICA,58,28,150,657.00,"98,550.00"
2020-02-27,2020022701035170,NICA,51,50,70,647.00,"45,290.00"
2020-02-27,2020022701035169,NICA,50,50,80,648.00,"51,840.00"
2020-02-27,2020022701035101,NICA,58,58,200,650.00,"130,000.00"
2020-02-27,2020022701035100,NICA,25,58,50,650.00,"32,500.00"
2020-02-27,2020022701035024,NICA,58,50,300,653.00,"195,900.00"
2020-02-27,2020022701035345,NICA,58,28,350,657.00,"229,950.00"
2020-02-27,2020022701035344,NICA,58,59,500,655.00,"327,500.00"
2020-02-27,2020022701035343,NICA,58,34,300,655.00,"196,500.00"
2020-02-27,2020022701035342,NICA,58,50,200,653.00,"130,600.00"
2020-02-27,2020022701035204,NICA,58,58,"2,250",650.00,"1,462,500.00"
2020-02-27,2020022701035200,NICA,48,58,500,650.00,"325,000.00"
2020-02-27,2020022701035203,NICL,35,47,490,519.00,"254,310.00"
2020-02-27,2020022701035202,NICL,38,47,100,520.00,"52,000.00"
2020-02-27,2020022701035076,NICL,57,32,900,521.00,"468,900.00"
2020-02-27,2020022701035278,NIL,35,28,100,673.00,"67,300.00"
2020-02-27,2020022701035087,NIL,7,43,100,673.00,"67,300.00"
2020-02-27,2020022701035324,NLBBL,38,45,10,900.00,"9,000.00"
2020-02-27,2020022701035328,NLG,41,44,20,733.00,"14,660.00"
2020-02-27,2020022701035073,NLG,42,32,845,728.00,"615,160.00"
2020-02-27,2020022701035466,NLIC,34,51,50,"1,463.00","73,150.00"
2020-02-27,2020022701035453,NLIC,34,19,211,"1,463.00","308,693.00"
2020-02-27,2020022701035338,NLIC,34,5,100,"1,462.00","146,200.00"
2020-02-27,2020022701035141,NLIC,6,17,22,"1,460.00","32,120.00"
2020-02-27,2020022701035052,NLIC,6,59,21,"1,460.00","30,660.00"
2020-02-27,2020022701035449,NLICL,52,55,485,851.00,"412,735.00"
2020-02-27,2020022701035291,NLICL,52,8,590,852.00,"502,680.00"
2020-02-27,2020022701035068,NLICL,52,17,500,850.00,"425,000.00"
2020-02-27,2020022701035430,NMB,53,10,399,498.00,"198,702.00"
2020-02-27,2020022701035429,NMB,53,50,601,498.00,"299,298.00"
2020-02-27,2020022701035341,NMB,38,58,200,499.00,"99,800.00"
2020-02-27,2020022701035287,NMB,42,58,50,499.00,"24,950.00"
2020-02-27,2020022701035280,NMB,26,58,200,499.00,"99,800.00"
2020-02-27,2020022701035277,NMB,53,58,500,499.00,"249,500.00"
2020-02-27,2020022701035005,NMB,17,46,80,497.00,"39,760.00"
2020-02-27,2020022701035004,NMB,41,46,500,497.00,"248,500.00"
2020-02-27,2020022701035003,NMB,45,46,85,498.00,"42,330.00"
2020-02-27,2020022701035212,NMB,53,19,300,497.00,"149,100.00"
2020-02-27,2020022701035211,NMB,33,19,200,498.00,"99,600.00"
2020-02-27,2020022701035150,NMB,19,58,300,499.00,"149,700.00"
2020-02-27,2020022701035008,NMB,58,46,275,496.00,"136,400.00"
2020-02-27,2020022701035007,NMB,34,46,60,497.00,"29,820.00"
2020-02-27,2020022701035006,NMB,55,46,"1,000",497.00,"497,000.00"
2020-02-27,2020022701035053,NMBHF1,47,52,"8,322",9.90,"82,387.80"
2020-02-27,2020022701035435,NTC,6,43,266,719.00,"191,254.00"
2020-02-27,2020022701034979,NTC,6,19,340,719.00,"244,460.00"
2020-02-27,2020022701035201,OHL,42,22,10,529.00,"5,290.00"
2020-02-27,2020022701035330,PCBL,14,35,500,335.00,"167,500.00"
2020-02-27,2020022701035325,PCBL,35,35,200,335.00,"67,000.00"
2020-02-27,2020022701035314,PCBL,52,35,500,335.00,"167,500.00"
2020-02-27,2020022701035313,PCBL,14,35,"1,000",335.00,"335,000.00"
2020-02-27,2020022701035312,PCBL,22,35,250,335.00,"83,750.00"
2020-02-27,2020022701035311,PCBL,5,35,500,335.00,"167,500.00"
2020-02-27,2020022701035310,PCBL,59,35,200,335.00,"67,000.00"
2020-02-27,2020022701035309,PCBL,32,35,"1,000",335.00,"335,000.00"
2020-02-27,2020022701035222,PCBL,25,35,100,336.00,"33,600.00"
2020-02-27,2020022701035086,PCBL,33,35,200,336.00,"67,200.00"
2020-02-27,2020022701035051,PCBL,6,35,400,336.00,"134,400.00"
2020-02-27,2020022701035428,PFL,13,16,50,170.00,"8,500.00"
2020-02-27,2020022701035240,PIC,33,6,50,715.00,"35,750.00"
2020-02-27,2020022701035364,PLIC,22,22,100,687.00,"68,700.00"
2020-02-27,2020022701035308,PLIC,38,4,500,690.00,"345,000.00"
2020-02-27,2020022701035307,PLIC,38,4,100,690.00,"69,000.00"
2020-02-27,2020022701035140,PLIC,55,55,200,688.00,"137,600.00"
2020-02-27,2020022701035326,PPCL,40,22,30,130.00,"3,900.00"
2020-02-27,2020022701035303,PRIN,32,7,50,519.00,"25,950.00"
2020-02-27,2020022701035205,PRIN,51,46,209,517.00,"108,053.00"
2020-02-27,2020022701035044,PRIN,51,32,124,517.00,"64,108.00"
2020-02-27,2020022701035043,PRIN,32,32,50,518.00,"25,900.00"
2020-02-27,2020022701035042,PRIN,46,32,26,518.00,"13,468.00"
2020-02-27,2020022701035292,PROFL,34,28,10,115.00,"1,150.00"
2020-02-27,2020022701035331,PRVU,35,58,100,284.00,"28,400.00"
2020-02-27,2020022701035323,PRVU,34,58,850,284.00,"241,400.00"
2020-02-27,2020022701035285,PRVU,52,8,900,285.00,"256,500.00"
2020-02-27,2020022701035284,PRVU,52,26,"1,000",285.00,"285,000.00"
2020-02-27,2020022701035283,PRVU,52,14,200,285.00,"57,000.00"
2020-02-27,2020022701035282,PRVU,52,49,550,285.00,"156,750.00"
2020-02-27,2020022701035137,PRVU,58,59,62,283.00,"17,546.00"
2020-02-27,2020022701035025,PRVU,58,51,543,283.00,"153,669.00"
2020-02-27,2020022701035223,PRVU,34,54,"1,630",284.00,"462,920.00"
2020-02-27,2020022701035198,PRVU,45,54,370,284.00,"105,080.00"
2020-02-27,2020022701035197,PRVU,45,35,200,284.00,"56,800.00"
2020-02-27,2020022701035196,PRVU,45,36,350,284.00,"99,400.00"
2020-02-27,2020022701035195,PRVU,45,33,80,284.00,"22,720.00"
2020-02-27,2020022701035281,PRVU,52,1,350,285.00,"99,750.00"
2020-02-27,2020022701035279,PRVU,34,6,150,284.00,"42,600.00"
2020-02-27,2020022701035227,PRVU,34,51,500,284.00,"142,000.00"
2020-02-27,2020022701035226,PRVU,34,38,465,284.00,"132,060.00"
2020-02-27,2020022701035225,PRVU,34,39,100,284.00,"28,400.00"
2020-02-27,2020022701035224,PRVU,34,13,40,284.00,"11,360.00"
2020-02-27,2020022701035385,RBCL,6,46,20,"12,154.00","243,080.00"
2020-02-27,2020022701035384,RBCL,34,46,10,"12,155.00","121,550.00"
2020-02-27,2020022701035383,RBCL,34,46,20,"12,170.00","243,400.00"
2020-02-27,2020022701035382,RBCL,48,46,10,"12,170.00","121,700.00"
2020-02-27,2020022701035381,RBCL,35,46,10,"12,180.00","121,800.00"
2020-02-27,2020022701035154,RBCLPO,35,58,10,"10,650.00","106,500.00"
2020-02-27,2020022701035397,RHPC,25,29,50,95.00,"4,750.00"
2020-02-27,2020022701035365,RHPL,57,22,40,169.00,"6,760.00"
2020-02-27,2020022701035168,RSDC,42,51,100,650.00,"65,000.00"
2020-02-27,2020022701034975,RSDC,57,51,383,650.00,"248,950.00"
2020-02-27,2020022701034974,RSDC,57,14,117,650.00,"76,050.00"
2020-02-27,2020022701035410,SADBL,34,38,381,188.00,"71,628.00"
2020-02-27,2020022701035238,SADBL,34,38,100,188.00,"18,800.00"
2020-02-27,2020022701035070,SADBL,45,38,67,188.00,"12,596.00"
2020-02-27,2020022701035069,SADBL,45,39,133,188.00,"25,004.00"
2020-02-27,2020022701035389,SANIMA,14,4,14,424.00,"5,936.00"
2020-02-27,2020022701035388,SANIMA,14,46,86,424.00,"36,464.00"
2020-02-27,2020022701035377,SANIMA,57,46,200,424.00,"84,800.00"
2020-02-27,2020022701035360,SANIMA,52,46,200,424.00,"84,800.00"
2020-02-27,2020022701035273,SANIMA,35,25,200,423.00,"84,600.00"
2020-02-27,2020022701035221,SANIMA,56,46,100,424.00,"42,400.00"
2020-02-27,2020022701035013,SANIMA,35,57,500,423.00,"211,500.00"
2020-02-27,2020022701035451,SBI,48,39,17,542.00,"9,214.00"
2020-02-27,2020022701035450,SBI,25,39,340,542.00,"184,280.00"
2020-02-27,2020022701035304,SBL,22,1,500,381.00,"190,500.00"
2020-02-27,2020022701035293,SBL,50,34,67,380.00,"25,460.00"
2020-02-27,2020022701035018,SBL,50,34,433,380.00,"164,540.00"
2020-02-27,2020022701035017,SBL,50,38,157,380.00,"59,660.00"
2020-02-27,2020022701035016,SBL,50,17,"1,000",380.00,"380,000.00"
2020-02-27,2020022701035015,SBL,50,22,410,380.00,"155,800.00"
2020-02-27,2020022701035422,SCB,54,51,10,837.00,"8,370.00"
2020-02-27,2020022701035349,SCB,54,46,20,836.00,"16,720.00"
2020-02-27,2020022701035215,SCB,45,25,500,835.00,"417,500.00"
2020-02-27,2020022701035258,SHINE,4,20,40,332.00,"13,280.00"
2020-02-27,2020022701035257,SHINE,4,33,500,332.00,"166,000.00"
2020-02-27,2020022701035256,SHINE,4,34,462,332.00,"153,384.00"
2020-02-27,2020022701035255,SHINE,4,6,"2,547",332.00,"845,604.00"
2020-02-27,2020022701035254,SHINE,4,28,136,331.00,"45,016.00"
2020-02-27,2020022701035253,SHINE,4,48,500,331.00,"165,500.00"
2020-02-27,2020022701035246,SHINE,4,16,14,329.00,"4,606.00"
2020-02-27,2020022701035252,SHINE,4,34,100,330.00,"33,000.00"
2020-02-27,2020022701035251,SHINE,4,14,235,330.00,"77,550.00"
2020-02-27,2020022701035250,SHINE,4,4,500,330.00,"165,000.00"
2020-02-27,2020022701035249,SHINE,4,4,500,330.00,"165,000.00"
2020-02-27,2020022701035248,SHINE,4,4,47,330.00,"15,510.00"
2020-02-27,2020022701035247,SHINE,4,28,"1,000",329.00,"329,000.00"
2020-02-27,2020022701035439,SHIVM,4,52,"1,000",709.00,"709,000.00"
2020-02-27,2020022701035340,SHIVM,45,52,50,709.00,"35,450.00"
2020-02-27,2020022701035339,SHIVM,45,34,150,708.00,"106,200.00"
2020-02-27,2020022701035298,SHIVM,34,45,230,702.00,"161,460.00"
2020-02-27,2020022701035297,SHIVM,50,45,50,704.00,"35,200.00"
2020-02-27,2020022701035296,SHIVM,16,45,120,704.00,"84,480.00"
2020-02-27,2020022701035077,SHIVM,4,58,"1,000",706.00,"706,000.00"
2020-02-27,2020022701035295,SHIVM,16,45,100,705.00,"70,500.00"
2020-02-27,2020022701035082,SHIVM,4,52,17,709.00,"12,053.00"
2020-02-27,2020022701035081,SHIVM,4,41,50,708.00,"35,400.00"
2020-02-27,2020022701035080,SHIVM,4,53,500,708.00,"354,000.00"
2020-02-27,2020022701035079,SHIVM,4,5,433,708.00,"306,564.00"
2020-02-27,2020022701035078,SHIVM,4,58,"1,000",707.00,"707,000.00"
2020-02-27,2020022701035133,SHPC,56,25,"2,400",252.00,"604,800.00"
2020-02-27,2020022701034973,SHPC,55,25,500,253.00,"126,500.00"
2020-02-27,2020022701035361,SIC,35,58,93,831.00,"77,283.00"
2020-02-27,2020022701035172,SIC,16,51,75,830.00,"62,250.00"
2020-02-27,2020022701035171,SIC,34,51,20,830.00,"16,600.00"
2020-02-27,2020022701035072,SIFC,6,38,185,172.00,"31,820.00"
2020-02-27,2020022701035071,SIFC,17,38,49,173.00,"8,477.00"
2020-02-27,2020022701035367,SINDU,4,29,50,150.00,"7,500.00"
2020-02-27,2020022701035334,SKBBL,41,22,250,"1,330.00","332,500.00"
2020-02-27,2020022701035333,SKBBL,17,22,50,"1,330.00","66,500.00"
2020-02-27,2020022701035332,SKBBL,32,22,185,"1,330.00","246,050.00"
2020-02-27,2020022701035294,SLBBL,34,57,10,"1,020.00","10,200.00"
2020-02-27,2020022701034970,SLBBL,43,34,100,"1,008.00","100,800.00"
2020-02-27,2020022701035166,SLBSL,38,22,10,"1,025.00","10,250.00"
2020-02-27,2020022701035401,SLICL,52,56,50,553.00,"27,650.00"
2020-02-27,2020022701035184,SLICL,11,56,200,553.00,"110,600.00"
2020-02-27,2020022701035147,SLICL,25,35,100,552.00,"55,200.00"
2020-02-27,2020022701035139,SLICL,26,16,93,550.00,"51,150.00"
2020-02-27,2020022701035362,SMATA,35,29,50,886.00,"44,300.00"
2020-02-27,2020022701035088,SMB,34,38,30,"1,068.00","32,040.00"
2020-02-27,2020022701035093,SMB,34,22,10,"1,080.00","10,800.00"
2020-02-27,2020022701035092,SMB,34,58,10,"1,070.00","10,700.00"
2020-02-27,2020022701035091,SMB,34,51,10,"1,070.00","10,700.00"
2020-02-27,2020022701035090,SMB,34,50,10,"1,070.00","10,700.00"
2020-02-27,2020022701035089,SMB,34,40,10,"1,069.00","10,690.00"
2020-02-27,2020022701035306,SMFBS,34,51,10,"1,326.00","13,260.00"
2020-02-27,2020022701035290,SRBL,56,45,100,299.00,"29,900.00"
2020-02-27,2020022701035046,SRBL,26,45,31,300.00,"9,300.00"
2020-02-27,2020022701034969,SRBL,26,16,500,300.00,"150,000.00"
2020-02-27,2020022701034968,SRBL,26,11,200,300.00,"60,000.00"
2020-02-27,2020022701035148,TMDBL,56,56,10,222.00,"2,220.00"
2020-02-27,2020022701035075,TMDBL,14,57,990,220.00,"217,800.00"
2020-02-27,2020022701035427,UIC,34,42,305,431.00,"131,455.00"
2020-02-27,2020022701035426,UIC,38,42,222,432.00,"95,904.00"
2020-02-27,2020022701035363,UIC,34,43,20,434.00,"8,680.00"
2020-02-27,2020022701035286,UIC,34,43,20,434.00,"8,680.00"
2020-02-27,2020022701035167,UIC,34,43,20,434.00,"8,680.00"
2020-02-27,2020022701035054,UIC,38,38,28,432.00,"12,096.00"
2020-02-27,2020022701035409,UMHL,6,59,14,116.00,"1,624.00"
2020-02-27,2020022701035408,UMHL,6,58,14,116.00,"1,624.00"
2020-02-27,2020022701035270,UPCL,16,19,10,89.00,890.00
2020-02-27,2020022701035036,UPCL,26,14,50,88.00,"4,400.00"
2020-02-27,2020022701035318,UPPER,47,56,45,250.00,"11,250.00"
2020-02-27,2020022701035317,UPPER,22,56,235,250.00,"58,750.00"
2020-02-27,2020022701035316,UPPER,11,56,150,251.00,"37,650.00"
2020-02-27,2020022701035300,UPPER,6,19,97,252.00,"24,444.00"
2020-02-27,2020022701035431,WOMI,38,35,500,"1,350.00","675,000.00"
2020-02-27,2020022701034920,ADBL,14,56,830,465.00,"385,950.00"
2020-02-27,2020022701034919,ADBL,14,11,50,465.00,"23,250.00"
2020-02-27,2020022701034918,ADBL,14,22,220,465.00,"102,300.00"
2020-02-27,2020022701034917,ADBL,14,14,"1,000",464.00,"464,000.00"
2020-02-27,2020022701034916,ADBL,14,41,50,464.00,"23,200.00"
2020-02-27,2020022701034915,ADBL,14,40,850,464.00,"394,400.00"
2020-02-27,2020022701034469,ADBL,42,40,500,464.00,"232,000.00"
2020-02-27,2020022701034883,ADBL,14,40,"1,000",464.00,"464,000.00"
2020-02-27,2020022701034790,ADBL,25,40,100,464.00,"46,400.00"
2020-02-27,2020022701034880,AKPL,6,11,59,139.00,"8,201.00"
2020-02-27,2020022701034827,ALBSL,16,25,11,862.00,"9,482.00"
2020-02-27,2020022701034750,ALBSL,11,35,20,868.00,"17,360.00"
2020-02-27,2020022701034516,ALBSL,19,35,50,868.00,"43,400.00"
2020-02-27,2020022701034746,ALICL,6,17,50,680.00,"34,000.00"
2020-02-27,2020022701034745,ALICL,6,32,100,677.00,"67,700.00"
2020-02-27,2020022701034559,ALICL,51,32,200,677.00,"135,400.00"
2020-02-27,2020022701034487,ALICL,25,17,100,680.00,"68,000.00"
2020-02-27,2020022701034860,API,47,1,"1,000",150.00,"150,000.00"
2020-02-27,2020022701034958,BOKL,54,43,175,286.00,"50,050.00"
2020-02-27,2020022701034834,BOKL,25,43,100,286.00,"28,600.00"
2020-02-27,2020022701034697,BOKL,42,26,850,284.00,"241,400.00"
2020-02-27,2020022701034696,BOKL,50,26,150,284.00,"42,600.00"
2020-02-27,2020022701034695,BOKL,58,26,200,284.00,"56,800.00"
2020-02-27,2020022701034694,BOKL,52,26,300,284.00,"85,200.00"
2020-02-27,2020022701034609,BOKL,50,43,239,286.00,"68,354.00"
2020-02-27,2020022701034608,BOKL,50,13,761,285.00,"216,885.00"
2020-02-27,2020022701034591,BOKL,33,13,500,285.00,"142,500.00"
2020-02-27,2020022701034912,BPCL,38,51,350,403.00,"141,050.00"
2020-02-27,2020022701034911,BPCL,38,6,11,402.00,"4,422.00"
2020-02-27,2020022701034910,BPCL,38,52,120,402.00,"48,240.00"
2020-02-27,2020022701034924,CBBL,4,32,250,"1,292.00","323,000.00"
2020-02-27,2020022701034791,CBBL,4,57,100,"1,292.00","129,200.00"
2020-02-27,2020022701034787,CBBL,34,54,50,"1,295.00","64,750.00"
2020-02-27,2020022701034629,CBL,10,58,30,161.00,"4,830.00"
2020-02-27,2020022701034557,CBL,49,16,"1,738",162.00,"281,556.00"
2020-02-27,2020022701034495,CBL,26,41,100,163.00,"16,300.00"
2020-02-27,2020022701034906,CCBL,22,4,100,203.00,"20,300.00"
2020-02-27,2020022701034899,CCBL,32,51,500,202.00,"101,000.00"
2020-02-27,2020022701034771,CCBL,26,4,500,203.00,"101,500.00"
2020-02-27,2020022701034753,CCBL,32,59,32,202.00,"6,464.00"
2020-02-27,2020022701034726,CCBL,26,4,"1,000",203.00,"203,000.00"
2020-02-27,2020022701034620,CCBL,32,50,"2,300",202.00,"464,600.00"
2020-02-27,2020022701034619,CCBL,32,51,654,202.00,"132,108.00"
2020-02-27,2020022701034618,CCBL,32,4,50,202.00,"10,100.00"
2020-02-27,2020022701034617,CCBL,32,4,300,202.00,"60,600.00"
2020-02-27,2020022701034616,CCBL,32,4,377,202.00,"76,154.00"
2020-02-27,2020022701034752,CIT,51,54,21,"3,027.00","63,567.00"
2020-02-27,2020022701034611,CIT,51,45,50,"3,033.00","151,650.00"
2020-02-27,2020022701034610,CIT,35,45,50,"3,033.00","151,650.00"
2020-02-27,2020022701034631,CLBSL,26,53,200,"1,450.00","290,000.00"
2020-02-27,2020022701034630,CLBSL,26,53,26,"1,446.00","37,596.00"
2020-02-27,2020022701034514,CLBSL,58,53,20,"1,446.00","28,920.00"
2020-02-27,2020022701034820,CZBIL,38,21,42,230.00,"9,660.00"
2020-02-27,2020022701034819,CZBIL,38,35,500,230.00,"115,000.00"
2020-02-27,2020022701034818,CZBIL,38,35,100,230.00,"23,000.00"
2020-02-27,2020022701034817,CZBIL,38,4,338,230.00,"77,740.00"
2020-02-27,2020022701034816,CZBIL,38,6,20,229.00,"4,580.00"
2020-02-27,2020022701034756,CZBIL,25,4,262,230.00,"60,260.00"
2020-02-27,2020022701034711,CZBIL,58,21,174,229.00,"39,846.00"
2020-02-27,2020022701034710,CZBIL,58,29,"1,000",229.00,"229,000.00"
2020-02-27,2020022701034709,CZBIL,58,44,"1,092",229.00,"250,068.00"
2020-02-27,2020022701034674,CZBIL,58,11,100,227.00,"22,700.00"
2020-02-27,2020022701034717,CZBIL,58,16,50,229.00,"11,450.00"
2020-02-27,2020022701034716,CZBIL,58,28,200,229.00,"45,800.00"
2020-02-27,2020022701034715,CZBIL,58,4,"1,000",229.00,"229,000.00"
2020-02-27,2020022701034714,CZBIL,58,59,412,229.00,"94,348.00"
2020-02-27,2020022701034713,CZBIL,58,32,50,229.00,"11,450.00"
2020-02-27,2020022701034712,CZBIL,58,22,200,229.00,"45,800.00"
2020-02-27,2020022701034755,CZBIL,25,52,38,229.00,"8,702.00"
2020-02-27,2020022701034722,CZBIL,58,52,12,229.00,"2,748.00"
2020-02-27,2020022701034721,CZBIL,58,22,"1,000",229.00,"229,000.00"
2020-02-27,2020022701034720,CZBIL,58,44,224,229.00,"51,296.00"
2020-02-27,2020022701034719,CZBIL,58,38,150,229.00,"34,350.00"
2020-02-27,2020022701034718,CZBIL,58,29,436,229.00,"99,844.00"
2020-02-27,2020022701034922,EBL,43,5,200,880.00,"176,000.00"
2020-02-27,2020022701034793,EBL,43,5,106,880.00,"93,280.00"
2020-02-27,2020022701034792,EBL,14,5,394,880.00,"346,720.00"
2020-02-27,2020022701034687,EBL,14,53,106,880.00,"93,280.00"
2020-02-27,2020022701034686,EBL,45,53,240,880.00,"211,200.00"
2020-02-27,2020022701034507,EBL,45,57,100,880.00,"88,000.00"
2020-02-27,2020022701034679,EIC,41,25,248,471.00,"116,808.00"
2020-02-27,2020022701034678,EIC,19,25,252,472.00,"118,944.00"
2020-02-27,2020022701034552,EIC,19,45,150,472.00,"70,800.00"
2020-02-27,2020022701034786,FMDBL,38,4,234,668.00,"156,312.00"
2020-02-27,2020022701034635,FOWAD,26,34,19,"1,930.00","36,670.00"
2020-02-27,2020022701034634,FOWAD,11,34,18,"1,930.00","34,740.00"
2020-02-27,2020022701034633,FOWAD,16,34,13,"1,930.00","25,090.00"
2020-02-27,2020022701034632,FOWAD,41,34,50,"1,931.00","96,550.00"
2020-02-27,2020022701034501,FOWAD,45,53,20,"1,960.00","39,200.00"
2020-02-27,2020022701034689,GBBL,38,33,11,285.00,"3,135.00"
2020-02-27,2020022701034688,GBBL,38,4,89,285.00,"25,365.00"
2020-02-27,2020022701034622,GBBL,34,39,16,284.00,"4,544.00"
2020-02-27,2020022701034836,GBIME,22,26,100,305.00,"30,500.00"
2020-02-27,2020022701034658,GBIME,14,34,141,304.00,"42,864.00"
2020-02-27,2020022701034657,GBIME,14,54,"1,000",304.00,"304,000.00"
2020-02-27,2020022701034656,GBIME,14,32,712,304.00,"216,448.00"
2020-02-27,2020022701034639,GBIME,50,19,"1,226",303.00,"371,478.00"
2020-02-27,2020022701034625,GBIME,50,52,384,303.00,"116,352.00"
2020-02-27,2020022701034497,GBIME,14,32,"1,000",304.00,"304,000.00"
2020-02-27,2020022701034891,GBLBS,57,57,100,618.00,"61,800.00"
2020-02-27,2020022701034890,GBLBS,57,19,400,617.00,"246,800.00"
2020-02-27,2020022701034881,GBLBS,22,19,200,617.00,"123,400.00"
2020-02-27,2020022701034581,GBLBS,16,57,500,616.00,"308,000.00"
2020-02-27,2020022701034580,GBLBS,48,57,100,616.00,"61,600.00"
2020-02-27,2020022701034579,GBLBS,41,57,100,616.00,"61,600.00"
2020-02-27,2020022701034578,GBLBS,52,57,100,616.00,"61,600.00"
2020-02-27,2020022701034577,GBLBS,42,57,150,616.00,"92,400.00"
2020-02-27,2020022701034510,GBLBS,35,38,300,618.00,"185,400.00"
2020-02-27,2020022701034957,GILB,45,48,31,"1,568.00","48,608.00"
2020-02-27,2020022701034956,GILB,45,48,10,"1,569.00","15,690.00"
2020-02-27,2020022701034955,GILB,28,48,59,"1,580.00","93,220.00"
2020-02-27,2020022701034896,GILB,34,22,10,"1,599.00","15,990.00"
2020-02-27,2020022701034895,GILB,34,48,180,"1,584.00","285,120.00"
2020-02-27,2020022701034614,GILB,7,48,100,"1,584.00","158,400.00"
2020-02-27,2020022701034606,GILB,28,19,30,"1,580.00","47,400.00"
2020-02-27,2020022701034840,GLICL,14,26,111,"1,010.00","112,110.00"
2020-02-27,2020022701034839,GLICL,14,28,50,"1,010.00","50,500.00"
2020-02-27,2020022701034838,GLICL,14,45,39,"1,010.00","39,390.00"
2020-02-27,2020022701034835,GLICL,43,35,154,"1,005.00","154,770.00"
2020-02-27,2020022701034568,GLICL,38,45,200,"1,010.00","202,000.00"
2020-02-27,2020022701034485,GLICL,43,57,30,"1,005.00","30,150.00"
2020-02-27,2020022701034509,GRDBL,39,11,105,134.00,"14,070.00"
2020-02-27,2020022701034508,GRDBL,52,11,50,135.00,"6,750.00"
2020-02-27,2020022701034885,GUFL,32,28,500,141.00,"70,500.00"
2020-02-27,2020022701034884,GUFL,32,8,500,140.00,"70,000.00"
2020-02-27,2020022701034560,HBL,25,44,500,698.00,"349,000.00"
2020-02-27,2020022701034504,HBL,25,11,500,698.00,"349,000.00"
2020-02-27,2020022701034964,HDL,45,54,23,"1,800.00","41,400.00"
2020-02-27,2020022701034963,HDL,41,54,57,"1,800.00","102,600.00"
2020-02-27,2020022701034962,HDL,41,54,20,"1,801.00","36,020.00"
2020-02-27,2020022701034961,HDL,22,54,200,"1,801.00","360,200.00"
2020-02-27,2020022701034960,HDL,33,54,100,"1,801.00","180,100.00"
2020-02-27,2020022701034959,HDL,45,54,100,"1,802.00","180,200.00"
2020-02-27,2020022701034488,HDL,20,38,200,"1,807.00","361,400.00"
2020-02-27,2020022701034468,HDL,41,28,150,"1,804.00","270,600.00"
2020-02-27,2020022701034675,HDL,42,58,300,"1,810.00","543,000.00"
2020-02-27,2020022701034624,HDL,41,6,100,"1,809.00","180,900.00"
2020-02-27,2020022701034621,HDL,42,28,100,"1,807.00","180,700.00"
2020-02-27,2020022701034565,HDL,52,56,50,"1,805.00","90,250.00"
2020-02-27,2020022701034561,HDL,42,38,100,"1,807.00","180,700.00"
2020-02-27,2020022701034511,HDL,7,7,50,"1,803.00","90,150.00"
2020-02-27,2020022701034947,HDL,59,58,100,"1,804.00","180,400.00"
2020-02-27,2020022701034940,HDL,47,58,30,"1,804.00","54,120.00"
2020-02-27,2020022701034823,HDL,4,58,200,"1,810.00","362,000.00"
2020-02-27,2020022701034782,HDL,5,58,100,"1,810.00","181,000.00"
2020-02-27,2020022701034728,HDL,41,58,40,"1,810.00","72,400.00"
2020-02-27,2020022701034703,HDL,35,58,100,"1,810.00","181,000.00"
2020-02-27,2020022701034831,HGI,13,35,20,464.00,"9,280.00"
2020-02-27,2020022701034758,HIDCL,53,51,"1,375",152.00,"209,000.00"
2020-02-27,2020022701034600,HIDCL,34,28,61,151.00,"9,211.00"
2020-02-27,2020022701034875,HPPL,52,38,16,159.00,"2,544.00"
2020-02-27,2020022701034874,HPPL,52,1,20,159.00,"3,180.00"
2020-02-27,2020022701034873,HPPL,52,58,10,159.00,"1,590.00"
2020-02-27,2020022701034708,HURJA,16,43,20,110.00,"2,200.00"
2020-02-27,2020022701034789,ILBS,7,39,50,924.00,"46,200.00"
2020-02-27,2020022701034626,JBBL,46,6,100,214.00,"21,400.00"
2020-02-27,2020022701034932,KBL,44,34,100,227.00,"22,700.00"
2020-02-27,2020022701034702,KBL,34,52,467,226.00,"105,542.00"
2020-02-27,2020022701034671,KBL,34,58,352,227.00,"79,904.00"
2020-02-27,2020022701034599,KBL,49,58,148,227.00,"33,596.00"
2020-02-27,2020022701034598,KBL,49,39,586,227.00,"133,022.00"
2020-02-27,2020022701034597,KBL,49,10,100,227.00,"22,700.00"
2020-02-27,2020022701034596,KBL,49,38,100,227.00,"22,700.00"
2020-02-27,2020022701034595,KBL,49,35,114,227.00,"25,878.00"
2020-02-27,2020022701034594,KBL,49,1,"1,000",227.00,"227,000.00"
2020-02-27,2020022701034593,KBL,49,41,900,227.00,"204,300.00"
2020-02-27,2020022701034592,KBL,49,42,52,227.00,"11,804.00"
2020-02-27,2020022701034551,KBL,8,42,250,227.00,"56,750.00"
2020-02-27,2020022701034602,KKHC,45,11,16,61.00,976.00
2020-02-27,2020022701034520,KMCDB,42,14,10,"1,090.00","10,900.00"
2020-02-27,2020022701034519,KMCDB,42,13,10,"1,088.00","10,880.00"
2020-02-27,2020022701034515,KMCDB,32,41,10,"1,085.00","10,850.00"
2020-02-27,2020022701034526,KMCDB,42,16,10,"1,090.00","10,900.00"
2020-02-27,2020022701034525,KMCDB,42,16,10,"1,090.00","10,900.00"
2020-02-27,2020022701034524,KMCDB,42,16,10,"1,090.00","10,900.00"
2020-02-27,2020022701034523,KMCDB,42,16,10,"1,090.00","10,900.00"
2020-02-27,2020022701034522,KMCDB,42,42,10,"1,090.00","10,900.00"
2020-02-27,2020022701034521,KMCDB,42,42,10,"1,090.00","10,900.00"
2020-02-27,2020022701034532,KMCDB,42,13,75,"1,098.00","82,350.00"
2020-02-27,2020022701034531,KMCDB,42,50,466,"1,098.00","511,668.00"
2020-02-27,2020022701034530,KMCDB,42,13,10,"1,098.00","10,980.00"
2020-02-27,2020022701034529,KMCDB,42,39,250,"1,097.00","274,250.00"
2020-02-27,2020022701034528,KMCDB,42,58,100,"1,097.00","109,700.00"
2020-02-27,2020022701034527,KMCDB,42,18,10,"1,096.00","10,960.00"
2020-02-27,2020022701034733,KMCDB,32,56,10,"1,085.00","10,850.00"
2020-02-27,2020022701034701,KMCDB,32,55,117,"1,085.00","126,945.00"
2020-02-27,2020022701034665,KMCDB,32,17,10,"1,085.00","10,850.00"
2020-02-27,2020022701034601,KMCDB,32,17,10,"1,085.00","10,850.00"
2020-02-27,2020022701034833,KSBBL,56,6,200,191.00,"38,200.00"
2020-02-27,2020022701034811,KSBBL,45,4,"2,200",192.00,"422,400.00"
2020-02-27,2020022701034564,KSBBL,22,36,"1,372",195.00,"267,540.00"
2020-02-27,2020022701034563,KSBBL,22,33,"1,000",194.00,"194,000.00"
2020-02-27,2020022701034562,KSBBL,22,32,628,194.00,"121,832.00"
2020-02-27,2020022701034693,LBBL,28,35,670,218.00,"146,060.00"
2020-02-27,2020022701034692,LBBL,28,51,230,218.00,"50,140.00"
2020-02-27,2020022701034691,LBBL,28,13,100,217.00,"21,700.00"
2020-02-27,2020022701034894,LBL,45,5,450,267.00,"120,150.00"
2020-02-27,2020022701034893,LBL,45,54,50,266.00,"13,300.00"
2020-02-27,2020022701034797,LBL,34,58,101,264.00,"26,664.00"
2020-02-27,2020022701034796,LBL,33,58,500,264.00,"132,000.00"
2020-02-27,2020022701034795,LBL,38,58,"1,000",264.00,"264,000.00"
2020-02-27,2020022701034794,LBL,38,58,350,265.00,"92,750.00"
2020-02-27,2020022701034699,LBL,38,32,500,266.00,"133,000.00"
2020-02-27,2020022701034698,LBL,38,32,"3,700",266.00,"984,200.00"
2020-02-27,2020022701034670,LBL,38,51,100,265.00,"26,500.00"
2020-02-27,2020022701034645,LBL,38,38,50,265.00,"13,250.00"
2020-02-27,2020022701034776,MEGA,33,57,240,255.00,"61,200.00"
2020-02-27,2020022701034775,MEGA,45,57,20,255.00,"5,100.00"
2020-02-27,2020022701034774,MEGA,50,57,100,255.00,"25,500.00"
2020-02-27,2020022701034773,MEGA,10,57,100,255.00,"25,500.00"
2020-02-27,2020022701034772,MEGA,6,57,40,255.00,"10,200.00"
2020-02-27,2020022701034727,MEGA,6,34,200,255.00,"51,000.00"
2020-02-27,2020022701034700,MEGA,26,29,500,257.00,"128,500.00"
2020-02-27,2020022701034942,MERO,38,47,81,786.00,"63,666.00"
2020-02-27,2020022701034941,MERO,26,47,39,786.00,"30,654.00"
2020-02-27,2020022701034724,MERO,26,28,61,786.00,"47,946.00"
2020-02-27,2020022701034472,MERO,38,19,50,788.00,"39,400.00"
2020-02-27,2020022701034871,MLBBL,42,1,50,895.00,"44,750.00"
2020-02-27,2020022701034870,MLBBL,42,7,40,895.00,"35,800.00"
2020-02-27,2020022701034837,MNBBL,52,7,20,390.00,"7,800.00"
2020-02-27,2020022701034784,MNBBL,52,7,20,390.00,"7,800.00"
2020-02-27,2020022701034666,MNBBL,6,7,20,390.00,"7,800.00"
2020-02-27,2020022701034555,MNBBL,48,7,100,390.00,"39,000.00"
2020-02-27,2020022701034541,MNBBL,6,7,20,390.00,"7,800.00"
2020-02-27,2020022701034571,MPFL,57,36,350,131.00,"45,850.00"
2020-02-27,2020022701034570,MPFL,57,54,50,131.00,"6,550.00"
2020-02-27,2020022701034569,MPFL,57,17,100,130.00,"13,000.00"
2020-02-27,2020022701034946,MSMBS,46,55,31,913.00,"28,303.00"
2020-02-27,2020022701034945,MSMBS,14,55,19,914.00,"17,366.00"
2020-02-27,2020022701034808,NABIL,45,41,50,950.00,"47,500.00"
2020-02-27,2020022701034807,NABIL,45,49,171,950.00,"162,450.00"
2020-02-27,2020022701034806,NABIL,45,38,50,948.00,"47,400.00"
2020-02-27,2020022701034805,NABIL,45,6,100,948.00,"94,800.00"
2020-02-27,2020022701034804,NABIL,45,41,56,948.00,"53,088.00"
2020-02-27,2020022701034803,NABIL,45,25,200,947.00,"189,400.00"
2020-02-27,2020022701034802,NABIL,45,5,40,946.00,"37,840.00"
2020-02-27,2020022701034801,NABIL,45,5,310,946.00,"293,260.00"
2020-02-27,2020022701034669,NABIL,45,25,100,947.00,"94,700.00"
2020-02-27,2020022701034585,NABIL,25,6,100,945.00,"94,500.00"
2020-02-27,2020022701034889,NADEP,38,45,10,799.00,"7,990.00"
2020-02-27,2020022701034740,NADEP,45,45,10,799.00,"7,990.00"
2020-02-27,2020022701034951,NBB,46,14,100,249.00,"24,900.00"
2020-02-27,2020022701034950,NBB,46,45,"1,900",249.00,"473,100.00"
2020-02-27,2020022701034931,NBB,10,45,100,249.00,"24,900.00"
2020-02-27,2020022701034930,NBB,10,42,"3,000",249.00,"747,000.00"
2020-02-27,2020022701034929,NBB,10,8,200,249.00,"49,800.00"
2020-02-27,2020022701034928,NBB,10,28,"1,700",249.00,"423,300.00"
2020-02-27,2020022701034494,NBB,48,28,"1,300",249.00,"323,700.00"
2020-02-27,2020022701034493,NBB,48,22,200,249.00,"49,800.00"
2020-02-27,2020022701034492,NBB,48,22,500,248.00,"124,000.00"
2020-02-27,2020022701034490,NBB,34,22,90,248.00,"22,320.00"
2020-02-27,2020022701034903,NBB,22,14,100,248.00,"24,800.00"
2020-02-27,2020022701034813,NBB,34,6,300,248.00,"74,400.00"
2020-02-27,2020022701034644,NBB,34,16,200,248.00,"49,600.00"
2020-02-27,2020022701034584,NBB,22,16,300,248.00,"74,400.00"
2020-02-27,2020022701034554,NBB,34,16,500,248.00,"124,000.00"
2020-02-27,2020022701034779,NBL,22,11,100,315.00,"31,500.00"
2020-02-27,2020022701034513,NBL,33,44,"2,000",315.00,"630,000.00"
2020-02-27,2020022701034512,NBL,33,6,"1,155",315.00,"363,825.00"
2020-02-27,2020022701034812,NCCB,58,57,"1,500",221.00,"331,500.00"
2020-02-27,2020022701034781,NCCB,58,52,639,221.00,"141,219.00"
2020-02-27,2020022701034607,NCCB,56,55,10,224.00,"2,240.00"
2020-02-27,2020022701034502,NCCB,58,46,"1,066",221.00,"235,586.00"
2020-02-27,2020022701034483,NCCB,56,55,19,224.00,"4,256.00"
2020-02-27,2020022701034482,NCCB,56,39,100,223.00,"22,300.00"
2020-02-27,2020022701034475,NCCB,56,39,100,222.00,"22,200.00"
2020-02-27,2020022701034474,NCCB,56,6,"1,000",222.00,"222,000.00"
2020-02-27,2020022701034473,NCCB,56,28,199,222.00,"44,178.00"
2020-02-27,2020022701034481,NCCB,56,33,"2,000",223.00,"446,000.00"
2020-02-27,2020022701034480,NCCB,56,17,"1,000",223.00,"223,000.00"
2020-02-27,2020022701034479,NCCB,56,54,"1,000",223.00,"223,000.00"
2020-02-27,2020022701034478,NCCB,56,8,"2,000",223.00,"446,000.00"
2020-02-27,2020022701034477,NCCB,56,22,250,222.00,"55,500.00"
2020-02-27,2020022701034476,NCCB,56,57,"1,332",222.00,"295,704.00"
2020-02-27,2020022701034882,NEF,1,52,"3,828",9.21,"35,255.88"
2020-02-27,2020022701034832,NEF,38,52,"1,000",9.22,"9,220.00"
2020-02-27,2020022701034800,NFS,48,19,10,162.00,"1,620.00"
2020-02-27,2020022701034902,NGPL,56,6,"1,000",139.00,"139,000.00"
2020-02-27,2020022701034676,NGPL,56,11,38,139.00,"5,282.00"
2020-02-27,2020022701034949,NHPC,49,59,50,68.00,"3,400.00"
2020-02-27,2020022701034844,NHPC,34,55,"2,000",69.00,"138,000.00"
2020-02-27,2020022701034496,NHPC,57,47,"5,715",69.00,"394,335.00"
2020-02-27,2020022701034868,NIB,54,6,21,485.00,"10,185.00"
2020-02-27,2020022701034867,NIB,54,11,50,485.00,"24,250.00"
2020-02-27,2020022701034866,NIB,54,33,167,485.00,"80,995.00"
2020-02-27,2020022701034865,NIB,54,11,100,485.00,"48,500.00"
2020-02-27,2020022701034864,NIB,54,17,372,485.00,"180,420.00"
2020-02-27,2020022701034815,NIB,46,17,128,485.00,"62,080.00"
2020-02-27,2020022701034814,NIB,46,34,268,484.00,"129,712.00"
2020-02-27,2020022701034783,NIB,53,11,85,483.00,"41,055.00"
2020-02-27,2020022701034736,NIB,34,34,232,484.00,"112,288.00"
2020-02-27,2020022701034735,NIB,34,53,268,484.00,"129,712.00"
2020-02-27,2020022701034550,NIB,5,53,100,484.00,"48,400.00"
2020-02-27,2020022701034822,NIBLPF,4,17,525,8.71,"4,572.75"
2020-02-27,2020022701034821,NIBLPF,4,17,"2,000",8.72,"17,440.00"
2020-02-27,2020022701034927,NICA,58,34,251,655.00,"164,405.00"
2020-02-27,2020022701034926,NICA,58,57,50,655.00,"32,750.00"
2020-02-27,2020022701034925,NICA,58,4,300,653.00,"195,900.00"
2020-02-27,2020022701034905,NICA,41,4,500,653.00,"326,500.00"
2020-02-27,2020022701034904,NICA,14,4,200,654.00,"130,800.00"
2020-02-27,2020022701034892,NICA,58,33,700,654.00,"457,800.00"
2020-02-27,2020022701034546,NICA,59,38,197,651.00,"128,247.00"
2020-02-27,2020022701034545,NICA,59,35,200,650.00,"130,000.00"
2020-02-27,2020022701034544,NICA,59,33,"1,000",650.00,"650,000.00"
2020-02-27,2020022701034576,NICA,58,46,153,646.00,"98,838.00"
2020-02-27,2020022701034575,NICA,53,46,190,646.00,"122,740.00"
2020-02-27,2020022701034574,NICA,46,46,20,650.00,"13,000.00"
2020-02-27,2020022701034549,NICA,59,39,453,652.00,"295,356.00"
2020-02-27,2020022701034548,NICA,59,3,100,652.00,"65,200.00"
2020-02-27,2020022701034547,NICA,59,36,50,652.00,"32,600.00"
2020-02-27,2020022701034763,NICA,59,39,32,652.00,"20,864.00"
2020-02-27,2020022701034762,NICA,59,55,65,651.00,"42,315.00"
2020-02-27,2020022701034707,NICA,28,55,35,651.00,"22,785.00"
2020-02-27,2020022701034706,NICA,28,41,200,650.00,"130,000.00"
2020-02-27,2020022701034705,NICA,28,34,65,650.00,"42,250.00"
2020-02-27,2020022701034704,NICA,28,38,200,650.00,"130,000.00"
2020-02-27,2020022701034842,NICA,7,33,300,654.00,"196,200.00"
2020-02-27,2020022701034768,NICA,59,38,43,654.00,"28,122.00"
2020-02-27,2020022701034767,NICA,59,25,50,653.00,"32,650.00"
2020-02-27,2020022701034766,NICA,59,3,100,653.00,"65,300.00"
2020-02-27,2020022701034765,NICA,59,34,100,652.00,"65,200.00"
2020-02-27,2020022701034764,NICA,59,52,10,652.00,"6,520.00"
2020-02-27,2020022701034879,NICL,35,32,100,521.00,"52,100.00"
2020-02-27,2020022701034826,NICL,16,4,500,520.00,"260,000.00"
2020-02-27,2020022701034825,NICL,57,4,300,520.00,"156,000.00"
2020-02-27,2020022701034824,NICL,6,4,196,520.00,"101,920.00"
2020-02-27,2020022701034933,NIL,34,56,105,670.00,"70,350.00"
2020-02-27,2020022701034909,NIL,38,56,150,670.00,"100,500.00"
2020-02-27,2020022701034908,NIL,44,56,205,670.00,"137,350.00"
2020-02-27,2020022701034869,NIL,45,56,40,670.00,"26,800.00"
2020-02-27,2020022701034668,NIL,53,43,100,673.00,"67,300.00"
2020-02-27,2020022701034655,NIL,45,46,60,670.00,"40,200.00"
2020-02-27,2020022701034654,NIL,35,46,100,670.00,"67,000.00"
2020-02-27,2020022701034653,NIL,56,46,100,670.00,"67,000.00"
2020-02-27,2020022701034652,NIL,52,46,100,670.00,"67,000.00"
2020-02-27,2020022701034651,NIL,26,46,200,671.00,"134,200.00"
2020-02-27,2020022701034861,NLBBL,10,45,10,900.00,"9,000.00"
2020-02-27,2020022701034770,NLBBL,17,46,67,888.00,"59,496.00"
2020-02-27,2020022701034872,NLG,42,16,95,728.00,"69,160.00"
2020-02-27,2020022701034760,NLG,53,16,50,729.00,"36,450.00"
2020-02-27,2020022701034759,NLG,6,16,255,729.00,"185,895.00"
2020-02-27,2020022701034470,NLG,25,16,100,730.00,"73,000.00"
2020-02-27,2020022701034914,NLIC,6,51,100,"1,460.00","146,000.00"
2020-02-27,2020022701034913,NLIC,6,41,68,"1,460.00","99,280.00"
2020-02-27,2020022701034901,NLIC,17,41,22,"1,460.00","32,120.00"
2020-02-27,2020022701034900,NLIC,17,41,10,"1,460.00","14,600.00"
2020-02-27,2020022701034876,NLIC,48,41,150,"1,460.00","219,000.00"
2020-02-27,2020022701034862,NLIC,59,41,100,"1,460.00","146,000.00"
2020-02-27,2020022701034741,NLIC,33,58,93,"1,459.00","135,687.00"
2020-02-27,2020022701034677,NLIC,34,58,10,"1,459.00","14,590.00"
2020-02-27,2020022701034613,NLIC,25,58,200,"1,459.00","291,800.00"
2020-02-27,2020022701034612,NLIC,53,58,100,"1,459.00","145,900.00"
2020-02-27,2020022701034553,NLIC,13,58,15,"1,459.00","21,885.00"
2020-02-27,2020022701034498,NLIC,25,58,20,"1,459.00","29,180.00"
2020-02-27,2020022701034859,NLIC,5,46,44,"1,455.00","64,020.00"
2020-02-27,2020022701034858,NLIC,5,46,99,"1,455.00","144,045.00"
2020-02-27,2020022701034857,NLIC,45,46,50,"1,456.00","72,800.00"
2020-02-27,2020022701034856,NLIC,17,46,100,"1,456.00","145,600.00"
2020-02-27,2020022701034855,NLIC,25,46,100,"1,457.00","145,700.00"
2020-02-27,2020022701034854,NLIC,33,46,10,"1,459.00","14,590.00"
2020-02-27,2020022701034965,NLICL,42,34,300,849.00,"254,700.00"
2020-02-27,2020022701034542,NLICL,25,8,10,852.00,"8,520.00"
2020-02-27,2020022701034944,NMB,45,26,15,498.00,"7,470.00"
2020-02-27,2020022701034943,NMB,35,26,485,498.00,"241,530.00"
2020-02-27,2020022701034798,NMB,53,58,500,499.00,"249,500.00"
2020-02-27,2020022701034749,NMB,35,35,15,498.00,"7,470.00"
2020-02-27,2020022701034748,NMB,42,35,485,498.00,"241,530.00"
2020-02-27,2020022701034729,NMB,50,58,100,499.00,"49,900.00"
2020-02-27,2020022701034484,NMB,18,57,200,497.00,"99,400.00"
2020-02-27,2020022701034615,NMB,42,38,15,498.00,"7,470.00"
2020-02-27,2020022701034589,NMB,53,28,500,498.00,"249,000.00"
2020-02-27,2020022701034588,NMB,53,56,188,498.00,"93,624.00"
2020-02-27,2020022701034500,NMB,53,36,75,497.00,"37,275.00"
2020-02-27,2020022701034499,NMB,53,57,"2,012",497.00,"999,964.00"
2020-02-27,2020022701034491,NMB,58,28,500,496.00,"248,000.00"
2020-02-27,2020022701034849,NMBMF,58,11,40,"1,116.00","44,640.00"
2020-02-27,2020022701034583,NTC,6,59,50,719.00,"35,950.00"
2020-02-27,2020022701034780,NUBL,33,56,100,"1,178.00","117,800.00"
2020-02-27,2020022701034587,OHL,58,38,100,522.00,"52,200.00"
2020-02-27,2020022701034586,OHL,38,38,371,522.00,"193,662.00"
2020-02-27,2020022701034850,PCBL,21,11,100,335.00,"33,500.00"
2020-02-27,2020022701034841,PCBL,33,35,"2,000",336.00,"672,000.00"
2020-02-27,2020022701034730,PCBL,46,35,25,336.00,"8,400.00"
2020-02-27,2020022701034664,PCBL,45,35,"5,000",336.00,"1,680,000.00"
2020-02-27,2020022701034663,PCBL,45,35,"2,000",336.00,"672,000.00"
2020-02-27,2020022701034828,PIC,33,17,50,715.00,"35,750.00"
2020-02-27,2020022701034785,PICL,13,33,300,558.00,"167,400.00"
2020-02-27,2020022701034650,PICL,51,38,300,566.00,"169,800.00"
2020-02-27,2020022701034535,PICL,34,33,200,565.00,"113,000.00"
2020-02-27,2020022701034534,PICL,51,33,100,565.00,"56,500.00"
2020-02-27,2020022701034851,PLIC,51,47,300,687.00,"206,100.00"
2020-02-27,2020022701034777,PLIC,38,32,101,687.00,"69,387.00"
2020-02-27,2020022701034685,PLIC,47,32,100,687.00,"68,700.00"
2020-02-27,2020022701034684,PLIC,19,32,100,687.00,"68,700.00"
2020-02-27,2020022701034683,PLIC,58,32,200,687.00,"137,400.00"
2020-02-27,2020022701034682,PLIC,22,32,200,687.00,"137,400.00"
2020-02-27,2020022701034681,PLIC,16,32,200,687.00,"137,400.00"
2020-02-27,2020022701034680,PLIC,58,32,14,687.00,"9,618.00"
2020-02-27,2020022701034590,PLIC,58,59,186,687.00,"127,782.00"
2020-02-27,2020022701034543,PLIC,25,4,100,690.00,"69,000.00"
2020-02-27,2020022701034471,PLIC,25,4,300,690.00,"207,000.00"
2020-02-27,2020022701034788,PMHPL,42,43,10,95.00,950.00
2020-02-27,2020022701034921,PPCL,40,41,150,130.00,"19,500.00"
2020-02-27,2020022701034506,PPCL,40,58,30,130.00,"3,900.00"
2020-02-27,2020022701034843,PRIN,46,38,174,518.00,"90,132.00"
2020-02-27,2020022701034845,PRVU,58,26,"1,500",283.00,"424,500.00"
2020-02-27,2020022701034810,PRVU,39,33,120,284.00,"34,080.00"
2020-02-27,2020022701034809,PRVU,39,58,80,284.00,"22,720.00"
2020-02-27,2020022701034751,PRVU,39,58,200,284.00,"56,800.00"
2020-02-27,2020022701034747,PRVU,58,7,300,283.00,"84,900.00"
2020-02-27,2020022701034667,PRVU,51,58,10,284.00,"2,840.00"
2020-02-27,2020022701034558,PRVU,39,58,200,284.00,"56,800.00"
2020-02-27,2020022701034556,PRVU,38,58,"1,000",284.00,"284,000.00"
2020-02-27,2020022701034935,RHPC,56,29,331,95.00,"31,445.00"
2020-02-27,2020022701034934,RHPC,56,19,169,95.00,"16,055.00"
2020-02-27,2020022701034888,RHPL,13,7,170,170.00,"28,900.00"
2020-02-27,2020022701034887,RHPL,13,34,830,170.00,"141,100.00"
2020-02-27,2020022701034567,RHPL,8,34,170,170.00,"28,900.00"
2020-02-27,2020022701034566,RHPL,8,34,830,170.00,"141,100.00"
2020-02-27,2020022701034533,RHPL,57,56,50,169.00,"8,450.00"
2020-02-27,2020022701034643,RMDC,56,42,300,851.00,"255,300.00"
2020-02-27,2020022701034731,RSDC,57,14,100,650.00,"65,000.00"
2020-02-27,2020022701034898,SADBL,45,16,300,188.00,"56,400.00"
2020-02-27,2020022701034897,SADBL,32,16,100,188.00,"18,800.00"
2020-02-27,2020022701034852,SADBL,34,38,147,189.00,"27,783.00"
2020-02-27,2020022701034744,SADBL,34,45,250,189.00,"47,250.00"
2020-02-27,2020022701034743,SADBL,34,39,603,189.00,"113,967.00"
2020-02-27,2020022701034536,SADBL,32,13,40,188.00,"7,520.00"
2020-02-27,2020022701034646,SAEF,6,19,"10,000",10.00,"100,000.00"
2020-02-27,2020022701034648,SANIMA,35,41,127,423.00,"53,721.00"
2020-02-27,2020022701034647,SANIMA,35,45,72,423.00,"30,456.00"
2020-02-27,2020022701034573,SBI,25,11,100,542.00,"54,200.00"
2020-02-27,2020022701034936,SBL,33,52,362,379.00,"137,198.00"
2020-02-27,2020022701034878,SBL,33,25,"4,000",379.00,"1,516,000.00"
2020-02-27,2020022701034877,SBL,33,6,"2,372",379.00,"898,988.00"
2020-02-27,2020022701034503,SBL,56,6,50,379.00,"18,950.00"
2020-02-27,2020022701034539,SCB,42,51,30,837.00,"25,110.00"
2020-02-27,2020022701034538,SCB,42,26,20,835.00,"16,700.00"
2020-02-27,2020022701034938,SHINE,59,38,63,326.00,"20,538.00"
2020-02-27,2020022701034937,SHINE,39,38,100,326.00,"32,600.00"
2020-02-27,2020022701034830,SHIVM,14,38,500,705.00,"352,500.00"
2020-02-27,2020022701034829,SHIVM,14,16,250,705.00,"176,250.00"
2020-02-27,2020022701034761,SHIVM,16,40,380,704.00,"267,520.00"
2020-02-27,2020022701034662,SHIVM,42,40,620,704.00,"436,480.00"
2020-02-27,2020022701034661,SHIVM,42,45,"2,000",703.00,"1,406,000.00"
2020-02-27,2020022701034660,SHIVM,42,41,100,702.00,"70,200.00"
2020-02-27,2020022701034659,SHIVM,42,3,280,702.00,"196,560.00"
2020-02-27,2020022701034572,SHIVM,16,35,230,700.00,"161,000.00"
2020-02-27,2020022701034518,SHIVM,50,35,100,700.00,"70,000.00"
2020-02-27,2020022701034517,SHIVM,7,35,170,700.00,"119,000.00"
2020-02-27,2020022701034799,SHL,19,28,"1,000",201.00,"201,000.00"
2020-02-27,2020022701034638,SIC,34,13,30,830.00,"24,900.00"
2020-02-27,2020022701034734,SICL,19,44,50,"1,159.00","57,950.00"
2020-02-27,2020022701034623,SICL,45,58,100,"1,158.00","115,800.00"
2020-02-27,2020022701034954,SIL,10,45,100,666.00,"66,600.00"
2020-02-27,2020022701034953,SIL,52,45,64,666.00,"42,624.00"
2020-02-27,2020022701034952,SIL,25,45,131,667.00,"87,377.00"
2020-02-27,2020022701034778,SIL,25,16,69,667.00,"46,023.00"
2020-02-27,2020022701034769,SINDU,29,59,350,149.00,"52,150.00"
2020-02-27,2020022701034848,SJCL,13,34,300,164.00,"49,200.00"
2020-02-27,2020022701034847,SJCL,13,46,20,164.00,"3,280.00"
2020-02-27,2020022701034846,SJCL,13,22,180,164.00,"29,520.00"
2020-02-27,2020022701034732,SJCL,49,48,20,162.00,"3,240.00"
2020-02-27,2020022701034605,SJCL,49,56,20,162.00,"3,240.00"
2020-02-27,2020022701034739,SKBBL,32,41,115,"1,330.00","152,950.00"
2020-02-27,2020022701034738,SKBBL,6,41,50,"1,331.00","66,550.00"
2020-02-27,2020022701034737,SKBBL,57,41,10,"1,331.00","13,310.00"
2020-02-27,2020022701034886,SLBBL,10,26,100,"1,010.00","101,000.00"
2020-02-27,2020022701034486,SLBBL,22,42,100,"1,015.00","101,500.00"
2020-02-27,2020022701034948,SLICL,16,35,259,552.00,"142,968.00"
2020-02-27,2020022701034923,SLICL,16,4,600,552.00,"331,200.00"
2020-02-27,2020022701034863,SLICL,16,34,100,552.00,"55,200.00"
2020-02-27,2020022701034673,SLICL,16,50,36,552.00,"19,872.00"
2020-02-27,2020022701034672,SLICL,45,50,14,552.00,"7,728.00"
2020-02-27,2020022701034582,SLICL,42,56,500,553.00,"276,500.00"
2020-02-27,2020022701034754,SMATA,3,38,50,870.00,"43,500.00"
2020-02-27,2020022701034540,SPDL,16,34,500,115.00,"57,500.00"
2020-02-27,2020022701034967,SRBL,26,25,721,300.00,"216,300.00"
2020-02-27,2020022701034966,SRBL,26,35,548,299.00,"163,852.00"
2020-02-27,2020022701034725,SRBL,58,40,150,298.00,"44,700.00"
2020-02-27,2020022701034939,STC,45,49,150,"2,950.00","442,500.00"
2020-02-27,2020022701034537,SWBBL,33,35,565,"1,375.00","776,875.00"
2020-02-27,2020022701034489,SWBBL,44,35,500,"1,375.00","687,500.00"
2020-02-27,2020022701034907,TMDBL,5,17,296,218.00,"64,528.00"
2020-02-27,2020022701034690,TMDBL,56,57,10,220.00,"2,200.00"
2020-02-27,2020022701034742,UIC,59,35,65,431.00,"28,015.00"
2020-02-27,2020022701034649,UIC,34,35,435,431.00,"187,485.00"
2020-02-27,2020022701034641,UIC,34,43,10,434.00,"4,340.00"
2020-02-27,2020022701034640,UIC,34,7,230,432.00,"99,360.00"
2020-02-27,2020022701034637,UIC,34,6,65,431.00,"28,015.00"
2020-02-27,2020022701034636,UIC,35,6,175,431.00,"75,425.00"
2020-02-27,2020022701034757,UNL,3,32,10,"23,330.00","233,300.00"
2020-02-27,2020022701034505,UPCL,16,19,100,89.00,"8,900.00"
2020-02-27,2020022701034642,UPPER,33,6,10,253.00,"2,530.00"
2020-02-27,2020022701034853,WOMI,4,45,24,"1,350.00","32,400.00"
2020-02-27,2020022701034723,WOMI,4,55,270,"1,350.00","364,500.00"
2020-02-27,2020022701034628,WOMI,4,55,250,"1,350.00","337,500.00"
2020-02-27,2020022701034627,WOMI,4,57,50,"1,350.00","67,500.00"
2020-02-27,2020022701034604,WOMI,4,57,200,"1,350.00","270,000.00"
2020-02-27,2020022701034603,WOMI,4,16,100,"1,349.00","134,900.00"
2020-02-27,2020022701034052,ADBL,14,35,"1,000",462.00,"462,000.00"
2020-02-27,2020022701034270,ALBSL,16,8,11,862.00,"9,482.00"
2020-02-27,2020022701034051,ALBSL,16,1,11,862.00,"9,482.00"
2020-02-27,2020022701034263,ALICL,38,33,500,680.00,"340,000.00"
2020-02-27,2020022701034128,ALICL,51,40,300,678.00,"203,400.00"
2020-02-27,2020022701033988,API,6,39,200,151.00,"30,200.00"
2020-02-27,2020022701034396,BARUN,25,11,10,101.00,"1,010.00"
2020-02-27,2020022701034463,BOKL,39,6,150,285.00,"42,750.00"
2020-02-27,2020022701034280,BOKL,39,34,343,285.00,"97,755.00"
2020-02-27,2020022701034279,BOKL,48,34,157,285.00,"44,745.00"
2020-02-27,2020022701034170,BOKL,32,43,170,286.00,"48,620.00"
2020-02-27,2020022701034169,BOKL,32,47,52,286.00,"14,872.00"
2020-02-27,2020022701034168,BOKL,32,46,78,286.00,"22,308.00"
2020-02-27,2020022701034109,BOKL,48,58,30,285.00,"8,550.00"
2020-02-27,2020022701034041,BOKL,48,32,13,285.00,"3,705.00"
2020-02-27,2020022701034395,BPCL,16,41,150,402.00,"60,300.00"
2020-02-27,2020022701034204,BPCL,44,41,250,402.00,"100,500.00"
2020-02-27,2020022701034371,CBBL,4,59,"1,489","1,292.00","1,923,788.00"
2020-02-27,2020022701034466,CBL,49,26,212,162.00,"34,344.00"
2020-02-27,2020022701034434,CBL,49,52,50,162.00,"8,100.00"
2020-02-27,2020022701034415,CBL,45,52,200,162.00,"32,400.00"
2020-02-27,2020022701034306,CBL,10,39,100,161.00,"16,100.00"
2020-02-27,2020022701034233,CBL,45,29,"2,240",162.00,"362,880.00"
2020-02-27,2020022701034165,CBL,50,29,200,162.00,"32,400.00"
2020-02-27,2020022701034152,CBL,25,29,150,162.00,"24,300.00"
2020-02-27,2020022701034151,CBL,16,29,410,162.00,"66,420.00"
2020-02-27,2020022701034092,CBL,16,33,400,162.00,"64,800.00"
2020-02-27,2020022701033997,CBL,16,52,90,162.00,"14,580.00"
2020-02-27,2020022701034416,CCBL,55,4,50,201.00,"10,050.00"
2020-02-27,2020022701034288,CCBL,56,4,15,202.00,"3,030.00"
2020-02-27,2020022701034243,CCBL,34,4,100,202.00,"20,200.00"
2020-02-27,2020022701034242,CCBL,34,4,300,202.00,"60,600.00"
2020-02-27,2020022701034215,CCBL,55,22,200,201.00,"40,200.00"
2020-02-27,2020022701034091,CCBL,55,32,14,201.00,"2,814.00"
2020-02-27,2020022701033989,CCBL,28,4,200,203.00,"40,600.00"
2020-02-27,2020022701033969,CCBL,32,4,53,202.00,"10,706.00"
2020-02-27,2020022701033968,CCBL,32,4,200,202.00,"40,400.00"
2020-02-27,2020022701034300,CHCL,28,50,181,465.00,"84,165.00"
2020-02-27,2020022701034299,CHCL,28,38,237,465.00,"110,205.00"
2020-02-27,2020022701034298,CHCL,28,34,300,465.00,"139,500.00"
2020-02-27,2020022701034297,CHCL,28,45,"1,000",464.00,"464,000.00"
2020-02-27,2020022701034296,CHCL,28,29,500,464.00,"232,000.00"
2020-02-27,2020022701034295,CHCL,28,22,"1,000",463.00,"463,000.00"
2020-02-27,2020022701034294,CIT,51,57,60,"3,027.00","181,620.00"
2020-02-27,2020022701034293,CIT,41,57,10,"3,029.00","30,290.00"
2020-02-27,2020022701034164,CIT,45,57,50,"3,032.00","151,600.00"
2020-02-27,2020022701034163,CIT,56,57,30,"3,032.00","90,960.00"
2020-02-27,2020022701034162,CIT,58,57,50,"3,033.00","151,650.00"
2020-02-27,2020022701034304,CLBSL,38,28,10,"1,417.00","14,170.00"
2020-02-27,2020022701034303,CLBSL,19,28,90,"1,417.00","127,530.00"
2020-02-27,2020022701034355,CZBIL,58,44,"1,764",229.00,"403,956.00"
2020-02-27,2020022701034354,CZBIL,58,53,236,228.00,"53,808.00"
2020-02-27,2020022701034302,CZBIL,58,14,66,227.00,"14,982.00"
2020-02-27,2020022701034219,CZBIL,42,53,264,228.00,"60,192.00"
2020-02-27,2020022701034203,CZBIL,42,25,100,228.00,"22,800.00"
2020-02-27,2020022701034176,CZBIL,26,44,144,229.00,"32,976.00"
2020-02-27,2020022701034175,CZBIL,26,44,300,229.00,"68,700.00"
2020-02-27,2020022701034174,CZBIL,26,58,56,229.00,"12,824.00"
2020-02-27,2020022701033982,CZBIL,34,34,"5,702",226.00,"1,288,652.00"
2020-02-27,2020022701034411,DDBL,47,35,30,"1,015.00","30,450.00"
2020-02-27,2020022701034410,DDBL,49,35,20,"1,015.00","20,300.00"
2020-02-27,2020022701034409,DDBL,57,35,100,"1,015.00","101,500.00"
2020-02-27,2020022701034408,DDBL,44,35,200,"1,015.00","203,000.00"
2020-02-27,2020022701034407,DDBL,42,35,200,"1,015.00","203,000.00"
2020-02-27,2020022701034406,DDBL,34,35,200,"1,015.00","203,000.00"
2020-02-27,2020022701034281,DDBL,46,41,50,"1,018.00","50,900.00"
2020-02-27,2020022701034405,DDBL,10,35,100,"1,015.00","101,500.00"
2020-02-27,2020022701034404,DDBL,57,35,110,"1,015.00","111,650.00"
2020-02-27,2020022701034403,DDBL,32,35,580,"1,016.00","589,280.00"
2020-02-27,2020022701034402,DDBL,32,35,400,"1,017.00","406,800.00"
2020-02-27,2020022701034401,DDBL,19,35,10,"1,018.00","10,180.00"
2020-02-27,2020022701034400,DDBL,46,35,50,"1,018.00","50,900.00"
2020-02-27,2020022701033983,DHPL,21,11,11,55.00,605.00
2020-02-27,2020022701034116,EBL,45,50,50,880.00,"44,000.00"
2020-02-27,2020022701034308,EIC,40,26,200,472.00,"94,400.00"
2020-02-27,2020022701034307,EIC,40,38,100,472.00,"47,200.00"
2020-02-27,2020022701034139,EIC,41,57,419,471.00,"197,349.00"
2020-02-27,2020022701034065,EIC,41,40,300,471.00,"141,300.00"
2020-02-27,2020022701034316,FMDBL,57,28,500,668.00,"334,000.00"
2020-02-27,2020022701034315,FMDBL,5,54,100,670.00,"67,000.00"
2020-02-27,2020022701034361,FOWAD,45,28,340,"1,950.00","663,000.00"
2020-02-27,2020022701034195,FOWAD,45,28,660,"1,950.00","1,287,000.00"
2020-02-27,2020022701034194,FOWAD,45,47,44,"1,949.00","85,756.00"
2020-02-27,2020022701034193,FOWAD,45,47,50,"1,949.00","97,450.00"
2020-02-27,2020022701034192,FOWAD,45,50,20,"1,949.00","38,980.00"
2020-02-27,2020022701034191,FOWAD,45,38,146,"1,949.00","284,554.00"
2020-02-27,2020022701034190,FOWAD,45,51,30,"1,948.00","58,440.00"
2020-02-27,2020022701034189,FOWAD,45,34,50,"1,945.00","97,250.00"
2020-02-27,2020022701034363,GBBL,44,4,161,285.00,"45,885.00"
2020-02-27,2020022701034161,GBBL,34,8,203,284.00,"57,652.00"
2020-02-27,2020022701034160,GBBL,34,8,203,284.00,"57,652.00"
2020-02-27,2020022701034159,GBBL,34,8,500,284.00,"142,000.00"
2020-02-27,2020022701034158,GBBL,34,53,232,284.00,"65,888.00"
2020-02-27,2020022701034157,GBBL,34,4,541,284.00,"153,644.00"
2020-02-27,2020022701034331,GBIME,42,32,32,304.00,"9,728.00"
2020-02-27,2020022701034314,GBIME,39,32,200,304.00,"60,800.00"
2020-02-27,2020022701034313,GBIME,58,32,780,304.00,"237,120.00"
2020-02-27,2020022701034312,GBIME,16,32,300,304.00,"91,200.00"
2020-02-27,2020022701034311,GBIME,11,32,"1,000",304.00,"304,000.00"
2020-02-27,2020022701034310,GBIME,16,32,800,304.00,"243,200.00"
2020-02-27,2020022701034309,GBIME,45,32,176,304.00,"53,504.00"
2020-02-27,2020022701034214,GBIME,45,58,50,304.00,"15,200.00"
2020-02-27,2020022701034185,GBIME,47,26,50,305.00,"15,250.00"
2020-02-27,2020022701034184,GBIME,47,17,50,305.00,"15,250.00"
2020-02-27,2020022701033992,GBIME,48,17,150,305.00,"45,750.00"
2020-02-27,2020022701034447,GBLBS,42,59,30,616.00,"18,480.00"
2020-02-27,2020022701034446,GBLBS,39,59,70,617.00,"43,190.00"
2020-02-27,2020022701034329,GBLBS,39,19,30,617.00,"18,510.00"
2020-02-27,2020022701034292,GBLBS,42,17,150,616.00,"92,400.00"
2020-02-27,2020022701034142,GBLBS,22,5,100,620.00,"62,000.00"
2020-02-27,2020022701034417,GFCL,11,26,176,169.00,"29,744.00"
2020-02-27,2020022701034227,GGBSL,48,48,100,925.00,"92,500.00"
2020-02-27,2020022701034226,GGBSL,45,48,100,925.00,"92,500.00"
2020-02-27,2020022701034225,GGBSL,17,48,50,926.00,"46,300.00"
2020-02-27,2020022701034224,GGBSL,17,48,40,926.00,"37,040.00"
2020-02-27,2020022701034223,GGBSL,58,48,10,928.00,"9,280.00"
2020-02-27,2020022701034462,GILB,28,34,111,"1,580.00","175,380.00"
2020-02-27,2020022701034461,GILB,51,34,99,"1,581.00","156,519.00"
2020-02-27,2020022701034460,GILB,37,34,40,"1,581.00","63,240.00"
2020-02-27,2020022701034381,GILB,37,14,60,"1,581.00","94,860.00"
2020-02-27,2020022701034380,GILB,17,14,50,"1,584.00","79,200.00"
2020-02-27,2020022701034379,GILB,37,14,100,"1,584.00","158,400.00"
2020-02-27,2020022701034378,GILB,14,14,20,"1,584.00","31,680.00"
2020-02-27,2020022701034377,GILB,17,14,100,"1,584.00","158,400.00"
2020-02-27,2020022701034376,GILB,22,14,20,"1,589.00","31,780.00"
2020-02-27,2020022701034375,GILB,35,14,30,"1,590.00","47,700.00"
2020-02-27,2020022701034374,GILB,6,14,10,"1,590.00","15,900.00"
2020-02-27,2020022701034373,GILB,39,14,10,"1,590.00","15,900.00"
2020-02-27,2020022701034167,GLBSL,39,10,107,831.00,"88,917.00"
2020-02-27,2020022701034166,GLBSL,39,42,40,830.00,"33,200.00"
2020-02-27,2020022701034459,GLICL,46,45,250,"1,010.00","252,500.00"
2020-02-27,2020022701034458,GLICL,46,14,250,"1,008.00","252,000.00"
2020-02-27,2020022701034432,GLICL,43,57,109,"1,005.00","109,545.00"
2020-02-27,2020022701034431,GLICL,34,57,20,"1,005.00","20,100.00"
2020-02-27,2020022701034344,GLICL,34,45,400,"1,005.00","402,000.00"
2020-02-27,2020022701034320,GLICL,34,26,30,"1,005.00","30,150.00"
2020-02-27,2020022701034319,GLICL,35,26,30,"1,008.00","30,240.00"
2020-02-27,2020022701034305,GLICL,35,34,70,"1,008.00","70,560.00"
2020-02-27,2020022701034131,GLICL,41,5,96,"1,006.00","96,576.00"
2020-02-27,2020022701034130,GLICL,39,5,100,"1,006.00","100,600.00"
2020-02-27,2020022701034220,GMFBS,17,56,10,"1,011.00","10,110.00"
2020-02-27,2020022701034040,GMFIL,16,4,"1,800",140.00,"252,000.00"
2020-02-27,2020022701034356,HBL,25,17,100,697.00,"69,700.00"
2020-02-27,2020022701034349,HBL,44,54,200,692.00,"138,400.00"
2020-02-27,2020022701034138,HBL,44,13,12,692.00,"8,304.00"
2020-02-27,2020022701034433,HDL,26,6,100,"1,809.00","180,900.00"
2020-02-27,2020022701034412,HDL,25,16,30,"1,805.00","54,150.00"
2020-02-27,2020022701034382,HDL,42,58,20,"1,810.00","36,200.00"
2020-02-27,2020022701034351,HDL,25,22,70,"1,805.00","126,350.00"
2020-02-27,2020022701034350,HDL,53,22,30,"1,805.00","54,150.00"
2020-02-27,2020022701034238,HDL,41,52,50,"1,804.00","90,200.00"
2020-02-27,2020022701034085,HDL,25,58,50,"1,810.00","90,500.00"
2020-02-27,2020022701034080,HDL,41,58,100,"1,810.00","181,000.00"
2020-02-27,2020022701034237,HDL,3,52,50,"1,810.00","90,500.00"
2020-02-27,2020022701034232,HDL,3,58,200,"1,810.00","362,000.00"
2020-02-27,2020022701034229,HDL,34,58,50,"1,810.00","90,500.00"
2020-02-27,2020022701034145,HDL,28,58,100,"1,810.00","181,000.00"
2020-02-27,2020022701034127,HDL,34,7,353,"1,807.00","637,871.00"
2020-02-27,2020022701034090,HDL,7,7,100,"1,808.00","180,800.00"
2020-02-27,2020022701034418,HGI,58,35,30,464.00,"13,920.00"
2020-02-27,2020022701034343,HGI,22,35,200,464.00,"92,800.00"
2020-02-27,2020022701034457,HIDCL,34,11,43,151.00,"6,493.00"
2020-02-27,2020022701034456,HIDCL,41,11,20,151.00,"3,020.00"
2020-02-27,2020022701034290,ICFC,55,58,70,207.00,"14,490.00"
2020-02-27,2020022701034452,ILBS,11,56,10,918.00,"9,180.00"
2020-02-27,2020022701034186,ILBS,28,39,50,924.00,"46,200.00"
2020-02-27,2020022701034221,JBBL,46,35,500,214.00,"107,000.00"
2020-02-27,2020022701034414,JSLBB,7,17,101,"1,892.00","191,092.00"
2020-02-27,2020022701034413,JSLBB,28,17,19,"1,920.00","36,480.00"
2020-02-27,2020022701034093,JSLBB,28,34,81,"1,920.00","155,520.00"
2020-02-27,2020022701034265,KBL,38,42,882,227.00,"200,214.00"
2020-02-27,2020022701034264,KBL,38,1,118,227.00,"26,786.00"
2020-02-27,2020022701034245,KBL,34,47,123,226.00,"27,798.00"
2020-02-27,2020022701034049,KBL,52,32,200,226.00,"45,200.00"
2020-02-27,2020022701034048,KBL,32,32,996,226.00,"225,096.00"
2020-02-27,2020022701033977,KBL,32,16,"1,000",226.00,"226,000.00"
2020-02-27,2020022701034087,KBL,58,46,"3,000",227.00,"681,000.00"
2020-02-27,2020022701034086,KBL,58,6,"2,000",227.00,"454,000.00"
2020-02-27,2020022701034064,KBL,34,51,200,226.00,"45,200.00"
2020-02-27,2020022701034050,KBL,22,32,500,226.00,"113,000.00"
2020-02-27,2020022701034369,KKHC,45,53,584,61.00,"35,624.00"
2020-02-27,2020022701034228,KMCDB,32,4,10,"1,085.00","10,850.00"
2020-02-27,2020022701034365,KPCL,52,14,10,119.00,"1,190.00"
2020-02-27,2020022701034429,KSBBL,45,32,"1,226",194.00,"237,844.00"
2020-02-27,2020022701034428,KSBBL,45,52,374,193.00,"72,182.00"
2020-02-27,2020022701034427,KSBBL,45,52,300,193.00,"57,900.00"
2020-02-27,2020022701034426,KSBBL,45,47,100,192.00,"19,200.00"
2020-02-27,2020022701034038,LBBL,51,13,40,217.00,"8,680.00"
2020-02-27,2020022701034037,LBBL,51,35,150,217.00,"32,550.00"
2020-02-27,2020022701034036,LBBL,51,13,10,217.00,"2,170.00"
2020-02-27,2020022701034008,LBBL,44,48,85,215.00,"18,275.00"
2020-02-27,2020022701034007,LBBL,17,48,500,215.00,"107,500.00"
2020-02-27,2020022701034006,LBBL,17,48,500,215.00,"107,500.00"
2020-02-27,2020022701034005,LBBL,37,48,32,215.00,"6,880.00"
2020-02-27,2020022701034004,LBBL,32,48,500,216.00,"108,000.00"
2020-02-27,2020022701034003,LBBL,32,48,383,216.00,"82,728.00"
2020-02-27,2020022701034072,LGIL,46,53,130,569.00,"73,970.00"
2020-02-27,2020022701034071,LGIL,46,53,80,568.00,"45,440.00"
2020-02-27,2020022701034054,LGIL,16,53,100,568.00,"56,800.00"
2020-02-27,2020022701034053,LGIL,48,53,50,568.00,"28,400.00"
2020-02-27,2020022701034425,LICN,14,26,100,"1,738.00","173,800.00"
2020-02-27,2020022701034291,LICN,57,46,61,"1,724.00","105,164.00"
2020-02-27,2020022701034278,LICN,57,11,254,"1,724.00","437,896.00"
2020-02-27,2020022701034277,LICN,57,11,70,"1,724.00","120,680.00"
2020-02-27,2020022701034276,LICN,13,11,100,"1,726.00","172,600.00"
2020-02-27,2020022701034275,LICN,57,11,500,"1,726.00","863,000.00"
2020-02-27,2020022701034274,LICN,17,11,876,"1,727.00","1,512,852.00"
2020-02-27,2020022701034154,LICN,17,40,124,"1,727.00","214,148.00"
2020-02-27,2020022701034153,LICN,17,40,276,"1,730.00","477,480.00"
2020-02-27,2020022701034348,MBL,33,46,134,283.00,"37,922.00"
2020-02-27,2020022701034180,MBL,39,45,475,287.00,"136,325.00"
2020-02-27,2020022701034179,MBL,39,39,150,286.00,"42,900.00"
2020-02-27,2020022701034178,MBL,39,44,132,286.00,"37,752.00"
2020-02-27,2020022701034177,MBL,39,35,243,284.00,"69,012.00"
2020-02-27,2020022701034148,MBL,38,35,807,284.00,"229,188.00"
2020-02-27,2020022701033984,MBL,38,53,643,285.00,"183,255.00"
2020-02-27,2020022701034357,MDB,38,42,"1,000",420.00,"420,000.00"
2020-02-27,2020022701034034,MDB,28,56,130,419.00,"54,470.00"
2020-02-27,2020022701034451,MEGA,6,46,244,255.00,"62,220.00"
2020-02-27,2020022701034383,MEGA,47,11,50,256.00,"12,800.00"
2020-02-27,2020022701034285,MEGA,6,7,311,255.00,"79,305.00"
2020-02-27,2020022701034218,MEGA,47,29,767,257.00,"197,119.00"
2020-02-27,2020022701034217,MEGA,47,42,213,257.00,"54,741.00"
2020-02-27,2020022701034216,MEGA,47,42,20,256.00,"5,120.00"
2020-02-27,2020022701034136,MEGA,34,22,200,256.00,"51,200.00"
2020-02-27,2020022701034230,MHNL,25,54,30,98.00,"2,940.00"
2020-02-27,2020022701034253,MNBBL,16,7,100,390.00,"39,000.00"
2020-02-27,2020022701034198,MNBBL,46,7,199,390.00,"77,610.00"
2020-02-27,2020022701034368,MPFL,32,17,"2,900",130.00,"377,000.00"
2020-02-27,2020022701034389,NABIL,28,5,40,948.00,"37,920.00"
2020-02-27,2020022701034388,NABIL,28,41,160,945.00,"151,200.00"
2020-02-27,2020022701034387,NABIL,28,38,50,945.00,"47,250.00"
2020-02-27,2020022701034236,NABIL,50,5,370,948.00,"350,760.00"
2020-02-27,2020022701034235,NABIL,50,55,100,947.00,"94,700.00"
2020-02-27,2020022701034234,NABIL,50,11,30,945.00,"28,350.00"
2020-02-27,2020022701034171,NABIL,50,11,100,945.00,"94,500.00"
2020-02-27,2020022701034100,NABIL,46,11,20,945.00,"18,900.00"
2020-02-27,2020022701034391,NADEP,46,39,300,798.00,"239,400.00"
2020-02-27,2020022701034390,NADEP,46,28,186,798.00,"148,428.00"
2020-02-27,2020022701034213,NADEP,14,38,10,795.00,"7,950.00"
2020-02-27,2020022701034141,NADEP,6,38,20,795.00,"15,900.00"
2020-02-27,2020022701034372,NBB,38,22,"1,000",248.00,"248,000.00"
2020-02-27,2020022701034182,NBB,52,22,100,248.00,"24,800.00"
2020-02-27,2020022701034045,NBB,56,28,500,247.00,"123,500.00"
2020-02-27,2020022701034035,NBB,56,17,300,247.00,"74,100.00"
2020-02-27,2020022701034021,NBB,56,54,300,247.00,"74,100.00"
2020-02-27,2020022701034042,NBL,56,6,50,315.00,"15,750.00"
2020-02-27,2020022701034011,NBL,20,6,"3,795",315.00,"1,195,425.00"
2020-02-27,2020022701034010,NBL,20,59,705,315.00,"222,075.00"
2020-02-27,2020022701034009,NBL,20,22,500,315.00,"157,500.00"
2020-02-27,2020022701034345,NCCB,34,28,500,222.00,"111,000.00"
2020-02-27,2020022701034336,NCCB,58,33,200,221.00,"44,200.00"
2020-02-27,2020022701034082,NCCB,56,52,440,220.00,"96,800.00"
2020-02-27,2020022701034081,NCCB,38,52,460,221.00,"101,660.00"
2020-02-27,2020022701034445,NFS,48,19,10,162.00,"1,620.00"
2020-02-27,2020022701034454,NGPL,56,39,500,139.00,"69,500.00"
2020-02-27,2020022701034015,NHPC,21,55,"1,000",69.00,"69,000.00"
2020-02-27,2020022701034014,NHPC,57,55,"1,500",69.00,"103,500.00"
2020-02-27,2020022701034430,NIB,53,53,100,484.00,"48,400.00"
2020-02-27,2020022701034360,NIB,53,53,232,484.00,"112,288.00"
2020-02-27,2020022701034359,NIB,53,54,30,484.00,"14,520.00"
2020-02-27,2020022701034358,NIB,53,53,20,483.00,"9,660.00"
2020-02-27,2020022701034289,NIB,34,22,177,483.00,"85,491.00"
2020-02-27,2020022701034269,NIB,22,38,20,481.00,"9,620.00"
2020-02-27,2020022701033986,NIB,22,17,200,481.00,"96,200.00"
2020-02-27,2020022701033985,NIB,22,22,34,480.00,"16,320.00"
2020-02-27,2020022701034173,NIBPO,22,34,30,405.00,"12,150.00"
2020-02-27,2020022701034172,NIBPO,22,47,100,405.00,"40,500.00"
2020-02-27,2020022701034083,NIBPO,22,14,200,404.00,"80,800.00"
2020-02-27,2020022701034271,NICA,58,44,"1,220",650.00,"793,000.00"
2020-02-27,2020022701034212,NICA,58,44,280,650.00,"182,000.00"
2020-02-27,2020022701034211,NICA,58,28,250,650.00,"162,500.00"
2020-02-27,2020022701034210,NICA,58,11,100,650.00,"65,000.00"
2020-02-27,2020022701034209,NICA,58,42,100,650.00,"65,000.00"
2020-02-27,2020022701034208,NICA,58,40,150,650.00,"97,500.00"
2020-02-27,2020022701034024,NICA,53,41,200,646.00,"129,200.00"
2020-02-27,2020022701034018,NICA,58,33,"2,000",647.00,"1,294,000.00"
2020-02-27,2020022701033996,NICA,58,16,100,645.00,"64,500.00"
2020-02-27,2020022701033981,NICA,58,48,440,646.00,"284,240.00"
2020-02-27,2020022701033980,NICA,58,52,50,646.00,"32,300.00"
2020-02-27,2020022701033979,NICA,58,50,800,646.00,"516,800.00"
2020-02-27,2020022701034115,NICA,53,57,800,646.00,"516,800.00"
2020-02-27,2020022701034114,NICA,38,57,200,648.00,"129,600.00"
2020-02-27,2020022701034110,NICA,38,50,100,648.00,"64,800.00"
2020-02-27,2020022701034103,NICA,38,14,200,648.00,"129,600.00"
2020-02-27,2020022701034070,NICA,53,45,100,646.00,"64,600.00"
2020-02-27,2020022701034044,NICA,53,14,100,648.00,"64,800.00"
2020-02-27,2020022701034207,NICA,58,35,500,650.00,"325,000.00"
2020-02-27,2020022701034206,NICA,58,25,20,650.00,"13,000.00"
2020-02-27,2020022701034205,NICA,58,14,100,648.00,"64,800.00"
2020-02-27,2020022701034119,NICA,58,44,750,650.00,"487,500.00"
2020-02-27,2020022701034118,NICA,58,33,"1,000",649.00,"649,000.00"
2020-02-27,2020022701034117,NICA,58,51,50,649.00,"32,450.00"
2020-02-27,2020022701034386,NICL,6,28,104,520.00,"54,080.00"
2020-02-27,2020022701034385,NICL,35,28,100,520.00,"52,000.00"
2020-02-27,2020022701034384,NICL,58,28,50,521.00,"26,050.00"
2020-02-27,2020022701034370,NIL,6,43,10,673.00,"6,730.00"
2020-02-27,2020022701034047,NIL,14,43,50,673.00,"33,650.00"
2020-02-27,2020022701034013,NIL,17,43,240,673.00,"161,520.00"
2020-02-27,2020022701033994,NIL,17,55,160,673.00,"107,680.00"
2020-02-27,2020022701033993,NIL,17,52,100,673.00,"67,300.00"
2020-02-27,2020022701034133,NLG,57,55,50,730.00,"36,500.00"
2020-02-27,2020022701034465,NLIC,57,58,100,"1,459.00","145,900.00"
2020-02-27,2020022701034362,NLIC,34,58,50,"1,459.00","72,950.00"
2020-02-27,2020022701034347,NLIC,38,58,200,"1,459.00","291,800.00"
2020-02-27,2020022701034254,NLIC,5,13,151,"1,455.00","219,705.00"
2020-02-27,2020022701034098,NLIC,52,32,"1,000","1,451.00","1,451,000.00"
2020-02-27,2020022701034089,NLIC,34,58,120,"1,459.00","175,080.00"
2020-02-27,2020022701034069,NLIC,34,58,362,"1,459.00","528,158.00"
2020-02-27,2020022701034056,NLIC,42,58,100,"1,459.00","145,900.00"
2020-02-27,2020022701033976,NLIC,58,58,50,"1,459.00","72,950.00"
2020-02-27,2020022701033975,NLIC,14,58,169,"1,459.00","246,571.00"
2020-02-27,2020022701033974,NLIC,14,42,31,"1,451.00","44,981.00"
2020-02-27,2020022701034078,NLICL,32,11,500,850.00,"425,000.00"
2020-02-27,2020022701033978,NLICL,57,8,200,852.00,"170,400.00"
2020-02-27,2020022701034286,NMB,53,57,500,497.00,"248,500.00"
2020-02-27,2020022701034248,NMB,38,57,449,497.00,"223,153.00"
2020-02-27,2020022701034197,NMB,42,56,700,498.00,"348,600.00"
2020-02-27,2020022701034135,NMB,38,56,"1,000",498.00,"498,000.00"
2020-02-27,2020022701034057,NMB,19,56,50,498.00,"24,900.00"
2020-02-27,2020022701034016,NMB,42,56,50,498.00,"24,900.00"
2020-02-27,2020022701034063,NMBMF,34,51,30,"1,115.00","33,450.00"
2020-02-27,2020022701033970,NMBMF,34,50,30,"1,115.00","33,450.00"
2020-02-27,2020022701034330,NMFBS,33,35,15,"2,090.00","31,350.00"
2020-02-27,2020022701034084,NMFBS,33,48,25,"2,052.00","51,300.00"
2020-02-27,2020022701034200,OHL,51,8,100,525.00,"52,500.00"
2020-02-27,2020022701034257,OHL,38,57,129,522.00,"67,338.00"
2020-02-27,2020022701034256,OHL,19,57,50,522.00,"26,100.00"
2020-02-27,2020022701034282,PCBL,28,35,"1,000",336.00,"336,000.00"
2020-02-27,2020022701034258,PCBL,21,59,450,335.00,"150,750.00"
2020-02-27,2020022701034196,PCBL,34,35,400,336.00,"134,400.00"
2020-02-27,2020022701034187,PCBL,25,35,500,336.00,"168,000.00"
2020-02-27,2020022701034104,PCBL,45,35,100,336.00,"33,600.00"
2020-02-27,2020022701034039,PCBL,38,35,"1,000",336.00,"336,000.00"
2020-02-27,2020022701034266,PIC,25,17,10,718.00,"7,180.00"
2020-02-27,2020022701034068,PIC,33,1,240,715.00,"171,600.00"
2020-02-27,2020022701034067,PIC,52,1,100,715.00,"71,500.00"
2020-02-27,2020022701034066,PIC,34,1,10,715.00,"7,150.00"
2020-02-27,2020022701034144,PICL,45,6,100,568.00,"56,800.00"
2020-02-27,2020022701034143,PICL,22,6,200,568.00,"113,600.00"
2020-02-27,2020022701034255,PLIC,13,4,500,693.00,"346,500.00"
2020-02-27,2020022701034146,PLIC,16,32,696,690.00,"480,240.00"
2020-02-27,2020022701034464,PRIN,57,7,100,519.00,"51,900.00"
2020-02-27,2020022701034444,PRIN,10,7,200,519.00,"103,800.00"
2020-02-27,2020022701034273,PRIN,10,26,200,519.00,"103,800.00"
2020-02-27,2020022701034272,PRIN,10,42,200,518.00,"103,600.00"
2020-02-27,2020022701034020,PRIN,51,45,30,517.00,"15,510.00"
2020-02-27,2020022701034019,PRIN,33,54,52,517.00,"26,884.00"
2020-02-27,2020022701033972,PRIN,22,54,500,518.00,"259,000.00"
2020-02-27,2020022701033971,PRIN,22,54,200,518.00,"103,600.00"
2020-02-27,2020022701034033,PROFL,34,52,90,114.00,"10,260.00"
2020-02-27,2020022701034450,PRVU,39,58,510,284.00,"144,840.00"
2020-02-27,2020022701034449,PRVU,39,58,290,283.00,"82,070.00"
2020-02-27,2020022701034424,PRVU,58,58,490,283.00,"138,670.00"
2020-02-27,2020022701034423,PRVU,58,13,100,283.00,"28,300.00"
2020-02-27,2020022701034422,PRVU,58,55,300,283.00,"84,900.00"
2020-02-27,2020022701034421,PRVU,58,58,500,283.00,"141,500.00"
2020-02-27,2020022701034199,PRVU,39,8,226,283.00,"63,958.00"
2020-02-27,2020022701034183,PRVU,8,6,100,282.00,"28,200.00"
2020-02-27,2020022701034140,PRVU,8,25,100,282.00,"28,200.00"
2020-02-27,2020022701034137,PRVU,8,51,200,282.00,"56,400.00"
2020-02-27,2020022701034420,PRVU,58,42,500,283.00,"141,500.00"
2020-02-27,2020022701034419,PRVU,58,8,"4,110",283.00,"1,163,130.00"
2020-02-27,2020022701034332,PRVU,39,8,200,283.00,"56,600.00"
2020-02-27,2020022701034250,PRVU,54,8,100,283.00,"28,300.00"
2020-02-27,2020022701034367,RBCL,3,17,20,"12,370.00","247,400.00"
2020-02-27,2020022701034301,RBCL,3,33,10,"12,300.00","123,000.00"
2020-02-27,2020022701033995,RBCL,16,58,50,"12,300.00","615,000.00"
2020-02-27,2020022701034267,RBCLPO,33,58,15,"10,600.00","159,000.00"
2020-02-27,2020022701034079,RBCLPO,3,7,10,"10,600.00","106,000.00"
2020-02-27,2020022701034262,RHPL,42,34,170,170.00,"28,900.00"
2020-02-27,2020022701034261,RHPL,42,48,30,170.00,"5,100.00"
2020-02-27,2020022701034439,RMDC,45,1,15,855.00,"12,825.00"
2020-02-27,2020022701034448,RSDC,25,6,50,647.00,"32,350.00"
2020-02-27,2020022701034150,RSDC,59,17,88,646.00,"56,848.00"
2020-02-27,2020022701034149,RSDC,57,14,100,650.00,"65,000.00"
2020-02-27,2020022701033987,RSDC,59,45,30,646.00,"19,380.00"
2020-02-27,2020022701034342,SABSL,6,50,10,978.00,"9,780.00"
2020-02-27,2020022701034341,SABSL,22,50,70,978.00,"68,460.00"
2020-02-27,2020022701034132,SADBL,52,39,300,189.00,"56,700.00"
2020-02-27,2020022701034046,SADBL,32,28,560,188.00,"105,280.00"
2020-02-27,2020022701034022,SADBL,32,32,300,188.00,"56,400.00"
2020-02-27,2020022701034455,SANIMA,41,45,28,423.00,"11,844.00"
2020-02-27,2020022701034364,SANIMA,58,46,"1,000",424.00,"424,000.00"
2020-02-27,2020022701034147,SANIMA,33,46,55,424.00,"23,320.00"
2020-02-27,2020022701034017,SANIMA,11,46,100,424.00,"42,400.00"
2020-02-27,2020022701034231,SBL,17,35,813,376.00,"305,688.00"
2020-02-27,2020022701034181,SBL,44,14,100,375.00,"37,500.00"
2020-02-27,2020022701034108,SBL,29,35,187,376.00,"70,312.00"
2020-02-27,2020022701034097,SBL,38,22,90,380.00,"34,200.00"
2020-02-27,2020022701034096,SBL,38,33,200,380.00,"76,000.00"
2020-02-27,2020022701034095,SBL,38,52,50,380.00,"19,000.00"
2020-02-27,2020022701034094,SBL,38,49,160,380.00,"60,800.00"
2020-02-27,2020022701034062,SBL,29,45,813,376.00,"305,688.00"
2020-02-27,2020022701034061,SBL,21,45,"2,000",377.00,"754,000.00"
2020-02-27,2020022701034060,SBL,17,45,152,377.00,"57,304.00"
2020-02-27,2020022701034059,SBL,49,45,363,378.00,"137,214.00"
2020-02-27,2020022701034058,SBL,56,45,75,379.00,"28,425.00"
2020-02-27,2020022701034438,SCB,40,51,116,837.00,"97,092.00"
2020-02-27,2020022701034437,SCB,40,22,49,837.00,"41,013.00"
2020-02-27,2020022701034436,SCB,40,7,87,836.00,"72,732.00"
2020-02-27,2020022701034435,SCB,40,29,35,830.00,"29,050.00"
2020-02-27,2020022701034001,SCB,54,17,22,833.00,"18,326.00"
2020-02-27,2020022701034076,SCB,58,45,500,835.00,"417,500.00"
2020-02-27,2020022701034075,SCB,58,50,200,835.00,"167,000.00"
2020-02-27,2020022701034074,SCB,58,25,20,835.00,"16,700.00"
2020-02-27,2020022701034073,SCB,58,52,57,835.00,"47,595.00"
2020-02-27,2020022701034043,SCB,46,52,13,835.00,"10,855.00"
2020-02-27,2020022701034002,SCB,50,17,38,833.00,"31,654.00"
2020-02-27,2020022701034346,SCB,57,29,165,830.00,"136,950.00"
2020-02-27,2020022701034252,SCB,17,7,13,836.00,"10,868.00"
2020-02-27,2020022701034251,SCB,17,52,87,836.00,"72,732.00"
2020-02-27,2020022701034077,SCB,58,52,13,836.00,"10,868.00"
2020-02-27,2020022701034023,SDESI,45,57,30,"1,190.00","35,700.00"
2020-02-27,2020022701034453,SHIVM,48,3,280,702.00,"196,560.00"
2020-02-27,2020022701034399,SHIVM,7,55,180,700.00,"126,000.00"
2020-02-27,2020022701034398,SHIVM,41,55,100,700.00,"70,000.00"
2020-02-27,2020022701033990,SHIVM,45,38,200,701.00,"140,200.00"
2020-02-27,2020022701034125,SHIVM,7,17,250,699.00,"174,750.00"
2020-02-27,2020022701034124,SHIVM,45,17,250,700.00,"175,000.00"
2020-02-27,2020022701034123,SHIVM,6,17,200,701.00,"140,200.00"
2020-02-27,2020022701034122,SHIVM,7,17,200,701.00,"140,200.00"
2020-02-27,2020022701034102,SHIVM,7,38,460,701.00,"322,460.00"
2020-02-27,2020022701033991,SHIVM,45,38,100,700.00,"70,000.00"
2020-02-27,2020022701034327,SHIVM,57,3,50,702.00,"35,100.00"
2020-02-27,2020022701034326,SHIVM,57,8,50,702.00,"35,100.00"
2020-02-27,2020022701034188,SHIVM,7,19,50,699.00,"34,950.00"
2020-02-27,2020022701034126,SHIVM,10,17,100,699.00,"69,900.00"
2020-02-27,2020022701034055,SHPC,56,25,300,252.00,"75,600.00"
2020-02-27,2020022701034111,SIC,50,51,10,832.00,"8,320.00"
2020-02-27,2020022701034318,SICL,32,58,200,"1,158.00","231,600.00"
2020-02-27,2020022701034317,SICL,32,6,100,"1,158.00","115,800.00"
2020-02-27,2020022701034353,SIL,52,57,236,666.00,"157,176.00"
2020-02-27,2020022701034352,SIL,22,57,174,666.00,"115,884.00"
2020-02-27,2020022701034328,SIL,10,33,200,668.00,"133,600.00"
2020-02-27,2020022701034321,SIL,25,33,10,668.00,"6,680.00"
2020-02-27,2020022701034247,SJCL,7,22,490,164.00,"80,360.00"
2020-02-27,2020022701034246,SJCL,7,56,10,164.00,"1,640.00"
2020-02-27,2020022701034134,SJCL,55,56,20,164.00,"3,280.00"
2020-02-27,2020022701034113,SJCL,55,59,10,164.00,"1,640.00"
2020-02-27,2020022701034112,SJCL,55,43,120,164.00,"19,680.00"
2020-02-27,2020022701034467,SKBBL,51,41,10,"1,349.00","13,490.00"
2020-02-27,2020022701034393,SLICL,3,35,200,553.00,"110,600.00"
2020-02-27,2020022701034392,SLICL,51,35,30,553.00,"16,590.00"
2020-02-27,2020022701034129,SLICL,17,35,47,554.00,"26,038.00"
2020-02-27,2020022701034000,SLICL,17,35,500,554.00,"277,000.00"
2020-02-27,2020022701033999,SLICL,17,28,400,554.00,"221,600.00"
2020-02-27,2020022701033998,SLICL,17,46,53,553.00,"29,309.00"
2020-02-27,2020022701033973,SLICL,13,46,110,553.00,"60,830.00"
2020-02-27,2020022701034032,SMFBS,34,14,10,"1,305.00","13,050.00"
2020-02-27,2020022701034031,SMFBS,34,51,20,"1,300.00","26,000.00"
2020-02-27,2020022701034030,SMFBS,34,26,90,"1,300.00","117,000.00"
2020-02-27,2020022701034443,SPARS,17,39,10,"1,036.00","10,360.00"
2020-02-27,2020022701034442,SPARS,17,19,50,"1,035.00","51,750.00"
2020-02-27,2020022701034441,SPARS,17,39,400,"1,030.00","412,000.00"
2020-02-27,2020022701034440,SPARS,17,22,100,"1,029.00","102,900.00"
2020-02-27,2020022701034156,SPARS,17,55,440,"1,020.00","448,800.00"
2020-02-27,2020022701034155,SPARS,49,55,10,"1,025.00","10,250.00"
2020-02-27,2020022701034335,SRBL,58,42,71,298.00,"21,158.00"
2020-02-27,2020022701034334,SRBL,10,42,340,298.00,"101,320.00"
2020-02-27,2020022701034333,SRBL,55,42,35,298.00,"10,430.00"
2020-02-27,2020022701034287,SRBL,26,35,500,299.00,"149,500.00"
2020-02-27,2020022701034268,SRBL,19,35,52,299.00,"15,548.00"
2020-02-27,2020022701034260,SRBL,45,25,110,300.00,"33,000.00"
2020-02-27,2020022701034101,SRBL,19,58,193,299.00,"57,707.00"
2020-02-27,2020022701034088,SRBL,45,25,500,300.00,"150,000.00"
2020-02-27,2020022701034029,SWBBL,45,50,70,"1,370.00","95,900.00"
2020-02-27,2020022701034028,SWBBL,45,50,100,"1,371.00","137,100.00"
2020-02-27,2020022701034027,SWBBL,36,50,100,"1,371.00","137,100.00"
2020-02-27,2020022701034026,SWBBL,45,50,30,"1,372.00","41,160.00"
2020-02-27,2020022701034025,SWBBL,41,50,300,"1,372.00","411,600.00"
2020-02-27,2020022701034325,TRH,51,46,920,311.00,"286,120.00"
2020-02-27,2020022701034324,TRH,7,46,950,311.00,"295,450.00"
2020-02-27,2020022701034323,TRH,13,46,"1,000",312.00,"312,000.00"
2020-02-27,2020022701034322,TRH,52,46,130,312.00,"40,560.00"
2020-02-27,2020022701034222,TRH,52,34,370,312.00,"115,440.00"
2020-02-27,2020022701034394,UIC,50,7,200,432.00,"86,400.00"
2020-02-27,2020022701034366,UIC,20,7,250,432.00,"108,000.00"
2020-02-27,2020022701034241,UIC,35,14,325,431.00,"140,075.00"
2020-02-27,2020022701034240,UIC,34,14,13,431.00,"5,603.00"
2020-02-27,2020022701034239,UIC,39,14,100,432.00,"43,200.00"
2020-02-27,2020022701034099,UIC,42,43,200,434.00,"86,800.00"
2020-02-27,2020022701034397,UPCL,37,48,465,87.00,"40,455.00"
2020-02-27,2020022701034107,UPCL,37,53,40,87.00,"3,480.00"
2020-02-27,2020022701034106,UPCL,4,53,20,87.00,"1,740.00"
2020-02-27,2020022701034105,UPCL,14,53,190,87.00,"16,530.00"
2020-02-27,2020022701034284,UPPER,22,45,325,250.00,"81,250.00"
2020-02-27,2020022701034283,UPPER,13,45,175,251.00,"43,925.00"
2020-02-27,2020022701034249,UPPER,6,6,100,253.00,"25,300.00"
2020-02-27,2020022701034340,VLBS,45,29,28,"1,250.00","35,000.00"
2020-02-27,2020022701034339,VLBS,45,11,22,"1,250.00","27,500.00"
2020-02-27,2020022701034338,VLBS,45,6,13,"1,250.00","16,250.00"
2020-02-27,2020022701034337,VLBS,45,17,190,"1,240.00","235,600.00"
2020-02-27,2020022701034244,VLBS,17,22,100,"1,230.00","123,000.00"
2020-02-27,2020022701034259,WOMI,7,34,20,"1,348.00","26,960.00"
2020-02-27,2020022701034202,WOMI,7,34,450,"1,348.00","606,600.00"
2020-02-27,2020022701034201,WOMI,7,11,50,"1,347.00","67,350.00"
2020-02-27,2020022701034121,WOMI,55,34,108,"1,343.00","145,044.00"
2020-02-27,2020022701034120,WOMI,1,34,67,"1,343.00","89,981.00"
2020-02-27,2020022701034012,WOMI,16,11,50,"1,347.00","67,350.00"
2020-02-27,2020022701033746,ADBL,41,40,50,464.00,"23,200.00"
2020-02-27,2020022701033745,ADBL,41,38,450,463.00,"208,350.00"
2020-02-27,2020022701033679,ADBL,14,34,483,462.00,"223,146.00"
2020-02-27,2020022701033583,AKPL,46,35,150,138.00,"20,700.00"
2020-02-27,2020022701033903,ALBSL,32,35,400,868.00,"347,200.00"
2020-02-27,2020022701033617,ALBSL,32,1,100,868.00,"86,800.00"
2020-02-27,2020022701033618,ALICL,52,32,43,680.00,"29,240.00"
2020-02-27,2020022701033924,API,47,58,578,150.00,"86,700.00"
2020-02-27,2020022701033923,API,7,58,200,150.00,"30,000.00"
2020-02-27,2020022701033922,API,10,58,500,150.00,"75,000.00"
2020-02-27,2020022701033921,API,52,58,150,150.00,"22,500.00"
2020-02-27,2020022701033920,API,49,58,50,150.00,"7,500.00"
2020-02-27,2020022701033919,API,57,58,100,150.00,"15,000.00"
2020-02-27,2020022701033471,API,48,13,18,150.00,"2,700.00"
2020-02-27,2020022701033712,API,45,33,78,150.00,"11,700.00"
2020-02-27,2020022701033711,API,47,33,200,150.00,"30,000.00"
2020-02-27,2020022701033710,API,48,33,100,150.00,"15,000.00"
2020-02-27,2020022701033709,API,48,33,22,150.00,"3,300.00"
2020-02-27,2020022701033656,API,20,13,90,151.00,"13,590.00"
2020-02-27,2020022701033498,API,16,13,190,151.00,"28,690.00"
2020-02-27,2020022701033918,API,46,58,200,150.00,"30,000.00"
2020-02-27,2020022701033917,API,22,58,200,150.00,"30,000.00"
2020-02-27,2020022701033916,API,45,58,22,150.00,"3,300.00"
2020-02-27,2020022701033859,API,14,39,200,151.00,"30,200.00"
2020-02-27,2020022701033813,API,33,39,661,151.00,"99,811.00"
2020-02-27,2020022701033812,API,33,13,339,151.00,"51,189.00"
2020-02-27,2020022701033605,BARUN,25,58,10,101.00,"1,010.00"
2020-02-27,2020022701033510,BARUN,25,50,10,101.00,"1,010.00"
2020-02-27,2020022701033586,BFC,10,13,180,110.00,"19,800.00"
2020-02-27,2020022701033529,BFC,38,57,100,111.00,"11,100.00"
2020-02-27,2020022701033926,BOKL,28,46,200,286.00,"57,200.00"
2020-02-27,2020022701033875,BOKL,53,46,202,286.00,"57,772.00"
2020-02-27,2020022701033777,BOKL,38,22,200,285.00,"57,000.00"
2020-02-27,2020022701033776,BOKL,38,17,136,285.00,"38,760.00"
2020-02-27,2020022701033775,BOKL,38,54,"1,000",285.00,"285,000.00"
2020-02-27,2020022701033774,BOKL,38,41,300,285.00,"85,500.00"
2020-02-27,2020022701033773,BOKL,38,42,100,285.00,"28,500.00"
2020-02-27,2020022701033772,BOKL,38,41,999,285.00,"284,715.00"
2020-02-27,2020022701033524,BOKL,54,41,170,285.00,"48,450.00"
2020-02-27,2020022701033726,BPCL,44,45,50,402.00,"20,100.00"
2020-02-27,2020022701033528,BPCL,25,51,500,403.00,"201,500.00"
2020-02-27,2020022701033800,CBBL,6,54,10,"1,295.00","12,950.00"
2020-02-27,2020022701033857,CBL,16,34,100,162.00,"16,200.00"
2020-02-27,2020022701033856,CBL,16,42,"1,000",162.00,"162,000.00"
2020-02-27,2020022701033845,CBL,38,42,"1,000",162.00,"162,000.00"
2020-02-27,2020022701033616,CBL,33,16,"1,000",162.00,"162,000.00"
2020-02-27,2020022701033615,CBL,8,16,313,162.00,"50,706.00"
2020-02-27,2020022701033551,CBL,8,58,122,162.00,"19,764.00"
2020-02-27,2020022701033477,CBL,8,14,500,162.00,"81,000.00"
2020-02-27,2020022701033967,CCBL,32,35,800,201.00,"160,800.00"
2020-02-27,2020022701033818,CCBL,58,35,200,201.00,"40,200.00"
2020-02-27,2020022701033755,CCBL,35,35,100,201.00,"20,100.00"
2020-02-27,2020022701033754,CCBL,35,35,500,201.00,"100,500.00"
2020-02-27,2020022701033753,CCBL,33,35,"1,000",201.00,"201,000.00"
2020-02-27,2020022701033752,CCBL,16,35,100,201.00,"20,100.00"
2020-02-27,2020022701033682,CCBL,16,33,300,201.00,"60,300.00"
2020-02-27,2020022701033564,CCBL,16,17,"1,600",201.00,"321,600.00"
2020-02-27,2020022701033563,CCBL,41,17,73,201.00,"14,673.00"
2020-02-27,2020022701033769,CFCL,7,22,124,151.00,"18,724.00"
2020-02-27,2020022701033527,CHCL,33,39,200,463.00,"92,600.00"
2020-02-27,2020022701033899,CIT,41,57,40,"3,029.00","121,160.00"
2020-02-27,2020022701033898,CIT,40,57,200,"3,029.00","605,800.00"
2020-02-27,2020022701033897,CIT,35,57,50,"3,029.00","151,450.00"
2020-02-27,2020022701033896,CIT,22,57,50,"3,029.00","151,450.00"
2020-02-27,2020022701033895,CIT,46,57,50,"3,030.00","151,500.00"
2020-02-27,2020022701033894,CIT,41,57,100,"3,038.00","303,800.00"
2020-02-27,2020022701033789,CIT,26,28,50,"3,050.00","152,500.00"
2020-02-27,2020022701033767,CIT,26,28,50,"3,050.00","152,500.00"
2020-02-27,2020022701033665,CIT,35,28,16,"3,050.00","48,800.00"
2020-02-27,2020022701033893,CIT,51,57,10,"3,038.00","30,380.00"
2020-02-27,2020022701033892,CIT,17,57,100,"3,038.00","303,800.00"
2020-02-27,2020022701033891,CIT,36,57,100,"3,038.00","303,800.00"
2020-02-27,2020022701033890,CIT,51,57,100,"3,040.00","304,000.00"
2020-02-27,2020022701033880,CIT,19,33,100,"3,041.00","304,100.00"
2020-02-27,2020022701033817,CIT,45,28,11,"3,050.00","33,550.00"
2020-02-27,2020022701033884,CLBSL,19,39,10,"1,417.00","14,170.00"
2020-02-27,2020022701033836,CLBSL,38,28,234,"1,418.00","331,812.00"
2020-02-27,2020022701033835,CLBSL,45,28,10,"1,440.00","14,400.00"
2020-02-27,2020022701033834,CLBSL,6,28,200,"1,440.00","288,000.00"
2020-02-27,2020022701033833,CLBSL,19,28,56,"1,441.00","80,696.00"
2020-02-27,2020022701033814,CLBSL,19,39,10,"1,441.00","14,410.00"
2020-02-27,2020022701033801,CLBSL,19,45,24,"1,441.00","34,584.00"
2020-02-27,2020022701033703,CLBSL,19,39,10,"1,441.00","14,410.00"
2020-02-27,2020022701033628,CLBSL,54,53,20,"1,446.00","28,920.00"
2020-02-27,2020022701033587,CLBSL,8,53,50,"1,446.00","72,300.00"
2020-02-27,2020022701033910,CZBIL,42,39,100,228.00,"22,800.00"
2020-02-27,2020022701033909,CZBIL,42,54,480,228.00,"109,440.00"
