Date,Transact. No.,Symbol,Buyer,Seller,Quantity,Rate,Amount
2019-04-04,2019040401006787,ADBL,42,34,100,304.00,"30,400.00"
2019-04-04,2019040401006786,ADBL,42,17,100,303.00,"30,300.00"
2019-04-04,2019040401006488,ADBL,59,29,87,302.00,"26,274.00"
2019-04-04,2019040401006487,ADBL,17,29,263,302.00,"79,426.00"
2019-04-04,2019040401006461,ADBL,26,58,70,303.00,"21,210.00"
2019-04-04,2019040401006460,ADBL,26,48,189,303.00,"57,267.00"
2019-04-04,2019040401006870,AHPC,28,37,10,105.00,"1,050.00"
2019-04-04,2019040401006869,AHPC,28,40,33,104.00,"3,432.00"
2019-04-04,2019040401006851,ALBSL,1,10,10,477.00,"4,770.00"
2019-04-04,2019040401006850,ALBSL,1,10,10,477.00,"4,770.00"
2019-04-04,2019040401006813,ALBSL,29,10,10,477.00,"4,770.00"
2019-04-04,2019040401006734,ALBSL,8,8,10,476.00,"4,760.00"
2019-04-04,2019040401006718,ALBSL,8,8,10,476.00,"4,760.00"
2019-04-04,2019040401006692,ALBSL,8,8,10,476.00,"4,760.00"
2019-04-04,2019040401006665,ALBSL,8,8,10,476.00,"4,760.00"
2019-04-04,2019040401006664,ALBSL,8,35,20,476.00,"9,520.00"
2019-04-04,2019040401006647,ALBSL,8,8,10,476.00,"4,760.00"
2019-04-04,2019040401006620,ALBSL,8,58,10,476.00,"4,760.00"
2019-04-04,2019040401006445,ALBSL,8,1,10,476.00,"4,760.00"
2019-04-04,2019040401006714,API,6,25,"1,144",136.00,"155,584.00"
2019-04-04,2019040401006713,API,6,57,300,136.00,"40,800.00"
2019-04-04,2019040401006474,API,57,13,450,135.00,"60,750.00"
2019-04-04,2019040401006473,API,57,57,233,135.00,"31,455.00"
2019-04-04,2019040401006820,BHBL,33,22,10,165.00,"1,650.00"
2019-04-04,2019040401006800,BHBL,33,1,15,164.00,"2,460.00"
2019-04-04,2019040401006416,BHBL,5,43,150,163.00,"24,450.00"
2019-04-04,2019040401006415,BHBL,38,43,50,163.00,"8,150.00"
2019-04-04,2019040401006414,BHBL,57,43,300,163.00,"48,900.00"
2019-04-04,2019040401006379,BHBL,22,48,100,164.00,"16,400.00"
2019-04-04,2019040401006856,BOKL,45,48,100,249.00,"24,900.00"
2019-04-04,2019040401006747,BOKL,47,55,100,248.00,"24,800.00"
2019-04-04,2019040401006779,BPCL,25,25,20,358.00,"7,160.00"
2019-04-04,2019040401006693,BPCL,25,25,20,358.00,"7,160.00"
2019-04-04,2019040401006645,BPCL,17,39,200,360.00,"72,000.00"
2019-04-04,2019040401006644,BPCL,17,50,245,360.00,"88,200.00"
2019-04-04,2019040401006541,BPCL,7,50,180,360.00,"64,800.00"
2019-04-04,2019040401006540,BPCL,7,25,20,359.00,"7,180.00"
2019-04-04,2019040401006514,BPCL,17,46,36,358.00,"12,888.00"
2019-04-04,2019040401006513,BPCL,36,46,14,359.00,"5,026.00"
2019-04-04,2019040401006600,CBBL,33,6,20,890.00,"17,800.00"
2019-04-04,2019040401006730,CBL,45,49,200,160.00,"32,000.00"
2019-04-04,2019040401006711,CBL,22,35,82,159.00,"13,038.00"
2019-04-04,2019040401006588,CBL,39,49,10,160.00,"1,600.00"
2019-04-04,2019040401006595,CCBL,47,32,100,167.00,"16,700.00"
2019-04-04,2019040401006840,CEFL,4,22,18,101.00,"1,818.00"
2019-04-04,2019040401006855,CHCL,17,32,250,502.00,"125,500.00"
2019-04-04,2019040401006854,CHCL,40,32,100,502.00,"50,200.00"
2019-04-04,2019040401006740,CHCL,37,32,150,503.00,"75,450.00"
2019-04-04,2019040401006642,CHCL,37,17,50,503.00,"25,150.00"
2019-04-04,2019040401006599,CHCL,59,32,30,503.00,"15,090.00"
2019-04-04,2019040401006598,CHCL,16,32,50,503.00,"25,150.00"
2019-04-04,2019040401006597,CHCL,19,32,106,503.00,"53,318.00"
2019-04-04,2019040401006799,CHLBS,47,39,100,505.00,"50,500.00"
2019-04-04,2019040401006798,CHLBS,45,39,20,505.00,"10,100.00"
2019-04-04,2019040401006572,CHLBS,7,47,10,507.00,"5,070.00"
2019-04-04,2019040401006571,CHLBS,7,47,10,507.00,"5,070.00"
2019-04-04,2019040401006570,CHLBS,7,47,10,507.00,"5,070.00"
2019-04-04,2019040401006569,CHLBS,7,47,10,507.00,"5,070.00"
2019-04-04,2019040401006568,CHLBS,7,38,10,507.00,"5,070.00"
2019-04-04,2019040401006567,CHLBS,7,49,10,506.00,"5,060.00"
2019-04-04,2019040401006566,CHLBS,7,38,10,506.00,"5,060.00"
2019-04-04,2019040401006565,CHLBS,7,38,10,506.00,"5,060.00"
2019-04-04,2019040401006564,CHLBS,7,38,10,506.00,"5,060.00"
2019-04-04,2019040401006741,CIT,34,16,50,"2,570.00","128,500.00"
2019-04-04,2019040401006699,CIT,41,16,68,"2,570.00","174,760.00"
2019-04-04,2019040401006544,CIT,57,19,78,"2,570.00","200,460.00"
2019-04-04,2019040401006865,CZBIL,32,13,50,216.00,"10,800.00"
2019-04-04,2019040401006843,CZBIL,55,1,10,217.00,"2,170.00"
2019-04-04,2019040401006809,CZBIL,49,1,10,217.00,"2,170.00"
2019-04-04,2019040401006477,CZBIL,1,11,7,211.00,"1,477.00"
2019-04-04,2019040401006703,EBL,33,48,100,596.00,"59,600.00"
2019-04-04,2019040401006582,EBL,59,13,100,595.00,"59,500.00"
2019-04-04,2019040401006505,EBL,33,13,100,595.00,"59,500.00"
2019-04-04,2019040401006422,EBL,49,13,30,595.00,"17,850.00"
2019-04-04,2019040401006685,EDBL,25,25,10,294.00,"2,940.00"
2019-04-04,2019040401006745,FOWAD,55,37,15,"1,507.00","22,605.00"
2019-04-04,2019040401006533,FOWAD,41,58,100,"1,519.00","151,900.00"
2019-04-04,2019040401006372,FOWAD,44,32,10,"1,515.00","15,150.00"
2019-04-04,2019040401006466,GBBL,54,35,517,191.00,"98,747.00"
2019-04-04,2019040401006772,GBIME,11,42,28,272.00,"7,616.00"
2019-04-04,2019040401006771,GBIME,11,55,100,272.00,"27,200.00"
2019-04-04,2019040401006688,GBIME,48,55,100,272.00,"27,200.00"
2019-04-04,2019040401006687,GBIME,48,36,200,272.00,"54,400.00"
2019-04-04,2019040401006686,GBIME,48,50,200,272.00,"54,400.00"
2019-04-04,2019040401006555,GBIME,36,1,358,272.00,"97,376.00"
2019-04-04,2019040401006554,GBIME,36,46,248,272.00,"67,456.00"
2019-04-04,2019040401006463,GBIME,59,46,942,272.00,"256,224.00"
2019-04-04,2019040401006462,GBIME,59,49,258,271.00,"69,918.00"
2019-04-04,2019040401006441,GBLBS,55,39,10,441.00,"4,410.00"
2019-04-04,2019040401006412,GDBL,25,25,168,189.00,"31,752.00"
2019-04-04,2019040401006702,GLICL,56,41,103,494.00,"50,882.00"
2019-04-04,2019040401006701,GLICL,28,41,62,494.00,"30,628.00"
2019-04-04,2019040401006691,GUFL,58,48,13,112.00,"1,456.00"
2019-04-04,2019040401006690,GUFL,58,29,67,111.00,"7,437.00"
2019-04-04,2019040401006500,HBL,25,49,22,475.00,"10,450.00"
2019-04-04,2019040401006499,HBL,25,29,90,470.00,"42,300.00"
2019-04-04,2019040401006399,HBL,46,29,10,470.00,"4,700.00"
2019-04-04,2019040401006842,HIDCL,6,6,286,138.00,"39,468.00"
2019-04-04,2019040401006801,HIDCL,36,25,56,138.00,"7,728.00"
2019-04-04,2019040401006712,HIDCL,36,25,56,138.00,"7,728.00"
2019-04-04,2019040401006458,HIDCL,36,25,110,138.00,"15,180.00"
2019-04-04,2019040401006384,HIDCL,36,25,56,138.00,"7,728.00"
2019-04-04,2019040401006637,HPPL,45,39,10,184.00,"1,840.00"
2019-04-04,2019040401006402,JBBL,25,56,30,136.00,"4,080.00"
2019-04-04,2019040401006866,JBNL,49,10,10,182.00,"1,820.00"
2019-04-04,2019040401006861,JBNL,7,10,253,182.00,"46,046.00"
2019-04-04,2019040401006767,JBNL,7,56,"1,000",182.00,"182,000.00"
2019-04-04,2019040401006766,JBNL,7,47,500,182.00,"91,000.00"
2019-04-04,2019040401006765,JBNL,7,33,400,182.00,"72,800.00"
2019-04-04,2019040401006764,JBNL,7,50,500,182.00,"91,000.00"
2019-04-04,2019040401006551,JBNL,7,29,"1,000",180.00,"180,000.00"
2019-04-04,2019040401006421,JBNL,7,34,500,180.00,"90,000.00"
2019-04-04,2019040401006376,JBNL,7,58,"1,000",180.00,"180,000.00"
2019-04-04,2019040401006375,JBNL,7,45,383,180.00,"68,940.00"
2019-04-04,2019040401006716,JBNL,38,10,330,180.00,"59,400.00"
2019-04-04,2019040401006696,JBNL,38,52,170,180.00,"30,600.00"
2019-04-04,2019040401006652,JBNL,14,59,100,181.00,"18,100.00"
2019-04-04,2019040401006651,JBNL,14,56,500,181.00,"90,500.00"
2019-04-04,2019040401006650,JBNL,14,17,300,181.00,"54,300.00"
2019-04-04,2019040401006649,JBNL,14,33,390,181.00,"70,590.00"
2019-04-04,2019040401006757,JBNL,7,54,500,182.00,"91,000.00"
2019-04-04,2019040401006756,JBNL,7,16,"1,000",182.00,"182,000.00"
2019-04-04,2019040401006755,JBNL,7,25,228,182.00,"41,496.00"
2019-04-04,2019040401006754,JBNL,7,48,721,182.00,"131,222.00"
2019-04-04,2019040401006753,JBNL,7,10,670,180.00,"120,600.00"
2019-04-04,2019040401006717,JBNL,7,10,"2,000",180.00,"360,000.00"
2019-04-04,2019040401006763,JBNL,7,41,100,182.00,"18,200.00"
2019-04-04,2019040401006762,JBNL,7,51,500,182.00,"91,000.00"
2019-04-04,2019040401006761,JBNL,7,19,"1,000",182.00,"182,000.00"
2019-04-04,2019040401006760,JBNL,7,49,"1,000",182.00,"182,000.00"
2019-04-04,2019040401006759,JBNL,7,42,128,182.00,"23,296.00"
2019-04-04,2019040401006758,JBNL,7,42,500,182.00,"91,000.00"
2019-04-04,2019040401006739,JFL,49,32,10,174.00,"1,740.00"
2019-04-04,2019040401006618,JFL,17,26,34,171.00,"5,814.00"
2019-04-04,2019040401006617,JFL,17,42,40,170.00,"6,800.00"
2019-04-04,2019040401006721,KBBL,14,17,100,212.00,"21,200.00"
2019-04-04,2019040401006662,KBBL,14,34,342,211.00,"72,162.00"
2019-04-04,2019040401006835,KBL,25,54,284,241.00,"68,444.00"
2019-04-04,2019040401006834,KBL,1,54,200,241.00,"48,200.00"
2019-04-04,2019040401006833,KBL,28,54,200,241.00,"48,200.00"
2019-04-04,2019040401006832,KBL,29,54,280,241.00,"67,480.00"
2019-04-04,2019040401006387,KKHC,54,35,36,77.00,"2,772.00"
2019-04-04,2019040401006639,KMCDB,7,38,50,775.00,"38,750.00"
2019-04-04,2019040401006638,KMCDB,56,38,50,775.00,"38,750.00"
2019-04-04,2019040401006573,KMCDB,26,38,100,780.00,"78,000.00"
2019-04-04,2019040401006577,KMFL,21,6,26,791.00,"20,566.00"
2019-04-04,2019040401006510,KMFL,47,6,50,791.00,"39,550.00"
2019-04-04,2019040401006390,KPCL,41,7,10,92.00,920.00
2019-04-04,2019040401006420,KPCL,41,39,10,92.00,920.00
2019-04-04,2019040401006457,KPCL,41,7,10,92.00,920.00
2019-04-04,2019040401006538,KPCL,41,7,10,92.00,920.00
2019-04-04,2019040401006601,KPCL,41,7,10,92.00,920.00
2019-04-04,2019040401006657,KSBBL,1,37,59,141.00,"8,319.00"
2019-04-04,2019040401006737,LBBL,49,42,31,170.00,"5,270.00"
2019-04-04,2019040401006736,LBBL,25,42,91,170.00,"15,470.00"
2019-04-04,2019040401006532,LBBL,25,48,409,170.00,"69,530.00"
2019-04-04,2019040401006531,LBBL,5,48,112,171.00,"19,152.00"
2019-04-04,2019040401006519,LBBL,5,36,100,171.00,"17,100.00"
2019-04-04,2019040401006518,LBBL,5,17,88,171.00,"15,048.00"
2019-04-04,2019040401006826,LBL,39,34,200,205.00,"41,000.00"
2019-04-04,2019040401006825,LBL,39,58,"1,000",205.00,"205,000.00"
2019-04-04,2019040401006824,LBL,39,52,200,205.00,"41,000.00"
2019-04-04,2019040401006823,LBL,39,43,31,205.00,"6,355.00"
2019-04-04,2019040401006822,LBL,39,37,500,205.00,"102,500.00"
2019-04-04,2019040401006586,LBL,32,52,200,204.00,"40,800.00"
2019-04-04,2019040401006378,LBL,32,48,98,204.00,"19,992.00"
2019-04-04,2019040401006839,LGIL,52,42,10,508.00,"5,080.00"
2019-04-04,2019040401006706,LGIL,32,37,100,502.00,"50,200.00"
2019-04-04,2019040401006472,LGIL,32,33,200,502.00,"100,400.00"
2019-04-04,2019040401006476,LICN,7,28,80,"1,506.00","120,480.00"
2019-04-04,2019040401006475,LICN,7,1,30,"1,506.00","45,180.00"
2019-04-04,2019040401006380,LICN,59,28,10,"1,506.00","15,060.00"
2019-04-04,2019040401006627,MBL,55,34,100,230.00,"23,000.00"
2019-04-04,2019040401006524,MBL,33,34,100,230.00,"23,000.00"
2019-04-04,2019040401006523,MBL,45,34,286,230.00,"65,780.00"
2019-04-04,2019040401006522,MBL,45,16,"2,700",230.00,"621,000.00"
2019-04-04,2019040401006521,MBL,45,38,14,230.00,"3,220.00"
2019-04-04,2019040401006492,MBL,54,37,174,229.00,"39,846.00"
2019-04-04,2019040401006382,MBL,42,38,236,230.00,"54,280.00"
2019-04-04,2019040401006381,MBL,42,38,64,230.00,"14,720.00"
2019-04-04,2019040401006770,MDB,19,45,"1,000",240.00,"240,000.00"
2019-04-04,2019040401006769,MDB,19,51,200,239.00,"47,800.00"
2019-04-04,2019040401006768,MDB,19,21,200,238.00,"47,600.00"
2019-04-04,2019040401006636,MEGA,5,21,865,165.00,"142,725.00"
2019-04-04,2019040401006635,MEGA,5,33,269,165.00,"44,385.00"
2019-04-04,2019040401006444,MEGA,57,51,110,164.00,"18,040.00"
2019-04-04,2019040401006419,MEGA,19,33,500,165.00,"82,500.00"
2019-04-04,2019040401006857,MLBL,17,42,93,170.00,"15,810.00"
2019-04-04,2019040401006830,MNBBL,28,13,44,346.00,"15,224.00"
2019-04-04,2019040401006829,MNBBL,1,13,494,346.00,"170,924.00"
2019-04-04,2019040401006442,MNBBL,19,28,15,347.00,"5,205.00"
2019-04-04,2019040401006847,NABIL,34,3,100,727.00,"72,700.00"
2019-04-04,2019040401006791,NABIL,34,3,200,727.00,"145,400.00"
2019-04-04,2019040401006790,NABIL,34,16,200,727.00,"145,400.00"
2019-04-04,2019040401006789,NABIL,34,3,100,726.00,"72,600.00"
2019-04-04,2019040401006788,NABIL,34,29,400,726.00,"290,400.00"
2019-04-04,2019040401006722,NABIL,49,3,10,723.00,"7,230.00"
2019-04-04,2019040401006537,NABIL,5,6,100,722.00,"72,200.00"
2019-04-04,2019040401006493,NABIL,42,19,320,720.00,"230,400.00"
2019-04-04,2019040401006670,NADEP,5,58,10,660.00,"6,600.00"
2019-04-04,2019040401006848,NBB,48,50,500,205.00,"102,500.00"
2019-04-04,2019040401006792,NBB,46,43,900,206.00,"185,400.00"
2019-04-04,2019040401006449,NBB,45,10,700,205.00,"143,500.00"
2019-04-04,2019040401006448,NBB,22,10,500,205.00,"102,500.00"
2019-04-04,2019040401006447,NBB,11,10,500,205.00,"102,500.00"
2019-04-04,2019040401006446,NBB,52,10,201,205.00,"41,205.00"
2019-04-04,2019040401006425,NBB,52,46,200,205.00,"41,000.00"
2019-04-04,2019040401006455,NBB,52,10,100,205.00,"20,500.00"
2019-04-04,2019040401006454,NBB,28,10,200,205.00,"41,000.00"
2019-04-04,2019040401006453,NBB,4,10,"1,929",205.00,"395,445.00"
2019-04-04,2019040401006452,NBB,50,10,200,205.00,"41,000.00"
2019-04-04,2019040401006451,NBB,33,10,200,205.00,"41,000.00"
2019-04-04,2019040401006450,NBB,35,10,81,205.00,"16,605.00"
2019-04-04,2019040401006604,NBB,59,48,200,206.00,"41,200.00"
2019-04-04,2019040401006603,NBB,25,48,324,206.00,"66,744.00"
2019-04-04,2019040401006578,NBB,25,16,26,206.00,"5,356.00"
2019-04-04,2019040401006542,NBB,25,16,85,206.00,"17,510.00"
2019-04-04,2019040401006484,NBB,32,53,591,206.00,"121,746.00"
2019-04-04,2019040401006456,NBB,48,10,389,205.00,"79,745.00"
2019-04-04,2019040401006746,NBB,48,41,500,205.00,"102,500.00"
2019-04-04,2019040401006705,NBB,58,43,100,206.00,"20,600.00"
2019-04-04,2019040401006658,NBB,58,43,"1,000",206.00,"206,000.00"
2019-04-04,2019040401006622,NBB,58,48,"1,476",206.00,"304,056.00"
2019-04-04,2019040401006827,NBBL,42,6,100,600.00,"60,000.00"
2019-04-04,2019040401006543,NBBL,51,6,27,600.00,"16,200.00"
2019-04-04,2019040401006828,NBL,33,33,100,296.00,"29,600.00"
2019-04-04,2019040401006661,NBL,28,53,500,295.00,"147,500.00"
2019-04-04,2019040401006660,NBL,28,21,71,295.00,"20,945.00"
2019-04-04,2019040401006602,NBL,59,21,50,295.00,"14,750.00"
2019-04-04,2019040401006563,NBL,52,21,79,295.00,"23,305.00"
2019-04-04,2019040401006562,NBL,52,37,21,295.00,"6,195.00"
2019-04-04,2019040401006491,NBL,48,37,490,295.00,"144,550.00"
2019-04-04,2019040401006408,NBL,40,46,100,294.00,"29,400.00"
2019-04-04,2019040401006871,NCCB,58,34,200,223.00,"44,600.00"
2019-04-04,2019040401006859,NCCB,5,22,726,222.00,"161,172.00"
2019-04-04,2019040401006744,NCCB,11,22,100,222.00,"22,200.00"
2019-04-04,2019040401006710,NCCB,35,22,300,222.00,"66,600.00"
2019-04-04,2019040401006709,NCCB,49,22,100,222.00,"22,200.00"
2019-04-04,2019040401006708,NCCB,56,22,"1,450",222.00,"321,900.00"
2019-04-04,2019040401006471,NCCB,56,33,581,221.00,"128,401.00"
2019-04-04,2019040401006470,NCCB,4,33,"2,200",221.00,"486,200.00"
2019-04-04,2019040401006469,NCCB,13,33,50,221.00,"11,050.00"
2019-04-04,2019040401006468,NCCB,7,33,220,221.00,"48,620.00"
2019-04-04,2019040401006389,NCCB,7,46,150,221.00,"33,150.00"
2019-04-04,2019040401006704,NCCB,56,11,500,222.00,"111,000.00"
2019-04-04,2019040401006695,NCCB,56,25,50,222.00,"11,100.00"
2019-04-04,2019040401006694,NCCB,22,25,100,222.00,"22,200.00"
2019-04-04,2019040401006659,NCCB,22,16,100,222.00,"22,200.00"
2019-04-04,2019040401006490,NCCB,25,44,13,222.00,"2,886.00"
2019-04-04,2019040401006489,NCCB,25,44,300,222.00,"66,600.00"
2019-04-04,2019040401006738,NCDB,4,50,10,125.00,"1,250.00"
2019-04-04,2019040401006836,NHPC,58,29,85,71.00,"6,035.00"
2019-04-04,2019040401006733,NHPC,56,17,100,71.00,"7,100.00"
2019-04-04,2019040401006785,NIB,13,49,134,535.00,"71,690.00"
2019-04-04,2019040401006784,NIB,59,49,116,535.00,"62,060.00"
2019-04-04,2019040401006735,NIB,34,48,"1,000",536.00,"536,000.00"
2019-04-04,2019040401006729,NIB,59,56,100,535.00,"53,500.00"
2019-04-04,2019040401006559,NIB,42,43,30,536.00,"16,080.00"
2019-04-04,2019040401006558,NIB,42,22,118,536.00,"63,248.00"
2019-04-04,2019040401006557,NIB,42,49,95,536.00,"50,920.00"
2019-04-04,2019040401006548,NIB,22,49,35,536.00,"18,760.00"
2019-04-04,2019040401006396,NIB,59,25,37,535.00,"19,795.00"
2019-04-04,2019040401006393,NIB,59,56,247,535.00,"132,145.00"
2019-04-04,2019040401006392,NIB,46,56,253,535.00,"135,355.00"
2019-04-04,2019040401006482,NIBPO,11,43,300,493.00,"147,900.00"
2019-04-04,2019040401006852,NICA,57,13,900,440.00,"396,000.00"
2019-04-04,2019040401006621,NICA,19,51,100,439.00,"43,900.00"
2019-04-04,2019040401006587,NICA,19,45,20,439.00,"8,780.00"
2019-04-04,2019040401006574,NICA,59,13,200,440.00,"88,000.00"
2019-04-04,2019040401006550,NICA,57,49,"2,456",439.00,"1,078,184.00"
2019-04-04,2019040401006536,NICA,54,49,230,439.00,"100,970.00"
2019-04-04,2019040401006427,NICA,28,49,835,440.00,"367,400.00"
2019-04-04,2019040401006424,NICA,28,19,165,440.00,"72,600.00"
2019-04-04,2019040401006407,NICA,43,19,335,440.00,"147,400.00"
2019-04-04,2019040401006406,NICA,43,37,200,440.00,"88,000.00"
2019-04-04,2019040401006405,NICA,43,45,465,440.00,"204,600.00"
2019-04-04,2019040401006511,NICA,47,53,500,438.00,"219,000.00"
2019-04-04,2019040401006432,NICA,53,49,100,439.00,"43,900.00"
2019-04-04,2019040401006431,NICA,58,49,50,439.00,"21,950.00"
2019-04-04,2019040401006430,NICA,49,49,200,439.00,"87,800.00"
2019-04-04,2019040401006429,NICA,48,49,100,439.00,"43,900.00"
2019-04-04,2019040401006428,NICA,49,49,"1,908",439.00,"837,612.00"
2019-04-04,2019040401006612,NICL,36,58,68,375.00,"25,500.00"
2019-04-04,2019040401006611,NICL,36,58,100,375.00,"37,500.00"
2019-04-04,2019040401006610,NICL,36,26,32,374.00,"11,968.00"
2019-04-04,2019040401006655,NIL,25,13,40,512.00,"20,480.00"
2019-04-04,2019040401006654,NIL,56,13,100,512.00,"51,200.00"
2019-04-04,2019040401006653,NIL,38,13,80,512.00,"40,960.00"
2019-04-04,2019040401006868,NLIC,44,41,60,"1,089.00","65,340.00"
2019-04-04,2019040401006797,NLIC,33,41,10,"1,089.00","10,890.00"
2019-04-04,2019040401006796,NLIC,22,41,20,"1,090.00","21,800.00"
2019-04-04,2019040401006794,NLIC,45,22,50,"1,092.00","54,600.00"
2019-04-04,2019040401006509,NLIC,19,42,150,"1,089.00","163,350.00"
2019-04-04,2019040401006811,NMB,58,16,"1,000",336.00,"336,000.00"
2019-04-04,2019040401006681,NMB,46,43,20,337.00,"6,740.00"
2019-04-04,2019040401006630,NMB,5,22,70,335.00,"23,450.00"
2019-04-04,2019040401006629,NMB,5,22,30,336.00,"10,080.00"
2019-04-04,2019040401006504,NMB,46,43,10,337.00,"3,370.00"
2019-04-04,2019040401006467,NMB,5,53,120,336.00,"40,320.00"
2019-04-04,2019040401006418,NMB,49,53,10,336.00,"3,360.00"
2019-04-04,2019040401006398,NMB,5,28,200,335.00,"67,000.00"
2019-04-04,2019040401006397,NMB,57,28,300,335.00,"100,500.00"
2019-04-04,2019040401006391,NMB,51,50,196,335.00,"65,660.00"
2019-04-04,2019040401006683,NMBHF1,42,47,"44,262",9.41,"416,505.42"
2019-04-04,2019040401006506,NMBHF1,42,58,"4,161",9.41,"39,155.01"
2019-04-04,2019040401006863,NMBMF,7,7,10,"1,000.00","10,000.00"
2019-04-04,2019040401006778,NMBMF,19,7,10,985.00,"9,850.00"
2019-04-04,2019040401006478,NMFBS,33,1,10,"1,626.00","16,260.00"
2019-04-04,2019040401006680,NSEWA,11,10,10,507.00,"5,070.00"
2019-04-04,2019040401006679,NSEWA,11,10,10,507.00,"5,070.00"
2019-04-04,2019040401006678,NSEWA,11,47,10,505.00,"5,050.00"
2019-04-04,2019040401006677,NSEWA,11,47,10,505.00,"5,050.00"
2019-04-04,2019040401006676,NSEWA,11,47,10,505.00,"5,050.00"
2019-04-04,2019040401006675,NSEWA,11,47,10,505.00,"5,050.00"
2019-04-04,2019040401006674,NSEWA,11,47,10,505.00,"5,050.00"
2019-04-04,2019040401006673,NSEWA,11,47,10,505.00,"5,050.00"
2019-04-04,2019040401006672,NSEWA,11,47,10,505.00,"5,050.00"
2019-04-04,2019040401006671,NSEWA,11,47,10,505.00,"5,050.00"
2019-04-04,2019040401006846,NTC,59,6,10,685.00,"6,850.00"
2019-04-04,2019040401006845,NTC,28,6,10,685.00,"6,850.00"
2019-04-04,2019040401006844,NTC,28,7,100,684.00,"68,400.00"
2019-04-04,2019040401006752,NTC,49,19,637,677.00,"431,249.00"
2019-04-04,2019040401006751,NTC,49,19,38,677.00,"25,726.00"
2019-04-04,2019040401006750,NTC,22,19,10,684.00,"6,840.00"
2019-04-04,2019040401006731,OHL,42,56,10,438.00,"4,380.00"
2019-04-04,2019040401006838,PCBL,47,42,11,323.00,"3,553.00"
2019-04-04,2019040401006634,PCBL,49,49,635,323.00,"205,105.00"
2019-04-04,2019040401006525,PCBL,58,48,52,323.00,"16,796.00"
2019-04-04,2019040401006426,PFL,25,22,71,131.00,"9,301.00"
2019-04-04,2019040401006860,PIC,38,33,50,"1,016.00","50,800.00"
2019-04-04,2019040401006631,PIC,37,35,56,"1,018.00","57,008.00"
2019-04-04,2019040401006404,PIC,20,20,1,995.00,995.00
2019-04-04,2019040401006394,PIC,20,20,1,995.00,995.00
2019-04-04,2019040401006386,PIC,20,20,1,995.00,995.00
2019-04-04,2019040401006781,PICL,56,58,18,685.00,"12,330.00"
2019-04-04,2019040401006780,PICL,56,53,22,682.00,"15,004.00"
2019-04-04,2019040401006808,PLIC,28,57,15,447.00,"6,705.00"
2019-04-04,2019040401006727,PLIC,43,19,123,441.00,"54,243.00"
2019-04-04,2019040401006726,PLIC,1,19,107,442.00,"47,294.00"
2019-04-04,2019040401006725,PLIC,25,19,100,442.00,"44,200.00"
2019-04-04,2019040401006724,PLIC,53,19,20,442.00,"8,840.00"
2019-04-04,2019040401006723,PLIC,35,19,100,442.00,"44,200.00"
2019-04-04,2019040401006613,PLIC,51,40,50,445.00,"22,250.00"
2019-04-04,2019040401006812,PMHPL,42,25,10,110.00,"1,100.00"
2019-04-04,2019040401006728,PMHPL,42,25,10,110.00,"1,100.00"
2019-04-04,2019040401006619,PMHPL,42,7,10,110.00,"1,100.00"
2019-04-04,2019040401006549,PMHPL,42,7,10,110.00,"1,100.00"
2019-04-04,2019040401006481,PMHPL,42,7,10,110.00,"1,100.00"
2019-04-04,2019040401006464,PMHPL,42,10,10,110.00,"1,100.00"
2019-04-04,2019040401006413,PMHPL,42,7,10,110.00,"1,100.00"
2019-04-04,2019040401006409,PMHPL,42,25,10,110.00,"1,100.00"
2019-04-04,2019040401006383,PMHPL,42,39,10,110.00,"1,100.00"
2019-04-04,2019040401006656,PRIN,32,28,50,407.00,"20,350.00"
2019-04-04,2019040401006556,PRIN,37,28,200,407.00,"81,400.00"
2019-04-04,2019040401006377,PRIN,22,28,250,407.00,"101,750.00"
2019-04-04,2019040401006853,PRVU,49,33,10,244.00,"2,440.00"
2019-04-04,2019040401006669,PRVU,5,46,70,243.00,"17,010.00"
2019-04-04,2019040401006663,PRVU,38,33,"1,000",244.00,"244,000.00"
2019-04-04,2019040401006616,PRVU,5,38,200,243.00,"48,600.00"
2019-04-04,2019040401006632,RHPC,32,17,50,95.00,"4,750.00"
2019-04-04,2019040401006643,RRHP,57,7,10,91.00,910.00
2019-04-04,2019040401006560,RRHP,38,7,10,91.00,910.00
2019-04-04,2019040401006508,RRHP,38,7,10,91.00,910.00
2019-04-04,2019040401006388,RRHP,38,39,10,91.00,910.00
2019-04-04,2019040401006867,SANIMA,42,34,20,313.00,"6,260.00"
2019-04-04,2019040401006858,SANIMA,57,14,116,312.00,"36,192.00"
2019-04-04,2019040401006795,SANIMA,57,19,256,312.00,"79,872.00"
2019-04-04,2019040401006707,SANIMA,58,19,344,312.00,"107,328.00"
2019-04-04,2019040401006684,SANIMA,58,45,500,312.00,"156,000.00"
2019-04-04,2019040401006594,SANIMA,58,16,40,312.00,"12,480.00"
2019-04-04,2019040401006593,SANIMA,58,42,116,312.00,"36,192.00"
2019-04-04,2019040401006821,SBI,25,25,10,403.00,"4,030.00"
2019-04-04,2019040401006641,SBI,45,46,50,399.00,"19,950.00"
2019-04-04,2019040401006583,SBI,25,11,50,402.00,"20,100.00"
2019-04-04,2019040401006782,SBL,36,11,10,304.00,"3,040.00"
2019-04-04,2019040401006698,SBL,36,28,43,304.00,"13,072.00"
2019-04-04,2019040401006697,SBL,35,28,62,304.00,"18,848.00"
2019-04-04,2019040401006668,SBL,45,28,18,305.00,"5,490.00"
2019-04-04,2019040401006667,SBL,45,34,200,305.00,"61,000.00"
2019-04-04,2019040401006666,SBL,45,8,282,305.00,"86,010.00"
2019-04-04,2019040401006624,SBL,35,46,35,304.00,"10,640.00"
2019-04-04,2019040401006623,SBL,34,46,35,304.00,"10,640.00"
2019-04-04,2019040401006590,SBL,34,43,69,304.00,"20,976.00"
2019-04-04,2019040401006403,SBL,34,51,100,304.00,"30,400.00"
2019-04-04,2019040401006819,SCB,52,56,100,574.00,"57,400.00"
2019-04-04,2019040401006818,SCB,45,56,10,575.00,"5,750.00"
2019-04-04,2019040401006817,SCB,34,56,136,575.00,"78,200.00"
2019-04-04,2019040401006816,SCB,19,56,10,576.00,"5,760.00"
2019-04-04,2019040401006815,SCB,52,56,206,576.00,"118,656.00"
2019-04-04,2019040401006646,SCB,58,5,14,579.00,"8,106.00"
2019-04-04,2019040401006503,SCB,52,48,318,576.00,"183,168.00"
2019-04-04,2019040401006502,SCB,48,48,20,576.00,"11,520.00"
2019-04-04,2019040401006459,SCB,48,46,50,576.00,"28,800.00"
2019-04-04,2019040401006526,SDESI,49,47,27,540.00,"14,580.00"
2019-04-04,2019040401006862,SHIVM,19,21,50,321.00,"16,050.00"
2019-04-04,2019040401006837,SHIVM,19,21,50,321.00,"16,050.00"
2019-04-04,2019040401006814,SHIVM,19,21,50,321.00,"16,050.00"
2019-04-04,2019040401006793,SHIVM,19,21,50,321.00,"16,050.00"
2019-04-04,2019040401006743,SHIVM,19,21,20,321.00,"6,420.00"
2019-04-04,2019040401006742,SHIVM,39,21,30,321.00,"9,630.00"
2019-04-04,2019040401006512,SHIVM,7,34,200,323.00,"64,600.00"
2019-04-04,2019040401006498,SHIVM,20,21,50,322.00,"16,100.00"
2019-04-04,2019040401006480,SHIVM,20,21,50,322.00,"16,100.00"
2019-04-04,2019040401006443,SHIVM,20,21,50,322.00,"16,100.00"
2019-04-04,2019040401006395,SHIVM,20,49,50,322.00,"16,100.00"
2019-04-04,2019040401006591,SHIVM,20,14,100,322.00,"32,200.00"
2019-04-04,2019040401006589,SHIVM,20,21,50,322.00,"16,100.00"
2019-04-04,2019040401006579,SHIVM,20,5,50,322.00,"16,100.00"
2019-04-04,2019040401006576,SHIVM,20,21,50,322.00,"16,100.00"
2019-04-04,2019040401006553,SHIVM,20,25,160,322.00,"51,520.00"
2019-04-04,2019040401006520,SHIVM,20,21,50,322.00,"16,100.00"
2019-04-04,2019040401006615,SHIVM,39,21,20,321.00,"6,420.00"
2019-04-04,2019040401006614,SHIVM,16,21,30,322.00,"9,660.00"
2019-04-04,2019040401006607,SHIVM,16,14,70,322.00,"22,540.00"
2019-04-04,2019040401006606,SHIVM,51,14,50,322.00,"16,100.00"
2019-04-04,2019040401006605,SHIVM,20,14,80,322.00,"25,760.00"
2019-04-04,2019040401006596,SHIVM,39,35,70,324.00,"22,680.00"
2019-04-04,2019040401006719,SHIVM,39,21,50,321.00,"16,050.00"
2019-04-04,2019040401006700,SHIVM,39,21,50,321.00,"16,050.00"
2019-04-04,2019040401006682,SHIVM,39,21,50,321.00,"16,050.00"
2019-04-04,2019040401006648,SHIVM,14,21,50,322.00,"16,100.00"
2019-04-04,2019040401006633,SHIVM,14,21,50,322.00,"16,100.00"
2019-04-04,2019040401006626,SHIVM,41,35,100,324.00,"32,400.00"
2019-04-04,2019040401006776,SHPC,14,36,800,228.00,"182,400.00"
2019-04-04,2019040401006775,SHPC,16,36,200,228.00,"45,600.00"
2019-04-04,2019040401006774,SHPC,17,36,82,228.00,"18,696.00"
2019-04-04,2019040401006773,SHPC,45,36,14,228.00,"3,192.00"
2019-04-04,2019040401006628,SHPC,36,36,278,229.00,"63,662.00"
2019-04-04,2019040401006507,SHPC,36,29,22,229.00,"5,038.00"
2019-04-04,2019040401006625,SIC,42,56,10,"1,299.00","12,990.00"
2019-04-04,2019040401006546,SIL,56,21,100,595.00,"59,500.00"
2019-04-04,2019040401006545,SIL,56,47,377,595.00,"224,315.00"
2019-04-04,2019040401006849,SKBBL,22,14,76,862.00,"65,512.00"
2019-04-04,2019040401006580,SKBBL,42,43,100,863.00,"86,300.00"
2019-04-04,2019040401006807,SLBBL,28,28,661,482.00,"318,602.00"
2019-04-04,2019040401006806,SLBBL,37,28,150,483.00,"72,450.00"
2019-04-04,2019040401006805,SLBBL,32,28,100,484.00,"48,400.00"
2019-04-04,2019040401006804,SLBBL,35,28,20,484.00,"9,680.00"
2019-04-04,2019040401006803,SLBBL,17,28,20,485.00,"9,700.00"
2019-04-04,2019040401006802,SLBBL,37,28,59,485.00,"28,615.00"
2019-04-04,2019040401006423,SLBSL,43,8,10,670.00,"6,700.00"
2019-04-04,2019040401006417,SLBSL,42,1,10,672.00,"6,720.00"
2019-04-04,2019040401006720,SLICL,17,1,11,523.00,"5,753.00"
2019-04-04,2019040401006609,SLICL,13,1,39,524.00,"20,436.00"
2019-04-04,2019040401006585,SMATA,41,22,10,"1,218.00","12,180.00"
2019-04-04,2019040401006539,SMATA,13,13,12,"1,195.00","14,340.00"
2019-04-04,2019040401006777,SPDL,33,5,15,102.00,"1,530.00"
2019-04-04,2019040401006749,SPDL,45,40,130,103.00,"13,390.00"
2019-04-04,2019040401006640,SRBL,34,34,234,229.00,"53,586.00"
2019-04-04,2019040401006483,SRBL,28,46,200,227.00,"45,400.00"
2019-04-04,2019040401006411,SRBL,28,47,147,227.00,"33,369.00"
2019-04-04,2019040401006410,SRBL,44,47,101,228.00,"23,028.00"
2019-04-04,2019040401006385,SRBL,44,58,"1,100",228.00,"250,800.00"
2019-04-04,2019040401006530,UFL,28,38,395,198.00,"78,210.00"
2019-04-04,2019040401006529,UFL,28,28,"1,000",198.00,"198,000.00"
2019-04-04,2019040401006528,UFL,28,28,285,197.00,"56,145.00"
2019-04-04,2019040401006527,UFL,28,52,300,197.00,"59,100.00"
2019-04-04,2019040401006864,UMHL,56,39,10,115.00,"1,150.00"
2019-04-04,2019040401006841,UPPER,41,35,10,237.00,"2,370.00"
2019-04-04,2019040401006831,UPPER,42,38,50,236.00,"11,800.00"
2019-04-04,2019040401006810,UPPER,42,38,40,236.00,"9,440.00"
2019-04-04,2019040401006401,UPPER,29,39,40,235.00,"9,400.00"
2019-04-04,2019040401006400,UPPER,35,39,10,235.00,"2,350.00"
2019-04-04,2019040401006374,UPPER,35,10,50,235.00,"11,750.00"
2019-04-04,2019040401006373,UPPER,35,38,50,235.00,"11,750.00"
2019-04-04,2019040401006437,UPPER,38,38,50,236.00,"11,800.00"
2019-04-04,2019040401006436,UPPER,38,18,40,236.00,"9,440.00"
2019-04-04,2019040401006435,UPPER,38,18,50,236.00,"11,800.00"
2019-04-04,2019040401006434,UPPER,38,18,50,236.00,"11,800.00"
2019-04-04,2019040401006433,UPPER,38,44,50,236.00,"11,800.00"
2019-04-04,2019040401006479,UPPER,29,10,40,235.00,"9,400.00"
2019-04-04,2019040401006465,UPPER,29,39,50,235.00,"11,750.00"
2019-04-04,2019040401006440,UPPER,38,35,160,236.00,"37,760.00"
2019-04-04,2019040401006439,UPPER,38,38,50,236.00,"11,800.00"
2019-04-04,2019040401006438,UPPER,38,18,50,236.00,"11,800.00"
2019-04-04,2019040401006497,UPPER,50,41,50,236.00,"11,800.00"
2019-04-04,2019040401006496,UPPER,50,38,40,236.00,"9,440.00"
2019-04-04,2019040401006495,UPPER,6,38,50,236.00,"11,800.00"
2019-04-04,2019040401006494,UPPER,6,35,340,236.00,"80,240.00"
2019-04-04,2019040401006486,UPPER,19,1,20,235.00,"4,700.00"
2019-04-04,2019040401006485,UPPER,29,1,30,235.00,"7,050.00"
2019-04-04,2019040401006535,UPPER,19,38,30,235.00,"7,050.00"
2019-04-04,2019040401006534,UPPER,50,38,20,236.00,"4,720.00"
2019-04-04,2019040401006517,UPPER,50,38,40,236.00,"9,440.00"
2019-04-04,2019040401006516,UPPER,39,35,160,237.00,"37,920.00"
2019-04-04,2019040401006515,UPPER,39,41,40,237.00,"9,480.00"
2019-04-04,2019040401006501,UPPER,50,38,50,236.00,"11,800.00"
2019-04-04,2019040401006581,UPPER,45,35,10,237.00,"2,370.00"
2019-04-04,2019040401006575,UPPER,42,6,20,236.00,"4,720.00"
2019-04-04,2019040401006561,UPPER,42,57,40,236.00,"9,440.00"
2019-04-04,2019040401006552,UPPER,42,6,20,236.00,"4,720.00"
2019-04-04,2019040401006547,UPPER,42,21,40,236.00,"9,440.00"
2019-04-04,2019040401006715,UPPER,42,38,50,236.00,"11,800.00"
2019-04-04,2019040401006689,UPPER,42,46,60,236.00,"14,160.00"
2019-04-04,2019040401006608,UPPER,42,6,20,236.00,"4,720.00"
2019-04-04,2019040401006592,UPPER,42,6,20,236.00,"4,720.00"
2019-04-04,2019040401006584,UPPER,42,6,20,236.00,"4,720.00"
2019-04-04,2019040401006783,UPPER,41,35,10,237.00,"2,370.00"
2019-04-04,2019040401006748,UPPER,42,38,40,236.00,"9,440.00"
2019-04-04,2019040401006732,UPPER,42,5,40,236.00,"9,440.00"
2019-04-04,2019040401006108,ADBL,17,49,25,302.00,"7,550.00"
2019-04-04,2019040401006107,ADBL,8,49,275,302.00,"83,050.00"
2019-04-04,2019040401006011,ADBL,8,22,64,302.00,"19,328.00"
2019-04-04,2019040401005977,ADBL,8,39,125,302.00,"37,750.00"
2019-04-04,2019040401006058,AKJCL,52,38,20,79.00,"1,580.00"
2019-04-04,2019040401006019,AKJCL,52,38,10,79.00,790.00
2019-04-04,2019040401006095,AKPL,19,55,13,179.00,"2,327.00"
2019-04-04,2019040401006119,AKPL,13,13,39,179.00,"6,981.00"
2019-04-04,2019040401006273,ALBSL,1,8,10,477.00,"4,770.00"
2019-04-04,2019040401006224,ALBSL,1,46,10,477.00,"4,770.00"
2019-04-04,2019040401006160,ALBSL,1,56,10,477.00,"4,770.00"
2019-04-04,2019040401006147,ALBSL,1,32,10,477.00,"4,770.00"
2019-04-04,2019040401006143,ALBSL,34,8,10,478.00,"4,780.00"
2019-04-04,2019040401006120,ALBSL,1,8,10,477.00,"4,770.00"
2019-04-04,2019040401005946,ALBSL,32,10,10,478.00,"4,780.00"
2019-04-04,2019040401006090,ALBSL,8,8,10,476.00,"4,760.00"
2019-04-04,2019040401006073,ALBSL,1,10,10,477.00,"4,770.00"
2019-04-04,2019040401006064,ALBSL,1,10,10,477.00,"4,770.00"
2019-04-04,2019040401005978,ALBSL,14,10,10,477.00,"4,770.00"
2019-04-04,2019040401005959,ALBSL,32,10,10,478.00,"4,780.00"
2019-04-04,2019040401006111,ALBSL,1,10,10,477.00,"4,770.00"
2019-04-04,2019040401006105,ALBSL,8,8,10,476.00,"4,760.00"
2019-04-04,2019040401006098,ALBSL,1,10,10,477.00,"4,770.00"
2019-04-04,2019040401006097,ALBSL,1,10,10,477.00,"4,770.00"
2019-04-04,2019040401006096,ALBSL,8,8,10,476.00,"4,760.00"
2019-04-04,2019040401006316,ALICL,39,38,199,393.00,"78,207.00"
2019-04-04,2019040401006080,ALICL,14,28,15,389.00,"5,835.00"
2019-04-04,2019040401006190,API,6,46,500,134.00,"67,000.00"
2019-04-04,2019040401006106,API,6,22,29,134.00,"3,886.00"
2019-04-04,2019040401005947,API,6,22,100,134.00,"13,400.00"
2019-04-04,2019040401006179,BARUN,39,8,10,98.00,980.00
2019-04-04,2019040401006239,BOKL,32,48,10,249.00,"2,490.00"
2019-04-04,2019040401006213,BOKL,47,10,167,248.00,"41,416.00"
2019-04-04,2019040401006212,BOKL,47,10,403,248.00,"99,944.00"
2019-04-04,2019040401006178,BOKL,47,44,15,248.00,"3,720.00"
2019-04-04,2019040401006170,BOKL,56,48,200,249.00,"49,800.00"
2019-04-04,2019040401006059,BPCL,36,59,11,359.00,"3,949.00"
2019-04-04,2019040401006037,BPCL,36,59,11,359.00,"3,949.00"
2019-04-04,2019040401005991,BPCL,36,45,11,359.00,"3,949.00"
2019-04-04,2019040401005874,BPCL,36,29,10,359.00,"3,590.00"
2019-04-04,2019040401006307,CBBL,57,42,90,890.00,"80,100.00"
2019-04-04,2019040401006034,CBBL,44,28,40,889.00,"35,560.00"
2019-04-04,2019040401006033,CBBL,43,28,10,889.00,"8,890.00"
2019-04-04,2019040401006094,CBL,39,39,200,159.00,"31,800.00"
2019-04-04,2019040401006093,CBL,39,58,282,159.00,"44,838.00"
2019-04-04,2019040401006083,CBL,51,58,"1,000",159.00,"159,000.00"
2019-04-04,2019040401005872,CBL,7,17,31,158.00,"4,898.00"
2019-04-04,2019040401006133,CCBL,26,32,"1,000",167.00,"167,000.00"
2019-04-04,2019040401005968,CCBL,32,32,263,167.00,"43,921.00"
2019-04-04,2019040401005967,CCBL,32,22,145,167.00,"24,215.00"
2019-04-04,2019040401006163,CHCL,19,49,250,503.00,"125,750.00"
2019-04-04,2019040401005955,CHCL,26,21,50,505.00,"25,250.00"
2019-04-04,2019040401005917,CHL,58,29,10,101.00,"1,010.00"
2019-04-04,2019040401006320,CHLBS,45,59,10,505.00,"5,050.00"
2019-04-04,2019040401006280,CHLBS,56,38,10,506.00,"5,060.00"
2019-04-04,2019040401006258,CHLBS,56,38,10,506.00,"5,060.00"
2019-04-04,2019040401006219,CHLBS,56,41,10,506.00,"5,060.00"
2019-04-04,2019040401006061,CHLBS,56,8,10,506.00,"5,060.00"
2019-04-04,2019040401006053,CHLBS,56,8,10,506.00,"5,060.00"
2019-04-04,2019040401005939,CHLBS,45,8,10,505.00,"5,050.00"
2019-04-04,2019040401005873,CHLBS,45,8,10,505.00,"5,050.00"
2019-04-04,2019040401006032,CHLBS,56,8,10,506.00,"5,060.00"
2019-04-04,2019040401006020,CHLBS,56,5,10,506.00,"5,060.00"
2019-04-04,2019040401006012,CHLBS,56,8,10,506.00,"5,060.00"
2019-04-04,2019040401006004,CHLBS,56,44,10,506.00,"5,060.00"
2019-04-04,2019040401006000,CHLBS,56,41,10,506.00,"5,060.00"
2019-04-04,2019040401005990,CHLBS,45,44,10,505.00,"5,050.00"
2019-04-04,2019040401006223,CIT,41,16,50,"2,571.00","128,550.00"
2019-04-04,2019040401006222,CIT,19,16,10,"2,572.00","25,720.00"
2019-04-04,2019040401006221,CIT,41,16,50,"2,575.00","128,750.00"
2019-04-04,2019040401006220,CIT,26,16,50,"2,580.00","129,000.00"
2019-04-04,2019040401006088,CIT,56,16,50,"2,580.00","129,000.00"
2019-04-04,2019040401006087,CIT,38,16,20,"2,580.00","51,600.00"
2019-04-04,2019040401006132,CZBIL,33,54,29,215.00,"6,235.00"
2019-04-04,2019040401006086,CZBIL,42,1,50,217.00,"10,850.00"
2019-04-04,2019040401005957,CZBIL,33,43,675,215.00,"145,125.00"
2019-04-04,2019040401005937,CZBIL,48,34,400,216.00,"86,400.00"
2019-04-04,2019040401005919,CZBIL,33,43,200,215.00,"43,000.00"
2019-04-04,2019040401005918,CZBIL,1,43,300,215.00,"64,500.00"
2019-04-04,2019040401006169,DBBL,6,6,354,126.00,"44,604.00"
2019-04-04,2019040401006071,DBBL,57,33,"4,009",126.00,"505,134.00"
2019-04-04,2019040401006047,DHPL,6,6,11,86.00,946.00
2019-04-04,2019040401006159,EBL,26,34,100,595.00,"59,500.00"
2019-04-04,2019040401005969,EBL,16,58,94,594.00,"55,836.00"
2019-04-04,2019040401006167,EIC,22,57,10,850.00,"8,500.00"
2019-04-04,2019040401006166,EIC,16,57,22,850.00,"18,700.00"
2019-04-04,2019040401006072,FOWAD,6,6,39,"1,510.00","58,890.00"
2019-04-04,2019040401006268,GBBL,54,32,187,191.00,"35,717.00"
2019-04-04,2019040401006267,GBBL,34,32,13,191.00,"2,483.00"
2019-04-04,2019040401006052,GBBL,34,42,500,191.00,"95,500.00"
2019-04-04,2019040401006336,GBIME,45,21,21,270.00,"5,670.00"
2019-04-04,2019040401006251,GBIME,34,49,42,271.00,"11,382.00"
2019-04-04,2019040401006247,GBIME,34,44,10,271.00,"2,710.00"
2019-04-04,2019040401006104,GBIME,34,32,24,271.00,"6,504.00"
2019-04-04,2019040401006102,GBIME,34,32,24,271.00,"6,504.00"
2019-04-04,2019040401006063,GBIME,33,46,10,272.00,"2,720.00"
2019-04-04,2019040401006310,GBLBS,50,58,84,442.00,"37,128.00"
2019-04-04,2019040401006272,GBLBS,53,58,30,442.00,"13,260.00"
2019-04-04,2019040401006271,GBLBS,26,58,200,442.00,"88,400.00"
2019-04-04,2019040401006270,GBLBS,1,58,131,442.00,"57,902.00"
2019-04-04,2019040401006101,GBLBS,6,6,10,443.00,"4,430.00"
2019-04-04,2019040401006039,GBLBS,1,42,69,442.00,"30,498.00"
2019-04-04,2019040401006038,GBLBS,5,42,31,442.00,"13,702.00"
2019-04-04,2019040401005982,GBLBS,26,52,40,444.00,"17,760.00"
2019-04-04,2019040401006215,GDBL,14,59,104,188.00,"19,552.00"
2019-04-04,2019040401006200,GDBL,14,34,200,188.00,"37,600.00"
2019-04-04,2019040401006181,GDBL,45,1,294,188.00,"55,272.00"
2019-04-04,2019040401005988,GDBL,1,59,50,189.00,"9,450.00"
2019-04-04,2019040401006259,GILB,25,37,10,"1,010.00","10,100.00"
2019-04-04,2019040401006134,GILB,6,6,19,"1,020.00","19,380.00"
2019-04-04,2019040401006303,GUFL,47,40,771,110.00,"84,810.00"
2019-04-04,2019040401006153,HBL,25,1,86,465.00,"39,990.00"
2019-04-04,2019040401005985,HBL,50,58,39,464.00,"18,096.00"
2019-04-04,2019040401005984,HBL,56,58,200,465.00,"93,000.00"
2019-04-04,2019040401005983,HBL,52,58,248,467.00,"115,816.00"
2019-04-04,2019040401005952,HBL,52,35,52,467.00,"24,284.00"
2019-04-04,2019040401005951,HBL,45,35,100,467.00,"46,700.00"
2019-04-04,2019040401006295,HGI,45,46,50,376.00,"18,800.00"
2019-04-04,2019040401006144,HGI,45,46,40,376.00,"15,040.00"
2019-04-04,2019040401006358,HIDCL,36,1,25,138.00,"3,450.00"
2019-04-04,2019040401006357,HIDCL,36,1,100,138.00,"13,800.00"
2019-04-04,2019040401006356,HIDCL,1,1,75,138.00,"10,350.00"
2019-04-04,2019040401006246,HIDCL,1,25,56,138.00,"7,728.00"
2019-04-04,2019040401006237,HIDCL,1,56,69,138.00,"9,522.00"
2019-04-04,2019040401006139,HIDCL,17,47,11,138.00,"1,518.00"
2019-04-04,2019040401006187,HPPL,13,40,10,187.00,"1,870.00"
2019-04-04,2019040401006186,HPPL,13,40,10,187.00,"1,870.00"
2019-04-04,2019040401006185,HPPL,13,22,100,187.00,"18,700.00"
2019-04-04,2019040401006184,HPPL,13,43,10,187.00,"1,870.00"
2019-04-04,2019040401006183,HPPL,13,22,20,186.00,"3,720.00"
2019-04-04,2019040401006287,JBBL,42,56,60,136.00,"8,160.00"
2019-04-04,2019040401005903,JBBL,6,6,203,137.00,"27,811.00"
2019-04-04,2019040401006365,JBNL,38,10,82,179.00,"14,678.00"
2019-04-04,2019040401006364,JBNL,57,10,"2,000",179.00,"358,000.00"
2019-04-04,2019040401006363,JBNL,7,10,"2,000",179.00,"358,000.00"
2019-04-04,2019040401006319,JBNL,7,45,617,180.00,"111,060.00"
2019-04-04,2019040401006210,JBNL,7,1,133,180.00,"23,940.00"
2019-04-04,2019040401006157,JBNL,7,26,250,180.00,"45,000.00"
2019-04-04,2019040401006065,JBNL,7,58,247,180.00,"44,460.00"
2019-04-04,2019040401006060,JBNL,7,16,903,180.00,"162,540.00"
2019-04-04,2019040401006057,JBNL,7,39,50,180.00,"9,000.00"
2019-04-04,2019040401005963,JBNL,7,58,248,180.00,"44,640.00"
2019-04-04,2019040401005925,JBNL,48,58,10,180.00,"1,800.00"
2019-04-04,2019040401005922,JBNL,7,58,742,180.00,"133,560.00"
2019-04-04,2019040401006122,JFL,22,26,16,171.00,"2,736.00"
2019-04-04,2019040401006121,JFL,22,54,34,171.00,"5,814.00"
2019-04-04,2019040401005976,JFL,5,26,50,171.00,"8,550.00"
2019-04-04,2019040401005975,JFL,5,41,10,171.00,"1,710.00"
2019-04-04,2019040401005974,JFL,5,26,146,170.00,"24,820.00"
2019-04-04,2019040401005973,JFL,5,50,108,169.00,"18,252.00"
2019-04-04,2019040401005972,JFL,5,38,200,168.00,"33,600.00"
2019-04-04,2019040401005986,JSLBB,29,46,14,"2,050.00","28,700.00"
2019-04-04,2019040401005898,KBBL,42,50,25,212.00,"5,300.00"
2019-04-04,2019040401005897,KBBL,47,50,100,212.00,"21,200.00"
2019-04-04,2019040401006368,KBL,42,37,300,243.00,"72,900.00"
2019-04-04,2019040401006211,KBL,29,44,10,241.00,"2,410.00"
2019-04-04,2019040401006202,KBL,29,59,33,241.00,"7,953.00"
2019-04-04,2019040401006195,KBL,29,32,100,241.00,"24,100.00"
2019-04-04,2019040401006067,KBL,29,39,150,241.00,"36,150.00"
2019-04-04,2019040401005987,KBL,46,37,400,243.00,"97,200.00"
2019-04-04,2019040401005941,KBL,29,25,500,241.00,"120,500.00"
2019-04-04,2019040401005940,KBL,29,46,42,241.00,"10,122.00"
2019-04-04,2019040401006021,KMCDB,7,38,21,790.00,"16,590.00"
2019-04-04,2019040401006359,KMFL,19,6,10,791.00,"7,910.00"
2019-04-04,2019040401006172,KMFL,17,22,20,790.00,"15,800.00"
2019-04-04,2019040401005954,KMFL,6,6,24,791.00,"18,984.00"
2019-04-04,2019040401006343,KPCL,41,7,10,92.00,920.00
2019-04-04,2019040401006302,KPCL,41,39,10,92.00,920.00
2019-04-04,2019040401005906,KPCL,37,20,10,92.00,920.00
2019-04-04,2019040401005989,KPCL,11,20,10,91.00,910.00
2019-04-04,2019040401005979,KPCL,11,20,10,91.00,910.00
2019-04-04,2019040401006055,KPCL,11,20,10,91.00,910.00
2019-04-04,2019040401006013,KPCL,11,20,10,91.00,910.00
2019-04-04,2019040401006199,KPCL,11,7,10,91.00,910.00
2019-04-04,2019040401006177,KPCL,11,7,10,91.00,910.00
2019-04-04,2019040401006079,KPCL,11,20,10,91.00,910.00
2019-04-04,2019040401006252,KSBBL,1,25,131,141.00,"18,471.00"
2019-04-04,2019040401006158,LBBL,59,17,100,171.00,"17,100.00"
2019-04-04,2019040401006099,LBBL,59,17,100,171.00,"17,100.00"
2019-04-04,2019040401006228,LBL,7,48,900,204.00,"183,600.00"
2019-04-04,2019040401006227,LBL,7,21,500,204.00,"102,000.00"
2019-04-04,2019040401006196,LBL,25,58,100,204.00,"20,400.00"
2019-04-04,2019040401006176,LBL,7,1,98,203.00,"19,894.00"
2019-04-04,2019040401006175,LBL,32,1,32,203.00,"6,496.00"
2019-04-04,2019040401006298,LGIL,39,38,200,506.00,"101,200.00"
2019-04-04,2019040401006283,LGIL,39,40,50,505.00,"25,250.00"
2019-04-04,2019040401006165,MBL,44,1,101,228.00,"23,028.00"
2019-04-04,2019040401006164,MBL,14,1,34,228.00,"7,752.00"
2019-04-04,2019040401005994,MBL,48,40,200,229.00,"45,800.00"
2019-04-04,2019040401005993,MBL,48,33,34,229.00,"7,786.00"
2019-04-04,2019040401005896,MBL,40,55,300,229.00,"68,700.00"
2019-04-04,2019040401005876,MBL,14,55,466,228.00,"106,248.00"
2019-04-04,2019040401005875,MBL,28,55,50,228.00,"11,400.00"
2019-04-04,2019040401006248,MEGA,57,34,389,164.00,"63,796.00"
2019-04-04,2019040401006233,MEGA,57,47,202,164.00,"33,128.00"
2019-04-04,2019040401006232,MEGA,47,47,500,164.00,"82,000.00"
2019-04-04,2019040401006231,MEGA,38,47,298,164.00,"48,872.00"
2019-04-04,2019040401006218,MEGA,38,22,48,164.00,"7,872.00"
2019-04-04,2019040401006089,MEGA,26,33,150,165.00,"24,750.00"
2019-04-04,2019040401005915,MEGA,35,43,67,164.00,"10,988.00"
2019-04-04,2019040401005914,MEGA,52,43,200,164.00,"32,800.00"
2019-04-04,2019040401005913,MEGA,56,43,100,164.00,"16,400.00"
2019-04-04,2019040401005912,MEGA,45,43,150,164.00,"24,600.00"
2019-04-04,2019040401005911,MEGA,45,43,20,164.00,"3,280.00"
2019-04-04,2019040401005997,MEGA,38,45,400,164.00,"65,600.00"
2019-04-04,2019040401005996,MEGA,38,33,254,164.00,"41,656.00"
2019-04-04,2019040401005995,MEGA,35,33,246,164.00,"40,344.00"
2019-04-04,2019040401005949,MEGA,35,53,363,164.00,"59,532.00"
2019-04-04,2019040401005948,MEGA,39,53,137,164.00,"22,468.00"
2019-04-04,2019040401005916,MEGA,39,43,463,164.00,"75,932.00"
2019-04-04,2019040401006362,MLBL,46,42,15,171.00,"2,565.00"
2019-04-04,2019040401006345,MLBL,46,35,563,171.00,"96,273.00"
2019-04-04,2019040401006050,MLBL,46,49,100,171.00,"17,100.00"
2019-04-04,2019040401005909,MLBL,46,22,61,171.00,"10,431.00"
2019-04-04,2019040401006204,MNBBL,19,44,10,347.00,"3,470.00"
2019-04-04,2019040401006189,MNBBL,19,28,75,347.00,"26,025.00"
2019-04-04,2019040401006180,MNBBL,26,28,300,347.00,"104,100.00"
2019-04-04,2019040401006174,MNBBL,42,28,115,347.00,"39,905.00"
2019-04-04,2019040401005971,MNBBL,1,35,441,347.00,"153,027.00"
2019-04-04,2019040401005970,MNBBL,52,35,259,347.00,"89,873.00"
2019-04-04,2019040401005900,MNBBL,52,36,93,347.00,"32,271.00"
2019-04-04,2019040401006049,MPFL,39,7,65,150.00,"9,750.00"
2019-04-04,2019040401006369,MSLB,13,13,5,"1,207.00","6,035.00"
2019-04-04,2019040401006274,MSLB,13,13,15,"1,231.00","18,465.00"
2019-04-04,2019040401006009,MSLB,52,22,15,"1,231.00","18,465.00"
2019-04-04,2019040401006300,MSMBS,51,25,11,510.00,"5,610.00"
2019-04-04,2019040401006182,MSMBS,51,22,11,510.00,"5,610.00"
2019-04-04,2019040401006367,NABIL,36,19,100,723.00,"72,300.00"
2019-04-04,2019040401006322,NABIL,46,19,200,718.00,"143,600.00"
2019-04-04,2019040401006321,NABIL,34,19,200,719.00,"143,800.00"
2019-04-04,2019040401006018,NABIL,11,19,50,720.00,"36,000.00"
2019-04-04,2019040401006017,NABIL,41,19,50,720.00,"36,000.00"
2019-04-04,2019040401006016,NABIL,41,19,20,720.00,"14,400.00"
2019-04-04,2019040401006015,NABIL,56,19,50,721.00,"36,050.00"
2019-04-04,2019040401006014,NABIL,38,19,10,721.00,"7,210.00"
2019-04-04,2019040401005992,NABIL,38,19,40,721.00,"28,840.00"
2019-04-04,2019040401006277,NABILP,32,22,80,702.00,"56,160.00"
2019-04-04,2019040401006229,NABILP,32,22,120,702.00,"84,240.00"
2019-04-04,2019040401006100,NADEP,5,41,10,660.00,"6,600.00"
2019-04-04,2019040401006313,NBB,32,53,400,206.00,"82,400.00"
2019-04-04,2019040401006293,NBB,32,11,500,206.00,"103,000.00"
2019-04-04,2019040401006292,NBB,32,37,287,206.00,"59,122.00"
2019-04-04,2019040401006291,NBB,32,43,"1,000",206.00,"206,000.00"
2019-04-04,2019040401006290,NBB,32,49,100,206.00,"20,600.00"
2019-04-04,2019040401006276,NBB,59,49,400,206.00,"82,400.00"
2019-04-04,2019040401006226,NBB,52,45,99,205.00,"20,295.00"
2019-04-04,2019040401006225,NBB,43,45,151,205.00,"30,955.00"
2019-04-04,2019040401006043,NBB,43,50,400,205.00,"82,000.00"
2019-04-04,2019040401006275,NBL,56,37,100,295.00,"29,500.00"
2019-04-04,2019040401006125,NBL,51,37,250,295.00,"73,750.00"
2019-04-04,2019040401006124,NBL,32,37,"1,000",295.00,"295,000.00"
2019-04-04,2019040401006123,NBL,7,37,"1,769",295.00,"521,855.00"
2019-04-04,2019040401006118,NBL,7,38,231,295.00,"68,145.00"
2019-04-04,2019040401006117,NBL,16,38,100,295.00,"29,500.00"
2019-04-04,2019040401006078,NBL,38,55,"1,393",295.00,"410,935.00"
2019-04-04,2019040401006077,NBL,6,55,650,295.00,"191,750.00"
2019-04-04,2019040401006051,NBL,6,57,200,295.00,"59,000.00"
2019-04-04,2019040401006116,NBL,42,38,200,295.00,"59,000.00"
2019-04-04,2019040401006115,NBL,38,38,200,295.00,"59,000.00"
2019-04-04,2019040401006114,NBL,43,38,"5,000",295.00,"1,475,000.00"
2019-04-04,2019040401006113,NBL,17,38,350,295.00,"103,250.00"
2019-04-04,2019040401006112,NBL,38,38,107,295.00,"31,565.00"
2019-04-04,2019040401006081,NBL,38,11,500,295.00,"147,500.00"
2019-04-04,2019040401006254,NCCB,39,33,500,222.00,"111,000.00"
2019-04-04,2019040401006173,NCCB,5,33,"1,949",222.00,"432,678.00"
2019-04-04,2019040401006156,NCCB,5,25,51,222.00,"11,322.00"
2019-04-04,2019040401006155,NCCB,36,25,449,222.00,"99,678.00"
2019-04-04,2019040401006154,NCCB,36,25,51,222.00,"11,322.00"
2019-04-04,2019040401006136,NCCB,5,25,949,222.00,"210,678.00"
2019-04-04,2019040401006135,NCCB,5,25,"1,651",222.00,"366,522.00"
2019-04-04,2019040401006042,NCCB,32,25,50,222.00,"11,100.00"
2019-04-04,2019040401006041,NCCB,32,19,450,222.00,"99,900.00"
2019-04-04,2019040401006010,NCCB,25,19,50,222.00,"11,100.00"
2019-04-04,2019040401005904,NCCB,56,33,500,222.00,"111,000.00"
2019-04-04,2019040401006269,NCDB,28,46,190,123.00,"23,370.00"
2019-04-04,2019040401006315,NEF,17,21,241,8.03,"1,935.23"
2019-04-04,2019040401006253,NHDL,56,8,10,123.00,"1,230.00"
2019-04-04,2019040401006209,NHDL,56,8,10,123.00,"1,230.00"
2019-04-04,2019040401006141,NHDL,13,13,10,125.00,"1,250.00"
2019-04-04,2019040401006318,NIB,1,49,20,536.00,"10,720.00"
2019-04-04,2019040401006214,NIB,25,49,50,536.00,"26,800.00"
2019-04-04,2019040401006150,NIB,26,43,100,536.00,"53,600.00"
2019-04-04,2019040401005899,NIB,28,43,11,536.00,"5,896.00"
2019-04-04,2019040401006371,NICA,5,45,35,440.00,"15,400.00"
2019-04-04,2019040401006370,NICA,5,25,15,440.00,"6,600.00"
2019-04-04,2019040401006360,NICA,43,25,500,440.00,"220,000.00"
2019-04-04,2019040401006350,NICA,42,25,300,440.00,"132,000.00"
2019-04-04,2019040401006344,NICA,55,25,100,440.00,"44,000.00"
2019-04-04,2019040401006333,NICA,42,25,85,440.00,"37,400.00"
2019-04-04,2019040401006008,NICA,45,42,250,440.00,"110,000.00"
2019-04-04,2019040401005981,NICA,49,17,36,439.00,"15,804.00"
2019-04-04,2019040401005910,NICA,49,40,500,439.00,"219,500.00"
2019-04-04,2019040401005908,NICA,49,8,300,439.00,"131,700.00"
2019-04-04,2019040401006264,NICA,53,42,"1,325",440.00,"583,000.00"
2019-04-04,2019040401006263,NICA,22,42,"1,000",440.00,"440,000.00"
2019-04-04,2019040401006240,NICA,1,42,125,440.00,"55,000.00"
2019-04-04,2019040401006168,NICA,19,42,100,440.00,"44,000.00"
2019-04-04,2019040401006162,NICA,36,42,200,440.00,"88,000.00"
2019-04-04,2019040401006126,NICA,49,21,41,439.00,"17,999.00"
2019-04-04,2019040401006324,NICA,49,44,100,439.00,"43,900.00"
2019-04-04,2019040401006311,NICA,14,56,500,440.00,"220,000.00"
2019-04-04,2019040401006305,NICA,49,28,92,439.00,"40,388.00"
2019-04-04,2019040401006279,NICA,1,56,100,440.00,"44,000.00"
2019-04-04,2019040401006266,NICA,53,46,171,440.00,"75,240.00"
2019-04-04,2019040401006265,NICA,53,50,500,440.00,"220,000.00"
2019-04-04,2019040401006332,NICA,42,16,50,440.00,"22,000.00"
2019-04-04,2019040401006331,NICA,42,51,200,440.00,"88,000.00"
2019-04-04,2019040401006330,NICA,42,57,65,440.00,"28,600.00"
2019-04-04,2019040401006327,NICA,42,57,435,440.00,"191,400.00"
2019-04-04,2019040401006326,NICA,42,49,65,440.00,"28,600.00"
2019-04-04,2019040401006325,NICA,42,56,500,440.00,"220,000.00"
2019-04-04,2019040401006340,NICL,21,28,100,374.00,"37,400.00"
2019-04-04,2019040401006306,NICL,29,10,69,372.00,"25,668.00"
2019-04-04,2019040401006242,NICL,39,10,331,372.00,"123,132.00"
2019-04-04,2019040401006241,NICL,39,34,50,371.00,"18,550.00"
2019-04-04,2019040401006230,NICL,39,33,119,369.00,"43,911.00"
2019-04-04,2019040401006217,NICL,40,58,100,368.00,"36,800.00"
2019-04-04,2019040401006216,NICL,53,58,20,368.00,"7,360.00"
2019-04-04,2019040401006198,NICL,8,33,50,369.00,"18,450.00"
2019-04-04,2019040401006197,NICL,14,33,40,370.00,"14,800.00"
2019-04-04,2019040401006236,NIL,38,28,20,512.00,"10,240.00"
2019-04-04,2019040401006235,NIL,36,28,100,512.00,"51,200.00"
2019-04-04,2019040401006234,NIL,39,28,180,512.00,"92,160.00"
2019-04-04,2019040401006349,NLG,10,46,83,795.00,"65,985.00"
2019-04-04,2019040401006348,NLG,19,46,12,795.00,"9,540.00"
2019-04-04,2019040401005956,NLG,19,46,18,795.00,"14,310.00"
2019-04-04,2019040401006342,NLIC,39,29,200,"1,090.00","218,000.00"
2019-04-04,2019040401006341,NLIC,39,33,155,"1,089.00","168,795.00"
2019-04-04,2019040401006207,NLIC,29,33,150,"1,089.00","163,350.00"
2019-04-04,2019040401006140,NLIC,17,33,10,"1,089.00","10,890.00"
2019-04-04,2019040401005907,NLIC,44,34,17,"1,086.00","18,462.00"
2019-04-04,2019040401006262,NLICL,39,17,200,575.00,"115,000.00"
2019-04-04,2019040401006261,NLICL,39,53,200,575.00,"115,000.00"
2019-04-04,2019040401006260,NLICL,39,39,117,575.00,"67,275.00"
2019-04-04,2019040401006048,NLICL,50,39,105,575.00,"60,375.00"
2019-04-04,2019040401005950,NLICL,26,25,16,574.00,"9,184.00"
2019-04-04,2019040401006339,NMB,32,39,"1,507",336.00,"506,352.00"
2019-04-04,2019040401006338,NMB,32,35,232,336.00,"77,952.00"
2019-04-04,2019040401006092,NMB,51,16,804,335.00,"269,340.00"
2019-04-04,2019040401006091,NMB,38,16,461,335.00,"154,435.00"
2019-04-04,2019040401006030,NMB,38,54,39,335.00,"13,065.00"
2019-04-04,2019040401006029,NMB,32,54,100,335.00,"33,500.00"
2019-04-04,2019040401006022,NMB,5,54,122,336.00,"40,992.00"
2019-04-04,2019040401005905,NMB,5,29,10,336.00,"3,360.00"
2019-04-04,2019040401005901,NMB,5,22,12,336.00,"4,032.00"
2019-04-04,2019040401006028,NMB,6,54,10,335.00,"3,350.00"
2019-04-04,2019040401006027,NMB,39,54,130,335.00,"43,550.00"
2019-04-04,2019040401006026,NMB,48,54,500,335.00,"167,500.00"
2019-04-04,2019040401006025,NMB,5,54,300,335.00,"100,500.00"
2019-04-04,2019040401006024,NMB,17,54,350,335.00,"117,250.00"
2019-04-04,2019040401006023,NMB,32,54,364,335.00,"121,940.00"
2019-04-04,2019040401006296,NMBHF1,42,21,416,9.41,"3,914.56"
2019-04-04,2019040401006127,NMBHF1,42,58,"1,161",9.41,"10,925.01"
2019-04-04,2019040401006194,NNLB,33,11,30,430.00,"12,900.00"
2019-04-04,2019040401006193,NNLB,58,11,25,432.00,"10,800.00"
2019-04-04,2019040401006192,NNLB,42,11,50,433.00,"21,650.00"
2019-04-04,2019040401005980,OHL,38,55,100,434.00,"43,400.00"
2019-04-04,2019040401006355,PCBL,43,48,500,323.00,"161,500.00"
2019-04-04,2019040401006354,PCBL,19,48,101,323.00,"32,623.00"
2019-04-04,2019040401006353,PCBL,28,48,"1,000",323.00,"323,000.00"
2019-04-04,2019040401006352,PCBL,4,48,169,323.00,"54,587.00"
2019-04-04,2019040401006312,PCBL,36,21,200,324.00,"64,800.00"
2019-04-04,2019040401006297,PCBL,4,49,250,323.00,"80,750.00"
2019-04-04,2019040401006294,PCBL,59,21,400,324.00,"129,600.00"
2019-04-04,2019040401006284,PCBL,4,32,100,323.00,"32,300.00"
2019-04-04,2019040401006238,PCBL,4,44,10,323.00,"3,230.00"
2019-04-04,2019040401006036,PCBL,33,48,130,325.00,"42,250.00"
2019-04-04,2019040401005953,PCBL,43,49,300,324.00,"97,200.00"
2019-04-04,2019040401006346,PIC,20,20,1,995.00,995.00
2019-04-04,2019040401006334,PIC,20,20,1,995.00,995.00
2019-04-04,2019040401006299,PIC,20,20,1,995.00,995.00
2019-04-04,2019040401006285,PIC,20,20,1,995.00,995.00
2019-04-04,2019040401006256,PIC,20,20,1,995.00,995.00
2019-04-04,2019040401006054,PIC,49,45,11,"1,015.00","11,165.00"
2019-04-04,2019040401006044,PIC,49,34,11,"1,015.00","11,165.00"
2019-04-04,2019040401005964,PIC,49,26,11,"1,015.00","11,165.00"
2019-04-04,2019040401005923,PIC,56,22,11,"1,011.00","11,121.00"
2019-04-04,2019040401006142,PICL,22,37,30,680.00,"20,400.00"
2019-04-04,2019040401005966,PICL,11,53,200,682.00,"136,400.00"
2019-04-04,2019040401006366,PMHPL,42,7,10,110.00,"1,100.00"
2019-04-04,2019040401006351,PMHPL,42,10,10,110.00,"1,100.00"
2019-04-04,2019040401006337,PMHPL,42,39,10,110.00,"1,100.00"
2019-04-04,2019040401006243,PMHPL,42,7,10,110.00,"1,100.00"
2019-04-04,2019040401006188,PMHPL,42,7,10,110.00,"1,100.00"
2019-04-04,2019040401006171,PRIN,38,35,100,409.00,"40,900.00"
2019-04-04,2019040401006205,PRVU,5,7,44,243.00,"10,692.00"
2019-04-04,2019040401006191,PRVU,5,34,"1,100",243.00,"267,300.00"
2019-04-04,2019040401006161,PRVU,5,33,160,243.00,"38,880.00"
2019-04-04,2019040401005936,PRVU,20,42,500,243.00,"121,500.00"
2019-04-04,2019040401006149,PRVU,5,21,31,243.00,"7,533.00"
2019-04-04,2019040401006110,PRVU,5,58,334,243.00,"81,162.00"
2019-04-04,2019040401006109,PRVU,46,58,82,243.00,"19,926.00"
2019-04-04,2019040401006066,PRVU,46,58,418,243.00,"101,574.00"
2019-04-04,2019040401006007,PRVU,59,58,500,243.00,"121,500.00"
2019-04-04,2019040401006288,RADHI,25,52,10,173.00,"1,730.00"
2019-04-04,2019040401006006,RMDC,19,22,100,532.00,"53,200.00"
2019-04-04,2019040401006005,RMDC,45,22,64,532.00,"34,048.00"
2019-04-04,2019040401005965,RMDC,45,17,73,532.00,"38,836.00"
2019-04-04,2019040401006250,RRHP,38,21,10,91.00,910.00
2019-04-04,2019040401006245,RRHP,38,21,10,91.00,910.00
2019-04-04,2019040401006152,RRHP,14,20,10,92.00,920.00
2019-04-04,2019040401006151,RRHP,14,20,10,92.00,920.00
2019-04-04,2019040401005921,SADBL,34,59,240,144.00,"34,560.00"
2019-04-04,2019040401006203,SANIMA,39,17,500,312.00,"156,000.00"
2019-04-04,2019040401006201,SANIMA,48,54,500,311.00,"155,500.00"
2019-04-04,2019040401006146,SANIMA,25,17,100,312.00,"31,200.00"
2019-04-04,2019040401005935,SANIMA,57,56,"2,104",310.00,"652,240.00"
2019-04-04,2019040401005934,SANIMA,11,56,100,310.00,"31,000.00"
2019-04-04,2019040401005933,SANIMA,37,56,"1,000",310.00,"310,000.00"
2019-04-04,2019040401005926,SANIMA,43,56,416,310.00,"128,960.00"
2019-04-04,2019040401005932,SANIMA,21,56,203,310.00,"62,930.00"
2019-04-04,2019040401005931,SANIMA,41,56,500,310.00,"155,000.00"
2019-04-04,2019040401005930,SANIMA,41,56,100,310.00,"31,000.00"
2019-04-04,2019040401005929,SANIMA,5,56,150,310.00,"46,500.00"
2019-04-04,2019040401005928,SANIMA,45,56,227,310.00,"70,370.00"
2019-04-04,2019040401005927,SANIMA,34,56,200,310.00,"62,000.00"
2019-04-04,2019040401006084,SBBLJ,26,56,24,197.00,"4,728.00"
2019-04-04,2019040401006056,SBL,45,8,500,305.00,"152,500.00"
2019-04-04,2019040401005962,SBL,34,58,296,304.00,"89,984.00"
2019-04-04,2019040401005961,SBL,39,58,300,304.00,"91,200.00"
2019-04-04,2019040401005960,SBL,43,58,112,304.00,"34,048.00"
2019-04-04,2019040401006138,SCB,48,43,80,576.00,"46,080.00"
2019-04-04,2019040401006137,SCB,19,43,20,577.00,"11,540.00"
2019-04-04,2019040401006046,SCB,48,11,50,576.00,"28,800.00"
2019-04-04,2019040401006045,SCB,1,11,150,576.00,"86,400.00"
2019-04-04,2019040401006035,SCB,1,11,100,576.00,"57,600.00"
2019-04-04,2019040401005958,SCB,1,16,100,576.00,"57,600.00"
2019-04-04,2019040401006347,SDESI,57,8,23,533.00,"12,259.00"
2019-04-04,2019040401006323,SDESI,13,13,11,534.00,"5,874.00"
2019-04-04,2019040401006309,SDESI,57,8,23,533.00,"12,259.00"
2019-04-04,2019040401006328,SHINE,20,22,100,233.00,"23,300.00"
2019-04-04,2019040401006317,SHIVM,19,34,50,323.00,"16,150.00"
2019-04-04,2019040401006289,SHIVM,20,34,30,322.00,"9,660.00"
2019-04-04,2019040401006257,SHIVM,11,34,20,323.00,"6,460.00"
2019-04-04,2019040401006131,SHL,26,54,100,205.00,"20,500.00"
2019-04-04,2019040401006130,SHL,42,54,100,206.00,"20,600.00"
2019-04-04,2019040401006129,SHL,50,54,100,206.00,"20,600.00"
2019-04-04,2019040401006128,SHL,28,54,300,207.00,"62,100.00"
2019-04-04,2019040401006278,SIC,11,40,33,"1,280.00","42,240.00"
2019-04-04,2019040401006249,SIC,39,57,100,"1,285.00","128,500.00"
2019-04-04,2019040401006308,SICL,37,46,50,866.00,"43,300.00"
2019-04-04,2019040401005945,SICL,10,58,49,866.00,"42,434.00"
2019-04-04,2019040401005944,SICL,42,58,50,866.00,"43,300.00"
2019-04-04,2019040401005943,SICL,22,58,41,866.00,"35,506.00"
2019-04-04,2019040401005942,SICL,4,58,15,867.00,"13,005.00"
2019-04-04,2019040401005920,SIL,45,45,28,592.00,"16,576.00"
2019-04-04,2019040401006103,SKBBL,34,49,64,862.00,"55,168.00"
2019-04-04,2019040401006082,SKBBL,6,49,36,862.00,"31,032.00"
2019-04-04,2019040401006244,SLBS,13,13,11,877.00,"9,647.00"
2019-04-04,2019040401006255,SLBSL,42,55,10,672.00,"6,720.00"
2019-04-04,2019040401005924,SLBSL,11,45,10,672.00,"6,720.00"
2019-04-04,2019040401006148,SMATA,13,13,12,"1,195.00","14,340.00"
2019-04-04,2019040401006329,SRBL,44,51,400,228.00,"91,200.00"
2019-04-04,2019040401006301,SRBL,44,58,694,228.00,"158,232.00"
2019-04-04,2019040401006286,SRBL,44,48,323,228.00,"73,644.00"
2019-04-04,2019040401006206,SRBL,44,17,382,228.00,"87,096.00"
2019-04-04,2019040401006145,SRBL,28,43,190,227.00,"43,130.00"
2019-04-04,2019040401006085,UMHL,56,59,200,117.00,"23,400.00"
2019-04-04,2019040401006361,UPPER,35,39,50,235.00,"11,750.00"
2019-04-04,2019040401006335,UPPER,35,38,50,235.00,"11,750.00"
2019-04-04,2019040401006314,UPPER,35,38,50,235.00,"11,750.00"
2019-04-04,2019040401006304,UPPER,35,38,40,235.00,"9,400.00"
2019-04-04,2019040401005879,UPPER,42,44,50,236.00,"11,800.00"
2019-04-04,2019040401005878,UPPER,42,44,40,236.00,"9,440.00"
2019-04-04,2019040401005877,UPPER,42,5,50,236.00,"11,800.00"
2019-04-04,2019040401005885,UPPER,42,38,40,236.00,"9,440.00"
2019-04-04,2019040401005884,UPPER,42,38,40,236.00,"9,440.00"
2019-04-04,2019040401005883,UPPER,42,38,50,236.00,"11,800.00"
2019-04-04,2019040401005882,UPPER,42,38,50,236.00,"11,800.00"
2019-04-04,2019040401005881,UPPER,42,6,290,236.00,"68,440.00"
2019-04-04,2019040401005880,UPPER,42,38,50,236.00,"11,800.00"
2019-04-04,2019040401005891,UPPER,42,18,40,236.00,"9,440.00"
2019-04-04,2019040401005890,UPPER,42,18,50,236.00,"11,800.00"
2019-04-04,2019040401005889,UPPER,42,18,50,236.00,"11,800.00"
2019-04-04,2019040401005888,UPPER,42,18,50,236.00,"11,800.00"
2019-04-04,2019040401005887,UPPER,42,38,50,236.00,"11,800.00"
2019-04-04,2019040401005886,UPPER,42,38,40,236.00,"9,440.00"
2019-04-04,2019040401005902,UPPER,35,44,50,235.00,"11,750.00"
2019-04-04,2019040401005895,UPPER,42,18,40,236.00,"9,440.00"
2019-04-04,2019040401005894,UPPER,42,38,50,236.00,"11,800.00"
2019-04-04,2019040401005893,UPPER,42,38,50,236.00,"11,800.00"
2019-04-04,2019040401005892,UPPER,42,18,50,236.00,"11,800.00"
2019-04-04,2019040401006001,UPPER,41,38,30,236.00,"7,080.00"
2019-04-04,2019040401005999,UPPER,19,38,10,236.00,"2,360.00"
2019-04-04,2019040401005998,UPPER,19,18,40,236.00,"9,440.00"
2019-04-04,2019040401005938,UPPER,35,44,50,235.00,"11,750.00"
2019-04-04,2019040401006040,UPPER,35,38,50,235.00,"11,750.00"
2019-04-04,2019040401006031,UPPER,35,38,40,235.00,"9,400.00"
2019-04-04,2019040401006003,UPPER,41,18,20,236.00,"4,720.00"
2019-04-04,2019040401006002,UPPER,41,18,50,236.00,"11,800.00"
2019-04-04,2019040401006076,UPPER,22,18,40,236.00,"9,440.00"
2019-04-04,2019040401006075,UPPER,22,44,50,236.00,"11,800.00"
2019-04-04,2019040401006074,UPPER,22,44,10,236.00,"2,360.00"
2019-04-04,2019040401006070,UPPER,22,44,30,236.00,"7,080.00"
2019-04-04,2019040401006069,UPPER,22,44,40,236.00,"9,440.00"
2019-04-04,2019040401006068,UPPER,22,18,30,236.00,"7,080.00"
2019-04-04,2019040401006282,UPPER,35,46,40,235.00,"9,400.00"
2019-04-04,2019040401006281,UPPER,35,38,40,235.00,"9,400.00"
2019-04-04,2019040401006208,UPPER,35,46,40,235.00,"9,400.00"
2019-04-04,2019040401006062,VLBS,52,55,17,640.00,"10,880.00"
2019-04-04,2019040401005761,ADBL,8,29,240,302.00,"72,480.00"
2019-04-04,2019040401005396,AHPC,4,1,10,104.00,"1,040.00"
2019-04-04,2019040401005395,AHPC,4,26,300,104.00,"31,200.00"
2019-04-04,2019040401005394,AHPC,4,34,33,104.00,"3,432.00"
2019-04-04,2019040401005686,AKJCL,52,22,20,79.00,"1,580.00"
2019-04-04,2019040401005834,ALBSL,34,41,10,479.00,"4,790.00"
2019-04-04,2019040401005833,ALBSL,34,47,10,479.00,"4,790.00"
2019-04-04,2019040401005832,ALBSL,34,47,10,479.00,"4,790.00"
2019-04-04,2019040401005722,ALBSL,14,58,10,477.00,"4,770.00"
2019-04-04,2019040401005715,ALBSL,14,22,10,477.00,"4,770.00"
2019-04-04,2019040401005691,ALBSL,14,35,30,477.00,"14,310.00"
2019-04-04,2019040401005594,ALBSL,14,48,10,477.00,"4,770.00"
2019-04-04,2019040401005575,ALICL,45,56,35,389.00,"13,615.00"
2019-04-04,2019040401005550,ALICL,45,45,50,389.00,"19,450.00"
2019-04-04,2019040401005690,AMFI,45,43,10,640.00,"6,400.00"
2019-04-04,2019040401005736,API,6,22,927,134.00,"124,218.00"
2019-04-04,2019040401005574,BHBL,57,1,50,167.00,"8,350.00"
2019-04-04,2019040401005723,BOKL,41,48,"1,000",249.00,"249,000.00"
2019-04-04,2019040401005661,BOKL,45,48,112,249.00,"27,888.00"
2019-04-04,2019040401005660,BOKL,45,49,888,249.00,"221,112.00"
2019-04-04,2019040401005605,BOKL,47,37,300,248.00,"74,400.00"
2019-04-04,2019040401005587,BOKL,47,17,500,248.00,"124,000.00"
2019-04-04,2019040401005805,BPCL,16,50,417,360.00,"150,120.00"
2019-04-04,2019040401005585,BPCL,36,21,26,359.00,"9,334.00"
2019-04-04,2019040401005561,BPCL,36,41,100,359.00,"35,900.00"
2019-04-04,2019040401005560,BPCL,36,29,121,359.00,"43,439.00"
2019-04-04,2019040401005559,BPCL,36,49,"1,696",359.00,"608,864.00"
2019-04-04,2019040401005740,CBBL,45,42,10,890.00,"8,900.00"
2019-04-04,2019040401005871,CBL,56,17,169,158.00,"26,702.00"
2019-04-04,2019040401005853,CBL,13,58,50,159.00,"7,950.00"
2019-04-04,2019040401005852,CBL,28,58,200,159.00,"31,800.00"
2019-04-04,2019040401005851,CBL,7,58,"2,000",159.00,"318,000.00"
2019-04-04,2019040401005850,CBL,36,58,968,159.00,"153,912.00"
2019-04-04,2019040401005827,CBL,36,22,32,159.00,"5,088.00"
2019-04-04,2019040401005803,CBL,48,26,100,159.00,"15,900.00"
2019-04-04,2019040401005680,CBL,48,39,94,159.00,"14,946.00"
2019-04-04,2019040401005826,CBL,58,22,68,159.00,"10,812.00"
2019-04-04,2019040401005823,CBL,58,58,932,159.00,"148,188.00"
2019-04-04,2019040401005822,CBL,41,58,500,159.00,"79,500.00"
2019-04-04,2019040401005821,CBL,37,58,"1,000",159.00,"159,000.00"
2019-04-04,2019040401005820,CBL,1,58,300,159.00,"47,700.00"
2019-04-04,2019040401005819,CBL,48,58,268,159.00,"42,612.00"
2019-04-04,2019040401005760,CCBL,58,58,5,167.00,835.00
2019-04-04,2019040401005749,CCBL,21,22,50,167.00,"8,350.00"
2019-04-04,2019040401005748,CCBL,26,22,30,167.00,"5,010.00"
2019-04-04,2019040401005747,CCBL,49,22,10,167.00,"1,670.00"
2019-04-04,2019040401005746,CCBL,6,22,80,167.00,"13,360.00"
2019-04-04,2019040401005551,CCBL,55,59,50,168.00,"8,400.00"
2019-04-04,2019040401005679,CFCL,7,21,300,107.00,"32,100.00"
2019-04-04,2019040401005678,CFCL,57,21,49,107.00,"5,243.00"
2019-04-04,2019040401005630,CHCL,19,49,170,503.00,"85,510.00"
2019-04-04,2019040401005763,CHL,58,22,10,101.00,"1,010.00"
2019-04-04,2019040401005855,CHLBS,45,8,10,505.00,"5,050.00"
2019-04-04,2019040401005844,CHLBS,45,8,10,505.00,"5,050.00"
2019-04-04,2019040401005831,CHLBS,45,8,10,505.00,"5,050.00"
2019-04-04,2019040401005812,CHLBS,45,8,10,505.00,"5,050.00"
2019-04-04,2019040401005807,CHLBS,45,8,10,505.00,"5,050.00"
2019-04-04,2019040401005794,CHLBS,45,8,10,505.00,"5,050.00"
2019-04-04,2019040401005436,CHLBS,45,17,10,505.00,"5,050.00"
2019-04-04,2019040401005785,CHLBS,45,8,10,505.00,"5,050.00"
2019-04-04,2019040401005782,CHLBS,45,8,10,505.00,"5,050.00"
2019-04-04,2019040401005694,CHLBS,45,22,10,505.00,"5,050.00"
2019-04-04,2019040401005626,CHLBS,45,49,200,505.00,"101,000.00"
2019-04-04,2019040401005586,CHLBS,45,45,10,505.00,"5,050.00"
2019-04-04,2019040401005572,CHLBS,45,45,10,505.00,"5,050.00"
2019-04-04,2019040401005817,CIT,38,28,30,"2,580.00","77,400.00"
2019-04-04,2019040401005816,CIT,25,28,30,"2,583.00","77,490.00"
2019-04-04,2019040401005815,CIT,38,28,160,"2,585.00","413,600.00"
2019-04-04,2019040401005814,CIT,42,28,30,"2,588.00","77,640.00"
2019-04-04,2019040401005637,CIT,38,16,140,"2,585.00","361,900.00"
2019-04-04,2019040401005636,CIT,29,16,100,"2,587.00","258,700.00"
2019-04-04,2019040401005635,CIT,21,16,10,"2,587.00","25,870.00"
2019-04-04,2019040401005634,CIT,19,16,15,"2,588.00","38,820.00"
2019-04-04,2019040401005633,CIT,56,16,35,"2,588.00","90,580.00"
2019-04-04,2019040401005487,CIT,56,17,15,"2,588.00","38,820.00"
2019-04-04,2019040401005663,CZBIL,35,39,24,215.00,"5,160.00"
2019-04-04,2019040401005478,CZBIL,25,6,152,216.00,"32,832.00"
2019-04-04,2019040401005427,CZBIL,35,43,438,215.00,"94,170.00"
2019-04-04,2019040401005426,CZBIL,45,43,62,215.00,"13,330.00"
2019-04-04,2019040401005839,DBBL,59,33,50,126.00,"6,300.00"
2019-04-04,2019040401005824,DBBL,50,33,500,126.00,"63,000.00"
2019-04-04,2019040401005542,DBBL,58,59,221,125.00,"27,625.00"
2019-04-04,2019040401005541,DBBL,26,59,79,125.00,"9,875.00"
2019-04-04,2019040401005769,DDBL,28,19,175,585.00,"102,375.00"
2019-04-04,2019040401005768,DDBL,41,19,135,585.00,"78,975.00"
2019-04-04,2019040401005403,EBL,16,6,66,594.00,"39,204.00"
2019-04-04,2019040401005402,EBL,45,6,20,595.00,"11,900.00"
2019-04-04,2019040401005425,FMDBL,41,22,35,370.00,"12,950.00"
2019-04-04,2019040401005672,GBBL,46,17,500,192.00,"96,000.00"
2019-04-04,2019040401005671,GBBL,46,51,220,192.00,"42,240.00"
2019-04-04,2019040401005533,GBBL,34,52,487,191.00,"93,017.00"
2019-04-04,2019040401005532,GBBL,20,52,144,191.00,"27,504.00"
2019-04-04,2019040401005483,GBBL,20,1,300,191.00,"57,300.00"
2019-04-04,2019040401005372,GBIME,21,46,300,272.00,"81,600.00"
2019-04-04,2019040401005730,GBLBS,5,22,10,442.00,"4,420.00"
2019-04-04,2019040401005745,GLICL,28,26,22,494.00,"10,868.00"
2019-04-04,2019040401005407,GLICL,28,17,200,494.00,"98,800.00"
2019-04-04,2019040401005398,GLICL,28,58,16,494.00,"7,904.00"
2019-04-04,2019040401005791,GRDBL,6,6,104,106.00,"11,024.00"
2019-04-04,2019040401005789,HBL,41,29,100,470.00,"47,000.00"
2019-04-04,2019040401005788,HBL,53,29,50,470.00,"23,500.00"
2019-04-04,2019040401005714,HIDCL,17,58,34,138.00,"4,692.00"
2019-04-04,2019040401005523,HIDCL,25,17,20,139.00,"2,780.00"
2019-04-04,2019040401005830,HPPL,6,6,20,185.00,"3,700.00"
2019-04-04,2019040401005777,HPPL,13,22,10,184.00,"1,840.00"
2019-04-04,2019040401005696,IGI,42,37,500,402.00,"201,000.00"
2019-04-04,2019040401005695,IGI,29,37,20,403.00,"8,060.00"
2019-04-04,2019040401005700,IGI,43,37,50,400.00,"20,000.00"
2019-04-04,2019040401005699,IGI,29,37,10,401.00,"4,010.00"
2019-04-04,2019040401005698,IGI,8,37,25,401.00,"10,025.00"
2019-04-04,2019040401005697,IGI,56,37,60,401.00,"24,060.00"
2019-04-04,2019040401005519,JBBL,39,6,10,137.00,"1,370.00"
2019-04-04,2019040401005518,JBBL,49,6,200,137.00,"27,400.00"
2019-04-04,2019040401005517,JBBL,38,6,20,137.00,"2,740.00"
2019-04-04,2019040401005516,JBBL,34,6,"1,000",137.00,"137,000.00"
2019-04-04,2019040401005515,JBBL,34,6,"1,000",137.00,"137,000.00"
2019-04-04,2019040401005514,JBBL,42,6,50,137.00,"6,850.00"
2019-04-04,2019040401005628,JBNL,7,38,258,180.00,"46,440.00"
2019-04-04,2019040401005549,JBNL,7,38,742,180.00,"133,560.00"
2019-04-04,2019040401005524,JBNL,7,7,258,180.00,"46,440.00"
2019-04-04,2019040401005520,JBNL,59,33,100,181.00,"18,100.00"
2019-04-04,2019040401005430,JBNL,48,33,10,181.00,"1,810.00"
2019-04-04,2019040401005390,JBNL,7,55,130,180.00,"23,400.00"
2019-04-04,2019040401005869,KBBL,47,45,100,212.00,"21,200.00"
2019-04-04,2019040401005818,KBBL,47,49,200,212.00,"42,400.00"
2019-04-04,2019040401005580,KBBL,47,16,400,212.00,"84,800.00"
2019-04-04,2019040401005708,KBL,29,32,35,241.00,"8,435.00"
2019-04-04,2019040401005562,KBL,29,10,50,241.00,"12,050.00"
2019-04-04,2019040401005546,KBL,41,37,10,243.00,"2,430.00"
2019-04-04,2019040401005864,KNBL,32,43,120,122.00,"14,640.00"
2019-04-04,2019040401005863,KNBL,33,43,"1,000",123.00,"123,000.00"
2019-04-04,2019040401005862,KNBL,25,43,500,123.00,"61,500.00"
2019-04-04,2019040401005861,KNBL,35,43,275,124.00,"34,100.00"
2019-04-04,2019040401005856,KPCL,37,20,10,92.00,920.00
2019-04-04,2019040401005784,KPCL,37,20,10,92.00,920.00
2019-04-04,2019040401005378,KPCL,11,8,10,91.00,910.00
2019-04-04,2019040401005433,KPCL,11,8,10,91.00,910.00
2019-04-04,2019040401005419,KPCL,11,8,10,91.00,910.00
2019-04-04,2019040401005406,KPCL,11,8,10,91.00,910.00
2019-04-04,2019040401005399,KPCL,11,8,10,91.00,910.00
2019-04-04,2019040401005450,KPCL,11,8,10,91.00,910.00
2019-04-04,2019040401005444,KPCL,11,17,10,91.00,910.00
2019-04-04,2019040401005474,KPCL,11,8,10,91.00,910.00
2019-04-04,2019040401005522,KPCL,16,36,10,92.00,920.00
2019-04-04,2019040401005521,KPCL,11,8,10,91.00,910.00
2019-04-04,2019040401005573,KPCL,16,8,10,92.00,920.00
2019-04-04,2019040401005564,KPCL,16,8,10,92.00,920.00
2019-04-04,2019040401005553,KPCL,16,8,10,92.00,920.00
2019-04-04,2019040401005548,KPCL,16,8,10,92.00,920.00
2019-04-04,2019040401005535,KPCL,16,8,10,92.00,920.00
2019-04-04,2019040401005621,KPCL,16,8,10,92.00,920.00
2019-04-04,2019040401005607,KPCL,16,8,10,92.00,920.00
2019-04-04,2019040401005578,KPCL,16,8,10,92.00,920.00
2019-04-04,2019040401005665,KPCL,37,8,10,92.00,920.00
2019-04-04,2019040401005662,KPCL,37,22,10,92.00,920.00
2019-04-04,2019040401005658,KPCL,37,8,10,92.00,920.00
2019-04-04,2019040401005646,KPCL,37,1,10,92.00,920.00
2019-04-04,2019040401005645,KPCL,16,8,10,92.00,920.00
2019-04-04,2019040401005693,KPCL,37,20,10,92.00,920.00
2019-04-04,2019040401005677,KPCL,37,8,10,92.00,920.00
2019-04-04,2019040401005712,KPCL,37,20,10,92.00,920.00
2019-04-04,2019040401005798,KSBBL,1,34,"1,351",141.00,"190,491.00"
2019-04-04,2019040401005797,KSBBL,40,34,150,141.00,"21,150.00"
2019-04-04,2019040401005796,KSBBL,57,34,415,141.00,"58,515.00"
2019-04-04,2019040401005380,KSBBL,17,17,13,142.00,"1,846.00"
2019-04-04,2019040401005529,LBBL,40,17,100,171.00,"17,100.00"
2019-04-04,2019040401005528,LBBL,48,17,100,171.00,"17,100.00"
2019-04-04,2019040401005527,LBBL,21,17,112,171.00,"19,152.00"
2019-04-04,2019040401005423,LBBL,21,51,188,171.00,"32,148.00"
2019-04-04,2019040401005422,LBBL,28,51,"1,000",171.00,"171,000.00"
2019-04-04,2019040401005421,LBBL,35,51,150,171.00,"25,650.00"
2019-04-04,2019040401005420,LBBL,50,51,38,171.00,"6,498.00"
2019-04-04,2019040401005738,LBL,32,52,468,203.00,"95,004.00"
2019-04-04,2019040401005737,LBL,7,52,332,203.00,"67,396.00"
2019-04-04,2019040401005711,LBL,7,39,500,203.00,"101,500.00"
2019-04-04,2019040401005583,LBL,34,58,200,204.00,"40,800.00"
2019-04-04,2019040401005582,LBL,34,49,300,204.00,"61,200.00"
2019-04-04,2019040401005452,LBL,7,22,168,203.00,"34,104.00"
2019-04-04,2019040401005451,LBL,32,22,25,203.00,"5,075.00"
2019-04-04,2019040401005868,LEMF,58,25,100,8.03,803.00
2019-04-04,2019040401005825,LEMF,51,25,100,8.03,803.00
2019-04-04,2019040401005779,LLBS,26,56,20,756.00,"15,120.00"
2019-04-04,2019040401005424,LLBS,40,58,50,747.00,"37,350.00"
2019-04-04,2019040401005841,MBL,28,55,950,228.00,"216,600.00"
2019-04-04,2019040401005840,MBL,26,55,50,228.00,"11,400.00"
2019-04-04,2019040401005755,MBL,34,55,500,229.00,"114,500.00"
2019-04-04,2019040401005754,MBL,48,55,100,229.00,"22,900.00"
2019-04-04,2019040401005753,MBL,17,55,100,229.00,"22,900.00"
2019-04-04,2019040401005733,MBL,17,55,200,229.00,"45,800.00"
2019-04-04,2019040401005392,MBL,57,38,300,230.00,"69,000.00"
2019-04-04,2019040401005391,MBL,7,38,86,230.00,"19,780.00"
2019-04-04,2019040401005373,MBL,7,6,44,230.00,"10,120.00"
2019-04-04,2019040401005732,MBL,28,55,500,229.00,"114,500.00"
2019-04-04,2019040401005731,MBL,28,55,300,229.00,"68,700.00"
2019-04-04,2019040401005470,MBL,56,38,20,230.00,"4,600.00"
2019-04-04,2019040401005435,MBL,34,38,616,230.00,"141,680.00"
2019-04-04,2019040401005417,MBL,34,38,70,230.00,"16,100.00"
2019-04-04,2019040401005393,MBL,34,38,314,230.00,"72,220.00"
2019-04-04,2019040401005767,MEGA,58,58,5,165.00,825.00
2019-04-04,2019040401005742,MEGA,45,19,133,164.00,"21,812.00"
2019-04-04,2019040401005632,MEGA,45,39,47,164.00,"7,708.00"
2019-04-04,2019040401005631,MEGA,26,39,50,164.00,"8,200.00"
2019-04-04,2019040401005486,MEGA,43,33,350,165.00,"57,750.00"
2019-04-04,2019040401005557,MERO,32,13,40,550.00,"22,000.00"
2019-04-04,2019040401005556,MERO,32,42,30,550.00,"16,500.00"
2019-04-04,2019040401005555,MERO,32,43,34,550.00,"18,700.00"
2019-04-04,2019040401005445,MERO,52,43,16,550.00,"8,800.00"
2019-04-04,2019040401005848,MFIL,41,6,750,111.00,"83,250.00"
2019-04-04,2019040401005847,MFIL,25,6,200,111.00,"22,200.00"
2019-04-04,2019040401005466,MFIL,55,6,"1,000",111.00,"111,000.00"
2019-04-04,2019040401005465,MFIL,1,6,53,111.00,"5,883.00"
2019-04-04,2019040401005705,MLBL,46,58,761,171.00,"130,131.00"
2019-04-04,2019040401005704,MLBL,28,58,71,171.00,"12,141.00"
2019-04-04,2019040401005612,MLBL,28,49,188,171.00,"32,148.00"
2019-04-04,2019040401005595,MNBBL,52,16,182,347.00,"63,154.00"
2019-04-04,2019040401005584,MNBBL,52,21,213,347.00,"73,911.00"
2019-04-04,2019040401005536,MNBBL,41,28,10,349.00,"3,490.00"
2019-04-04,2019040401005781,MSLB,13,13,5,"1,202.00","6,010.00"
2019-04-04,2019040401005762,MSLB,13,13,5,"1,202.00","6,010.00"
2019-04-04,2019040401005638,MSLB,13,13,5,"1,202.00","6,010.00"
2019-04-04,2019040401005685,NABIL,41,26,80,720.00,"57,600.00"
2019-04-04,2019040401005684,NABIL,52,26,50,720.00,"36,000.00"
2019-04-04,2019040401005683,NABIL,57,26,20,721.00,"14,420.00"
2019-04-04,2019040401005602,NABIL,5,19,250,722.00,"180,500.00"
2019-04-04,2019040401005601,NABIL,7,19,100,722.00,"72,200.00"
2019-04-04,2019040401005600,NABIL,55,19,26,722.00,"18,772.00"
2019-04-04,2019040401005599,NABIL,22,19,10,723.00,"7,230.00"
2019-04-04,2019040401005598,NABIL,41,19,20,723.00,"14,460.00"
2019-04-04,2019040401005597,NABIL,38,19,50,724.00,"36,200.00"
2019-04-04,2019040401005842,NBB,43,22,19,205.00,"3,895.00"
2019-04-04,2019040401005734,NBB,43,45,180,205.00,"36,900.00"
2019-04-04,2019040401005813,NBBL,51,56,11,595.00,"6,545.00"
2019-04-04,2019040401005644,NBBL,51,34,23,595.00,"13,685.00"
2019-04-04,2019040401005643,NBBL,16,34,27,595.00,"16,065.00"
2019-04-04,2019040401005870,NBL,6,22,150,295.00,"44,250.00"
2019-04-04,2019040401005688,NBL,32,53,170,296.00,"50,320.00"
2019-04-04,2019040401005649,NBL,32,53,330,296.00,"97,680.00"
2019-04-04,2019040401005648,NBL,32,34,670,296.00,"198,320.00"
2019-04-04,2019040401005625,NBL,21,34,500,296.00,"148,000.00"
2019-04-04,2019040401005624,NBL,33,34,330,296.00,"97,680.00"
2019-04-04,2019040401005477,NBL,33,25,100,296.00,"29,600.00"
2019-04-04,2019040401005476,NBL,40,25,14,296.00,"4,144.00"
2019-04-04,2019040401005389,NBL,40,11,50,296.00,"14,800.00"
2019-04-04,2019040401005376,NBL,40,34,436,296.00,"129,056.00"
2019-04-04,2019040401005375,NBL,44,34,100,296.00,"29,600.00"
2019-04-04,2019040401005843,NCCB,50,57,458,222.00,"101,676.00"
2019-04-04,2019040401005776,NCCB,58,57,42,222.00,"9,324.00"
2019-04-04,2019040401005706,NCCB,7,56,130,221.00,"28,730.00"
2019-04-04,2019040401005480,NCCB,4,5,455,221.00,"100,555.00"
2019-04-04,2019040401005418,NCCB,4,6,66,221.00,"14,586.00"
2019-04-04,2019040401005790,NCDB,29,46,10,124.00,"1,240.00"
2019-04-04,2019040401005720,NGPL,34,1,200,124.00,"24,800.00"
2019-04-04,2019040401005615,NHDL,13,58,70,125.00,"8,750.00"
2019-04-04,2019040401005614,NHDL,56,6,10,123.00,"1,230.00"
2019-04-04,2019040401005604,NHDL,13,58,70,125.00,"8,750.00"
2019-04-04,2019040401005449,NHDL,42,58,50,126.00,"6,300.00"
2019-04-04,2019040401005641,NHPC,34,47,500,70.00,"35,000.00"
2019-04-04,2019040401005640,NHPC,38,47,"1,000",70.00,"70,000.00"
2019-04-04,2019040401005639,NHPC,34,47,500,70.00,"35,000.00"
2019-04-04,2019040401005511,NIB,41,42,10,537.00,"5,370.00"
2019-04-04,2019040401005410,NIB,28,57,89,536.00,"47,704.00"
2019-04-04,2019040401005374,NIBPO,6,6,900,494.00,"444,600.00"
2019-04-04,2019040401005867,NICA,49,48,23,439.00,"10,097.00"
2019-04-04,2019040401005859,NICA,1,48,200,437.00,"87,400.00"
2019-04-04,2019040401005858,NICA,5,48,127,439.00,"55,753.00"
2019-04-04,2019040401005857,NICA,5,38,73,438.00,"31,974.00"
2019-04-04,2019040401005838,NICA,7,38,"1,000",438.00,"438,000.00"
2019-04-04,2019040401005837,NICA,34,38,318,438.00,"139,284.00"
2019-04-04,2019040401005408,NICA,45,11,50,438.00,"21,900.00"
2019-04-04,2019040401005382,NICA,52,43,100,439.00,"43,900.00"
2019-04-04,2019040401005475,NICA,41,43,20,439.00,"8,780.00"
2019-04-04,2019040401005416,NICA,41,43,890,438.00,"389,820.00"
2019-04-04,2019040401005415,NICA,41,16,140,438.00,"61,320.00"
2019-04-04,2019040401005414,NICA,48,16,200,438.00,"87,600.00"
2019-04-04,2019040401005413,NICA,50,16,100,438.00,"43,800.00"
2019-04-04,2019040401005412,NICA,45,16,404,438.00,"176,952.00"
2019-04-04,2019040401005588,NICA,51,59,38,439.00,"16,682.00"
2019-04-04,2019040401005545,NICA,45,48,185,438.00,"81,030.00"
2019-04-04,2019040401005544,NICA,41,48,815,438.00,"356,970.00"
2019-04-04,2019040401005543,NICA,33,43,225,439.00,"98,775.00"
2019-04-04,2019040401005510,NICA,59,43,50,439.00,"21,950.00"
2019-04-04,2019040401005485,NICA,41,58,500,438.00,"219,000.00"
2019-04-04,2019040401005729,NICA,34,58,682,438.00,"298,716.00"
2019-04-04,2019040401005728,NICA,57,58,200,438.00,"87,600.00"
2019-04-04,2019040401005727,NICA,18,58,100,438.00,"43,800.00"
2019-04-04,2019040401005726,NICA,45,58,15,438.00,"6,570.00"
2019-04-04,2019040401005719,NICA,55,22,98,439.00,"43,022.00"
2019-04-04,2019040401005670,NICA,51,22,12,439.00,"5,268.00"
2019-04-04,2019040401005829,NICL,42,58,380,370.00,"140,600.00"
2019-04-04,2019040401005795,NICL,42,26,120,370.00,"44,400.00"
2019-04-04,2019040401005787,NICL,1,26,10,370.00,"3,700.00"
2019-04-04,2019040401005744,NICL,1,58,190,370.00,"70,300.00"
2019-04-04,2019040401005743,NICL,21,58,20,370.00,"7,400.00"
2019-04-04,2019040401005623,NICL,34,26,35,371.00,"12,985.00"
2019-04-04,2019040401005581,NICL,34,58,800,371.00,"296,800.00"
2019-04-04,2019040401005577,NICL,34,58,665,371.00,"246,715.00"
2019-04-04,2019040401005576,NICL,42,58,50,372.00,"18,600.00"
2019-04-04,2019040401005752,NIL,39,45,20,512.00,"10,240.00"
2019-04-04,2019040401005751,NIL,49,45,30,512.00,"15,360.00"
2019-04-04,2019040401005765,NLBBL,43,56,220,448.00,"98,560.00"
2019-04-04,2019040401005764,NLBBL,26,56,30,450.00,"13,500.00"
2019-04-04,2019040401005617,NLBBL,43,58,114,448.00,"51,072.00"
2019-04-04,2019040401005616,NLBBL,37,58,86,449.00,"38,614.00"
2019-04-04,2019040401005552,NLG,59,45,56,797.00,"44,632.00"
2019-04-04,2019040401005703,NLIC,44,26,20,"1,086.00","21,720.00"
2019-04-04,2019040401005702,NLIC,34,26,30,"1,086.00","32,580.00"
2019-04-04,2019040401005701,NLIC,34,26,100,"1,087.00","108,700.00"
2019-04-04,2019040401005780,NLICL,50,25,300,570.00,"171,000.00"
2019-04-04,2019040401005724,NLICL,50,45,60,570.00,"34,200.00"
2019-04-04,2019040401005668,NLICL,6,25,284,571.00,"162,164.00"
2019-04-04,2019040401005619,NLICL,6,45,500,574.00,"287,000.00"
2019-04-04,2019040401005618,NLICL,6,35,56,574.00,"32,144.00"
2019-04-04,2019040401005866,NMB,32,33,50,336.00,"16,800.00"
2019-04-04,2019040401005865,NMB,32,28,144,336.00,"48,384.00"
2019-04-04,2019040401005650,NMB,32,39,12,335.00,"4,020.00"
2019-04-04,2019040401005606,NMB,32,16,14,335.00,"4,690.00"
2019-04-04,2019040401005565,NMB,33,28,85,336.00,"28,560.00"
2019-04-04,2019040401005537,NMB,33,28,115,336.00,"38,640.00"
2019-04-04,2019040401005530,NMB,33,45,90,336.00,"30,240.00"
2019-04-04,2019040401005464,NMB,41,49,20,336.00,"6,720.00"
2019-04-04,2019040401005484,NMBHF1,42,58,402,9.60,"3,859.20"
2019-04-04,2019040401005462,NMBHF1,42,58,"49,598",9.60,"476,140.80"
2019-04-04,2019040401005461,NMBHF1,42,45,"4,161",9.55,"39,737.55"
2019-04-04,2019040401005460,NMBHF1,42,45,"4,161",9.55,"39,737.55"
2019-04-04,2019040401005459,NMBHF1,42,57,500,9.50,"4,750.00"
2019-04-04,2019040401005458,NMBHF1,42,36,"2,080",9.45,"19,656.00"
2019-04-04,2019040401005457,NMBHF1,42,57,500,9.44,"4,720.00"
2019-04-04,2019040401005456,NMBHF1,42,57,"1,000",9.44,"9,440.00"
2019-04-04,2019040401005455,NMBHF1,42,57,"2,000",9.44,"18,880.00"
2019-04-04,2019040401005793,NMBMF,43,56,34,977.00,"33,218.00"
2019-04-04,2019040401005718,NMBMF,17,44,14,975.00,"13,650.00"
2019-04-04,2019040401005717,NMBMF,18,44,20,976.00,"19,520.00"
2019-04-04,2019040401005770,NTC,58,6,10,685.00,"6,850.00"
2019-04-04,2019040401005808,OHL,45,45,20,433.00,"8,660.00"
2019-04-04,2019040401005846,PCBL,20,48,48,325.00,"15,600.00"
2019-04-04,2019040401005845,PCBL,20,42,302,324.00,"97,848.00"
2019-04-04,2019040401005828,PCBL,49,42,198,324.00,"64,152.00"
2019-04-04,2019040401005783,PCBL,49,49,200,324.00,"64,800.00"
2019-04-04,2019040401005756,PCBL,49,21,202,324.00,"65,448.00"
2019-04-04,2019040401005534,PCBL,4,14,264,323.00,"85,272.00"
2019-04-04,2019040401005453,PCBL,4,59,148,323.00,"47,804.00"
2019-04-04,2019040401005440,PCBL,10,14,20,325.00,"6,500.00"
2019-04-04,2019040401005596,PFL,34,22,500,133.00,"66,500.00"
2019-04-04,2019040401005667,PIC,56,26,43,"1,011.00","43,473.00"
2019-04-04,2019040401005666,PIC,56,26,157,"1,011.00","158,727.00"
2019-04-04,2019040401005405,PIC,56,32,57,"1,011.00","57,627.00"
2019-04-04,2019040401005377,PIC,52,32,11,"1,012.00","11,132.00"
2019-04-04,2019040401005429,PLIC,6,44,265,443.00,"117,395.00"
2019-04-04,2019040401005379,PRIN,1,45,59,408.00,"24,072.00"
2019-04-04,2019040401005682,PRVU,46,55,182,242.00,"44,044.00"
2019-04-04,2019040401005681,PRVU,36,55,818,242.00,"197,956.00"
2019-04-04,2019040401005657,PRVU,40,58,500,243.00,"121,500.00"
2019-04-04,2019040401005656,PRVU,57,58,284,243.00,"69,012.00"
2019-04-04,2019040401005655,PRVU,57,58,50,243.00,"12,150.00"
2019-04-04,2019040401005454,PRVU,32,32,14,244.00,"3,416.00"
2019-04-04,2019040401005384,PRVU,46,43,400,244.00,"97,600.00"
2019-04-04,2019040401005383,PRVU,34,43,"1,300",244.00,"317,200.00"
2019-04-04,2019040401005571,PRVU,32,32,28,244.00,"6,832.00"
2019-04-04,2019040401005554,PRVU,32,32,14,244.00,"3,416.00"
2019-04-04,2019040401005539,PRVU,32,32,14,244.00,"3,416.00"
2019-04-04,2019040401005538,PRVU,32,32,14,244.00,"3,416.00"
2019-04-04,2019040401005513,PRVU,32,32,14,244.00,"3,416.00"
2019-04-04,2019040401005482,PRVU,32,32,14,244.00,"3,416.00"
2019-04-04,2019040401005611,PRVU,38,55,46,243.00,"11,178.00"
2019-04-04,2019040401005610,PRVU,17,55,300,243.00,"72,900.00"
2019-04-04,2019040401005609,PRVU,11,55,500,243.00,"121,500.00"
2019-04-04,2019040401005608,PRVU,28,55,154,243.00,"37,422.00"
2019-04-04,2019040401005589,PRVU,32,32,14,244.00,"3,416.00"
2019-04-04,2019040401005579,PRVU,32,32,28,244.00,"6,832.00"
2019-04-04,2019040401005654,PRVU,45,58,500,243.00,"121,500.00"
2019-04-04,2019040401005653,PRVU,7,58,"2,000",243.00,"486,000.00"
2019-04-04,2019040401005652,PRVU,59,58,100,243.00,"24,300.00"
2019-04-04,2019040401005651,PRVU,38,58,427,243.00,"103,761.00"
2019-04-04,2019040401005629,PRVU,38,55,911,243.00,"221,373.00"
2019-04-04,2019040401005622,PRVU,38,55,616,243.00,"149,688.00"
2019-04-04,2019040401005759,RADHI,45,6,11,170.00,"1,870.00"
2019-04-04,2019040401005664,RADHI,13,13,11,167.00,"1,837.00"
2019-04-04,2019040401005647,RBCL,16,10,30,"9,150.00","274,500.00"
2019-04-04,2019040401005802,RBCLPO,34,34,10,"8,331.00","83,310.00"
2019-04-04,2019040401005801,RBCLPO,17,34,20,"8,350.00","167,000.00"
2019-04-04,2019040401005800,RBCLPO,40,34,10,"8,351.00","83,510.00"
2019-04-04,2019040401005799,RBCLPO,21,34,20,"8,400.00","168,000.00"
2019-04-04,2019040401005469,RRHP,37,17,10,93.00,930.00
2019-04-04,2019040401005468,RRHP,37,16,10,93.00,930.00
2019-04-04,2019040401005479,SADBL,16,59,63,145.00,"9,135.00"
2019-04-04,2019040401005774,SANIMA,6,43,250,311.00,"77,750.00"
2019-04-04,2019040401005773,SANIMA,4,43,50,311.00,"15,550.00"
2019-04-04,2019040401005772,SANIMA,53,43,50,311.00,"15,550.00"
2019-04-04,2019040401005771,SANIMA,28,43,26,312.00,"8,112.00"
2019-04-04,2019040401005674,SANIMA,28,32,40,312.00,"12,480.00"
2019-04-04,2019040401005673,SANIMA,41,32,10,313.00,"3,130.00"
2019-04-04,2019040401005811,SBI,45,29,300,399.00,"119,700.00"
2019-04-04,2019040401005388,SBI,46,58,400,400.00,"160,000.00"
2019-04-04,2019040401005387,SBI,45,58,500,400.00,"200,000.00"
2019-04-04,2019040401005386,SBI,28,58,100,400.00,"40,000.00"
2019-04-04,2019040401005689,SBL,43,32,50,304.00,"15,200.00"
2019-04-04,2019040401005593,SBL,6,8,473,305.00,"144,265.00"
2019-04-04,2019040401005592,SBL,6,59,300,305.00,"91,500.00"
2019-04-04,2019040401005591,SBL,6,50,200,305.00,"61,000.00"
2019-04-04,2019040401005590,SBL,6,49,27,305.00,"8,235.00"
2019-04-04,2019040401005563,SBL,36,49,15,305.00,"4,575.00"
2019-04-04,2019040401005558,SBL,43,49,400,304.00,"121,600.00"
2019-04-04,2019040401005525,SBL,43,10,110,304.00,"33,440.00"
2019-04-04,2019040401005404,SBL,44,49,60,305.00,"18,300.00"
2019-04-04,2019040401005766,SHIVM,20,29,90,322.00,"28,980.00"
2019-04-04,2019040401005725,SHIVM,20,29,50,322.00,"16,100.00"
2019-04-04,2019040401005659,SHIVM,20,29,80,322.00,"25,760.00"
2019-04-04,2019040401005570,SHIVM,20,6,50,324.00,"16,200.00"
2019-04-04,2019040401005569,SHIVM,20,25,200,324.00,"64,800.00"
2019-04-04,2019040401005409,SHIVM,17,34,50,323.00,"16,150.00"
2019-04-04,2019040401005401,SHIVM,17,45,40,323.00,"12,920.00"
2019-04-04,2019040401005400,SHIVM,29,45,10,323.00,"3,230.00"
2019-04-04,2019040401005397,SHIVM,29,49,150,323.00,"48,450.00"
2019-04-04,2019040401005385,SHIVM,29,34,50,323.00,"16,150.00"
2019-04-04,2019040401005381,SHIVM,29,7,50,323.00,"16,150.00"
2019-04-04,2019040401005488,SHIVM,17,36,660,323.00,"213,180.00"
2019-04-04,2019040401005448,SHIVM,17,7,50,323.00,"16,150.00"
2019-04-04,2019040401005441,SHIVM,17,49,50,323.00,"16,150.00"
2019-04-04,2019040401005432,SHIVM,17,34,50,323.00,"16,150.00"
2019-04-04,2019040401005431,SHIVM,17,7,50,323.00,"16,150.00"
2019-04-04,2019040401005411,SHIVM,17,7,50,323.00,"16,150.00"
2019-04-04,2019040401005494,SHIVM,28,36,500,322.00,"161,000.00"
2019-04-04,2019040401005493,SHIVM,48,36,50,322.00,"16,100.00"
2019-04-04,2019040401005492,SHIVM,34,36,100,322.00,"32,200.00"
2019-04-04,2019040401005491,SHIVM,17,36,100,322.00,"32,200.00"
2019-04-04,2019040401005490,SHIVM,26,36,100,322.00,"32,200.00"
2019-04-04,2019040401005489,SHIVM,57,36,200,323.00,"64,600.00"
2019-04-04,2019040401005500,SHIVM,35,36,100,321.00,"32,100.00"
2019-04-04,2019040401005499,SHIVM,16,36,500,321.00,"160,500.00"
2019-04-04,2019040401005498,SHIVM,40,36,100,321.00,"32,100.00"
2019-04-04,2019040401005497,SHIVM,49,36,100,321.00,"32,100.00"
2019-04-04,2019040401005496,SHIVM,1,36,100,321.00,"32,100.00"
2019-04-04,2019040401005495,SHIVM,44,36,100,322.00,"32,200.00"
2019-04-04,2019040401005506,SHIVM,28,36,100,320.00,"32,000.00"
2019-04-04,2019040401005505,SHIVM,39,36,200,320.00,"64,000.00"
2019-04-04,2019040401005504,SHIVM,55,36,100,320.00,"32,000.00"
2019-04-04,2019040401005503,SHIVM,41,36,50,320.00,"16,000.00"
2019-04-04,2019040401005502,SHIVM,22,36,200,321.00,"64,200.00"
2019-04-04,2019040401005501,SHIVM,1,36,50,321.00,"16,050.00"
2019-04-04,2019040401005568,SHIVM,20,34,100,324.00,"32,400.00"
2019-04-04,2019040401005567,SHIVM,20,40,50,324.00,"16,200.00"
2019-04-04,2019040401005566,SHIVM,20,19,110,324.00,"35,640.00"
2019-04-04,2019040401005509,SHIVM,33,36,"4,460",320.00,"1,427,200.00"
2019-04-04,2019040401005508,SHIVM,39,36,30,320.00,"9,600.00"
2019-04-04,2019040401005507,SHIVM,19,36,100,320.00,"32,000.00"
2019-04-04,2019040401005778,SHPC,58,58,3,228.00,684.00
2019-04-04,2019040401005854,SICL,10,19,14,867.00,"12,138.00"
2019-04-04,2019040401005810,SICL,21,19,100,867.00,"86,700.00"
2019-04-04,2019040401005809,SICL,34,19,100,868.00,"86,800.00"
2019-04-04,2019040401005792,SICL,11,25,200,869.00,"173,800.00"
2019-04-04,2019040401005710,SIL,53,47,50,595.00,"29,750.00"
2019-04-04,2019040401005758,SKBBL,10,34,30,859.00,"25,770.00"
2019-04-04,2019040401005675,SKBBL,10,58,11,859.00,"9,449.00"
2019-04-04,2019040401005739,SLBBL,37,56,91,485.00,"44,135.00"
2019-04-04,2019040401005741,SLBS,13,13,11,877.00,"9,647.00"
2019-04-04,2019040401005721,SLBS,13,13,11,877.00,"9,647.00"
2019-04-04,2019040401005676,SLBS,16,33,15,877.00,"13,155.00"
2019-04-04,2019040401005613,SMATA,13,13,12,"1,195.00","14,340.00"
2019-04-04,2019040401005603,SMATA,13,13,12,"1,195.00","14,340.00"
2019-04-04,2019040401005716,SMFDB,47,56,30,608.00,"18,240.00"
2019-04-04,2019040401005804,SPDL,33,40,500,103.00,"51,500.00"
2019-04-04,2019040401005836,SRBL,28,29,404,227.00,"91,708.00"
2019-04-04,2019040401005540,UIC,51,46,40,761.00,"30,440.00"
2019-04-04,2019040401005860,UPPER,35,44,40,235.00,"9,400.00"
2019-04-04,2019040401005835,UPPER,35,44,40,235.00,"9,400.00"
2019-04-04,2019040401005806,UPPER,35,44,40,235.00,"9,400.00"
2019-04-04,2019040401005786,UPPER,35,44,50,235.00,"11,750.00"
2019-04-04,2019040401005437,UPPER,35,44,40,235.00,"9,400.00"
2019-04-04,2019040401005428,UPPER,35,45,72,235.00,"16,920.00"
2019-04-04,2019040401005447,UPPER,35,44,40,235.00,"9,400.00"
2019-04-04,2019040401005446,UPPER,35,38,40,235.00,"9,400.00"
2019-04-04,2019040401005443,UPPER,35,59,40,235.00,"9,400.00"
2019-04-04,2019040401005442,UPPER,35,38,50,235.00,"11,750.00"
2019-04-04,2019040401005473,UPPER,36,38,50,236.00,"11,800.00"
2019-04-04,2019040401005472,UPPER,36,39,50,236.00,"11,800.00"
2019-04-04,2019040401005471,UPPER,36,38,40,236.00,"9,440.00"
2019-04-04,2019040401005467,UPPER,35,38,40,235.00,"9,400.00"
2019-04-04,2019040401005463,UPPER,35,44,50,235.00,"11,750.00"
2019-04-04,2019040401005531,UPPER,21,44,40,236.00,"9,440.00"
2019-04-04,2019040401005526,UPPER,21,44,30,236.00,"7,080.00"
2019-04-04,2019040401005512,UPPER,36,44,10,236.00,"2,360.00"
2019-04-04,2019040401005481,UPPER,36,44,50,236.00,"11,800.00"
2019-04-04,2019040401005547,UPPER,21,50,430,236.00,"101,480.00"
2019-04-04,2019040401005642,UPPER,35,44,50,235.00,"11,750.00"
2019-04-04,2019040401005627,UPPER,35,39,50,235.00,"11,750.00"
2019-04-04,2019040401005620,UPPER,6,6,3,236.00,708.00
2019-04-04,2019040401005669,UPPER,35,44,50,235.00,"11,750.00"
2019-04-04,2019040401005692,UPPER,35,58,40,235.00,"9,400.00"
2019-04-04,2019040401005687,UPPER,35,44,50,235.00,"11,750.00"
2019-04-04,2019040401005709,UPPER,35,22,50,235.00,"11,750.00"
2019-04-04,2019040401005707,UPPER,35,44,50,235.00,"11,750.00"
2019-04-04,2019040401005775,UPPER,35,44,50,235.00,"11,750.00"
2019-04-04,2019040401005757,UPPER,35,44,40,235.00,"9,400.00"
2019-04-04,2019040401005735,UPPER,35,44,40,235.00,"9,400.00"
2019-04-04,2019040401005713,UPPER,35,44,50,235.00,"11,750.00"
2019-04-04,2019040401005849,VLBS,26,55,43,640.00,"27,520.00"
2019-04-04,2019040401005322,ADBL,1,48,150,303.00,"45,450.00"
2019-04-04,2019040401005193,ADBL,19,48,500,303.00,"151,500.00"
2019-04-04,2019040401005192,ADBL,4,48,20,303.00,"6,060.00"
2019-04-04,2019040401005191,ADBL,14,48,141,303.00,"42,723.00"
2019-04-04,2019040401005075,ADBL,14,43,934,303.00,"283,002.00"
2019-04-04,2019040401005074,ADBL,44,43,50,303.00,"15,150.00"
2019-04-04,2019040401005073,ADBL,44,43,16,303.00,"4,848.00"
2019-04-04,2019040401005266,ALBSL,14,44,10,477.00,"4,770.00"
2019-04-04,2019040401005221,ALBSL,14,40,10,477.00,"4,770.00"
2019-04-04,2019040401004986,ALBSL,14,36,10,477.00,"4,770.00"
2019-04-04,2019040401005055,ALICL,22,38,300,390.00,"117,000.00"
2019-04-04,2019040401005054,ALICL,45,38,466,390.00,"181,740.00"
2019-04-04,2019040401005083,AMFI,45,16,10,640.00,"6,400.00"
2019-04-04,2019040401005279,API,52,58,20,133.00,"2,660.00"
2019-04-04,2019040401004985,API,13,22,73,134.00,"9,782.00"
2019-04-04,2019040401005098,BHBL,5,29,30,165.00,"4,950.00"
2019-04-04,2019040401005059,BOKL,17,49,100,249.00,"24,900.00"
2019-04-04,2019040401004970,BOKL,47,51,72,248.00,"17,856.00"
2019-04-04,2019040401004938,BOKL,47,51,25,248.00,"6,200.00"
2019-04-04,2019040401005072,BPCL,25,49,100,359.00,"35,900.00"
2019-04-04,2019040401005071,BPCL,28,49,272,359.00,"97,648.00"
2019-04-04,2019040401004969,BPCL,28,7,130,359.00,"46,670.00"
2019-04-04,2019040401004937,BPCL,28,32,598,359.00,"214,682.00"
2019-04-04,2019040401004936,BPCL,35,32,11,359.00,"3,949.00"
2019-04-04,2019040401004935,BPCL,28,32,41,359.00,"14,719.00"
2019-04-04,2019040401005250,CBBL,58,16,600,890.00,"534,000.00"
2019-04-04,2019040401005006,CBBL,58,32,50,890.00,"44,500.00"
2019-04-04,2019040401005326,CBL,39,49,100,160.00,"16,000.00"
2019-04-04,2019040401005309,CBL,58,58,2,159.00,318.00
2019-04-04,2019040401005235,CBL,39,26,100,160.00,"16,000.00"
2019-04-04,2019040401005158,CBL,48,43,538,159.00,"85,542.00"
2019-04-04,2019040401005157,CBL,57,43,90,160.00,"14,400.00"
2019-04-04,2019040401005156,CBL,33,43,72,160.00,"11,520.00"
2019-04-04,2019040401005129,CCBL,6,43,420,167.00,"70,140.00"
2019-04-04,2019040401005128,CCBL,57,43,80,168.00,"13,440.00"
2019-04-04,2019040401004872,CCBL,28,48,300,168.00,"50,400.00"
2019-04-04,2019040401005343,CHCL,19,6,74,503.00,"37,222.00"
2019-04-04,2019040401005342,CHCL,37,6,18,503.00,"9,054.00"
2019-04-04,2019040401005133,CHCL,37,54,729,503.00,"366,687.00"
2019-04-04,2019040401004963,CHCL,37,19,14,503.00,"7,042.00"
2019-04-04,2019040401004962,CHCL,45,19,60,503.00,"30,180.00"
2019-04-04,2019040401004961,CHCL,14,19,226,503.00,"113,678.00"
2019-04-04,2019040401005369,CHLBS,45,1,10,505.00,"5,050.00"
2019-04-04,2019040401005318,CHLBS,45,39,10,505.00,"5,050.00"
2019-04-04,2019040401005265,CHLBS,45,40,10,505.00,"5,050.00"
2019-04-04,2019040401005234,CHLBS,45,44,10,505.00,"5,050.00"
2019-04-04,2019040401005126,CHLBS,45,20,60,505.00,"30,300.00"
2019-04-04,2019040401005010,CHLBS,45,40,10,505.00,"5,050.00"
2019-04-04,2019040401005000,CHLBS,32,20,20,506.00,"10,120.00"
2019-04-04,2019040401004979,CHLBS,32,36,10,506.00,"5,060.00"
2019-04-04,2019040401004972,CHLBS,32,19,10,506.00,"5,060.00"
2019-04-04,2019040401005368,CZBIL,45,43,438,215.00,"94,170.00"
2019-04-04,2019040401005367,CZBIL,17,43,300,215.00,"64,500.00"
2019-04-04,2019040401005366,CZBIL,29,43,168,215.00,"36,120.00"
2019-04-04,2019040401005008,CZBIL,29,29,32,215.00,"6,880.00"
2019-04-04,2019040401005007,CZBIL,38,29,155,215.00,"33,325.00"
2019-04-04,2019040401004964,CZBIL,26,58,10,216.00,"2,160.00"
2019-04-04,2019040401005174,DBBL,41,33,50,126.00,"6,300.00"
2019-04-04,2019040401005173,DBBL,13,33,500,126.00,"63,000.00"
2019-04-04,2019040401005172,DBBL,1,33,200,126.00,"25,200.00"
2019-04-04,2019040401005171,DBBL,51,33,"2,000",126.00,"252,000.00"
2019-04-04,2019040401005170,DBBL,45,33,"1,000",126.00,"126,000.00"
2019-04-04,2019040401005169,DBBL,1,33,200,126.00,"25,200.00"
2019-04-04,2019040401005168,DBBL,52,33,152,126.00,"19,152.00"
2019-04-04,2019040401005061,DDBL,41,22,65,585.00,"38,025.00"
2019-04-04,2019040401005060,DDBL,16,22,185,586.00,"108,410.00"
2019-04-04,2019040401004943,DDBL,16,54,15,586.00,"8,790.00"
2019-04-04,2019040401005371,EBL,6,48,99,596.00,"59,004.00"
2019-04-04,2019040401005346,EBL,6,45,18,596.00,"10,728.00"
2019-04-04,2019040401005294,EBL,6,6,83,596.00,"49,468.00"
2019-04-04,2019040401005285,EBL,17,22,100,596.00,"59,600.00"
2019-04-04,2019040401005277,EBL,17,48,200,597.00,"119,400.00"
2019-04-04,2019040401005256,EBL,17,13,200,597.00,"119,400.00"
2019-04-04,2019040401004956,EBL,44,52,70,598.00,"41,860.00"
2019-04-04,2019040401004924,EBL,44,8,229,598.00,"136,942.00"
2019-04-04,2019040401004923,EBL,57,8,100,598.00,"59,800.00"
2019-04-04,2019040401004922,EBL,19,8,562,598.00,"336,076.00"
2019-04-04,2019040401005041,EBL,50,58,400,598.00,"239,200.00"
2019-04-04,2019040401005040,EBL,59,58,100,598.00,"59,800.00"
2019-04-04,2019040401005039,EBL,28,58,950,598.00,"568,100.00"
2019-04-04,2019040401005032,EBL,28,7,50,598.00,"29,900.00"
2019-04-04,2019040401005031,EBL,43,7,50,598.00,"29,900.00"
2019-04-04,2019040401005005,EBL,7,59,100,598.00,"59,800.00"
2019-04-04,2019040401005196,GBBL,20,1,56,191.00,"10,696.00"
2019-04-04,2019040401005195,GBBL,47,1,144,191.00,"27,504.00"
2019-04-04,2019040401005111,GBIME,58,46,18,272.00,"4,896.00"
2019-04-04,2019040401004953,GBIME,45,16,"1,849",270.00,"499,230.00"
2019-04-04,2019040401004952,GBIME,43,16,30,270.00,"8,100.00"
2019-04-04,2019040401004951,GBIME,38,16,321,270.00,"86,670.00"
2019-04-04,2019040401004950,GBIME,32,16,800,271.00,"216,800.00"
2019-04-04,2019040401005317,GBLBS,5,19,160,442.00,"70,720.00"
2019-04-04,2019040401005310,GBLBS,5,40,10,442.00,"4,420.00"
2019-04-04,2019040401005115,GBLBS,5,5,10,442.00,"4,420.00"
2019-04-04,2019040401005029,GBLBS,5,40,10,442.00,"4,420.00"
2019-04-04,2019040401004948,GDBL,1,35,"1,450",189.00,"274,050.00"
2019-04-04,2019040401004947,GDBL,53,35,100,189.00,"18,900.00"
2019-04-04,2019040401004946,GDBL,44,35,450,189.00,"85,050.00"
2019-04-04,2019040401004918,GDBL,44,53,220,189.00,"41,580.00"
2019-04-04,2019040401005122,GUFL,47,29,38,110.00,"4,180.00"
2019-04-04,2019040401004940,HBL,50,19,200,473.00,"94,600.00"
2019-04-04,2019040401005299,HGI,45,6,80,376.00,"30,080.00"
2019-04-04,2019040401005208,HGI,45,49,22,376.00,"8,272.00"
2019-04-04,2019040401005207,HGI,5,49,30,377.00,"11,310.00"
2019-04-04,2019040401005206,HGI,1,49,16,378.00,"6,048.00"
2019-04-04,2019040401005205,HGI,35,49,16,380.00,"6,080.00"
2019-04-04,2019040401005135,HIDCL,25,17,298,139.00,"41,422.00"
2019-04-04,2019040401005268,HPPL,13,6,10,186.00,"1,860.00"
2019-04-04,2019040401005267,HPPL,13,22,10,186.00,"1,860.00"
2019-04-04,2019040401004919,HPPL,13,17,50,184.00,"9,200.00"
2019-04-04,2019040401005269,ICFC,41,29,40,151.00,"6,040.00"
2019-04-04,2019040401005311,IGI,1,5,10,402.00,"4,020.00"
2019-04-04,2019040401005312,IGI,56,5,40,401.00,"16,040.00"
2019-04-04,2019040401005292,JBNL,48,55,10,180.00,"1,800.00"
2019-04-04,2019040401004949,JBNL,49,48,345,178.00,"61,410.00"
2019-04-04,2019040401004896,JBNL,57,48,"1,000",179.00,"179,000.00"
2019-04-04,2019040401004895,JBNL,38,48,"1,000",179.00,"179,000.00"
2019-04-04,2019040401004894,JBNL,38,48,"1,000",179.00,"179,000.00"
2019-04-04,2019040401004893,JBNL,48,48,500,179.00,"89,500.00"
2019-04-04,2019040401004892,JBNL,38,48,"1,000",179.00,"179,000.00"
2019-04-04,2019040401004891,JBNL,21,48,409,179.00,"73,211.00"
2019-04-04,2019040401004890,JBNL,26,48,60,179.00,"10,740.00"
2019-04-04,2019040401005009,JFL,25,38,100,168.00,"16,800.00"
2019-04-04,2019040401005307,KBBL,47,25,200,212.00,"42,400.00"
2019-04-04,2019040401004882,KBL,49,54,"2,535",240.00,"608,400.00"
2019-04-04,2019040401005023,KPCL,11,8,10,91.00,910.00
2019-04-04,2019040401005003,KPCL,11,8,10,91.00,910.00
2019-04-04,2019040401004996,KPCL,11,8,10,91.00,910.00
2019-04-04,2019040401005053,KPCL,11,8,10,91.00,910.00
2019-04-04,2019040401005044,KPCL,11,8,10,91.00,910.00
2019-04-04,2019040401005033,KPCL,11,8,10,91.00,910.00
2019-04-04,2019040401005114,KPCL,11,8,10,91.00,910.00
2019-04-04,2019040401005103,KPCL,11,8,10,91.00,910.00
2019-04-04,2019040401005077,KPCL,11,8,10,91.00,910.00
2019-04-04,2019040401005141,KPCL,11,8,10,91.00,910.00
2019-04-04,2019040401005132,KPCL,11,8,10,91.00,910.00
2019-04-04,2019040401005121,KPCL,11,8,10,91.00,910.00
