Date,Transact. No.,Symbol,Buyer,Seller,Quantity,Rate,Amount
2019-12-25,2019122501006080,ADBL,42,11,10,414.00,"4,140.00"
2019-12-25,2019122501006008,ADBL,42,42,22,413.00,"9,086.00"
2019-12-25,2019122501006007,ADBL,57,42,14,413.00,"5,782.00"
2019-12-25,2019122501005888,ADBL,57,43,121,413.00,"49,973.00"
2019-12-25,2019122501005887,ADBL,57,43,119,413.00,"49,147.00"
2019-12-25,2019122501005820,ADBL,57,57,81,413.00,"33,453.00"
2019-12-25,2019122501005672,ADBL,25,14,872,413.00,"360,136.00"
2019-12-25,2019122501005671,ADBL,4,14,"2,128",413.00,"878,864.00"
2019-12-25,2019122501005779,ADBL,21,39,65,412.00,"26,780.00"
2019-12-25,2019122501005777,ADBL,22,57,20,413.00,"8,260.00"
2019-12-25,2019122501005749,ADBL,7,57,10,413.00,"4,130.00"
2019-12-25,2019122501005748,ADBL,25,57,40,413.00,"16,520.00"
2019-12-25,2019122501005737,ADBL,25,57,88,413.00,"36,344.00"
2019-12-25,2019122501005678,ADBL,41,39,100,414.00,"41,400.00"
2019-12-25,2019122501005819,ADBL,57,26,530,412.00,"218,360.00"
2019-12-25,2019122501005812,ADBL,52,57,12,413.00,"4,956.00"
2019-12-25,2019122501005811,ADBL,52,57,88,413.00,"36,344.00"
2019-12-25,2019122501005782,ADBL,57,39,226,412.00,"93,112.00"
2019-12-25,2019122501005781,ADBL,22,39,200,412.00,"82,400.00"
2019-12-25,2019122501005780,ADBL,49,39,200,412.00,"82,400.00"
2019-12-25,2019122501006144,AHPC,10,28,"1,000",98.00,"98,000.00"
2019-12-25,2019122501005796,AHPC,37,47,"1,100",97.00,"106,700.00"
2019-12-25,2019122501005896,AKPL,29,48,65,112.00,"7,280.00"
2019-12-25,2019122501006124,ALBSL,16,16,10,486.00,"4,860.00"
2019-12-25,2019122501005772,ALBSL,57,57,410,485.00,"198,850.00"
2019-12-25,2019122501005687,ALICL,57,35,"1,300",362.00,"470,600.00"
2019-12-25,2019122501006129,BOKL,25,59,10,213.00,"2,130.00"
2019-12-25,2019122501006017,BOKL,42,43,10,217.00,"2,170.00"
2019-12-25,2019122501006016,BOKL,42,37,357,216.00,"77,112.00"
2019-12-25,2019122501006015,BOKL,42,56,"1,000",216.00,"216,000.00"
2019-12-25,2019122501005993,BOKL,54,5,350,214.00,"74,900.00"
2019-12-25,2019122501005992,BOKL,28,5,300,214.00,"64,200.00"
2019-12-25,2019122501005967,BOKL,32,5,"1,467",215.00,"315,405.00"
2019-12-25,2019122501005698,BOKL,16,37,103,217.00,"22,351.00"
2019-12-25,2019122501005697,BOKL,16,13,380,217.00,"82,460.00"
2019-12-25,2019122501005682,BOKL,19,37,10,217.00,"2,170.00"
2019-12-25,2019122501005973,BOKL,16,5,26,215.00,"5,590.00"
2019-12-25,2019122501005972,BOKL,59,5,60,215.00,"12,900.00"
2019-12-25,2019122501005971,BOKL,35,5,30,215.00,"6,450.00"
2019-12-25,2019122501005970,BOKL,7,5,100,215.00,"21,500.00"
2019-12-25,2019122501005969,BOKL,37,5,20,215.00,"4,300.00"
2019-12-25,2019122501005968,BOKL,8,5,500,215.00,"107,500.00"
2019-12-25,2019122501005979,BOKL,16,5,300,215.00,"64,500.00"
2019-12-25,2019122501005978,BOKL,37,5,100,215.00,"21,500.00"
2019-12-25,2019122501005977,BOKL,42,5,"1,000",215.00,"215,000.00"
2019-12-25,2019122501005976,BOKL,42,5,50,215.00,"10,750.00"
2019-12-25,2019122501005975,BOKL,41,5,27,215.00,"5,805.00"
2019-12-25,2019122501005974,BOKL,37,5,300,215.00,"64,500.00"
2019-12-25,2019122501005985,BOKL,4,5,500,214.00,"107,000.00"
2019-12-25,2019122501005984,BOKL,6,5,20,214.00,"4,280.00"
2019-12-25,2019122501005983,BOKL,40,5,500,214.00,"107,000.00"
2019-12-25,2019122501005982,BOKL,51,5,50,215.00,"10,750.00"
2019-12-25,2019122501005981,BOKL,51,5,50,215.00,"10,750.00"
2019-12-25,2019122501005980,BOKL,25,5,100,215.00,"21,500.00"
2019-12-25,2019122501005991,BOKL,40,5,"2,000",214.00,"428,000.00"
2019-12-25,2019122501005990,BOKL,57,5,"1,000",214.00,"214,000.00"
2019-12-25,2019122501005989,BOKL,25,5,100,214.00,"21,400.00"
2019-12-25,2019122501005988,BOKL,56,5,400,214.00,"85,600.00"
2019-12-25,2019122501005987,BOKL,59,5,40,214.00,"8,560.00"
2019-12-25,2019122501005986,BOKL,8,5,"1,000",214.00,"214,000.00"
2019-12-25,2019122501006092,BPCL,7,57,151,309.00,"46,659.00"
2019-12-25,2019122501006091,BPCL,7,45,179,309.00,"55,311.00"
2019-12-25,2019122501006025,BPCL,41,42,78,308.00,"24,024.00"
2019-12-25,2019122501005755,BPCL,43,45,17,309.00,"5,253.00"
2019-12-25,2019122501005950,CBL,51,42,10,137.00,"1,370.00"
2019-12-25,2019122501005939,CBL,51,46,138,135.00,"18,630.00"
2019-12-25,2019122501005895,CBL,51,46,500,135.00,"67,500.00"
2019-12-25,2019122501005873,CBL,22,46,300,135.00,"40,500.00"
2019-12-25,2019122501006137,CCBL,45,7,101,164.00,"16,564.00"
2019-12-25,2019122501006136,CCBL,45,11,237,164.00,"38,868.00"
2019-12-25,2019122501006135,CCBL,45,49,"1,662",164.00,"272,568.00"
2019-12-25,2019122501005878,CCBL,43,32,30,163.00,"4,890.00"
2019-12-25,2019122501005877,CCBL,45,32,200,163.00,"32,600.00"
2019-12-25,2019122501005876,CCBL,45,32,96,163.00,"15,648.00"
2019-12-25,2019122501005797,CCBL,11,49,20,164.00,"3,280.00"
2019-12-25,2019122501005744,CHCL,47,7,242,359.00,"86,878.00"
2019-12-25,2019122501006012,CHL,32,39,179,95.00,"17,005.00"
2019-12-25,2019122501006096,CIT,22,39,25,"2,013.00","50,325.00"
2019-12-25,2019122501006095,CIT,14,39,25,"2,014.00","50,350.00"
2019-12-25,2019122501006094,CIT,33,39,50,"2,015.00","100,750.00"
2019-12-25,2019122501005919,CIT,34,20,40,"2,020.00","80,800.00"
2019-12-25,2019122501005918,CIT,34,45,25,"2,018.00","50,450.00"
2019-12-25,2019122501005908,CIT,39,42,12,"2,014.00","24,168.00"
2019-12-25,2019122501005821,CIT,34,42,10,"2,024.00","20,240.00"
2019-12-25,2019122501005670,CIT,1,7,12,"2,012.00","24,144.00"
2019-12-25,2019122501005669,CIT,34,7,50,"2,012.00","100,600.00"
2019-12-25,2019122501005947,CLBSL,58,6,10,552.00,"5,520.00"
2019-12-25,2019122501005818,CZBIL,11,34,15,183.00,"2,745.00"
2019-12-25,2019122501005666,CZBIL,45,5,220,181.00,"39,820.00"
2019-12-25,2019122501006051,DBBL,28,46,328,135.00,"44,280.00"
2019-12-25,2019122501005874,DBBL,45,49,500,135.00,"67,500.00"
2019-12-25,2019122501006106,DDBL,4,22,30,867.00,"26,010.00"
2019-12-25,2019122501006006,DDBL,45,49,336,861.00,"289,296.00"
2019-12-25,2019122501006005,DDBL,22,49,60,861.00,"51,660.00"
2019-12-25,2019122501006004,DDBL,25,49,200,862.00,"172,400.00"
2019-12-25,2019122501006003,DDBL,40,49,200,862.00,"172,400.00"
2019-12-25,2019122501006002,DDBL,32,49,50,862.00,"43,100.00"
2019-12-25,2019122501006001,DDBL,45,49,190,863.00,"163,970.00"
2019-12-25,2019122501005902,DDBL,45,1,60,863.00,"51,780.00"
2019-12-25,2019122501005785,DDBL,45,6,50,863.00,"43,150.00"
2019-12-25,2019122501005784,DDBL,34,6,50,863.00,"43,150.00"
2019-12-25,2019122501005945,EBL,6,56,200,526.00,"105,200.00"
2019-12-25,2019122501005720,EBL,6,56,100,526.00,"52,600.00"
2019-12-25,2019122501006066,EDBL,49,45,10,284.00,"2,840.00"
2019-12-25,2019122501005884,EDBL,26,45,100,284.00,"28,400.00"
2019-12-25,2019122501005883,EDBL,10,45,100,284.00,"28,400.00"
2019-12-25,2019122501005882,EDBL,57,45,50,284.00,"14,200.00"
2019-12-25,2019122501005881,EDBL,19,45,100,285.00,"28,500.00"
2019-12-25,2019122501005856,EIC,17,45,10,268.00,"2,680.00"
2019-12-25,2019122501005855,EIC,16,45,200,269.00,"53,800.00"
2019-12-25,2019122501005808,FOWAD,49,19,100,"1,400.00","140,000.00"
2019-12-25,2019122501006142,GBBL,56,49,100,201.00,"20,100.00"
2019-12-25,2019122501005880,GBBL,26,16,500,202.00,"101,000.00"
2019-12-25,2019122501005879,GBBL,26,16,"1,000",202.00,"202,000.00"
2019-12-25,2019122501005863,GBBL,26,39,500,202.00,"101,000.00"
2019-12-25,2019122501005909,GBLBS,58,38,90,318.00,"28,620.00"
2019-12-25,2019122501005828,GBLBS,58,42,110,318.00,"34,980.00"
2019-12-25,2019122501005827,GBLBS,33,42,390,318.00,"124,020.00"
2019-12-25,2019122501005826,GBLBS,33,56,400,318.00,"127,200.00"
2019-12-25,2019122501005794,GBLBS,33,56,165,318.00,"52,470.00"
2019-12-25,2019122501005920,GFCL,28,56,"1,590",136.00,"216,240.00"
2019-12-25,2019122501005872,GILB,42,39,109,815.00,"88,835.00"
2019-12-25,2019122501005871,GILB,48,39,50,816.00,"40,800.00"
2019-12-25,2019122501006163,GLICL,50,53,137,452.00,"61,924.00"
2019-12-25,2019122501006107,GLICL,16,53,200,452.00,"90,400.00"
2019-12-25,2019122501006018,GLICL,38,52,100,450.00,"45,000.00"
2019-12-25,2019122501005707,GLICL,17,7,57,447.00,"25,479.00"
2019-12-25,2019122501005691,GLICL,39,7,100,448.00,"44,800.00"
2019-12-25,2019122501005690,GLICL,34,7,57,449.00,"25,593.00"
2019-12-25,2019122501005667,GUFL,3,7,10,113.00,"1,130.00"
2019-12-25,2019122501006099,HBL,46,41,16,515.00,"8,240.00"
2019-12-25,2019122501006032,HBL,45,21,50,507.00,"25,350.00"
2019-12-25,2019122501005862,HBL,11,53,200,508.00,"101,600.00"
2019-12-25,2019122501005757,HBL,29,53,500,508.00,"254,000.00"
2019-12-25,2019122501005756,HBL,44,53,200,508.00,"101,600.00"
2019-12-25,2019122501006159,HDL,45,58,100,"1,220.00","122,000.00"
2019-12-25,2019122501006139,HDL,57,45,50,"1,218.00","60,900.00"
2019-12-25,2019122501006123,HDL,37,58,100,"1,220.00","122,000.00"
2019-12-25,2019122501006111,HDL,48,58,100,"1,220.00","122,000.00"
2019-12-25,2019122501006081,HDL,41,58,100,"1,220.00","122,000.00"
2019-12-25,2019122501006079,HDL,1,58,20,"1,220.00","24,400.00"
2019-12-25,2019122501005752,HDL,40,49,20,"1,225.00","24,500.00"
2019-12-25,2019122501005751,HDL,16,49,50,"1,226.00","61,300.00"
2019-12-25,2019122501005750,HDL,19,49,20,"1,226.00","24,520.00"
2019-12-25,2019122501005833,HDL,33,50,20,"1,223.00","24,460.00"
2019-12-25,2019122501005832,HDL,33,50,60,"1,223.00","73,380.00"
2019-12-25,2019122501005831,HDL,1,50,30,"1,223.00","36,690.00"
2019-12-25,2019122501005830,HDL,26,50,75,"1,224.00","91,800.00"
2019-12-25,2019122501005809,HDL,11,49,20,"1,225.00","24,500.00"
2019-12-25,2019122501005753,HDL,11,49,100,"1,225.00","122,500.00"
2019-12-25,2019122501005839,HDL,35,50,30,"1,221.00","36,630.00"
2019-12-25,2019122501005838,HDL,28,50,10,"1,221.00","12,210.00"
2019-12-25,2019122501005837,HDL,58,50,100,"1,221.00","122,100.00"
2019-12-25,2019122501005836,HDL,58,50,60,"1,221.00","73,260.00"
2019-12-25,2019122501005835,HDL,14,50,40,"1,221.00","48,840.00"
2019-12-25,2019122501005834,HDL,28,50,100,"1,222.00","122,200.00"
2019-12-25,2019122501005845,HDL,37,50,100,"1,220.00","122,000.00"
2019-12-25,2019122501005844,HDL,58,50,100,"1,220.00","122,000.00"
2019-12-25,2019122501005843,HDL,54,50,100,"1,220.00","122,000.00"
2019-12-25,2019122501005842,HDL,45,50,100,"1,220.00","122,000.00"
2019-12-25,2019122501005841,HDL,14,50,42,"1,220.00","51,240.00"
2019-12-25,2019122501005840,HDL,5,50,70,"1,220.00","85,400.00"
2019-12-25,2019122501005915,HDL,7,58,10,"1,220.00","12,200.00"
2019-12-25,2019122501005914,HDL,7,49,190,"1,219.00","231,610.00"
2019-12-25,2019122501005913,HDL,33,49,200,"1,219.00","243,800.00"
2019-12-25,2019122501005885,HDL,45,50,53,"1,220.00","64,660.00"
2019-12-25,2019122501005861,HDL,25,50,20,"1,220.00","24,400.00"
2019-12-25,2019122501005846,HDL,59,50,20,"1,220.00","24,400.00"
2019-12-25,2019122501006026,HDL,51,58,20,"1,220.00","24,400.00"
2019-12-25,2019122501005998,HDL,43,58,30,"1,220.00","36,600.00"
2019-12-25,2019122501005963,HDL,1,58,100,"1,220.00","122,000.00"
2019-12-25,2019122501005962,HDL,7,58,10,"1,220.00","12,200.00"
2019-12-25,2019122501005955,HDL,45,49,30,"1,224.00","36,720.00"
2019-12-25,2019122501005932,HDL,7,58,410,"1,220.00","500,200.00"
2019-12-25,2019122501006075,HDL,45,58,70,"1,220.00","85,400.00"
2019-12-25,2019122501006072,HDL,46,58,10,"1,220.00","12,200.00"
2019-12-25,2019122501006071,HDL,46,58,90,"1,220.00","109,800.00"
2019-12-25,2019122501006061,HDL,58,58,100,"1,220.00","122,000.00"
2019-12-25,2019122501006053,HDL,42,58,100,"1,220.00","122,000.00"
2019-12-25,2019122501006047,HDL,35,58,50,"1,220.00","61,000.00"
2019-12-25,2019122501006141,HIDCL,5,47,150,146.00,"21,900.00"
2019-12-25,2019122501006114,HIDCL,25,47,50,146.00,"7,300.00"
2019-12-25,2019122501005957,HIDCL,50,34,500,145.00,"72,500.00"
2019-12-25,2019122501005702,HPPL,45,40,10,145.00,"1,450.00"
2019-12-25,2019122501005701,HPPL,45,53,10,143.00,"1,430.00"
2019-12-25,2019122501005700,HPPL,45,14,10,143.00,"1,430.00"
2019-12-25,2019122501005699,HPPL,45,43,10,142.00,"1,420.00"
2019-12-25,2019122501005859,JBBL,52,11,50,170.00,"8,500.00"
2019-12-25,2019122501005760,JBBL,29,11,100,170.00,"17,000.00"
2019-12-25,2019122501005935,KBL,13,7,300,179.00,"53,700.00"
2019-12-25,2019122501005860,KBL,32,32,"2,000",179.00,"358,000.00"
2019-12-25,2019122501005706,KBL,51,37,150,178.00,"26,700.00"
2019-12-25,2019122501005705,KBL,43,37,500,178.00,"89,000.00"
2019-12-25,2019122501006082,LBBL,1,44,100,193.00,"19,300.00"
2019-12-25,2019122501006024,LBBL,48,43,117,192.00,"22,464.00"
2019-12-25,2019122501005704,LBBL,17,44,500,193.00,"96,500.00"
2019-12-25,2019122501005703,LBBL,14,44,33,193.00,"6,369.00"
2019-12-25,2019122501006160,LICN,49,53,100,"1,025.00","102,500.00"
2019-12-25,2019122501005731,LICN,25,28,10,"1,025.00","10,250.00"
2019-12-25,2019122501005934,LLBS,46,6,20,678.00,"13,560.00"
2019-12-25,2019122501006073,MBL,11,49,10,218.00,"2,180.00"
2019-12-25,2019122501005912,MBL,33,1,10,220.00,"2,200.00"
2019-12-25,2019122501005911,MBL,33,36,50,219.00,"10,950.00"
2019-12-25,2019122501005791,MBL,14,32,256,217.00,"55,552.00"
2019-12-25,2019122501005790,MBL,47,32,500,217.00,"108,500.00"
2019-12-25,2019122501005789,MBL,47,32,500,217.00,"108,500.00"
2019-12-25,2019122501005788,MBL,21,32,100,217.00,"21,700.00"
2019-12-25,2019122501005787,MBL,47,32,500,217.00,"108,500.00"
2019-12-25,2019122501005786,MBL,47,32,144,217.00,"31,248.00"
2019-12-25,2019122501006098,MDB,1,36,50,245.00,"12,250.00"
2019-12-25,2019122501006097,MDB,51,36,14,245.00,"3,430.00"
2019-12-25,2019122501005961,MEGA,43,6,10,184.00,"1,840.00"
2019-12-25,2019122501005917,MEGA,16,7,200,183.00,"36,600.00"
2019-12-25,2019122501005778,MEGA,11,6,20,184.00,"3,680.00"
2019-12-25,2019122501005740,MEGA,38,37,174,182.00,"31,668.00"
2019-12-25,2019122501005739,MEGA,6,37,176,182.00,"32,032.00"
2019-12-25,2019122501005853,MERO,57,39,11,445.00,"4,895.00"
2019-12-25,2019122501005942,MFIL,43,52,10,142.00,"1,420.00"
2019-12-25,2019122501005798,MHNL,49,49,300,84.00,"25,200.00"
2019-12-25,2019122501005696,MNBBL,16,14,500,276.00,"138,000.00"
2019-12-25,2019122501005769,MSMBS,32,7,11,546.00,"6,006.00"
2019-12-25,2019122501006112,NABIL,44,49,100,669.00,"66,900.00"
2019-12-25,2019122501005954,NABIL,4,19,168,669.00,"112,392.00"
2019-12-25,2019122501005953,NABIL,4,6,996,669.00,"666,324.00"
2019-12-25,2019122501005900,NABIL,41,39,14,668.00,"9,352.00"
2019-12-25,2019122501005869,NABIL,41,43,50,668.00,"33,400.00"
2019-12-25,2019122501005681,NABIL,58,52,100,667.00,"66,700.00"
2019-12-25,2019122501005677,NABIL,49,25,100,668.00,"66,800.00"
2019-12-25,2019122501005829,NADEP,35,45,100,462.00,"46,200.00"
2019-12-25,2019122501005727,NBB,1,37,115,187.00,"21,505.00"
2019-12-25,2019122501005761,NBB,8,33,200,188.00,"37,600.00"
2019-12-25,2019122501005730,NBB,43,37,335,187.00,"62,645.00"
2019-12-25,2019122501005729,NBB,40,37,50,187.00,"9,350.00"
2019-12-25,2019122501005728,NBB,58,37,100,187.00,"18,700.00"
2019-12-25,2019122501006140,NBL,35,56,100,316.00,"31,600.00"
2019-12-25,2019122501006068,NBL,51,56,700,316.00,"221,200.00"
2019-12-25,2019122501005941,NBL,32,56,"1,500",316.00,"474,000.00"
2019-12-25,2019122501005940,NBL,14,56,"1,622",316.00,"512,552.00"
2019-12-25,2019122501005905,NBL,14,55,"2,000",316.00,"632,000.00"
2019-12-25,2019122501005904,NBL,14,17,378,316.00,"119,448.00"
2019-12-25,2019122501005783,NBL,28,56,"1,000",316.00,"316,000.00"
2019-12-25,2019122501005726,NBL,42,56,200,316.00,"63,200.00"
2019-12-25,2019122501005689,NBL,49,56,50,316.00,"15,800.00"
2019-12-25,2019122501005686,NBL,52,56,200,316.00,"63,200.00"
2019-12-25,2019122501005894,NBL,55,17,622,316.00,"196,552.00"
2019-12-25,2019122501005893,NBL,55,45,250,316.00,"79,000.00"
2019-12-25,2019122501005892,NBL,55,42,500,316.00,"158,000.00"
2019-12-25,2019122501005891,NBL,55,7,750,316.00,"237,000.00"
2019-12-25,2019122501005890,NBL,55,56,100,316.00,"31,600.00"
2019-12-25,2019122501005889,NBL,55,56,"2,778",316.00,"877,848.00"
2019-12-25,2019122501006162,NCCB,8,58,10,204.00,"2,040.00"
2019-12-25,2019122501006161,NCCB,33,58,100,204.00,"20,400.00"
2019-12-25,2019122501006045,NCCB,36,58,225,204.00,"45,900.00"
2019-12-25,2019122501006044,NCCB,36,32,200,204.00,"40,800.00"
2019-12-25,2019122501006043,NCCB,36,32,75,204.00,"15,300.00"
2019-12-25,2019122501005695,NCCB,28,32,425,204.00,"86,700.00"
2019-12-25,2019122501005694,NCCB,28,5,75,204.00,"15,300.00"
2019-12-25,2019122501005679,NCCB,17,5,500,203.00,"101,500.00"
2019-12-25,2019122501006077,NGPL,49,59,30,112.00,"3,360.00"
2019-12-25,2019122501005714,NGPL,49,43,457,110.00,"50,270.00"
2019-12-25,2019122501005713,NGPL,58,43,100,110.00,"11,000.00"
2019-12-25,2019122501005805,NHPC,42,42,"1,000",51.00,"51,000.00"
2019-12-25,2019122501006093,NIB,37,51,10,435.00,"4,350.00"
2019-12-25,2019122501006048,NIB,37,57,44,435.00,"19,140.00"
2019-12-25,2019122501006037,NIB,59,57,156,435.00,"67,860.00"
2019-12-25,2019122501006036,NIB,59,34,44,435.00,"19,140.00"
2019-12-25,2019122501005959,NIB,37,42,251,433.00,"108,683.00"
2019-12-25,2019122501005958,NIB,1,42,24,434.00,"10,416.00"
2019-12-25,2019122501005870,NIB,7,34,25,435.00,"10,875.00"
2019-12-25,2019122501005804,NIB,25,34,20,435.00,"8,700.00"
2019-12-25,2019122501005754,NIB,1,57,76,434.00,"32,984.00"
2019-12-25,2019122501005743,NIB,49,57,10,434.00,"4,340.00"
2019-12-25,2019122501005903,NICA,44,57,105,413.00,"43,365.00"
2019-12-25,2019122501005897,NICA,55,4,50,414.00,"20,700.00"
2019-12-25,2019122501005817,NICA,28,4,500,414.00,"207,000.00"
2019-12-25,2019122501005775,NICA,25,57,20,415.00,"8,300.00"
2019-12-25,2019122501005771,NICA,55,35,451,414.00,"186,714.00"
2019-12-25,2019122501005770,NICA,25,35,50,414.00,"20,700.00"
2019-12-25,2019122501006058,NICBF,22,51,100,8.90,890.00
2019-12-25,2019122501005956,NIL,46,45,248,413.00,"102,424.00"
2019-12-25,2019122501005906,NIL,25,11,18,412.00,"7,416.00"
2019-12-25,2019122501005849,NIL,39,45,352,413.00,"145,376.00"
2019-12-25,2019122501006105,NLBBL,44,39,47,564.00,"26,508.00"
2019-12-25,2019122501006103,NLBBL,20,41,50,565.00,"28,250.00"
2019-12-25,2019122501006078,NLBBL,44,36,15,564.00,"8,460.00"
2019-12-25,2019122501005822,NLBBL,44,5,51,564.00,"28,764.00"
2019-12-25,2019122501005946,NLG,6,58,20,602.00,"12,040.00"
2019-12-25,2019122501006108,NLIC,39,35,22,913.00,"20,086.00"
2019-12-25,2019122501006101,NLIC,38,14,24,914.00,"21,936.00"
2019-12-25,2019122501006100,NLIC,38,49,105,914.00,"95,970.00"
2019-12-25,2019122501006069,NLIC,56,49,10,914.00,"9,140.00"
2019-12-25,2019122501006057,NLIC,39,42,25,913.00,"22,825.00"
2019-12-25,2019122501006046,NLIC,39,42,50,913.00,"45,650.00"
2019-12-25,2019122501006042,NLIC,38,49,100,914.00,"91,400.00"
2019-12-25,2019122501006021,NLIC,39,56,268,913.00,"244,684.00"
2019-12-25,2019122501006020,NLIC,39,35,12,912.00,"10,944.00"
2019-12-25,2019122501006019,NLIC,39,54,100,912.00,"91,200.00"
2019-12-25,2019122501006000,NLIC,38,21,200,911.00,"182,200.00"
2019-12-25,2019122501005960,NLIC,39,45,380,910.00,"345,800.00"
2019-12-25,2019122501006113,NLICL,3,13,44,471.00,"20,724.00"
2019-12-25,2019122501006033,NLICL,3,16,90,471.00,"42,390.00"
2019-12-25,2019122501006010,NLICL,3,56,10,471.00,"4,710.00"
2019-12-25,2019122501006009,NLICL,40,56,100,472.00,"47,200.00"
2019-12-25,2019122501005901,NLICL,43,16,10,476.00,"4,760.00"
2019-12-25,2019122501005852,NLICL,26,56,50,471.00,"23,550.00"
2019-12-25,2019122501005851,NLICL,16,56,200,473.00,"94,600.00"
2019-12-25,2019122501005850,NLICL,33,56,"1,750",473.00,"827,750.00"
2019-12-25,2019122501005807,NLICL,33,45,200,473.00,"94,600.00"
2019-12-25,2019122501006134,NMB,36,52,300,324.00,"97,200.00"
2019-12-25,2019122501006122,NMB,44,52,50,324.00,"16,200.00"
2019-12-25,2019122501006121,NMB,26,52,105,324.00,"34,020.00"
2019-12-25,2019122501006084,NMB,26,19,195,324.00,"63,180.00"
2019-12-25,2019122501006083,NMB,16,19,69,324.00,"22,356.00"
2019-12-25,2019122501005688,NMB,25,52,50,325.00,"16,250.00"
2019-12-25,2019122501006143,NMBMF,45,43,10,560.00,"5,600.00"
2019-12-25,2019122501005735,NMBMF,19,22,140,553.00,"77,420.00"
2019-12-25,2019122501005734,NMBMF,59,22,10,554.00,"5,540.00"
2019-12-25,2019122501005733,NMBMF,45,22,50,555.00,"27,750.00"
2019-12-25,2019122501006076,NTC,43,34,10,657.00,"6,570.00"
2019-12-25,2019122501005999,NTC,58,32,10,653.00,"6,530.00"
2019-12-25,2019122501005938,NTC,56,8,500,654.00,"327,000.00"
2019-12-25,2019122501005937,NTC,16,8,300,654.00,"196,200.00"
2019-12-25,2019122501005936,NTC,48,8,405,654.00,"264,870.00"
2019-12-25,2019122501005916,NTC,25,34,10,657.00,"6,570.00"
2019-12-25,2019122501005910,NTC,43,34,10,657.00,"6,570.00"
2019-12-25,2019122501005810,NTC,43,50,660,656.00,"432,960.00"
2019-12-25,2019122501005736,NUBL,4,56,20,780.00,"15,600.00"
2019-12-25,2019122501006128,PCBL,16,58,36,279.00,"10,044.00"
2019-12-25,2019122501005766,PCBL,19,58,100,279.00,"27,900.00"
2019-12-25,2019122501005765,PCBL,8,58,100,279.00,"27,900.00"
2019-12-25,2019122501005764,PCBL,19,58,50,279.00,"13,950.00"
2019-12-25,2019122501005763,PCBL,4,58,140,279.00,"39,060.00"
2019-12-25,2019122501005719,PCBL,16,51,300,280.00,"84,000.00"
2019-12-25,2019122501006164,PIC,38,17,11,415.00,"4,565.00"
2019-12-25,2019122501006013,PIC,38,14,161,414.00,"66,654.00"
2019-12-25,2019122501005997,PIC,25,14,39,414.00,"16,146.00"
2019-12-25,2019122501005996,PIC,25,59,100,413.00,"41,300.00"
2019-12-25,2019122501005995,PIC,25,38,61,412.00,"25,132.00"
2019-12-25,2019122501005725,PIC,25,38,59,412.00,"24,308.00"
2019-12-25,2019122501006040,PICL,6,26,20,426.00,"8,520.00"
2019-12-25,2019122501005724,PICL,49,7,250,422.00,"105,500.00"
2019-12-25,2019122501005723,PICL,1,7,200,423.00,"84,600.00"
2019-12-25,2019122501005722,PICL,48,7,50,423.00,"21,150.00"
2019-12-25,2019122501005718,PICL,48,39,100,423.00,"42,300.00"
2019-12-25,2019122501006104,PLIC,49,42,20,358.00,"7,160.00"
2019-12-25,2019122501006060,PLIC,13,57,104,354.00,"36,816.00"
2019-12-25,2019122501006059,PLIC,45,57,50,354.00,"17,700.00"
2019-12-25,2019122501005767,PLIC,49,42,20,358.00,"7,160.00"
2019-12-25,2019122501006158,PPCL,6,49,10,118.00,"1,180.00"
2019-12-25,2019122501006157,PPCL,6,3,270,118.00,"31,860.00"
2019-12-25,2019122501006156,PPCL,6,3,250,118.00,"29,500.00"
2019-12-25,2019122501006155,PPCL,6,47,100,118.00,"11,800.00"
2019-12-25,2019122501006154,PPCL,6,16,30,118.00,"3,540.00"
2019-12-25,2019122501006153,PPCL,6,10,200,118.00,"23,600.00"
2019-12-25,2019122501005802,PPCL,34,44,10,110.00,"1,100.00"
2019-12-25,2019122501005801,PPCL,34,46,10,110.00,"1,100.00"
2019-12-25,2019122501005800,PPCL,34,5,30,110.00,"3,300.00"
2019-12-25,2019122501005799,PPCL,34,57,30,110.00,"3,300.00"
2019-12-25,2019122501006116,PPCL,6,46,30,116.00,"3,480.00"
2019-12-25,2019122501006115,PPCL,6,48,100,116.00,"11,600.00"
2019-12-25,2019122501006087,PPCL,6,40,"1,000",114.00,"114,000.00"
2019-12-25,2019122501006065,PPCL,6,57,10,113.00,"1,130.00"
2019-12-25,2019122501006041,PPCL,6,56,30,111.00,"3,330.00"
2019-12-25,2019122501005803,PPCL,34,50,30,110.00,"3,300.00"
2019-12-25,2019122501006152,PPCL,6,3,10,118.00,"1,180.00"
2019-12-25,2019122501006151,PPCL,6,50,10,117.00,"1,170.00"
2019-12-25,2019122501006120,PPCL,6,6,30,116.00,"3,480.00"
2019-12-25,2019122501006119,PPCL,6,57,10,116.00,"1,160.00"
2019-12-25,2019122501006118,PPCL,6,34,20,116.00,"2,320.00"
2019-12-25,2019122501006117,PPCL,6,25,"1,240",116.00,"143,840.00"
2019-12-25,2019122501005943,PRIN,49,38,200,333.00,"66,600.00"
2019-12-25,2019122501005795,PRIN,25,28,100,334.00,"33,400.00"
2019-12-25,2019122501005746,PRIN,49,28,377,334.00,"125,918.00"
2019-12-25,2019122501006090,PRVU,14,29,500,227.00,"113,500.00"
2019-12-25,2019122501005966,PRVU,14,20,50,227.00,"11,350.00"
2019-12-25,2019122501005965,PRVU,14,51,437,227.00,"99,199.00"
2019-12-25,2019122501005931,PRVU,4,51,583,227.00,"132,341.00"
2019-12-25,2019122501005930,PRVU,4,14,150,227.00,"34,050.00"
2019-12-25,2019122501005929,PRVU,4,56,"1,000",227.00,"227,000.00"
2019-12-25,2019122501005922,PRVU,4,39,565,227.00,"128,255.00"
2019-12-25,2019122501005867,PRVU,49,39,100,227.00,"22,700.00"
2019-12-25,2019122501005928,PRVU,4,22,500,227.00,"113,500.00"
2019-12-25,2019122501005927,PRVU,4,26,500,227.00,"113,500.00"
2019-12-25,2019122501005926,PRVU,4,11,500,227.00,"113,500.00"
2019-12-25,2019122501005925,PRVU,4,21,100,227.00,"22,700.00"
2019-12-25,2019122501005924,PRVU,4,34,20,227.00,"4,540.00"
2019-12-25,2019122501005923,PRVU,4,39,"1,582",227.00,"359,114.00"
2019-12-25,2019122501006034,RHPL,19,8,40,172.00,"6,880.00"
2019-12-25,2019122501006011,RHPL,18,5,30,171.00,"5,130.00"
2019-12-25,2019122501005709,RHPL,18,13,10,171.00,"1,710.00"
2019-12-25,2019122501005708,RHPL,18,58,30,171.00,"5,130.00"
2019-12-25,2019122501006089,RSDC,57,50,100,319.00,"31,900.00"
2019-12-25,2019122501005759,RSDC,57,36,100,319.00,"31,900.00"
2019-12-25,2019122501005793,SABSL,13,52,20,539.00,"10,780.00"
2019-12-25,2019122501005792,SABSL,51,52,80,540.00,"43,200.00"
2019-12-25,2019122501005692,SABSL,51,11,10,540.00,"5,400.00"
2019-12-25,2019122501006064,SANIMA,34,13,111,314.00,"34,854.00"
2019-12-25,2019122501006063,SANIMA,37,13,50,314.00,"15,700.00"
2019-12-25,2019122501006062,SANIMA,4,13,139,314.00,"43,646.00"
2019-12-25,2019122501005933,SANIMA,4,52,20,314.00,"6,280.00"
2019-12-25,2019122501005866,SBI,25,33,40,352.00,"14,080.00"
2019-12-25,2019122501005673,SBI,16,6,84,351.00,"29,484.00"
2019-12-25,2019122501005814,SCB,45,51,40,532.00,"21,280.00"
2019-12-25,2019122501005680,SCB,45,6,40,532.00,"21,280.00"
2019-12-25,2019122501006132,SEF,29,19,"5,000",8.92,"44,600.00"
2019-12-25,2019122501006131,SEF,14,19,"5,000",8.93,"44,650.00"
2019-12-25,2019122501006038,SFCL,52,55,200,100.00,"20,000.00"
2019-12-25,2019122501005665,SFFIL,37,14,11,191.00,"2,101.00"
2019-12-25,2019122501006102,SHINE,25,57,397,232.00,"92,104.00"
2019-12-25,2019122501005721,SHINE,7,4,600,232.00,"139,200.00"
2019-12-25,2019122501006127,SHIVM,22,34,50,457.00,"22,850.00"
2019-12-25,2019122501006126,SHIVM,22,51,100,457.00,"45,700.00"
2019-12-25,2019122501006110,SHIVM,51,7,300,455.00,"136,500.00"
2019-12-25,2019122501006109,SHIVM,1,7,200,456.00,"91,200.00"
2019-12-25,2019122501006088,SHIVM,1,38,50,456.00,"22,800.00"
2019-12-25,2019122501006086,SHIVM,57,38,50,456.00,"22,800.00"
2019-12-25,2019122501005774,SHIVM,32,47,"1,850",454.00,"839,900.00"
2019-12-25,2019122501005762,SHIVM,35,47,50,454.00,"22,700.00"
2019-12-25,2019122501005710,SHIVM,22,47,100,454.00,"45,400.00"
2019-12-25,2019122501005952,SHIVM,19,38,100,455.00,"45,500.00"
2019-12-25,2019122501005951,SHIVM,19,45,100,455.00,"45,500.00"
2019-12-25,2019122501005907,SHIVM,38,43,330,455.00,"150,150.00"
2019-12-25,2019122501005886,SHIVM,8,43,350,455.00,"159,250.00"
2019-12-25,2019122501005868,SHIVM,25,43,20,455.00,"9,100.00"
2019-12-25,2019122501006085,SHIVM,57,33,150,456.00,"68,400.00"
2019-12-25,2019122501006070,SHIVM,51,41,80,455.00,"36,400.00"
2019-12-25,2019122501006056,SHIVM,39,33,400,456.00,"182,400.00"
2019-12-25,2019122501006055,SHIVM,39,21,100,456.00,"45,600.00"
2019-12-25,2019122501006035,SHIVM,51,5,100,455.00,"45,500.00"
2019-12-25,2019122501005848,SHL,41,11,100,184.00,"18,400.00"
2019-12-25,2019122501005693,SIC,25,6,35,495.00,"17,325.00"
2019-12-25,2019122501005944,SICL,42,42,18,846.00,"15,228.00"
2019-12-25,2019122501005825,SICL,16,21,200,850.00,"170,000.00"
2019-12-25,2019122501006052,SIL,25,29,100,413.00,"41,300.00"
2019-12-25,2019122501006039,SIL,25,6,100,410.00,"41,000.00"
2019-12-25,2019122501005758,SIL,44,41,61,403.00,"24,583.00"
2019-12-25,2019122501006054,SJCL,17,29,30,158.00,"4,740.00"
2019-12-25,2019122501006014,SJCL,17,58,10,157.00,"1,570.00"
2019-12-25,2019122501005685,SJCL,58,13,10,156.00,"1,560.00"
2019-12-25,2019122501006031,SKBBL,44,56,155,988.00,"153,140.00"
2019-12-25,2019122501006030,SKBBL,6,56,10,989.00,"9,890.00"
2019-12-25,2019122501006029,SKBBL,21,56,100,989.00,"98,900.00"
2019-12-25,2019122501006028,SKBBL,7,56,10,990.00,"9,900.00"
2019-12-25,2019122501006138,SLICL,36,5,700,293.00,"205,100.00"
2019-12-25,2019122501006027,SLICL,49,5,20,293.00,"5,860.00"
2019-12-25,2019122501005921,SLICL,3,6,29,291.00,"8,439.00"
2019-12-25,2019122501005865,SLICL,3,19,174,291.00,"50,634.00"
2019-12-25,2019122501005864,SLICL,34,19,26,291.00,"7,566.00"
2019-12-25,2019122501005776,SLICL,28,6,100,292.00,"29,200.00"
2019-12-25,2019122501005768,SLICL,16,5,100,293.00,"29,300.00"
2019-12-25,2019122501005747,SLICL,45,28,20,294.00,"5,880.00"
2019-12-25,2019122501005711,SLICL,17,5,360,293.00,"105,480.00"
2019-12-25,2019122501005712,SMATA,18,18,"2,000",545.00,"1,090,000.00"
2019-12-25,2019122501005858,SMB,34,8,100,620.00,"62,000.00"
2019-12-25,2019122501005857,SMB,5,8,10,620.00,"6,200.00"
2019-12-25,2019122501005824,SMB,5,34,30,620.00,"18,600.00"
2019-12-25,2019122501005854,SMFBS,22,34,100,880.00,"88,000.00"
2019-12-25,2019122501005816,SMFBS,48,1,20,876.00,"17,520.00"
2019-12-25,2019122501005815,SMFBS,25,1,10,880.00,"8,800.00"
2019-12-25,2019122501005717,SMFBS,25,6,10,878.00,"8,780.00"
2019-12-25,2019122501006130,SPARS,34,42,10,621.00,"6,210.00"
2019-12-25,2019122501006067,SPARS,34,39,70,621.00,"43,470.00"
2019-12-25,2019122501006050,SPARS,45,32,40,622.00,"24,880.00"
2019-12-25,2019122501006049,SPARS,45,29,10,622.00,"6,220.00"
2019-12-25,2019122501005994,SPARS,40,32,102,622.00,"63,444.00"
2019-12-25,2019122501005964,SPARS,38,26,50,622.00,"31,100.00"
2019-12-25,2019122501005813,SPARS,20,22,30,622.00,"18,660.00"
2019-12-25,2019122501005806,SPARS,25,25,50,622.00,"31,100.00"
2019-12-25,2019122501005773,SPARS,34,29,10,621.00,"6,210.00"
2019-12-25,2019122501005684,SPARS,29,36,10,620.00,"6,200.00"
2019-12-25,2019122501005668,SPARS,29,36,10,620.00,"6,200.00"
2019-12-25,2019122501005949,SPARS,29,26,10,622.00,"6,220.00"
2019-12-25,2019122501005948,SPARS,1,26,10,622.00,"6,220.00"
2019-12-25,2019122501005899,SPARS,34,26,26,622.00,"16,172.00"
2019-12-25,2019122501005898,SPARS,29,39,20,623.00,"12,460.00"
2019-12-25,2019122501005875,SPARS,34,29,10,622.00,"6,220.00"
2019-12-25,2019122501005847,SPARS,34,22,64,622.00,"39,808.00"
2019-12-25,2019122501006074,SPDL,39,16,820,86.00,"70,520.00"
2019-12-25,2019122501005732,SRBL,14,6,149,217.00,"32,333.00"
2019-12-25,2019122501006133,STC,3,51,10,"1,619.00","16,190.00"
2019-12-25,2019122501006150,SWBBL,36,25,62,822.00,"50,964.00"
2019-12-25,2019122501006149,SWBBL,36,43,30,822.00,"24,660.00"
2019-12-25,2019122501006148,SWBBL,36,44,"1,000",822.00,"822,000.00"
2019-12-25,2019122501006147,SWBBL,36,7,62,821.00,"50,902.00"
2019-12-25,2019122501006146,SWBBL,36,7,50,821.00,"41,050.00"
2019-12-25,2019122501006145,SWBBL,36,53,100,820.00,"82,000.00"
2019-12-25,2019122501006125,UFL,4,34,536,174.00,"93,264.00"
2019-12-25,2019122501005716,UIC,40,52,99,292.00,"28,908.00"
2019-12-25,2019122501005715,UIC,49,52,50,292.00,"14,600.00"
2019-12-25,2019122501005741,UMHL,19,43,200,109.00,"21,800.00"
2019-12-25,2019122501005823,UPCL,39,41,500,74.00,"37,000.00"
2019-12-25,2019122501005683,UPCL,49,16,100,73.00,"7,300.00"
2019-12-25,2019122501005745,UPPER,25,44,19,238.00,"4,522.00"
2019-12-25,2019122501005738,UPPER,29,6,62,235.00,"14,570.00"
2019-12-25,2019122501005676,UPPER,25,44,10,238.00,"2,380.00"
2019-12-25,2019122501005675,UPPER,25,50,40,237.00,"9,480.00"
2019-12-25,2019122501005674,UPPER,25,39,300,236.00,"70,800.00"
2019-12-25,2019122501005742,VLBS,33,22,450,719.00,"323,550.00"
2019-12-25,2019122501006022,VLBS,22,22,200,718.00,"143,600.00"
2019-12-25,2019122501006023,VLBS,44,22,73,716.00,"52,268.00"
2019-12-25,2019122501005573,ADBL,4,19,200,413.00,"82,600.00"
2019-12-25,2019122501005359,ADBL,5,39,10,414.00,"4,140.00"
2019-12-25,2019122501005332,ADBL,4,42,100,413.00,"41,300.00"
2019-12-25,2019122501005504,AHPC,59,51,661,96.00,"63,456.00"
2019-12-25,2019122501005493,AHPC,59,51,300,96.00,"28,800.00"
2019-12-25,2019122501005465,AHPC,59,55,126,95.00,"11,970.00"
2019-12-25,2019122501005464,AHPC,20,55,100,95.00,"9,500.00"
2019-12-25,2019122501005372,AHPC,6,28,150,96.00,"14,400.00"
2019-12-25,2019122501005371,AHPC,25,28,50,96.00,"4,800.00"
2019-12-25,2019122501005198,AHPC,41,58,40,97.00,"3,880.00"
2019-12-25,2019122501005197,AHPC,28,58,60,97.00,"5,820.00"
2019-12-25,2019122501005182,AHPC,6,55,10,98.00,980.00
2019-12-25,2019122501005350,AHPC,52,28,200,96.00,"19,200.00"
2019-12-25,2019122501005349,AHPC,26,28,100,96.00,"9,600.00"
2019-12-25,2019122501005348,AHPC,34,28,500,96.00,"48,000.00"
2019-12-25,2019122501005347,AHPC,41,28,100,97.00,"9,700.00"
2019-12-25,2019122501005346,AHPC,41,28,60,97.00,"5,820.00"
2019-12-25,2019122501005370,AHPC,8,28,150,96.00,"14,400.00"
2019-12-25,2019122501005369,AHPC,8,28,170,96.00,"16,320.00"
2019-12-25,2019122501005368,AHPC,28,28,"2,160",96.00,"207,360.00"
2019-12-25,2019122501005353,AHPC,28,28,840,96.00,"80,640.00"
2019-12-25,2019122501005352,AHPC,40,28,"2,000",96.00,"192,000.00"
2019-12-25,2019122501005351,AHPC,25,28,200,96.00,"19,200.00"
2019-12-25,2019122501005454,AKPL,45,48,"1,000",112.00,"112,000.00"
2019-12-25,2019122501005400,AKPL,40,22,137,111.00,"15,207.00"
2019-12-25,2019122501005399,AKPL,38,22,100,111.00,"11,100.00"
2019-12-25,2019122501005398,AKPL,58,22,"1,000",111.00,"111,000.00"
2019-12-25,2019122501005397,AKPL,42,22,200,111.00,"22,200.00"
2019-12-25,2019122501005396,AKPL,22,22,673,111.00,"74,703.00"
2019-12-25,2019122501005272,AKPL,47,48,652,112.00,"73,024.00"
2019-12-25,2019122501005488,ALBSL,57,57,490,480.00,"235,200.00"
2019-12-25,2019122501005313,ALBSL,57,16,10,480.00,"4,800.00"
2019-12-25,2019122501005661,ALICL,57,52,200,361.00,"72,200.00"
2019-12-25,2019122501005660,ALICL,57,14,900,361.00,"324,900.00"
2019-12-25,2019122501005297,ALICL,36,42,100,359.00,"35,900.00"
2019-12-25,2019122501005406,BBC,26,47,30,"1,679.00","50,370.00"
2019-12-25,2019122501005565,BOKL,16,7,517,216.00,"111,672.00"
2019-12-25,2019122501005575,BPCL,56,45,200,309.00,"61,800.00"
2019-12-25,2019122501005554,BPCL,42,45,52,309.00,"16,068.00"
2019-12-25,2019122501005553,BPCL,42,41,448,309.00,"138,432.00"
2019-12-25,2019122501005430,BPCL,45,41,60,309.00,"18,540.00"
2019-12-25,2019122501005178,BPCL,43,1,18,309.00,"5,562.00"
2019-12-25,2019122501005177,BPCL,51,1,25,309.00,"7,725.00"
2019-12-25,2019122501005176,BPCL,21,1,100,310.00,"31,000.00"
2019-12-25,2019122501005390,CBL,58,37,110,134.00,"14,740.00"
2019-12-25,2019122501005389,CBL,43,37,490,134.00,"65,660.00"
2019-12-25,2019122501005563,CCBL,20,49,100,164.00,"16,400.00"
2019-12-25,2019122501005481,CCBL,45,28,15,163.00,"2,445.00"
2019-12-25,2019122501005269,CCBL,11,49,200,164.00,"32,800.00"
2019-12-25,2019122501005616,CHL,56,6,44,96.00,"4,224.00"
2019-12-25,2019122501005569,CHL,32,51,21,95.00,"1,995.00"
2019-12-25,2019122501005568,CHL,55,51,50,95.00,"4,750.00"
2019-12-25,2019122501005655,CIT,46,7,28,"2,014.00","56,392.00"
2019-12-25,2019122501005654,CIT,56,7,200,"2,014.00","402,800.00"
2019-12-25,2019122501005653,CIT,57,7,10,"2,015.00","20,150.00"
2019-12-25,2019122501005578,CIT,46,38,72,"2,014.00","145,008.00"
2019-12-25,2019122501005577,CIT,5,38,100,"2,015.00","201,500.00"
2019-12-25,2019122501005576,CIT,56,38,38,"2,015.00","76,570.00"
2019-12-25,2019122501005435,CIT,16,1,100,"2,019.00","201,900.00"
2019-12-25,2019122501005434,CIT,22,1,10,"2,020.00","20,200.00"
2019-12-25,2019122501005433,CIT,22,1,52,"2,020.00","105,040.00"
2019-12-25,2019122501005318,CIT,22,6,18,"2,020.00","36,360.00"
2019-12-25,2019122501005307,CIT,56,6,10,"2,021.00","20,210.00"
2019-12-25,2019122501005306,CIT,1,6,17,"2,021.00","34,357.00"
2019-12-25,2019122501005562,CIT,56,46,12,"2,015.00","24,180.00"
2019-12-25,2019122501005561,CIT,59,46,50,"2,016.00","100,800.00"
2019-12-25,2019122501005541,CIT,22,14,50,"2,018.00","100,900.00"
2019-12-25,2019122501005468,CIT,57,14,50,"2,018.00","100,900.00"
2019-12-25,2019122501005467,CIT,57,49,50,"2,018.00","100,900.00"
2019-12-25,2019122501005436,CIT,41,1,50,"2,019.00","100,950.00"
2019-12-25,2019122501005484,CLBSL,38,7,11,544.00,"5,984.00"
2019-12-25,2019122501005345,CZBIL,45,53,240,181.00,"43,440.00"
2019-12-25,2019122501005344,CZBIL,29,53,50,181.00,"9,050.00"
2019-12-25,2019122501005343,CZBIL,33,53,140,181.00,"25,340.00"
2019-12-25,2019122501005342,CZBIL,6,53,20,181.00,"3,620.00"
2019-12-25,2019122501005341,CZBIL,22,53,50,181.00,"9,050.00"
2019-12-25,2019122501005299,CZBIL,25,34,20,183.00,"3,660.00"
2019-12-25,2019122501005168,CZBIL,22,8,30,181.00,"5,430.00"
2019-12-25,2019122501005512,DBBL,58,43,523,135.00,"70,605.00"
2019-12-25,2019122501005217,DBBL,39,46,800,136.00,"108,800.00"
2019-12-25,2019122501005216,DBBL,39,10,100,136.00,"13,600.00"
2019-12-25,2019122501005215,DBBL,39,34,100,136.00,"13,600.00"
2019-12-25,2019122501005637,DDBL,45,53,200,865.00,"173,000.00"
2019-12-25,2019122501005166,DDBL,43,6,17,864.00,"14,688.00"
2019-12-25,2019122501005165,DDBL,58,6,50,863.00,"43,150.00"
2019-12-25,2019122501005495,DHPL,29,7,11,51.00,561.00
2019-12-25,2019122501005387,DHPL,47,7,11,52.00,572.00
2019-12-25,2019122501005586,EBL,56,56,26,526.00,"13,676.00"
2019-12-25,2019122501005527,EBL,38,37,9,526.00,"4,734.00"
2019-12-25,2019122501005526,EBL,45,37,191,526.00,"100,466.00"
2019-12-25,2019122501005525,EBL,45,21,59,526.00,"31,034.00"
2019-12-25,2019122501005181,EIC,7,45,85,270.00,"22,950.00"
2019-12-25,2019122501005259,FOWAD,6,45,21,"1,404.00","29,484.00"
2019-12-25,2019122501005237,FOWAD,6,47,252,"1,400.00","352,800.00"
2019-12-25,2019122501005213,FOWAD,6,34,20,"1,399.00","27,980.00"
2019-12-25,2019122501005479,GBBL,26,6,500,202.00,"101,000.00"
2019-12-25,2019122501005478,GBBL,26,33,500,202.00,"101,000.00"
2019-12-25,2019122501005477,GBBL,26,52,500,202.00,"101,000.00"
2019-12-25,2019122501005323,GBLBS,33,36,"1,000",318.00,"318,000.00"
2019-12-25,2019122501005537,GGBSL,29,34,10,602.00,"6,020.00"
2019-12-25,2019122501005536,GGBSL,29,16,10,600.00,"6,000.00"
2019-12-25,2019122501005487,GILB,34,5,100,822.00,"82,200.00"
2019-12-25,2019122501005548,GLBSL,58,8,390,455.00,"177,450.00"
2019-12-25,2019122501005547,GLBSL,28,8,50,455.00,"22,750.00"
2019-12-25,2019122501005546,GLBSL,38,8,60,457.00,"27,420.00"
2019-12-25,2019122501005657,GLICL,34,53,643,449.00,"288,707.00"
2019-12-25,2019122501005656,GLICL,14,53,57,449.00,"25,593.00"
2019-12-25,2019122501005621,GLICL,14,35,443,449.00,"198,907.00"
2019-12-25,2019122501005620,GLICL,38,35,227,450.00,"102,150.00"
2019-12-25,2019122501005609,GLICL,10,36,580,450.00,"261,000.00"
2019-12-25,2019122501005502,GLICL,38,7,214,450.00,"96,300.00"
2019-12-25,2019122501005193,GLICL,59,52,200,451.00,"90,200.00"
2019-12-25,2019122501005192,GLICL,28,52,200,451.00,"90,200.00"
2019-12-25,2019122501005191,GLICL,7,52,147,452.00,"66,444.00"
2019-12-25,2019122501005190,GLICL,50,52,41,452.00,"18,532.00"
2019-12-25,2019122501005189,GLICL,7,52,100,453.00,"45,300.00"
2019-12-25,2019122501005188,GLICL,28,52,200,453.00,"90,600.00"
2019-12-25,2019122501005358,GLICL,38,7,59,450.00,"26,550.00"
2019-12-25,2019122501005357,GLICL,5,7,155,450.00,"69,750.00"
2019-12-25,2019122501005260,GLICL,5,46,233,450.00,"104,850.00"
2019-12-25,2019122501005196,GLICL,5,52,112,450.00,"50,400.00"
2019-12-25,2019122501005195,GLICL,14,52,300,450.00,"135,000.00"
2019-12-25,2019122501005194,GLICL,39,52,200,450.00,"90,000.00"
2019-12-25,2019122501005538,GMFBS,46,38,10,557.00,"5,570.00"
2019-12-25,2019122501005415,GRDBL,43,7,10,101.00,"1,010.00"
2019-12-25,2019122501005483,HBL,46,19,100,509.00,"50,900.00"
2019-12-25,2019122501005205,HBL,46,52,100,509.00,"50,900.00"
2019-12-25,2019122501005629,HDL,26,49,100,"1,228.00","122,800.00"
2019-12-25,2019122501005579,HDL,14,58,40,"1,230.00","49,200.00"
2019-12-25,2019122501005555,HDL,26,58,40,"1,230.00","49,200.00"
2019-12-25,2019122501005532,HDL,55,58,280,"1,230.00","344,400.00"
2019-12-25,2019122501005438,HDL,35,58,100,"1,230.00","123,000.00"
2019-12-25,2019122501005584,HGI,28,21,300,283.00,"84,900.00"
2019-12-25,2019122501005392,HGI,28,22,200,283.00,"56,600.00"
2019-12-25,2019122501005276,HGI,28,25,86,283.00,"24,338.00"
2019-12-25,2019122501005275,HGI,6,25,284,284.00,"80,656.00"
2019-12-25,2019122501005274,HGI,45,25,120,284.00,"34,080.00"
2019-12-25,2019122501005636,HIDCL,44,6,400,147.00,"58,800.00"
2019-12-25,2019122501005635,HIDCL,44,25,100,147.00,"14,700.00"
2019-12-25,2019122501005624,HIDCL,50,51,31,145.00,"4,495.00"
2019-12-25,2019122501005613,HIDCL,50,51,31,145.00,"4,495.00"
2019-12-25,2019122501005597,HIDCL,50,51,31,145.00,"4,495.00"
2019-12-25,2019122501005510,HIDCL,50,57,31,145.00,"4,495.00"
2019-12-25,2019122501005432,HIDCL,10,25,200,146.00,"29,200.00"
2019-12-25,2019122501005285,HIDCL,50,52,"1,470",146.00,"214,620.00"
2019-12-25,2019122501005284,HIDCL,50,25,550,146.00,"80,300.00"
2019-12-25,2019122501005283,HIDCL,50,5,500,146.00,"73,000.00"
2019-12-25,2019122501005658,HPPL,52,35,"1,000",141.00,"141,000.00"
2019-12-25,2019122501005266,HPPL,35,34,20,139.00,"2,780.00"
2019-12-25,2019122501005543,ILBS,41,40,10,527.00,"5,270.00"
2019-12-25,2019122501005383,ILBS,14,14,10,529.00,"5,290.00"
2019-12-25,2019122501005373,ILBS,14,14,10,529.00,"5,290.00"
2019-12-25,2019122501005354,ILBS,14,14,10,529.00,"5,290.00"
2019-12-25,2019122501005333,ILBS,14,14,10,529.00,"5,290.00"
2019-12-25,2019122501005338,JBBL,14,5,223,169.00,"37,687.00"
2019-12-25,2019122501005187,JBBL,14,8,10,169.00,"1,690.00"
2019-12-25,2019122501005520,JFL,17,1,150,196.00,"29,400.00"
2019-12-25,2019122501005519,JFL,22,1,100,196.00,"19,600.00"
2019-12-25,2019122501005518,JFL,56,1,200,196.00,"39,200.00"
2019-12-25,2019122501005517,JFL,22,1,50,197.00,"9,850.00"
2019-12-25,2019122501005516,JFL,38,1,200,197.00,"39,400.00"
2019-12-25,2019122501005515,JFL,6,1,200,197.00,"39,400.00"
2019-12-25,2019122501005514,JFL,58,1,100,197.00,"19,700.00"
2019-12-25,2019122501005482,JSLBB,11,43,31,"1,219.00","37,789.00"
2019-12-25,2019122501005473,KADBL,58,28,704,226.00,"159,104.00"
2019-12-25,2019122501005472,KADBL,29,28,62,226.00,"14,012.00"
2019-12-25,2019122501005634,KBL,32,7,361,179.00,"64,619.00"
2019-12-25,2019122501005633,KBL,29,7,50,179.00,"8,950.00"
2019-12-25,2019122501005632,KBL,21,7,80,179.00,"14,320.00"
2019-12-25,2019122501005631,KBL,10,7,100,179.00,"17,900.00"
2019-12-25,2019122501005630,KBL,34,7,53,179.00,"9,487.00"
2019-12-25,2019122501005287,KBL,32,40,426,179.00,"76,254.00"
2019-12-25,2019122501005247,KBL,59,29,50,180.00,"9,000.00"
2019-12-25,2019122501005382,KBL,34,53,47,179.00,"8,413.00"
2019-12-25,2019122501005381,KBL,35,53,20,179.00,"3,580.00"
2019-12-25,2019122501005380,KBL,8,53,303,179.00,"54,237.00"
2019-12-25,2019122501005302,KBL,8,11,37,179.00,"6,623.00"
2019-12-25,2019122501005288,KBL,8,40,160,179.00,"28,640.00"
2019-12-25,2019122501005509,KKHC,47,7,16,50.00,800.00
2019-12-25,2019122501005426,KKHC,47,7,16,50.00,800.00
2019-12-25,2019122501005336,KPCL,17,6,10,84.00,840.00
2019-12-25,2019122501005235,KPCL,17,6,10,84.00,840.00
2019-12-25,2019122501005339,KRBL,43,7,89,101.00,"8,989.00"
2019-12-25,2019122501005296,LBBL,14,17,200,193.00,"38,600.00"
2019-12-25,2019122501005425,LGIL,17,22,100,333.00,"33,300.00"
2019-12-25,2019122501005366,LGIL,17,6,220,333.00,"73,260.00"
2019-12-25,2019122501005365,LGIL,29,6,80,335.00,"26,800.00"
2019-12-25,2019122501005315,LGIL,29,43,20,335.00,"6,700.00"
2019-12-25,2019122501005314,LGIL,36,43,180,335.00,"60,300.00"
2019-12-25,2019122501005281,LGIL,36,38,100,335.00,"33,500.00"
2019-12-25,2019122501005232,LGIL,36,7,500,335.00,"167,500.00"
2019-12-25,2019122501005214,LGIL,36,45,200,335.00,"67,000.00"
2019-12-25,2019122501005218,MBL,47,59,15,217.00,"3,255.00"
2019-12-25,2019122501005255,MEGA,59,6,50,184.00,"9,200.00"
2019-12-25,2019122501005395,MEGA,6,53,324,182.00,"58,968.00"
2019-12-25,2019122501005394,MEGA,45,53,176,182.00,"32,032.00"
2019-12-25,2019122501005170,MHNL,49,29,40,84.00,"3,360.00"
2019-12-25,2019122501005476,MLBBL,48,45,30,554.00,"16,620.00"
2019-12-25,2019122501005270,MLBL,11,42,700,175.00,"122,500.00"
2019-12-25,2019122501005647,MNBBL,16,14,804,276.00,"221,904.00"
2019-12-25,2019122501005201,MNBBL,16,28,540,276.00,"149,040.00"
2019-12-25,2019122501005200,MNBBL,28,28,100,276.00,"27,600.00"
2019-12-25,2019122501005199,MNBBL,17,28,50,276.00,"13,800.00"
2019-12-25,2019122501005171,MNBBL,13,49,43,277.00,"11,911.00"
2019-12-25,2019122501005571,MSLB,45,42,16,904.00,"14,464.00"
2019-12-25,2019122501005570,MSLB,45,11,26,903.00,"23,478.00"
2019-12-25,2019122501005325,MSLB,33,42,10,904.00,"9,040.00"
2019-12-25,2019122501005388,MSMBS,28,26,40,557.00,"22,280.00"
2019-12-25,2019122501005385,MSMBS,28,6,11,556.00,"6,116.00"
2019-12-25,2019122501005384,MSMBS,28,1,200,555.00,"111,000.00"
2019-12-25,2019122501005335,MSMBS,32,42,11,546.00,"6,006.00"
2019-12-25,2019122501005529,NABIL,4,25,100,668.00,"66,800.00"
2019-12-25,2019122501005528,NABIL,4,50,150,668.00,"100,200.00"
2019-12-25,2019122501005501,NABIL,58,5,80,667.00,"53,360.00"
2019-12-25,2019122501005500,NABIL,34,5,100,667.00,"66,700.00"
2019-12-25,2019122501005499,NABIL,22,5,20,667.00,"13,340.00"
2019-12-25,2019122501005363,NBB,1,40,85,187.00,"15,895.00"
2019-12-25,2019122501005362,NBB,53,40,200,187.00,"37,400.00"
2019-12-25,2019122501005361,NBB,45,40,15,187.00,"2,805.00"
2019-12-25,2019122501005480,NBL,51,56,772,316.00,"243,952.00"
2019-12-25,2019122501005456,NBL,51,1,228,316.00,"72,048.00"
2019-12-25,2019122501005424,NBL,14,1,272,316.00,"85,952.00"
2019-12-25,2019122501005423,NBL,14,14,"1,000",316.00,"316,000.00"
2019-12-25,2019122501005422,NBL,14,5,848,316.00,"267,968.00"
2019-12-25,2019122501005421,NBL,14,16,"1,000",316.00,"316,000.00"
2019-12-25,2019122501005273,NBL,20,34,50,315.00,"15,750.00"
2019-12-25,2019122501005236,NBL,59,42,200,316.00,"63,200.00"
2019-12-25,2019122501005212,NBL,57,42,"1,000",316.00,"316,000.00"
2019-12-25,2019122501005175,NBL,1,42,20,316.00,"6,320.00"
2019-12-25,2019122501005169,NBL,34,42,"1,000",316.00,"316,000.00"
2019-12-25,2019122501005420,NBL,14,22,"1,500",316.00,"474,000.00"
2019-12-25,2019122501005419,NBL,14,45,"1,380",316.00,"436,080.00"
2019-12-25,2019122501005379,NBL,25,45,620,316.00,"195,920.00"
2019-12-25,2019122501005378,NBL,25,5,300,316.00,"94,800.00"
2019-12-25,2019122501005377,NBL,25,42,"1,080",316.00,"341,280.00"
2019-12-25,2019122501005321,NBL,20,53,500,315.00,"157,500.00"
2019-12-25,2019122501005596,NCCB,17,16,440,203.00,"89,320.00"
2019-12-25,2019122501005595,NCCB,17,7,27,203.00,"5,481.00"
2019-12-25,2019122501005591,NCCB,45,16,20,203.00,"4,060.00"
2019-12-25,2019122501005590,NCCB,26,16,20,203.00,"4,060.00"
2019-12-25,2019122501005589,NCCB,26,16,20,203.00,"4,060.00"
2019-12-25,2019122501005498,NCCB,26,48,50,203.00,"10,150.00"
2019-12-25,2019122501005497,NCCB,32,48,50,203.00,"10,150.00"
2019-12-25,2019122501005496,NCCB,47,48,146,203.00,"29,638.00"
2019-12-25,2019122501005239,NCCB,47,5,54,203.00,"10,962.00"
2019-12-25,2019122501005304,NGPL,13,43,29,111.00,"3,219.00"
2019-12-25,2019122501005303,NGPL,45,43,50,111.00,"5,550.00"
2019-12-25,2019122501005641,NICA,38,38,7,405.00,"2,835.00"
2019-12-25,2019122501005491,NICA,44,36,290,413.00,"119,770.00"
2019-12-25,2019122501005490,NICA,14,36,10,414.00,"4,140.00"
2019-12-25,2019122501005233,NICA,44,34,330,413.00,"136,290.00"
2019-12-25,2019122501005231,NICA,44,59,20,413.00,"8,260.00"
2019-12-25,2019122501005209,NICGF,5,59,"1,000",8.73,"8,730.00"
2019-12-25,2019122501005208,NICGF,5,17,"1,500",8.70,"13,050.00"
2019-12-25,2019122501005594,NICL,40,51,15,293.00,"4,395.00"
2019-12-25,2019122501005544,NICL,37,51,25,293.00,"7,325.00"
2019-12-25,2019122501005393,NICL,16,57,200,293.00,"58,600.00"
2019-12-25,2019122501005230,NICL,53,1,100,294.00,"29,400.00"
2019-12-25,2019122501005652,NIL,39,6,148,413.00,"61,124.00"
2019-12-25,2019122501005651,NIL,25,6,100,413.00,"41,300.00"
2019-12-25,2019122501005650,NIL,45,6,52,414.00,"21,528.00"
2019-12-25,2019122501005564,NLBBL,33,57,150,563.00,"84,450.00"
2019-12-25,2019122501005444,NLBBL,28,5,49,564.00,"27,636.00"
2019-12-25,2019122501005437,NLBBL,28,7,100,564.00,"56,400.00"
2019-12-25,2019122501005429,NLBBL,28,50,351,564.00,"197,964.00"
2019-12-25,2019122501005428,NLBBL,21,50,50,565.00,"28,250.00"
2019-12-25,2019122501005427,NLBBL,44,50,50,565.00,"28,250.00"
2019-12-25,2019122501005337,NLG,44,38,37,595.00,"22,015.00"
2019-12-25,2019122501005643,NLIC,25,45,10,910.00,"9,100.00"
2019-12-25,2019122501005642,NLIC,25,11,30,908.00,"27,240.00"
2019-12-25,2019122501005623,NLIC,25,11,20,908.00,"18,160.00"
2019-12-25,2019122501005619,NLIC,22,6,149,902.00,"134,398.00"
2019-12-25,2019122501005618,NLIC,53,6,28,902.00,"25,256.00"
2019-12-25,2019122501005513,NLIC,58,36,22,904.00,"19,888.00"
2019-12-25,2019122501005442,NLIC,38,7,14,905.00,"12,670.00"
2019-12-25,2019122501005441,NLIC,39,7,126,905.00,"114,030.00"
2019-12-25,2019122501005440,NLIC,52,7,100,906.00,"90,600.00"
2019-12-25,2019122501005439,NLIC,57,7,10,906.00,"9,060.00"
2019-12-25,2019122501005431,NLIC,57,41,10,906.00,"9,060.00"
2019-12-25,2019122501005475,NLIC,38,4,54,905.00,"48,870.00"
2019-12-25,2019122501005455,NLIC,45,4,115,905.00,"104,075.00"
2019-12-25,2019122501005453,NLIC,38,4,100,905.00,"90,500.00"
2019-12-25,2019122501005452,NLIC,56,4,200,905.00,"181,000.00"
2019-12-25,2019122501005451,NLIC,38,4,16,905.00,"14,480.00"
2019-12-25,2019122501005443,NLIC,49,19,50,907.00,"45,350.00"
2019-12-25,2019122501005612,NLICL,33,32,50,473.00,"23,650.00"
2019-12-25,2019122501005592,NLICL,22,56,100,474.00,"47,400.00"
2019-12-25,2019122501005331,NLICL,44,13,100,474.00,"47,400.00"
2019-12-25,2019122501005330,NLICL,45,13,300,474.00,"142,200.00"
2019-12-25,2019122501005329,NLICL,1,13,86,474.00,"40,764.00"
2019-12-25,2019122501005328,NLICL,35,13,20,474.00,"9,480.00"
2019-12-25,2019122501005327,NLICL,35,13,15,474.00,"7,110.00"
2019-12-25,2019122501005326,NLICL,45,13,290,475.00,"137,750.00"
2019-12-25,2019122501005664,NMB,16,33,100,324.00,"32,400.00"
2019-12-25,2019122501005627,NMB,16,6,31,324.00,"10,044.00"
2019-12-25,2019122501005615,NMB,16,45,300,324.00,"97,200.00"
2019-12-25,2019122501005614,NMB,16,26,245,324.00,"79,380.00"
2019-12-25,2019122501005602,NMB,56,26,200,324.00,"64,800.00"
2019-12-25,2019122501005588,NMB,17,6,25,323.00,"8,075.00"
2019-12-25,2019122501005186,NMB,14,26,80,324.00,"25,920.00"
2019-12-25,2019122501005540,NMB,56,26,150,324.00,"48,600.00"
2019-12-25,2019122501005401,NMB,14,26,15,324.00,"4,860.00"
2019-12-25,2019122501005294,NMB,37,26,140,324.00,"45,360.00"
2019-12-25,2019122501005282,NMB,34,26,50,324.00,"16,200.00"
2019-12-25,2019122501005203,NMB,17,59,100,323.00,"32,300.00"
2019-12-25,2019122501005202,NMB,48,59,50,323.00,"16,150.00"
2019-12-25,2019122501005312,NMFBS,41,10,108,"1,220.00","131,760.00"
2019-12-25,2019122501005311,NMFBS,19,10,15,"1,221.00","18,315.00"
2019-12-25,2019122501005310,NMFBS,45,10,20,"1,221.00","24,420.00"
2019-12-25,2019122501005309,NMFBS,5,10,20,"1,225.00","24,500.00"
2019-12-25,2019122501005308,NMFBS,17,10,27,"1,225.00","33,075.00"
2019-12-25,2019122501005238,NMFBS,17,19,23,"1,225.00","28,175.00"
2019-12-25,2019122501005364,NNLB,19,16,10,500.00,"5,000.00"
2019-12-25,2019122501005249,NNLB,37,42,90,501.00,"45,090.00"
2019-12-25,2019122501005248,NNLB,4,42,10,501.00,"5,010.00"
2019-12-25,2019122501005180,NNLB,4,52,90,501.00,"45,090.00"
2019-12-25,2019122501005391,NTC,39,50,10,656.00,"6,560.00"
2019-12-25,2019122501005317,NTC,48,46,95,654.00,"62,130.00"
2019-12-25,2019122501005185,NUBL,38,57,10,766.00,"7,660.00"
2019-12-25,2019122501005184,NUBL,32,57,15,767.00,"11,505.00"
2019-12-25,2019122501005322,OHL,50,44,10,453.00,"4,530.00"
2019-12-25,2019122501005229,PCBL,26,34,51,281.00,"14,331.00"
2019-12-25,2019122501005545,PICL,49,52,200,425.00,"85,000.00"
2019-12-25,2019122501005418,PLIC,45,6,149,353.00,"52,597.00"
2019-12-25,2019122501005417,PLIC,25,6,100,353.00,"35,300.00"
2019-12-25,2019122501005416,PLIC,3,6,51,355.00,"18,105.00"
2019-12-25,2019122501005316,PLIC,3,7,149,355.00,"52,895.00"
2019-12-25,2019122501005268,PLIC,3,57,300,355.00,"106,500.00"
2019-12-25,2019122501005267,PLIC,21,57,35,355.00,"12,425.00"
2019-12-25,2019122501005340,PMHPL,49,6,10,86.00,860.00
2019-12-25,2019122501005251,PMHPL,49,6,10,86.00,860.00
2019-12-25,2019122501005587,PPCL,33,58,10,108.00,"1,080.00"
2019-12-25,2019122501005474,PPCL,33,58,10,108.00,"1,080.00"
2019-12-25,2019122501005414,PRVU,42,38,500,226.00,"113,000.00"
2019-12-25,2019122501005262,PRVU,42,5,300,226.00,"67,800.00"
2019-12-25,2019122501005221,PRVU,39,39,50,227.00,"11,350.00"
2019-12-25,2019122501005211,PRVU,42,59,50,226.00,"11,300.00"
2019-12-25,2019122501005556,RHPL,18,13,10,171.00,"1,710.00"
2019-12-25,2019122501005531,RHPL,18,13,10,171.00,"1,710.00"
2019-12-25,2019122501005511,RHPL,18,40,20,171.00,"3,420.00"
2019-12-25,2019122501005489,RHPL,18,58,30,171.00,"5,130.00"
2019-12-25,2019122501005462,RHPL,18,13,10,171.00,"1,710.00"
2019-12-25,2019122501005407,RHPL,18,58,10,171.00,"1,710.00"
2019-12-25,2019122501005360,RHPL,18,6,40,171.00,"6,840.00"
2019-12-25,2019122501005298,RHPL,18,40,40,171.00,"6,840.00"
2019-12-25,2019122501005261,RHPL,18,6,40,171.00,"6,840.00"
2019-12-25,2019122501005210,RHPL,40,8,30,172.00,"5,160.00"
2019-12-25,2019122501005300,RSDC,11,19,28,318.00,"8,904.00"
2019-12-25,2019122501005293,RSDC,39,26,200,319.00,"63,800.00"
2019-12-25,2019122501005301,RSDC,48,19,72,318.00,"22,896.00"
2019-12-25,2019122501005374,SABSL,51,16,10,540.00,"5,400.00"
2019-12-25,2019122501005567,SADBL,42,35,52,143.00,"7,436.00"
2019-12-25,2019122501005566,SADBL,42,44,20,142.00,"2,840.00"
2019-12-25,2019122501005542,SADBL,13,35,16,143.00,"2,288.00"
2019-12-25,2019122501005356,SADBL,13,44,484,143.00,"69,212.00"
2019-12-25,2019122501005355,SADBL,20,44,250,143.00,"35,750.00"
2019-12-25,2019122501005611,SANIMA,4,54,41,314.00,"12,874.00"
2019-12-25,2019122501005610,SANIMA,59,54,16,314.00,"5,024.00"
2019-12-25,2019122501005535,SBL,14,54,53,290.00,"15,370.00"
2019-12-25,2019122501005265,SBL,14,50,392,290.00,"113,680.00"
2019-12-25,2019122501005250,SBL,34,51,30,291.00,"8,730.00"
2019-12-25,2019122501005242,SBL,14,8,200,290.00,"58,000.00"
2019-12-25,2019122501005240,SBL,14,52,500,290.00,"145,000.00"
2019-12-25,2019122501005549,SCB,45,37,75,532.00,"39,900.00"
2019-12-25,2019122501005448,SCB,51,37,100,532.00,"53,200.00"
2019-12-25,2019122501005447,SCB,25,37,25,532.00,"13,300.00"
2019-12-25,2019122501005408,SDESI,17,42,24,572.00,"13,728.00"
2019-12-25,2019122501005375,SDESI,17,42,26,572.00,"14,872.00"
2019-12-25,2019122501005508,SFFIL,37,4,20,188.00,"3,760.00"
2019-12-25,2019122501005507,SFFIL,37,4,130,187.00,"24,310.00"
2019-12-25,2019122501005645,SHINE,45,4,300,232.00,"69,600.00"
2019-12-25,2019122501005644,SHINE,45,26,600,232.00,"139,200.00"
2019-12-25,2019122501005607,SHIVM,52,46,30,455.00,"13,650.00"
2019-12-25,2019122501005606,SHIVM,52,36,950,455.00,"432,250.00"
2019-12-25,2019122501005605,SHIVM,52,25,485,455.00,"220,675.00"
2019-12-25,2019122501005604,SHIVM,52,41,95,455.00,"43,225.00"
2019-12-25,2019122501005603,SHIVM,52,58,100,454.00,"45,400.00"
2019-12-25,2019122501005585,SHIVM,19,58,200,454.00,"90,800.00"
2019-12-25,2019122501005220,SHIVM,19,7,400,453.00,"181,200.00"
2019-12-25,2019122501005219,SHIVM,47,7,100,453.00,"45,300.00"
2019-12-25,2019122501005204,SHIVM,25,38,50,457.00,"22,850.00"
2019-12-25,2019122501005173,SHIVM,58,25,150,454.00,"68,100.00"
2019-12-25,2019122501005172,SHIVM,58,45,350,454.00,"158,900.00"
2019-12-25,2019122501005264,SHIVM,56,55,100,451.00,"45,100.00"
2019-12-25,2019122501005263,SHIVM,56,1,100,451.00,"45,100.00"
2019-12-25,2019122501005258,SHIVM,58,55,500,452.00,"226,000.00"
2019-12-25,2019122501005257,SHIVM,57,55,500,452.00,"226,000.00"
2019-12-25,2019122501005256,SHIVM,58,55,"1,000",453.00,"453,000.00"
2019-12-25,2019122501005252,SHIVM,19,58,100,453.00,"45,300.00"
2019-12-25,2019122501005334,SHIVM,34,58,200,453.00,"90,600.00"
2019-12-25,2019122501005292,SHIVM,57,55,244,451.00,"110,044.00"
2019-12-25,2019122501005291,SHIVM,38,55,100,451.00,"45,100.00"
2019-12-25,2019122501005290,SHIVM,49,55,500,451.00,"225,500.00"
2019-12-25,2019122501005289,SHIVM,56,55,255,451.00,"115,005.00"
2019-12-25,2019122501005470,SHIVM,16,7,200,452.00,"90,400.00"
2019-12-25,2019122501005469,SHIVM,22,7,200,452.00,"90,400.00"
2019-12-25,2019122501005450,SHIVM,49,53,500,454.00,"227,000.00"
2019-12-25,2019122501005405,SHIVM,4,25,144,450.00,"64,800.00"
2019-12-25,2019122501005404,SHIVM,29,25,100,451.00,"45,100.00"
2019-12-25,2019122501005403,SHIVM,57,25,256,451.00,"115,456.00"
2019-12-25,2019122501005552,SHIVM,6,58,300,454.00,"136,200.00"
2019-12-25,2019122501005503,SHIVM,25,25,15,455.00,"6,825.00"
2019-12-25,2019122501005492,SHIVM,32,53,200,451.00,"90,200.00"
2019-12-25,2019122501005471,SHIVM,32,7,600,451.00,"270,600.00"
2019-12-25,2019122501005206,SHPC,45,39,500,171.00,"85,500.00"
2019-12-25,2019122501005254,SIC,25,29,140,500.00,"70,000.00"
2019-12-25,2019122501005600,SICL,32,29,50,845.00,"42,250.00"
2019-12-25,2019122501005583,SICL,32,58,396,845.00,"334,620.00"
2019-12-25,2019122501005582,SICL,32,58,500,846.00,"423,000.00"
2019-12-25,2019122501005581,SICL,10,58,50,846.00,"42,300.00"
2019-12-25,2019122501005580,SICL,49,58,100,847.00,"84,700.00"
2019-12-25,2019122501005524,SICL,40,21,200,848.00,"169,600.00"
2019-12-25,2019122501005523,SICL,21,21,100,849.00,"84,900.00"
2019-12-25,2019122501005494,SICL,32,46,200,850.00,"170,000.00"
2019-12-25,2019122501005409,SICL,32,43,300,850.00,"255,000.00"
2019-12-25,2019122501005593,SIL,25,32,100,405.00,"40,500.00"
2019-12-25,2019122501005486,SIL,44,45,100,403.00,"40,300.00"
2019-12-25,2019122501005534,SINDU,55,48,"1,000",133.00,"133,000.00"
2019-12-25,2019122501005463,SINDU,19,44,200,134.00,"26,800.00"
2019-12-25,2019122501005449,SINDU,39,26,61,132.00,"8,052.00"
2019-12-25,2019122501005174,SINDU,40,26,40,132.00,"5,280.00"
2019-12-25,2019122501005628,SJCL,1,13,10,156.00,"1,560.00"
2019-12-25,2019122501005599,SJCL,19,29,10,158.00,"1,580.00"
2019-12-25,2019122501005598,SJCL,19,58,10,157.00,"1,570.00"
2019-12-25,2019122501005530,SJCL,1,40,20,156.00,"3,120.00"
2019-12-25,2019122501005505,SJCL,1,13,10,156.00,"1,560.00"
2019-12-25,2019122501005402,SJCL,1,13,10,156.00,"1,560.00"
2019-12-25,2019122501005376,SJCL,1,6,20,156.00,"3,120.00"
2019-12-25,2019122501005305,SJCL,1,40,30,156.00,"4,680.00"
2019-12-25,2019122501005295,SJCL,17,34,40,157.00,"6,280.00"
2019-12-25,2019122501005271,SJCL,17,6,20,155.00,"3,100.00"
2019-12-25,2019122501005522,SKBBL,19,56,100,990.00,"99,000.00"
2019-12-25,2019122501005521,SKBBL,42,56,25,990.00,"24,750.00"
2019-12-25,2019122501005466,SLBBL,46,21,19,558.00,"10,602.00"
2019-12-25,2019122501005461,SLBBL,46,16,10,550.00,"5,500.00"
2019-12-25,2019122501005638,SLICL,26,42,200,292.00,"58,400.00"
2019-12-25,2019122501005558,SLICL,34,21,24,291.00,"6,984.00"
2019-12-25,2019122501005557,SLICL,17,21,276,291.00,"80,316.00"
2019-12-25,2019122501005286,SLICL,17,46,24,291.00,"6,984.00"
2019-12-25,2019122501005241,SLICL,49,28,100,294.00,"29,400.00"
2019-12-25,2019122501005228,SLICL,49,28,60,294.00,"17,640.00"
2019-12-25,2019122501005207,SLICL,3,5,300,293.00,"87,900.00"
2019-12-25,2019122501005179,SLICL,3,28,200,293.00,"58,600.00"
2019-12-25,2019122501005227,SLICL,49,41,40,294.00,"11,760.00"
2019-12-25,2019122501005226,SLICL,29,5,500,292.00,"146,000.00"
2019-12-25,2019122501005225,SLICL,49,5,"2,000",292.00,"584,000.00"
2019-12-25,2019122501005224,SLICL,21,5,20,292.00,"5,840.00"
2019-12-25,2019122501005223,SLICL,22,5,100,292.00,"29,200.00"
2019-12-25,2019122501005222,SLICL,40,5,318,292.00,"92,856.00"
2019-12-25,2019122501005617,SMB,5,21,10,620.00,"6,200.00"
2019-12-25,2019122501005485,SMB,39,41,10,620.00,"6,200.00"
2019-12-25,2019122501005412,SMFBS,29,34,30,880.00,"26,400.00"
2019-12-25,2019122501005411,SMFBS,48,34,10,881.00,"8,810.00"
2019-12-25,2019122501005410,SMFBS,48,34,10,881.00,"8,810.00"
2019-12-25,2019122501005539,SMFDB,16,5,100,639.00,"63,900.00"
2019-12-25,2019122501005446,SMFDB,16,55,86,639.00,"54,954.00"
2019-12-25,2019122501005445,SMFDB,22,55,90,639.00,"57,510.00"
2019-12-25,2019122501005413,SMFDB,35,55,50,640.00,"32,000.00"
2019-12-25,2019122501005663,SPARS,29,44,10,620.00,"6,200.00"
2019-12-25,2019122501005662,SPARS,29,35,10,620.00,"6,200.00"
2019-12-25,2019122501005659,SPARS,32,22,11,622.00,"6,842.00"
2019-12-25,2019122501005649,SPARS,14,11,90,620.00,"55,800.00"
2019-12-25,2019122501005648,SPARS,36,11,40,620.00,"24,800.00"
2019-12-25,2019122501005639,SPARS,36,44,10,620.00,"6,200.00"
2019-12-25,2019122501005243,SPARS,22,14,20,620.00,"12,400.00"
2019-12-25,2019122501005234,SPARS,34,57,10,619.00,"6,190.00"
2019-12-25,2019122501005459,SPARS,40,44,30,623.00,"18,690.00"
2019-12-25,2019122501005458,SPARS,40,57,10,622.00,"6,220.00"
2019-12-25,2019122501005457,SPARS,36,58,10,620.00,"6,200.00"
2019-12-25,2019122501005246,SPARS,22,11,500,622.00,"311,000.00"
2019-12-25,2019122501005245,SPARS,22,48,10,620.00,"6,200.00"
2019-12-25,2019122501005244,SPARS,22,16,50,620.00,"31,000.00"
2019-12-25,2019122501005626,SPARS,36,34,10,620.00,"6,200.00"
2019-12-25,2019122501005625,SPARS,32,22,15,622.00,"9,330.00"
2019-12-25,2019122501005622,SPARS,36,44,10,620.00,"6,200.00"
2019-12-25,2019122501005574,SPARS,36,58,10,620.00,"6,200.00"
2019-12-25,2019122501005572,SPARS,36,45,10,620.00,"6,200.00"
2019-12-25,2019122501005460,SPARS,40,52,10,623.00,"6,230.00"
2019-12-25,2019122501005646,SPDL,26,56,15,84.00,"1,260.00"
2019-12-25,2019122501005253,SRBL,14,57,540,217.00,"117,180.00"
2019-12-25,2019122501005320,SWBBL,44,21,45,815.00,"36,675.00"
2019-12-25,2019122501005319,SWBBL,32,21,70,816.00,"57,120.00"
2019-12-25,2019122501005167,SWBBL,32,57,30,816.00,"24,480.00"
2019-12-25,2019122501005367,TMDBL,4,26,"1,450",151.00,"218,950.00"
2019-12-25,2019122501005280,TMDBL,4,26,100,151.00,"15,100.00"
2019-12-25,2019122501005279,TMDBL,47,26,200,151.00,"30,200.00"
2019-12-25,2019122501005278,TMDBL,4,26,"1,000",151.00,"151,000.00"
2019-12-25,2019122501005277,TMDBL,58,26,250,151.00,"37,750.00"
2019-12-25,2019122501005324,UIC,49,6,150,292.00,"43,800.00"
2019-12-25,2019122501005183,UMHL,26,43,14,110.00,"1,540.00"
2019-12-25,2019122501005608,UPCL,29,58,50,72.00,"3,600.00"
2019-12-25,2019122501005506,UPCL,29,58,50,72.00,"3,600.00"
2019-12-25,2019122501005640,UPPER,22,39,110,236.00,"25,960.00"
2019-12-25,2019122501005601,UPPER,25,39,50,237.00,"11,850.00"
2019-12-25,2019122501005551,UPPER,22,6,40,236.00,"9,440.00"
2019-12-25,2019122501005550,UPPER,22,6,50,236.00,"11,800.00"
2019-12-25,2019122501005533,UPPER,29,40,40,235.00,"9,400.00"
2019-12-25,2019122501005386,VLBS,47,43,107,722.00,"77,254.00"
2019-12-25,2019122501005560,VLBS,17,22,107,721.00,"77,147.00"
2019-12-25,2019122501005559,VLBS,33,22,20,721.00,"14,420.00"
2019-12-25,2019122501005161,ADBL,4,14,572,413.00,"236,236.00"
2019-12-25,2019122501005155,ADBL,59,14,100,413.00,"41,300.00"
2019-12-25,2019122501005154,ADBL,4,14,"2,000",413.00,"826,000.00"
2019-12-25,2019122501005153,ADBL,4,14,461,413.00,"190,393.00"
2019-12-25,2019122501005152,ADBL,4,14,782,413.00,"322,966.00"
2019-12-25,2019122501005151,ADBL,19,14,50,413.00,"20,650.00"
2019-12-25,2019122501004785,ADBL,14,48,15,414.00,"6,210.00"
2019-12-25,2019122501004784,ADBL,14,6,11,414.00,"4,554.00"
2019-12-25,2019122501004783,ADBL,14,39,74,414.00,"30,636.00"
2019-12-25,2019122501004750,ADBL,48,41,10,413.00,"4,130.00"
2019-12-25,2019122501004813,ADBL,51,25,138,414.00,"57,132.00"
2019-12-25,2019122501004812,ADBL,51,45,200,414.00,"82,800.00"
2019-12-25,2019122501004811,ADBL,51,48,175,414.00,"72,450.00"
2019-12-25,2019122501004810,ADBL,51,6,32,414.00,"13,248.00"
2019-12-25,2019122501004809,ADBL,51,6,32,414.00,"13,248.00"
2019-12-25,2019122501004791,ADBL,7,48,10,414.00,"4,140.00"
2019-12-25,2019122501005018,ADBL,48,29,143,413.00,"59,059.00"
2019-12-25,2019122501004944,ADBL,48,29,22,413.00,"9,086.00"
2019-12-25,2019122501004865,ADBL,6,39,100,414.00,"41,400.00"
2019-12-25,2019122501004816,ADBL,51,39,199,414.00,"82,386.00"
2019-12-25,2019122501004815,ADBL,51,37,111,414.00,"45,954.00"
2019-12-25,2019122501004814,ADBL,51,7,113,414.00,"46,782.00"
2019-12-25,2019122501005150,ADBL,29,14,500,413.00,"206,500.00"
2019-12-25,2019122501005149,ADBL,45,14,100,413.00,"41,300.00"
2019-12-25,2019122501005148,ADBL,42,14,100,413.00,"41,300.00"
2019-12-25,2019122501005147,ADBL,40,14,335,413.00,"138,355.00"
2019-12-25,2019122501005104,ADBL,40,45,86,413.00,"35,518.00"
2019-12-25,2019122501005019,ADBL,40,29,79,413.00,"32,627.00"
2019-12-25,2019122501005035,AHPC,28,32,100,97.00,"9,700.00"
2019-12-25,2019122501004826,AHPC,1,55,200,98.00,"19,600.00"
2019-12-25,2019122501004808,AHPC,28,49,840,97.00,"81,480.00"
2019-12-25,2019122501004807,AHPC,36,49,200,97.00,"19,400.00"
2019-12-25,2019122501004806,AHPC,33,49,280,97.00,"27,160.00"
2019-12-25,2019122501005162,AKPL,21,48,100,112.00,"11,200.00"
2019-12-25,2019122501005135,AKPL,22,43,195,111.00,"21,645.00"
2019-12-25,2019122501005134,AKPL,47,43,100,111.00,"11,100.00"
2019-12-25,2019122501004939,AKPL,6,48,248,112.00,"27,776.00"
2019-12-25,2019122501004938,AKPL,6,10,52,112.00,"5,824.00"
2019-12-25,2019122501004760,AKPL,45,10,500,112.00,"56,000.00"
2019-12-25,2019122501005074,ALBSL,49,17,145,477.00,"69,165.00"
2019-12-25,2019122501004737,ALBSL,49,16,10,477.00,"4,770.00"
2019-12-25,2019122501004732,ALBSL,49,16,34,477.00,"16,218.00"
2019-12-25,2019122501004731,ALBSL,39,16,100,477.00,"47,700.00"
2019-12-25,2019122501004730,ALBSL,40,16,50,478.00,"23,900.00"
2019-12-25,2019122501004946,ALICL,36,41,481,359.00,"172,679.00"
2019-12-25,2019122501004945,ALICL,49,41,150,359.00,"53,850.00"
2019-12-25,2019122501004722,ALICL,49,52,40,359.00,"14,360.00"
2019-12-25,2019122501005038,BOKL,5,37,10,217.00,"2,170.00"
2019-12-25,2019122501004959,BOKL,32,51,50,215.00,"10,750.00"
2019-12-25,2019122501004935,BOKL,32,8,432,215.00,"92,880.00"
2019-12-25,2019122501004934,BOKL,25,8,68,216.00,"14,688.00"
2019-12-25,2019122501004860,BOKL,32,6,68,215.00,"14,620.00"
2019-12-25,2019122501004719,BPCL,51,1,75,309.00,"23,175.00"
2019-12-25,2019122501004718,BPCL,11,1,24,309.00,"7,416.00"
2019-12-25,2019122501004715,BPCL,11,1,99,309.00,"30,591.00"
2019-12-25,2019122501004820,CBBL,44,45,50,790.00,"39,500.00"
2019-12-25,2019122501004819,CBBL,56,45,70,790.00,"55,300.00"
2019-12-25,2019122501005082,CBL,43,51,10,134.00,"1,340.00"
2019-12-25,2019122501005020,CBL,19,46,62,135.00,"8,370.00"
2019-12-25,2019122501004942,CBL,19,26,38,135.00,"5,130.00"
2019-12-25,2019122501004885,CBL,40,26,"1,000",135.00,"135,000.00"
2019-12-25,2019122501004884,CBL,46,26,"2,000",135.00,"270,000.00"
2019-12-25,2019122501004883,CBL,49,26,962,135.00,"129,870.00"
2019-12-25,2019122501004943,CCBL,16,49,200,164.00,"32,800.00"
2019-12-25,2019122501004881,CCBL,29,49,300,164.00,"49,200.00"
2019-12-25,2019122501004792,CCBL,1,49,200,164.00,"32,800.00"
2019-12-25,2019122501004728,CCBL,45,52,50,163.00,"8,150.00"
2019-12-25,2019122501004926,CFCL,35,52,10,116.00,"1,160.00"
2019-12-25,2019122501005100,CHCL,25,56,25,363.00,"9,075.00"
2019-12-25,2019122501005099,CHCL,25,22,125,360.00,"45,000.00"
2019-12-25,2019122501005028,CHCL,37,22,250,360.00,"90,000.00"
2019-12-25,2019122501004825,CHCL,45,44,20,357.00,"7,140.00"
2019-12-25,2019122501004765,CHCL,35,22,10,358.00,"3,580.00"
2019-12-25,2019122501004764,CHCL,44,22,30,358.00,"10,740.00"
2019-12-25,2019122501004763,CHCL,59,22,25,358.00,"8,950.00"
2019-12-25,2019122501004762,CHCL,48,22,50,358.00,"17,900.00"
2019-12-25,2019122501004761,CHCL,35,22,10,359.00,"3,590.00"
2019-12-25,2019122501004711,CHL,45,6,100,96.00,"9,600.00"
2019-12-25,2019122501004687,CHL,32,6,20,96.00,"1,920.00"
2019-12-25,2019122501004681,CHL,32,6,10,96.00,960.00
2019-12-25,2019122501005125,CIT,22,42,30,"2,020.00","60,600.00"
2019-12-25,2019122501005062,CIT,37,46,22,"2,020.00","44,440.00"
2019-12-25,2019122501005047,CIT,57,46,20,"2,020.00","40,400.00"
2019-12-25,2019122501005046,CIT,19,46,180,"2,020.00","363,600.00"
2019-12-25,2019122501005004,CIT,19,35,20,"2,020.00","40,400.00"
2019-12-25,2019122501005003,CIT,57,35,30,"2,021.00","60,630.00"
2019-12-25,2019122501004983,CIT,21,57,50,"2,023.00","101,150.00"
2019-12-25,2019122501004982,CIT,32,57,25,"2,025.00","50,625.00"
2019-12-25,2019122501005002,CIT,14,35,55,"2,021.00","111,155.00"
2019-12-25,2019122501004988,CIT,14,57,45,"2,021.00","90,945.00"
2019-12-25,2019122501004987,CIT,38,57,10,"2,021.00","20,210.00"
2019-12-25,2019122501004986,CIT,22,57,23,"2,021.00","46,483.00"
2019-12-25,2019122501004985,CIT,14,57,22,"2,022.00","44,484.00"
2019-12-25,2019122501004984,CIT,14,57,25,"2,022.00","50,550.00"
2019-12-25,2019122501004981,CLBSL,50,51,14,543.00,"7,602.00"
2019-12-25,2019122501005146,CZBIL,5,55,225,182.00,"40,950.00"
2019-12-25,2019122501005112,CZBIL,55,55,10,182.00,"1,820.00"
2019-12-25,2019122501005086,CZBIL,22,48,20,181.00,"3,620.00"
2019-12-25,2019122501005085,CZBIL,57,48,180,181.00,"32,580.00"
2019-12-25,2019122501005041,CZBIL,26,55,10,182.00,"1,820.00"
2019-12-25,2019122501004798,CZBIL,35,17,36,182.00,"6,552.00"
2019-12-25,2019122501004689,CZBIL,57,6,10,181.00,"1,810.00"
2019-12-25,2019122501005159,DBBL,43,56,100,135.00,"13,500.00"
2019-12-25,2019122501005158,DBBL,43,49,201,135.00,"27,135.00"
2019-12-25,2019122501005056,DBBL,39,48,450,134.00,"60,300.00"
2019-12-25,2019122501005164,DDBL,58,13,50,863.00,"43,150.00"
2019-12-25,2019122501005124,DDBL,43,13,11,864.00,"9,504.00"
2019-12-25,2019122501004706,DDBL,43,6,38,864.00,"32,832.00"
2019-12-25,2019122501004952,EBL,56,58,70,526.00,"36,820.00"
2019-12-25,2019122501004951,EBL,13,58,150,526.00,"78,900.00"
2019-12-25,2019122501004950,EBL,56,58,180,526.00,"94,680.00"
2019-12-25,2019122501004741,EBL,56,6,24,526.00,"12,624.00"
2019-12-25,2019122501004740,EBL,56,6,100,526.00,"52,600.00"
2019-12-25,2019122501004739,EBL,51,6,50,526.00,"26,300.00"
2019-12-25,2019122501004738,EBL,48,6,30,526.00,"15,780.00"
2019-12-25,2019122501005032,EIC,16,16,200,272.00,"54,400.00"
2019-12-25,2019122501004790,FOWAD,37,47,40,"1,400.00","56,000.00"
2019-12-25,2019122501004789,FOWAD,42,47,25,"1,400.00","35,000.00"
2019-12-25,2019122501004857,GBBL,49,6,101,200.00,"20,200.00"
2019-12-25,2019122501004749,GBBL,56,6,"1,000",201.00,"201,000.00"
2019-12-25,2019122501004754,GBLBS,40,1,200,319.00,"63,800.00"
2019-12-25,2019122501004668,GGBSL,33,28,10,595.00,"5,950.00"
2019-12-25,2019122501004932,GILB,47,49,169,813.00,"137,397.00"
2019-12-25,2019122501004931,GILB,46,49,130,813.00,"105,690.00"
2019-12-25,2019122501004930,GILB,41,49,400,814.00,"325,600.00"
2019-12-25,2019122501004929,GILB,34,49,150,815.00,"122,250.00"
2019-12-25,2019122501004928,GILB,44,49,51,816.00,"41,616.00"
2019-12-25,2019122501004751,GMFIL,17,28,300,116.00,"34,800.00"
2019-12-25,2019122501004867,GRDBL,43,4,50,101.00,"5,050.00"
2019-12-25,2019122501004862,GRDBL,1,4,50,102.00,"5,100.00"
2019-12-25,2019122501004859,GRDBL,1,4,50,102.00,"5,100.00"
2019-12-25,2019122501004766,GRDBL,34,17,50,102.00,"5,100.00"
2019-12-25,2019122501005127,HBL,38,53,18,510.00,"9,180.00"
2019-12-25,2019122501005084,HBL,49,53,382,510.00,"194,820.00"
2019-12-25,2019122501005083,HBL,49,6,118,509.00,"60,062.00"
2019-12-25,2019122501005040,HBL,35,53,100,510.00,"51,000.00"
2019-12-25,2019122501005031,HBL,6,55,20,510.00,"10,200.00"
2019-12-25,2019122501005030,HBL,55,55,50,510.00,"25,500.00"
2019-12-25,2019122501005029,HBL,44,55,19,510.00,"9,690.00"
2019-12-25,2019122501005007,HDL,40,58,80,"1,225.00","98,000.00"
2019-12-25,2019122501005006,HDL,1,58,20,"1,225.00","24,500.00"
2019-12-25,2019122501004941,HDL,40,58,100,"1,230.00","123,000.00"
2019-12-25,2019122501004872,HDL,35,58,10,"1,230.00","12,300.00"
2019-12-25,2019122501004837,HDL,1,58,10,"1,230.00","12,300.00"
2019-12-25,2019122501004949,HGI,45,1,110,284.00,"31,240.00"
2019-12-25,2019122501004948,HGI,53,1,50,284.00,"14,200.00"
2019-12-25,2019122501004947,HGI,52,1,50,285.00,"14,250.00"
2019-12-25,2019122501005160,HIDCL,50,25,200,145.00,"29,000.00"
2019-12-25,2019122501004707,HIDCL,44,42,"1,271",146.00,"185,566.00"
2019-12-25,2019122501005012,HURJA,58,39,120,100.00,"12,000.00"
2019-12-25,2019122501005011,HURJA,26,39,20,100.00,"2,000.00"
2019-12-25,2019122501005000,HURJA,39,39,100,101.00,"10,100.00"
2019-12-25,2019122501004999,HURJA,1,39,260,101.00,"26,260.00"
2019-12-25,2019122501005163,ILBS,37,4,10,529.00,"5,290.00"
2019-12-25,2019122501005157,ILBS,37,26,370,529.00,"195,730.00"
2019-12-25,2019122501005111,ILBS,37,4,10,529.00,"5,290.00"
2019-12-25,2019122501004989,ILBS,37,11,10,529.00,"5,290.00"
2019-12-25,2019122501004858,JBBL,58,11,100,170.00,"17,000.00"
2019-12-25,2019122501004840,JBBL,14,56,154,169.00,"26,026.00"
2019-12-25,2019122501004768,JBBL,14,6,329,169.00,"55,601.00"
2019-12-25,2019122501005017,KBL,26,29,10,180.00,"1,800.00"
2019-12-25,2019122501004769,KBL,50,29,500,180.00,"90,000.00"
2019-12-25,2019122501004743,KBL,32,52,50,179.00,"8,950.00"
2019-12-25,2019122501004974,KRBL,4,57,22,102.00,"2,244.00"
2019-12-25,2019122501004973,KRBL,4,43,281,102.00,"28,662.00"
2019-12-25,2019122501004972,KRBL,4,43,281,102.00,"28,662.00"
2019-12-25,2019122501004971,KRBL,4,58,100,102.00,"10,200.00"
2019-12-25,2019122501004970,KRBL,4,11,100,102.00,"10,200.00"
2019-12-25,2019122501004969,KRBL,4,11,10,102.00,"1,020.00"
2019-12-25,2019122501004968,KRBL,4,45,150,101.00,"15,150.00"
2019-12-25,2019122501004967,KRBL,4,38,56,101.00,"5,656.00"
2019-12-25,2019122501004746,KSBBL,1,3,50,136.00,"6,800.00"
2019-12-25,2019122501005143,LBBL,14,8,300,193.00,"57,900.00"
2019-12-25,2019122501004780,LBBL,14,42,"1,000",193.00,"193,000.00"
2019-12-25,2019122501004729,LBBL,14,57,200,193.00,"38,600.00"
2019-12-25,2019122501004686,LBBL,14,54,510,193.00,"98,430.00"
2019-12-25,2019122501005044,LBL,26,26,10,192.00,"1,920.00"
2019-12-25,2019122501004933,LBL,45,26,50,192.00,"9,600.00"
2019-12-25,2019122501005126,LGIL,36,22,420,335.00,"140,700.00"
2019-12-25,2019122501005059,MBL,47,57,327,217.00,"70,959.00"
2019-12-25,2019122501005058,MBL,26,57,100,218.00,"21,800.00"
2019-12-25,2019122501005036,MEGA,29,32,100,183.00,"18,300.00"
2019-12-25,2019122501004954,MEGA,45,26,24,182.00,"4,368.00"
2019-12-25,2019122501004953,MEGA,48,26,976,182.00,"177,632.00"
2019-12-25,2019122501004695,MEGA,16,17,174,183.00,"31,842.00"
2019-12-25,2019122501004701,MEGA,45,17,100,182.00,"18,200.00"
2019-12-25,2019122501004700,MEGA,1,17,500,182.00,"91,000.00"
2019-12-25,2019122501004699,MEGA,19,17,17,182.00,"3,094.00"
2019-12-25,2019122501004698,MEGA,51,17,100,183.00,"18,300.00"
2019-12-25,2019122501004697,MEGA,6,17,20,183.00,"3,660.00"
2019-12-25,2019122501004696,MEGA,10,17,50,183.00,"9,150.00"
2019-12-25,2019122501004704,MEGA,48,17,39,182.00,"7,098.00"
2019-12-25,2019122501004703,MEGA,19,17,100,182.00,"18,200.00"
2019-12-25,2019122501004702,MEGA,14,17,150,182.00,"27,300.00"
2019-12-25,2019122501004683,MEGAPO,28,17,250,100.00,"25,000.00"
2019-12-25,2019122501004672,MEGAPO,28,17,250,100.00,"25,000.00"
2019-12-25,2019122501004960,MFIL,57,49,"10,000",140.00,"1,400,000.00"
2019-12-25,2019122501004842,MFIL,32,54,463,140.00,"64,820.00"
2019-12-25,2019122501004841,MFIL,50,54,500,141.00,"70,500.00"
2019-12-25,2019122501004758,MFIL,50,17,500,141.00,"70,500.00"
2019-12-25,2019122501004745,MLBBL,48,16,47,554.00,"26,038.00"
2019-12-25,2019122501004836,MLBL,11,32,300,175.00,"52,500.00"
2019-12-25,2019122501004925,MNBBL,13,57,457,277.00,"126,589.00"
2019-12-25,2019122501004924,MNBBL,41,57,200,277.00,"55,400.00"
2019-12-25,2019122501004923,MNBBL,45,57,100,277.00,"27,700.00"
2019-12-25,2019122501004922,MNBBL,4,57,95,277.00,"26,315.00"
2019-12-25,2019122501004873,MNBBL,4,19,100,277.00,"27,700.00"
2019-12-25,2019122501004714,MSLB,11,11,2,883.00,"1,766.00"
2019-12-25,2019122501005034,NABIL,26,6,10,669.00,"6,690.00"
2019-12-25,2019122501005015,NABIL,45,5,300,668.00,"200,400.00"
2019-12-25,2019122501004833,NABIL,47,6,88,668.00,"58,784.00"
2019-12-25,2019122501004824,NABIL,32,6,128,669.00,"85,632.00"
2019-12-25,2019122501004786,NABIL,47,35,100,668.00,"66,800.00"
2019-12-25,2019122501004775,NABIL,47,43,40,668.00,"26,720.00"
2019-12-25,2019122501004748,NABIL,49,6,34,669.00,"22,746.00"
2019-12-25,2019122501004747,NABIL,49,52,166,669.00,"111,054.00"
2019-12-25,2019122501005139,NBL,55,42,700,316.00,"221,200.00"
2019-12-25,2019122501004918,NBL,54,16,"1,000",316.00,"316,000.00"
2019-12-25,2019122501004848,NBL,20,6,17,315.00,"5,355.00"
2019-12-25,2019122501004847,NBL,46,6,231,315.00,"72,765.00"
2019-12-25,2019122501004801,NBL,21,22,13,316.00,"4,108.00"
2019-12-25,2019122501004682,NBL,51,22,"1,000",316.00,"316,000.00"
2019-12-25,2019122501005116,NCCB,46,5,200,203.00,"40,600.00"
2019-12-25,2019122501005115,NCCB,57,5,246,203.00,"49,938.00"
2019-12-25,2019122501005114,NCCB,41,5,500,203.00,"101,500.00"
2019-12-25,2019122501005090,NCCB,57,21,30,203.00,"6,090.00"
2019-12-25,2019122501005069,NCCB,57,6,224,203.00,"45,472.00"
2019-12-25,2019122501005068,NCCB,57,6,50,203.00,"10,150.00"
2019-12-25,2019122501005067,NCCB,45,6,100,203.00,"20,300.00"
2019-12-25,2019122501005066,NCCB,1,6,200,203.00,"40,600.00"
2019-12-25,2019122501005065,NCCB,45,6,10,203.00,"2,030.00"
2019-12-25,2019122501005027,NCCB,26,5,10,204.00,"2,040.00"
2019-12-25,2019122501004871,NCCB,54,5,415,204.00,"84,660.00"
2019-12-25,2019122501004870,NCCB,54,51,20,204.00,"4,080.00"
2019-12-25,2019122501004831,NEF,14,17,"1,593",7.45,"11,867.85"
2019-12-25,2019122501005094,NIB,37,6,50,433.00,"21,650.00"
2019-12-25,2019122501005093,NIB,38,6,20,433.00,"8,660.00"
2019-12-25,2019122501005092,NIB,34,6,10,433.00,"4,330.00"
2019-12-25,2019122501005091,NIB,34,6,56,433.00,"24,248.00"
2019-12-25,2019122501004937,NIB,54,34,366,435.00,"159,210.00"
2019-12-25,2019122501004936,NIB,54,39,634,435.00,"275,790.00"
2019-12-25,2019122501004920,NIB,32,39,66,435.00,"28,710.00"
2019-12-25,2019122501004919,NIB,32,54,44,435.00,"19,140.00"
2019-12-25,2019122501005105,NICA,55,35,499,414.00,"206,586.00"
2019-12-25,2019122501005087,NICA,55,29,501,414.00,"207,414.00"
2019-12-25,2019122501005064,NICA,44,29,300,414.00,"124,200.00"
2019-12-25,2019122501005063,NICA,14,29,127,414.00,"52,578.00"
2019-12-25,2019122501005055,NICA,14,50,500,414.00,"207,000.00"
2019-12-25,2019122501004964,NICA,14,8,373,414.00,"154,422.00"
2019-12-25,2019122501004963,NICA,8,8,100,414.00,"41,400.00"
2019-12-25,2019122501004962,NICA,45,8,500,414.00,"207,000.00"
2019-12-25,2019122501004961,NICA,32,8,27,414.00,"11,178.00"
2019-12-25,2019122501004839,NICA,32,4,500,414.00,"207,000.00"
2019-12-25,2019122501004823,NICA,32,4,337,414.00,"139,518.00"
2019-12-25,2019122501004877,NICL,40,29,85,294.00,"24,990.00"
2019-12-25,2019122501004671,NICL,16,29,100,294.00,"29,400.00"
2019-12-25,2019122501005108,NLIC,39,19,74,905.00,"66,970.00"
2019-12-25,2019122501005107,NLIC,49,19,20,905.00,"18,100.00"
2019-12-25,2019122501005106,NLIC,52,19,99,905.00,"89,595.00"
2019-12-25,2019122501005021,NLIC,52,33,62,905.00,"56,110.00"
2019-12-25,2019122501005010,NLIC,52,36,39,905.00,"35,295.00"
2019-12-25,2019122501005009,NLIC,43,36,50,905.00,"45,250.00"
2019-12-25,2019122501004669,NLIC,42,58,17,910.00,"15,470.00"
2019-12-25,2019122501004993,NLIC,57,36,47,908.00,"42,676.00"
2019-12-25,2019122501004992,NLIC,17,36,15,909.00,"13,635.00"
2019-12-25,2019122501004991,NLIC,49,36,50,909.00,"45,450.00"
2019-12-25,2019122501004978,NLIC,39,45,100,910.00,"91,000.00"
2019-12-25,2019122501004705,NLIC,38,4,15,913.00,"13,695.00"
2019-12-25,2019122501004670,NLIC,57,58,33,908.00,"29,964.00"
2019-12-25,2019122501005008,NLIC,39,36,74,905.00,"66,970.00"
2019-12-25,2019122501004998,NLIC,39,36,26,905.00,"23,530.00"
2019-12-25,2019122501004997,NLIC,49,36,100,906.00,"90,600.00"
2019-12-25,2019122501004996,NLIC,45,36,50,907.00,"45,350.00"
2019-12-25,2019122501004995,NLIC,58,36,612,907.00,"555,084.00"
2019-12-25,2019122501004994,NLIC,22,36,100,908.00,"90,800.00"
2019-12-25,2019122501004793,NLICL,45,48,10,475.00,"4,750.00"
2019-12-25,2019122501004771,NLICL,16,48,100,475.00,"47,500.00"
2019-12-25,2019122501004770,NLICL,38,48,150,475.00,"71,250.00"
2019-12-25,2019122501004990,NMB,56,26,120,324.00,"38,880.00"
2019-12-25,2019122501004874,NMB,48,52,50,325.00,"16,250.00"
2019-12-25,2019122501004861,NMB,56,52,"2,000",325.00,"650,000.00"
2019-12-25,2019122501004828,NMB,32,52,130,325.00,"42,250.00"
2019-12-25,2019122501004827,NMB,32,38,23,324.00,"7,452.00"
2019-12-25,2019122501004821,NMB,49,38,10,324.00,"3,240.00"
2019-12-25,2019122501004804,NMB,44,38,50,324.00,"16,200.00"
2019-12-25,2019122501004803,NMB,45,38,47,324.00,"15,228.00"
2019-12-25,2019122501004802,NMB,38,38,20,324.00,"6,480.00"
2019-12-25,2019122501004850,NNLB,25,32,100,502.00,"50,200.00"
2019-12-25,2019122501004849,NNLB,32,32,174,502.00,"87,348.00"
2019-12-25,2019122501004817,NTC,38,8,100,655.00,"65,500.00"
2019-12-25,2019122501004736,NUBL,38,52,78,766.00,"59,748.00"
2019-12-25,2019122501004735,NUBL,28,52,32,767.00,"24,544.00"
2019-12-25,2019122501004734,NUBL,42,52,40,769.00,"30,760.00"
2019-12-25,2019122501005133,PCBL,26,6,200,280.00,"56,000.00"
2019-12-25,2019122501005132,PCBL,26,58,953,280.00,"266,840.00"
2019-12-25,2019122501005131,PCBL,26,6,150,280.00,"42,000.00"
2019-12-25,2019122501005130,PCBL,26,43,10,280.00,"2,800.00"
2019-12-25,2019122501005129,PCBL,26,34,236,280.00,"66,080.00"
2019-12-25,2019122501005128,PCBL,26,26,"1,400",280.00,"392,000.00"
2019-12-25,2019122501004799,PCBL,13,32,132,279.00,"36,828.00"
2019-12-25,2019122501004692,PCBL,13,32,368,279.00,"102,672.00"
2019-12-25,2019122501004691,PCBL,20,32,132,279.00,"36,828.00"
2019-12-25,2019122501005073,PCBL,4,34,500,279.00,"139,500.00"
2019-12-25,2019122501005072,PCBL,4,58,713,279.00,"198,927.00"
2019-12-25,2019122501005037,PCBL,26,58,10,279.00,"2,790.00"
2019-12-25,2019122501004980,PCBL,17,58,225,279.00,"62,775.00"
2019-12-25,2019122501004979,PCBL,34,58,52,279.00,"14,508.00"
2019-12-25,2019122501004800,PCBL,34,32,68,279.00,"18,972.00"
2019-12-25,2019122501005142,PLIC,21,28,100,355.00,"35,500.00"
2019-12-25,2019122501005141,PLIC,16,28,100,356.00,"35,600.00"
2019-12-25,2019122501005140,PLIC,16,28,100,356.00,"35,600.00"
2019-12-25,2019122501004976,PRIN,49,1,123,334.00,"41,082.00"
2019-12-25,2019122501004975,PRIN,46,1,300,335.00,"100,500.00"
2019-12-25,2019122501004957,PRIN,46,58,496,338.00,"167,648.00"
2019-12-25,2019122501004956,PRIN,46,55,14,336.00,"4,704.00"
2019-12-25,2019122501005014,PRVU,26,39,10,227.00,"2,270.00"
2019-12-25,2019122501004778,PRVU,42,52,287,226.00,"64,862.00"
2019-12-25,2019122501004777,PRVU,6,52,10,226.00,"2,260.00"
2019-12-25,2019122501004776,PRVU,43,52,53,226.00,"11,978.00"
2019-12-25,2019122501005103,RHPL,40,21,20,172.00,"3,440.00"
2019-12-25,2019122501004915,SABSL,46,25,170,541.00,"91,970.00"
2019-12-25,2019122501004688,SADBL,20,35,200,143.00,"28,600.00"
2019-12-25,2019122501005145,SANIMA,59,21,25,314.00,"7,850.00"
2019-12-25,2019122501004822,SANIMA,59,1,125,314.00,"39,250.00"
2019-12-25,2019122501004797,SANIMA,59,1,334,314.00,"104,876.00"
2019-12-25,2019122501004796,SANIMA,13,1,"1,000",314.00,"314,000.00"
2019-12-25,2019122501004795,SANIMA,10,1,100,314.00,"31,400.00"
2019-12-25,2019122501004794,SANIMA,59,1,66,314.00,"20,724.00"
2019-12-25,2019122501004677,SAPDBL,43,48,579,123.00,"71,217.00"
2019-12-25,2019122501004676,SAPDBL,34,48,200,123.00,"24,600.00"
2019-12-25,2019122501004675,SAPDBL,1,48,500,123.00,"61,500.00"
2019-12-25,2019122501004674,SAPDBL,52,48,40,123.00,"4,920.00"
2019-12-25,2019122501004673,SAPDBL,4,48,200,124.00,"24,800.00"
2019-12-25,2019122501005052,SBI,56,35,100,355.00,"35,500.00"
2019-12-25,2019122501005051,SBI,51,35,100,355.00,"35,500.00"
2019-12-25,2019122501005050,SBI,47,35,150,356.00,"53,400.00"
2019-12-25,2019122501005049,SBI,45,35,110,357.00,"39,270.00"
2019-12-25,2019122501005048,SBI,10,35,201,357.00,"71,757.00"
2019-12-25,2019122501005075,SBL,14,50,500,290.00,"145,000.00"
2019-12-25,2019122501005013,SBL,14,39,100,290.00,"29,000.00"
2019-12-25,2019122501004838,SBL,14,39,200,290.00,"58,000.00"
2019-12-25,2019122501004818,SBL,14,11,100,290.00,"29,000.00"
2019-12-25,2019122501004773,SBL,14,11,48,290.00,"13,920.00"
2019-12-25,2019122501004755,SBL,14,39,100,290.00,"29,000.00"
2019-12-25,2019122501004690,SBL,14,41,"1,200",290.00,"348,000.00"
2019-12-25,2019122501004685,SBL,14,58,652,290.00,"189,080.00"
2019-12-25,2019122501004684,SBL,39,58,30,290.00,"8,700.00"
2019-12-25,2019122501004921,SCB,6,51,100,533.00,"53,300.00"
2019-12-25,2019122501004830,SCB,46,51,260,533.00,"138,580.00"
2019-12-25,2019122501004829,SCB,44,51,100,533.00,"53,300.00"
2019-12-25,2019122501005042,SFFIL,52,33,30,186.00,"5,580.00"
2019-12-25,2019122501005026,SHINE,7,43,178,232.00,"41,296.00"
2019-12-25,2019122501005025,SHINE,7,42,995,232.00,"230,840.00"
2019-12-25,2019122501004882,SHINE,25,34,103,231.00,"23,793.00"
2019-12-25,2019122501004733,SHINE,45,52,80,231.00,"18,480.00"
2019-12-25,2019122501004832,SHINE,45,4,694,231.00,"160,314.00"
2019-12-25,2019122501004853,SHINE,36,34,100,231.00,"23,100.00"
2019-12-25,2019122501004852,SHINE,14,34,150,231.00,"34,650.00"
2019-12-25,2019122501004851,SHINE,45,34,30,231.00,"6,930.00"
2019-12-25,2019122501005119,SHIVM,35,45,100,454.00,"45,400.00"
2019-12-25,2019122501005118,SHIVM,1,45,300,454.00,"136,200.00"
2019-12-25,2019122501005117,SHIVM,32,45,250,455.00,"113,750.00"
2019-12-25,2019122501005096,SHIVM,32,5,50,455.00,"22,750.00"
2019-12-25,2019122501005054,SHIVM,32,25,"1,700",455.00,"773,500.00"
2019-12-25,2019122501005053,SHIVM,58,25,300,456.00,"136,800.00"
2019-12-25,2019122501004679,SHIVM,25,5,20,461.00,"9,220.00"
2019-12-25,2019122501004678,SHIVM,25,57,70,461.00,"32,270.00"
2019-12-25,2019122501004667,SHIVM,40,19,400,459.00,"183,600.00"
2019-12-25,2019122501004782,SHIVM,52,25,500,458.00,"229,000.00"
2019-12-25,2019122501004781,SHIVM,42,25,500,459.00,"229,500.00"
2019-12-25,2019122501004720,SHIVM,25,17,40,462.00,"18,480.00"
2019-12-25,2019122501004713,SHIVM,25,5,50,460.00,"23,000.00"
2019-12-25,2019122501004693,SHIVM,36,5,150,460.00,"69,000.00"
2019-12-25,2019122501004680,SHIVM,25,17,10,462.00,"4,620.00"
2019-12-25,2019122501004869,SHIVM,52,45,200,458.00,"91,600.00"
2019-12-25,2019122501004868,SHIVM,52,45,35,458.00,"16,030.00"
2019-12-25,2019122501004863,SHIVM,52,36,250,458.00,"114,500.00"
2019-12-25,2019122501004805,SHIVM,52,25,800,459.00,"367,200.00"
2019-12-25,2019122501004787,SHIVM,25,17,20,462.00,"9,240.00"
2019-12-25,2019122501005043,SHIVM,16,25,200,456.00,"91,200.00"
2019-12-25,2019122501004940,SHIVM,25,45,15,458.00,"6,870.00"
2019-12-25,2019122501004880,SHIVM,19,25,100,457.00,"45,700.00"
2019-12-25,2019122501004879,SHIVM,52,25,500,457.00,"228,500.00"
2019-12-25,2019122501004878,SHIVM,19,25,100,457.00,"45,700.00"
2019-12-25,2019122501004742,SHL,39,42,170,185.00,"31,450.00"
2019-12-25,2019122501004727,SHL,39,55,100,184.00,"18,400.00"
2019-12-25,2019122501005136,SIC,25,38,160,495.00,"79,200.00"
2019-12-25,2019122501005005,SICL,49,33,42,850.00,"35,700.00"
2019-12-25,2019122501004965,SICL,49,34,10,850.00,"8,500.00"
2019-12-25,2019122501004774,SICL,49,26,65,850.00,"55,250.00"
2019-12-25,2019122501004712,SICL,49,46,300,850.00,"255,000.00"
2019-12-25,2019122501005144,SIL,44,41,900,403.00,"362,700.00"
2019-12-25,2019122501005024,SIL,25,41,100,408.00,"40,800.00"
2019-12-25,2019122501005023,SIL,25,18,100,407.00,"40,700.00"
2019-12-25,2019122501005022,SIL,25,50,100,406.00,"40,600.00"
2019-12-25,2019122501005123,SINDU,40,26,110,132.00,"14,520.00"
2019-12-25,2019122501005122,SINDU,59,26,20,132.00,"2,640.00"
2019-12-25,2019122501005121,SINDU,29,26,50,132.00,"6,600.00"
2019-12-25,2019122501005120,SINDU,22,26,20,132.00,"2,640.00"
2019-12-25,2019122501005102,SINDU,1,26,100,133.00,"13,300.00"
2019-12-25,2019122501005081,SINDU,1,26,100,133.00,"13,300.00"
2019-12-25,2019122501005080,SINDU,19,26,100,133.00,"13,300.00"
2019-12-25,2019122501005057,SINDU,19,26,900,133.00,"119,700.00"
2019-12-25,2019122501005113,SJCL,17,21,10,155.00,"1,550.00"
2019-12-25,2019122501004914,SJCL,47,29,100,155.00,"15,500.00"
2019-12-25,2019122501004913,SJCL,22,29,150,155.00,"23,250.00"
2019-12-25,2019122501004888,SJCL,39,29,120,158.00,"18,960.00"
2019-12-25,2019122501004887,SJCL,47,29,250,158.00,"39,500.00"
2019-12-25,2019122501004886,SJCL,40,29,190,158.00,"30,020.00"
2019-12-25,2019122501004894,SJCL,41,29,50,157.00,"7,850.00"
2019-12-25,2019122501004893,SJCL,1,29,100,157.00,"15,700.00"
2019-12-25,2019122501004892,SJCL,45,29,350,157.00,"54,950.00"
2019-12-25,2019122501004891,SJCL,1,29,300,157.00,"47,100.00"
2019-12-25,2019122501004890,SJCL,41,29,100,157.00,"15,700.00"
2019-12-25,2019122501004889,SJCL,17,29,100,157.00,"15,700.00"
2019-12-25,2019122501004900,SJCL,43,29,500,156.00,"78,000.00"
2019-12-25,2019122501004899,SJCL,59,29,200,156.00,"31,200.00"
2019-12-25,2019122501004898,SJCL,45,29,300,156.00,"46,800.00"
2019-12-25,2019122501004897,SJCL,17,29,100,156.00,"15,600.00"
2019-12-25,2019122501004896,SJCL,6,29,200,156.00,"31,200.00"
2019-12-25,2019122501004895,SJCL,25,29,200,157.00,"31,400.00"
2019-12-25,2019122501004906,SJCL,26,29,300,156.00,"46,800.00"
2019-12-25,2019122501004905,SJCL,14,29,400,156.00,"62,400.00"
2019-12-25,2019122501004904,SJCL,22,29,500,156.00,"78,000.00"
2019-12-25,2019122501004903,SJCL,41,29,200,156.00,"31,200.00"
2019-12-25,2019122501004902,SJCL,3,29,500,156.00,"78,000.00"
2019-12-25,2019122501004901,SJCL,58,29,470,156.00,"73,320.00"
2019-12-25,2019122501004912,SJCL,33,29,"5,000",155.00,"775,000.00"
2019-12-25,2019122501004911,SJCL,38,29,500,155.00,"77,500.00"
2019-12-25,2019122501004910,SJCL,25,29,50,155.00,"7,750.00"
2019-12-25,2019122501004909,SJCL,42,29,"2,000",155.00,"310,000.00"
2019-12-25,2019122501004908,SJCL,17,29,100,155.00,"15,500.00"
2019-12-25,2019122501004907,SJCL,26,29,50,156.00,"7,800.00"
2019-12-25,2019122501005101,SLBBL,6,55,100,550.00,"55,000.00"
2019-12-25,2019122501005089,SLBBL,19,55,100,551.00,"55,100.00"
2019-12-25,2019122501005088,SLBBL,37,55,20,551.00,"11,020.00"
2019-12-25,2019122501005071,SLBBL,37,55,100,552.00,"55,200.00"
2019-12-25,2019122501005070,SLBBL,19,55,20,552.00,"11,040.00"
2019-12-25,2019122501005079,SLBSL,59,39,10,598.00,"5,980.00"
2019-12-25,2019122501005078,SLBSL,59,39,100,601.00,"60,100.00"
2019-12-25,2019122501005077,SLBSL,48,39,100,602.00,"60,200.00"
2019-12-25,2019122501005076,SLBSL,8,39,40,603.00,"24,120.00"
2019-12-25,2019122501005033,SLICL,49,42,187,294.00,"54,978.00"
2019-12-25,2019122501004955,SLICL,36,8,800,293.00,"234,400.00"
2019-12-25,2019122501004866,SLICL,40,41,20,292.00,"5,840.00"
2019-12-25,2019122501004757,SLICL,36,42,313,294.00,"92,022.00"
2019-12-25,2019122501004756,SLICL,36,42,687,294.00,"201,978.00"
2019-12-25,2019122501004726,SMB,17,45,11,620.00,"6,820.00"
2019-12-25,2019122501004744,SMB,17,45,11,620.00,"6,820.00"
2019-12-25,2019122501004856,SMB,3,40,30,626.00,"18,780.00"
2019-12-25,2019122501004855,SMB,3,13,80,622.00,"49,760.00"
2019-12-25,2019122501004854,SMB,3,51,40,620.00,"24,800.00"
2019-12-25,2019122501005098,SMFBS,48,34,20,886.00,"17,720.00"
2019-12-25,2019122501004721,SMFBS,48,11,10,885.00,"8,850.00"
2019-12-25,2019122501004717,SMFBS,48,11,10,885.00,"8,850.00"
2019-12-25,2019122501004716,SMFBS,48,11,10,885.00,"8,850.00"
2019-12-25,2019122501004694,SMFBS,20,11,10,885.00,"8,850.00"
2019-12-25,2019122501005097,SPARS,21,8,50,618.00,"30,900.00"
2019-12-25,2019122501004977,SPARS,14,14,10,620.00,"6,200.00"
2019-12-25,2019122501004966,SPARS,14,14,10,620.00,"6,200.00"
2019-12-25,2019122501004917,SPARS,14,17,10,620.00,"6,200.00"
2019-12-25,2019122501004779,SPARS,20,21,10,618.00,"6,180.00"
2019-12-25,2019122501004772,SPARS,20,21,10,618.00,"6,180.00"
2019-12-25,2019122501004759,SPARS,1,21,10,619.00,"6,190.00"
2019-12-25,2019122501005016,SRBL,14,57,177,217.00,"38,409.00"
2019-12-25,2019122501005001,SRBL,14,49,52,217.00,"11,284.00"
2019-12-25,2019122501004876,SRBL,14,49,148,217.00,"32,116.00"
2019-12-25,2019122501004767,SRBL,14,57,366,217.00,"79,422.00"
2019-12-25,2019122501004710,STC,3,50,30,"1,645.00","49,350.00"
2019-12-25,2019122501004927,SWBBL,29,14,50,820.00,"41,000.00"
2019-12-25,2019122501005061,TMDBL,58,26,750,151.00,"113,250.00"
2019-12-25,2019122501005060,TMDBL,4,26,500,151.00,"75,500.00"
2019-12-25,2019122501005039,TMDBL,4,26,50,152.00,"7,600.00"
2019-12-25,2019122501004958,UIC,42,55,20,294.00,"5,880.00"
2019-12-25,2019122501005156,UMHL,26,1,52,110.00,"5,720.00"
2019-12-25,2019122501005045,UMHL,59,35,20,111.00,"2,220.00"
2019-12-25,2019122501004916,UMHL,26,34,100,110.00,"11,000.00"
2019-12-25,2019122501004666,UMHL,26,51,33,110.00,"3,630.00"
2019-12-25,2019122501004665,UMHL,54,51,80,110.00,"8,800.00"
2019-12-25,2019122501005095,UNHPL,32,48,600,53.00,"31,800.00"
2019-12-25,2019122501004864,UNHPL,34,48,300,53.00,"15,900.00"
2019-12-25,2019122501004753,UNHPL,19,48,100,53.00,"5,300.00"
2019-12-25,2019122501004752,UNHPL,17,48,150,53.00,"7,950.00"
2019-12-25,2019122501004709,UNHPL,17,48,150,53.00,"7,950.00"
2019-12-25,2019122501004708,UNHPL,13,48,500,53.00,"26,500.00"
2019-12-25,2019122501005138,UPPER,25,39,40,237.00,"9,480.00"
2019-12-25,2019122501005137,UPPER,25,8,75,236.00,"17,700.00"
2019-12-25,2019122501005110,UPPER,1,8,100,236.00,"23,600.00"
2019-12-25,2019122501005109,UPPER,16,8,100,236.00,"23,600.00"
2019-12-25,2019122501004843,UPPER,50,49,10,236.00,"2,360.00"
2019-12-25,2019122501004835,UPPER,39,16,50,236.00,"11,800.00"
2019-12-25,2019122501004834,UPPER,39,16,50,236.00,"11,800.00"
2019-12-25,2019122501004725,UPPER,16,16,50,236.00,"11,800.00"
2019-12-25,2019122501004724,UPPER,16,16,50,236.00,"11,800.00"
2019-12-25,2019122501004723,UPPER,16,16,40,236.00,"9,440.00"
2019-12-25,2019122501004846,UPPER,50,16,50,236.00,"11,800.00"
2019-12-25,2019122501004845,UPPER,50,16,50,236.00,"11,800.00"
2019-12-25,2019122501004844,UPPER,50,16,40,236.00,"9,440.00"
2019-12-25,2019122501004788,VLBS,17,43,77,722.00,"55,594.00"
2019-12-25,2019122501004875,VLBS,33,42,80,721.00,"57,680.00"
2019-12-25,2019122501004433,ADBL,4,39,200,414.00,"82,800.00"
2019-12-25,2019122501004424,ADBL,4,39,518,414.00,"214,452.00"
2019-12-25,2019122501004423,ADBL,4,59,200,414.00,"82,800.00"
2019-12-25,2019122501004393,ADBL,41,39,100,414.00,"41,400.00"
2019-12-25,2019122501004355,ADBL,37,39,20,414.00,"8,280.00"
2019-12-25,2019122501004348,ADBL,48,7,125,413.00,"51,625.00"
2019-12-25,2019122501004512,AHPC,42,55,20,98.00,"1,960.00"
2019-12-25,2019122501004317,AKJCL,44,16,10,54.00,540.00
2019-12-25,2019122501004516,AKPL,45,10,398,112.00,"44,576.00"
2019-12-25,2019122501004515,AKPL,45,48,602,112.00,"67,424.00"
2019-12-25,2019122501004468,AKPL,52,48,80,112.00,"8,960.00"
2019-12-25,2019122501004301,AKPL,8,48,96,112.00,"10,752.00"
2019-12-25,2019122501004307,ALICL,52,41,50,361.00,"18,050.00"
2019-12-25,2019122501004498,API,25,38,50,108.00,"5,400.00"
2019-12-25,2019122501004469,API,45,34,12,106.00,"1,272.00"
2019-12-25,2019122501004460,API,45,25,54,106.00,"5,724.00"
2019-12-25,2019122501004459,API,25,25,200,106.00,"21,200.00"
2019-12-25,2019122501004458,API,25,25,100,106.00,"10,600.00"
2019-12-25,2019122501004457,API,37,25,300,106.00,"31,800.00"
2019-12-25,2019122501004436,API,45,34,11,106.00,"1,166.00"
2019-12-25,2019122501004425,API,45,34,12,106.00,"1,272.00"
2019-12-25,2019122501004405,API,45,56,19,106.00,"2,014.00"
2019-12-25,2019122501004456,API,16,25,"1,000",106.00,"106,000.00"
2019-12-25,2019122501004455,API,34,25,500,106.00,"53,000.00"
2019-12-25,2019122501004454,API,39,25,200,106.00,"21,200.00"
2019-12-25,2019122501004453,API,45,25,46,106.00,"4,876.00"
2019-12-25,2019122501004452,API,17,25,100,107.00,"10,700.00"
2019-12-25,2019122501004450,API,45,34,12,106.00,"1,272.00"
2019-12-25,2019122501004384,BARUN,17,42,50,82.00,"4,100.00"
2019-12-25,2019122501004220,BOKL,32,41,19,215.00,"4,085.00"
2019-12-25,2019122501004182,BOKL,32,17,490,215.00,"105,350.00"
2019-12-25,2019122501004664,BPCL,11,6,66,309.00,"20,394.00"
2019-12-25,2019122501004496,BPCL,11,35,11,309.00,"3,399.00"
2019-12-25,2019122501004319,BPCL,38,25,30,311.00,"9,330.00"
2019-12-25,2019122501004598,CBBL,39,45,50,791.00,"39,550.00"
2019-12-25,2019122501004383,CBL,49,13,38,135.00,"5,130.00"
2019-12-25,2019122501004382,CBL,57,13,100,135.00,"13,500.00"
2019-12-25,2019122501004381,CBL,36,13,500,135.00,"67,500.00"
2019-12-25,2019122501004380,CBL,13,13,"1,000",135.00,"135,000.00"
2019-12-25,2019122501004379,CBL,32,13,200,135.00,"27,000.00"
2019-12-25,2019122501004378,CBL,6,13,110,135.00,"14,850.00"
2019-12-25,2019122501004377,CBL,37,13,20,135.00,"2,700.00"
2019-12-25,2019122501004376,CBL,51,13,"1,500",135.00,"202,500.00"
2019-12-25,2019122501004375,CBL,40,13,"2,000",135.00,"270,000.00"
2019-12-25,2019122501004374,CBL,40,13,20,135.00,"2,700.00"
2019-12-25,2019122501004373,CBL,33,13,200,136.00,"27,200.00"
2019-12-25,2019122501004430,CCBL,45,49,100,164.00,"16,400.00"
2019-12-25,2019122501004426,CCBL,38,49,100,164.00,"16,400.00"
2019-12-25,2019122501004397,CCBL,45,17,339,163.00,"55,257.00"
2019-12-25,2019122501004396,CCBL,38,17,300,163.00,"48,900.00"
2019-12-25,2019122501004395,CCBL,35,17,100,163.00,"16,300.00"
2019-12-25,2019122501004394,CCBL,38,17,438,163.00,"71,394.00"
2019-12-25,2019122501004321,CCBL,20,49,300,164.00,"49,200.00"
2019-12-25,2019122501004320,CCBL,16,49,239,164.00,"39,196.00"
2019-12-25,2019122501004368,CCBL,38,43,62,163.00,"10,106.00"
2019-12-25,2019122501004326,CCBL,17,49,"1,000",164.00,"164,000.00"
2019-12-25,2019122501004325,CCBL,4,49,200,164.00,"32,800.00"
2019-12-25,2019122501004324,CCBL,4,49,"1,503",164.00,"246,492.00"
2019-12-25,2019122501004323,CCBL,4,49,103,164.00,"16,892.00"
2019-12-25,2019122501004322,CCBL,11,49,14,164.00,"2,296.00"
2019-12-25,2019122501004502,CHCL,5,53,500,360.00,"180,000.00"
2019-12-25,2019122501004501,CHCL,41,53,250,360.00,"90,000.00"
2019-12-25,2019122501004472,CHCL,5,56,500,361.00,"180,500.00"
2019-12-25,2019122501004471,CHCL,22,56,100,361.00,"36,100.00"
2019-12-25,2019122501004421,CHCL,16,53,500,362.00,"181,000.00"
2019-12-25,2019122501004420,CHCL,59,53,150,362.00,"54,300.00"
2019-12-25,2019122501004403,CHCL,48,51,100,362.00,"36,200.00"
2019-12-25,2019122501004659,CHL,46,6,100,96.00,"9,600.00"
2019-12-25,2019122501004658,CHL,35,6,80,96.00,"7,680.00"
2019-12-25,2019122501004281,CHL,29,53,10,97.00,970.00
2019-12-25,2019122501004571,CIT,22,49,77,"2,021.00","155,617.00"
2019-12-25,2019122501004570,CIT,56,49,50,"2,021.00","101,050.00"
2019-12-25,2019122501004569,CIT,49,49,25,"2,022.00","50,550.00"
2019-12-25,2019122501004568,CIT,37,49,20,"2,022.00","40,440.00"
2019-12-25,2019122501004567,CIT,57,49,18,"2,022.00","36,396.00"
2019-12-25,2019122501004566,CIT,11,49,10,"2,023.00","20,230.00"
2019-12-25,2019122501004282,CIT,57,43,12,"2,022.00","24,264.00"
2019-12-25,2019122501004226,CIT,14,51,48,"2,023.00","97,104.00"
2019-12-25,2019122501004575,CZBIL,45,17,50,182.00,"9,100.00"
2019-12-25,2019122501004314,DBBL,39,33,11,134.00,"1,474.00"
2019-12-25,2019122501004290,DBBL,39,43,14,134.00,"1,876.00"
2019-12-25,2019122501004172,DBBL,39,49,299,135.00,"40,365.00"
2019-12-25,2019122501004200,DDBL,43,6,534,864.00,"461,376.00"
2019-12-25,2019122501004199,DDBL,53,6,100,865.00,"86,500.00"
2019-12-25,2019122501004198,DDBL,59,6,66,865.00,"57,090.00"
2019-12-25,2019122501004590,EBL,56,53,200,527.00,"105,400.00"
2019-12-25,2019122501004310,EBL,48,38,170,526.00,"89,420.00"
2019-12-25,2019122501004212,EBL,33,38,630,526.00,"331,380.00"
2019-12-25,2019122501004592,EIC,16,52,20,272.00,"5,440.00"
2019-12-25,2019122501004591,EIC,16,38,180,272.00,"48,960.00"
2019-12-25,2019122501004560,EIC,7,17,16,270.00,"4,320.00"
2019-12-25,2019122501004559,EIC,6,17,61,270.00,"16,470.00"
2019-12-25,2019122501004558,EIC,16,17,100,270.00,"27,000.00"
2019-12-25,2019122501004557,EIC,37,17,20,270.00,"5,400.00"
2019-12-25,2019122501004556,EIC,56,17,60,271.00,"16,260.00"
2019-12-25,2019122501004428,EIC,58,45,200,272.00,"54,400.00"
2019-12-25,2019122501004427,EIC,47,45,250,272.00,"68,000.00"
2019-12-25,2019122501004252,FOWAD,42,22,25,"1,400.00","35,000.00"
2019-12-25,2019122501004347,GBBL,18,54,200,201.00,"40,200.00"
2019-12-25,2019122501004343,GBBL,18,54,100,201.00,"20,100.00"
2019-12-25,2019122501004608,GBLBS,33,54,45,318.00,"14,310.00"
2019-12-25,2019122501004511,GBLBS,38,33,190,320.00,"60,800.00"
2019-12-25,2019122501004510,GBLBS,38,16,40,320.00,"12,800.00"
2019-12-25,2019122501004372,GBLBS,38,56,265,319.00,"84,535.00"
2019-12-25,2019122501004353,GBLBS,13,56,235,319.00,"74,965.00"
2019-12-25,2019122501004274,GBLBS,13,36,15,319.00,"4,785.00"
2019-12-25,2019122501004657,GGBSL,33,28,10,595.00,"5,950.00"
2019-12-25,2019122501004625,GGBSL,3,28,10,595.00,"5,950.00"
2019-12-25,2019122501004607,GGBSL,3,28,10,595.00,"5,950.00"
2019-12-25,2019122501004573,GGBSL,3,28,10,595.00,"5,950.00"
2019-12-25,2019122501004538,GGBSL,10,28,10,596.00,"5,960.00"
2019-12-25,2019122501004507,GGBSL,10,28,10,596.00,"5,960.00"
2019-12-25,2019122501004497,GGBSL,10,28,10,596.00,"5,960.00"
2019-12-25,2019122501004474,GGBSL,10,28,10,596.00,"5,960.00"
2019-12-25,2019122501004465,GGBSL,10,28,10,596.00,"5,960.00"
2019-12-25,2019122501004504,GILB,44,38,27,816.00,"22,032.00"
2019-12-25,2019122501004612,GLICL,7,46,53,454.00,"24,062.00"
2019-12-25,2019122501004611,GLICL,4,46,50,454.00,"22,700.00"
2019-12-25,2019122501004240,GLICL,4,52,50,454.00,"22,700.00"
2019-12-25,2019122501004239,GLICL,7,52,50,454.00,"22,700.00"
2019-12-25,2019122501004238,GLICL,7,52,100,454.00,"45,400.00"
2019-12-25,2019122501004422,GMFIL,34,28,10,117.00,"1,170.00"
