Date,Transact. No.,Symbol,Buyer,Seller,Quantity,Rate,Amount
2019-02-12,2019021201003677,ADBL,35,13,70,332.00,"23,240.00"
2019-02-12,2019021201004098,AKPL,19,38,13,172.00,"2,236.00"
2019-02-12,2019021201004013,AKPL,19,38,13,172.00,"2,236.00"
2019-02-12,2019021201003983,AKPL,58,58,13,175.00,"2,275.00"
2019-02-12,2019021201003929,AKPL,19,38,13,172.00,"2,236.00"
2019-02-12,2019021201003854,AKPL,19,49,29,172.00,"4,988.00"
2019-02-12,2019021201003779,AKPL,19,38,13,172.00,"2,236.00"
2019-02-12,2019021201003676,AKPL,19,38,13,172.00,"2,236.00"
2019-02-12,2019021201003812,ALICL,28,28,344,581.00,"199,864.00"
2019-02-12,2019021201003811,ALICL,13,28,100,581.00,"58,100.00"
2019-02-12,2019021201003688,API,25,53,35,137.00,"4,795.00"
2019-02-12,2019021201003895,BARUN,29,29,260,96.00,"24,960.00"
2019-02-12,2019021201003965,BPCL,58,1,20,355.00,"7,100.00"
2019-02-12,2019021201003936,BPCL,28,36,100,349.00,"34,900.00"
2019-02-12,2019021201003935,BPCL,29,36,60,349.00,"20,940.00"
2019-02-12,2019021201003934,BPCL,58,36,250,350.00,"87,500.00"
2019-02-12,2019021201003933,BPCL,37,36,50,350.00,"17,500.00"
2019-02-12,2019021201003932,BPCL,58,36,10,350.00,"3,500.00"
2019-02-12,2019021201003928,BPCL,58,58,20,351.00,"7,020.00"
2019-02-12,2019021201003892,BPCL,58,50,10,355.00,"3,550.00"
2019-02-12,2019021201003762,BPCL,58,56,300,350.00,"105,000.00"
2019-02-12,2019021201003725,BPCL,58,50,10,355.00,"3,550.00"
2019-02-12,2019021201003705,BPCL,58,44,10,350.00,"3,500.00"
2019-02-12,2019021201003704,BPCL,58,44,10,350.00,"3,500.00"
2019-02-12,2019021201004116,CBBL,47,34,235,877.00,"206,095.00"
2019-02-12,2019021201004115,CBBL,58,34,10,878.00,"8,780.00"
2019-02-12,2019021201004114,CBBL,19,34,55,878.00,"48,290.00"
2019-02-12,2019021201003894,CBBL,47,57,100,880.00,"88,000.00"
2019-02-12,2019021201003966,CBL,51,42,101,154.00,"15,554.00"
2019-02-12,2019021201003863,CBL,6,42,"1,000",154.00,"154,000.00"
2019-02-12,2019021201003840,CCBL,55,57,453,161.00,"72,933.00"
2019-02-12,2019021201003839,CCBL,25,57,200,161.00,"32,200.00"
2019-02-12,2019021201003838,CCBL,45,57,25,161.00,"4,025.00"
2019-02-12,2019021201003837,CCBL,6,57,291,161.00,"46,851.00"
2019-02-12,2019021201003836,CCBL,10,57,100,161.00,"16,100.00"
2019-02-12,2019021201003835,CCBL,11,57,100,161.00,"16,100.00"
2019-02-12,2019021201003828,CCBL,59,57,100,161.00,"16,100.00"
2019-02-12,2019021201003827,CCBL,29,57,441,161.00,"71,001.00"
2019-02-12,2019021201003826,CCBL,47,57,50,161.00,"8,050.00"
2019-02-12,2019021201003825,CCBL,42,57,60,162.00,"9,720.00"
2019-02-12,2019021201003834,CCBL,51,57,100,161.00,"16,100.00"
2019-02-12,2019021201003833,CCBL,29,57,300,161.00,"48,300.00"
2019-02-12,2019021201003832,CCBL,42,57,200,161.00,"32,200.00"
2019-02-12,2019021201003831,CCBL,56,57,100,161.00,"16,100.00"
2019-02-12,2019021201003830,CCBL,43,57,100,161.00,"16,100.00"
2019-02-12,2019021201003829,CCBL,33,57,200,161.00,"32,200.00"
2019-02-12,2019021201003810,CEFL,58,42,50,100.00,"5,000.00"
2019-02-12,2019021201003861,CFCL,1,49,100,111.00,"11,100.00"
2019-02-12,2019021201003771,CFCL,1,52,100,111.00,"11,100.00"
2019-02-12,2019021201003716,CFCL,59,49,22,110.00,"2,420.00"
2019-02-12,2019021201003696,CHCL,4,33,50,510.00,"25,500.00"
2019-02-12,2019021201003649,CHCL,4,20,"1,600",510.00,"816,000.00"
2019-02-12,2019021201003648,CHCL,4,54,500,510.00,"255,000.00"
2019-02-12,2019021201003647,CHCL,4,43,50,509.00,"25,450.00"
2019-02-12,2019021201003646,CHCL,4,1,712,508.00,"361,696.00"
2019-02-12,2019021201003645,CHCL,4,51,58,508.00,"29,464.00"
2019-02-12,2019021201004106,CIT,1,58,98,"2,637.00","258,426.00"
2019-02-12,2019021201004105,CIT,50,58,12,"2,637.00","31,644.00"
2019-02-12,2019021201003994,CLBSL,58,7,10,676.00,"6,760.00"
2019-02-12,2019021201003890,CZBIL,6,59,189,205.00,"38,745.00"
2019-02-12,2019021201003889,CZBIL,14,59,11,205.00,"2,255.00"
2019-02-12,2019021201003798,CZBIL,14,43,189,205.00,"38,745.00"
2019-02-12,2019021201003780,CZBIL,14,43,300,205.00,"61,500.00"
2019-02-12,2019021201003767,CZBIL,35,43,11,205.00,"2,255.00"
2019-02-12,2019021201003766,CZBIL,35,41,89,205.00,"18,245.00"
2019-02-12,2019021201003743,CZBIL,44,41,100,205.00,"20,500.00"
2019-02-12,2019021201003945,DBBL,35,6,50,124.00,"6,200.00"
2019-02-12,2019021201003908,DBBL,58,6,11,124.00,"1,364.00"
2019-02-12,2019021201003885,DBBL,57,49,14,123.00,"1,722.00"
2019-02-12,2019021201003731,DBBL,57,49,14,123.00,"1,722.00"
2019-02-12,2019021201003824,DDBL,41,44,500,578.00,"289,000.00"
2019-02-12,2019021201003703,DDBL,41,47,181,569.00,"102,989.00"
2019-02-12,2019021201003702,DDBL,21,47,50,570.00,"28,500.00"
2019-02-12,2019021201003701,DDBL,32,47,100,570.00,"57,000.00"
2019-02-12,2019021201003700,DDBL,41,47,20,570.00,"11,400.00"
2019-02-12,2019021201004000,EBL,49,55,100,513.00,"51,300.00"
2019-02-12,2019021201003998,EDBL,44,43,500,280.00,"140,000.00"
2019-02-12,2019021201003997,EDBL,44,45,20,280.00,"5,600.00"
2019-02-12,2019021201003996,EDBL,44,34,180,280.00,"50,400.00"
2019-02-12,2019021201003995,EDBL,44,38,56,279.00,"15,624.00"
2019-02-12,2019021201004118,EIC,41,49,32,825.00,"26,400.00"
2019-02-12,2019021201003671,EIC,42,42,10,822.00,"8,220.00"
2019-02-12,2019021201003899,FOWAD,33,42,30,"1,555.00","46,650.00"
2019-02-12,2019021201003893,FOWAD,33,49,15,"1,555.00","23,325.00"
2019-02-12,2019021201003739,FOWAD,51,49,15,"1,552.00","23,280.00"
2019-02-12,2019021201003652,FOWAD,51,38,15,"1,551.00","23,265.00"
2019-02-12,2019021201004041,GBBL,28,14,49,182.00,"8,918.00"
2019-02-12,2019021201004010,GBIME,35,56,22,263.00,"5,786.00"
2019-02-12,2019021201003650,GBLBS,36,38,610,435.00,"265,350.00"
2019-02-12,2019021201004085,GDBL,56,42,195,179.00,"34,905.00"
2019-02-12,2019021201004016,GFCL,46,43,200,118.00,"23,600.00"
2019-02-12,2019021201004015,GFCL,43,43,142,118.00,"16,756.00"
2019-02-12,2019021201003946,GFCL,43,43,358,118.00,"42,244.00"
2019-02-12,2019021201003869,GFCL,43,45,300,118.00,"35,400.00"
2019-02-12,2019021201003926,GLICL,6,34,100,683.00,"68,300.00"
2019-02-12,2019021201003768,GRDBL,43,32,120,103.00,"12,360.00"
2019-02-12,2019021201003816,HGI,39,42,70,381.00,"26,670.00"
2019-02-12,2019021201003742,HGI,6,40,100,382.00,"38,200.00"
2019-02-12,2019021201004022,HIDCL,43,7,56,134.00,"7,504.00"
2019-02-12,2019021201004005,HIDCL,43,44,550,134.00,"73,700.00"
2019-02-12,2019021201004004,HIDCL,22,44,250,134.00,"33,500.00"
2019-02-12,2019021201003903,HIDCL,22,49,50,134.00,"6,700.00"
2019-02-12,2019021201003786,HIDCL,59,25,94,135.00,"12,690.00"
2019-02-12,2019021201003785,HIDCL,34,25,100,135.00,"13,500.00"
2019-02-12,2019021201003784,HIDCL,55,25,500,135.00,"67,500.00"
2019-02-12,2019021201003783,HIDCL,13,25,200,135.00,"27,000.00"
2019-02-12,2019021201003782,HIDCL,26,25,66,135.00,"8,910.00"
2019-02-12,2019021201003748,HIDCL,26,49,34,135.00,"4,590.00"
2019-02-12,2019021201003747,HIDCL,39,49,16,135.00,"2,160.00"
2019-02-12,2019021201003655,HIDCL,35,45,20,137.00,"2,740.00"
2019-02-12,2019021201004110,HPPL,22,38,10,175.00,"1,750.00"
2019-02-12,2019021201004046,HPPL,58,58,20,177.00,"3,540.00"
2019-02-12,2019021201004019,HPPL,22,38,10,175.00,"1,750.00"
2019-02-12,2019021201003944,HPPL,22,38,10,175.00,"1,750.00"
2019-02-12,2019021201003844,HPPL,42,22,50,178.00,"8,900.00"
2019-02-12,2019021201003804,HPPL,22,38,20,175.00,"3,500.00"
2019-02-12,2019021201003683,HPPL,22,38,10,175.00,"1,750.00"
2019-02-12,2019021201003654,HPPL,22,38,10,175.00,"1,750.00"
2019-02-12,2019021201004084,IGI,21,41,50,420.00,"21,000.00"
2019-02-12,2019021201003979,IGI,29,39,90,418.00,"37,620.00"
2019-02-12,2019021201003978,IGI,43,39,50,418.00,"20,900.00"
2019-02-12,2019021201004007,JBBL,39,32,45,136.00,"6,120.00"
2019-02-12,2019021201004112,JBNL,58,59,14,167.00,"2,338.00"
2019-02-12,2019021201004067,JBNL,44,14,100,165.00,"16,500.00"
2019-02-12,2019021201003694,JBNL,26,45,225,166.00,"37,350.00"
2019-02-12,2019021201004080,JEFL,4,1,100,141.00,"14,100.00"
2019-02-12,2019021201004079,JEFL,4,57,400,140.00,"56,000.00"
2019-02-12,2019021201004078,JEFL,4,45,400,140.00,"56,000.00"
2019-02-12,2019021201004069,JEFL,4,6,200,139.00,"27,800.00"
2019-02-12,2019021201004068,JEFL,4,28,"1,000",139.00,"139,000.00"
2019-02-12,2019021201003800,JEFL,4,4,11,137.00,"1,507.00"
2019-02-12,2019021201003906,KBBL,57,1,"1,259",211.00,"265,649.00"
2019-02-12,2019021201003709,KBL,39,43,60,238.00,"14,280.00"
2019-02-12,2019021201003949,KKHC,45,38,10,86.00,860.00
2019-02-12,2019021201003690,KKHC,45,38,16,86.00,"1,376.00"
2019-02-12,2019021201003687,KKHC,45,38,10,86.00,860.00
2019-02-12,2019021201003790,KMCDB,58,35,14,816.00,"11,424.00"
2019-02-12,2019021201003789,KMCDB,33,35,26,818.00,"21,268.00"
2019-02-12,2019021201003788,KMCDB,33,35,10,824.00,"8,240.00"
2019-02-12,2019021201004096,KNBL,34,36,450,117.00,"52,650.00"
2019-02-12,2019021201004095,KNBL,41,36,50,117.00,"5,850.00"
2019-02-12,2019021201004087,KNBL,41,36,450,117.00,"52,650.00"
2019-02-12,2019021201004086,KNBL,38,36,50,118.00,"5,900.00"
2019-02-12,2019021201004104,KPCL,6,16,10,97.00,970.00
2019-02-12,2019021201004097,KSBBL,6,6,8,132.00,"1,056.00"
2019-02-12,2019021201004035,KSBBL,57,58,"1,500",134.00,"201,000.00"
2019-02-12,2019021201004034,KSBBL,6,58,92,134.00,"12,328.00"
2019-02-12,2019021201003891,KSBBL,32,32,10,134.00,"1,340.00"
2019-02-12,2019021201004082,LBBL,51,32,200,173.00,"34,600.00"
2019-02-12,2019021201003852,LBBL,17,17,290,173.00,"50,170.00"
2019-02-12,2019021201003842,LBBL,45,32,80,172.00,"13,760.00"
2019-02-12,2019021201003938,LBL,55,42,150,196.00,"29,400.00"
2019-02-12,2019021201004021,LGIL,43,11,10,516.00,"5,160.00"
2019-02-12,2019021201003778,LGIL,53,28,200,511.00,"102,200.00"
2019-02-12,2019021201003777,LGIL,6,28,100,512.00,"51,200.00"
2019-02-12,2019021201003669,LGIL,10,28,500,510.00,"255,000.00"
2019-02-12,2019021201003668,LGIL,46,28,200,510.00,"102,000.00"
2019-02-12,2019021201003667,LGIL,50,28,100,510.00,"51,000.00"
2019-02-12,2019021201003660,LGIL,45,28,34,512.00,"17,408.00"
2019-02-12,2019021201003666,LGIL,59,28,100,510.00,"51,000.00"
2019-02-12,2019021201003665,LGIL,5,28,70,510.00,"35,700.00"
2019-02-12,2019021201003664,LGIL,48,28,100,510.00,"51,000.00"
2019-02-12,2019021201003663,LGIL,35,28,10,510.00,"5,100.00"
2019-02-12,2019021201003662,LGIL,28,28,500,511.00,"255,500.00"
2019-02-12,2019021201003661,LGIL,39,28,100,511.00,"51,100.00"
2019-02-12,2019021201004048,LLBS,6,18,10,798.00,"7,980.00"
2019-02-12,2019021201003963,LLBS,6,18,10,783.00,"7,830.00"
2019-02-12,2019021201003691,LLBS,6,36,500,768.00,"384,000.00"
2019-02-12,2019021201003905,LVF1,50,21,"1,000",9.63,"9,630.00"
2019-02-12,2019021201004117,MBL,11,39,"1,000",209.00,"209,000.00"
2019-02-12,2019021201004064,MBL,44,39,"1,000",209.00,"209,000.00"
2019-02-12,2019021201003917,MBL,36,39,260,210.00,"54,600.00"
2019-02-12,2019021201003916,MBL,36,6,200,210.00,"42,000.00"
2019-02-12,2019021201003915,MBL,36,17,40,209.00,"8,360.00"
2019-02-12,2019021201003912,MBL,36,17,131,209.00,"27,379.00"
2019-02-12,2019021201003904,MBL,36,55,369,209.00,"77,121.00"
2019-02-12,2019021201003679,MBL,53,39,100,209.00,"20,900.00"
2019-02-12,2019021201003678,MBL,14,39,"2,400",209.00,"501,600.00"
2019-02-12,2019021201004061,MEGA,43,55,10,164.00,"1,640.00"
2019-02-12,2019021201004028,MEGA,42,43,20,163.00,"3,260.00"
2019-02-12,2019021201003976,MEGA,45,48,63,162.00,"10,206.00"
2019-02-12,2019021201003975,MEGA,55,48,150,162.00,"24,300.00"
2019-02-12,2019021201003974,MEGA,47,48,100,162.00,"16,200.00"
2019-02-12,2019021201003973,MEGA,34,48,100,162.00,"16,200.00"
2019-02-12,2019021201003865,MEGA,42,41,30,162.00,"4,860.00"
2019-02-12,2019021201003732,MEGA,35,43,100,163.00,"16,300.00"
2019-02-12,2019021201003695,MEGA,45,43,50,163.00,"8,150.00"
2019-02-12,2019021201003621,MEGA,56,43,100,163.00,"16,300.00"
2019-02-12,2019021201003972,MEGA,55,48,187,162.00,"30,294.00"
2019-02-12,2019021201003962,MEGA,1,43,80,163.00,"13,040.00"
2019-02-12,2019021201003961,MEGA,1,43,120,163.00,"19,560.00"
2019-02-12,2019021201003868,MEGA,55,41,813,162.00,"131,706.00"
2019-02-12,2019021201003867,MEGA,56,41,100,162.00,"16,200.00"
2019-02-12,2019021201003866,MEGA,43,41,"1,000",162.00,"162,000.00"
2019-02-12,2019021201003761,MERO,39,49,16,611.00,"9,776.00"
2019-02-12,2019021201003693,MERO,39,38,16,611.00,"9,776.00"
2019-02-12,2019021201004074,MLBL,46,50,"1,480",166.00,"245,680.00"
2019-02-12,2019021201004073,MLBL,6,50,20,166.00,"3,320.00"
2019-02-12,2019021201004057,MNBBL,51,58,300,340.00,"102,000.00"
2019-02-12,2019021201004056,MNBBL,38,58,200,340.00,"68,000.00"
2019-02-12,2019021201004055,MNBBL,16,58,230,340.00,"78,200.00"
2019-02-12,2019021201004054,MNBBL,40,58,50,340.00,"17,000.00"
2019-02-12,2019021201004053,MNBBL,14,58,100,340.00,"34,000.00"
2019-02-12,2019021201004052,MNBBL,43,58,200,340.00,"68,000.00"
2019-02-12,2019021201004051,MNBBL,29,58,742,340.00,"252,280.00"
2019-02-12,2019021201003952,MSMBS,19,34,39,540.00,"21,060.00"
2019-02-12,2019021201003907,MSMBS,19,49,11,540.00,"5,940.00"
2019-02-12,2019021201004077,NABIL,39,35,20,825.00,"16,500.00"
2019-02-12,2019021201004076,NABIL,55,35,30,825.00,"24,750.00"
2019-02-12,2019021201003897,NABIL,13,8,100,826.00,"82,600.00"
2019-02-12,2019021201003896,NABIL,13,6,40,826.00,"33,040.00"
2019-02-12,2019021201003699,NABIL,58,8,250,825.00,"206,250.00"
2019-02-12,2019021201003698,NABIL,46,8,30,825.00,"24,750.00"
2019-02-12,2019021201003764,NABILP,35,39,200,730.00,"146,000.00"
2019-02-12,2019021201003752,NABILP,43,3,250,733.00,"183,250.00"
2019-02-12,2019021201003808,NADEP,19,38,10,768.00,"7,680.00"
2019-02-12,2019021201003765,NADEP,19,49,10,768.00,"7,680.00"
2019-02-12,2019021201003657,NADEP,19,38,10,768.00,"7,680.00"
2019-02-12,2019021201004091,NBB,18,40,200,185.00,"37,000.00"
2019-02-12,2019021201003850,NBB,11,51,485,184.00,"89,240.00"
2019-02-12,2019021201003741,NBBL,8,51,201,710.00,"142,710.00"
2019-02-12,2019021201003681,NBL,13,22,200,287.00,"57,400.00"
2019-02-12,2019021201003629,NBL,39,22,200,287.00,"57,400.00"
2019-02-12,2019021201004093,NCCB,6,6,7,207.00,"1,449.00"
2019-02-12,2019021201004044,NCCB,58,52,850,207.00,"175,950.00"
2019-02-12,2019021201004043,NCCB,29,52,100,207.00,"20,700.00"
2019-02-12,2019021201004042,NCCB,26,52,50,207.00,"10,350.00"
2019-02-12,2019021201003999,NGPL,53,42,11,126.00,"1,386.00"
2019-02-12,2019021201003970,NGPL,47,35,22,127.00,"2,794.00"
2019-02-12,2019021201003911,NGPL,53,49,11,126.00,"1,386.00"
2019-02-12,2019021201003769,NGPL,53,49,11,126.00,"1,386.00"
2019-02-12,2019021201003740,NHPC,56,25,"2,000",64.00,"128,000.00"
2019-02-12,2019021201004070,NIB,17,42,14,516.00,"7,224.00"
2019-02-12,2019021201003989,NIB,58,35,74,517.00,"38,258.00"
2019-02-12,2019021201003964,NIB,17,38,19,516.00,"9,804.00"
2019-02-12,2019021201003941,NIB,17,44,37,516.00,"19,092.00"
2019-02-12,2019021201003921,NIB,17,49,23,516.00,"11,868.00"
2019-02-12,2019021201003888,NIB,22,13,100,517.00,"51,700.00"
2019-02-12,2019021201003887,NIB,45,13,91,517.00,"47,047.00"
2019-02-12,2019021201003813,NIB,45,38,37,517.00,"19,129.00"
2019-02-12,2019021201003772,NIB,45,49,33,517.00,"17,061.00"
2019-02-12,2019021201003969,NIBPO,28,11,120,480.00,"57,600.00"
2019-02-12,2019021201003968,NIBPO,28,47,105,480.00,"50,400.00"
2019-02-12,2019021201003951,NIBSF1,52,1,"5,000",9.29,"46,450.00"
2019-02-12,2019021201004108,NICA,34,10,472,386.00,"182,192.00"
2019-02-12,2019021201004107,NICA,26,10,28,386.00,"10,808.00"
2019-02-12,2019021201004083,NICA,26,7,400,386.00,"154,400.00"
2019-02-12,2019021201004008,NICA,26,14,72,386.00,"27,792.00"
2019-02-12,2019021201004003,NICA,36,57,30,387.00,"11,610.00"
2019-02-12,2019021201004094,NICL,52,37,100,378.00,"37,800.00"
2019-02-12,2019021201003821,NICL,43,25,68,378.00,"25,704.00"
2019-02-12,2019021201003820,NICL,43,21,130,378.00,"49,140.00"
2019-02-12,2019021201003819,NICL,43,1,50,377.00,"18,850.00"
2019-02-12,2019021201004113,NIL,42,45,151,518.00,"78,218.00"
2019-02-12,2019021201004063,NIL,37,38,165,515.00,"84,975.00"
2019-02-12,2019021201004062,NIL,37,22,235,514.00,"120,790.00"
2019-02-12,2019021201003987,NIL,50,22,65,514.00,"33,410.00"
2019-02-12,2019021201003685,NIL,6,22,200,514.00,"102,800.00"
2019-02-12,2019021201003857,NLBBL,41,11,75,465.00,"34,875.00"
2019-02-12,2019021201003954,NLIC,58,58,17,"1,025.00","17,425.00"
2019-02-12,2019021201003930,NLIC,17,49,17,"1,023.00","17,391.00"
2019-02-12,2019021201003920,NLIC,39,5,59,"1,030.00","60,770.00"
2019-02-12,2019021201003919,NLIC,39,7,50,"1,030.00","51,500.00"
2019-02-12,2019021201003918,NLIC,39,49,150,"1,030.00","154,500.00"
2019-02-12,2019021201003902,NLIC,39,49,50,"1,030.00","51,500.00"
2019-02-12,2019021201003898,NLIC,38,38,6,"1,023.00","6,138.00"
2019-02-12,2019021201003822,NLIC,56,38,11,"1,023.00","11,253.00"
2019-02-12,2019021201003803,NLIC,47,49,17,"1,022.00","17,374.00"
2019-02-12,2019021201003753,NLIC,42,8,200,"1,029.00","205,800.00"
2019-02-12,2019021201003735,NLIC,33,45,90,"1,027.00","92,430.00"
2019-02-12,2019021201004072,NLICL,43,41,10,645.00,"6,450.00"
2019-02-12,2019021201004109,NMB,4,14,"1,000",311.00,"311,000.00"
2019-02-12,2019021201004040,NMB,37,42,100,310.00,"31,000.00"
2019-02-12,2019021201004017,NMB,6,14,"1,000",311.00,"311,000.00"
2019-02-12,2019021201003971,NMB,37,35,115,310.00,"35,650.00"
2019-02-12,2019021201003856,NMB,33,14,575,311.00,"178,825.00"
2019-02-12,2019021201003689,NMB,43,14,100,311.00,"31,100.00"
2019-02-12,2019021201003639,NMBMF,58,50,20,"1,077.00","21,540.00"
2019-02-12,2019021201003638,NMBMF,58,1,15,"1,075.00","16,125.00"
2019-02-12,2019021201004001,NSEWA,26,49,10,604.00,"6,040.00"
2019-02-12,2019021201003967,NUBL,6,11,100,744.00,"74,400.00"
2019-02-12,2019021201003711,NUBL,28,11,200,743.00,"148,600.00"
2019-02-12,2019021201003651,NUBL,53,44,400,740.00,"296,000.00"
2019-02-12,2019021201003642,NUBL,53,44,100,740.00,"74,000.00"
2019-02-12,2019021201003641,NUBL,53,38,50,740.00,"37,000.00"
2019-02-12,2019021201003991,PCBL,6,34,500,315.00,"157,500.00"
2019-02-12,2019021201003670,PCBL,53,57,322,315.00,"101,430.00"
2019-02-12,2019021201003860,PFL,28,46,78,130.00,"10,140.00"
2019-02-12,2019021201003859,PFL,48,46,122,130.00,"15,860.00"
2019-02-12,2019021201003781,PIC,28,37,32,"1,024.00","32,768.00"
2019-02-12,2019021201003754,PIC,45,37,70,"1,025.00","71,750.00"
2019-02-12,2019021201003734,PIC,45,34,30,"1,025.00","30,750.00"
2019-02-12,2019021201003910,PLIC,54,20,190,450.00,"85,500.00"
2019-02-12,2019021201003787,PLIC,29,20,10,450.00,"4,500.00"
2019-02-12,2019021201003672,PLIC,29,17,500,450.00,"225,000.00"
2019-02-12,2019021201003960,PRIN,22,37,94,417.00,"39,198.00"
2019-02-12,2019021201003959,PRIN,42,37,30,417.00,"12,510.00"
2019-02-12,2019021201003958,PRIN,25,37,81,417.00,"33,777.00"
2019-02-12,2019021201003957,PRIN,4,37,70,418.00,"29,260.00"
2019-02-12,2019021201003682,PRIN,25,41,19,417.00,"7,923.00"
2019-02-12,2019021201003848,PRVU,57,28,20,236.00,"4,720.00"
2019-02-12,2019021201003847,PRVU,4,28,"1,660",236.00,"391,760.00"
2019-02-12,2019021201003751,PRVU,4,28,340,236.00,"80,240.00"
2019-02-12,2019021201003750,PRVU,28,28,60,237.00,"14,220.00"
2019-02-12,2019021201003746,PRVU,28,45,40,237.00,"9,480.00"
2019-02-12,2019021201003630,PURBL,58,59,200,152.00,"30,400.00"
2019-02-12,2019021201003939,RBCL,43,54,10,"9,100.00","91,000.00"
2019-02-12,2019021201003658,RBCLPO,59,28,10,"8,650.00","86,500.00"
2019-02-12,2019021201003992,RRHP,33,16,10,100.00,"1,000.00"
2019-02-12,2019021201003886,RSDC,7,58,50,384.00,"19,200.00"
2019-02-12,2019021201003797,RSDC,38,11,61,382.00,"23,302.00"
2019-02-12,2019021201003796,RSDC,32,11,100,382.00,"38,200.00"
2019-02-12,2019021201003795,RSDC,11,11,39,382.00,"14,898.00"
2019-02-12,2019021201003794,RSDC,44,11,50,383.00,"19,150.00"
2019-02-12,2019021201003791,RSDC,45,49,50,383.00,"19,150.00"
2019-02-12,2019021201003924,SADBL,22,35,109,137.00,"14,933.00"
2019-02-12,2019021201003923,SADBL,17,35,300,137.00,"41,100.00"
2019-02-12,2019021201003922,SADBL,44,35,19,137.00,"2,603.00"
2019-02-12,2019021201003851,SADBL,36,36,1,137.00,137.00
2019-02-12,2019021201003776,SAEF,47,51,"1,000",8.71,"8,710.00"
2019-02-12,2019021201003770,SAEF,47,51,"1,000",8.71,"8,710.00"
2019-02-12,2019021201004039,SANIMA,54,45,500,295.00,"147,500.00"
2019-02-12,2019021201004038,SANIMA,6,45,81,295.00,"23,895.00"
2019-02-12,2019021201004027,SANIMA,6,35,100,295.00,"29,500.00"
2019-02-12,2019021201003913,SANIMA,42,57,10,296.00,"2,960.00"
2019-02-12,2019021201003802,SANIMA,6,45,19,295.00,"5,605.00"
2019-02-12,2019021201003801,SANIMA,28,45,68,295.00,"20,060.00"
2019-02-12,2019021201003864,SBBLJ,33,45,500,202.00,"101,000.00"
2019-02-12,2019021201003758,SBBLJ,32,45,500,200.00,"100,000.00"
2019-02-12,2019021201003757,SBBLJ,19,45,250,200.00,"50,000.00"
2019-02-12,2019021201003756,SBBLJ,20,45,500,200.00,"100,000.00"
2019-02-12,2019021201003755,SBBLJ,46,45,14,201.00,"2,814.00"
2019-02-12,2019021201003775,SBI,19,26,50,381.00,"19,050.00"
2019-02-12,2019021201003728,SBI,6,59,248,380.00,"94,240.00"
2019-02-12,2019021201003727,SBI,6,33,194,380.00,"73,720.00"
2019-02-12,2019021201003726,SBI,6,33,321,380.00,"121,980.00"
2019-02-12,2019021201003706,SBI,53,59,50,380.00,"19,000.00"
2019-02-12,2019021201004103,SBL,6,53,543,281.00,"152,583.00"
2019-02-12,2019021201004102,SBL,6,25,34,281.00,"9,554.00"
2019-02-12,2019021201004101,SBL,6,57,273,281.00,"76,713.00"
2019-02-12,2019021201004100,SBL,6,14,100,281.00,"28,100.00"
2019-02-12,2019021201004099,SBL,6,32,490,281.00,"137,690.00"
2019-02-12,2019021201003680,SBL,6,42,122,280.00,"34,160.00"
2019-02-12,2019021201004065,SCB,25,35,40,547.00,"21,880.00"
2019-02-12,2019021201004037,SCB,25,38,10,547.00,"5,470.00"
2019-02-12,2019021201004036,SCB,38,38,10,547.00,"5,470.00"
2019-02-12,2019021201004026,SCB,35,37,200,547.00,"109,400.00"
2019-02-12,2019021201004025,SCB,32,37,100,547.00,"54,700.00"
2019-02-12,2019021201004024,SCB,1,37,25,547.00,"13,675.00"
2019-02-12,2019021201003815,SCB,22,19,100,548.00,"54,800.00"
2019-02-12,2019021201004023,SCB,43,37,30,547.00,"16,410.00"
2019-02-12,2019021201003986,SCB,43,44,20,547.00,"10,940.00"
2019-02-12,2019021201003943,SCB,43,49,10,547.00,"5,470.00"
2019-02-12,2019021201003942,SCB,51,49,10,548.00,"5,480.00"
2019-02-12,2019021201003853,SCB,25,19,200,548.00,"109,600.00"
2019-02-12,2019021201003849,SCB,43,38,20,547.00,"10,940.00"
2019-02-12,2019021201004111,SDESI,46,46,1,599.00,599.00
2019-02-12,2019021201004081,SDESI,45,45,3,590.00,"1,770.00"
2019-02-12,2019021201004045,SDESI,46,36,1,599.00,599.00
2019-02-12,2019021201004014,SDESI,46,36,1,599.00,599.00
2019-02-12,2019021201003993,SDESI,46,36,1,599.00,599.00
2019-02-12,2019021201003984,SDESI,46,36,1,599.00,599.00
2019-02-12,2019021201003715,SDESI,46,36,1,599.00,599.00
2019-02-12,2019021201003708,SDESI,46,36,1,599.00,599.00
2019-02-12,2019021201003871,SDESI,33,40,50,606.00,"30,300.00"
2019-02-12,2019021201003870,SDESI,17,40,100,607.00,"60,700.00"
2019-02-12,2019021201003862,SDESI,46,36,1,599.00,599.00
2019-02-12,2019021201003855,SDESI,46,36,1,599.00,599.00
2019-02-12,2019021201003774,SDESI,22,47,41,607.00,"24,887.00"
2019-02-12,2019021201003717,SDESI,46,36,1,599.00,599.00
2019-02-12,2019021201003877,SDESI,17,40,50,601.00,"30,050.00"
2019-02-12,2019021201003876,SDESI,22,40,100,603.00,"60,300.00"
2019-02-12,2019021201003875,SDESI,35,40,100,603.00,"60,300.00"
2019-02-12,2019021201003874,SDESI,45,40,50,603.00,"30,150.00"
2019-02-12,2019021201003873,SDESI,33,40,100,604.00,"60,400.00"
2019-02-12,2019021201003872,SDESI,51,40,15,605.00,"9,075.00"
2019-02-12,2019021201003883,SDESI,43,40,385,600.00,"231,000.00"
2019-02-12,2019021201003882,SDESI,21,40,100,600.00,"60,000.00"
2019-02-12,2019021201003881,SDESI,39,40,100,600.00,"60,000.00"
2019-02-12,2019021201003880,SDESI,17,40,100,601.00,"60,100.00"
2019-02-12,2019021201003879,SDESI,33,40,50,601.00,"30,050.00"
2019-02-12,2019021201003878,SDESI,38,40,200,601.00,"120,200.00"
2019-02-12,2019021201003950,SDESI,46,36,1,599.00,599.00
2019-02-12,2019021201003940,SDESI,46,36,1,599.00,599.00
2019-02-12,2019021201003925,SDESI,46,36,1,599.00,599.00
2019-02-12,2019021201003914,SDESI,46,40,1,599.00,599.00
2019-02-12,2019021201003900,SDESI,46,36,1,599.00,599.00
2019-02-12,2019021201003884,SDESI,46,36,1,599.00,599.00
2019-02-12,2019021201003805,SEF,51,42,"1,000",9.20,"9,200.00"
2019-02-12,2019021201004012,SHL,16,58,200,205.00,"41,000.00"
2019-02-12,2019021201003809,SHPC,25,57,74,220.00,"16,280.00"
2019-02-12,2019021201003799,SHPC,22,38,19,219.00,"4,161.00"
2019-02-12,2019021201003635,SHPC,22,38,70,219.00,"15,330.00"
2019-02-12,2019021201003620,SHPC,22,38,19,219.00,"4,161.00"
2019-02-12,2019021201004050,SIC,42,40,25,"1,278.00","31,950.00"
2019-02-12,2019021201003744,SICL,42,36,237,877.00,"207,849.00"
2019-02-12,2019021201003749,SIFC,43,1,500,134.00,"67,000.00"
2019-02-12,2019021201004090,SIL,56,22,175,614.00,"107,450.00"
2019-02-12,2019021201004089,SIL,56,11,118,613.00,"72,334.00"
2019-02-12,2019021201004088,SIL,56,20,108,612.00,"66,096.00"
2019-02-12,2019021201004075,SIL,25,20,50,612.00,"30,600.00"
2019-02-12,2019021201003846,SIL,56,10,84,609.00,"51,156.00"
2019-02-12,2019021201004119,SLBSL,33,6,10,804.00,"8,040.00"
2019-02-12,2019021201004059,SLBSL,32,6,10,804.00,"8,040.00"
2019-02-12,2019021201003988,SLBSL,32,59,10,804.00,"8,040.00"
2019-02-12,2019021201003956,SLBSL,52,22,10,804.00,"8,040.00"
2019-02-12,2019021201003955,SLBSL,5,22,20,805.00,"16,100.00"
2019-02-12,2019021201003931,SLBSL,42,42,10,805.00,"8,050.00"
2019-02-12,2019021201003640,SLBSL,42,18,10,805.00,"8,050.00"
2019-02-12,2019021201003927,SLBSL,42,55,70,805.00,"56,350.00"
2019-02-12,2019021201003909,SLBSL,19,45,10,806.00,"8,060.00"
2019-02-12,2019021201003843,SLBSL,42,48,10,805.00,"8,050.00"
2019-02-12,2019021201003823,SLBSL,42,53,10,805.00,"8,050.00"
2019-02-12,2019021201003792,SLBSL,42,19,10,805.00,"8,050.00"
2019-02-12,2019021201003714,SLBSL,42,33,10,805.00,"8,050.00"
2019-02-12,2019021201003901,SMATA,22,47,81,"1,301.00","105,381.00"
2019-02-12,2019021201003710,SMB,42,47,100,681.00,"68,100.00"
2019-02-12,2019021201004047,SPDL,42,38,15,89.00,"1,335.00"
2019-02-12,2019021201004018,SPDL,58,5,15,90.00,"1,350.00"
2019-02-12,2019021201004006,SPDL,42,58,15,89.00,"1,335.00"
2019-02-12,2019021201003977,SPDL,42,38,15,89.00,"1,335.00"
2019-02-12,2019021201003845,SPDL,42,38,20,89.00,"1,780.00"
2019-02-12,2019021201003697,SPDL,42,38,15,89.00,"1,335.00"
2019-02-12,2019021201003985,SRBL,4,4,"24,150",208.00,"5,023,200.00"
2019-02-12,2019021201003953,SRBL,4,43,125,208.00,"26,000.00"
2019-02-12,2019021201003814,TRH,28,56,10,243.00,"2,430.00"
2019-02-12,2019021201003937,UIC,43,21,200,777.00,"155,400.00"
2019-02-12,2019021201003760,UMHL,19,37,100,115.00,"11,500.00"
2019-02-12,2019021201004092,UPPER,33,42,40,231.00,"9,240.00"
2019-02-12,2019021201004071,UPPER,33,58,40,231.00,"9,240.00"
2019-02-12,2019021201004066,UPPER,33,42,40,231.00,"9,240.00"
2019-02-12,2019021201004060,UPPER,33,42,50,231.00,"11,550.00"
2019-02-12,2019021201003624,UPPER,40,51,40,231.00,"9,240.00"
2019-02-12,2019021201003623,UPPER,40,29,20,231.00,"4,620.00"
2019-02-12,2019021201003622,UPPER,40,7,40,231.00,"9,240.00"
2019-02-12,2019021201003632,UPPER,40,7,10,231.00,"2,310.00"
2019-02-12,2019021201003631,UPPER,40,7,20,231.00,"4,620.00"
2019-02-12,2019021201003628,UPPER,40,33,40,231.00,"9,240.00"
2019-02-12,2019021201003627,UPPER,40,7,50,231.00,"11,550.00"
2019-02-12,2019021201003626,UPPER,40,7,40,231.00,"9,240.00"
2019-02-12,2019021201003625,UPPER,40,7,50,231.00,"11,550.00"
2019-02-12,2019021201003644,UPPER,7,11,40,231.00,"9,240.00"
2019-02-12,2019021201003643,UPPER,7,51,50,231.00,"11,550.00"
2019-02-12,2019021201003637,UPPER,7,39,40,231.00,"9,240.00"
2019-02-12,2019021201003636,UPPER,56,56,40,232.00,"9,280.00"
2019-02-12,2019021201003634,UPPER,7,7,40,231.00,"9,240.00"
2019-02-12,2019021201003633,UPPER,7,7,20,231.00,"4,620.00"
2019-02-12,2019021201003675,UPPER,7,11,40,231.00,"9,240.00"
2019-02-12,2019021201003674,UPPER,7,51,50,231.00,"11,550.00"
2019-02-12,2019021201003673,UPPER,7,39,50,231.00,"11,550.00"
2019-02-12,2019021201003659,UPPER,7,38,50,231.00,"11,550.00"
2019-02-12,2019021201003656,UPPER,7,39,40,231.00,"9,240.00"
2019-02-12,2019021201003653,UPPER,7,39,40,231.00,"9,240.00"
2019-02-12,2019021201003719,UPPER,45,53,50,232.00,"11,600.00"
2019-02-12,2019021201003718,UPPER,45,56,10,232.00,"2,320.00"
2019-02-12,2019021201003707,UPPER,7,38,40,231.00,"9,240.00"
2019-02-12,2019021201003692,UPPER,7,1,40,231.00,"9,240.00"
2019-02-12,2019021201003686,UPPER,7,11,40,231.00,"9,240.00"
2019-02-12,2019021201003684,UPPER,7,29,50,231.00,"11,550.00"
2019-02-12,2019021201003729,UPPER,7,32,197,231.00,"45,507.00"
2019-02-12,2019021201003724,UPPER,45,42,103,232.00,"23,896.00"
2019-02-12,2019021201003723,UPPER,45,42,40,232.00,"9,280.00"
2019-02-12,2019021201003722,UPPER,45,56,50,232.00,"11,600.00"
2019-02-12,2019021201003721,UPPER,45,37,122,232.00,"28,304.00"
2019-02-12,2019021201003720,UPPER,45,45,50,232.00,"11,600.00"
2019-02-12,2019021201003759,UPPER,35,42,10,232.00,"2,320.00"
2019-02-12,2019021201003745,UPPER,48,42,50,231.00,"11,550.00"
2019-02-12,2019021201003738,UPPER,48,52,309,231.00,"71,379.00"
2019-02-12,2019021201003737,UPPER,39,52,240,231.00,"55,440.00"
2019-02-12,2019021201003736,UPPER,7,52,393,231.00,"90,783.00"
2019-02-12,2019021201003733,UPPER,7,1,40,231.00,"9,240.00"
2019-02-12,2019021201003858,UPPER,33,38,50,230.00,"11,500.00"
2019-02-12,2019021201003807,UPPER,48,1,11,231.00,"2,541.00"
2019-02-12,2019021201003806,UPPER,48,49,40,231.00,"9,240.00"
2019-02-12,2019021201003793,UPPER,48,1,50,231.00,"11,550.00"
2019-02-12,2019021201003773,UPPER,53,42,50,232.00,"11,600.00"
2019-02-12,2019021201003763,UPPER,48,29,40,231.00,"9,240.00"
2019-02-12,2019021201003981,UPPER,40,51,61,231.00,"14,091.00"
2019-02-12,2019021201003980,UPPER,40,1,39,231.00,"9,009.00"
2019-02-12,2019021201003948,UPPER,33,49,40,230.00,"9,200.00"
2019-02-12,2019021201003947,UPPER,33,51,40,230.00,"9,200.00"
2019-02-12,2019021201004029,UPPER,40,51,10,231.00,"2,310.00"
2019-02-12,2019021201004011,UPPER,26,51,10,231.00,"2,310.00"
2019-02-12,2019021201004009,UPPER,40,51,40,231.00,"9,240.00"
2019-02-12,2019021201004002,UPPER,33,45,40,230.00,"9,200.00"
2019-02-12,2019021201003990,UPPER,33,45,40,230.00,"9,200.00"
2019-02-12,2019021201003982,UPPER,33,38,40,230.00,"9,200.00"
2019-02-12,2019021201004058,UPPER,33,38,40,231.00,"9,240.00"
2019-02-12,2019021201004049,UPPER,40,42,11,232.00,"2,552.00"
2019-02-12,2019021201004033,UPPER,33,42,50,231.00,"11,550.00"
2019-02-12,2019021201004032,UPPER,33,14,150,231.00,"34,650.00"
2019-02-12,2019021201004031,UPPER,33,42,293,231.00,"67,683.00"
2019-02-12,2019021201004030,UPPER,33,51,879,231.00,"203,049.00"
2019-02-12,2019021201003713,VLBS,36,56,12,696.00,"8,352.00"
2019-02-12,2019021201003712,VLBS,36,56,12,696.00,"8,352.00"
2019-02-12,2019021201004020,WOMI,21,10,33,"1,121.00","36,993.00"
2019-02-12,2019021201003841,WOMI,47,21,25,"1,125.00","28,125.00"
2019-02-12,2019021201003818,WOMI,48,47,15,"1,121.00","16,815.00"
2019-02-12,2019021201003817,WOMI,47,47,10,"1,125.00","11,250.00"
2019-02-12,2019021201003730,WOMI,33,20,10,"1,130.00","11,300.00"
2019-02-12,2019021201003310,ADBL,14,8,990,330.00,"326,700.00"
2019-02-12,2019021201003309,ADBL,32,8,100,330.00,"33,000.00"
2019-02-12,2019021201003308,ADBL,8,8,100,330.00,"33,000.00"
2019-02-12,2019021201003307,ADBL,19,8,100,330.00,"33,000.00"
2019-02-12,2019021201003306,ADBL,19,8,220,330.00,"72,600.00"
2019-02-12,2019021201003296,AHPC,55,1,200,100.00,"20,000.00"
2019-02-12,2019021201003429,AKJCL,38,38,10,84.00,840.00
2019-02-12,2019021201003297,AKJCL,42,38,10,83.00,830.00
2019-02-12,2019021201003247,AKJCL,38,38,10,84.00,840.00
2019-02-12,2019021201003259,ALICL,13,39,50,586.00,"29,300.00"
2019-02-12,2019021201003161,ALICL,44,58,215,585.00,"125,775.00"
2019-02-12,2019021201003160,ALICL,44,25,100,584.00,"58,400.00"
2019-02-12,2019021201003145,ALICL,13,50,26,580.00,"15,080.00"
2019-02-12,2019021201003144,ALICL,28,50,50,580.00,"29,000.00"
2019-02-12,2019021201003520,BHBL,4,1,220,142.00,"31,240.00"
2019-02-12,2019021201003433,BNT,42,55,10,"6,688.00","66,880.00"
2019-02-12,2019021201003342,BOKL,11,55,92,238.00,"21,896.00"
2019-02-12,2019021201003239,BOKL,11,38,408,238.00,"97,104.00"
2019-02-12,2019021201003169,BOKL,45,38,200,238.00,"47,600.00"
2019-02-12,2019021201003617,BPCL,29,16,30,349.00,"10,470.00"
2019-02-12,2019021201003508,BPCL,5,44,20,350.00,"7,000.00"
2019-02-12,2019021201003507,BPCL,5,44,10,350.00,"3,500.00"
2019-02-12,2019021201003431,CBBL,5,37,63,882.00,"55,566.00"
2019-02-12,2019021201003336,CBBL,19,34,45,878.00,"39,510.00"
2019-02-12,2019021201003335,CBBL,40,34,30,878.00,"26,340.00"
2019-02-12,2019021201003334,CBBL,26,34,20,878.00,"17,560.00"
2019-02-12,2019021201003199,CBL,39,28,100,153.00,"15,300.00"
2019-02-12,2019021201003513,CCBL,42,5,40,162.00,"6,480.00"
2019-02-12,2019021201003354,CCBL,32,41,80,162.00,"12,960.00"
2019-02-12,2019021201003133,CCBL,6,22,600,162.00,"97,200.00"
2019-02-12,2019021201003132,CCBL,6,26,109,162.00,"17,658.00"
2019-02-12,2019021201003351,CFCL,25,52,140,111.00,"15,540.00"
2019-02-12,2019021201003333,CHCL,25,51,42,508.00,"21,336.00"
2019-02-12,2019021201003213,CHCL,6,19,53,506.00,"26,818.00"
2019-02-12,2019021201003489,CIT,4,6,134,"2,629.00","352,286.00"
2019-02-12,2019021201003488,CIT,39,6,30,"2,630.00","78,900.00"
2019-02-12,2019021201003487,CIT,10,6,86,"2,631.00","226,266.00"
2019-02-12,2019021201003483,CIT,10,35,14,"2,631.00","36,834.00"
2019-02-12,2019021201003156,CIT,32,1,18,"2,626.00","47,268.00"
2019-02-12,2019021201003348,CORBL,20,58,120,94.00,"11,280.00"
2019-02-12,2019021201003347,CORBL,43,58,50,94.00,"4,700.00"
2019-02-12,2019021201003176,CZBIL,22,41,20,205.00,"4,100.00"
2019-02-12,2019021201003163,CZBIL,6,6,200,204.00,"40,800.00"
2019-02-12,2019021201003162,CZBIL,22,6,500,204.00,"102,000.00"
2019-02-12,2019021201003173,DBBL,14,6,90,124.00,"11,160.00"
2019-02-12,2019021201003423,DDBL,39,6,97,571.00,"55,387.00"
2019-02-12,2019021201003422,DDBL,39,6,23,571.00,"13,133.00"
2019-02-12,2019021201003421,DDBL,43,6,100,572.00,"57,200.00"
2019-02-12,2019021201003420,DDBL,26,6,100,573.00,"57,300.00"
2019-02-12,2019021201003419,DDBL,21,6,10,573.00,"5,730.00"
2019-02-12,2019021201003418,DDBL,42,6,70,575.00,"40,250.00"
2019-02-12,2019021201003178,DDBL,19,28,50,577.00,"28,850.00"
2019-02-12,2019021201003539,EBL,57,35,78,512.00,"39,936.00"
2019-02-12,2019021201003613,EIC,41,38,69,816.00,"56,304.00"
2019-02-12,2019021201003612,EIC,41,43,149,815.00,"121,435.00"
2019-02-12,2019021201003571,EIC,55,43,15,815.00,"12,225.00"
2019-02-12,2019021201003439,FMDBL,45,33,50,366.00,"18,300.00"
2019-02-12,2019021201003237,FOWAD,38,22,19,"1,560.00","29,640.00"
2019-02-12,2019021201003236,FOWAD,38,41,10,"1,559.00","15,590.00"
2019-02-12,2019021201003232,FOWAD,38,38,15,"1,555.00","23,325.00"
2019-02-12,2019021201003257,GBBL,28,42,375,182.00,"68,250.00"
2019-02-12,2019021201003572,GBIME,35,35,115,262.00,"30,130.00"
2019-02-12,2019021201003506,GBIME,35,1,83,262.00,"21,746.00"
2019-02-12,2019021201003505,GBIME,49,1,107,262.00,"28,034.00"
2019-02-12,2019021201003408,GBIME,49,14,93,262.00,"24,366.00"
2019-02-12,2019021201003339,GBIME,35,56,30,263.00,"7,890.00"
2019-02-12,2019021201003284,GBIME,43,55,300,262.00,"78,600.00"
2019-02-12,2019021201003283,GBIME,43,43,480,262.00,"125,760.00"
2019-02-12,2019021201003560,GBLBS,28,38,290,435.00,"126,150.00"
2019-02-12,2019021201003559,GBLBS,28,45,10,435.00,"4,350.00"
2019-02-12,2019021201003534,GBLBS,33,46,10,434.00,"4,340.00"
2019-02-12,2019021201003533,GBLBS,33,42,200,434.00,"86,800.00"
2019-02-12,2019021201003181,GDBL,42,32,"1,000",179.00,"179,000.00"
2019-02-12,2019021201003183,GDBL,32,32,176,179.00,"31,504.00"
2019-02-12,2019021201003182,GDBL,6,32,100,179.00,"17,900.00"
2019-02-12,2019021201003246,GILB,34,37,13,"1,121.00","14,573.00"
2019-02-12,2019021201003245,GILB,25,37,10,"1,142.00","11,420.00"
2019-02-12,2019021201003244,GILB,34,37,17,"1,142.00","19,414.00"
2019-02-12,2019021201003243,GILB,58,37,10,"1,145.00","11,450.00"
2019-02-12,2019021201003519,GRDBL,43,5,55,103.00,"5,665.00"
2019-02-12,2019021201003126,HGI,29,41,350,381.00,"133,350.00"
2019-02-12,2019021201003125,HGI,29,39,50,380.00,"19,000.00"
2019-02-12,2019021201003580,HIDCL,39,33,228,135.00,"30,780.00"
2019-02-12,2019021201003579,HIDCL,52,33,58,135.00,"7,830.00"
2019-02-12,2019021201003451,HIDCL,8,45,10,137.00,"1,370.00"
2019-02-12,2019021201003414,HIDCL,52,44,42,135.00,"5,670.00"
2019-02-12,2019021201003413,HIDCL,45,44,14,135.00,"1,890.00"
2019-02-12,2019021201003404,HIDCL,45,44,56,135.00,"7,560.00"
2019-02-12,2019021201003218,HIDCL,1,33,254,135.00,"34,290.00"
2019-02-12,2019021201003211,HIDCL,1,33,286,135.00,"38,610.00"
2019-02-12,2019021201003137,HIDCL,38,38,100,136.00,"13,600.00"
2019-02-12,2019021201003383,HIDCL,45,44,56,135.00,"7,560.00"
2019-02-12,2019021201003360,HIDCL,50,16,"1,000",136.00,"136,000.00"
2019-02-12,2019021201003359,HIDCL,50,38,"1,103",136.00,"150,008.00"
2019-02-12,2019021201003290,HIDCL,45,44,56,135.00,"7,560.00"
2019-02-12,2019021201003225,HIDCL,45,33,286,135.00,"38,610.00"
2019-02-12,2019021201003219,HIDCL,45,33,32,135.00,"4,320.00"
2019-02-12,2019021201003432,HPPL,22,59,10,175.00,"1,750.00"
2019-02-12,2019021201003322,IGI,28,41,300,420.00,"126,000.00"
2019-02-12,2019021201003317,IGI,28,41,200,420.00,"84,000.00"
2019-02-12,2019021201003368,JBBL,8,32,300,136.00,"40,800.00"
2019-02-12,2019021201003403,JBNL,52,45,100,166.00,"16,600.00"
2019-02-12,2019021201003402,JBNL,51,45,500,166.00,"83,000.00"
2019-02-12,2019021201003401,JBNL,13,45,100,166.00,"16,600.00"
2019-02-12,2019021201003400,JBNL,33,45,150,166.00,"24,900.00"
2019-02-12,2019021201003399,JBNL,49,45,50,166.00,"8,300.00"
2019-02-12,2019021201003398,JBNL,17,45,375,166.00,"62,250.00"
2019-02-12,2019021201003128,JBNL,22,59,96,167.00,"16,032.00"
2019-02-12,2019021201003127,JBNL,29,59,204,167.00,"34,068.00"
2019-02-12,2019021201003155,JEFL,32,1,100,139.00,"13,900.00"
2019-02-12,2019021201003154,JEFL,32,1,100,139.00,"13,900.00"
2019-02-12,2019021201003345,KBL,13,33,412,237.00,"97,644.00"
2019-02-12,2019021201003344,KBL,13,45,200,237.00,"47,400.00"
2019-02-12,2019021201003343,KBL,13,45,220,236.00,"51,920.00"
2019-02-12,2019021201003455,KKHC,38,38,16,87.00,"1,392.00"
2019-02-12,2019021201003212,KKHC,38,38,16,88.00,"1,408.00"
2019-02-12,2019021201003321,KMFL,17,48,50,951.00,"47,550.00"
2019-02-12,2019021201003379,KNBL,38,14,400,118.00,"47,200.00"
2019-02-12,2019021201003134,KPCL,39,16,10,94.00,940.00
2019-02-12,2019021201003123,KPCL,39,16,10,94.00,940.00
2019-02-12,2019021201003150,KPCL,39,16,10,94.00,940.00
2019-02-12,2019021201003142,KPCL,39,16,10,94.00,940.00
2019-02-12,2019021201003170,KPCL,39,16,10,93.00,930.00
2019-02-12,2019021201003157,KPCL,39,16,10,94.00,940.00
2019-02-12,2019021201003187,KPCL,58,16,10,94.00,940.00
2019-02-12,2019021201003180,KPCL,39,16,10,93.00,930.00
2019-02-12,2019021201003174,KPCL,39,16,10,93.00,930.00
2019-02-12,2019021201003214,KPCL,58,36,10,94.00,940.00
2019-02-12,2019021201003191,KPCL,58,16,10,94.00,940.00
2019-02-12,2019021201003207,KSBBL,32,58,482,134.00,"64,588.00"
2019-02-12,2019021201003206,KSBBL,17,58,57,134.00,"7,638.00"
2019-02-12,2019021201003205,KSBBL,41,58,100,134.00,"13,400.00"
2019-02-12,2019021201003204,KSBBL,28,58,500,134.00,"67,000.00"
2019-02-12,2019021201003203,KSBBL,17,58,71,134.00,"9,514.00"
2019-02-12,2019021201003202,KSBBL,48,58,200,134.00,"26,800.00"
2019-02-12,2019021201003201,KSBBL,43,58,90,134.00,"12,060.00"
2019-02-12,2019021201003588,LBBL,35,17,60,173.00,"10,380.00"
2019-02-12,2019021201003325,LBBL,26,28,"1,900",172.00,"326,800.00"
2019-02-12,2019021201003295,LBBL,47,28,100,172.00,"17,200.00"
2019-02-12,2019021201003502,LBL,51,42,10,196.00,"1,960.00"
2019-02-12,2019021201003382,LBL,56,21,18,195.00,"3,510.00"
2019-02-12,2019021201003381,LBL,56,21,88,195.00,"17,160.00"
2019-02-12,2019021201003380,LBL,56,21,167,195.00,"32,565.00"
2019-02-12,2019021201003235,LGIL,29,39,60,515.00,"30,900.00"
2019-02-12,2019021201003611,LICN,19,25,30,"1,669.00","50,070.00"
2019-02-12,2019021201003570,LICN,4,25,10,"1,669.00","16,690.00"
2019-02-12,2019021201003525,LICN,40,14,20,"1,656.00","33,120.00"
2019-02-12,2019021201003594,MBL,14,4,600,209.00,"125,400.00"
2019-02-12,2019021201003538,MBL,11,56,"1,000",209.00,"209,000.00"
2019-02-12,2019021201003417,MBL,25,17,800,209.00,"167,200.00"
2019-02-12,2019021201003367,MBL,37,38,"2,673",208.00,"555,984.00"
2019-02-12,2019021201003291,MBL,37,56,150,208.00,"31,200.00"
2019-02-12,2019021201003229,MBL,21,56,500,208.00,"104,000.00"
2019-02-12,2019021201003228,MBL,8,56,"1,850",208.00,"384,800.00"
2019-02-12,2019021201003179,MBL,45,17,200,209.00,"41,800.00"
2019-02-12,2019021201003149,MBL,8,49,150,208.00,"31,200.00"
2019-02-12,2019021201003148,MBL,37,49,100,208.00,"20,800.00"
2019-02-12,2019021201003147,MBL,49,49,100,208.00,"20,800.00"
2019-02-12,2019021201003146,MBL,11,49,875,208.00,"182,000.00"
2019-02-12,2019021201003341,MEGA,37,58,100,162.00,"16,200.00"
2019-02-12,2019021201003340,MEGA,45,58,109,162.00,"17,658.00"
2019-02-12,2019021201003303,MEGA,57,43,100,163.00,"16,300.00"
2019-02-12,2019021201003184,MEGA,5,43,20,163.00,"3,260.00"
2019-02-12,2019021201003129,MEGA,45,45,20,162.00,"3,240.00"
2019-02-12,2019021201003362,MERO,11,51,25,615.00,"15,375.00"
2019-02-12,2019021201003285,MERO,43,51,175,615.00,"107,625.00"
2019-02-12,2019021201003546,MLBL,33,49,220,166.00,"36,520.00"
2019-02-12,2019021201003521,MLBL,47,49,250,166.00,"41,500.00"
2019-02-12,2019021201003332,MLBL,26,49,100,166.00,"16,600.00"
2019-02-12,2019021201003331,MLBL,26,49,200,166.00,"33,200.00"
2019-02-12,2019021201003330,MLBL,13,49,100,166.00,"16,600.00"
2019-02-12,2019021201003329,MLBL,26,49,330,166.00,"54,780.00"
2019-02-12,2019021201003328,MLBL,48,49,100,166.00,"16,600.00"
2019-02-12,2019021201003327,MLBL,29,49,100,166.00,"16,600.00"
2019-02-12,2019021201003326,MLBL,35,49,100,167.00,"16,700.00"
2019-02-12,2019021201003524,MNBBL,51,32,200,342.00,"68,400.00"
2019-02-12,2019021201003288,MNBBL,32,32,15,342.00,"5,130.00"
2019-02-12,2019021201003265,MNBBL,16,41,300,341.00,"102,300.00"
2019-02-12,2019021201003394,MSMBS,21,34,100,539.00,"53,900.00"
2019-02-12,2019021201003393,MSMBS,43,34,50,540.00,"27,000.00"
2019-02-12,2019021201003486,NABIL,51,6,10,826.00,"8,260.00"
2019-02-12,2019021201003463,NABIL,49,8,50,825.00,"41,250.00"
2019-02-12,2019021201003462,NABIL,45,8,100,825.00,"82,500.00"
2019-02-12,2019021201003227,NADEP,40,40,10,769.00,"7,690.00"
2019-02-12,2019021201003195,NADEP,38,38,10,769.00,"7,690.00"
2019-02-12,2019021201003253,NBB,48,48,"1,468",184.00,"270,112.00"
2019-02-12,2019021201003252,NBB,48,22,10,184.00,"1,840.00"
2019-02-12,2019021201003220,NBL,25,17,500,286.00,"143,000.00"
2019-02-12,2019021201003528,NCCB,51,41,100,207.00,"20,700.00"
2019-02-12,2019021201003511,NCCB,51,59,900,207.00,"186,300.00"
2019-02-12,2019021201003480,NCCB,50,59,100,207.00,"20,700.00"
2019-02-12,2019021201003416,NCCB,38,38,9,206.00,"1,854.00"
2019-02-12,2019021201003392,NCCB,44,44,805,206.00,"165,830.00"
2019-02-12,2019021201003391,NCCB,19,44,485,207.00,"100,395.00"
2019-02-12,2019021201003159,NCCB,45,49,50,208.00,"10,400.00"
2019-02-12,2019021201003141,NCCB,16,49,50,208.00,"10,400.00"
2019-02-12,2019021201003140,NCCB,50,49,50,208.00,"10,400.00"
2019-02-12,2019021201003270,NCCB,58,54,"3,000",207.00,"621,000.00"
2019-02-12,2019021201003269,NCCB,6,54,808,207.00,"167,256.00"
2019-02-12,2019021201003234,NCCB,6,32,192,207.00,"39,744.00"
2019-02-12,2019021201003233,NCCB,25,32,818,207.00,"169,326.00"
2019-02-12,2019021201003209,NCCB,26,26,8,207.00,"1,656.00"
2019-02-12,2019021201003164,NCCB,34,49,250,208.00,"52,000.00"
2019-02-12,2019021201003276,NCCB,46,54,160,207.00,"33,120.00"
2019-02-12,2019021201003275,NCCB,26,54,100,207.00,"20,700.00"
2019-02-12,2019021201003274,NCCB,39,54,100,207.00,"20,700.00"
2019-02-12,2019021201003273,NCCB,40,54,500,207.00,"103,500.00"
2019-02-12,2019021201003272,NCCB,13,54,600,207.00,"124,200.00"
2019-02-12,2019021201003271,NCCB,47,54,100,207.00,"20,700.00"
2019-02-12,2019021201003355,NCCB,34,28,100,207.00,"20,700.00"
2019-02-12,2019021201003281,NCCB,34,54,322,207.00,"66,654.00"
2019-02-12,2019021201003280,NCCB,33,54,"1,000",207.00,"207,000.00"
2019-02-12,2019021201003279,NCCB,21,54,60,207.00,"12,420.00"
2019-02-12,2019021201003278,NCCB,6,54,250,207.00,"51,750.00"
2019-02-12,2019021201003277,NCCB,32,54,"1,000",207.00,"207,000.00"
2019-02-12,2019021201003390,NCCB,42,44,60,207.00,"12,420.00"
2019-02-12,2019021201003389,NCCB,42,44,10,207.00,"2,070.00"
2019-02-12,2019021201003388,NCCB,46,44,100,207.00,"20,700.00"
2019-02-12,2019021201003387,NCCB,5,44,62,207.00,"12,834.00"
2019-02-12,2019021201003386,NCCB,32,44,"1,000",207.00,"207,000.00"
2019-02-12,2019021201003385,NCCB,34,44,78,207.00,"16,146.00"
2019-02-12,2019021201003464,NGPL,38,38,11,126.00,"1,386.00"
2019-02-12,2019021201003366,NHPC,28,25,"1,000",64.00,"64,000.00"
2019-02-12,2019021201003365,NHPC,28,32,"1,000",64.00,"64,000.00"
2019-02-12,2019021201003598,NIB,45,42,10,517.00,"5,170.00"
2019-02-12,2019021201003476,NIB,38,38,37,517.00,"19,129.00"
2019-02-12,2019021201003459,NIB,45,16,30,516.00,"15,480.00"
2019-02-12,2019021201003458,NIB,32,50,145,518.00,"75,110.00"
2019-02-12,2019021201003412,NIB,32,22,55,518.00,"28,490.00"
2019-02-12,2019021201003407,NIB,55,6,48,517.00,"24,816.00"
2019-02-12,2019021201003251,NIB,17,39,65,517.00,"33,605.00"
2019-02-12,2019021201003250,NIB,17,34,106,517.00,"54,802.00"
2019-02-12,2019021201003249,NIB,17,53,13,517.00,"6,721.00"
2019-02-12,2019021201003248,NIB,17,13,38,517.00,"19,646.00"
2019-02-12,2019021201003582,NICA,35,57,50,387.00,"19,350.00"
2019-02-12,2019021201003558,NICA,34,57,50,387.00,"19,350.00"
2019-02-12,2019021201003512,NICL,45,40,490,376.00,"184,240.00"
2019-02-12,2019021201003352,NICL,44,37,100,375.00,"37,500.00"
2019-02-12,2019021201003302,NICL,46,40,10,377.00,"3,770.00"
2019-02-12,2019021201003224,NICL,43,21,15,374.00,"5,610.00"
2019-02-12,2019021201003192,NICL,13,1,261,375.00,"97,875.00"
2019-02-12,2019021201003597,NIL,45,41,265,512.00,"135,680.00"
2019-02-12,2019021201003596,NIL,48,41,10,512.00,"5,120.00"
2019-02-12,2019021201003574,NLBBL,49,43,50,460.00,"23,000.00"
2019-02-12,2019021201003377,NLBBL,6,41,50,457.00,"22,850.00"
2019-02-12,2019021201003589,NLG,25,42,10,817.00,"8,170.00"
2019-02-12,2019021201003603,NLIC,34,49,200,"1,026.00","205,200.00"
2019-02-12,2019021201003602,NLIC,34,48,10,"1,026.00","10,260.00"
2019-02-12,2019021201003601,NLIC,34,11,51,"1,025.00","52,275.00"
2019-02-12,2019021201003600,NLIC,34,4,97,"1,024.00","99,328.00"
2019-02-12,2019021201003590,NLIC,56,42,10,"1,023.00","10,230.00"
2019-02-12,2019021201003485,NLIC,42,4,100,"1,024.00","102,400.00"
2019-02-12,2019021201003266,NLIC,47,59,17,"1,022.00","17,374.00"
2019-02-12,2019021201003138,NLIC,48,48,31,"1,021.00","31,651.00"
2019-02-12,2019021201003531,NLICL,25,33,170,640.00,"108,800.00"
2019-02-12,2019021201003530,NLICL,25,17,116,640.00,"74,240.00"
2019-02-12,2019021201003522,NLICL,35,17,100,640.00,"64,000.00"
2019-02-12,2019021201003430,NLICL,59,17,10,640.00,"6,400.00"
2019-02-12,2019021201003618,NMB,39,14,200,311.00,"62,200.00"
2019-02-12,2019021201003555,NMB,37,29,423,310.00,"131,130.00"
2019-02-12,2019021201003554,NMB,40,29,200,310.00,"62,000.00"
2019-02-12,2019021201003553,NMB,28,29,100,310.00,"31,000.00"
2019-02-12,2019021201003552,NMB,35,29,100,310.00,"31,000.00"
2019-02-12,2019021201003551,NMB,42,29,100,310.00,"31,000.00"
2019-02-12,2019021201003240,NMB,13,14,415,311.00,"129,065.00"
2019-02-12,2019021201003223,NMB,49,14,85,311.00,"26,435.00"
2019-02-12,2019021201003550,NMB,56,29,10,310.00,"3,100.00"
2019-02-12,2019021201003549,NMB,28,29,617,310.00,"191,270.00"
2019-02-12,2019021201003405,NMB,1,14,25,311.00,"7,775.00"
2019-02-12,2019021201003378,NMB,28,57,265,310.00,"82,150.00"
2019-02-12,2019021201003358,NMB,34,14,50,311.00,"15,550.00"
2019-02-12,2019021201003262,NMB,13,14,50,311.00,"15,550.00"
2019-02-12,2019021201003523,NMBMF,41,1,25,"1,075.00","26,875.00"
2019-02-12,2019021201003491,NMFBS,43,38,61,"1,675.00","102,175.00"
2019-02-12,2019021201003490,NMFBS,43,37,174,"1,674.00","291,276.00"
2019-02-12,2019021201003151,NMFBS,38,38,12,"1,670.00","20,040.00"
2019-02-12,2019021201003175,NSEWA,38,38,10,615.00,"6,150.00"
2019-02-12,2019021201003581,NTC,6,7,325,700.00,"227,500.00"
2019-02-12,2019021201003569,NTC,19,7,175,700.00,"122,500.00"
2019-02-12,2019021201003568,NTC,19,57,25,700.00,"17,500.00"
2019-02-12,2019021201003532,NTC,47,57,75,700.00,"52,500.00"
2019-02-12,2019021201003450,NTC,4,16,385,699.00,"269,115.00"
2019-02-12,2019021201003449,NTC,4,17,275,699.00,"192,225.00"
2019-02-12,2019021201003363,NUBL,39,45,19,737.00,"14,003.00"
2019-02-12,2019021201003610,PCBL,8,57,732,315.00,"230,580.00"
2019-02-12,2019021201003567,PCBL,8,29,268,315.00,"84,420.00"
2019-02-12,2019021201003566,PCBL,22,29,25,315.00,"7,875.00"
2019-02-12,2019021201003298,PCBL,43,17,100,316.00,"31,600.00"
2019-02-12,2019021201003415,PIC,28,14,11,"1,024.00","11,264.00"
2019-02-12,2019021201003338,PIC,28,59,11,"1,024.00","11,264.00"
2019-02-12,2019021201003286,PIC,28,59,11,"1,024.00","11,264.00"
2019-02-12,2019021201003268,PIC,28,59,11,"1,024.00","11,264.00"
2019-02-12,2019021201003215,PIC,45,10,14,"1,024.00","14,336.00"
2019-02-12,2019021201003361,PICL,36,38,10,685.00,"6,850.00"
2019-02-12,2019021201003593,PLIC,45,41,165,445.00,"73,425.00"
2019-02-12,2019021201003372,PLIC,28,28,433,444.00,"192,252.00"
2019-02-12,2019021201003371,PLIC,6,28,67,445.00,"29,815.00"
2019-02-12,2019021201003194,PLIC,6,58,33,445.00,"14,685.00"
2019-02-12,2019021201003193,PLIC,52,58,200,446.00,"89,200.00"
2019-02-12,2019021201003557,PMHPL,39,36,10,108.00,"1,080.00"
2019-02-12,2019021201003542,PMHPL,39,26,10,108.00,"1,080.00"
2019-02-12,2019021201003536,PMHPL,39,26,10,108.00,"1,080.00"
2019-02-12,2019021201003478,PMHPL,38,38,10,109.00,"1,090.00"
2019-02-12,2019021201003293,PMHPL,39,38,10,108.00,"1,080.00"
2019-02-12,2019021201003221,PMHPL,39,16,10,108.00,"1,080.00"
2019-02-12,2019021201003200,PMHPL,39,16,10,108.00,"1,080.00"
2019-02-12,2019021201003514,PRIN,28,28,43,418.00,"17,974.00"
2019-02-12,2019021201003301,PRIN,13,28,280,418.00,"117,040.00"
2019-02-12,2019021201003300,PRIN,59,28,29,419.00,"12,151.00"
2019-02-12,2019021201003287,PRIN,59,28,67,419.00,"28,073.00"
2019-02-12,2019021201003616,PRVU,4,21,150,237.00,"35,550.00"
2019-02-12,2019021201003615,PRVU,4,58,101,237.00,"23,937.00"
2019-02-12,2019021201003614,PRVU,4,46,"1,490",237.00,"353,130.00"
2019-02-12,2019021201003587,PRVU,57,28,64,235.00,"15,040.00"
2019-02-12,2019021201003586,PRVU,16,28,300,235.00,"70,500.00"
2019-02-12,2019021201003585,PRVU,50,28,100,235.00,"23,500.00"
2019-02-12,2019021201003461,PRVU,28,28,929,236.00,"219,244.00"
2019-02-12,2019021201003460,PRVU,47,28,21,236.00,"4,956.00"
2019-02-12,2019021201003314,PRVU,47,46,10,237.00,"2,370.00"
2019-02-12,2019021201003313,PRVU,47,36,90,237.00,"21,330.00"
2019-02-12,2019021201003470,PRVU,56,28,500,235.00,"117,500.00"
2019-02-12,2019021201003469,PRVU,41,28,"1,000",235.00,"235,000.00"
2019-02-12,2019021201003468,PRVU,59,28,"1,000",235.00,"235,000.00"
2019-02-12,2019021201003467,PRVU,45,28,50,236.00,"11,800.00"
2019-02-12,2019021201003466,PRVU,57,28,500,236.00,"118,000.00"
2019-02-12,2019021201003465,PRVU,28,28,71,236.00,"16,756.00"
2019-02-12,2019021201003584,PRVU,34,28,86,235.00,"20,210.00"
2019-02-12,2019021201003475,PRVU,34,28,"1,914",235.00,"449,790.00"
2019-02-12,2019021201003474,PRVU,19,28,406,235.00,"95,410.00"
2019-02-12,2019021201003473,PRVU,22,28,300,235.00,"70,500.00"
2019-02-12,2019021201003472,PRVU,32,28,200,235.00,"47,000.00"
2019-02-12,2019021201003471,PRVU,46,28,500,235.00,"117,500.00"
2019-02-12,2019021201003548,RMDC,55,59,17,533.00,"9,061.00"
2019-02-12,2019021201003217,RRHP,33,36,10,100.00,"1,000.00"
2019-02-12,2019021201003564,SADBL,53,58,27,138.00,"3,726.00"
2019-02-12,2019021201003294,SADBL,32,58,20,138.00,"2,760.00"
2019-02-12,2019021201003230,SANIMA,48,48,200,295.00,"59,000.00"
2019-02-12,2019021201003171,SANIMA,34,45,269,295.00,"79,355.00"
2019-02-12,2019021201003527,SBBLJ,46,45,486,201.00,"97,686.00"
2019-02-12,2019021201003526,SBBLJ,33,45,14,202.00,"2,828.00"
2019-02-12,2019021201003444,SBBLJ,33,45,"1,986",202.00,"401,172.00"
2019-02-12,2019021201003443,SBBLJ,38,45,14,202.00,"2,828.00"
2019-02-12,2019021201003349,SBI,22,59,20,380.00,"7,600.00"
2019-02-12,2019021201003198,SBL,6,55,435,280.00,"121,800.00"
2019-02-12,2019021201003492,SCB,38,38,34,548.00,"18,632.00"
2019-02-12,2019021201003477,SCB,51,37,20,549.00,"10,980.00"
2019-02-12,2019021201003440,SCB,43,7,20,547.00,"10,940.00"
2019-02-12,2019021201003373,SCB,6,44,10,547.00,"5,470.00"
2019-02-12,2019021201003370,SCB,21,37,100,549.00,"54,900.00"
2019-02-12,2019021201003320,SCB,6,48,20,547.00,"10,940.00"
2019-02-12,2019021201003165,SCB,38,45,20,549.00,"10,980.00"
2019-02-12,2019021201003158,SCB,51,38,20,548.00,"10,960.00"
2019-02-12,2019021201003292,SCB,51,57,20,548.00,"10,960.00"
2019-02-12,2019021201003260,SCB,32,37,50,549.00,"27,450.00"
2019-02-12,2019021201003258,SCB,28,45,30,549.00,"16,470.00"
2019-02-12,2019021201003256,SCB,38,38,4,539.00,"2,156.00"
2019-02-12,2019021201003573,SDESI,46,36,1,599.00,599.00
2019-02-12,2019021201003168,SDESI,38,38,100,611.00,"61,100.00"
2019-02-12,2019021201003122,SHL,43,58,500,205.00,"102,500.00"
2019-02-12,2019021201003121,SHL,57,58,"1,000",205.00,"205,000.00"
2019-02-12,2019021201003120,SHL,25,58,200,205.00,"41,000.00"
2019-02-12,2019021201003595,SHPC,22,38,19,219.00,"4,161.00"
2019-02-12,2019021201003591,SHPC,22,38,19,219.00,"4,161.00"
2019-02-12,2019021201003577,SHPC,11,57,50,220.00,"11,000.00"
2019-02-12,2019021201003576,SHPC,17,57,90,220.00,"19,800.00"
2019-02-12,2019021201003575,SHPC,33,57,36,220.00,"7,920.00"
2019-02-12,2019021201003397,SHPC,33,38,19,220.00,"4,180.00"
2019-02-12,2019021201003255,SIC,16,54,30,"1,265.00","37,950.00"
2019-02-12,2019021201003254,SIC,19,54,140,"1,265.00","177,100.00"
2019-02-12,2019021201003411,SICL,42,22,65,876.00,"56,940.00"
2019-02-12,2019021201003410,SICL,17,45,100,875.00,"87,500.00"
2019-02-12,2019021201003242,SICL,47,38,677,874.00,"591,698.00"
2019-02-12,2019021201003510,SIFC,43,53,100,135.00,"13,500.00"
2019-02-12,2019021201003166,SIFC,43,39,80,135.00,"10,800.00"
2019-02-12,2019021201003481,SLBBL,21,51,500,505.00,"252,500.00"
2019-02-12,2019021201003609,SLBSL,55,56,10,807.00,"8,070.00"
2019-02-12,2019021201003608,SLBSL,55,56,10,807.00,"8,070.00"
2019-02-12,2019021201003607,SLBSL,55,56,10,807.00,"8,070.00"
2019-02-12,2019021201003606,SLBSL,55,56,10,807.00,"8,070.00"
2019-02-12,2019021201003605,SLBSL,55,56,10,807.00,"8,070.00"
2019-02-12,2019021201003604,SLBSL,55,56,10,807.00,"8,070.00"
2019-02-12,2019021201003441,SLBSL,1,56,10,807.00,"8,070.00"
2019-02-12,2019021201003406,SLBSL,26,58,10,807.00,"8,070.00"
2019-02-12,2019021201003369,SLBSL,42,36,10,805.00,"8,050.00"
2019-02-12,2019021201003238,SLBSL,52,7,50,806.00,"40,300.00"
2019-02-12,2019021201003190,SLBSL,42,59,10,805.00,"8,050.00"
2019-02-12,2019021201003583,SLBSL,42,59,10,805.00,"8,050.00"
2019-02-12,2019021201003518,SLBSL,19,50,10,806.00,"8,060.00"
2019-02-12,2019021201003509,SLBSL,19,58,30,806.00,"24,180.00"
2019-02-12,2019021201003482,SLBSL,19,13,10,806.00,"8,060.00"
2019-02-12,2019021201003445,SLBSL,42,16,10,805.00,"8,050.00"
2019-02-12,2019021201003442,SLBSL,1,56,11,807.00,"8,877.00"
2019-02-12,2019021201003438,SLICL,59,26,20,512.00,"10,240.00"
2019-02-12,2019021201003437,SLICL,13,26,200,514.00,"102,800.00"
2019-02-12,2019021201003436,SLICL,13,26,50,515.00,"25,750.00"
2019-02-12,2019021201003435,SLICL,42,26,10,515.00,"5,150.00"
2019-02-12,2019021201003434,SLICL,35,26,20,515.00,"10,300.00"
2019-02-12,2019021201003541,SPDL,38,38,107,90.00,"9,630.00"
2019-02-12,2019021201003540,SPDL,38,48,15,90.00,"1,350.00"
2019-02-12,2019021201003517,SPDL,42,38,10,89.00,890.00
2019-02-12,2019021201003188,SPDL,45,38,15,88.00,"1,320.00"
2019-02-12,2019021201003516,SRBL,29,22,119,207.00,"24,633.00"
2019-02-12,2019021201003515,SRBL,1,22,214,207.00,"44,298.00"
2019-02-12,2019021201003324,SRBL,56,43,75,208.00,"15,600.00"
2019-02-12,2019021201003189,SRBL,50,59,"1,100",208.00,"228,800.00"
2019-02-12,2019021201003619,UPPER,33,39,40,230.00,"9,200.00"
2019-02-12,2019021201003599,UPPER,33,51,50,230.00,"11,500.00"
2019-02-12,2019021201003592,UPPER,33,42,50,230.00,"11,500.00"
2019-02-12,2019021201003578,UPPER,51,29,30,231.00,"6,930.00"
2019-02-12,2019021201003565,UPPER,51,7,50,231.00,"11,550.00"
2019-02-12,2019021201003563,UPPER,51,21,50,231.00,"11,550.00"
2019-02-12,2019021201003131,UPPER,35,44,25,231.00,"5,775.00"
2019-02-12,2019021201003130,UPPER,35,14,25,231.00,"5,775.00"
2019-02-12,2019021201003143,UPPER,19,14,50,231.00,"11,550.00"
2019-02-12,2019021201003139,UPPER,19,10,50,231.00,"11,550.00"
2019-02-12,2019021201003136,UPPER,19,14,50,231.00,"11,550.00"
2019-02-12,2019021201003135,UPPER,19,44,15,231.00,"3,465.00"
2019-02-12,2019021201003172,UPPER,58,40,45,230.00,"10,350.00"
2019-02-12,2019021201003167,UPPER,58,40,40,230.00,"9,200.00"
2019-02-12,2019021201003153,UPPER,58,38,15,230.00,"3,450.00"
2019-02-12,2019021201003152,UPPER,19,38,35,231.00,"8,085.00"
2019-02-12,2019021201003186,UPPER,48,45,40,230.00,"9,200.00"
2019-02-12,2019021201003185,UPPER,25,45,10,230.00,"2,300.00"
2019-02-12,2019021201003177,UPPER,25,40,40,230.00,"9,200.00"
2019-02-12,2019021201003210,UPPER,40,45,40,231.00,"9,240.00"
2019-02-12,2019021201003208,UPPER,40,29,50,231.00,"11,550.00"
2019-02-12,2019021201003197,UPPER,40,44,40,231.00,"9,240.00"
2019-02-12,2019021201003196,UPPER,40,42,40,231.00,"9,240.00"
2019-02-12,2019021201003261,UPPER,40,44,40,231.00,"9,240.00"
2019-02-12,2019021201003241,UPPER,40,38,40,231.00,"9,240.00"
2019-02-12,2019021201003231,UPPER,40,39,40,231.00,"9,240.00"
2019-02-12,2019021201003226,UPPER,40,43,50,231.00,"11,550.00"
2019-02-12,2019021201003222,UPPER,40,35,72,231.00,"16,632.00"
2019-02-12,2019021201003216,UPPER,40,39,40,231.00,"9,240.00"
2019-02-12,2019021201003299,UPPER,48,50,50,230.00,"11,500.00"
2019-02-12,2019021201003289,UPPER,48,38,50,230.00,"11,500.00"
2019-02-12,2019021201003282,UPPER,48,7,50,230.00,"11,500.00"
2019-02-12,2019021201003267,UPPER,48,38,50,230.00,"11,500.00"
2019-02-12,2019021201003264,UPPER,48,38,22,230.00,"5,060.00"
2019-02-12,2019021201003263,UPPER,40,38,28,231.00,"6,468.00"
2019-02-12,2019021201003316,UPPER,51,38,50,230.00,"11,500.00"
2019-02-12,2019021201003315,UPPER,51,50,40,230.00,"9,200.00"
2019-02-12,2019021201003312,UPPER,48,38,30,230.00,"6,900.00"
2019-02-12,2019021201003311,UPPER,21,38,20,231.00,"4,620.00"
2019-02-12,2019021201003305,UPPER,21,51,40,231.00,"9,240.00"
2019-02-12,2019021201003304,UPPER,21,44,40,231.00,"9,240.00"
2019-02-12,2019021201003337,UPPER,1,38,50,230.00,"11,500.00"
2019-02-12,2019021201003323,UPPER,17,38,50,231.00,"11,550.00"
2019-02-12,2019021201003319,UPPER,1,38,40,230.00,"9,200.00"
2019-02-12,2019021201003318,UPPER,51,38,10,230.00,"2,300.00"
2019-02-12,2019021201003364,UPPER,1,58,30,230.00,"6,900.00"
2019-02-12,2019021201003357,UPPER,1,42,40,230.00,"9,200.00"
2019-02-12,2019021201003356,UPPER,1,38,50,230.00,"11,500.00"
2019-02-12,2019021201003353,UPPER,1,38,50,230.00,"11,500.00"
2019-02-12,2019021201003350,UPPER,1,38,50,230.00,"11,500.00"
2019-02-12,2019021201003346,UPPER,1,38,50,230.00,"11,500.00"
2019-02-12,2019021201003396,UPPER,1,33,40,230.00,"9,200.00"
2019-02-12,2019021201003395,UPPER,1,51,50,230.00,"11,500.00"
2019-02-12,2019021201003384,UPPER,1,33,50,230.00,"11,500.00"
2019-02-12,2019021201003376,UPPER,21,7,10,231.00,"2,310.00"
2019-02-12,2019021201003375,UPPER,21,44,40,231.00,"9,240.00"
2019-02-12,2019021201003374,UPPER,21,44,50,231.00,"11,550.00"
2019-02-12,2019021201003428,UPPER,6,51,40,230.00,"9,200.00"
2019-02-12,2019021201003427,UPPER,34,51,10,230.00,"2,300.00"
2019-02-12,2019021201003426,UPPER,34,7,20,231.00,"4,620.00"
2019-02-12,2019021201003425,UPPER,34,44,40,231.00,"9,240.00"
2019-02-12,2019021201003424,UPPER,34,7,40,231.00,"9,240.00"
2019-02-12,2019021201003409,UPPER,34,7,40,230.00,"9,200.00"
2019-02-12,2019021201003454,UPPER,32,7,40,231.00,"9,240.00"
2019-02-12,2019021201003453,UPPER,32,7,40,231.00,"9,240.00"
2019-02-12,2019021201003452,UPPER,32,7,20,231.00,"4,620.00"
2019-02-12,2019021201003448,UPPER,33,38,40,230.00,"9,200.00"
2019-02-12,2019021201003447,UPPER,33,51,40,230.00,"9,200.00"
2019-02-12,2019021201003446,UPPER,6,51,10,230.00,"2,300.00"
2019-02-12,2019021201003495,UPPER,57,7,40,231.00,"9,240.00"
2019-02-12,2019021201003494,UPPER,57,7,50,231.00,"11,550.00"
2019-02-12,2019021201003493,UPPER,57,7,50,231.00,"11,550.00"
2019-02-12,2019021201003484,UPPER,33,46,50,230.00,"11,500.00"
2019-02-12,2019021201003479,UPPER,33,51,50,230.00,"11,500.00"
2019-02-12,2019021201003501,UPPER,57,7,40,231.00,"9,240.00"
2019-02-12,2019021201003500,UPPER,57,7,50,231.00,"11,550.00"
2019-02-12,2019021201003499,UPPER,57,7,50,231.00,"11,550.00"
2019-02-12,2019021201003498,UPPER,57,7,40,231.00,"9,240.00"
2019-02-12,2019021201003497,UPPER,57,7,50,231.00,"11,550.00"
2019-02-12,2019021201003496,UPPER,57,7,50,231.00,"11,550.00"
2019-02-12,2019021201003543,UPPER,57,57,350,231.00,"80,850.00"
2019-02-12,2019021201003537,UPPER,57,34,50,231.00,"11,550.00"
2019-02-12,2019021201003535,UPPER,57,7,50,231.00,"11,550.00"
2019-02-12,2019021201003529,UPPER,57,29,40,231.00,"9,240.00"
2019-02-12,2019021201003504,UPPER,57,7,40,231.00,"9,240.00"
2019-02-12,2019021201003503,UPPER,57,51,50,231.00,"11,550.00"
2019-02-12,2019021201003562,UPPER,51,7,40,231.00,"9,240.00"
2019-02-12,2019021201003561,UPPER,51,21,40,231.00,"9,240.00"
2019-02-12,2019021201003556,UPPER,51,7,50,231.00,"11,550.00"
2019-02-12,2019021201003547,UPPER,51,21,40,231.00,"9,240.00"
2019-02-12,2019021201003545,UPPER,51,51,50,231.00,"11,550.00"
2019-02-12,2019021201003544,UPPER,51,57,150,231.00,"34,650.00"
2019-02-12,2019021201003124,VLBS,29,37,30,700.00,"21,000.00"
2019-02-12,2019021201003457,WOMI,19,51,28,"1,125.00","31,500.00"
2019-02-12,2019021201003456,WOMI,19,51,22,"1,125.00","24,750.00"
2019-02-12,2019021201003111,ADBL,19,58,130,330.00,"42,900.00"
2019-02-12,2019021201003110,ADBL,4,58,255,330.00,"84,150.00"
2019-02-12,2019021201002888,ADBL,4,32,45,330.00,"14,850.00"
2019-02-12,2019021201002887,ADBL,14,32,500,330.00,"165,000.00"
2019-02-12,2019021201002886,ADBL,14,32,762,330.00,"251,460.00"
2019-02-12,2019021201002885,ADBL,45,32,20,331.00,"6,620.00"
2019-02-12,2019021201002884,ADBL,38,32,500,331.00,"165,500.00"
2019-02-12,2019021201002883,ADBL,29,32,100,331.00,"33,100.00"
2019-02-12,2019021201002882,ADBL,56,32,50,331.00,"16,550.00"
2019-02-12,2019021201002881,ADBL,6,32,23,331.00,"7,613.00"
2019-02-12,2019021201002691,ADBL,49,13,10,332.00,"3,320.00"
2019-02-12,2019021201002653,AKPL,19,38,13,172.00,"2,236.00"
2019-02-12,2019021201003106,AMFI,38,38,10,710.00,"7,100.00"
2019-02-12,2019021201002693,AMFI,32,1,10,710.00,"7,100.00"
2019-02-12,2019021201002692,AMFI,32,1,10,710.00,"7,100.00"
2019-02-12,2019021201002993,API,58,52,70,135.00,"9,450.00"
2019-02-12,2019021201002992,API,58,25,190,134.00,"25,460.00"
2019-02-12,2019021201002655,API,39,38,18,133.00,"2,394.00"
2019-02-12,2019021201002894,API,16,25,200,134.00,"26,800.00"
2019-02-12,2019021201002880,API,16,25,300,134.00,"40,200.00"
2019-02-12,2019021201002859,API,25,25,15,134.00,"2,010.00"
2019-02-12,2019021201002935,BARUN,10,10,"2,380",95.00,"226,100.00"
2019-02-12,2019021201002860,BARUN,48,10,200,96.00,"19,200.00"
2019-02-12,2019021201002839,BARUN,10,10,"2,620",95.00,"248,900.00"
2019-02-12,2019021201002838,BARUN,34,10,"2,000",95.00,"190,000.00"
2019-02-12,2019021201002837,BARUN,32,10,100,95.00,"9,500.00"
2019-02-12,2019021201002836,BARUN,13,10,100,95.00,"9,500.00"
2019-02-12,2019021201002835,BARUN,37,10,50,95.00,"4,750.00"
2019-02-12,2019021201002834,BARUN,1,10,50,95.00,"4,750.00"
2019-02-12,2019021201002833,BARUN,42,10,80,95.00,"7,600.00"
2019-02-12,2019021201002853,BBC,4,26,210,"1,742.00","365,820.00"
2019-02-12,2019021201002923,BHBL,14,57,500,143.00,"71,500.00"
2019-02-12,2019021201002910,BHBL,14,28,"1,000",142.00,"142,000.00"
2019-02-12,2019021201002724,BNT,1,55,10,"6,557.00","65,570.00"
2019-02-12,2019021201003068,BOKL,22,6,159,237.00,"37,683.00"
2019-02-12,2019021201003067,BOKL,13,6,100,237.00,"23,700.00"
2019-02-12,2019021201003066,BOKL,6,6,37,237.00,"8,769.00"
2019-02-12,2019021201003056,BOKL,34,38,30,238.00,"7,140.00"
2019-02-12,2019021201003043,BOKL,17,38,50,238.00,"11,900.00"
2019-02-12,2019021201002826,BOKL,6,29,163,237.00,"38,631.00"
2019-02-12,2019021201002825,BOKL,51,29,200,237.00,"47,400.00"
2019-02-12,2019021201002824,BOKL,29,29,137,237.00,"32,469.00"
2019-02-12,2019021201002986,BPCL,29,36,450,351.00,"157,950.00"
2019-02-12,2019021201002786,BPCL,29,19,150,351.00,"52,650.00"
2019-02-12,2019021201002785,BPCL,21,19,20,352.00,"7,040.00"
2019-02-12,2019021201002964,CCBL,22,26,10,162.00,"1,620.00"
2019-02-12,2019021201002862,CCBL,29,11,59,161.00,"9,499.00"
2019-02-12,2019021201002770,CCBL,34,26,381,162.00,"61,722.00"
2019-02-12,2019021201002769,CCBL,34,32,100,162.00,"16,200.00"
2019-02-12,2019021201002768,CCBL,34,59,19,162.00,"3,078.00"
2019-02-12,2019021201003103,CHCL,6,54,500,508.00,"254,000.00"
2019-02-12,2019021201003102,CHCL,6,11,50,508.00,"25,400.00"
2019-02-12,2019021201003101,CHCL,6,25,100,508.00,"50,800.00"
2019-02-12,2019021201003100,CHCL,6,47,52,508.00,"26,416.00"
2019-02-12,2019021201002797,CHCL,6,54,500,507.00,"253,500.00"
2019-02-12,2019021201002796,CHCL,6,59,188,506.00,"95,128.00"
2019-02-12,2019021201002705,CHCL,49,59,10,506.00,"5,060.00"
2019-02-12,2019021201002685,CHCL,16,29,100,505.00,"50,500.00"
2019-02-12,2019021201002666,CHCL,16,11,100,505.00,"50,500.00"
2019-02-12,2019021201002665,CHCL,16,29,300,505.00,"151,500.00"
2019-02-12,2019021201002661,CHL,58,52,200,102.00,"20,400.00"
2019-02-12,2019021201002939,CIT,22,17,21,"2,635.00","55,335.00"
2019-02-12,2019021201002930,CIT,45,29,25,"2,634.00","65,850.00"
2019-02-12,2019021201002690,CIT,48,48,50,"2,622.00","131,100.00"
2019-02-12,2019021201003028,CZBIL,22,42,56,203.00,"11,368.00"
2019-02-12,2019021201003027,CZBIL,13,42,60,203.00,"12,180.00"
2019-02-12,2019021201002995,CZBIL,43,41,250,205.00,"51,250.00"
2019-02-12,2019021201002857,CZBIL,33,41,41,205.00,"8,405.00"
2019-02-12,2019021201002856,CZBIL,33,35,40,205.00,"8,200.00"
2019-02-12,2019021201002776,CZBIL,48,48,167,204.00,"34,068.00"
2019-02-12,2019021201002640,CZBIL,13,48,100,203.00,"20,300.00"
2019-02-12,2019021201002736,DBBL,38,6,200,124.00,"24,800.00"
2019-02-12,2019021201003091,DDBL,1,28,40,574.00,"22,960.00"
2019-02-12,2019021201003090,DDBL,21,28,50,574.00,"28,700.00"
2019-02-12,2019021201003096,EBL,51,40,45,515.00,"23,175.00"
2019-02-12,2019021201002972,EBL,32,58,49,515.00,"25,235.00"
2019-02-12,2019021201002971,EBL,32,19,151,515.00,"77,765.00"
2019-02-12,2019021201002955,EBL,57,7,291,512.00,"148,992.00"
2019-02-12,2019021201002954,EBL,19,7,109,513.00,"55,917.00"
2019-02-12,2019021201002922,EBL,19,14,91,513.00,"46,683.00"
2019-02-12,2019021201002674,EBL,57,52,21,512.00,"10,752.00"
2019-02-12,2019021201002673,EBL,33,52,266,513.00,"136,458.00"
2019-02-12,2019021201002672,EBL,32,52,188,513.00,"96,444.00"
2019-02-12,2019021201002650,EBL,45,33,20,514.00,"10,280.00"
2019-02-12,2019021201002762,EBL,32,33,24,514.00,"12,336.00"
2019-02-12,2019021201002747,EBL,29,33,10,514.00,"5,140.00"
2019-02-12,2019021201002700,EBL,49,33,10,514.00,"5,140.00"
2019-02-12,2019021201002921,EBL,6,14,100,513.00,"51,300.00"
2019-02-12,2019021201002920,EBL,45,14,100,514.00,"51,400.00"
2019-02-12,2019021201002919,EBL,32,14,76,514.00,"39,064.00"
2019-02-12,2019021201002754,FMDBL,32,35,55,364.00,"20,020.00"
2019-02-12,2019021201002753,FMDBL,32,14,20,364.00,"7,280.00"
2019-02-12,2019021201002763,FOWAD,1,41,19,"1,555.00","29,545.00"
2019-02-12,2019021201002729,FOWAD,17,22,20,"1,556.00","31,120.00"
2019-02-12,2019021201003039,GBBL,5,11,187,181.00,"33,847.00"
2019-02-12,2019021201003038,GBBL,32,11,108,182.00,"19,656.00"
2019-02-12,2019021201002968,GBBL,32,11,196,182.00,"35,672.00"
2019-02-12,2019021201002863,GBBL,32,11,196,182.00,"35,672.00"
2019-02-12,2019021201002622,GBBL,25,25,794,182.00,"144,508.00"
2019-02-12,2019021201002680,GBIME,45,19,111,261.00,"28,971.00"
2019-02-12,2019021201002679,GBIME,7,19,200,261.00,"52,200.00"
2019-02-12,2019021201002678,GBIME,7,19,100,261.00,"26,100.00"
2019-02-12,2019021201002677,GBIME,34,19,15,261.00,"3,915.00"
2019-02-12,2019021201002676,GBIME,49,19,24,261.00,"6,264.00"
2019-02-12,2019021201002675,GBIME,53,19,240,261.00,"62,640.00"
2019-02-12,2019021201002854,GBLBS,5,16,50,431.00,"21,550.00"
2019-02-12,2019021201002846,GBLBS,5,16,10,431.00,"4,310.00"
2019-02-12,2019021201002845,GBLBS,11,16,40,432.00,"17,280.00"
2019-02-12,2019021201002710,GBLBS,11,29,10,432.00,"4,320.00"
2019-02-12,2019021201002800,GDBL,32,32,300,179.00,"53,700.00"
2019-02-12,2019021201002799,GDBL,1,32,274,179.00,"49,046.00"
2019-02-12,2019021201002772,GDBL,1,36,26,179.00,"4,654.00"
2019-02-12,2019021201003060,GLICL,53,46,30,675.00,"20,250.00"
2019-02-12,2019021201003055,GLICL,17,46,100,675.00,"67,500.00"
2019-02-12,2019021201003054,GLICL,39,46,300,675.00,"202,500.00"
2019-02-12,2019021201003053,GLICL,41,46,200,675.00,"135,000.00"
2019-02-12,2019021201003052,GLICL,35,46,20,675.00,"13,500.00"
2019-02-12,2019021201003051,GLICL,32,46,500,676.00,"338,000.00"
2019-02-12,2019021201003050,GLICL,13,46,50,678.00,"33,900.00"
2019-02-12,2019021201003049,GLICL,11,11,14,682.00,"9,548.00"
2019-02-12,2019021201002987,GLICL,11,11,14,682.00,"9,548.00"
2019-02-12,2019021201002924,GLICL,11,11,10,682.00,"6,820.00"
2019-02-12,2019021201002830,GLICL,50,34,150,683.00,"102,450.00"
2019-02-12,2019021201002734,GLICL,53,25,100,682.00,"68,200.00"
2019-02-12,2019021201002621,GRDBL,43,45,74,104.00,"7,696.00"
2019-02-12,2019021201002750,GUFL,21,7,300,101.00,"30,300.00"
2019-02-12,2019021201002819,HBL,48,22,123,426.00,"52,398.00"
2019-02-12,2019021201002813,HBL,32,22,364,427.00,"155,428.00"
2019-02-12,2019021201002812,HBL,32,48,136,427.00,"58,072.00"
2019-02-12,2019021201002714,HIDCL,1,32,460,135.00,"62,100.00"
2019-02-12,2019021201002713,HIDCL,45,32,200,135.00,"27,000.00"
2019-02-12,2019021201002712,HIDCL,39,32,10,135.00,"1,350.00"
2019-02-12,2019021201002711,HIDCL,53,32,330,135.00,"44,550.00"
2019-02-12,2019021201002657,HIDCL,53,38,56,135.00,"7,560.00"
2019-02-12,2019021201002681,HPPL,6,38,20,174.00,"3,480.00"
2019-02-12,2019021201002698,JBBL,47,32,100,136.00,"13,600.00"
2019-02-12,2019021201002664,JBBL,47,32,100,136.00,"13,600.00"
2019-02-12,2019021201002905,JBNL,29,6,96,167.00,"16,032.00"
2019-02-12,2019021201002814,JBNL,45,6,132,167.00,"22,044.00"
2019-02-12,2019021201002789,JBNL,45,6,68,167.00,"11,356.00"
2019-02-12,2019021201002788,JBNL,45,6,200,167.00,"33,400.00"
2019-02-12,2019021201002787,JBNL,45,6,189,167.00,"31,563.00"
2019-02-12,2019021201002727,JBNL,45,29,11,167.00,"1,837.00"
2019-02-12,2019021201002726,JBNL,33,29,37,167.00,"6,179.00"
2019-02-12,2019021201002687,JBNL,33,38,52,167.00,"8,684.00"
2019-02-12,2019021201002978,JEFL,57,1,300,137.00,"41,100.00"
2019-02-12,2019021201002977,JEFL,57,1,100,137.00,"13,700.00"
2019-02-12,2019021201002936,JEFL,57,28,600,136.00,"81,600.00"
2019-02-12,2019021201002926,JEFL,57,28,400,136.00,"54,400.00"
2019-02-12,2019021201002925,JEFL,57,28,100,136.00,"13,600.00"
2019-02-12,2019021201002907,JEFL,57,28,500,136.00,"68,000.00"
2019-02-12,2019021201002683,JFL,5,58,100,166.00,"16,600.00"
2019-02-12,2019021201002682,JFL,5,32,10,165.00,"1,650.00"
2019-02-12,2019021201002716,JSLBB,39,44,14,"2,460.00","34,440.00"
2019-02-12,2019021201002746,KADBL,38,39,50,160.00,"8,000.00"
2019-02-12,2019021201003104,KBBL,57,13,220,210.00,"46,200.00"
2019-02-12,2019021201002635,KBL,11,53,100,237.00,"23,700.00"
2019-02-12,2019021201003095,KKHC,38,38,16,89.00,"1,424.00"
2019-02-12,2019021201003117,KPCL,55,16,10,95.00,950.00
2019-02-12,2019021201002638,KPCL,22,16,10,95.00,950.00
2019-02-12,2019021201002703,KPCL,22,16,10,95.00,950.00
2019-02-12,2019021201002755,KPCL,22,16,10,95.00,950.00
2019-02-12,2019021201002742,KPCL,22,16,10,95.00,950.00
2019-02-12,2019021201002933,KPCL,35,16,10,96.00,960.00
2019-02-12,2019021201002929,KPCL,35,16,10,96.00,960.00
2019-02-12,2019021201002773,KPCL,55,16,10,95.00,950.00
2019-02-12,2019021201002958,KPCL,35,16,10,96.00,960.00
2019-02-12,2019021201002948,KPCL,35,16,10,96.00,960.00
2019-02-12,2019021201002941,KPCL,35,16,10,96.00,960.00
2019-02-12,2019021201002988,KPCL,35,16,10,96.00,960.00
2019-02-12,2019021201002980,KPCL,35,16,10,96.00,960.00
2019-02-12,2019021201002970,KPCL,35,16,10,96.00,960.00
2019-02-12,2019021201002963,KPCL,35,16,10,96.00,960.00
2019-02-12,2019021201002999,KPCL,35,16,10,96.00,960.00
2019-02-12,2019021201003074,KPCL,55,16,10,95.00,950.00
2019-02-12,2019021201003064,KPCL,55,16,10,95.00,950.00
2019-02-12,2019021201003048,KPCL,55,42,10,95.00,950.00
2019-02-12,2019021201003088,KPCL,38,38,10,96.00,960.00
2019-02-12,2019021201003083,KPCL,55,16,10,95.00,950.00
2019-02-12,2019021201003078,KPCL,55,16,10,95.00,950.00
2019-02-12,2019021201002953,KRBL,47,36,420,96.00,"40,320.00"
2019-02-12,2019021201002952,KRBL,47,36,175,96.00,"16,800.00"
2019-02-12,2019021201002951,KRBL,59,36,300,96.00,"28,800.00"
2019-02-12,2019021201002950,KRBL,36,36,80,97.00,"7,760.00"
2019-02-12,2019021201003012,LBBL,54,28,100,172.00,"17,200.00"
2019-02-12,2019021201003011,LBBL,33,28,"1,000",172.00,"172,000.00"
2019-02-12,2019021201003010,LBBL,32,28,300,172.00,"51,600.00"
2019-02-12,2019021201003009,LBBL,53,28,500,172.00,"86,000.00"
2019-02-12,2019021201003008,LBBL,35,28,100,172.00,"17,200.00"
2019-02-12,2019021201003093,LBL,45,21,100,195.00,"19,500.00"
2019-02-12,2019021201003075,LBL,11,11,2,191.00,382.00
2019-02-12,2019021201003000,LBL,32,11,31,194.00,"6,014.00"
2019-02-12,2019021201002942,LBL,11,11,2,191.00,382.00
2019-02-12,2019021201002844,LBL,32,11,31,194.00,"6,014.00"
2019-02-12,2019021201003109,LGIL,45,29,166,514.00,"85,324.00"
2019-02-12,2019021201002867,LGIL,35,21,290,510.00,"147,900.00"
2019-02-12,2019021201002866,LGIL,46,21,200,511.00,"102,200.00"
2019-02-12,2019021201002865,LGIL,39,21,100,511.00,"51,100.00"
2019-02-12,2019021201002864,LGIL,28,21,10,511.00,"5,110.00"
2019-02-12,2019021201003085,MBL,21,58,500,209.00,"104,500.00"
2019-02-12,2019021201003046,MBL,36,58,500,209.00,"104,500.00"
2019-02-12,2019021201002861,MBL,11,29,125,208.00,"26,000.00"
2019-02-12,2019021201002775,MBL,5,49,88,209.00,"18,392.00"
2019-02-12,2019021201002774,MBL,5,47,109,209.00,"22,781.00"
2019-02-12,2019021201003059,MEGA,36,43,500,163.00,"81,500.00"
2019-02-12,2019021201002841,MEGA,58,43,10,163.00,"1,630.00"
2019-02-12,2019021201002840,MEGA,58,53,90,163.00,"14,670.00"
2019-02-12,2019021201003084,MERO,38,38,16,616.00,"9,856.00"
2019-02-12,2019021201002696,MLBBL,38,38,25,615.00,"15,375.00"
2019-02-12,2019021201002991,MNBBL,22,41,100,341.00,"34,100.00"
2019-02-12,2019021201002684,MNBBL,47,32,45,342.00,"15,390.00"
2019-02-12,2019021201002765,MSLB,48,48,15,"1,374.00","20,610.00"
2019-02-12,2019021201002809,MSMBS,32,1,17,538.00,"9,146.00"
2019-02-12,2019021201002745,NABIL,33,8,250,825.00,"206,250.00"
2019-02-12,2019021201002697,NABIL,49,17,10,827.00,"8,270.00"
2019-02-12,2019021201002647,NABIL,11,17,36,827.00,"29,772.00"
2019-02-12,2019021201002646,NABIL,11,11,64,827.00,"52,928.00"
2019-02-12,2019021201003080,NADEP,38,38,10,768.00,"7,680.00"
2019-02-12,2019021201003076,NADEP,22,42,10,767.00,"7,670.00"
2019-02-12,2019021201002708,NADEP,5,16,10,765.00,"7,650.00"
2019-02-12,2019021201002639,NADEP,5,16,10,765.00,"7,650.00"
2019-02-12,2019021201002802,NADEP,46,25,150,777.00,"116,550.00"
2019-02-12,2019021201002801,NADEP,46,32,10,777.00,"7,770.00"
2019-02-12,2019021201002761,NADEP,5,16,10,765.00,"7,650.00"
2019-02-12,2019021201002961,NBB,28,22,100,184.00,"18,400.00"
2019-02-12,2019021201002960,NBB,13,22,10,184.00,"1,840.00"
2019-02-12,2019021201002791,NBB,13,39,190,184.00,"34,960.00"
2019-02-12,2019021201003063,NBL,13,22,74,286.00,"21,164.00"
2019-02-12,2019021201003007,NBL,52,22,200,286.00,"57,200.00"
2019-02-12,2019021201003006,NBL,33,22,26,286.00,"7,436.00"
2019-02-12,2019021201002967,NCCB,7,45,79,209.00,"16,511.00"
2019-02-12,2019021201002966,NCCB,7,59,375,209.00,"78,375.00"
2019-02-12,2019021201002965,NCCB,7,54,546,208.00,"113,568.00"
2019-02-12,2019021201002897,NCCB,48,48,120,208.00,"24,960.00"
2019-02-12,2019021201002871,NCCB,48,48,33,208.00,"6,864.00"
2019-02-12,2019021201002738,NCCB,48,48,688,208.00,"143,104.00"
2019-02-12,2019021201003077,NGPL,38,38,11,126.00,"1,386.00"
2019-02-12,2019021201003036,NGPL,44,58,11,125.00,"1,375.00"
2019-02-12,2019021201003029,NGPL,44,58,13,125.00,"1,625.00"
2019-02-12,2019021201003065,NHPC,51,39,600,63.00,"37,800.00"
2019-02-12,2019021201003061,NHPC,32,39,300,63.00,"18,900.00"
2019-02-12,2019021201003042,NHPC,41,39,300,63.00,"18,900.00"
2019-02-12,2019021201003041,NHPC,37,39,300,63.00,"18,900.00"
2019-02-12,2019021201003040,NHPC,44,39,500,63.00,"31,500.00"
2019-02-12,2019021201003072,NIB,38,53,37,517.00,"19,129.00"
2019-02-12,2019021201003071,NIB,45,38,37,516.00,"19,092.00"
2019-02-12,2019021201003069,NIB,45,22,62,516.00,"31,992.00"
2019-02-12,2019021201003030,NIB,47,22,138,516.00,"71,208.00"
2019-02-12,2019021201003005,NIB,47,34,12,516.00,"6,192.00"
2019-02-12,2019021201002975,NIB,47,52,50,516.00,"25,800.00"
2019-02-12,2019021201002702,NIB,11,38,30,516.00,"15,480.00"
2019-02-12,2019021201002651,NIB,11,48,14,516.00,"7,224.00"
2019-02-12,2019021201002643,NIB,11,14,56,516.00,"28,896.00"
2019-02-12,2019021201002642,NIB,3,14,100,516.00,"51,600.00"
2019-02-12,2019021201002641,NIB,33,14,94,516.00,"48,504.00"
2019-02-12,2019021201002962,NIB,32,52,200,516.00,"103,200.00"
2019-02-12,2019021201002947,NIB,42,22,100,515.00,"51,500.00"
2019-02-12,2019021201002917,NIB,45,52,50,516.00,"25,800.00"
2019-02-12,2019021201002889,NIB,45,35,50,516.00,"25,800.00"
2019-02-12,2019021201002778,NIB,22,35,200,516.00,"103,200.00"
2019-02-12,2019021201002707,NIB,38,38,7,516.00,"3,612.00"
2019-02-12,2019021201002842,NICA,34,29,151,385.00,"58,135.00"
2019-02-12,2019021201002706,NICA,47,57,20,387.00,"7,740.00"
2019-02-12,2019021201002701,NICA,47,57,30,387.00,"11,610.00"
2019-02-12,2019021201002662,NICA,47,57,25,387.00,"9,675.00"
2019-02-12,2019021201002634,NICA,34,4,413,385.00,"159,005.00"
2019-02-12,2019021201002633,NICA,54,4,587,385.00,"225,995.00"
2019-02-12,2019021201002895,NICL,43,48,25,375.00,"9,375.00"
2019-02-12,2019021201002820,NICL,34,57,117,373.00,"43,641.00"
2019-02-12,2019021201003079,NIL,33,58,259,513.00,"132,867.00"
2019-02-12,2019021201002945,NIL,41,43,500,512.00,"256,000.00"
2019-02-12,2019021201003047,NLIC,38,38,17,"1,021.00","17,357.00"
2019-02-12,2019021201003035,NLIC,57,50,83,"1,020.00","84,660.00"
2019-02-12,2019021201002911,NLIC,38,38,17,"1,020.00","17,340.00"
2019-02-12,2019021201002893,NLIC,38,38,17,"1,020.00","17,340.00"
2019-02-12,2019021201002858,NLIC,38,38,17,"1,021.00","17,357.00"
2019-02-12,2019021201002855,NLIC,34,4,300,"1,020.00","306,000.00"
2019-02-12,2019021201002792,NLIC,38,50,17,"1,022.00","17,374.00"
2019-02-12,2019021201002709,NLIC,34,4,400,"1,024.00","409,600.00"
2019-02-12,2019021201002852,NLIC,22,4,92,"1,020.00","93,840.00"
2019-02-12,2019021201002851,NLIC,25,4,28,"1,020.00","28,560.00"
2019-02-12,2019021201002850,NLIC,34,4,83,"1,021.00","84,743.00"
2019-02-12,2019021201002808,NLIC,34,4,17,"1,021.00","17,357.00"
2019-02-12,2019021201002807,NLIC,6,4,283,"1,021.00","288,943.00"
2019-02-12,2019021201002798,NLIC,6,38,17,"1,021.00","17,357.00"
2019-02-12,2019021201002915,NLICL,41,34,20,628.00,"12,560.00"
2019-02-12,2019021201002914,NLICL,28,34,200,628.00,"125,600.00"
2019-02-12,2019021201002913,NLICL,56,34,100,628.00,"62,800.00"
2019-02-12,2019021201002912,NLICL,57,34,20,629.00,"12,580.00"
2019-02-12,2019021201002899,NLICL,1,34,50,629.00,"31,450.00"
2019-02-12,2019021201002892,NLICL,35,34,20,630.00,"12,600.00"
2019-02-12,2019021201002891,NLICL,50,34,50,630.00,"31,500.00"
2019-02-12,2019021201002890,NLICL,25,34,100,630.00,"63,000.00"
2019-02-12,2019021201002876,NLICL,48,34,140,635.00,"88,900.00"
2019-02-12,2019021201002875,NLICL,58,34,100,635.00,"63,500.00"
2019-02-12,2019021201002751,NLICL,58,29,80,636.00,"50,880.00"
2019-02-12,2019021201003107,NMB,49,49,"2,500",310.00,"775,000.00"
2019-02-12,2019021201003087,NMB,45,43,68,312.00,"21,216.00"
2019-02-12,2019021201003086,NMB,45,14,132,312.00,"41,184.00"
2019-02-12,2019021201002811,NMB,49,8,115,311.00,"35,765.00"
2019-02-12,2019021201002810,NMB,22,8,210,311.00,"65,310.00"
2019-02-12,2019021201002733,NMB,22,39,40,311.00,"12,440.00"
2019-02-12,2019021201002715,NMB,28,16,11,310.00,"3,410.00"
2019-02-12,2019021201002656,NMB,28,48,23,310.00,"7,130.00"
2019-02-12,2019021201002654,NMB,33,39,110,311.00,"34,210.00"
2019-02-12,2019021201002937,NMBHF1,26,48,416,8.96,"3,727.36"
2019-02-12,2019021201002931,NMBHF1,26,48,416,8.96,"3,727.36"
2019-02-12,2019021201002777,NMBHF1,56,59,"4,161",9.00,"37,449.00"
2019-02-12,2019021201002974,NMFBS,42,37,20,"1,670.00","33,400.00"
2019-02-12,2019021201002973,NMFBS,1,37,36,"1,670.00","60,120.00"
2019-02-12,2019021201002879,NMFBS,1,58,12,"1,670.00","20,040.00"
2019-02-12,2019021201002803,NMFBS,51,38,28,"1,675.00","46,900.00"
2019-02-12,2019021201002717,NMFBS,38,38,12,"1,672.00","20,064.00"
2019-02-12,2019021201002916,NSEWA,11,58,10,615.00,"6,150.00"
2019-02-12,2019021201002818,NSEWA,11,38,10,615.00,"6,150.00"
2019-02-12,2019021201002790,NSEWA,11,1,10,615.00,"6,150.00"
2019-02-12,2019021201002771,NSEWA,11,1,10,615.00,"6,150.00"
2019-02-12,2019021201002735,NSEWA,11,50,60,615.00,"36,900.00"
2019-02-12,2019021201002663,NSEWA,11,26,10,615.00,"6,150.00"
2019-02-12,2019021201003045,PCBL,14,17,100,316.00,"31,600.00"
2019-02-12,2019021201003034,PCBL,8,45,"2,000",315.00,"630,000.00"
2019-02-12,2019021201003033,PCBL,1,45,100,315.00,"31,500.00"
2019-02-12,2019021201003032,PCBL,42,45,100,315.00,"31,500.00"
2019-02-12,2019021201003031,PCBL,4,45,625,315.00,"196,875.00"
2019-02-12,2019021201002723,PCBL,4,51,"1,000",315.00,"315,000.00"
2019-02-12,2019021201002652,PCBL,22,17,100,316.00,"31,600.00"
2019-02-12,2019021201002637,PCBL,4,17,375,315.00,"118,125.00"
2019-02-12,2019021201002636,PCBL,39,17,125,315.00,"39,375.00"
2019-02-12,2019021201002725,PIC,45,32,31,"1,024.00","31,744.00"
2019-02-12,2019021201003025,PLIC,22,22,186,447.00,"83,142.00"
2019-02-12,2019021201002998,PLIC,45,22,30,447.00,"13,410.00"
2019-02-12,2019021201002997,PLIC,35,22,30,447.00,"13,410.00"
2019-02-12,2019021201002996,PLIC,29,22,54,447.00,"24,138.00"
2019-02-12,2019021201003057,PMHPL,39,42,10,108.00,"1,080.00"
2019-02-12,2019021201003026,PMHPL,57,39,10,108.00,"1,080.00"
2019-02-12,2019021201002946,PMHPL,57,8,10,108.00,"1,080.00"
2019-02-12,2019021201002918,PMHPL,57,8,10,108.00,"1,080.00"
2019-02-12,2019021201002764,PMHPL,57,16,10,108.00,"1,080.00"
2019-02-12,2019021201002740,PMHPL,57,16,10,108.00,"1,080.00"
2019-02-12,2019021201002730,PMHPL,57,16,10,108.00,"1,080.00"
2019-02-12,2019021201002985,PRIN,59,10,104,419.00,"43,576.00"
2019-02-12,2019021201002984,PRIN,13,10,100,420.00,"42,000.00"
2019-02-12,2019021201002983,PRIN,58,10,200,420.00,"84,000.00"
2019-02-12,2019021201002982,PRIN,45,10,70,420.00,"29,400.00"
2019-02-12,2019021201002981,PRIN,51,10,26,421.00,"10,946.00"
2019-02-12,2019021201002904,PRIN,51,44,74,421.00,"31,154.00"
2019-02-12,2019021201002903,PRIN,51,44,50,421.00,"21,050.00"
2019-02-12,2019021201002902,PRIN,13,44,50,422.00,"21,100.00"
2019-02-12,2019021201002849,PRVU,47,8,163,236.00,"38,468.00"
2019-02-12,2019021201002848,PRVU,57,8,50,236.00,"11,800.00"
2019-02-12,2019021201002847,PRVU,16,8,23,236.00,"5,428.00"
2019-02-12,2019021201002823,PRVU,16,8,277,236.00,"65,372.00"
2019-02-12,2019021201002822,PRVU,53,8,200,236.00,"47,200.00"
2019-02-12,2019021201002821,PRVU,21,8,23,236.00,"5,428.00"
2019-02-12,2019021201002659,PRVU,26,39,307,236.00,"72,452.00"
2019-02-12,2019021201002658,PRVU,29,39,58,236.00,"13,688.00"
2019-02-12,2019021201002817,PRVU,21,8,277,236.00,"65,372.00"
2019-02-12,2019021201002816,PRVU,32,8,30,236.00,"7,080.00"
2019-02-12,2019021201002815,PRVU,26,8,193,236.00,"45,548.00"
2019-02-12,2019021201002878,RADHI,17,8,11,156.00,"1,716.00"
2019-02-12,2019021201002990,RLFL,52,28,130,116.00,"15,080.00"
2019-02-12,2019021201003037,RRHP,33,39,10,100.00,"1,000.00"
2019-02-12,2019021201002989,RRHP,33,8,10,100.00,"1,000.00"
2019-02-12,2019021201002632,RRHP,42,16,10,102.00,"1,020.00"
2019-02-12,2019021201002631,RRHP,42,7,10,102.00,"1,020.00"
2019-02-12,2019021201002630,RRHP,42,51,10,102.00,"1,020.00"
2019-02-12,2019021201002629,RRHP,42,7,10,102.00,"1,020.00"
2019-02-12,2019021201002628,RRHP,42,7,10,102.00,"1,020.00"
2019-02-12,2019021201002627,RRHP,42,7,10,102.00,"1,020.00"
2019-02-12,2019021201002940,RRHP,33,8,10,100.00,"1,000.00"
2019-02-12,2019021201002901,RRHP,33,8,10,100.00,"1,000.00"
2019-02-12,2019021201002896,RRHP,33,8,10,100.00,"1,000.00"
2019-02-12,2019021201002831,RRHP,33,59,"1,000",100.00,"100,000.00"
2019-02-12,2019021201002780,RRHP,33,16,10,100.00,"1,000.00"
2019-02-12,2019021201002648,RRHP,42,59,40,102.00,"4,080.00"
2019-02-12,2019021201003002,RSDC,11,42,61,382.00,"23,302.00"
2019-02-12,2019021201003001,RSDC,45,42,39,382.00,"14,898.00"
2019-02-12,2019021201003105,SANIMA,22,45,485,296.00,"143,560.00"
2019-02-12,2019021201003073,SANIMA,22,48,15,296.00,"4,440.00"
2019-02-12,2019021201002976,SANIMA,34,45,300,295.00,"88,500.00"
2019-02-12,2019021201002748,SANIMA,34,50,"1,301",295.00,"383,795.00"
2019-02-12,2019021201002744,SANIMA,34,50,130,295.00,"38,350.00"
2019-02-12,2019021201002737,SANIMA,32,50,200,295.00,"59,000.00"
2019-02-12,2019021201002767,SBBLJ,28,21,100,202.00,"20,200.00"
2019-02-12,2019021201002645,SBBLJ,38,5,50,203.00,"10,150.00"
2019-02-12,2019021201003004,SBL,8,55,65,280.00,"18,200.00"
2019-02-12,2019021201003003,SBL,8,42,435,280.00,"121,800.00"
2019-02-12,2019021201002927,SBL,45,52,100,279.00,"27,900.00"
2019-02-12,2019021201002722,SBL,45,35,283,279.00,"78,957.00"
2019-02-12,2019021201002686,SBL,45,1,150,279.00,"41,850.00"
2019-02-12,2019021201003092,SCB,48,22,20,548.00,"10,960.00"
2019-02-12,2019021201003062,SCB,38,38,20,548.00,"10,960.00"
2019-02-12,2019021201002979,SCB,17,45,20,548.00,"10,960.00"
2019-02-12,2019021201002957,SCB,32,42,20,550.00,"11,000.00"
2019-02-12,2019021201002752,SCB,38,38,20,548.00,"10,960.00"
2019-02-12,2019021201002743,SCB,38,38,20,548.00,"10,960.00"
2019-02-12,2019021201002739,SCB,38,38,20,548.00,"10,960.00"
2019-02-12,2019021201002779,SCB,38,38,20,548.00,"10,960.00"
2019-02-12,2019021201002766,SCB,38,38,20,548.00,"10,960.00"
2019-02-12,2019021201002756,SCB,38,38,20,548.00,"10,960.00"
2019-02-12,2019021201002956,SCB,32,32,180,550.00,"99,000.00"
2019-02-12,2019021201002934,SCB,38,38,20,549.00,"10,980.00"
2019-02-12,2019021201002900,SCB,38,38,20,548.00,"10,960.00"
2019-02-12,2019021201002877,SCB,38,38,20,548.00,"10,960.00"
2019-02-12,2019021201002843,SCB,38,38,20,548.00,"10,960.00"
2019-02-12,2019021201002806,SCB,38,38,20,548.00,"10,960.00"
2019-02-12,2019021201002758,SDESI,51,6,35,605.00,"21,175.00"
2019-02-12,2019021201002757,SDESI,33,6,10,606.00,"6,060.00"
2019-02-12,2019021201002694,SHINE,47,51,50,244.00,"12,200.00"
2019-02-12,2019021201002827,SHINE,47,51,450,244.00,"109,800.00"
2019-02-12,2019021201002829,SHINE,47,34,215,246.00,"52,890.00"
2019-02-12,2019021201002828,SHINE,47,58,312,245.00,"76,440.00"
2019-02-12,2019021201003119,SHL,48,58,400,205.00,"82,000.00"
2019-02-12,2019021201002620,SHL,48,54,100,205.00,"20,500.00"
2019-02-12,2019021201003099,SHPC,33,36,105,220.00,"23,100.00"
2019-02-12,2019021201003058,SICL,7,38,20,874.00,"17,480.00"
2019-02-12,2019021201002728,SICL,38,38,22,873.00,"19,206.00"
2019-02-12,2019021201002869,SKBBL,36,28,89,845.00,"75,205.00"
2019-02-12,2019021201002868,SKBBL,19,28,50,846.00,"42,300.00"
2019-02-12,2019021201003098,SLBSL,32,59,10,806.00,"8,060.00"
2019-02-12,2019021201003094,SLBSL,32,59,10,806.00,"8,060.00"
2019-02-12,2019021201003089,SLBSL,32,59,10,806.00,"8,060.00"
2019-02-12,2019021201002994,SLBSL,42,59,10,805.00,"8,050.00"
2019-02-12,2019021201002938,SLBSL,42,58,10,805.00,"8,050.00"
2019-02-12,2019021201002932,SLBSL,52,58,10,806.00,"8,060.00"
2019-02-12,2019021201002832,SLBSL,42,42,10,805.00,"8,050.00"
2019-02-12,2019021201002805,SLICL,6,36,120,511.00,"61,320.00"
2019-02-12,2019021201002804,SLICL,25,36,500,514.00,"257,000.00"
2019-02-12,2019021201002795,SLICL,58,36,20,515.00,"10,300.00"
2019-02-12,2019021201002794,SLICL,47,36,100,515.00,"51,500.00"
2019-02-12,2019021201002793,SLICL,25,36,397,515.00,"204,455.00"
2019-02-12,2019021201002784,SLICL,25,36,103,515.00,"53,045.00"
2019-02-12,2019021201002783,SLICL,16,36,50,516.00,"25,800.00"
2019-02-12,2019021201002782,SLICL,22,36,400,516.00,"206,400.00"
2019-02-12,2019021201002781,SLICL,14,36,30,520.00,"15,600.00"
2019-02-12,2019021201002689,SLICL,17,4,100,521.00,"52,100.00"
2019-02-12,2019021201002660,SLICL,22,4,200,521.00,"104,200.00"
2019-02-12,2019021201002695,SMB,42,1,10,681.00,"6,810.00"
2019-02-12,2019021201002721,SMB,42,1,10,681.00,"6,810.00"
2019-02-12,2019021201002704,SMB,42,1,10,681.00,"6,810.00"
2019-02-12,2019021201002906,SMB,42,58,10,681.00,"6,810.00"
2019-02-12,2019021201002909,SPDL,43,1,15,87.00,"1,305.00"
2019-02-12,2019021201002908,SPDL,29,8,10,87.00,870.00
2019-02-12,2019021201002644,SRBL,49,59,50,208.00,"10,400.00"
2019-02-12,2019021201003118,UPPER,46,14,25,231.00,"5,775.00"
2019-02-12,2019021201003116,UPPER,46,44,50,231.00,"11,550.00"
2019-02-12,2019021201003115,UPPER,46,44,50,231.00,"11,550.00"
2019-02-12,2019021201003114,UPPER,46,44,50,231.00,"11,550.00"
2019-02-12,2019021201003113,UPPER,46,44,40,231.00,"9,240.00"
2019-02-12,2019021201002649,UPPER,58,44,50,230.00,"11,500.00"
2019-02-12,2019021201002626,UPPER,37,44,40,231.00,"9,240.00"
2019-02-12,2019021201002625,UPPER,37,16,10,231.00,"2,310.00"
2019-02-12,2019021201002624,UPPER,37,16,40,231.00,"9,240.00"
2019-02-12,2019021201002623,UPPER,37,39,10,231.00,"2,310.00"
2019-02-12,2019021201002688,UPPER,22,44,40,231.00,"9,240.00"
2019-02-12,2019021201002671,UPPER,22,35,50,231.00,"11,550.00"
2019-02-12,2019021201002670,UPPER,22,16,50,231.00,"11,550.00"
2019-02-12,2019021201002669,UPPER,22,37,50,231.00,"11,550.00"
2019-02-12,2019021201002668,UPPER,22,37,50,231.00,"11,550.00"
2019-02-12,2019021201002667,UPPER,22,44,10,231.00,"2,310.00"
2019-02-12,2019021201002731,UPPER,22,43,50,231.00,"11,550.00"
2019-02-12,2019021201002720,UPPER,22,16,40,231.00,"9,240.00"
2019-02-12,2019021201002719,UPPER,22,43,50,231.00,"11,550.00"
2019-02-12,2019021201002718,UPPER,22,44,40,231.00,"9,240.00"
2019-02-12,2019021201002699,UPPER,22,42,40,231.00,"9,240.00"
2019-02-12,2019021201002759,UPPER,35,44,10,231.00,"2,310.00"
2019-02-12,2019021201002749,UPPER,58,44,40,230.00,"9,200.00"
2019-02-12,2019021201002741,UPPER,58,29,40,230.00,"9,200.00"
2019-02-12,2019021201002732,UPPER,22,44,30,231.00,"6,930.00"
2019-02-12,2019021201002928,UPPER,58,44,50,230.00,"11,500.00"
2019-02-12,2019021201002870,UPPER,58,33,50,230.00,"11,500.00"
2019-02-12,2019021201002760,UPPER,35,16,30,231.00,"6,930.00"
2019-02-12,2019021201002949,UPPER,58,34,50,230.00,"11,500.00"
2019-02-12,2019021201002944,UPPER,58,34,50,230.00,"11,500.00"
2019-02-12,2019021201002943,UPPER,58,44,40,230.00,"9,200.00"
2019-02-12,2019021201002969,UPPER,58,10,10,230.00,"2,300.00"
2019-02-12,2019021201002959,UPPER,58,44,50,230.00,"11,500.00"
2019-02-12,2019021201003017,UPPER,41,43,40,231.00,"9,240.00"
2019-02-12,2019021201003016,UPPER,41,16,40,231.00,"9,240.00"
2019-02-12,2019021201003015,UPPER,41,14,40,231.00,"9,240.00"
2019-02-12,2019021201003014,UPPER,41,43,50,231.00,"11,550.00"
2019-02-12,2019021201003013,UPPER,41,16,20,231.00,"4,620.00"
2019-02-12,2019021201003023,UPPER,41,16,50,231.00,"11,550.00"
2019-02-12,2019021201003022,UPPER,41,43,40,231.00,"9,240.00"
2019-02-12,2019021201003021,UPPER,41,43,40,231.00,"9,240.00"
2019-02-12,2019021201003020,UPPER,41,43,50,231.00,"11,550.00"
2019-02-12,2019021201003019,UPPER,41,16,40,231.00,"9,240.00"
2019-02-12,2019021201003018,UPPER,41,43,50,231.00,"11,550.00"
2019-02-12,2019021201003070,UPPER,58,29,50,230.00,"11,500.00"
2019-02-12,2019021201003044,UPPER,58,42,40,230.00,"9,200.00"
2019-02-12,2019021201003024,UPPER,41,43,40,231.00,"9,240.00"
2019-02-12,2019021201003112,UPPER,46,44,185,231.00,"42,735.00"
2019-02-12,2019021201003082,UPPER,58,22,50,230.00,"11,500.00"
2019-02-12,2019021201003081,UPPER,45,34,200,231.00,"46,200.00"
2019-02-12,2019021201003108,WOMI,48,49,80,"1,121.00","89,680.00"
2019-02-12,2019021201003097,WOMI,39,49,18,"1,121.00","20,178.00"
2019-02-12,2019021201002898,WOMI,33,49,133,"1,121.00","149,093.00"
2019-02-12,2019021201002341,ADBL,6,59,149,331.00,"49,319.00"
2019-02-12,2019021201002232,ADBL,3,13,30,332.00,"9,960.00"
2019-02-12,2019021201002231,ADBL,19,13,30,333.00,"9,990.00"
2019-02-12,2019021201002558,AHPC,16,29,88,99.00,"8,712.00"
2019-02-12,2019021201002420,AHPC,22,56,"1,000",100.00,"100,000.00"
2019-02-12,2019021201002613,AKJCL,42,42,10,83.00,830.00
2019-02-12,2019021201002612,AKJCL,42,42,10,83.00,830.00
2019-02-12,2019021201002611,AKJCL,42,42,10,83.00,830.00
2019-02-12,2019021201002610,AKJCL,42,42,10,83.00,830.00
2019-02-12,2019021201002609,AKJCL,42,42,10,83.00,830.00
2019-02-12,2019021201002608,AKJCL,42,42,10,83.00,830.00
2019-02-12,2019021201002340,AKJCL,49,51,20,82.00,"1,640.00"
2019-02-12,2019021201002315,AKJCL,49,7,10,82.00,820.00
2019-02-12,2019021201002227,AKJCL,49,7,10,82.00,820.00
2019-02-12,2019021201002607,AKJCL,42,8,10,83.00,830.00
2019-02-12,2019021201002606,AKJCL,42,7,10,83.00,830.00
2019-02-12,2019021201002502,AKJCL,49,29,20,82.00,"1,640.00"
2019-02-12,2019021201002427,AKJCL,49,7,10,82.00,820.00
2019-02-12,2019021201002362,AKJCL,49,51,10,82.00,820.00
2019-02-12,2019021201002346,AKJCL,49,51,20,82.00,"1,640.00"
2019-02-12,2019021201002348,AKPL,19,1,13,172.00,"2,236.00"
2019-02-12,2019021201002304,AKPL,19,1,13,172.00,"2,236.00"
2019-02-12,2019021201002237,AKPL,19,1,13,172.00,"2,236.00"
2019-02-12,2019021201002185,AKPL,19,1,13,172.00,"2,236.00"
2019-02-12,2019021201002423,API,39,25,500,133.00,"66,500.00"
2019-02-12,2019021201002358,API,39,20,11,133.00,"1,463.00"
2019-02-12,2019021201002175,BARUN,22,42,10,96.00,960.00
2019-02-12,2019021201002509,BHBL,28,28,"4,000",140.00,"560,000.00"
2019-02-12,2019021201002467,BOKL,29,21,50,237.00,"11,850.00"
2019-02-12,2019021201002466,BOKL,51,21,50,238.00,"11,900.00"
2019-02-12,2019021201002305,BOKL,51,41,50,238.00,"11,900.00"
2019-02-12,2019021201002158,BOKL,51,41,100,238.00,"23,800.00"
2019-02-12,2019021201002326,BPCL,29,39,10,349.00,"3,490.00"
2019-02-12,2019021201002193,BPCL,52,39,100,356.00,"35,600.00"
2019-02-12,2019021201002544,CBL,39,42,300,154.00,"46,200.00"
2019-02-12,2019021201002447,CBL,1,42,150,154.00,"23,100.00"
2019-02-12,2019021201002360,CBL,42,42,230,154.00,"35,420.00"
2019-02-12,2019021201002228,CBL,47,42,50,154.00,"7,700.00"
2019-02-12,2019021201002194,CBL,46,42,153,154.00,"23,562.00"
2019-02-12,2019021201002500,CCBL,47,26,50,161.00,"8,050.00"
2019-02-12,2019021201002299,CCBL,14,5,475,160.00,"76,000.00"
2019-02-12,2019021201002298,CCBL,47,5,115,160.00,"18,400.00"
2019-02-12,2019021201002297,CCBL,44,5,"2,000",160.00,"320,000.00"
2019-02-12,2019021201002174,CCBL,5,57,65,161.00,"10,465.00"
2019-02-12,2019021201002139,CCBL,5,57,335,161.00,"53,935.00"
2019-02-12,2019021201002138,CCBL,51,57,500,161.00,"80,500.00"
2019-02-12,2019021201002137,CCBL,35,57,200,161.00,"32,200.00"
2019-02-12,2019021201002136,CCBL,16,57,65,161.00,"10,465.00"
2019-02-12,2019021201002296,CCBL,56,5,500,160.00,"80,000.00"
2019-02-12,2019021201002295,CCBL,47,5,200,160.00,"32,000.00"
2019-02-12,2019021201002294,CCBL,10,5,"1,000",161.00,"161,000.00"
2019-02-12,2019021201002276,CCBL,55,57,900,161.00,"144,900.00"
2019-02-12,2019021201002244,CCBL,21,57,200,161.00,"32,200.00"
2019-02-12,2019021201002599,CHCL,26,59,50,506.00,"25,300.00"
2019-02-12,2019021201002512,CHCL,55,47,18,508.00,"9,144.00"
2019-02-12,2019021201002419,CHCL,35,47,30,508.00,"15,240.00"
2019-02-12,2019021201002383,CHCL,16,16,40,505.00,"20,200.00"
2019-02-12,2019021201002325,CHCL,16,25,50,505.00,"25,250.00"
2019-02-12,2019021201002213,CHCL,11,16,10,508.00,"5,080.00"
2019-02-12,2019021201002148,CHCL,16,50,400,505.00,"202,000.00"
2019-02-12,2019021201002442,CIT,25,34,23,"2,625.00","60,375.00"
2019-02-12,2019021201002441,CIT,25,43,22,"2,625.00","57,750.00"
2019-02-12,2019021201002212,CIT,11,40,50,"2,625.00","131,250.00"
2019-02-12,2019021201002605,CZBIL,33,34,120,204.00,"24,480.00"
2019-02-12,2019021201002604,CZBIL,33,58,200,204.00,"40,800.00"
2019-02-12,2019021201002603,CZBIL,33,43,99,204.00,"20,196.00"
2019-02-12,2019021201002567,CZBIL,8,43,50,204.00,"10,200.00"
2019-02-12,2019021201002449,CZBIL,16,43,151,204.00,"30,804.00"
2019-02-12,2019021201002179,CZBIL,13,51,15,203.00,"3,045.00"
2019-02-12,2019021201002218,DDBL,21,25,69,578.00,"39,882.00"
2019-02-12,2019021201002217,DDBL,35,25,50,578.00,"28,900.00"
2019-02-12,2019021201002572,EBL,38,58,30,515.00,"15,450.00"
2019-02-12,2019021201002279,EBL,45,58,20,515.00,"10,300.00"
2019-02-12,2019021201002249,EBL,45,48,15,515.00,"7,725.00"
2019-02-12,2019021201002495,FMDBL,26,14,10,364.00,"3,640.00"
2019-02-12,2019021201002287,FMDBL,46,58,20,363.00,"7,260.00"
2019-02-12,2019021201002503,FOWAD,33,48,50,"1,559.00","77,950.00"
2019-02-12,2019021201002445,FOWAD,33,48,50,"1,559.00","77,950.00"
2019-02-12,2019021201002472,GBBL,5,42,61,181.00,"11,041.00"
2019-02-12,2019021201002471,GBBL,49,42,39,182.00,"7,098.00"
2019-02-12,2019021201002205,GBIME,20,43,20,262.00,"5,240.00"
2019-02-12,2019021201002593,GBLBS,55,1,10,431.00,"4,310.00"
2019-02-12,2019021201002588,GBLBS,55,1,10,431.00,"4,310.00"
2019-02-12,2019021201002480,GBLBS,36,34,150,434.00,"65,100.00"
2019-02-12,2019021201002363,GBLBS,55,20,10,431.00,"4,310.00"
2019-02-12,2019021201002187,GBLBS,1,1,10,430.00,"4,300.00"
2019-02-12,2019021201002171,GBLBS,1,52,37,430.00,"15,910.00"
2019-02-12,2019021201002170,GBLBS,53,52,100,431.00,"43,100.00"
2019-02-12,2019021201002169,GBLBS,39,52,13,431.00,"5,603.00"
2019-02-12,2019021201002168,GBLBS,5,52,50,432.00,"21,600.00"
2019-02-12,2019021201002478,GDBL,45,58,200,180.00,"36,000.00"
2019-02-12,2019021201002504,GFCL,18,52,200,118.00,"23,600.00"
2019-02-12,2019021201002451,GRDBL,45,13,50,104.00,"5,200.00"
2019-02-12,2019021201002450,GRDBL,45,33,50,104.00,"5,200.00"
2019-02-12,2019021201002389,HDL,32,57,60,"1,367.00","82,020.00"
2019-02-12,2019021201002364,HDL,32,17,50,"1,367.00","68,350.00"
2019-02-12,2019021201002275,HDL,32,25,10,"1,367.00","13,670.00"
2019-02-12,2019021201002566,HGI,45,39,27,377.00,"10,179.00"
2019-02-12,2019021201002565,HGI,35,39,200,377.00,"75,400.00"
2019-02-12,2019021201002564,HGI,25,39,73,377.00,"27,521.00"
2019-02-12,2019021201002366,HGI,25,20,27,377.00,"10,179.00"
2019-02-12,2019021201002322,HGI,29,20,100,377.00,"37,700.00"
2019-02-12,2019021201002321,HGI,53,20,30,380.00,"11,400.00"
2019-02-12,2019021201002538,HIDCL,32,32,27,136.00,"3,672.00"
2019-02-12,2019021201002537,HIDCL,32,32,23,136.00,"3,128.00"
2019-02-12,2019021201002361,HIDCL,53,41,29,135.00,"3,915.00"
2019-02-12,2019021201002485,HPPL,6,1,10,174.00,"1,740.00"
2019-02-12,2019021201002376,HPPL,6,20,20,174.00,"3,480.00"
2019-02-12,2019021201002354,HPPL,6,1,10,174.00,"1,740.00"
2019-02-12,2019021201002311,HPPL,6,1,10,174.00,"1,740.00"
2019-02-12,2019021201002240,HPPL,6,1,10,174.00,"1,740.00"
2019-02-12,2019021201002191,HPPL,6,1,10,174.00,"1,740.00"
2019-02-12,2019021201002120,HPPL,6,1,20,174.00,"3,480.00"
2019-02-12,2019021201002424,JBBL,44,39,328,137.00,"44,936.00"
2019-02-12,2019021201002209,JBBL,47,39,100,137.00,"13,700.00"
2019-02-12,2019021201002542,JBNL,33,48,85,167.00,"14,195.00"
2019-02-12,2019021201002380,JBNL,33,20,32,167.00,"5,344.00"
2019-02-12,2019021201002153,JEFL,4,1,400,135.00,"54,000.00"
2019-02-12,2019021201002152,JEFL,4,1,100,135.00,"13,500.00"
2019-02-12,2019021201002151,JEFL,4,28,"1,000",134.00,"134,000.00"
2019-02-12,2019021201002150,JEFL,4,5,500,134.00,"67,000.00"
2019-02-12,2019021201002149,JEFL,4,43,540,134.00,"72,360.00"
2019-02-12,2019021201002343,JFL,57,57,"1,600",163.00,"260,800.00"
2019-02-12,2019021201002331,JFL,58,20,68,162.00,"11,016.00"
2019-02-12,2019021201002330,JFL,47,20,23,163.00,"3,749.00"
2019-02-12,2019021201002493,JSLBB,48,40,13,"2,461.00","31,993.00"
2019-02-12,2019021201002432,JSLBB,17,48,10,"2,487.00","24,870.00"
2019-02-12,2019021201002263,JSLBB,38,38,2,"2,462.00","4,924.00"
2019-02-12,2019021201002529,KBBL,1,1,200,211.00,"42,200.00"
2019-02-12,2019021201002416,KBBL,43,21,60,211.00,"12,660.00"
2019-02-12,2019021201002377,KBBL,57,1,"2,000",210.00,"420,000.00"
2019-02-12,2019021201002289,KBBL,1,1,"1,480",210.00,"310,800.00"
2019-02-12,2019021201002122,KBBL,1,21,100,211.00,"21,100.00"
2019-02-12,2019021201002597,KBL,34,38,159,235.00,"37,365.00"
