Date,Transact. No.,Symbol,Buyer,Seller,Quantity,Rate,Amount
2020-09-21,2020092104018300,CMF1,43,56,100,11.21,"1,121.00"
2020-09-21,2020092104018120,NICGF,58,36,100,9.39,939.00
2020-09-21,2020092104018114,NICGF,45,36,600,9.39,"5,634.00"
2020-09-21,2020092104017963,RBCLPO,54,16,20,"10,200.00","204,000.00"
2020-09-21,2020092104018348,RLI,45,35,10,640.00,"6,400.00"
2020-09-21,2020092104018347,RLI,45,10,10,640.00,"6,400.00"
2020-09-21,2020092104018346,RLI,56,25,10,641.00,"6,410.00"
2020-09-21,2020092104018345,RLI,45,45,10,640.00,"6,400.00"
2020-09-21,2020092104018344,RLI,45,26,10,640.00,"6,400.00"
2020-09-21,2020092104018343,RLI,45,53,10,640.00,"6,400.00"
2020-09-21,2020092104017851,RLI,52,38,10,636.00,"6,360.00"
2020-09-21,2020092104017850,RLI,52,54,10,636.00,"6,360.00"
2020-09-21,2020092104017849,RLI,52,57,10,636.00,"6,360.00"
2020-09-21,2020092104017857,RLI,4,18,10,636.00,"6,360.00"
2020-09-21,2020092104017856,RLI,4,10,10,636.00,"6,360.00"
2020-09-21,2020092104017855,RLI,4,20,10,636.00,"6,360.00"
2020-09-21,2020092104017854,RLI,4,38,10,636.00,"6,360.00"
2020-09-21,2020092104017853,RLI,4,44,10,636.00,"6,360.00"
2020-09-21,2020092104017852,RLI,52,35,10,636.00,"6,360.00"
2020-09-21,2020092104017863,RLI,42,38,10,635.00,"6,350.00"
2020-09-21,2020092104017862,RLI,42,56,10,635.00,"6,350.00"
2020-09-21,2020092104017861,RLI,42,16,10,635.00,"6,350.00"
2020-09-21,2020092104017860,RLI,42,38,10,635.00,"6,350.00"
2020-09-21,2020092104017859,RLI,42,38,10,635.00,"6,350.00"
2020-09-21,2020092104017858,RLI,42,58,10,635.00,"6,350.00"
2020-09-21,2020092104017869,RLI,42,26,10,635.00,"6,350.00"
2020-09-21,2020092104017868,RLI,42,35,10,635.00,"6,350.00"
2020-09-21,2020092104017867,RLI,42,29,10,635.00,"6,350.00"
2020-09-21,2020092104017866,RLI,42,47,10,635.00,"6,350.00"
2020-09-21,2020092104017865,RLI,42,17,10,635.00,"6,350.00"
2020-09-21,2020092104017864,RLI,42,38,10,635.00,"6,350.00"
2020-09-21,2020092104017875,RLI,42,45,10,635.00,"6,350.00"
2020-09-21,2020092104017874,RLI,42,48,10,635.00,"6,350.00"
2020-09-21,2020092104017873,RLI,42,38,10,635.00,"6,350.00"
2020-09-21,2020092104017872,RLI,42,38,10,635.00,"6,350.00"
2020-09-21,2020092104017871,RLI,42,17,10,635.00,"6,350.00"
2020-09-21,2020092104017870,RLI,42,36,10,635.00,"6,350.00"
2020-09-21,2020092104017881,RLI,42,18,10,635.00,"6,350.00"
2020-09-21,2020092104017880,RLI,42,17,10,635.00,"6,350.00"
2020-09-21,2020092104017879,RLI,42,16,10,635.00,"6,350.00"
2020-09-21,2020092104017878,RLI,42,44,10,635.00,"6,350.00"
2020-09-21,2020092104017877,RLI,42,40,10,635.00,"6,350.00"
2020-09-21,2020092104017876,RLI,41,41,10,636.00,"6,360.00"
2020-09-21,2020092104017887,RLI,8,59,10,635.00,"6,350.00"
2020-09-21,2020092104017886,RLI,42,42,10,635.00,"6,350.00"
2020-09-21,2020092104017885,RLI,42,38,10,635.00,"6,350.00"
2020-09-21,2020092104017884,RLI,42,38,10,635.00,"6,350.00"
2020-09-21,2020092104017883,RLI,42,38,10,635.00,"6,350.00"
2020-09-21,2020092104017882,RLI,42,8,10,635.00,"6,350.00"
2020-09-21,2020092104017893,RLI,5,55,10,636.00,"6,360.00"
2020-09-21,2020092104017892,RLI,5,41,10,636.00,"6,360.00"
2020-09-21,2020092104017891,RLI,5,47,10,636.00,"6,360.00"
2020-09-21,2020092104017890,RLI,5,42,10,636.00,"6,360.00"
2020-09-21,2020092104017889,RLI,8,26,10,635.00,"6,350.00"
2020-09-21,2020092104017888,RLI,8,38,10,635.00,"6,350.00"
2020-09-21,2020092104017899,RLI,5,8,10,636.00,"6,360.00"
2020-09-21,2020092104017898,RLI,5,16,10,636.00,"6,360.00"
2020-09-21,2020092104017897,RLI,5,47,10,636.00,"6,360.00"
2020-09-21,2020092104017896,RLI,5,47,10,636.00,"6,360.00"
2020-09-21,2020092104017895,RLI,5,51,10,636.00,"6,360.00"
2020-09-21,2020092104017894,RLI,5,44,10,636.00,"6,360.00"
2020-09-21,2020092104017905,RLI,44,56,10,636.00,"6,360.00"
2020-09-21,2020092104017904,RLI,44,29,10,636.00,"6,360.00"
2020-09-21,2020092104017903,RLI,44,50,10,636.00,"6,360.00"
2020-09-21,2020092104017902,RLI,44,38,10,636.00,"6,360.00"
2020-09-21,2020092104017901,RLI,44,58,10,636.00,"6,360.00"
2020-09-21,2020092104017900,RLI,44,35,10,636.00,"6,360.00"
2020-09-21,2020092104017911,RLI,44,6,10,636.00,"6,360.00"
2020-09-21,2020092104017910,RLI,44,34,10,636.00,"6,360.00"
2020-09-21,2020092104017909,RLI,44,44,10,636.00,"6,360.00"
2020-09-21,2020092104017908,RLI,44,18,10,636.00,"6,360.00"
2020-09-21,2020092104017907,RLI,44,40,10,636.00,"6,360.00"
2020-09-21,2020092104017906,RLI,44,40,10,636.00,"6,360.00"
2020-09-21,2020092104017917,RLI,8,34,500,635.00,"317,500.00"
2020-09-21,2020092104017916,RLI,57,34,50,635.00,"31,750.00"
2020-09-21,2020092104017915,RLI,42,34,50,635.00,"31,750.00"
2020-09-21,2020092104017914,RLI,44,34,360,636.00,"228,960.00"
2020-09-21,2020092104017913,RLI,44,42,10,636.00,"6,360.00"
2020-09-21,2020092104017912,RLI,44,55,10,636.00,"6,360.00"
2020-09-21,2020092104017923,RLI,8,50,10,635.00,"6,350.00"
2020-09-21,2020092104017922,RLI,8,38,10,635.00,"6,350.00"
2020-09-21,2020092104017921,RLI,8,48,10,635.00,"6,350.00"
2020-09-21,2020092104017920,RLI,8,38,10,635.00,"6,350.00"
2020-09-21,2020092104017919,RLI,8,38,10,635.00,"6,350.00"
2020-09-21,2020092104017918,RLI,8,34,30,635.00,"19,050.00"
2020-09-21,2020092104017929,RLI,8,58,10,635.00,"6,350.00"
2020-09-21,2020092104017928,RLI,8,38,10,635.00,"6,350.00"
2020-09-21,2020092104017927,RLI,8,18,10,635.00,"6,350.00"
2020-09-21,2020092104017926,RLI,8,47,10,635.00,"6,350.00"
2020-09-21,2020092104017925,RLI,8,48,10,635.00,"6,350.00"
2020-09-21,2020092104017924,RLI,8,59,10,635.00,"6,350.00"
2020-09-21,2020092104017935,RLI,26,16,10,636.00,"6,360.00"
2020-09-21,2020092104017934,RLI,26,40,10,636.00,"6,360.00"
2020-09-21,2020092104017933,RLI,26,57,10,636.00,"6,360.00"
2020-09-21,2020092104017932,RLI,26,45,10,636.00,"6,360.00"
2020-09-21,2020092104017931,RLI,26,42,10,636.00,"6,360.00"
2020-09-21,2020092104017930,RLI,8,57,10,635.00,"6,350.00"
2020-09-21,2020092104017941,RLI,8,16,10,635.00,"6,350.00"
2020-09-21,2020092104017940,RLI,26,50,10,636.00,"6,360.00"
2020-09-21,2020092104017939,RLI,26,44,10,636.00,"6,360.00"
2020-09-21,2020092104017938,RLI,26,26,10,636.00,"6,360.00"
2020-09-21,2020092104017937,RLI,26,55,10,636.00,"6,360.00"
2020-09-21,2020092104017936,RLI,26,13,10,636.00,"6,360.00"
2020-09-21,2020092104017947,RLI,1,35,10,635.00,"6,350.00"
2020-09-21,2020092104017946,RLI,1,38,10,635.00,"6,350.00"
2020-09-21,2020092104017945,RLI,42,38,10,635.00,"6,350.00"
2020-09-21,2020092104017944,RLI,57,57,10,635.00,"6,350.00"
2020-09-21,2020092104017943,RLI,57,38,10,635.00,"6,350.00"
2020-09-21,2020092104017942,RLI,8,38,10,635.00,"6,350.00"
2020-09-21,2020092104017953,RLI,35,10,10,635.00,"6,350.00"
2020-09-21,2020092104017952,RLI,35,40,10,635.00,"6,350.00"
2020-09-21,2020092104017951,RLI,35,33,10,635.00,"6,350.00"
2020-09-21,2020092104017950,RLI,1,42,10,635.00,"6,350.00"
2020-09-21,2020092104017949,RLI,1,48,10,635.00,"6,350.00"
2020-09-21,2020092104017948,RLI,1,52,10,635.00,"6,350.00"
2020-09-21,2020092104017960,RLI,48,17,10,635.00,"6,350.00"
2020-09-21,2020092104017959,RLI,48,38,10,635.00,"6,350.00"
2020-09-21,2020092104017958,RLI,48,48,10,635.00,"6,350.00"
2020-09-21,2020092104017956,RLI,48,56,10,635.00,"6,350.00"
2020-09-21,2020092104017955,RLI,35,16,10,635.00,"6,350.00"
2020-09-21,2020092104017954,RLI,35,35,10,635.00,"6,350.00"
2020-09-21,2020092104017967,RLI,48,59,10,635.00,"6,350.00"
2020-09-21,2020092104017966,RLI,48,38,10,635.00,"6,350.00"
2020-09-21,2020092104017965,RLI,48,43,10,635.00,"6,350.00"
2020-09-21,2020092104017964,RLI,48,38,10,635.00,"6,350.00"
2020-09-21,2020092104017962,RLI,48,36,10,635.00,"6,350.00"
2020-09-21,2020092104017961,RLI,48,47,10,635.00,"6,350.00"
2020-09-21,2020092104017973,RLI,22,18,10,635.00,"6,350.00"
2020-09-21,2020092104017972,RLI,22,38,10,635.00,"6,350.00"
2020-09-21,2020092104017971,RLI,22,16,10,635.00,"6,350.00"
2020-09-21,2020092104017970,RLI,22,40,10,635.00,"6,350.00"
2020-09-21,2020092104017969,RLI,22,37,10,635.00,"6,350.00"
2020-09-21,2020092104017968,RLI,22,35,10,635.00,"6,350.00"
2020-09-21,2020092104017979,RLI,45,58,10,636.00,"6,360.00"
2020-09-21,2020092104017978,RLI,45,58,10,636.00,"6,360.00"
2020-09-21,2020092104017977,RLI,45,52,10,636.00,"6,360.00"
2020-09-21,2020092104017976,RLI,45,42,10,636.00,"6,360.00"
2020-09-21,2020092104017975,RLI,45,29,10,636.00,"6,360.00"
2020-09-21,2020092104017974,RLI,22,36,10,635.00,"6,350.00"
2020-09-21,2020092104017985,RLI,57,50,10,636.00,"6,360.00"
2020-09-21,2020092104017984,RLI,45,44,10,636.00,"6,360.00"
2020-09-21,2020092104017983,RLI,45,55,10,636.00,"6,360.00"
2020-09-21,2020092104017982,RLI,45,48,10,636.00,"6,360.00"
2020-09-21,2020092104017981,RLI,45,34,10,636.00,"6,360.00"
2020-09-21,2020092104017980,RLI,45,40,10,636.00,"6,360.00"
2020-09-21,2020092104017994,RLI,57,47,10,636.00,"6,360.00"
2020-09-21,2020092104017993,RLI,57,38,10,636.00,"6,360.00"
2020-09-21,2020092104017989,RLI,57,28,10,636.00,"6,360.00"
2020-09-21,2020092104017988,RLI,57,35,10,636.00,"6,360.00"
2020-09-21,2020092104017987,RLI,57,18,10,636.00,"6,360.00"
2020-09-21,2020092104017986,RLI,57,38,10,636.00,"6,360.00"
2020-09-21,2020092104018000,RLI,58,38,10,635.00,"6,350.00"
2020-09-21,2020092104017999,RLI,22,38,10,635.00,"6,350.00"
2020-09-21,2020092104017998,RLI,22,16,10,635.00,"6,350.00"
2020-09-21,2020092104017997,RLI,57,40,10,636.00,"6,360.00"
2020-09-21,2020092104017996,RLI,57,45,10,636.00,"6,360.00"
2020-09-21,2020092104017995,RLI,57,58,10,636.00,"6,360.00"
2020-09-21,2020092104018006,RLI,48,45,10,635.00,"6,350.00"
2020-09-21,2020092104018005,RLI,48,56,10,635.00,"6,350.00"
2020-09-21,2020092104018004,RLI,58,57,10,635.00,"6,350.00"
2020-09-21,2020092104018003,RLI,58,7,10,635.00,"6,350.00"
2020-09-21,2020092104018002,RLI,58,16,10,635.00,"6,350.00"
2020-09-21,2020092104018001,RLI,58,35,10,635.00,"6,350.00"
2020-09-21,2020092104018012,RLI,48,57,10,635.00,"6,350.00"
2020-09-21,2020092104018011,RLI,48,59,10,635.00,"6,350.00"
2020-09-21,2020092104018010,RLI,48,56,10,635.00,"6,350.00"
2020-09-21,2020092104018009,RLI,48,57,10,635.00,"6,350.00"
2020-09-21,2020092104018008,RLI,48,10,10,635.00,"6,350.00"
2020-09-21,2020092104018007,RLI,48,40,10,635.00,"6,350.00"
2020-09-21,2020092104018018,RLI,34,42,10,636.00,"6,360.00"
2020-09-21,2020092104018017,RLI,34,55,10,636.00,"6,360.00"
2020-09-21,2020092104018016,RLI,34,17,10,636.00,"6,360.00"
2020-09-21,2020092104018015,RLI,48,48,10,635.00,"6,350.00"
2020-09-21,2020092104018014,RLI,48,47,10,635.00,"6,350.00"
2020-09-21,2020092104018013,RLI,48,35,10,635.00,"6,350.00"
2020-09-21,2020092104018024,RLI,56,42,10,636.00,"6,360.00"
2020-09-21,2020092104018023,RLI,56,55,10,636.00,"6,360.00"
2020-09-21,2020092104018022,RLI,48,38,10,635.00,"6,350.00"
2020-09-21,2020092104018021,RLI,48,40,10,635.00,"6,350.00"
2020-09-21,2020092104018020,RLI,34,11,10,637.00,"6,370.00"
2020-09-21,2020092104018019,RLI,34,5,10,637.00,"6,370.00"
2020-09-21,2020092104018030,RLI,34,40,10,637.00,"6,370.00"
2020-09-21,2020092104018029,RLI,34,52,10,637.00,"6,370.00"
2020-09-21,2020092104018028,RLI,34,42,10,637.00,"6,370.00"
2020-09-21,2020092104018027,RLI,48,38,10,635.00,"6,350.00"
2020-09-21,2020092104018026,RLI,48,35,10,635.00,"6,350.00"
2020-09-21,2020092104018025,RLI,56,58,10,636.00,"6,360.00"
2020-09-21,2020092104018036,RLI,34,14,10,637.00,"6,370.00"
2020-09-21,2020092104018035,RLI,34,55,10,637.00,"6,370.00"
2020-09-21,2020092104018034,RLI,34,55,10,637.00,"6,370.00"
2020-09-21,2020092104018033,RLI,34,58,10,637.00,"6,370.00"
2020-09-21,2020092104018032,RLI,34,49,10,637.00,"6,370.00"
2020-09-21,2020092104018031,RLI,34,40,10,637.00,"6,370.00"
2020-09-21,2020092104018042,RLI,5,45,10,635.00,"6,350.00"
2020-09-21,2020092104018041,RLI,5,19,10,635.00,"6,350.00"
2020-09-21,2020092104018040,RLI,5,56,10,635.00,"6,350.00"
2020-09-21,2020092104018039,RLI,5,16,10,635.00,"6,350.00"
2020-09-21,2020092104018038,RLI,5,42,10,635.00,"6,350.00"
2020-09-21,2020092104018037,RLI,34,40,10,637.00,"6,370.00"
2020-09-21,2020092104018048,RLI,44,48,10,635.00,"6,350.00"
2020-09-21,2020092104018047,RLI,5,47,10,635.00,"6,350.00"
2020-09-21,2020092104018046,RLI,5,17,10,635.00,"6,350.00"
2020-09-21,2020092104018045,RLI,5,35,10,635.00,"6,350.00"
2020-09-21,2020092104018044,RLI,5,38,10,635.00,"6,350.00"
2020-09-21,2020092104018043,RLI,5,1,10,635.00,"6,350.00"
2020-09-21,2020092104018054,RLI,44,57,10,635.00,"6,350.00"
2020-09-21,2020092104018053,RLI,44,16,10,635.00,"6,350.00"
2020-09-21,2020092104018052,RLI,44,10,10,635.00,"6,350.00"
2020-09-21,2020092104018051,RLI,44,49,10,636.00,"6,360.00"
2020-09-21,2020092104018050,RLI,44,3,10,636.00,"6,360.00"
2020-09-21,2020092104018049,RLI,44,48,10,635.00,"6,350.00"
2020-09-21,2020092104018060,RLI,55,40,10,636.00,"6,360.00"
2020-09-21,2020092104018059,RLI,55,40,10,636.00,"6,360.00"
2020-09-21,2020092104018058,RLI,44,38,10,635.00,"6,350.00"
2020-09-21,2020092104018057,RLI,44,57,10,635.00,"6,350.00"
2020-09-21,2020092104018056,RLI,44,35,10,635.00,"6,350.00"
2020-09-21,2020092104018055,RLI,44,56,10,635.00,"6,350.00"
2020-09-21,2020092104018066,RLI,3,58,10,635.00,"6,350.00"
2020-09-21,2020092104018065,RLI,3,40,10,635.00,"6,350.00"
2020-09-21,2020092104018064,RLI,44,57,10,635.00,"6,350.00"
2020-09-21,2020092104018063,RLI,55,55,10,636.00,"6,360.00"
2020-09-21,2020092104018062,RLI,55,26,10,636.00,"6,360.00"
2020-09-21,2020092104018061,RLI,55,45,10,636.00,"6,360.00"
2020-09-21,2020092104018072,RLI,45,48,10,635.00,"6,350.00"
2020-09-21,2020092104018071,RLI,45,35,10,635.00,"6,350.00"
2020-09-21,2020092104018070,RLI,45,16,10,635.00,"6,350.00"
2020-09-21,2020092104018069,RLI,3,42,10,635.00,"6,350.00"
2020-09-21,2020092104018068,RLI,3,52,10,635.00,"6,350.00"
2020-09-21,2020092104018067,RLI,3,38,10,635.00,"6,350.00"
2020-09-21,2020092104018078,RLI,34,47,10,635.00,"6,350.00"
2020-09-21,2020092104018077,RLI,34,18,10,635.00,"6,350.00"
2020-09-21,2020092104018076,RLI,34,59,10,635.00,"6,350.00"
2020-09-21,2020092104018075,RLI,34,40,10,635.00,"6,350.00"
2020-09-21,2020092104018074,RLI,45,48,10,635.00,"6,350.00"
2020-09-21,2020092104018073,RLI,45,48,10,635.00,"6,350.00"
2020-09-21,2020092104018084,RLI,56,18,10,636.00,"6,360.00"
2020-09-21,2020092104018083,RLI,56,55,10,636.00,"6,360.00"
2020-09-21,2020092104018082,RLI,34,48,10,635.00,"6,350.00"
2020-09-21,2020092104018081,RLI,34,10,10,635.00,"6,350.00"
2020-09-21,2020092104018080,RLI,34,35,10,635.00,"6,350.00"
2020-09-21,2020092104018079,RLI,34,44,10,635.00,"6,350.00"
2020-09-21,2020092104018090,RLI,34,48,10,635.00,"6,350.00"
2020-09-21,2020092104018089,RLI,34,35,10,635.00,"6,350.00"
2020-09-21,2020092104018088,RLI,34,59,10,635.00,"6,350.00"
2020-09-21,2020092104018087,RLI,34,57,10,635.00,"6,350.00"
2020-09-21,2020092104018086,RLI,34,38,10,635.00,"6,350.00"
2020-09-21,2020092104018085,RLI,34,16,10,635.00,"6,350.00"
2020-09-21,2020092104018096,RLI,45,57,10,636.00,"6,360.00"
2020-09-21,2020092104018095,RLI,45,18,10,636.00,"6,360.00"
2020-09-21,2020092104018094,RLI,45,48,10,636.00,"6,360.00"
2020-09-21,2020092104018093,RLI,45,56,10,636.00,"6,360.00"
2020-09-21,2020092104018092,RLI,45,8,10,636.00,"6,360.00"
2020-09-21,2020092104018091,RLI,45,42,10,636.00,"6,360.00"
2020-09-21,2020092104018102,RLI,45,25,10,637.00,"6,370.00"
2020-09-21,2020092104018101,RLI,45,45,10,637.00,"6,370.00"
2020-09-21,2020092104018100,RLI,45,36,10,637.00,"6,370.00"
2020-09-21,2020092104018099,RLI,45,8,10,636.00,"6,360.00"
2020-09-21,2020092104018098,RLI,45,16,10,636.00,"6,360.00"
2020-09-21,2020092104018097,RLI,45,56,10,636.00,"6,360.00"
2020-09-21,2020092104018108,RLI,45,38,10,637.00,"6,370.00"
2020-09-21,2020092104018107,RLI,45,34,10,637.00,"6,370.00"
2020-09-21,2020092104018106,RLI,45,59,10,637.00,"6,370.00"
2020-09-21,2020092104018105,RLI,45,45,10,637.00,"6,370.00"
2020-09-21,2020092104018104,RLI,45,41,10,637.00,"6,370.00"
2020-09-21,2020092104018103,RLI,45,52,10,637.00,"6,370.00"
2020-09-21,2020092104018115,RLI,45,28,10,637.00,"6,370.00"
2020-09-21,2020092104018113,RLI,45,18,10,637.00,"6,370.00"
2020-09-21,2020092104018112,RLI,45,48,10,637.00,"6,370.00"
2020-09-21,2020092104018111,RLI,45,43,10,637.00,"6,370.00"
2020-09-21,2020092104018110,RLI,45,40,10,637.00,"6,370.00"
2020-09-21,2020092104018109,RLI,45,35,10,637.00,"6,370.00"
2020-09-21,2020092104018122,RLI,45,59,10,637.00,"6,370.00"
2020-09-21,2020092104018121,RLI,45,38,10,637.00,"6,370.00"
2020-09-21,2020092104018119,RLI,45,58,10,637.00,"6,370.00"
2020-09-21,2020092104018118,RLI,45,45,10,637.00,"6,370.00"
2020-09-21,2020092104018117,RLI,45,38,10,637.00,"6,370.00"
2020-09-21,2020092104018116,RLI,45,55,10,637.00,"6,370.00"
2020-09-21,2020092104018128,RLI,45,8,10,637.00,"6,370.00"
2020-09-21,2020092104018127,RLI,45,42,10,637.00,"6,370.00"
2020-09-21,2020092104018126,RLI,45,36,10,637.00,"6,370.00"
2020-09-21,2020092104018125,RLI,45,16,10,637.00,"6,370.00"
2020-09-21,2020092104018124,RLI,45,47,10,637.00,"6,370.00"
2020-09-21,2020092104018123,RLI,45,48,10,637.00,"6,370.00"
2020-09-21,2020092104018134,RLI,45,48,10,637.00,"6,370.00"
2020-09-21,2020092104018133,RLI,45,18,10,637.00,"6,370.00"
2020-09-21,2020092104018132,RLI,45,57,10,637.00,"6,370.00"
2020-09-21,2020092104018131,RLI,45,56,10,637.00,"6,370.00"
2020-09-21,2020092104018130,RLI,45,57,10,637.00,"6,370.00"
2020-09-21,2020092104018129,RLI,45,42,10,637.00,"6,370.00"
2020-09-21,2020092104018140,RLI,45,10,10,637.00,"6,370.00"
2020-09-21,2020092104018139,RLI,45,7,10,637.00,"6,370.00"
2020-09-21,2020092104018138,RLI,56,5,10,638.00,"6,380.00"
2020-09-21,2020092104018137,RLI,45,18,10,637.00,"6,370.00"
2020-09-21,2020092104018136,RLI,45,47,10,637.00,"6,370.00"
2020-09-21,2020092104018135,RLI,45,7,10,637.00,"6,370.00"
2020-09-21,2020092104018146,RLI,50,37,10,638.00,"6,380.00"
2020-09-21,2020092104018145,RLI,50,33,10,638.00,"6,380.00"
2020-09-21,2020092104018144,RLI,50,40,10,638.00,"6,380.00"
2020-09-21,2020092104018143,RLI,50,49,10,638.00,"6,380.00"
2020-09-21,2020092104018142,RLI,50,38,10,638.00,"6,380.00"
2020-09-21,2020092104018141,RLI,45,47,10,637.00,"6,370.00"
2020-09-21,2020092104018152,RLI,50,38,10,638.00,"6,380.00"
2020-09-21,2020092104018151,RLI,50,48,10,638.00,"6,380.00"
2020-09-21,2020092104018150,RLI,50,41,10,638.00,"6,380.00"
2020-09-21,2020092104018149,RLI,50,53,10,638.00,"6,380.00"
2020-09-21,2020092104018148,RLI,50,10,10,638.00,"6,380.00"
2020-09-21,2020092104018147,RLI,50,40,10,638.00,"6,380.00"
2020-09-21,2020092104018158,RLI,50,57,10,638.00,"6,380.00"
2020-09-21,2020092104018157,RLI,50,57,10,638.00,"6,380.00"
2020-09-21,2020092104018156,RLI,50,58,10,638.00,"6,380.00"
2020-09-21,2020092104018155,RLI,50,58,10,638.00,"6,380.00"
2020-09-21,2020092104018154,RLI,50,42,10,638.00,"6,380.00"
2020-09-21,2020092104018153,RLI,50,43,10,638.00,"6,380.00"
2020-09-21,2020092104018164,RLI,50,56,10,638.00,"6,380.00"
2020-09-21,2020092104018163,RLI,50,17,10,638.00,"6,380.00"
2020-09-21,2020092104018162,RLI,50,25,10,638.00,"6,380.00"
2020-09-21,2020092104018161,RLI,50,48,10,638.00,"6,380.00"
2020-09-21,2020092104018160,RLI,50,17,10,638.00,"6,380.00"
2020-09-21,2020092104018159,RLI,50,56,10,638.00,"6,380.00"
2020-09-21,2020092104018170,RLI,50,10,10,638.00,"6,380.00"
2020-09-21,2020092104018169,RLI,50,47,10,638.00,"6,380.00"
2020-09-21,2020092104018168,RLI,50,48,10,638.00,"6,380.00"
2020-09-21,2020092104018167,RLI,50,52,10,638.00,"6,380.00"
2020-09-21,2020092104018166,RLI,50,39,10,638.00,"6,380.00"
2020-09-21,2020092104018165,RLI,50,41,10,638.00,"6,380.00"
2020-09-21,2020092104018178,RLI,41,35,10,638.00,"6,380.00"
2020-09-21,2020092104018177,RLI,41,10,10,638.00,"6,380.00"
2020-09-21,2020092104018176,RLI,41,4,10,638.00,"6,380.00"
2020-09-21,2020092104018173,RLI,41,48,10,638.00,"6,380.00"
2020-09-21,2020092104018172,RLI,41,48,10,638.00,"6,380.00"
2020-09-21,2020092104018171,RLI,50,54,10,638.00,"6,380.00"
2020-09-21,2020092104018184,RLI,51,41,10,639.00,"6,390.00"
2020-09-21,2020092104018183,RLI,51,21,10,639.00,"6,390.00"
2020-09-21,2020092104018182,RLI,51,34,10,639.00,"6,390.00"
2020-09-21,2020092104018181,RLI,41,41,10,638.00,"6,380.00"
2020-09-21,2020092104018180,RLI,41,17,10,638.00,"6,380.00"
2020-09-21,2020092104018179,RLI,41,48,10,638.00,"6,380.00"
2020-09-21,2020092104018190,RLI,51,43,10,639.00,"6,390.00"
2020-09-21,2020092104018189,RLI,51,4,10,639.00,"6,390.00"
2020-09-21,2020092104018188,RLI,51,16,10,639.00,"6,390.00"
2020-09-21,2020092104018187,RLI,51,21,10,639.00,"6,390.00"
2020-09-21,2020092104018186,RLI,51,57,10,639.00,"6,390.00"
2020-09-21,2020092104018185,RLI,51,40,10,639.00,"6,390.00"
2020-09-21,2020092104018196,RLI,51,43,10,639.00,"6,390.00"
2020-09-21,2020092104018195,RLI,51,40,10,639.00,"6,390.00"
2020-09-21,2020092104018194,RLI,51,40,10,639.00,"6,390.00"
2020-09-21,2020092104018193,RLI,51,40,10,639.00,"6,390.00"
2020-09-21,2020092104018192,RLI,51,40,10,639.00,"6,390.00"
2020-09-21,2020092104018191,RLI,51,46,10,639.00,"6,390.00"
2020-09-21,2020092104018202,RLI,51,40,10,639.00,"6,390.00"
2020-09-21,2020092104018201,RLI,51,40,10,639.00,"6,390.00"
2020-09-21,2020092104018200,RLI,51,40,10,639.00,"6,390.00"
2020-09-21,2020092104018199,RLI,51,40,10,639.00,"6,390.00"
2020-09-21,2020092104018198,RLI,51,54,10,639.00,"6,390.00"
2020-09-21,2020092104018197,RLI,51,52,10,639.00,"6,390.00"
2020-09-21,2020092104018208,RLI,51,57,10,640.00,"6,400.00"
2020-09-21,2020092104018207,RLI,51,7,10,640.00,"6,400.00"
2020-09-21,2020092104018206,RLI,51,36,10,639.00,"6,390.00"
2020-09-21,2020092104018205,RLI,51,29,10,639.00,"6,390.00"
2020-09-21,2020092104018204,RLI,51,29,10,639.00,"6,390.00"
2020-09-21,2020092104018203,RLI,51,29,10,639.00,"6,390.00"
2020-09-21,2020092104018214,RLI,51,41,10,640.00,"6,400.00"
2020-09-21,2020092104018213,RLI,51,35,10,640.00,"6,400.00"
2020-09-21,2020092104018212,RLI,51,58,10,640.00,"6,400.00"
2020-09-21,2020092104018211,RLI,51,35,10,640.00,"6,400.00"
2020-09-21,2020092104018210,RLI,51,39,10,640.00,"6,400.00"
2020-09-21,2020092104018209,RLI,51,43,10,640.00,"6,400.00"
2020-09-21,2020092104018220,RLI,51,56,10,640.00,"6,400.00"
2020-09-21,2020092104018219,RLI,51,45,10,640.00,"6,400.00"
2020-09-21,2020092104018218,RLI,51,35,10,640.00,"6,400.00"
2020-09-21,2020092104018217,RLI,51,46,10,640.00,"6,400.00"
2020-09-21,2020092104018216,RLI,51,35,10,640.00,"6,400.00"
2020-09-21,2020092104018215,RLI,51,41,10,640.00,"6,400.00"
2020-09-21,2020092104018226,RLI,51,57,10,640.00,"6,400.00"
2020-09-21,2020092104018225,RLI,51,1,10,640.00,"6,400.00"
2020-09-21,2020092104018224,RLI,51,35,10,640.00,"6,400.00"
2020-09-21,2020092104018223,RLI,51,58,10,640.00,"6,400.00"
2020-09-21,2020092104018222,RLI,51,35,10,640.00,"6,400.00"
2020-09-21,2020092104018221,RLI,51,35,10,640.00,"6,400.00"
2020-09-21,2020092104018233,RLI,57,35,10,638.00,"6,380.00"
2020-09-21,2020092104018231,RLI,51,57,10,640.00,"6,400.00"
2020-09-21,2020092104018230,RLI,51,48,10,640.00,"6,400.00"
2020-09-21,2020092104018229,RLI,51,35,10,640.00,"6,400.00"
2020-09-21,2020092104018228,RLI,51,35,10,640.00,"6,400.00"
2020-09-21,2020092104018227,RLI,51,35,10,640.00,"6,400.00"
2020-09-21,2020092104018239,RLI,51,54,10,639.00,"6,390.00"
2020-09-21,2020092104018238,RLI,57,35,10,638.00,"6,380.00"
2020-09-21,2020092104018237,RLI,57,48,10,638.00,"6,380.00"
2020-09-21,2020092104018236,RLI,57,57,10,638.00,"6,380.00"
2020-09-21,2020092104018235,RLI,57,57,10,638.00,"6,380.00"
2020-09-21,2020092104018234,RLI,57,48,10,638.00,"6,380.00"
2020-09-21,2020092104018245,RLI,51,18,10,639.00,"6,390.00"
2020-09-21,2020092104018244,RLI,51,20,10,639.00,"6,390.00"
2020-09-21,2020092104018243,RLI,51,48,10,639.00,"6,390.00"
2020-09-21,2020092104018242,RLI,51,56,10,639.00,"6,390.00"
2020-09-21,2020092104018241,RLI,51,8,10,639.00,"6,390.00"
2020-09-21,2020092104018240,RLI,51,19,10,639.00,"6,390.00"
2020-09-21,2020092104018251,RLI,51,43,10,640.00,"6,400.00"
2020-09-21,2020092104018250,RLI,51,45,10,640.00,"6,400.00"
2020-09-21,2020092104018249,RLI,51,35,10,640.00,"6,400.00"
2020-09-21,2020092104018248,RLI,51,42,10,640.00,"6,400.00"
2020-09-21,2020092104018247,RLI,51,21,10,640.00,"6,400.00"
2020-09-21,2020092104018246,RLI,51,50,10,639.00,"6,390.00"
2020-09-21,2020092104018257,RLI,51,43,10,640.00,"6,400.00"
2020-09-21,2020092104018256,RLI,51,45,10,640.00,"6,400.00"
2020-09-21,2020092104018255,RLI,51,36,10,640.00,"6,400.00"
2020-09-21,2020092104018254,RLI,51,38,10,640.00,"6,400.00"
2020-09-21,2020092104018253,RLI,51,58,10,640.00,"6,400.00"
2020-09-21,2020092104018252,RLI,51,58,10,640.00,"6,400.00"
2020-09-21,2020092104018263,RLI,51,42,10,640.00,"6,400.00"
2020-09-21,2020092104018262,RLI,51,34,10,640.00,"6,400.00"
2020-09-21,2020092104018261,RLI,51,58,10,640.00,"6,400.00"
2020-09-21,2020092104018260,RLI,51,42,10,640.00,"6,400.00"
2020-09-21,2020092104018259,RLI,51,34,10,640.00,"6,400.00"
2020-09-21,2020092104018258,RLI,51,16,10,640.00,"6,400.00"
2020-09-21,2020092104018269,RLI,51,52,10,640.00,"6,400.00"
2020-09-21,2020092104018268,RLI,51,42,10,640.00,"6,400.00"
2020-09-21,2020092104018267,RLI,51,53,10,640.00,"6,400.00"
2020-09-21,2020092104018266,RLI,51,57,10,640.00,"6,400.00"
2020-09-21,2020092104018265,RLI,51,34,10,640.00,"6,400.00"
2020-09-21,2020092104018264,RLI,51,57,10,640.00,"6,400.00"
2020-09-21,2020092104018275,RLI,51,52,10,640.00,"6,400.00"
2020-09-21,2020092104018274,RLI,51,1,10,640.00,"6,400.00"
2020-09-21,2020092104018273,RLI,51,1,10,640.00,"6,400.00"
2020-09-21,2020092104018272,RLI,51,28,10,640.00,"6,400.00"
2020-09-21,2020092104018271,RLI,51,26,10,640.00,"6,400.00"
2020-09-21,2020092104018270,RLI,51,34,10,640.00,"6,400.00"
2020-09-21,2020092104018281,RLI,51,28,10,640.00,"6,400.00"
2020-09-21,2020092104018280,RLI,51,42,10,640.00,"6,400.00"
2020-09-21,2020092104018279,RLI,51,42,10,640.00,"6,400.00"
2020-09-21,2020092104018278,RLI,51,53,10,640.00,"6,400.00"
2020-09-21,2020092104018277,RLI,51,28,10,640.00,"6,400.00"
2020-09-21,2020092104018276,RLI,51,34,10,640.00,"6,400.00"
2020-09-21,2020092104018287,RLI,51,28,10,640.00,"6,400.00"
2020-09-21,2020092104018286,RLI,51,13,10,640.00,"6,400.00"
2020-09-21,2020092104018285,RLI,51,13,10,640.00,"6,400.00"
2020-09-21,2020092104018284,RLI,51,13,10,640.00,"6,400.00"
2020-09-21,2020092104018283,RLI,51,37,10,640.00,"6,400.00"
2020-09-21,2020092104018282,RLI,51,29,10,640.00,"6,400.00"
2020-09-21,2020092104018293,RLI,35,8,10,639.00,"6,390.00"
2020-09-21,2020092104018292,RLI,35,50,10,639.00,"6,390.00"
2020-09-21,2020092104018291,RLI,35,57,10,639.00,"6,390.00"
2020-09-21,2020092104018290,RLI,35,35,10,639.00,"6,390.00"
2020-09-21,2020092104018289,RLI,35,56,10,639.00,"6,390.00"
2020-09-21,2020092104018288,RLI,51,13,10,640.00,"6,400.00"
2020-09-21,2020092104018299,RLI,35,10,10,639.00,"6,390.00"
2020-09-21,2020092104018298,RLI,35,41,10,639.00,"6,390.00"
2020-09-21,2020092104018297,RLI,35,13,10,639.00,"6,390.00"
2020-09-21,2020092104018296,RLI,48,34,10,640.00,"6,400.00"
2020-09-21,2020092104018295,RLI,48,14,10,640.00,"6,400.00"
2020-09-21,2020092104018294,RLI,48,34,10,640.00,"6,400.00"
2020-09-21,2020092104018306,RLI,45,50,10,640.00,"6,400.00"
2020-09-21,2020092104018305,RLI,45,50,10,640.00,"6,400.00"
2020-09-21,2020092104018304,RLI,45,50,10,640.00,"6,400.00"
2020-09-21,2020092104018303,RLI,57,4,10,639.00,"6,390.00"
2020-09-21,2020092104018302,RLI,35,1,10,639.00,"6,390.00"
2020-09-21,2020092104018301,RLI,35,35,10,639.00,"6,390.00"
2020-09-21,2020092104018312,RLI,45,1,10,640.00,"6,400.00"
2020-09-21,2020092104018311,RLI,45,55,10,640.00,"6,400.00"
2020-09-21,2020092104018310,RLI,45,34,10,640.00,"6,400.00"
2020-09-21,2020092104018309,RLI,45,42,10,640.00,"6,400.00"
2020-09-21,2020092104018308,RLI,45,49,10,640.00,"6,400.00"
2020-09-21,2020092104018307,RLI,45,28,10,640.00,"6,400.00"
2020-09-21,2020092104018318,RLI,45,36,10,640.00,"6,400.00"
2020-09-21,2020092104018317,RLI,45,42,10,640.00,"6,400.00"
2020-09-21,2020092104018316,RLI,45,4,10,640.00,"6,400.00"
2020-09-21,2020092104018315,RLI,45,48,10,640.00,"6,400.00"
2020-09-21,2020092104018314,RLI,45,45,10,640.00,"6,400.00"
2020-09-21,2020092104018313,RLI,45,42,10,640.00,"6,400.00"
2020-09-21,2020092104018324,RLI,45,45,10,640.00,"6,400.00"
2020-09-21,2020092104018323,RLI,45,38,10,640.00,"6,400.00"
2020-09-21,2020092104018322,RLI,45,48,10,640.00,"6,400.00"
2020-09-21,2020092104018321,RLI,45,37,10,640.00,"6,400.00"
2020-09-21,2020092104018320,RLI,45,16,10,640.00,"6,400.00"
2020-09-21,2020092104018319,RLI,45,42,10,640.00,"6,400.00"
2020-09-21,2020092104018330,RLI,45,48,10,640.00,"6,400.00"
2020-09-21,2020092104018329,RLI,45,41,10,640.00,"6,400.00"
2020-09-21,2020092104018328,RLI,45,11,10,640.00,"6,400.00"
2020-09-21,2020092104018327,RLI,45,45,10,640.00,"6,400.00"
2020-09-21,2020092104018326,RLI,45,8,10,640.00,"6,400.00"
2020-09-21,2020092104018325,RLI,45,45,10,640.00,"6,400.00"
2020-09-21,2020092104018336,RLI,45,36,10,640.00,"6,400.00"
2020-09-21,2020092104018335,RLI,45,17,10,640.00,"6,400.00"
2020-09-21,2020092104018334,RLI,45,50,10,640.00,"6,400.00"
2020-09-21,2020092104018333,RLI,45,56,10,640.00,"6,400.00"
2020-09-21,2020092104018332,RLI,45,18,10,640.00,"6,400.00"
2020-09-21,2020092104018331,RLI,45,56,10,640.00,"6,400.00"
2020-09-21,2020092104018342,RLI,45,48,10,640.00,"6,400.00"
2020-09-21,2020092104018341,RLI,45,56,10,640.00,"6,400.00"
2020-09-21,2020092104018340,RLI,45,45,10,640.00,"6,400.00"
2020-09-21,2020092104018339,RLI,45,50,10,640.00,"6,400.00"
2020-09-21,2020092104018338,RLI,45,8,10,640.00,"6,400.00"
2020-09-21,2020092104018337,RLI,45,37,10,640.00,"6,400.00"
2020-09-21,2020092104017957,SAEF,7,42,"2,000",10.28,"20,560.00"
2020-09-21,2020092104017992,SEF,26,17,"1,800",9.03,"16,254.00"
2020-09-21,2020092104017991,SEF,29,17,"10,000",9.07,"90,700.00"
2020-09-21,2020092104017990,SEF,57,17,"2,500",9.07,"22,675.00"
2020-09-21,2020092104018232,STC,57,28,50,"3,259.00","162,950.00"
2020-09-21,2020092104018175,STC,57,25,10,"3,250.00","32,500.00"
2020-09-21,2020092104018174,STC,57,41,10,"3,250.00","32,500.00"
2020-09-21,2020092104017531,CMF1,22,58,"7,900",11.17,"88,243.00"
2020-09-21,2020092104017530,CMF1,59,58,"1,500",11.17,"16,755.00"
2020-09-21,2020092104017529,CMF1,36,58,"5,000",11.17,"55,850.00"
2020-09-21,2020092104017528,CMF1,29,58,"3,000",11.17,"33,510.00"
2020-09-21,2020092104017527,CMF1,29,58,"3,000",11.17,"33,510.00"
2020-09-21,2020092104017526,CMF1,29,58,"3,000",11.17,"33,510.00"
2020-09-21,2020092104017525,CMF1,25,58,"3,600",11.18,"40,248.00"
2020-09-21,2020092104017524,CMF1,43,58,"3,000",11.19,"33,570.00"
2020-09-21,2020092104017534,GIMES1,36,46,"4,100",9.25,"37,925.00"
2020-09-21,2020092104017762,NBF2,53,39,"10,000",8.85,"88,500.00"
2020-09-21,2020092104017737,NBF2,53,39,"3,660",8.85,"32,391.00"
2020-09-21,2020092104017736,NBF2,53,28,"1,000",8.85,"8,850.00"
2020-09-21,2020092104017735,NBF2,53,28,100,8.85,885.00
2020-09-21,2020092104017734,NBF2,53,28,100,8.85,885.00
2020-09-21,2020092104017733,NBF2,53,28,"2,800",8.85,"24,780.00"
2020-09-21,2020092104017732,NBF2,53,28,200,8.85,"1,770.00"
2020-09-21,2020092104017731,NBF2,53,28,"2,140",8.85,"18,939.00"
2020-09-21,2020092104017713,NBF2,53,28,"10,000",8.85,"88,500.00"
2020-09-21,2020092104017709,NBF2,28,38,"2,000",8.83,"17,660.00"
2020-09-21,2020092104017700,NBF2,55,38,"1,000",8.84,"8,840.00"
2020-09-21,2020092104017699,NBF2,29,38,"2,000",8.84,"17,680.00"
2020-09-21,2020092104017664,NIBLPF,19,28,"1,000",8.85,"8,850.00"
2020-09-21,2020092104017663,NIBLPF,19,17,"4,824",8.84,"42,644.20"
2020-09-21,2020092104017718,NIBPO,52,45,200,357.00,"71,400.00"
2020-09-21,2020092104017717,NIBPO,11,45,100,357.00,"35,700.00"
2020-09-21,2020092104017716,NIBPO,40,45,500,358.00,"179,000.00"
2020-09-21,2020092104017715,NIBPO,34,45,150,358.00,"53,700.00"
2020-09-21,2020092104017714,NIBPO,57,45,47,358.00,"16,826.00"
2020-09-21,2020092104017695,NIBPO,57,45,92,358.00,"32,936.00"
2020-09-21,2020092104017694,NIBPO,49,45,158,359.00,"56,722.00"
2020-09-21,2020092104017693,NIBPO,19,45,560,360.00,"201,600.00"
2020-09-21,2020092104017692,NIBPO,46,45,190,360.00,"68,400.00"
2020-09-21,2020092104017666,NIBPO,46,45,110,360.00,"39,600.00"
2020-09-21,2020092104017665,NIBPO,1,45,890,361.00,"321,290.00"
2020-09-21,2020092104017397,NIBSF1,59,34,"2,000",9.39,"18,780.00"
2020-09-21,2020092104017832,RBCLPO,45,19,15,"10,205.00","153,075.00"
2020-09-21,2020092104017728,RBCLPO,41,46,10,"10,206.00","102,060.00"
2020-09-21,2020092104017848,RLI,52,59,10,636.00,"6,360.00"
2020-09-21,2020092104017847,RLI,52,42,10,636.00,"6,360.00"
2020-09-21,2020092104017846,RLI,52,16,10,636.00,"6,360.00"
2020-09-21,2020092104017845,RLI,52,56,10,636.00,"6,360.00"
2020-09-21,2020092104017844,RLI,52,48,10,636.00,"6,360.00"
2020-09-21,2020092104017843,RLI,33,42,10,637.00,"6,370.00"
2020-09-21,2020092104017353,RLI,43,25,10,635.00,"6,350.00"
2020-09-21,2020092104017352,RLI,50,41,10,636.00,"6,360.00"
2020-09-21,2020092104017351,RLI,50,56,10,636.00,"6,360.00"
2020-09-21,2020092104017350,RLI,50,55,10,636.00,"6,360.00"
2020-09-21,2020092104017349,RLI,50,47,10,636.00,"6,360.00"
2020-09-21,2020092104017359,RLI,43,22,10,635.00,"6,350.00"
2020-09-21,2020092104017358,RLI,43,56,10,635.00,"6,350.00"
2020-09-21,2020092104017357,RLI,43,1,10,635.00,"6,350.00"
2020-09-21,2020092104017356,RLI,43,38,10,635.00,"6,350.00"
2020-09-21,2020092104017355,RLI,43,38,10,635.00,"6,350.00"
2020-09-21,2020092104017354,RLI,43,38,10,635.00,"6,350.00"
2020-09-21,2020092104017365,RLI,49,55,10,636.00,"6,360.00"
2020-09-21,2020092104017364,RLI,43,40,10,635.00,"6,350.00"
2020-09-21,2020092104017363,RLI,43,58,10,635.00,"6,350.00"
2020-09-21,2020092104017362,RLI,43,10,10,635.00,"6,350.00"
2020-09-21,2020092104017361,RLI,43,47,10,635.00,"6,350.00"
2020-09-21,2020092104017360,RLI,43,59,10,635.00,"6,350.00"
2020-09-21,2020092104017371,RLI,49,47,10,636.00,"6,360.00"
2020-09-21,2020092104017370,RLI,49,58,10,636.00,"6,360.00"
2020-09-21,2020092104017369,RLI,49,34,10,636.00,"6,360.00"
2020-09-21,2020092104017368,RLI,49,51,10,636.00,"6,360.00"
2020-09-21,2020092104017367,RLI,49,34,10,636.00,"6,360.00"
2020-09-21,2020092104017366,RLI,49,55,10,636.00,"6,360.00"
2020-09-21,2020092104017377,RLI,43,34,10,635.00,"6,350.00"
2020-09-21,2020092104017376,RLI,43,33,10,635.00,"6,350.00"
2020-09-21,2020092104017375,RLI,43,14,10,635.00,"6,350.00"
2020-09-21,2020092104017374,RLI,49,38,10,636.00,"6,360.00"
2020-09-21,2020092104017373,RLI,49,55,10,636.00,"6,360.00"
2020-09-21,2020092104017372,RLI,49,56,10,636.00,"6,360.00"
2020-09-21,2020092104017383,RLI,17,59,10,636.00,"6,360.00"
2020-09-21,2020092104017382,RLI,17,49,10,636.00,"6,360.00"
2020-09-21,2020092104017381,RLI,17,49,10,636.00,"6,360.00"
2020-09-21,2020092104017380,RLI,43,56,10,635.00,"6,350.00"
2020-09-21,2020092104017379,RLI,43,47,10,635.00,"6,350.00"
2020-09-21,2020092104017378,RLI,43,47,10,635.00,"6,350.00"
2020-09-21,2020092104017389,RLI,43,58,10,635.00,"6,350.00"
2020-09-21,2020092104017388,RLI,43,34,10,635.00,"6,350.00"
2020-09-21,2020092104017387,RLI,43,59,10,635.00,"6,350.00"
2020-09-21,2020092104017386,RLI,43,1,10,635.00,"6,350.00"
2020-09-21,2020092104017385,RLI,43,21,10,635.00,"6,350.00"
2020-09-21,2020092104017384,RLI,43,38,10,635.00,"6,350.00"
2020-09-21,2020092104017395,RLI,43,37,10,635.00,"6,350.00"
2020-09-21,2020092104017394,RLI,43,44,10,635.00,"6,350.00"
2020-09-21,2020092104017393,RLI,43,56,10,635.00,"6,350.00"
2020-09-21,2020092104017392,RLI,43,57,10,635.00,"6,350.00"
2020-09-21,2020092104017391,RLI,43,34,10,635.00,"6,350.00"
2020-09-21,2020092104017390,RLI,43,38,10,635.00,"6,350.00"
2020-09-21,2020092104017402,RLI,43,38,10,635.00,"6,350.00"
2020-09-21,2020092104017401,RLI,43,42,10,635.00,"6,350.00"
2020-09-21,2020092104017400,RLI,43,38,10,635.00,"6,350.00"
2020-09-21,2020092104017399,RLI,43,59,10,635.00,"6,350.00"
2020-09-21,2020092104017398,RLI,43,58,10,635.00,"6,350.00"
2020-09-21,2020092104017396,RLI,43,42,10,635.00,"6,350.00"
2020-09-21,2020092104017408,RLI,43,17,10,635.00,"6,350.00"
2020-09-21,2020092104017407,RLI,43,21,10,635.00,"6,350.00"
2020-09-21,2020092104017406,RLI,43,44,10,635.00,"6,350.00"
2020-09-21,2020092104017405,RLI,43,47,10,635.00,"6,350.00"
2020-09-21,2020092104017404,RLI,43,38,10,635.00,"6,350.00"
2020-09-21,2020092104017403,RLI,54,34,50,636.00,"31,800.00"
2020-09-21,2020092104017414,RLI,45,38,10,635.00,"6,350.00"
2020-09-21,2020092104017413,RLI,45,50,10,635.00,"6,350.00"
2020-09-21,2020092104017412,RLI,45,48,10,635.00,"6,350.00"
2020-09-21,2020092104017411,RLI,45,42,10,635.00,"6,350.00"
2020-09-21,2020092104017410,RLI,58,36,10,635.00,"6,350.00"
2020-09-21,2020092104017409,RLI,58,56,10,635.00,"6,350.00"
2020-09-21,2020092104017420,RLI,45,29,10,635.00,"6,350.00"
2020-09-21,2020092104017419,RLI,45,44,10,635.00,"6,350.00"
2020-09-21,2020092104017418,RLI,45,53,10,635.00,"6,350.00"
2020-09-21,2020092104017417,RLI,45,49,10,635.00,"6,350.00"
2020-09-21,2020092104017416,RLI,45,29,10,635.00,"6,350.00"
2020-09-21,2020092104017415,RLI,45,58,10,635.00,"6,350.00"
2020-09-21,2020092104017426,RLI,45,38,10,635.00,"6,350.00"
2020-09-21,2020092104017425,RLI,45,58,10,635.00,"6,350.00"
2020-09-21,2020092104017424,RLI,45,42,10,635.00,"6,350.00"
2020-09-21,2020092104017423,RLI,45,38,10,635.00,"6,350.00"
2020-09-21,2020092104017422,RLI,11,34,20,636.00,"12,720.00"
2020-09-21,2020092104017421,RLI,45,47,10,635.00,"6,350.00"
2020-09-21,2020092104017432,RLI,45,58,10,635.00,"6,350.00"
2020-09-21,2020092104017431,RLI,45,26,10,635.00,"6,350.00"
2020-09-21,2020092104017430,RLI,45,49,10,635.00,"6,350.00"
2020-09-21,2020092104017429,RLI,45,38,10,635.00,"6,350.00"
2020-09-21,2020092104017428,RLI,45,42,10,635.00,"6,350.00"
2020-09-21,2020092104017427,RLI,45,8,10,635.00,"6,350.00"
2020-09-21,2020092104017438,RLI,21,34,30,636.00,"19,080.00"
2020-09-21,2020092104017437,RLI,45,42,10,635.00,"6,350.00"
2020-09-21,2020092104017436,RLI,45,47,10,635.00,"6,350.00"
2020-09-21,2020092104017435,RLI,45,22,10,635.00,"6,350.00"
2020-09-21,2020092104017434,RLI,45,44,10,635.00,"6,350.00"
2020-09-21,2020092104017433,RLI,45,52,10,635.00,"6,350.00"
2020-09-21,2020092104017444,RLI,45,53,10,635.00,"6,350.00"
2020-09-21,2020092104017443,RLI,45,26,10,635.00,"6,350.00"
2020-09-21,2020092104017442,RLI,45,41,10,635.00,"6,350.00"
2020-09-21,2020092104017441,RLI,45,42,10,635.00,"6,350.00"
2020-09-21,2020092104017440,RLI,45,58,10,635.00,"6,350.00"
2020-09-21,2020092104017439,RLI,45,58,10,635.00,"6,350.00"
2020-09-21,2020092104017450,RLI,45,29,10,635.00,"6,350.00"
2020-09-21,2020092104017449,RLI,45,38,10,635.00,"6,350.00"
2020-09-21,2020092104017448,RLI,45,44,10,635.00,"6,350.00"
2020-09-21,2020092104017447,RLI,45,49,10,635.00,"6,350.00"
2020-09-21,2020092104017446,RLI,45,48,10,635.00,"6,350.00"
2020-09-21,2020092104017445,RLI,45,42,10,635.00,"6,350.00"
2020-09-21,2020092104017456,RLI,45,49,10,635.00,"6,350.00"
2020-09-21,2020092104017455,RLI,45,58,10,635.00,"6,350.00"
2020-09-21,2020092104017454,RLI,45,47,10,635.00,"6,350.00"
2020-09-21,2020092104017453,RLI,45,46,10,635.00,"6,350.00"
2020-09-21,2020092104017452,RLI,45,5,10,635.00,"6,350.00"
2020-09-21,2020092104017451,RLI,45,57,10,635.00,"6,350.00"
2020-09-21,2020092104017462,RLI,45,25,10,635.00,"6,350.00"
2020-09-21,2020092104017461,RLI,45,42,10,635.00,"6,350.00"
2020-09-21,2020092104017460,RLI,45,58,10,635.00,"6,350.00"
2020-09-21,2020092104017459,RLI,45,21,10,635.00,"6,350.00"
2020-09-21,2020092104017458,RLI,45,8,10,635.00,"6,350.00"
2020-09-21,2020092104017457,RLI,45,38,10,635.00,"6,350.00"
2020-09-21,2020092104017468,RLI,42,42,10,635.00,"6,350.00"
2020-09-21,2020092104017467,RLI,42,26,10,635.00,"6,350.00"
2020-09-21,2020092104017466,RLI,42,45,10,635.00,"6,350.00"
2020-09-21,2020092104017465,RLI,42,35,10,635.00,"6,350.00"
2020-09-21,2020092104017464,RLI,55,34,20,636.00,"12,720.00"
2020-09-21,2020092104017463,RLI,46,34,100,636.00,"63,600.00"
2020-09-21,2020092104017474,RLI,26,35,10,635.00,"6,350.00"
2020-09-21,2020092104017473,RLI,26,35,10,635.00,"6,350.00"
2020-09-21,2020092104017472,RLI,42,41,10,635.00,"6,350.00"
2020-09-21,2020092104017471,RLI,42,58,10,635.00,"6,350.00"
2020-09-21,2020092104017470,RLI,42,21,10,635.00,"6,350.00"
2020-09-21,2020092104017469,RLI,42,34,10,635.00,"6,350.00"
2020-09-21,2020092104017480,RLI,26,6,10,635.00,"6,350.00"
2020-09-21,2020092104017479,RLI,26,56,10,635.00,"6,350.00"
2020-09-21,2020092104017478,RLI,26,42,10,635.00,"6,350.00"
2020-09-21,2020092104017477,RLI,26,40,10,635.00,"6,350.00"
2020-09-21,2020092104017476,RLI,26,47,10,635.00,"6,350.00"
2020-09-21,2020092104017475,RLI,26,57,10,635.00,"6,350.00"
2020-09-21,2020092104017486,RLI,44,38,10,635.00,"6,350.00"
2020-09-21,2020092104017485,RLI,58,58,10,635.00,"6,350.00"
2020-09-21,2020092104017484,RLI,45,34,10,636.00,"6,360.00"
2020-09-21,2020092104017483,RLI,58,21,10,635.00,"6,350.00"
2020-09-21,2020092104017482,RLI,26,58,10,635.00,"6,350.00"
2020-09-21,2020092104017481,RLI,26,38,10,635.00,"6,350.00"
2020-09-21,2020092104017492,RLI,53,36,10,635.00,"6,350.00"
2020-09-21,2020092104017491,RLI,53,56,10,635.00,"6,350.00"
2020-09-21,2020092104017490,RLI,53,43,10,635.00,"6,350.00"
2020-09-21,2020092104017489,RLI,53,42,10,635.00,"6,350.00"
2020-09-21,2020092104017488,RLI,44,49,10,635.00,"6,350.00"
2020-09-21,2020092104017487,RLI,44,25,10,635.00,"6,350.00"
2020-09-21,2020092104017498,RLI,53,58,10,635.00,"6,350.00"
2020-09-21,2020092104017497,RLI,53,57,10,635.00,"6,350.00"
2020-09-21,2020092104017496,RLI,53,8,10,635.00,"6,350.00"
2020-09-21,2020092104017495,RLI,53,38,10,635.00,"6,350.00"
2020-09-21,2020092104017494,RLI,45,34,20,636.00,"12,720.00"
2020-09-21,2020092104017493,RLI,53,44,10,635.00,"6,350.00"
2020-09-21,2020092104017505,RLI,56,34,200,636.00,"127,200.00"
2020-09-21,2020092104017504,RLI,53,38,10,635.00,"6,350.00"
2020-09-21,2020092104017502,RLI,53,14,10,635.00,"6,350.00"
2020-09-21,2020092104017501,RLI,53,56,10,635.00,"6,350.00"
2020-09-21,2020092104017500,RLI,53,25,10,635.00,"6,350.00"
2020-09-21,2020092104017499,RLI,53,58,10,635.00,"6,350.00"
2020-09-21,2020092104017512,RLI,53,57,10,635.00,"6,350.00"
2020-09-21,2020092104017511,RLI,53,46,10,635.00,"6,350.00"
2020-09-21,2020092104017509,RLI,53,39,10,635.00,"6,350.00"
2020-09-21,2020092104017508,RLI,53,49,10,635.00,"6,350.00"
2020-09-21,2020092104017507,RLI,53,58,10,635.00,"6,350.00"
2020-09-21,2020092104017506,RLI,53,43,10,635.00,"6,350.00"
2020-09-21,2020092104017518,RLI,53,8,10,635.00,"6,350.00"
2020-09-21,2020092104017517,RLI,53,21,10,635.00,"6,350.00"
2020-09-21,2020092104017516,RLI,53,5,10,635.00,"6,350.00"
2020-09-21,2020092104017515,RLI,53,58,10,635.00,"6,350.00"
2020-09-21,2020092104017514,RLI,53,44,10,635.00,"6,350.00"
2020-09-21,2020092104017513,RLI,53,35,10,635.00,"6,350.00"
2020-09-21,2020092104017532,RLI,53,43,10,635.00,"6,350.00"
2020-09-21,2020092104017523,RLI,53,25,10,635.00,"6,350.00"
2020-09-21,2020092104017522,RLI,53,42,10,635.00,"6,350.00"
2020-09-21,2020092104017521,RLI,53,57,10,635.00,"6,350.00"
2020-09-21,2020092104017520,RLI,57,34,200,636.00,"127,200.00"
2020-09-21,2020092104017519,RLI,53,42,10,635.00,"6,350.00"
2020-09-21,2020092104017539,RLI,28,49,10,635.00,"6,350.00"
2020-09-21,2020092104017538,RLI,53,46,10,635.00,"6,350.00"
2020-09-21,2020092104017537,RLI,53,42,10,635.00,"6,350.00"
2020-09-21,2020092104017536,RLI,53,38,10,635.00,"6,350.00"
2020-09-21,2020092104017535,RLI,53,58,10,635.00,"6,350.00"
2020-09-21,2020092104017533,RLI,53,38,10,635.00,"6,350.00"
2020-09-21,2020092104017545,RLI,28,8,10,635.00,"6,350.00"
2020-09-21,2020092104017544,RLI,28,25,10,635.00,"6,350.00"
2020-09-21,2020092104017543,RLI,28,38,10,635.00,"6,350.00"
2020-09-21,2020092104017542,RLI,28,56,10,635.00,"6,350.00"
2020-09-21,2020092104017541,RLI,28,35,10,635.00,"6,350.00"
2020-09-21,2020092104017540,RLI,28,38,10,635.00,"6,350.00"
2020-09-21,2020092104017551,RLI,11,45,10,635.00,"6,350.00"
2020-09-21,2020092104017550,RLI,11,21,10,635.00,"6,350.00"
2020-09-21,2020092104017549,RLI,11,42,10,635.00,"6,350.00"
2020-09-21,2020092104017548,RLI,28,44,10,635.00,"6,350.00"
2020-09-21,2020092104017547,RLI,28,42,10,635.00,"6,350.00"
2020-09-21,2020092104017546,RLI,28,26,10,635.00,"6,350.00"
2020-09-21,2020092104017557,RLI,1,38,10,635.00,"6,350.00"
2020-09-21,2020092104017556,RLI,1,55,10,635.00,"6,350.00"
2020-09-21,2020092104017555,RLI,1,5,10,635.00,"6,350.00"
2020-09-21,2020092104017554,RLI,1,29,10,635.00,"6,350.00"
2020-09-21,2020092104017553,RLI,11,46,10,635.00,"6,350.00"
2020-09-21,2020092104017552,RLI,11,11,10,635.00,"6,350.00"
2020-09-21,2020092104017563,RLI,1,10,10,635.00,"6,350.00"
2020-09-21,2020092104017562,RLI,1,58,10,635.00,"6,350.00"
2020-09-21,2020092104017561,RLI,1,8,10,635.00,"6,350.00"
2020-09-21,2020092104017560,RLI,1,42,10,635.00,"6,350.00"
2020-09-21,2020092104017559,RLI,1,34,100,636.00,"63,600.00"
2020-09-21,2020092104017558,RLI,1,58,10,635.00,"6,350.00"
2020-09-21,2020092104017569,RLI,1,21,10,635.00,"6,350.00"
2020-09-21,2020092104017568,RLI,1,34,10,635.00,"6,350.00"
2020-09-21,2020092104017567,RLI,1,40,10,635.00,"6,350.00"
2020-09-21,2020092104017566,RLI,1,47,10,635.00,"6,350.00"
2020-09-21,2020092104017565,RLI,1,25,10,635.00,"6,350.00"
2020-09-21,2020092104017564,RLI,1,17,10,635.00,"6,350.00"
2020-09-21,2020092104017575,RLI,57,26,10,635.00,"6,350.00"
2020-09-21,2020092104017574,RLI,1,38,10,635.00,"6,350.00"
2020-09-21,2020092104017573,RLI,1,55,10,635.00,"6,350.00"
2020-09-21,2020092104017572,RLI,1,58,10,635.00,"6,350.00"
2020-09-21,2020092104017571,RLI,1,6,10,635.00,"6,350.00"
2020-09-21,2020092104017570,RLI,1,38,10,635.00,"6,350.00"
2020-09-21,2020092104017581,RLI,57,48,10,635.00,"6,350.00"
2020-09-21,2020092104017580,RLI,57,25,10,635.00,"6,350.00"
2020-09-21,2020092104017579,RLI,57,53,10,635.00,"6,350.00"
2020-09-21,2020092104017578,RLI,57,5,10,635.00,"6,350.00"
2020-09-21,2020092104017577,RLI,57,51,10,635.00,"6,350.00"
2020-09-21,2020092104017576,RLI,57,17,10,635.00,"6,350.00"
2020-09-21,2020092104017587,RLI,57,46,10,635.00,"6,350.00"
2020-09-21,2020092104017586,RLI,57,58,10,635.00,"6,350.00"
2020-09-21,2020092104017585,RLI,42,34,30,636.00,"19,080.00"
2020-09-21,2020092104017584,RLI,57,38,10,635.00,"6,350.00"
2020-09-21,2020092104017583,RLI,1,34,100,636.00,"63,600.00"
2020-09-21,2020092104017582,RLI,57,54,10,635.00,"6,350.00"
2020-09-21,2020092104017593,RLI,57,6,10,635.00,"6,350.00"
2020-09-21,2020092104017592,RLI,57,42,10,635.00,"6,350.00"
2020-09-21,2020092104017591,RLI,57,55,10,635.00,"6,350.00"
2020-09-21,2020092104017590,RLI,57,47,10,635.00,"6,350.00"
2020-09-21,2020092104017589,RLI,57,54,10,635.00,"6,350.00"
2020-09-21,2020092104017588,RLI,57,57,10,635.00,"6,350.00"
2020-09-21,2020092104017599,RLI,6,5,10,635.00,"6,350.00"
2020-09-21,2020092104017598,RLI,6,38,10,635.00,"6,350.00"
2020-09-21,2020092104017597,RLI,6,57,10,635.00,"6,350.00"
2020-09-21,2020092104017596,RLI,57,34,10,635.00,"6,350.00"
2020-09-21,2020092104017595,RLI,57,50,10,635.00,"6,350.00"
2020-09-21,2020092104017594,RLI,57,47,10,635.00,"6,350.00"
2020-09-21,2020092104017605,RLI,6,38,10,635.00,"6,350.00"
2020-09-21,2020092104017604,RLI,6,51,10,635.00,"6,350.00"
2020-09-21,2020092104017603,RLI,6,57,10,635.00,"6,350.00"
2020-09-21,2020092104017602,RLI,6,25,10,635.00,"6,350.00"
2020-09-21,2020092104017601,RLI,6,48,10,635.00,"6,350.00"
2020-09-21,2020092104017600,RLI,6,56,10,635.00,"6,350.00"
2020-09-21,2020092104017611,RLI,1,58,10,635.00,"6,350.00"
2020-09-21,2020092104017610,RLI,1,42,10,635.00,"6,350.00"
2020-09-21,2020092104017609,RLI,1,56,10,635.00,"6,350.00"
2020-09-21,2020092104017608,RLI,1,38,10,635.00,"6,350.00"
2020-09-21,2020092104017607,RLI,1,38,10,635.00,"6,350.00"
2020-09-21,2020092104017606,RLI,6,34,10,635.00,"6,350.00"
2020-09-21,2020092104017617,RLI,33,41,10,635.00,"6,350.00"
2020-09-21,2020092104017616,RLI,38,38,10,635.00,"6,350.00"
2020-09-21,2020092104017615,RLI,38,17,10,635.00,"6,350.00"
2020-09-21,2020092104017614,RLI,38,36,10,635.00,"6,350.00"
2020-09-21,2020092104017613,RLI,38,40,10,635.00,"6,350.00"
2020-09-21,2020092104017612,RLI,38,47,10,635.00,"6,350.00"
2020-09-21,2020092104017623,RLI,48,56,10,635.00,"6,350.00"
2020-09-21,2020092104017622,RLI,45,40,10,635.00,"6,350.00"
2020-09-21,2020092104017621,RLI,33,38,10,635.00,"6,350.00"
2020-09-21,2020092104017620,RLI,33,55,10,635.00,"6,350.00"
2020-09-21,2020092104017619,RLI,33,44,10,635.00,"6,350.00"
2020-09-21,2020092104017618,RLI,33,21,10,635.00,"6,350.00"
2020-09-21,2020092104017629,RLI,48,49,10,635.00,"6,350.00"
2020-09-21,2020092104017628,RLI,48,48,10,635.00,"6,350.00"
2020-09-21,2020092104017627,RLI,48,48,10,635.00,"6,350.00"
2020-09-21,2020092104017626,RLI,48,34,10,635.00,"6,350.00"
2020-09-21,2020092104017625,RLI,48,29,10,635.00,"6,350.00"
2020-09-21,2020092104017624,RLI,48,29,10,635.00,"6,350.00"
2020-09-21,2020092104017635,RLI,17,58,10,636.00,"6,360.00"
2020-09-21,2020092104017634,RLI,17,42,10,636.00,"6,360.00"
2020-09-21,2020092104017633,RLI,17,34,120,636.00,"76,320.00"
2020-09-21,2020092104017632,RLI,48,38,10,635.00,"6,350.00"
2020-09-21,2020092104017631,RLI,48,36,10,635.00,"6,350.00"
2020-09-21,2020092104017630,RLI,48,40,10,635.00,"6,350.00"
2020-09-21,2020092104017641,RLI,17,47,10,636.00,"6,360.00"
2020-09-21,2020092104017640,RLI,17,44,10,636.00,"6,360.00"
2020-09-21,2020092104017639,RLI,17,4,10,636.00,"6,360.00"
2020-09-21,2020092104017638,RLI,17,25,10,636.00,"6,360.00"
2020-09-21,2020092104017637,RLI,17,55,10,636.00,"6,360.00"
2020-09-21,2020092104017636,RLI,17,44,10,636.00,"6,360.00"
2020-09-21,2020092104017647,RLI,17,40,10,636.00,"6,360.00"
2020-09-21,2020092104017646,RLI,17,55,10,636.00,"6,360.00"
2020-09-21,2020092104017645,RLI,17,58,10,636.00,"6,360.00"
2020-09-21,2020092104017644,RLI,17,44,10,636.00,"6,360.00"
2020-09-21,2020092104017643,RLI,17,55,10,636.00,"6,360.00"
2020-09-21,2020092104017642,RLI,17,40,10,636.00,"6,360.00"
2020-09-21,2020092104017653,RLI,17,34,10,636.00,"6,360.00"
2020-09-21,2020092104017652,RLI,17,55,10,636.00,"6,360.00"
2020-09-21,2020092104017651,RLI,17,44,10,636.00,"6,360.00"
2020-09-21,2020092104017650,RLI,17,25,10,636.00,"6,360.00"
2020-09-21,2020092104017649,RLI,17,47,10,636.00,"6,360.00"
2020-09-21,2020092104017648,RLI,17,44,10,636.00,"6,360.00"
2020-09-21,2020092104017659,RLI,17,33,10,636.00,"6,360.00"
2020-09-21,2020092104017658,RLI,17,42,10,636.00,"6,360.00"
2020-09-21,2020092104017657,RLI,17,55,10,636.00,"6,360.00"
2020-09-21,2020092104017656,RLI,17,44,10,636.00,"6,360.00"
2020-09-21,2020092104017655,RLI,17,47,10,636.00,"6,360.00"
2020-09-21,2020092104017654,RLI,17,40,10,636.00,"6,360.00"
2020-09-21,2020092104017669,RLI,38,50,10,635.00,"6,350.00"
2020-09-21,2020092104017668,RLI,38,38,10,635.00,"6,350.00"
2020-09-21,2020092104017667,RLI,38,49,10,635.00,"6,350.00"
2020-09-21,2020092104017662,RLI,38,29,10,635.00,"6,350.00"
2020-09-21,2020092104017661,RLI,17,40,10,636.00,"6,360.00"
2020-09-21,2020092104017660,RLI,17,44,10,636.00,"6,360.00"
2020-09-21,2020092104017675,RLI,38,34,10,635.00,"6,350.00"
2020-09-21,2020092104017674,RLI,38,29,10,635.00,"6,350.00"
2020-09-21,2020092104017673,RLI,45,47,10,636.00,"6,360.00"
2020-09-21,2020092104017672,RLI,45,42,10,636.00,"6,360.00"
2020-09-21,2020092104017671,RLI,38,35,10,635.00,"6,350.00"
2020-09-21,2020092104017670,RLI,38,44,10,635.00,"6,350.00"
2020-09-21,2020092104017681,RLI,39,44,10,636.00,"6,360.00"
2020-09-21,2020092104017680,RLI,39,55,10,636.00,"6,360.00"
2020-09-21,2020092104017679,RLI,38,38,10,635.00,"6,350.00"
2020-09-21,2020092104017678,RLI,38,38,10,635.00,"6,350.00"
2020-09-21,2020092104017677,RLI,38,43,10,635.00,"6,350.00"
2020-09-21,2020092104017676,RLI,38,40,10,635.00,"6,350.00"
2020-09-21,2020092104017687,RLI,39,47,10,636.00,"6,360.00"
2020-09-21,2020092104017686,RLI,39,44,10,636.00,"6,360.00"
2020-09-21,2020092104017685,RLI,39,3,10,636.00,"6,360.00"
2020-09-21,2020092104017684,RLI,39,55,10,636.00,"6,360.00"
2020-09-21,2020092104017683,RLI,39,47,10,636.00,"6,360.00"
2020-09-21,2020092104017682,RLI,39,55,10,636.00,"6,360.00"
2020-09-21,2020092104017697,RLI,38,35,10,635.00,"6,350.00"
2020-09-21,2020092104017696,RLI,47,44,10,636.00,"6,360.00"
2020-09-21,2020092104017691,RLI,38,29,10,635.00,"6,350.00"
2020-09-21,2020092104017690,RLI,38,38,10,635.00,"6,350.00"
2020-09-21,2020092104017689,RLI,39,57,10,636.00,"6,360.00"
2020-09-21,2020092104017688,RLI,39,55,10,636.00,"6,360.00"
2020-09-21,2020092104017705,RLI,38,38,10,635.00,"6,350.00"
2020-09-21,2020092104017704,RLI,38,29,10,635.00,"6,350.00"
2020-09-21,2020092104017703,RLI,38,41,10,635.00,"6,350.00"
2020-09-21,2020092104017702,RLI,38,49,10,635.00,"6,350.00"
2020-09-21,2020092104017701,RLI,38,42,10,635.00,"6,350.00"
2020-09-21,2020092104017698,RLI,38,10,10,635.00,"6,350.00"
2020-09-21,2020092104017712,RLI,38,53,10,635.00,"6,350.00"
2020-09-21,2020092104017711,RLI,38,45,10,635.00,"6,350.00"
2020-09-21,2020092104017710,RLI,38,32,10,635.00,"6,350.00"
2020-09-21,2020092104017708,RLI,38,48,10,635.00,"6,350.00"
2020-09-21,2020092104017707,RLI,38,49,10,635.00,"6,350.00"
2020-09-21,2020092104017706,RLI,38,29,10,635.00,"6,350.00"
2020-09-21,2020092104017724,RLI,29,39,10,635.00,"6,350.00"
2020-09-21,2020092104017723,RLI,22,8,10,635.00,"6,350.00"
2020-09-21,2020092104017722,RLI,57,40,10,635.00,"6,350.00"
2020-09-21,2020092104017721,RLI,38,16,10,635.00,"6,350.00"
2020-09-21,2020092104017720,RLI,38,38,10,635.00,"6,350.00"
2020-09-21,2020092104017719,RLI,38,37,10,635.00,"6,350.00"
2020-09-21,2020092104017738,RLI,29,10,10,635.00,"6,350.00"
2020-09-21,2020092104017730,RLI,29,48,10,635.00,"6,350.00"
2020-09-21,2020092104017729,RLI,29,46,10,635.00,"6,350.00"
2020-09-21,2020092104017727,RLI,29,52,10,635.00,"6,350.00"
2020-09-21,2020092104017726,RLI,29,38,10,635.00,"6,350.00"
2020-09-21,2020092104017725,RLI,29,26,10,635.00,"6,350.00"
2020-09-21,2020092104017744,RLI,57,17,10,636.00,"6,360.00"
2020-09-21,2020092104017743,RLI,57,41,10,636.00,"6,360.00"
2020-09-21,2020092104017742,RLI,29,38,10,635.00,"6,350.00"
2020-09-21,2020092104017741,RLI,29,40,10,635.00,"6,350.00"
2020-09-21,2020092104017740,RLI,29,53,10,635.00,"6,350.00"
2020-09-21,2020092104017739,RLI,29,35,10,635.00,"6,350.00"
2020-09-21,2020092104017750,RLI,57,47,10,636.00,"6,360.00"
2020-09-21,2020092104017749,RLI,57,56,10,636.00,"6,360.00"
2020-09-21,2020092104017748,RLI,57,47,10,636.00,"6,360.00"
2020-09-21,2020092104017747,RLI,57,44,10,636.00,"6,360.00"
2020-09-21,2020092104017746,RLI,57,50,10,636.00,"6,360.00"
2020-09-21,2020092104017745,RLI,57,55,10,636.00,"6,360.00"
2020-09-21,2020092104017756,RLI,29,49,10,635.00,"6,350.00"
2020-09-21,2020092104017755,RLI,29,58,10,635.00,"6,350.00"
2020-09-21,2020092104017754,RLI,29,6,10,635.00,"6,350.00"
2020-09-21,2020092104017753,RLI,29,58,10,635.00,"6,350.00"
2020-09-21,2020092104017752,RLI,57,32,10,636.00,"6,360.00"
2020-09-21,2020092104017751,RLI,57,48,10,636.00,"6,360.00"
2020-09-21,2020092104017763,RLI,29,38,10,635.00,"6,350.00"
2020-09-21,2020092104017761,RLI,29,20,10,635.00,"6,350.00"
2020-09-21,2020092104017760,RLI,29,56,10,635.00,"6,350.00"
2020-09-21,2020092104017759,RLI,29,47,10,635.00,"6,350.00"
2020-09-21,2020092104017758,RLI,29,55,10,635.00,"6,350.00"
2020-09-21,2020092104017757,RLI,29,16,10,635.00,"6,350.00"
2020-09-21,2020092104017769,RLI,29,33,10,635.00,"6,350.00"
2020-09-21,2020092104017768,RLI,29,10,10,635.00,"6,350.00"
2020-09-21,2020092104017767,RLI,29,38,10,635.00,"6,350.00"
2020-09-21,2020092104017766,RLI,29,18,10,635.00,"6,350.00"
2020-09-21,2020092104017765,RLI,29,40,10,635.00,"6,350.00"
2020-09-21,2020092104017764,RLI,29,41,10,635.00,"6,350.00"
2020-09-21,2020092104017775,RLI,57,47,10,636.00,"6,360.00"
2020-09-21,2020092104017774,RLI,57,55,10,636.00,"6,360.00"
2020-09-21,2020092104017773,RLI,14,56,10,635.00,"6,350.00"
2020-09-21,2020092104017772,RLI,29,36,10,635.00,"6,350.00"
2020-09-21,2020092104017771,RLI,29,36,10,635.00,"6,350.00"
2020-09-21,2020092104017770,RLI,29,48,10,635.00,"6,350.00"
2020-09-21,2020092104017781,RLI,45,51,10,636.00,"6,360.00"
2020-09-21,2020092104017780,RLI,45,56,10,636.00,"6,360.00"
2020-09-21,2020092104017779,RLI,45,54,10,636.00,"6,360.00"
2020-09-21,2020092104017778,RLI,14,49,10,635.00,"6,350.00"
2020-09-21,2020092104017777,RLI,57,55,10,636.00,"6,360.00"
2020-09-21,2020092104017776,RLI,57,41,10,636.00,"6,360.00"
2020-09-21,2020092104017787,RLI,33,35,10,635.00,"6,350.00"
2020-09-21,2020092104017786,RLI,14,35,10,635.00,"6,350.00"
2020-09-21,2020092104017785,RLI,14,58,10,635.00,"6,350.00"
2020-09-21,2020092104017784,RLI,14,16,10,635.00,"6,350.00"
2020-09-21,2020092104017783,RLI,45,58,10,636.00,"6,360.00"
2020-09-21,2020092104017782,RLI,45,38,10,636.00,"6,360.00"
2020-09-21,2020092104017793,RLI,33,48,10,635.00,"6,350.00"
2020-09-21,2020092104017792,RLI,33,29,10,635.00,"6,350.00"
2020-09-21,2020092104017791,RLI,33,20,10,635.00,"6,350.00"
2020-09-21,2020092104017790,RLI,33,38,10,635.00,"6,350.00"
2020-09-21,2020092104017789,RLI,33,42,10,635.00,"6,350.00"
2020-09-21,2020092104017788,RLI,33,36,10,635.00,"6,350.00"
2020-09-21,2020092104017799,RLI,17,47,10,635.00,"6,350.00"
2020-09-21,2020092104017798,RLI,42,36,10,635.00,"6,350.00"
2020-09-21,2020092104017797,RLI,42,16,10,635.00,"6,350.00"
2020-09-21,2020092104017796,RLI,33,38,10,635.00,"6,350.00"
2020-09-21,2020092104017795,RLI,33,38,10,635.00,"6,350.00"
2020-09-21,2020092104017794,RLI,33,35,10,635.00,"6,350.00"
2020-09-21,2020092104017805,RLI,17,58,10,635.00,"6,350.00"
2020-09-21,2020092104017804,RLI,17,35,10,635.00,"6,350.00"
2020-09-21,2020092104017803,RLI,17,57,10,635.00,"6,350.00"
2020-09-21,2020092104017802,RLI,17,57,10,635.00,"6,350.00"
2020-09-21,2020092104017801,RLI,17,40,10,635.00,"6,350.00"
2020-09-21,2020092104017800,RLI,17,49,10,635.00,"6,350.00"
2020-09-21,2020092104017811,RLI,51,47,10,636.00,"6,360.00"
2020-09-21,2020092104017810,RLI,42,38,10,635.00,"6,350.00"
2020-09-21,2020092104017809,RLI,42,20,10,635.00,"6,350.00"
2020-09-21,2020092104017808,RLI,17,38,10,635.00,"6,350.00"
2020-09-21,2020092104017807,RLI,17,58,10,635.00,"6,350.00"
2020-09-21,2020092104017806,RLI,17,58,10,635.00,"6,350.00"
2020-09-21,2020092104017817,RLI,51,47,10,636.00,"6,360.00"
2020-09-21,2020092104017816,RLI,51,48,10,636.00,"6,360.00"
2020-09-21,2020092104017815,RLI,51,55,10,636.00,"6,360.00"
2020-09-21,2020092104017814,RLI,51,18,10,636.00,"6,360.00"
2020-09-21,2020092104017813,RLI,51,47,10,636.00,"6,360.00"
2020-09-21,2020092104017812,RLI,51,57,10,636.00,"6,360.00"
2020-09-21,2020092104017823,RLI,38,42,10,636.00,"6,360.00"
2020-09-21,2020092104017822,RLI,38,38,10,636.00,"6,360.00"
2020-09-21,2020092104017821,RLI,38,38,10,636.00,"6,360.00"
2020-09-21,2020092104017820,RLI,38,35,10,636.00,"6,360.00"
2020-09-21,2020092104017819,RLI,38,42,10,636.00,"6,360.00"
2020-09-21,2020092104017818,RLI,51,58,10,636.00,"6,360.00"
2020-09-21,2020092104017829,RLI,19,55,10,636.00,"6,360.00"
2020-09-21,2020092104017828,RLI,38,1,10,636.00,"6,360.00"
2020-09-21,2020092104017827,RLI,38,50,10,636.00,"6,360.00"
2020-09-21,2020092104017826,RLI,38,38,10,636.00,"6,360.00"
2020-09-21,2020092104017825,RLI,38,18,10,636.00,"6,360.00"
2020-09-21,2020092104017824,RLI,38,47,10,636.00,"6,360.00"
2020-09-21,2020092104017836,RLI,33,14,10,637.00,"6,370.00"
2020-09-21,2020092104017835,RLI,33,37,10,637.00,"6,370.00"
2020-09-21,2020092104017834,RLI,33,37,10,637.00,"6,370.00"
2020-09-21,2020092104017833,RLI,52,44,10,636.00,"6,360.00"
2020-09-21,2020092104017831,RLI,19,39,10,636.00,"6,360.00"
2020-09-21,2020092104017830,RLI,19,42,10,636.00,"6,360.00"
2020-09-21,2020092104017842,RLI,33,42,10,637.00,"6,370.00"
2020-09-21,2020092104017841,RLI,33,58,10,637.00,"6,370.00"
2020-09-21,2020092104017840,RLI,33,37,10,637.00,"6,370.00"
2020-09-21,2020092104017839,RLI,33,42,10,637.00,"6,370.00"
2020-09-21,2020092104017838,RLI,33,37,10,637.00,"6,370.00"
2020-09-21,2020092104017837,RLI,33,37,10,637.00,"6,370.00"
2020-09-21,2020092104017510,SAEF,7,42,"2,000",10.32,"20,640.00"
2020-09-21,2020092104017503,SEF,57,52,500,9.07,"4,535.00"
2020-09-21,2020092104017032,LUK,25,25,"1,000",8.94,"8,940.00"
2020-09-21,2020092104017327,NBF2,17,28,550,8.85,"4,867.50"
2020-09-21,2020092104017098,NBF2,21,28,"1,000",8.85,"8,850.00"
2020-09-21,2020092104016881,NIBSF1,59,46,"2,200",9.39,"20,658.00"
2020-09-21,2020092104017085,NICD83/84,19,16,50,"1,017.00","50,850.00"
2020-09-21,2020092104017324,NMBPO,48,37,"10,000",250.00,"2,500,000.00"
2020-09-21,2020092104017241,RBCLPO,41,49,20,"10,206.00","204,120.00"
2020-09-21,2020092104017240,RBCLPO,32,49,10,"10,220.00","102,200.00"
2020-09-21,2020092104017239,RBCLPO,26,49,20,"10,230.00","204,600.00"
2020-09-21,2020092104017348,RLI,50,55,10,636.00,"6,360.00"
2020-09-21,2020092104017347,RLI,43,58,10,635.00,"6,350.00"
2020-09-21,2020092104017346,RLI,43,36,10,635.00,"6,350.00"
2020-09-21,2020092104017345,RLI,43,49,10,635.00,"6,350.00"
2020-09-21,2020092104017344,RLI,43,47,10,635.00,"6,350.00"
2020-09-21,2020092104017343,RLI,43,14,10,635.00,"6,350.00"
2020-09-21,2020092104016853,RLI,47,55,10,636.00,"6,360.00"
2020-09-21,2020092104016852,RLI,47,52,10,636.00,"6,360.00"
2020-09-21,2020092104016851,RLI,47,55,10,636.00,"6,360.00"
2020-09-21,2020092104016850,RLI,47,8,10,636.00,"6,360.00"
2020-09-21,2020092104016849,RLI,47,8,10,636.00,"6,360.00"
2020-09-21,2020092104016859,RLI,34,57,10,635.00,"6,350.00"
2020-09-21,2020092104016858,RLI,34,58,10,635.00,"6,350.00"
2020-09-21,2020092104016857,RLI,34,21,10,635.00,"6,350.00"
2020-09-21,2020092104016856,RLI,34,48,10,635.00,"6,350.00"
2020-09-21,2020092104016855,RLI,34,34,10,635.00,"6,350.00"
2020-09-21,2020092104016854,RLI,57,47,10,636.00,"6,360.00"
2020-09-21,2020092104016865,RLI,34,16,10,635.00,"6,350.00"
2020-09-21,2020092104016864,RLI,34,8,10,635.00,"6,350.00"
2020-09-21,2020092104016863,RLI,34,39,10,635.00,"6,350.00"
2020-09-21,2020092104016862,RLI,34,48,10,635.00,"6,350.00"
2020-09-21,2020092104016861,RLI,58,58,10,636.00,"6,360.00"
2020-09-21,2020092104016860,RLI,58,25,10,636.00,"6,360.00"
2020-09-21,2020092104016871,RLI,13,47,10,635.00,"6,350.00"
2020-09-21,2020092104016870,RLI,34,22,10,635.00,"6,350.00"
2020-09-21,2020092104016869,RLI,34,7,10,635.00,"6,350.00"
2020-09-21,2020092104016868,RLI,34,21,10,635.00,"6,350.00"
2020-09-21,2020092104016867,RLI,34,25,10,635.00,"6,350.00"
2020-09-21,2020092104016866,RLI,34,54,10,635.00,"6,350.00"
2020-09-21,2020092104016877,RLI,52,26,10,636.00,"6,360.00"
2020-09-21,2020092104016876,RLI,52,58,10,636.00,"6,360.00"
2020-09-21,2020092104016875,RLI,52,38,10,636.00,"6,360.00"
2020-09-21,2020092104016874,RLI,13,38,10,635.00,"6,350.00"
2020-09-21,2020092104016873,RLI,13,55,10,635.00,"6,350.00"
2020-09-21,2020092104016872,RLI,13,39,10,635.00,"6,350.00"
2020-09-21,2020092104016884,RLI,51,44,10,636.00,"6,360.00"
2020-09-21,2020092104016883,RLI,51,21,10,636.00,"6,360.00"
2020-09-21,2020092104016882,RLI,51,38,10,636.00,"6,360.00"
2020-09-21,2020092104016880,RLI,51,57,10,636.00,"6,360.00"
2020-09-21,2020092104016879,RLI,52,37,10,636.00,"6,360.00"
2020-09-21,2020092104016878,RLI,52,53,10,636.00,"6,360.00"
2020-09-21,2020092104016890,RLI,51,16,10,636.00,"6,360.00"
2020-09-21,2020092104016889,RLI,51,8,10,636.00,"6,360.00"
2020-09-21,2020092104016888,RLI,51,40,10,636.00,"6,360.00"
2020-09-21,2020092104016887,RLI,51,39,10,636.00,"6,360.00"
2020-09-21,2020092104016886,RLI,51,33,10,636.00,"6,360.00"
2020-09-21,2020092104016885,RLI,51,57,10,636.00,"6,360.00"
2020-09-21,2020092104016896,RLI,38,47,10,636.00,"6,360.00"
2020-09-21,2020092104016895,RLI,38,48,10,636.00,"6,360.00"
2020-09-21,2020092104016894,RLI,38,58,10,636.00,"6,360.00"
2020-09-21,2020092104016893,RLI,38,49,10,636.00,"6,360.00"
2020-09-21,2020092104016892,RLI,38,7,10,636.00,"6,360.00"
2020-09-21,2020092104016891,RLI,38,25,10,636.00,"6,360.00"
2020-09-21,2020092104016902,RLI,49,46,10,636.00,"6,360.00"
2020-09-21,2020092104016901,RLI,49,40,10,636.00,"6,360.00"
2020-09-21,2020092104016900,RLI,38,21,10,636.00,"6,360.00"
2020-09-21,2020092104016899,RLI,38,34,10,636.00,"6,360.00"
2020-09-21,2020092104016898,RLI,38,39,10,636.00,"6,360.00"
2020-09-21,2020092104016897,RLI,38,22,10,636.00,"6,360.00"
2020-09-21,2020092104016908,RLI,49,41,10,636.00,"6,360.00"
2020-09-21,2020092104016907,RLI,49,8,10,636.00,"6,360.00"
2020-09-21,2020092104016906,RLI,49,39,10,636.00,"6,360.00"
2020-09-21,2020092104016905,RLI,49,33,10,636.00,"6,360.00"
2020-09-21,2020092104016904,RLI,49,54,10,636.00,"6,360.00"
2020-09-21,2020092104016903,RLI,49,55,10,636.00,"6,360.00"
2020-09-21,2020092104016914,RLI,13,40,10,635.00,"6,350.00"
2020-09-21,2020092104016913,RLI,13,16,10,635.00,"6,350.00"
2020-09-21,2020092104016912,RLI,13,47,10,635.00,"6,350.00"
2020-09-21,2020092104016911,RLI,13,44,10,635.00,"6,350.00"
2020-09-21,2020092104016910,RLI,13,21,10,635.00,"6,350.00"
2020-09-21,2020092104016909,RLI,49,44,10,636.00,"6,360.00"
2020-09-21,2020092104016920,RLI,13,39,10,635.00,"6,350.00"
2020-09-21,2020092104016919,RLI,13,48,10,635.00,"6,350.00"
2020-09-21,2020092104016918,RLI,41,43,10,636.00,"6,360.00"
2020-09-21,2020092104016917,RLI,41,40,10,636.00,"6,360.00"
2020-09-21,2020092104016916,RLI,41,22,10,636.00,"6,360.00"
2020-09-21,2020092104016915,RLI,41,38,10,636.00,"6,360.00"
2020-09-21,2020092104016926,RLI,13,48,10,635.00,"6,350.00"
2020-09-21,2020092104016925,RLI,13,44,10,635.00,"6,350.00"
2020-09-21,2020092104016924,RLI,13,39,10,635.00,"6,350.00"
2020-09-21,2020092104016923,RLI,13,44,10,635.00,"6,350.00"
2020-09-21,2020092104016922,RLI,13,14,10,635.00,"6,350.00"
2020-09-21,2020092104016921,RLI,13,8,10,635.00,"6,350.00"
2020-09-21,2020092104016932,RLI,53,57,10,635.00,"6,350.00"
2020-09-21,2020092104016931,RLI,53,40,10,635.00,"6,350.00"
2020-09-21,2020092104016930,RLI,53,55,10,635.00,"6,350.00"
2020-09-21,2020092104016929,RLI,13,22,10,635.00,"6,350.00"
2020-09-21,2020092104016928,RLI,13,47,10,635.00,"6,350.00"
2020-09-21,2020092104016927,RLI,13,47,10,635.00,"6,350.00"
2020-09-21,2020092104016938,RLI,38,34,10,635.00,"6,350.00"
2020-09-21,2020092104016937,RLI,38,14,10,635.00,"6,350.00"
2020-09-21,2020092104016936,RLI,38,21,10,635.00,"6,350.00"
2020-09-21,2020092104016935,RLI,38,46,10,635.00,"6,350.00"
2020-09-21,2020092104016934,RLI,53,38,10,635.00,"6,350.00"
2020-09-21,2020092104016933,RLI,53,8,10,635.00,"6,350.00"
2020-09-21,2020092104016944,RLI,38,14,10,636.00,"6,360.00"
2020-09-21,2020092104016943,RLI,38,40,10,636.00,"6,360.00"
2020-09-21,2020092104016942,RLI,38,42,10,636.00,"6,360.00"
2020-09-21,2020092104016941,RLI,38,42,10,636.00,"6,360.00"
2020-09-21,2020092104016940,RLI,38,38,10,636.00,"6,360.00"
2020-09-21,2020092104016939,RLI,38,55,10,636.00,"6,360.00"
2020-09-21,2020092104016950,RLI,48,8,10,635.00,"6,350.00"
2020-09-21,2020092104016949,RLI,38,40,10,635.00,"6,350.00"
2020-09-21,2020092104016948,RLI,38,44,10,636.00,"6,360.00"
2020-09-21,2020092104016947,RLI,38,45,10,636.00,"6,360.00"
2020-09-21,2020092104016946,RLI,38,55,10,636.00,"6,360.00"
2020-09-21,2020092104016945,RLI,38,25,10,636.00,"6,360.00"
2020-09-21,2020092104016956,RLI,48,22,10,635.00,"6,350.00"
2020-09-21,2020092104016955,RLI,48,48,10,635.00,"6,350.00"
2020-09-21,2020092104016954,RLI,48,54,10,635.00,"6,350.00"
2020-09-21,2020092104016953,RLI,48,14,10,635.00,"6,350.00"
2020-09-21,2020092104016952,RLI,48,47,10,635.00,"6,350.00"
2020-09-21,2020092104016951,RLI,48,41,10,635.00,"6,350.00"
2020-09-21,2020092104016962,RLI,48,40,10,635.00,"6,350.00"
2020-09-21,2020092104016961,RLI,48,37,10,635.00,"6,350.00"
2020-09-21,2020092104016960,RLI,48,34,10,635.00,"6,350.00"
2020-09-21,2020092104016959,RLI,48,38,10,635.00,"6,350.00"
2020-09-21,2020092104016958,RLI,48,55,10,635.00,"6,350.00"
2020-09-21,2020092104016957,RLI,48,8,10,635.00,"6,350.00"
2020-09-21,2020092104016968,RLI,38,3,10,636.00,"6,360.00"
2020-09-21,2020092104016967,RLI,38,40,10,636.00,"6,360.00"
2020-09-21,2020092104016966,RLI,48,8,10,635.00,"6,350.00"
2020-09-21,2020092104016965,RLI,48,47,10,635.00,"6,350.00"
2020-09-21,2020092104016964,RLI,48,44,10,635.00,"6,350.00"
2020-09-21,2020092104016963,RLI,48,38,10,635.00,"6,350.00"
2020-09-21,2020092104016974,RLI,38,3,10,636.00,"6,360.00"
2020-09-21,2020092104016973,RLI,38,55,10,636.00,"6,360.00"
2020-09-21,2020092104016972,RLI,38,37,10,636.00,"6,360.00"
2020-09-21,2020092104016971,RLI,38,42,10,636.00,"6,360.00"
2020-09-21,2020092104016970,RLI,38,40,10,636.00,"6,360.00"
2020-09-21,2020092104016969,RLI,38,25,10,636.00,"6,360.00"
2020-09-21,2020092104016980,RLI,38,38,10,636.00,"6,360.00"
2020-09-21,2020092104016979,RLI,38,7,10,636.00,"6,360.00"
2020-09-21,2020092104016978,RLI,38,17,10,636.00,"6,360.00"
2020-09-21,2020092104016977,RLI,38,49,10,636.00,"6,360.00"
2020-09-21,2020092104016976,RLI,38,37,10,636.00,"6,360.00"
2020-09-21,2020092104016975,RLI,38,48,10,636.00,"6,360.00"
2020-09-21,2020092104016986,RLI,38,54,10,636.00,"6,360.00"
2020-09-21,2020092104016985,RLI,38,44,10,636.00,"6,360.00"
2020-09-21,2020092104016984,RLI,38,25,10,636.00,"6,360.00"
2020-09-21,2020092104016983,RLI,38,21,10,636.00,"6,360.00"
2020-09-21,2020092104016982,RLI,38,8,10,636.00,"6,360.00"
2020-09-21,2020092104016981,RLI,38,40,10,636.00,"6,360.00"
2020-09-21,2020092104016992,RLI,21,37,10,637.00,"6,370.00"
2020-09-21,2020092104016991,RLI,21,11,10,637.00,"6,370.00"
2020-09-21,2020092104016990,RLI,21,37,10,637.00,"6,370.00"
2020-09-21,2020092104016989,RLI,21,34,10,636.00,"6,360.00"
2020-09-21,2020092104016988,RLI,21,54,10,636.00,"6,360.00"
2020-09-21,2020092104016987,RLI,21,25,10,636.00,"6,360.00"
2020-09-21,2020092104016998,RLI,48,8,10,635.00,"6,350.00"
2020-09-21,2020092104016997,RLI,42,42,10,636.00,"6,360.00"
2020-09-21,2020092104016996,RLI,42,11,10,636.00,"6,360.00"
2020-09-21,2020092104016995,RLI,48,40,10,635.00,"6,350.00"
2020-09-21,2020092104016994,RLI,48,40,10,635.00,"6,350.00"
2020-09-21,2020092104016993,RLI,21,37,10,637.00,"6,370.00"
2020-09-21,2020092104017004,RLI,35,40,10,635.00,"6,350.00"
2020-09-21,2020092104017003,RLI,48,58,10,635.00,"6,350.00"
2020-09-21,2020092104017002,RLI,48,48,10,635.00,"6,350.00"
2020-09-21,2020092104017001,RLI,48,37,10,635.00,"6,350.00"
2020-09-21,2020092104017000,RLI,48,38,10,635.00,"6,350.00"
2020-09-21,2020092104016999,RLI,48,21,10,635.00,"6,350.00"
2020-09-21,2020092104017010,RLI,5,38,10,636.00,"6,360.00"
2020-09-21,2020092104017009,RLI,46,19,10,635.00,"6,350.00"
2020-09-21,2020092104017008,RLI,35,21,10,635.00,"6,350.00"
2020-09-21,2020092104017007,RLI,35,40,10,635.00,"6,350.00"
2020-09-21,2020092104017006,RLI,35,16,10,635.00,"6,350.00"
2020-09-21,2020092104017005,RLI,35,44,10,635.00,"6,350.00"
2020-09-21,2020092104017016,RLI,5,38,10,636.00,"6,360.00"
2020-09-21,2020092104017015,RLI,5,58,10,636.00,"6,360.00"
2020-09-21,2020092104017014,RLI,5,54,10,636.00,"6,360.00"
2020-09-21,2020092104017013,RLI,5,37,10,636.00,"6,360.00"
2020-09-21,2020092104017012,RLI,5,58,10,636.00,"6,360.00"
2020-09-21,2020092104017011,RLI,5,25,10,636.00,"6,360.00"
2020-09-21,2020092104017022,RLI,5,48,10,636.00,"6,360.00"
2020-09-21,2020092104017021,RLI,5,40,10,636.00,"6,360.00"
2020-09-21,2020092104017020,RLI,5,25,10,636.00,"6,360.00"
2020-09-21,2020092104017019,RLI,5,54,10,636.00,"6,360.00"
2020-09-21,2020092104017018,RLI,5,22,10,636.00,"6,360.00"
2020-09-21,2020092104017017,RLI,5,34,10,636.00,"6,360.00"
2020-09-21,2020092104017028,RLI,5,38,10,636.00,"6,360.00"
2020-09-21,2020092104017027,RLI,5,21,10,636.00,"6,360.00"
2020-09-21,2020092104017026,RLI,5,37,10,636.00,"6,360.00"
2020-09-21,2020092104017025,RLI,5,47,10,636.00,"6,360.00"
2020-09-21,2020092104017024,RLI,5,7,10,636.00,"6,360.00"
2020-09-21,2020092104017023,RLI,5,40,10,636.00,"6,360.00"
2020-09-21,2020092104017035,RLI,5,34,10,636.00,"6,360.00"
2020-09-21,2020092104017034,RLI,5,53,10,636.00,"6,360.00"
2020-09-21,2020092104017033,RLI,5,51,10,636.00,"6,360.00"
2020-09-21,2020092104017031,RLI,5,39,10,636.00,"6,360.00"
2020-09-21,2020092104017030,RLI,5,34,10,636.00,"6,360.00"
2020-09-21,2020092104017029,RLI,5,42,10,636.00,"6,360.00"
2020-09-21,2020092104017041,RLI,5,40,10,636.00,"6,360.00"
2020-09-21,2020092104017040,RLI,5,14,10,636.00,"6,360.00"
2020-09-21,2020092104017039,RLI,5,38,10,636.00,"6,360.00"
2020-09-21,2020092104017038,RLI,5,58,10,636.00,"6,360.00"
2020-09-21,2020092104017037,RLI,5,40,10,636.00,"6,360.00"
2020-09-21,2020092104017036,RLI,5,8,10,636.00,"6,360.00"
2020-09-21,2020092104017047,RLI,5,37,10,636.00,"6,360.00"
2020-09-21,2020092104017046,RLI,5,54,10,636.00,"6,360.00"
2020-09-21,2020092104017045,RLI,5,21,10,636.00,"6,360.00"
2020-09-21,2020092104017044,RLI,5,34,10,636.00,"6,360.00"
2020-09-21,2020092104017043,RLI,5,41,10,636.00,"6,360.00"
2020-09-21,2020092104017042,RLI,5,38,10,636.00,"6,360.00"
2020-09-21,2020092104017053,RLI,46,21,10,635.00,"6,350.00"
2020-09-21,2020092104017052,RLI,46,8,10,635.00,"6,350.00"
2020-09-21,2020092104017051,RLI,5,57,10,636.00,"6,360.00"
2020-09-21,2020092104017050,RLI,34,37,10,637.00,"6,370.00"
2020-09-21,2020092104017049,RLI,5,40,10,636.00,"6,360.00"
2020-09-21,2020092104017048,RLI,5,54,10,636.00,"6,360.00"
2020-09-21,2020092104017059,RLI,35,45,10,635.00,"6,350.00"
2020-09-21,2020092104017058,RLI,35,40,10,635.00,"6,350.00"
2020-09-21,2020092104017057,RLI,35,19,10,635.00,"6,350.00"
2020-09-21,2020092104017056,RLI,46,37,10,635.00,"6,350.00"
2020-09-21,2020092104017055,RLI,51,25,10,636.00,"6,360.00"
2020-09-21,2020092104017054,RLI,46,46,10,635.00,"6,350.00"
2020-09-21,2020092104017065,RLI,35,50,10,635.00,"6,350.00"
2020-09-21,2020092104017064,RLI,35,8,10,635.00,"6,350.00"
2020-09-21,2020092104017063,RLI,35,38,10,635.00,"6,350.00"
2020-09-21,2020092104017062,RLI,26,47,10,636.00,"6,360.00"
2020-09-21,2020092104017061,RLI,26,17,10,636.00,"6,360.00"
2020-09-21,2020092104017060,RLI,35,39,10,635.00,"6,350.00"
2020-09-21,2020092104017071,RLI,35,34,10,635.00,"6,350.00"
2020-09-21,2020092104017070,RLI,35,57,10,635.00,"6,350.00"
2020-09-21,2020092104017069,RLI,35,40,10,635.00,"6,350.00"
2020-09-21,2020092104017068,RLI,35,39,10,635.00,"6,350.00"
2020-09-21,2020092104017067,RLI,35,17,10,635.00,"6,350.00"
2020-09-21,2020092104017066,RLI,35,21,10,635.00,"6,350.00"
2020-09-21,2020092104017077,RLI,35,58,10,635.00,"6,350.00"
2020-09-21,2020092104017076,RLI,35,43,10,635.00,"6,350.00"
2020-09-21,2020092104017075,RLI,35,21,10,635.00,"6,350.00"
2020-09-21,2020092104017074,RLI,35,52,10,635.00,"6,350.00"
2020-09-21,2020092104017073,RLI,35,38,10,635.00,"6,350.00"
2020-09-21,2020092104017072,RLI,35,37,10,635.00,"6,350.00"
2020-09-21,2020092104017083,RLI,35,38,10,635.00,"6,350.00"
2020-09-21,2020092104017082,RLI,35,16,10,635.00,"6,350.00"
2020-09-21,2020092104017081,RLI,35,34,10,635.00,"6,350.00"
2020-09-21,2020092104017080,RLI,35,54,10,635.00,"6,350.00"
2020-09-21,2020092104017079,RLI,35,8,10,635.00,"6,350.00"
2020-09-21,2020092104017078,RLI,35,6,10,635.00,"6,350.00"
2020-09-21,2020092104017090,RLI,33,44,10,635.00,"6,350.00"
2020-09-21,2020092104017089,RLI,35,48,10,635.00,"6,350.00"
2020-09-21,2020092104017088,RLI,35,48,10,635.00,"6,350.00"
2020-09-21,2020092104017087,RLI,35,40,10,635.00,"6,350.00"
2020-09-21,2020092104017086,RLI,35,21,10,635.00,"6,350.00"
2020-09-21,2020092104017084,RLI,35,11,10,635.00,"6,350.00"
2020-09-21,2020092104017096,RLI,33,21,10,635.00,"6,350.00"
2020-09-21,2020092104017095,RLI,33,40,10,635.00,"6,350.00"
2020-09-21,2020092104017094,RLI,33,41,10,635.00,"6,350.00"
2020-09-21,2020092104017093,RLI,33,43,10,635.00,"6,350.00"
2020-09-21,2020092104017092,RLI,33,8,10,635.00,"6,350.00"
2020-09-21,2020092104017091,RLI,33,22,10,635.00,"6,350.00"
2020-09-21,2020092104017103,RLI,43,40,10,635.00,"6,350.00"
2020-09-21,2020092104017102,RLI,43,8,10,635.00,"6,350.00"
2020-09-21,2020092104017101,RLI,43,47,10,635.00,"6,350.00"
2020-09-21,2020092104017100,RLI,33,17,10,635.00,"6,350.00"
2020-09-21,2020092104017099,RLI,33,38,10,635.00,"6,350.00"
2020-09-21,2020092104017097,RLI,33,38,10,635.00,"6,350.00"
2020-09-21,2020092104017109,RLI,17,48,10,636.00,"6,360.00"
2020-09-21,2020092104017108,RLI,17,53,10,636.00,"6,360.00"
2020-09-21,2020092104017107,RLI,29,57,10,635.00,"6,350.00"
2020-09-21,2020092104017106,RLI,29,38,10,635.00,"6,350.00"
2020-09-21,2020092104017105,RLI,43,44,10,635.00,"6,350.00"
2020-09-21,2020092104017104,RLI,43,53,10,635.00,"6,350.00"
2020-09-21,2020092104017115,RLI,29,47,10,635.00,"6,350.00"
2020-09-21,2020092104017114,RLI,29,8,10,635.00,"6,350.00"
2020-09-21,2020092104017113,RLI,29,38,10,635.00,"6,350.00"
2020-09-21,2020092104017112,RLI,17,38,10,636.00,"6,360.00"
2020-09-21,2020092104017111,RLI,17,54,10,636.00,"6,360.00"
2020-09-21,2020092104017110,RLI,17,54,10,636.00,"6,360.00"
2020-09-21,2020092104017121,RLI,29,38,10,635.00,"6,350.00"
2020-09-21,2020092104017120,RLI,29,22,10,635.00,"6,350.00"
2020-09-21,2020092104017119,RLI,29,17,10,635.00,"6,350.00"
2020-09-21,2020092104017118,RLI,29,21,10,635.00,"6,350.00"
2020-09-21,2020092104017117,RLI,29,58,10,635.00,"6,350.00"
2020-09-21,2020092104017116,RLI,29,38,10,635.00,"6,350.00"
2020-09-21,2020092104017127,RLI,53,38,10,636.00,"6,360.00"
2020-09-21,2020092104017126,RLI,53,53,10,636.00,"6,360.00"
2020-09-21,2020092104017125,RLI,29,42,10,635.00,"6,350.00"
2020-09-21,2020092104017124,RLI,29,44,10,635.00,"6,350.00"
2020-09-21,2020092104017123,RLI,29,48,10,635.00,"6,350.00"
2020-09-21,2020092104017122,RLI,29,54,10,635.00,"6,350.00"
2020-09-21,2020092104017133,RLI,33,10,10,635.00,"6,350.00"
2020-09-21,2020092104017132,RLI,33,38,10,635.00,"6,350.00"
2020-09-21,2020092104017131,RLI,53,34,10,635.00,"6,350.00"
2020-09-21,2020092104017130,RLI,53,38,10,636.00,"6,360.00"
2020-09-21,2020092104017129,RLI,53,58,10,636.00,"6,360.00"
2020-09-21,2020092104017128,RLI,53,25,10,636.00,"6,360.00"
2020-09-21,2020092104017139,RLI,39,47,10,635.00,"6,350.00"
2020-09-21,2020092104017138,RLI,39,47,10,635.00,"6,350.00"
2020-09-21,2020092104017137,RLI,39,21,10,635.00,"6,350.00"
2020-09-21,2020092104017136,RLI,49,17,10,635.00,"6,350.00"
2020-09-21,2020092104017135,RLI,49,57,10,635.00,"6,350.00"
2020-09-21,2020092104017134,RLI,49,43,10,635.00,"6,350.00"
2020-09-21,2020092104017145,RLI,39,22,10,635.00,"6,350.00"
2020-09-21,2020092104017144,RLI,39,40,10,635.00,"6,350.00"
2020-09-21,2020092104017143,RLI,39,45,10,635.00,"6,350.00"
2020-09-21,2020092104017142,RLI,39,25,10,635.00,"6,350.00"
2020-09-21,2020092104017141,RLI,39,42,10,635.00,"6,350.00"
2020-09-21,2020092104017140,RLI,39,44,10,635.00,"6,350.00"
2020-09-21,2020092104017151,RLI,11,18,10,635.00,"6,350.00"
2020-09-21,2020092104017150,RLI,11,21,10,635.00,"6,350.00"
2020-09-21,2020092104017149,RLI,11,10,10,635.00,"6,350.00"
2020-09-21,2020092104017148,RLI,11,38,10,635.00,"6,350.00"
2020-09-21,2020092104017147,RLI,11,34,10,635.00,"6,350.00"
2020-09-21,2020092104017146,RLI,39,25,10,635.00,"6,350.00"
2020-09-21,2020092104017157,RLI,11,34,10,635.00,"6,350.00"
2020-09-21,2020092104017156,RLI,11,46,10,635.00,"6,350.00"
2020-09-21,2020092104017155,RLI,11,44,10,635.00,"6,350.00"
2020-09-21,2020092104017154,RLI,11,47,10,635.00,"6,350.00"
2020-09-21,2020092104017153,RLI,11,57,10,635.00,"6,350.00"
2020-09-21,2020092104017152,RLI,11,17,10,635.00,"6,350.00"
2020-09-21,2020092104017163,RLI,41,38,10,636.00,"6,360.00"
2020-09-21,2020092104017162,RLI,41,40,10,636.00,"6,360.00"
2020-09-21,2020092104017161,RLI,41,38,10,636.00,"6,360.00"
2020-09-21,2020092104017160,RLI,41,38,10,636.00,"6,360.00"
2020-09-21,2020092104017159,RLI,41,34,10,636.00,"6,360.00"
2020-09-21,2020092104017158,RLI,41,25,10,636.00,"6,360.00"
2020-09-21,2020092104017169,RLI,41,54,10,636.00,"6,360.00"
2020-09-21,2020092104017168,RLI,41,42,10,636.00,"6,360.00"
2020-09-21,2020092104017167,RLI,41,47,10,636.00,"6,360.00"
2020-09-21,2020092104017166,RLI,41,41,10,636.00,"6,360.00"
2020-09-21,2020092104017165,RLI,41,40,10,636.00,"6,360.00"
2020-09-21,2020092104017164,RLI,41,55,10,636.00,"6,360.00"
2020-09-21,2020092104017175,RLI,41,8,10,636.00,"6,360.00"
2020-09-21,2020092104017174,RLI,41,37,10,636.00,"6,360.00"
2020-09-21,2020092104017173,RLI,41,25,10,636.00,"6,360.00"
2020-09-21,2020092104017172,RLI,41,40,10,636.00,"6,360.00"
2020-09-21,2020092104017171,RLI,41,58,10,636.00,"6,360.00"
2020-09-21,2020092104017170,RLI,41,53,10,636.00,"6,360.00"
2020-09-21,2020092104017181,RLI,22,22,10,636.00,"6,360.00"
2020-09-21,2020092104017180,RLI,22,55,10,636.00,"6,360.00"
2020-09-21,2020092104017179,RLI,22,42,10,636.00,"6,360.00"
2020-09-21,2020092104017178,RLI,11,38,10,635.00,"6,350.00"
2020-09-21,2020092104017177,RLI,41,58,10,636.00,"6,360.00"
2020-09-21,2020092104017176,RLI,41,55,10,636.00,"6,360.00"
2020-09-21,2020092104017187,RLI,11,40,10,635.00,"6,350.00"
2020-09-21,2020092104017186,RLI,11,21,10,635.00,"6,350.00"
2020-09-21,2020092104017185,RLI,11,53,10,635.00,"6,350.00"
2020-09-21,2020092104017184,RLI,11,57,10,635.00,"6,350.00"
2020-09-21,2020092104017183,RLI,11,17,10,635.00,"6,350.00"
2020-09-21,2020092104017182,RLI,11,44,10,635.00,"6,350.00"
2020-09-21,2020092104017193,RLI,11,37,10,636.00,"6,360.00"
2020-09-21,2020092104017192,RLI,11,17,10,635.00,"6,350.00"
2020-09-21,2020092104017191,RLI,11,42,10,635.00,"6,350.00"
2020-09-21,2020092104017190,RLI,11,58,10,635.00,"6,350.00"
2020-09-21,2020092104017189,RLI,11,40,10,635.00,"6,350.00"
2020-09-21,2020092104017188,RLI,11,10,10,635.00,"6,350.00"
2020-09-21,2020092104017199,RLI,11,21,10,635.00,"6,350.00"
2020-09-21,2020092104017198,RLI,11,47,10,635.00,"6,350.00"
2020-09-21,2020092104017197,RLI,11,49,10,635.00,"6,350.00"
2020-09-21,2020092104017196,RLI,11,34,10,635.00,"6,350.00"
2020-09-21,2020092104017195,RLI,11,6,10,635.00,"6,350.00"
2020-09-21,2020092104017194,RLI,11,38,10,636.00,"6,360.00"
2020-09-21,2020092104017205,RLI,11,58,10,635.00,"6,350.00"
2020-09-21,2020092104017204,RLI,11,53,10,635.00,"6,350.00"
2020-09-21,2020092104017203,RLI,11,34,10,635.00,"6,350.00"
2020-09-21,2020092104017202,RLI,11,44,10,635.00,"6,350.00"
2020-09-21,2020092104017201,RLI,11,34,10,635.00,"6,350.00"
2020-09-21,2020092104017200,RLI,11,57,10,635.00,"6,350.00"
2020-09-21,2020092104017211,RLI,50,36,10,635.00,"6,350.00"
2020-09-21,2020092104017210,RLI,50,47,10,635.00,"6,350.00"
2020-09-21,2020092104017209,RLI,50,58,10,635.00,"6,350.00"
2020-09-21,2020092104017208,RLI,50,40,10,635.00,"6,350.00"
2020-09-21,2020092104017207,RLI,50,38,10,635.00,"6,350.00"
2020-09-21,2020092104017206,RLI,11,42,10,635.00,"6,350.00"
2020-09-21,2020092104017217,RLI,17,55,10,636.00,"6,360.00"
2020-09-21,2020092104017216,RLI,17,37,10,636.00,"6,360.00"
2020-09-21,2020092104017215,RLI,17,14,10,636.00,"6,360.00"
2020-09-21,2020092104017214,RLI,17,25,10,636.00,"6,360.00"
2020-09-21,2020092104017213,RLI,17,55,10,636.00,"6,360.00"
2020-09-21,2020092104017212,RLI,50,49,10,635.00,"6,350.00"
2020-09-21,2020092104017223,RLI,50,57,10,635.00,"6,350.00"
2020-09-21,2020092104017222,RLI,50,16,10,635.00,"6,350.00"
2020-09-21,2020092104017221,RLI,50,44,10,635.00,"6,350.00"
2020-09-21,2020092104017220,RLI,50,36,10,635.00,"6,350.00"
2020-09-21,2020092104017219,RLI,17,42,10,636.00,"6,360.00"
2020-09-21,2020092104017218,RLI,17,55,10,636.00,"6,360.00"
2020-09-21,2020092104017229,RLI,1,58,10,635.00,"6,350.00"
2020-09-21,2020092104017228,RLI,1,38,10,635.00,"6,350.00"
2020-09-21,2020092104017227,RLI,1,47,10,635.00,"6,350.00"
2020-09-21,2020092104017226,RLI,1,36,10,635.00,"6,350.00"
2020-09-21,2020092104017225,RLI,1,38,10,635.00,"6,350.00"
2020-09-21,2020092104017224,RLI,1,25,10,635.00,"6,350.00"
2020-09-21,2020092104017235,RLI,1,51,10,635.00,"6,350.00"
2020-09-21,2020092104017234,RLI,1,8,10,635.00,"6,350.00"
2020-09-21,2020092104017233,RLI,1,57,10,635.00,"6,350.00"
2020-09-21,2020092104017232,RLI,1,36,10,635.00,"6,350.00"
2020-09-21,2020092104017231,RLI,1,25,10,635.00,"6,350.00"
2020-09-21,2020092104017230,RLI,1,21,10,635.00,"6,350.00"
2020-09-21,2020092104017244,RLI,13,55,10,636.00,"6,360.00"
2020-09-21,2020092104017243,RLI,13,14,10,636.00,"6,360.00"
2020-09-21,2020092104017242,RLI,1,16,10,635.00,"6,350.00"
2020-09-21,2020092104017238,RLI,1,57,10,635.00,"6,350.00"
2020-09-21,2020092104017237,RLI,1,37,10,635.00,"6,350.00"
2020-09-21,2020092104017236,RLI,1,28,10,635.00,"6,350.00"
2020-09-21,2020092104017250,RLI,13,42,10,636.00,"6,360.00"
2020-09-21,2020092104017249,RLI,13,58,10,636.00,"6,360.00"
2020-09-21,2020092104017248,RLI,13,55,10,636.00,"6,360.00"
2020-09-21,2020092104017247,RLI,13,40,10,636.00,"6,360.00"
2020-09-21,2020092104017246,RLI,13,47,10,636.00,"6,360.00"
2020-09-21,2020092104017245,RLI,13,37,10,636.00,"6,360.00"
2020-09-21,2020092104017256,RLI,1,41,10,635.00,"6,350.00"
2020-09-21,2020092104017255,RLI,1,58,10,635.00,"6,350.00"
2020-09-21,2020092104017254,RLI,1,38,10,635.00,"6,350.00"
2020-09-21,2020092104017253,RLI,1,38,10,635.00,"6,350.00"
2020-09-21,2020092104017252,RLI,13,21,10,636.00,"6,360.00"
2020-09-21,2020092104017251,RLI,13,25,10,636.00,"6,360.00"
2020-09-21,2020092104017262,RLI,1,34,10,635.00,"6,350.00"
2020-09-21,2020092104017261,RLI,1,21,10,635.00,"6,350.00"
2020-09-21,2020092104017260,RLI,1,25,10,635.00,"6,350.00"
2020-09-21,2020092104017259,RLI,1,41,10,635.00,"6,350.00"
2020-09-21,2020092104017258,RLI,1,38,10,635.00,"6,350.00"
2020-09-21,2020092104017257,RLI,1,44,10,635.00,"6,350.00"
2020-09-21,2020092104017268,RLI,47,47,10,636.00,"6,360.00"
2020-09-21,2020092104017267,RLI,47,40,10,636.00,"6,360.00"
2020-09-21,2020092104017266,RLI,47,26,10,636.00,"6,360.00"
2020-09-21,2020092104017265,RLI,47,37,10,636.00,"6,360.00"
2020-09-21,2020092104017264,RLI,47,55,10,636.00,"6,360.00"
2020-09-21,2020092104017263,RLI,47,55,10,636.00,"6,360.00"
2020-09-21,2020092104017274,RLI,47,10,10,636.00,"6,360.00"
2020-09-21,2020092104017273,RLI,47,51,10,636.00,"6,360.00"
2020-09-21,2020092104017272,RLI,47,56,10,636.00,"6,360.00"
2020-09-21,2020092104017271,RLI,47,10,10,636.00,"6,360.00"
2020-09-21,2020092104017270,RLI,47,57,10,636.00,"6,360.00"
2020-09-21,2020092104017269,RLI,47,47,10,636.00,"6,360.00"
2020-09-21,2020092104017280,RLI,47,58,10,636.00,"6,360.00"
2020-09-21,2020092104017279,RLI,47,55,10,636.00,"6,360.00"
2020-09-21,2020092104017278,RLI,47,25,10,636.00,"6,360.00"
2020-09-21,2020092104017277,RLI,47,34,10,636.00,"6,360.00"
2020-09-21,2020092104017276,RLI,47,40,10,636.00,"6,360.00"
2020-09-21,2020092104017275,RLI,47,38,10,636.00,"6,360.00"
2020-09-21,2020092104017286,RLI,1,42,10,635.00,"6,350.00"
2020-09-21,2020092104017285,RLI,1,21,10,635.00,"6,350.00"
2020-09-21,2020092104017284,RLI,13,47,10,636.00,"6,360.00"
2020-09-21,2020092104017283,RLI,1,25,10,635.00,"6,350.00"
2020-09-21,2020092104017282,RLI,47,58,10,636.00,"6,360.00"
2020-09-21,2020092104017281,RLI,47,17,10,636.00,"6,360.00"
2020-09-21,2020092104017292,RLI,34,1,10,635.00,"6,350.00"
2020-09-21,2020092104017291,RLI,34,34,10,635.00,"6,350.00"
2020-09-21,2020092104017290,RLI,34,38,10,635.00,"6,350.00"
2020-09-21,2020092104017289,RLI,34,57,10,635.00,"6,350.00"
2020-09-21,2020092104017288,RLI,1,47,10,635.00,"6,350.00"
2020-09-21,2020092104017287,RLI,1,38,10,635.00,"6,350.00"
2020-09-21,2020092104017298,RLI,34,56,10,635.00,"6,350.00"
2020-09-21,2020092104017297,RLI,34,38,10,635.00,"6,350.00"
2020-09-21,2020092104017296,RLI,34,21,10,635.00,"6,350.00"
2020-09-21,2020092104017295,RLI,34,25,10,635.00,"6,350.00"
2020-09-21,2020092104017294,RLI,34,16,10,635.00,"6,350.00"
2020-09-21,2020092104017293,RLI,34,57,10,635.00,"6,350.00"
2020-09-21,2020092104017304,RLI,37,58,10,635.00,"6,350.00"
2020-09-21,2020092104017303,RLI,37,50,10,635.00,"6,350.00"
2020-09-21,2020092104017302,RLI,37,45,10,635.00,"6,350.00"
2020-09-21,2020092104017301,RLI,37,25,10,635.00,"6,350.00"
2020-09-21,2020092104017300,RLI,37,56,10,635.00,"6,350.00"
2020-09-21,2020092104017299,RLI,37,6,10,635.00,"6,350.00"
2020-09-21,2020092104017310,RLI,37,38,10,635.00,"6,350.00"
2020-09-21,2020092104017309,RLI,37,56,10,635.00,"6,350.00"
2020-09-21,2020092104017308,RLI,37,34,10,635.00,"6,350.00"
2020-09-21,2020092104017307,RLI,37,49,10,635.00,"6,350.00"
2020-09-21,2020092104017306,RLI,37,25,10,635.00,"6,350.00"
2020-09-21,2020092104017305,RLI,37,47,10,635.00,"6,350.00"
2020-09-21,2020092104017316,RLI,37,1,10,635.00,"6,350.00"
2020-09-21,2020092104017315,RLI,37,38,10,635.00,"6,350.00"
2020-09-21,2020092104017314,RLI,37,47,10,635.00,"6,350.00"
2020-09-21,2020092104017313,RLI,37,44,10,635.00,"6,350.00"
2020-09-21,2020092104017312,RLI,37,57,10,635.00,"6,350.00"
2020-09-21,2020092104017311,RLI,37,56,10,635.00,"6,350.00"
2020-09-21,2020092104017322,RLI,37,42,10,635.00,"6,350.00"
2020-09-21,2020092104017321,RLI,37,59,10,635.00,"6,350.00"
2020-09-21,2020092104017320,RLI,45,40,10,636.00,"6,360.00"
2020-09-21,2020092104017319,RLI,45,51,10,636.00,"6,360.00"
2020-09-21,2020092104017318,RLI,45,34,10,636.00,"6,360.00"
2020-09-21,2020092104017317,RLI,45,37,10,636.00,"6,360.00"
2020-09-21,2020092104017330,RLI,58,38,10,635.00,"6,350.00"
2020-09-21,2020092104017329,RLI,58,47,10,635.00,"6,350.00"
2020-09-21,2020092104017328,RLI,58,56,10,635.00,"6,350.00"
2020-09-21,2020092104017326,RLI,58,21,10,635.00,"6,350.00"
2020-09-21,2020092104017325,RLI,58,38,10,635.00,"6,350.00"
2020-09-21,2020092104017323,RLI,58,29,10,635.00,"6,350.00"
2020-09-21,2020092104017336,RLI,39,41,10,635.00,"6,350.00"
2020-09-21,2020092104017335,RLI,39,16,10,635.00,"6,350.00"
2020-09-21,2020092104017334,RLI,58,42,10,635.00,"6,350.00"
2020-09-21,2020092104017333,RLI,58,18,10,635.00,"6,350.00"
2020-09-21,2020092104017332,RLI,58,21,10,635.00,"6,350.00"
2020-09-21,2020092104017331,RLI,58,34,10,635.00,"6,350.00"
2020-09-21,2020092104017342,RLI,43,34,10,635.00,"6,350.00"
2020-09-21,2020092104017341,RLI,43,57,10,635.00,"6,350.00"
2020-09-21,2020092104017340,RLI,43,42,10,635.00,"6,350.00"
2020-09-21,2020092104017339,RLI,43,57,10,635.00,"6,350.00"
2020-09-21,2020092104017338,RLI,39,59,10,635.00,"6,350.00"
2020-09-21,2020092104017337,RLI,39,25,10,635.00,"6,350.00"
2020-09-21,2020092104016822,CMF1,43,46,500,11.19,"5,595.00"
2020-09-21,2020092104016574,CMF1,43,41,500,11.19,"5,595.00"
2020-09-21,2020092104016455,LUK,45,6,200,8.95,"1,790.00"
2020-09-21,2020092104016671,NBF2,29,1,"1,000",8.84,"8,840.00"
2020-09-21,2020092104016482,NICGF,45,41,500,9.39,"4,695.00"
2020-09-21,2020092104016650,NMBHF1,58,22,"1,664",10.02,"16,673.30"
2020-09-21,2020092104016649,NMBHF1,58,17,416,10.00,"4,160.00"
2020-09-21,2020092104016848,RLI,47,22,10,636.00,"6,360.00"
2020-09-21,2020092104016847,RLI,47,21,10,636.00,"6,360.00"
2020-09-21,2020092104016846,RLI,47,42,10,636.00,"6,360.00"
2020-09-21,2020092104016845,RLI,47,44,10,636.00,"6,360.00"
2020-09-21,2020092104016844,RLI,47,44,10,636.00,"6,360.00"
2020-09-21,2020092104016843,RLI,34,21,10,635.00,"6,350.00"
2020-09-21,2020092104016351,RLI,33,55,10,636.00,"6,360.00"
2020-09-21,2020092104016350,RLI,33,46,10,636.00,"6,360.00"
2020-09-21,2020092104016349,RLI,33,42,10,636.00,"6,360.00"
2020-09-21,2020092104016357,RLI,33,16,10,636.00,"6,360.00"
2020-09-21,2020092104016356,RLI,33,38,10,636.00,"6,360.00"
2020-09-21,2020092104016355,RLI,33,28,10,636.00,"6,360.00"
2020-09-21,2020092104016354,RLI,33,46,10,636.00,"6,360.00"
2020-09-21,2020092104016353,RLI,33,42,10,636.00,"6,360.00"
2020-09-21,2020092104016352,RLI,33,3,10,636.00,"6,360.00"
2020-09-21,2020092104016363,RLI,58,26,10,637.00,"6,370.00"
2020-09-21,2020092104016362,RLI,58,42,10,637.00,"6,370.00"
2020-09-21,2020092104016361,RLI,33,14,10,636.00,"6,360.00"
2020-09-21,2020092104016360,RLI,33,40,10,636.00,"6,360.00"
2020-09-21,2020092104016359,RLI,33,21,10,636.00,"6,360.00"
2020-09-21,2020092104016358,RLI,33,4,10,636.00,"6,360.00"
2020-09-21,2020092104016369,RLI,33,40,10,636.00,"6,360.00"
2020-09-21,2020092104016368,RLI,33,34,10,636.00,"6,360.00"
2020-09-21,2020092104016367,RLI,33,46,10,636.00,"6,360.00"
2020-09-21,2020092104016366,RLI,33,38,10,636.00,"6,360.00"
2020-09-21,2020092104016365,RLI,33,8,10,636.00,"6,360.00"
2020-09-21,2020092104016364,RLI,58,33,10,637.00,"6,370.00"
2020-09-21,2020092104016375,RLI,33,21,10,636.00,"6,360.00"
2020-09-21,2020092104016374,RLI,33,10,10,636.00,"6,360.00"
2020-09-21,2020092104016373,RLI,33,21,10,636.00,"6,360.00"
2020-09-21,2020092104016372,RLI,33,40,10,636.00,"6,360.00"
2020-09-21,2020092104016371,RLI,33,49,10,636.00,"6,360.00"
2020-09-21,2020092104016370,RLI,33,57,10,636.00,"6,360.00"
2020-09-21,2020092104016381,RLI,33,42,10,636.00,"6,360.00"
2020-09-21,2020092104016380,RLI,33,42,10,636.00,"6,360.00"
2020-09-21,2020092104016379,RLI,33,45,10,636.00,"6,360.00"
2020-09-21,2020092104016378,RLI,33,16,10,636.00,"6,360.00"
2020-09-21,2020092104016377,RLI,33,14,10,636.00,"6,360.00"
2020-09-21,2020092104016376,RLI,33,29,10,636.00,"6,360.00"
2020-09-21,2020092104016387,RLI,58,34,10,638.00,"6,380.00"
2020-09-21,2020092104016386,RLI,58,44,10,638.00,"6,380.00"
2020-09-21,2020092104016385,RLI,58,6,10,638.00,"6,380.00"
2020-09-21,2020092104016384,RLI,58,19,10,637.00,"6,370.00"
2020-09-21,2020092104016383,RLI,33,57,10,636.00,"6,360.00"
2020-09-21,2020092104016382,RLI,33,34,10,636.00,"6,360.00"
2020-09-21,2020092104016393,RLI,33,21,10,636.00,"6,360.00"
2020-09-21,2020092104016392,RLI,33,36,10,636.00,"6,360.00"
2020-09-21,2020092104016391,RLI,33,26,10,636.00,"6,360.00"
2020-09-21,2020092104016390,RLI,33,6,10,636.00,"6,360.00"
2020-09-21,2020092104016389,RLI,33,57,10,636.00,"6,360.00"
2020-09-21,2020092104016388,RLI,33,58,10,636.00,"6,360.00"
2020-09-21,2020092104016399,RLI,26,42,10,636.00,"6,360.00"
2020-09-21,2020092104016398,RLI,33,16,10,636.00,"6,360.00"
2020-09-21,2020092104016397,RLI,33,14,10,636.00,"6,360.00"
2020-09-21,2020092104016396,RLI,33,32,10,636.00,"6,360.00"
2020-09-21,2020092104016395,RLI,33,45,10,636.00,"6,360.00"
2020-09-21,2020092104016394,RLI,33,40,10,636.00,"6,360.00"
2020-09-21,2020092104016405,RLI,26,40,10,636.00,"6,360.00"
2020-09-21,2020092104016404,RLI,49,45,10,638.00,"6,380.00"
2020-09-21,2020092104016403,RLI,26,26,10,636.00,"6,360.00"
2020-09-21,2020092104016402,RLI,26,34,10,636.00,"6,360.00"
2020-09-21,2020092104016401,RLI,26,21,10,636.00,"6,360.00"
2020-09-21,2020092104016400,RLI,26,46,10,636.00,"6,360.00"
2020-09-21,2020092104016411,RLI,26,56,10,636.00,"6,360.00"
2020-09-21,2020092104016410,RLI,26,20,10,636.00,"6,360.00"
2020-09-21,2020092104016409,RLI,26,42,10,636.00,"6,360.00"
2020-09-21,2020092104016408,RLI,26,57,10,636.00,"6,360.00"
2020-09-21,2020092104016407,RLI,26,21,10,636.00,"6,360.00"
2020-09-21,2020092104016406,RLI,26,46,10,636.00,"6,360.00"
2020-09-21,2020092104016417,RLI,26,21,10,636.00,"6,360.00"
2020-09-21,2020092104016416,RLI,26,16,10,636.00,"6,360.00"
2020-09-21,2020092104016415,RLI,26,40,10,636.00,"6,360.00"
2020-09-21,2020092104016414,RLI,26,46,10,636.00,"6,360.00"
2020-09-21,2020092104016413,RLI,26,45,10,636.00,"6,360.00"
2020-09-21,2020092104016412,RLI,26,33,10,636.00,"6,360.00"
2020-09-21,2020092104016423,RLI,26,57,10,636.00,"6,360.00"
2020-09-21,2020092104016422,RLI,26,42,10,636.00,"6,360.00"
2020-09-21,2020092104016421,RLI,26,44,10,636.00,"6,360.00"
2020-09-21,2020092104016420,RLI,26,36,10,636.00,"6,360.00"
2020-09-21,2020092104016419,RLI,26,55,10,636.00,"6,360.00"
2020-09-21,2020092104016418,RLI,26,34,10,636.00,"6,360.00"
2020-09-21,2020092104016429,RLI,26,21,10,636.00,"6,360.00"
2020-09-21,2020092104016428,RLI,26,34,10,636.00,"6,360.00"
2020-09-21,2020092104016427,RLI,26,33,10,636.00,"6,360.00"
2020-09-21,2020092104016426,RLI,26,57,10,636.00,"6,360.00"
2020-09-21,2020092104016425,RLI,26,40,10,636.00,"6,360.00"
2020-09-21,2020092104016424,RLI,26,26,10,636.00,"6,360.00"
2020-09-21,2020092104016436,RLI,26,44,10,636.00,"6,360.00"
2020-09-21,2020092104016435,RLI,26,37,10,636.00,"6,360.00"
2020-09-21,2020092104016434,RLI,26,16,10,636.00,"6,360.00"
2020-09-21,2020092104016433,RLI,26,28,10,636.00,"6,360.00"
2020-09-21,2020092104016431,RLI,26,29,10,636.00,"6,360.00"
2020-09-21,2020092104016430,RLI,26,45,10,636.00,"6,360.00"
2020-09-21,2020092104016442,RLI,26,21,10,636.00,"6,360.00"
2020-09-21,2020092104016441,RLI,26,33,10,636.00,"6,360.00"
2020-09-21,2020092104016440,RLI,26,38,10,636.00,"6,360.00"
2020-09-21,2020092104016439,RLI,26,53,10,636.00,"6,360.00"
2020-09-21,2020092104016438,RLI,26,58,10,636.00,"6,360.00"
2020-09-21,2020092104016437,RLI,26,26,10,636.00,"6,360.00"
2020-09-21,2020092104016448,RLI,26,28,10,636.00,"6,360.00"
2020-09-21,2020092104016447,RLI,26,34,10,636.00,"6,360.00"
2020-09-21,2020092104016446,RLI,26,46,10,636.00,"6,360.00"
2020-09-21,2020092104016445,RLI,26,58,10,636.00,"6,360.00"
2020-09-21,2020092104016444,RLI,26,40,10,636.00,"6,360.00"
2020-09-21,2020092104016443,RLI,26,45,10,636.00,"6,360.00"
2020-09-21,2020092104016457,RLI,38,42,10,636.00,"6,360.00"
2020-09-21,2020092104016456,RLI,38,57,10,636.00,"6,360.00"
2020-09-21,2020092104016454,RLI,1,55,10,636.00,"6,360.00"
2020-09-21,2020092104016451,RLI,1,47,10,636.00,"6,360.00"
2020-09-21,2020092104016450,RLI,26,38,10,636.00,"6,360.00"
2020-09-21,2020092104016449,RLI,26,26,10,636.00,"6,360.00"
2020-09-21,2020092104016464,RLI,38,44,10,636.00,"6,360.00"
2020-09-21,2020092104016463,RLI,38,21,10,636.00,"6,360.00"
2020-09-21,2020092104016462,RLI,38,21,10,636.00,"6,360.00"
2020-09-21,2020092104016460,RLI,38,21,10,636.00,"6,360.00"
2020-09-21,2020092104016459,RLI,38,57,10,636.00,"6,360.00"
2020-09-21,2020092104016458,RLI,38,45,10,636.00,"6,360.00"
2020-09-21,2020092104016470,RLI,25,50,10,637.00,"6,370.00"
2020-09-21,2020092104016469,RLI,38,40,10,636.00,"6,360.00"
2020-09-21,2020092104016468,RLI,38,56,10,636.00,"6,360.00"
2020-09-21,2020092104016467,RLI,38,37,10,636.00,"6,360.00"
2020-09-21,2020092104016466,RLI,38,6,10,636.00,"6,360.00"
2020-09-21,2020092104016465,RLI,38,45,10,636.00,"6,360.00"
2020-09-21,2020092104016476,RLI,25,46,10,637.00,"6,370.00"
2020-09-21,2020092104016475,RLI,25,45,10,637.00,"6,370.00"
2020-09-21,2020092104016474,RLI,25,40,10,637.00,"6,370.00"
2020-09-21,2020092104016473,RLI,25,16,10,637.00,"6,370.00"
2020-09-21,2020092104016472,RLI,25,26,10,637.00,"6,370.00"
2020-09-21,2020092104016471,RLI,25,40,10,637.00,"6,370.00"
2020-09-21,2020092104016483,RLI,25,40,10,637.00,"6,370.00"
2020-09-21,2020092104016481,RLI,25,58,10,637.00,"6,370.00"
2020-09-21,2020092104016480,RLI,25,45,10,637.00,"6,370.00"
2020-09-21,2020092104016479,RLI,25,54,10,637.00,"6,370.00"
2020-09-21,2020092104016478,RLI,25,38,10,637.00,"6,370.00"
2020-09-21,2020092104016477,RLI,25,33,10,637.00,"6,370.00"
2020-09-21,2020092104016489,RLI,35,57,10,638.00,"6,380.00"
2020-09-21,2020092104016488,RLI,35,42,10,638.00,"6,380.00"
2020-09-21,2020092104016487,RLI,25,49,10,637.00,"6,370.00"
2020-09-21,2020092104016486,RLI,25,45,10,637.00,"6,370.00"
2020-09-21,2020092104016485,RLI,25,6,10,637.00,"6,370.00"
2020-09-21,2020092104016484,RLI,25,44,10,637.00,"6,370.00"
2020-09-21,2020092104016495,RLI,22,55,10,637.00,"6,370.00"
2020-09-21,2020092104016494,RLI,25,25,10,637.00,"6,370.00"
2020-09-21,2020092104016493,RLI,25,56,10,637.00,"6,370.00"
2020-09-21,2020092104016492,RLI,25,21,10,637.00,"6,370.00"
2020-09-21,2020092104016491,RLI,35,21,10,638.00,"6,380.00"
2020-09-21,2020092104016490,RLI,35,54,10,638.00,"6,380.00"
2020-09-21,2020092104016501,RLI,38,21,10,636.00,"6,360.00"
2020-09-21,2020092104016500,RLI,38,39,10,636.00,"6,360.00"
2020-09-21,2020092104016499,RLI,38,38,10,636.00,"6,360.00"
2020-09-21,2020092104016498,RLI,38,40,10,636.00,"6,360.00"
2020-09-21,2020092104016497,RLI,38,26,10,636.00,"6,360.00"
2020-09-21,2020092104016496,RLI,22,57,10,637.00,"6,370.00"
2020-09-21,2020092104016507,RLI,5,26,10,636.00,"6,360.00"
2020-09-21,2020092104016506,RLI,5,55,10,636.00,"6,360.00"
2020-09-21,2020092104016505,RLI,5,43,10,636.00,"6,360.00"
2020-09-21,2020092104016504,RLI,51,49,10,636.00,"6,360.00"
2020-09-21,2020092104016503,RLI,38,38,10,636.00,"6,360.00"
2020-09-21,2020092104016502,RLI,38,48,10,636.00,"6,360.00"
2020-09-21,2020092104016513,RLI,49,44,10,636.00,"6,360.00"
2020-09-21,2020092104016512,RLI,49,21,10,636.00,"6,360.00"
2020-09-21,2020092104016511,RLI,49,6,10,636.00,"6,360.00"
2020-09-21,2020092104016510,RLI,49,57,10,636.00,"6,360.00"
2020-09-21,2020092104016509,RLI,5,56,10,636.00,"6,360.00"
2020-09-21,2020092104016508,RLI,5,57,10,636.00,"6,360.00"
2020-09-21,2020092104016519,RLI,49,38,10,636.00,"6,360.00"
2020-09-21,2020092104016518,RLI,49,46,10,636.00,"6,360.00"
2020-09-21,2020092104016517,RLI,49,16,10,636.00,"6,360.00"
2020-09-21,2020092104016516,RLI,49,33,10,636.00,"6,360.00"
2020-09-21,2020092104016515,RLI,38,16,10,637.00,"6,370.00"
2020-09-21,2020092104016514,RLI,49,40,10,636.00,"6,360.00"
2020-09-21,2020092104016525,RLI,58,56,10,636.00,"6,360.00"
2020-09-21,2020092104016524,RLI,34,42,10,636.00,"6,360.00"
2020-09-21,2020092104016523,RLI,39,13,10,636.00,"6,360.00"
2020-09-21,2020092104016522,RLI,39,57,10,636.00,"6,360.00"
2020-09-21,2020092104016521,RLI,39,48,10,636.00,"6,360.00"
2020-09-21,2020092104016520,RLI,49,44,10,636.00,"6,360.00"
2020-09-21,2020092104016531,RLI,6,44,10,635.00,"6,350.00"
2020-09-21,2020092104016530,RLI,6,45,10,635.00,"6,350.00"
2020-09-21,2020092104016529,RLI,6,26,10,635.00,"6,350.00"
2020-09-21,2020092104016528,RLI,22,49,10,636.00,"6,360.00"
2020-09-21,2020092104016527,RLI,22,45,10,636.00,"6,360.00"
2020-09-21,2020092104016526,RLI,6,26,10,635.00,"6,350.00"
2020-09-21,2020092104016537,RLI,47,29,10,635.00,"6,350.00"
2020-09-21,2020092104016536,RLI,47,21,10,635.00,"6,350.00"
