Date,Transact. No.,Symbol,Buyer,Seller,Quantity,Rate,Amount
2019-11-28,2019112801004110,ADBL,38,18,87,404.00,"35,148.00"
2019-11-28,2019112801004109,ADBL,58,18,200,404.00,"80,800.00"
2019-11-28,2019112801004108,ADBL,38,18,100,404.00,"40,400.00"
2019-11-28,2019112801004107,ADBL,49,18,30,404.00,"12,120.00"
2019-11-28,2019112801004106,ADBL,34,18,83,404.00,"33,532.00"
2019-11-28,2019112801004325,AHPC,28,48,"4,000",94.00,"376,000.00"
2019-11-28,2019112801004184,AHPC,28,45,400,94.00,"37,600.00"
2019-11-28,2019112801004379,AKBSL,48,38,10,425.00,"4,250.00"
2019-11-28,2019112801004174,AKBSL,48,57,10,425.00,"4,250.00"
2019-11-28,2019112801004241,API,25,53,50,102.00,"5,100.00"
2019-11-28,2019112801004190,API,38,57,18,101.00,"1,818.00"
2019-11-28,2019112801004181,API,38,53,423,101.00,"42,723.00"
2019-11-28,2019112801004180,API,45,53,100,101.00,"10,100.00"
2019-11-28,2019112801004179,API,38,53,477,101.00,"48,177.00"
2019-11-28,2019112801004047,API,25,53,50,102.00,"5,100.00"
2019-11-28,2019112801004474,BOKL,42,5,500,211.00,"105,500.00"
2019-11-28,2019112801004473,BOKL,44,5,60,211.00,"12,660.00"
2019-11-28,2019112801004472,BOKL,47,5,50,211.00,"10,550.00"
2019-11-28,2019112801004471,BOKL,58,5,100,211.00,"21,100.00"
2019-11-28,2019112801004470,BOKL,8,5,333,211.00,"70,263.00"
2019-11-28,2019112801004469,BOKL,32,5,300,213.00,"63,900.00"
2019-11-28,2019112801004319,BOKL,6,40,500,212.00,"106,000.00"
2019-11-28,2019112801004318,BOKL,45,40,150,212.00,"31,800.00"
2019-11-28,2019112801004446,BOKL,32,5,200,212.00,"42,400.00"
2019-11-28,2019112801004445,BOKL,42,5,250,212.00,"53,000.00"
2019-11-28,2019112801004444,BOKL,42,5,50,212.00,"10,600.00"
2019-11-28,2019112801004443,BOKL,17,5,100,212.00,"21,200.00"
2019-11-28,2019112801004442,BOKL,42,5,348,212.00,"73,776.00"
2019-11-28,2019112801004320,BOKL,42,40,152,212.00,"32,224.00"
2019-11-28,2019112801004485,BPCL,13,49,50,344.00,"17,200.00"
2019-11-28,2019112801004207,CBBL,38,51,36,981.00,"35,316.00"
2019-11-28,2019112801004206,CBBL,6,51,15,981.00,"14,715.00"
2019-11-28,2019112801004205,CBBL,11,51,20,982.00,"19,640.00"
2019-11-28,2019112801004204,CBBL,6,51,29,982.00,"28,478.00"
2019-11-28,2019112801004192,CBBL,58,42,100,982.00,"98,200.00"
2019-11-28,2019112801004072,CBBL,45,25,118,984.00,"116,112.00"
2019-11-28,2019112801004071,CBBL,45,34,125,984.00,"123,000.00"
2019-11-28,2019112801004478,CBL,43,16,10,136.00,"1,360.00"
2019-11-28,2019112801004421,CBL,41,5,"2,052",134.00,"274,968.00"
2019-11-28,2019112801004420,CBL,41,5,500,134.00,"67,000.00"
2019-11-28,2019112801004419,CBL,29,5,"1,000",134.00,"134,000.00"
2019-11-28,2019112801004418,CBL,36,5,500,134.00,"67,000.00"
2019-11-28,2019112801004417,CBL,52,5,100,134.00,"13,400.00"
2019-11-28,2019112801004373,CBL,43,16,10,136.00,"1,360.00"
2019-11-28,2019112801004398,CBL,50,32,"1,000",135.00,"135,000.00"
2019-11-28,2019112801004397,CBL,45,32,100,135.00,"13,500.00"
2019-11-28,2019112801004396,CBL,34,32,"1,000",135.00,"135,000.00"
2019-11-28,2019112801004395,CBL,6,32,500,135.00,"67,500.00"
2019-11-28,2019112801004394,CBL,42,32,107,135.00,"14,445.00"
2019-11-28,2019112801004392,CBL,58,16,15,136.00,"2,040.00"
2019-11-28,2019112801004404,CBL,58,5,"1,000",135.00,"135,000.00"
2019-11-28,2019112801004403,CBL,29,5,"1,166",135.00,"157,410.00"
2019-11-28,2019112801004402,CBL,29,32,834,135.00,"112,590.00"
2019-11-28,2019112801004401,CBL,32,32,100,135.00,"13,500.00"
2019-11-28,2019112801004400,CBL,54,32,100,135.00,"13,500.00"
2019-11-28,2019112801004399,CBL,14,32,96,135.00,"12,960.00"
2019-11-28,2019112801004410,CBL,43,5,50,134.00,"6,700.00"
2019-11-28,2019112801004409,CBL,58,5,200,135.00,"27,000.00"
2019-11-28,2019112801004408,CBL,38,5,100,135.00,"13,500.00"
2019-11-28,2019112801004407,CBL,26,5,200,135.00,"27,000.00"
2019-11-28,2019112801004406,CBL,58,5,100,135.00,"13,500.00"
2019-11-28,2019112801004405,CBL,11,5,"1,967",135.00,"265,545.00"
2019-11-28,2019112801004416,CBL,49,5,"1,200",134.00,"160,800.00"
2019-11-28,2019112801004415,CBL,38,5,"1,000",134.00,"134,000.00"
2019-11-28,2019112801004414,CBL,1,5,500,134.00,"67,000.00"
2019-11-28,2019112801004413,CBL,59,5,100,134.00,"13,400.00"
2019-11-28,2019112801004412,CBL,49,5,200,134.00,"26,800.00"
2019-11-28,2019112801004411,CBL,38,5,65,134.00,"8,710.00"
2019-11-28,2019112801004233,CCBL,49,34,37,159.00,"5,883.00"
2019-11-28,2019112801004049,CCBL,49,43,50,159.00,"7,950.00"
2019-11-28,2019112801004048,CCBL,46,43,13,159.00,"2,067.00"
2019-11-28,2019112801004271,CFCL,32,34,254,111.00,"28,194.00"
2019-11-28,2019112801004451,CHCL,17,28,10,355.00,"3,550.00"
2019-11-28,2019112801004450,CHCL,17,49,10,354.00,"3,540.00"
2019-11-28,2019112801004093,CHCL,25,49,40,354.00,"14,160.00"
2019-11-28,2019112801004366,CIT,56,25,100,"1,685.00","168,500.00"
2019-11-28,2019112801004365,CIT,51,25,30,"1,685.00","50,550.00"
2019-11-28,2019112801004364,CIT,54,25,50,"1,685.00","84,250.00"
2019-11-28,2019112801004363,CIT,34,25,20,"1,685.00","33,700.00"
2019-11-28,2019112801004362,CIT,34,25,71,"1,686.00","119,706.00"
2019-11-28,2019112801004361,CIT,6,25,100,"1,687.00","168,700.00"
2019-11-28,2019112801004360,CIT,35,25,10,"1,687.00","16,870.00"
2019-11-28,2019112801004294,CIT,13,11,20,"1,689.00","33,780.00"
2019-11-28,2019112801004262,CZBIL,16,38,503,180.00,"90,540.00"
2019-11-28,2019112801004092,CZBIL,41,43,13,179.00,"2,327.00"
2019-11-28,2019112801004091,CZBIL,36,43,65,180.00,"11,700.00"
2019-11-28,2019112801004431,DBBL,1,29,50,121.00,"6,050.00"
2019-11-28,2019112801004430,DBBL,38,29,50,121.00,"6,050.00"
2019-11-28,2019112801004429,DBBL,38,29,"1,000",121.00,"121,000.00"
2019-11-28,2019112801004348,EBL,44,14,700,545.00,"381,500.00"
2019-11-28,2019112801004291,EBL,58,46,10,549.00,"5,490.00"
2019-11-28,2019112801004098,EBL,6,39,285,544.00,"155,040.00"
2019-11-28,2019112801004476,EDBL,58,47,15,291.00,"4,365.00"
2019-11-28,2019112801004382,EDBL,58,52,15,286.00,"4,290.00"
2019-11-28,2019112801004422,FMDBL,21,35,100,300.00,"30,000.00"
2019-11-28,2019112801004260,FMDBL,21,53,83,300.00,"24,900.00"
2019-11-28,2019112801004259,FMDBL,55,53,10,300.00,"3,000.00"
2019-11-28,2019112801004258,FMDBL,55,53,200,300.00,"60,000.00"
2019-11-28,2019112801004257,FMDBL,57,53,200,300.00,"60,000.00"
2019-11-28,2019112801004256,FMDBL,21,53,100,300.00,"30,000.00"
2019-11-28,2019112801004168,FMDBL,10,32,50,301.00,"15,050.00"
2019-11-28,2019112801004326,FOWAD,32,43,120,"1,332.00","159,840.00"
2019-11-28,2019112801004246,FOWAD,32,51,11,"1,332.00","14,652.00"
2019-11-28,2019112801004240,FOWAD,32,33,22,"1,332.00","29,304.00"
2019-11-28,2019112801004234,FOWAD,32,29,50,"1,332.00","66,600.00"
2019-11-28,2019112801004150,FOWAD,37,33,78,"1,333.00","103,974.00"
2019-11-28,2019112801004081,FOWAD,37,53,100,"1,333.00","133,300.00"
2019-11-28,2019112801004514,GBBL,51,46,56,224.00,"12,544.00"
2019-11-28,2019112801004484,GBBL,51,55,201,224.00,"45,024.00"
2019-11-28,2019112801004481,GBBL,51,38,312,224.00,"69,888.00"
2019-11-28,2019112801004449,GBBL,51,4,259,224.00,"58,016.00"
2019-11-28,2019112801004448,GBBL,13,4,87,224.00,"19,488.00"
2019-11-28,2019112801004357,GBBL,13,55,500,224.00,"112,000.00"
2019-11-28,2019112801004078,GBBL,19,44,100,225.00,"22,500.00"
2019-11-28,2019112801004263,GBBL,14,44,14,225.00,"3,150.00"
2019-11-28,2019112801004235,GBBL,14,44,20,225.00,"4,500.00"
2019-11-28,2019112801004212,GBBL,14,44,20,225.00,"4,500.00"
2019-11-28,2019112801004183,GBBL,14,44,20,225.00,"4,500.00"
2019-11-28,2019112801004087,GBBL,1,21,68,224.00,"15,232.00"
2019-11-28,2019112801004085,GBBL,19,21,58,224.00,"12,992.00"
2019-11-28,2019112801004304,GBBL,13,44,113,224.00,"25,312.00"
2019-11-28,2019112801004293,GBBL,49,44,10,224.00,"2,240.00"
2019-11-28,2019112801004292,GBBL,41,44,77,224.00,"17,248.00"
2019-11-28,2019112801004266,GBBL,41,11,119,224.00,"26,656.00"
2019-11-28,2019112801004265,GBBL,1,11,62,224.00,"13,888.00"
2019-11-28,2019112801004264,GBBL,14,33,37,225.00,"8,325.00"
2019-11-28,2019112801004302,GBLBS,11,5,40,288.00,"11,520.00"
2019-11-28,2019112801004163,GBLBS,28,25,124,286.00,"35,464.00"
2019-11-28,2019112801004154,GBLBS,28,33,73,286.00,"20,878.00"
2019-11-28,2019112801004153,GBLBS,20,33,27,286.00,"7,722.00"
2019-11-28,2019112801004457,GGBSL,52,36,180,646.00,"116,280.00"
2019-11-28,2019112801004456,GGBSL,18,36,10,658.00,"6,580.00"
2019-11-28,2019112801004426,GGBSL,52,54,10,646.00,"6,460.00"
2019-11-28,2019112801004284,GGBSL,57,38,10,646.00,"6,460.00"
2019-11-28,2019112801004269,GGBSL,57,38,10,646.00,"6,460.00"
2019-11-28,2019112801004044,GGBSL,39,36,200,647.00,"129,400.00"
2019-11-28,2019112801004077,GIMES1,34,19,230,7.31,"1,681.30"
2019-11-28,2019112801004051,GIMES1,34,19,270,7.31,"1,973.70"
2019-11-28,2019112801004492,GLICL,38,22,10,358.00,"3,580.00"
2019-11-28,2019112801004231,GLICL,45,35,380,354.00,"134,520.00"
2019-11-28,2019112801004169,GLICL,58,57,100,352.00,"35,200.00"
2019-11-28,2019112801004050,GMFBS,22,41,10,491.00,"4,910.00"
2019-11-28,2019112801004540,HDL,39,33,40,"1,750.00","70,000.00"
2019-11-28,2019112801004488,HDL,22,33,50,"1,750.00","87,500.00"
2019-11-28,2019112801004487,HDL,22,53,200,"1,745.00","349,000.00"
2019-11-28,2019112801004486,HDL,49,53,100,"1,746.00","174,600.00"
2019-11-28,2019112801004385,HDL,53,26,40,"1,744.00","69,760.00"
2019-11-28,2019112801004345,HDL,58,33,10,"1,750.00","17,500.00"
2019-11-28,2019112801004084,HDL,37,33,80,"1,751.00","140,080.00"
2019-11-28,2019112801004076,HDL,54,33,20,"1,751.00","35,020.00"
2019-11-28,2019112801004068,HDL,13,5,15,"1,753.00","26,295.00"
2019-11-28,2019112801004232,HDL,17,38,30,"1,760.00","52,800.00"
2019-11-28,2019112801004229,HDL,57,51,20,"1,755.00","35,100.00"
2019-11-28,2019112801004166,HDL,42,58,100,"1,755.00","175,500.00"
2019-11-28,2019112801004165,HDL,42,5,40,"1,753.00","70,120.00"
2019-11-28,2019112801004164,HDL,42,50,50,"1,752.00","87,600.00"
2019-11-28,2019112801004123,HDL,37,33,20,"1,751.00","35,020.00"
2019-11-28,2019112801004334,HDL,21,33,70,"1,750.00","122,500.00"
2019-11-28,2019112801004333,HDL,22,33,60,"1,750.00","105,000.00"
2019-11-28,2019112801004332,HDL,55,33,50,"1,751.00","87,550.00"
2019-11-28,2019112801004287,HDL,22,21,150,"1,750.00","262,500.00"
2019-11-28,2019112801004286,HDL,40,21,50,"1,750.00","87,500.00"
2019-11-28,2019112801004267,HDL,58,26,100,"1,750.00","175,000.00"
2019-11-28,2019112801004516,HGI,49,41,10,240.00,"2,400.00"
2019-11-28,2019112801004496,HGI,49,49,10,237.00,"2,370.00"
2019-11-28,2019112801004378,HGI,48,35,134,233.00,"31,222.00"
2019-11-28,2019112801004377,HGI,11,35,16,233.00,"3,728.00"
2019-11-28,2019112801004376,HGI,49,35,10,238.00,"2,380.00"
2019-11-28,2019112801004243,HGI,49,4,70,234.00,"16,380.00"
2019-11-28,2019112801004125,HGI,6,4,100,234.00,"23,400.00"
2019-11-28,2019112801004124,HGI,25,4,120,235.00,"28,200.00"
2019-11-28,2019112801004261,HPPL,44,58,10,136.00,"1,360.00"
2019-11-28,2019112801004086,HPPL,44,3,10,136.00,"1,360.00"
2019-11-28,2019112801004075,HPPL,44,3,10,136.00,"1,360.00"
2019-11-28,2019112801004046,HPPL,44,3,10,136.00,"1,360.00"
2019-11-28,2019112801004268,JFL,43,45,400,190.00,"76,000.00"
2019-11-28,2019112801004187,JOSHI,6,19,20,55.00,"1,100.00"
2019-11-28,2019112801004143,JSLBB,38,48,132,"1,150.00","151,800.00"
2019-11-28,2019112801004142,JSLBB,34,48,50,"1,151.00","57,550.00"
2019-11-28,2019112801004513,KBL,58,45,10,179.00,"1,790.00"
2019-11-28,2019112801004477,KBL,13,46,227,178.00,"40,406.00"
2019-11-28,2019112801004324,KBL,58,45,12,179.00,"2,148.00"
2019-11-28,2019112801004323,KBL,58,13,48,178.00,"8,544.00"
2019-11-28,2019112801004133,KBL,45,38,963,177.00,"170,451.00"
2019-11-28,2019112801004132,KBL,58,38,37,177.00,"6,549.00"
2019-11-28,2019112801004321,KKHC,46,3,10,52.00,520.00
2019-11-28,2019112801004425,KPCL,45,56,500,79.00,"39,500.00"
2019-11-28,2019112801004424,KPCL,14,56,300,79.00,"23,700.00"
2019-11-28,2019112801004282,KPCL,22,56,200,79.00,"15,800.00"
2019-11-28,2019112801004423,KPCL,22,56,290,79.00,"22,910.00"
2019-11-28,2019112801004511,KSBBL,59,38,200,131.00,"26,200.00"
2019-11-28,2019112801004510,KSBBL,1,38,500,131.00,"65,500.00"
2019-11-28,2019112801004509,KSBBL,28,38,"1,000",131.00,"131,000.00"
2019-11-28,2019112801004508,KSBBL,59,38,300,131.00,"39,300.00"
2019-11-28,2019112801004507,KSBBL,32,38,500,131.00,"65,500.00"
2019-11-28,2019112801004506,KSBBL,19,38,400,131.00,"52,400.00"
2019-11-28,2019112801004328,KSBBL,35,38,400,132.00,"52,800.00"
2019-11-28,2019112801004327,KSBBL,48,38,20,132.00,"2,640.00"
2019-11-28,2019112801004505,KSBBL,16,38,"1,000",131.00,"131,000.00"
2019-11-28,2019112801004480,KSBBL,52,38,50,132.00,"6,600.00"
2019-11-28,2019112801004433,KSBBL,48,38,50,132.00,"6,600.00"
2019-11-28,2019112801004331,KSBBL,35,38,100,132.00,"13,200.00"
2019-11-28,2019112801004330,KSBBL,17,38,800,132.00,"105,600.00"
2019-11-28,2019112801004329,KSBBL,49,38,600,132.00,"79,200.00"
2019-11-28,2019112801004497,LBBL,14,35,90,168.00,"15,120.00"
2019-11-28,2019112801004310,LBBL,16,51,400,169.00,"67,600.00"
2019-11-28,2019112801004309,LBBL,16,11,100,169.00,"16,900.00"
2019-11-28,2019112801004159,LBBL,14,13,56,168.00,"9,408.00"
2019-11-28,2019112801004482,LBL,38,42,63,217.00,"13,671.00"
2019-11-28,2019112801004189,LBL,1,42,100,218.00,"21,800.00"
2019-11-28,2019112801004525,LGIL,44,56,"2,500",295.00,"737,500.00"
2019-11-28,2019112801004524,LGIL,34,56,50,296.00,"14,800.00"
2019-11-28,2019112801004523,LGIL,29,56,100,296.00,"29,600.00"
2019-11-28,2019112801004522,LGIL,44,56,464,296.00,"137,344.00"
2019-11-28,2019112801004521,LGIL,43,56,150,297.00,"44,550.00"
2019-11-28,2019112801004520,LGIL,55,56,50,297.00,"14,850.00"
2019-11-28,2019112801004519,LGIL,35,56,40,298.00,"11,920.00"
2019-11-28,2019112801004069,LGIL,44,33,36,296.00,"10,656.00"
2019-11-28,2019112801004083,LICN,25,35,10,925.00,"9,250.00"
2019-11-28,2019112801004312,MBL,6,49,100,214.00,"21,400.00"
2019-11-28,2019112801004311,MBL,21,49,100,214.00,"21,400.00"
2019-11-28,2019112801004493,MEGA,43,33,713,180.00,"128,340.00"
2019-11-28,2019112801004118,MEGA,28,33,287,181.00,"51,947.00"
2019-11-28,2019112801004090,MEGA,28,51,713,181.00,"129,053.00"
2019-11-28,2019112801004089,MEGA,47,51,100,181.00,"18,100.00"
2019-11-28,2019112801004088,MEGA,22,51,187,181.00,"33,847.00"
2019-11-28,2019112801004141,MERO,40,50,500,407.00,"203,500.00"
2019-11-28,2019112801004140,MERO,52,50,68,408.00,"27,744.00"
2019-11-28,2019112801004314,MFIL,43,52,160,126.00,"20,160.00"
2019-11-28,2019112801004252,MLBBL,36,20,10,451.00,"4,510.00"
2019-11-28,2019112801004188,MLBBL,36,20,10,451.00,"4,510.00"
2019-11-28,2019112801004455,MLBL,7,43,100,171.00,"17,100.00"
2019-11-28,2019112801004104,MNBBL,44,10,"1,000",313.00,"313,000.00"
2019-11-28,2019112801004103,MNBBL,44,17,321,313.00,"100,473.00"
2019-11-28,2019112801004512,NABIL,52,58,20,725.00,"14,500.00"
2019-11-28,2019112801004384,NABIL,44,58,"1,175",725.00,"851,875.00"
2019-11-28,2019112801004371,NABIL,44,58,825,725.00,"598,125.00"
2019-11-28,2019112801004370,NABIL,8,58,40,725.00,"29,000.00"
2019-11-28,2019112801004369,NABIL,50,58,135,725.00,"97,875.00"
2019-11-28,2019112801004335,NABIL,50,58,165,725.00,"119,625.00"
2019-11-28,2019112801004305,NABIL,17,58,200,725.00,"145,000.00"
2019-11-28,2019112801004288,NABIL,6,58,100,725.00,"72,500.00"
2019-11-28,2019112801004254,NABIL,8,58,100,725.00,"72,500.00"
2019-11-28,2019112801004237,NABIL,8,58,100,725.00,"72,500.00"
2019-11-28,2019112801004515,NADEP,38,3,40,390.00,"15,600.00"
2019-11-28,2019112801004458,NADEP,45,49,30,395.00,"11,850.00"
2019-11-28,2019112801004439,NBB,17,49,150,199.00,"29,850.00"
2019-11-28,2019112801004438,NBB,17,35,611,199.00,"121,589.00"
2019-11-28,2019112801004437,NBB,26,35,200,199.00,"39,800.00"
2019-11-28,2019112801004436,NBB,18,35,200,199.00,"39,800.00"
2019-11-28,2019112801004435,NBB,57,35,320,199.00,"63,680.00"
2019-11-28,2019112801004352,NBB,57,35,680,199.00,"135,320.00"
2019-11-28,2019112801004351,NBB,21,35,105,199.00,"20,895.00"
2019-11-28,2019112801004350,NBB,42,35,150,200.00,"30,000.00"
2019-11-28,2019112801004349,NBB,49,35,50,200.00,"10,000.00"
2019-11-28,2019112801004504,NBL,51,16,12,312.00,"3,744.00"
2019-11-28,2019112801004503,NBL,51,58,198,312.00,"61,776.00"
2019-11-28,2019112801004502,NBL,49,34,500,311.00,"155,500.00"
2019-11-28,2019112801004501,NBL,43,34,100,311.00,"31,100.00"
2019-11-28,2019112801004500,NBL,42,34,100,311.00,"31,100.00"
2019-11-28,2019112801004489,NBL,56,58,100,312.00,"31,200.00"
2019-11-28,2019112801004128,NBL,28,35,"1,000",311.00,"311,000.00"
2019-11-28,2019112801004127,NBL,28,35,200,311.00,"62,200.00"
2019-11-28,2019112801004126,NBL,8,35,475,311.00,"147,725.00"
2019-11-28,2019112801004070,NBL,8,58,200,312.00,"62,400.00"
2019-11-28,2019112801004053,NBL,8,35,75,311.00,"23,325.00"
2019-11-28,2019112801004389,NBL,57,58,100,312.00,"31,200.00"
2019-11-28,2019112801004186,NBL,14,58,"1,000",312.00,"312,000.00"
2019-11-28,2019112801004170,NBL,38,35,445,311.00,"138,395.00"
2019-11-28,2019112801004135,NBL,39,35,100,311.00,"31,100.00"
2019-11-28,2019112801004130,NBL,26,35,300,311.00,"93,300.00"
2019-11-28,2019112801004129,NBL,41,35,500,311.00,"155,500.00"
2019-11-28,2019112801004495,NCCB,8,25,10,199.00,"1,990.00"
2019-11-28,2019112801004301,NCCB,39,25,48,199.00,"9,552.00"
2019-11-28,2019112801004300,NCCB,39,21,150,199.00,"29,850.00"
2019-11-28,2019112801004299,NCCB,39,13,150,199.00,"29,850.00"
2019-11-28,2019112801004298,NCCB,39,49,52,199.00,"10,348.00"
2019-11-28,2019112801004223,NCCB,4,49,98,199.00,"19,502.00"
2019-11-28,2019112801004222,NCCB,4,32,202,199.00,"40,198.00"
2019-11-28,2019112801004367,NGPL,1,45,10,108.00,"1,080.00"
2019-11-28,2019112801004313,NGPL,45,45,10,108.00,"1,080.00"
2019-11-28,2019112801004462,NIB,32,44,200,416.00,"83,200.00"
2019-11-28,2019112801004461,NIB,41,44,10,416.00,"4,160.00"
2019-11-28,2019112801004460,NIB,32,44,205,416.00,"85,280.00"
2019-11-28,2019112801004459,NIB,36,44,116,416.00,"48,256.00"
2019-11-28,2019112801004244,NIB,36,57,35,416.00,"14,560.00"
2019-11-28,2019112801004122,NIB,1,44,100,417.00,"41,700.00"
2019-11-28,2019112801004272,NIBSF1,20,6,800,8.25,"6,600.00"
2019-11-28,2019112801004131,NICA,49,6,500,406.00,"203,000.00"
2019-11-28,2019112801004490,NICL,43,25,10,246.00,"2,460.00"
2019-11-28,2019112801004097,NICL,44,32,20,242.00,"4,840.00"
2019-11-28,2019112801004096,NICL,33,32,10,245.00,"2,450.00"
2019-11-28,2019112801004171,NIL,34,25,50,372.00,"18,600.00"
2019-11-28,2019112801004045,NIL,41,41,242,370.00,"89,540.00"
2019-11-28,2019112801004278,NLG,55,58,90,495.00,"44,550.00"
2019-11-28,2019112801004239,NLG,19,58,10,504.00,"5,040.00"
2019-11-28,2019112801004074,NLIC,57,49,67,804.00,"53,868.00"
2019-11-28,2019112801004073,NLIC,34,49,33,804.00,"26,532.00"
2019-11-28,2019112801004060,NLIC,4,14,43,807.00,"34,701.00"
2019-11-28,2019112801004059,NLIC,4,16,"1,350",807.00,"1,089,450.00"
2019-11-28,2019112801004058,NLIC,4,45,30,807.00,"24,210.00"
2019-11-28,2019112801004057,NLIC,4,56,432,806.00,"348,192.00"
2019-11-28,2019112801004056,NLIC,4,44,20,806.00,"16,120.00"
2019-11-28,2019112801004055,NLIC,4,45,25,806.00,"20,150.00"
2019-11-28,2019112801004054,NLIC,4,35,100,806.00,"80,600.00"
2019-11-28,2019112801004043,NLIC,34,1,11,804.00,"8,844.00"
2019-11-28,2019112801004064,NLICL,53,39,105,419.00,"43,995.00"
2019-11-28,2019112801004063,NLICL,26,39,200,419.00,"83,800.00"
2019-11-28,2019112801004491,NMB,57,44,147,383.00,"56,301.00"
2019-11-28,2019112801004483,NMB,57,34,211,383.00,"80,813.00"
2019-11-28,2019112801004383,NMB,1,44,10,384.00,"3,840.00"
2019-11-28,2019112801004283,NMB,1,44,20,384.00,"7,680.00"
2019-11-28,2019112801004276,NMB,45,44,"1,000",384.00,"384,000.00"
2019-11-28,2019112801004275,NMB,46,44,500,384.00,"192,000.00"
2019-11-28,2019112801004145,NMB,8,32,483,384.00,"185,472.00"
2019-11-28,2019112801004114,NMB,8,19,200,384.00,"76,800.00"
2019-11-28,2019112801004113,NMB,8,1,300,384.00,"115,200.00"
2019-11-28,2019112801004112,NMB,8,22,150,384.00,"57,600.00"
2019-11-28,2019112801004111,NMB,8,46,267,384.00,"102,528.00"
2019-11-28,2019112801004079,NMB,39,46,700,384.00,"268,800.00"
2019-11-28,2019112801004274,NMB,1,44,100,384.00,"38,400.00"
2019-11-28,2019112801004273,NMB,54,44,223,384.00,"85,632.00"
2019-11-28,2019112801004270,NMB,54,52,200,384.00,"76,800.00"
2019-11-28,2019112801004228,NMB,54,41,60,384.00,"23,040.00"
2019-11-28,2019112801004167,NMB,4,32,99,385.00,"38,115.00"
2019-11-28,2019112801004146,NMB,54,32,517,384.00,"198,528.00"
2019-11-28,2019112801004067,NMFBS,17,5,30,"1,798.00","53,940.00"
2019-11-28,2019112801004517,NNLB,14,1,30,465.00,"13,950.00"
2019-11-28,2019112801004434,NNLB,48,1,10,471.00,"4,710.00"
2019-11-28,2019112801004355,NUBL,43,26,400,890.00,"356,000.00"
2019-11-28,2019112801004427,PCBL,22,53,117,273.00,"31,941.00"
2019-11-28,2019112801004381,PCBL,46,53,200,273.00,"54,600.00"
2019-11-28,2019112801004380,PCBL,14,53,100,273.00,"27,300.00"
2019-11-28,2019112801004290,PCBL,28,39,68,274.00,"18,632.00"
2019-11-28,2019112801004289,PCBL,28,13,32,273.00,"8,736.00"
2019-11-28,2019112801004139,PCBL,34,14,80,273.00,"21,840.00"
2019-11-28,2019112801004138,PCBL,34,34,500,273.00,"136,500.00"
2019-11-28,2019112801004137,PCBL,34,26,453,273.00,"123,669.00"
2019-11-28,2019112801004102,PCBL,44,36,200,272.00,"54,400.00"
2019-11-28,2019112801004101,PCBL,13,36,200,272.00,"54,400.00"
2019-11-28,2019112801004100,PCBL,1,36,100,272.00,"27,200.00"
2019-11-28,2019112801004099,PCBL,34,36,500,272.00,"136,000.00"
2019-11-28,2019112801004178,PFL,34,59,23,135.00,"3,105.00"
2019-11-28,2019112801004177,PFL,1,59,80,135.00,"10,800.00"
2019-11-28,2019112801004176,PFL,13,59,397,135.00,"53,595.00"
2019-11-28,2019112801004158,PFL,1,59,186,136.00,"25,296.00"
2019-11-28,2019112801004134,PFL,1,43,39,136.00,"5,304.00"
2019-11-28,2019112801004539,PICL,19,47,30,355.00,"10,650.00"
2019-11-28,2019112801004538,PICL,58,47,"1,000",356.00,"356,000.00"
2019-11-28,2019112801004537,PICL,38,47,50,357.00,"17,850.00"
2019-11-28,2019112801004536,PICL,38,47,250,357.00,"89,250.00"
2019-11-28,2019112801004535,PICL,49,47,30,359.00,"10,770.00"
2019-11-28,2019112801004534,PICL,38,47,50,359.00,"17,950.00"
2019-11-28,2019112801004533,PICL,57,47,80,360.00,"28,800.00"
2019-11-28,2019112801004532,PICL,34,47,10,360.00,"3,600.00"
2019-11-28,2019112801004151,PICL,38,17,100,361.00,"36,100.00"
2019-11-28,2019112801004277,PMHPL,32,38,10,79.00,790.00
2019-11-28,2019112801004356,PPCL,25,45,70,104.00,"7,280.00"
2019-11-28,2019112801004230,PRIN,42,32,25,302.00,"7,550.00"
2019-11-28,2019112801004203,PRIN,25,17,51,300.00,"15,300.00"
2019-11-28,2019112801004453,PRVU,14,48,164,224.00,"36,736.00"
2019-11-28,2019112801004452,PRVU,14,47,390,224.00,"87,360.00"
2019-11-28,2019112801004217,PRVU,44,14,480,223.00,"107,040.00"
2019-11-28,2019112801004216,PRVU,43,14,10,223.00,"2,230.00"
2019-11-28,2019112801004215,PRVU,5,14,50,223.00,"11,150.00"
2019-11-28,2019112801004214,PRVU,53,14,10,223.00,"2,230.00"
2019-11-28,2019112801004213,PRVU,44,14,450,223.00,"100,350.00"
2019-11-28,2019112801004475,RHPL,8,18,300,163.00,"48,900.00"
2019-11-28,2019112801004372,RHPL,8,44,40,163.00,"6,520.00"
2019-11-28,2019112801004281,RHPL,8,49,90,163.00,"14,670.00"
2019-11-28,2019112801004242,RHPL,8,42,40,163.00,"6,520.00"
2019-11-28,2019112801004080,RHPL,19,18,10,164.00,"1,640.00"
2019-11-28,2019112801004494,RSDC,11,19,100,284.00,"28,400.00"
2019-11-28,2019112801004428,RSDC,28,44,300,282.00,"84,600.00"
2019-11-28,2019112801004191,RSDC,28,32,25,284.00,"7,100.00"
2019-11-28,2019112801004245,SABSL,57,17,30,476.00,"14,280.00"
2019-11-28,2019112801004468,SADBL,32,21,100,136.00,"13,600.00"
2019-11-28,2019112801004157,SANIMA,54,14,50,304.00,"15,200.00"
2019-11-28,2019112801004227,SAPDBL,1,48,700,116.00,"81,200.00"
2019-11-28,2019112801004226,SAPDBL,36,48,500,116.00,"58,000.00"
2019-11-28,2019112801004225,SAPDBL,52,48,100,116.00,"11,600.00"
2019-11-28,2019112801004224,SAPDBL,21,48,500,116.00,"58,000.00"
2019-11-28,2019112801004197,SAPDBL,35,48,19,117.00,"2,223.00"
2019-11-28,2019112801004196,SAPDBL,55,48,300,117.00,"35,100.00"
2019-11-28,2019112801004195,SAPDBL,55,48,"1,000",117.00,"117,000.00"
2019-11-28,2019112801004194,SAPDBL,34,48,10,117.00,"1,170.00"
2019-11-28,2019112801004193,SAPDBL,1,48,169,117.00,"19,773.00"
2019-11-28,2019112801004467,SBI,56,47,288,383.00,"110,304.00"
2019-11-28,2019112801004466,SBI,56,52,64,383.00,"24,512.00"
2019-11-28,2019112801004465,SBI,56,7,68,383.00,"26,044.00"
2019-11-28,2019112801004464,SBI,56,52,50,383.00,"19,150.00"
2019-11-28,2019112801004463,SBI,56,52,30,383.00,"11,490.00"
2019-11-28,2019112801004454,SBI,48,29,158,382.00,"60,356.00"
2019-11-28,2019112801004144,SBI,21,52,50,382.00,"19,100.00"
2019-11-28,2019112801004210,SBI,6,39,166,382.00,"63,412.00"
2019-11-28,2019112801004209,SBI,19,39,14,382.00,"5,348.00"
2019-11-28,2019112801004208,SBI,35,39,20,382.00,"7,640.00"
2019-11-28,2019112801004202,SBI,19,25,16,382.00,"6,112.00"
2019-11-28,2019112801004201,SBI,41,25,100,382.00,"38,200.00"
2019-11-28,2019112801004200,SBI,34,25,20,382.00,"7,640.00"
2019-11-28,2019112801004393,SBI,48,34,176,382.00,"67,232.00"
2019-11-28,2019112801004375,SBI,48,45,487,382.00,"186,034.00"
2019-11-28,2019112801004374,SBI,6,45,32,382.00,"12,224.00"
2019-11-28,2019112801004368,SBI,6,34,176,382.00,"67,232.00"
2019-11-28,2019112801004285,SBI,6,50,111,382.00,"42,402.00"
2019-11-28,2019112801004211,SBI,6,10,15,382.00,"5,730.00"
2019-11-28,2019112801004297,SCB,34,48,248,523.00,"129,704.00"
2019-11-28,2019112801004296,SCB,41,48,200,523.00,"104,600.00"
2019-11-28,2019112801004295,SCB,28,48,52,523.00,"27,196.00"
2019-11-28,2019112801004162,SCB,34,48,540,524.00,"282,960.00"
2019-11-28,2019112801004136,SCB,34,13,50,524.00,"26,200.00"
2019-11-28,2019112801004117,SCB,34,35,100,524.00,"52,400.00"
2019-11-28,2019112801004116,SCB,34,57,308,524.00,"161,392.00"
2019-11-28,2019112801004115,SCB,34,57,92,524.00,"48,208.00"
2019-11-28,2019112801004479,SFFIL,4,38,100,167.00,"16,700.00"
2019-11-28,2019112801004199,SHINE,28,39,603,245.00,"147,735.00"
2019-11-28,2019112801004198,SHINE,56,39,500,245.00,"122,500.00"
2019-11-28,2019112801004441,SHIVM,47,34,40,391.00,"15,640.00"
2019-11-28,2019112801004440,SHIVM,10,34,"1,000",391.00,"391,000.00"
2019-11-28,2019112801004359,SHIVM,20,38,140,391.00,"54,740.00"
2019-11-28,2019112801004358,SHIVM,34,38,500,392.00,"196,000.00"
2019-11-28,2019112801004308,SHIVM,21,38,60,392.00,"23,520.00"
2019-11-28,2019112801004307,SHIVM,47,38,100,392.00,"39,200.00"
2019-11-28,2019112801004306,SHIVM,39,38,50,393.00,"19,650.00"
2019-11-28,2019112801004152,SHIVM,10,58,"1,000",394.00,"394,000.00"
2019-11-28,2019112801004518,SHL,34,58,200,208.00,"41,600.00"
2019-11-28,2019112801004255,SHL,8,58,100,208.00,"20,800.00"
2019-11-28,2019112801004221,SHPC,48,34,500,180.00,"90,000.00"
2019-11-28,2019112801004220,SHPC,34,34,10,180.00,"1,800.00"
2019-11-28,2019112801004219,SHPC,49,34,50,180.00,"9,000.00"
2019-11-28,2019112801004218,SHPC,34,34,300,180.00,"54,000.00"
2019-11-28,2019112801004531,SICL,19,37,66,749.00,"49,434.00"
2019-11-28,2019112801004432,SICL,38,43,10,755.00,"7,550.00"
2019-11-28,2019112801004095,SICL,19,26,30,749.00,"22,470.00"
2019-11-28,2019112801004388,SJCL,39,44,20,153.00,"3,060.00"
2019-11-28,2019112801004238,SJCL,39,42,20,153.00,"3,060.00"
2019-11-28,2019112801004387,SKBBL,20,44,13,910.00,"11,830.00"
2019-11-28,2019112801004172,SKBBL,36,44,10,910.00,"9,100.00"
2019-11-28,2019112801004541,SLBBL,34,39,150,610.00,"91,500.00"
2019-11-28,2019112801004062,SLBBL,41,21,50,607.00,"30,350.00"
2019-11-28,2019112801004120,SLBBL,14,57,13,607.00,"7,891.00"
2019-11-28,2019112801004119,SLBBL,41,57,150,607.00,"91,050.00"
2019-11-28,2019112801004094,SLBBL,22,50,150,608.00,"91,200.00"
2019-11-28,2019112801004066,SLBBL,14,57,270,609.00,"164,430.00"
2019-11-28,2019112801004065,SLBBL,14,6,30,608.00,"18,240.00"
2019-11-28,2019112801004236,SLBBL,50,20,41,606.00,"24,846.00"
2019-11-28,2019112801004182,SLBBL,6,20,100,607.00,"60,700.00"
2019-11-28,2019112801004175,SLBBL,50,22,100,606.00,"60,600.00"
2019-11-28,2019112801004161,SLBBL,40,20,363,607.00,"220,341.00"
2019-11-28,2019112801004160,SLBBL,40,57,137,607.00,"83,159.00"
2019-11-28,2019112801004121,SLBBL,22,57,300,607.00,"182,100.00"
2019-11-28,2019112801004317,SLBBL,58,20,23,609.00,"14,007.00"
2019-11-28,2019112801004316,SLBBL,58,57,30,609.00,"18,270.00"
2019-11-28,2019112801004315,SLBBL,58,50,47,608.00,"28,576.00"
2019-11-28,2019112801004340,SLBBL,35,20,200,605.00,"121,000.00"
2019-11-28,2019112801004339,SLBBL,25,20,30,606.00,"18,180.00"
2019-11-28,2019112801004338,SLBBL,22,20,20,606.00,"12,120.00"
2019-11-28,2019112801004337,SLBBL,40,20,20,606.00,"12,120.00"
2019-11-28,2019112801004336,SLBBL,57,20,100,606.00,"60,600.00"
2019-11-28,2019112801004391,SLBBL,40,45,79,606.00,"47,874.00"
2019-11-28,2019112801004386,SLBBL,58,41,100,606.00,"60,600.00"
2019-11-28,2019112801004353,SLBBL,16,39,50,610.00,"30,500.00"
2019-11-28,2019112801004342,SLBBL,19,20,57,605.00,"34,485.00"
2019-11-28,2019112801004341,SLBBL,19,20,50,605.00,"30,250.00"
2019-11-28,2019112801004347,SLBSL,6,19,70,729.00,"51,030.00"
2019-11-28,2019112801004346,SLBSL,6,21,10,728.00,"7,280.00"
2019-11-28,2019112801004530,SLICL,44,25,10,249.00,"2,490.00"
2019-11-28,2019112801004147,SLICL,55,58,300,245.00,"73,500.00"
2019-11-28,2019112801004529,SMFBS,34,57,10,814.00,"8,140.00"
2019-11-28,2019112801004528,SMFBS,34,44,10,810.00,"8,100.00"
2019-11-28,2019112801004527,SMFBS,34,21,10,808.00,"8,080.00"
2019-11-28,2019112801004526,SMFBS,34,29,10,807.00,"8,070.00"
2019-11-28,2019112801004042,SRBL,47,49,26,210.00,"5,460.00"
2019-11-28,2019112801004303,STC,41,25,10,"1,252.00","12,520.00"
2019-11-28,2019112801004251,STC,6,22,100,"1,250.00","125,000.00"
2019-11-28,2019112801004250,STC,5,22,10,"1,250.00","12,500.00"
2019-11-28,2019112801004249,STC,38,22,10,"1,250.00","12,500.00"
2019-11-28,2019112801004248,STC,13,22,10,"1,251.00","12,510.00"
2019-11-28,2019112801004247,STC,40,22,20,"1,251.00","25,020.00"
2019-11-28,2019112801004390,SWBBL,43,4,200,926.00,"185,200.00"
2019-11-28,2019112801004280,SWBBL,43,7,250,926.00,"231,500.00"
2019-11-28,2019112801004173,TMDBL,56,57,412,142.00,"58,504.00"
2019-11-28,2019112801004052,UIC,49,32,30,219.00,"6,570.00"
2019-11-28,2019112801004185,UMHL,17,43,10,101.00,"1,010.00"
2019-11-28,2019112801004149,UNHPL,49,57,50,53.00,"2,650.00"
2019-11-28,2019112801004148,UNHPL,32,57,50,53.00,"2,650.00"
2019-11-28,2019112801004156,UPCL,53,57,80,73.00,"5,840.00"
2019-11-28,2019112801004155,UPCL,57,57,20,73.00,"1,460.00"
2019-11-28,2019112801004061,UPCL,57,37,50,73.00,"3,650.00"
2019-11-28,2019112801004499,UPPER,19,48,250,224.00,"56,000.00"
2019-11-28,2019112801004498,UPPER,52,48,100,224.00,"22,400.00"
2019-11-28,2019112801004447,UPPER,6,22,266,225.00,"59,850.00"
2019-11-28,2019112801004105,UPPER,25,22,22,225.00,"4,950.00"
2019-11-28,2019112801004279,UPPER,25,22,20,225.00,"4,500.00"
2019-11-28,2019112801004253,UPPER,6,42,40,224.00,"8,960.00"
2019-11-28,2019112801004322,UPPER,6,22,500,225.00,"112,500.00"
2019-11-28,2019112801004354,VLBS,32,29,10,595.00,"5,950.00"
2019-11-28,2019112801004344,VLBS,32,47,35,590.00,"20,650.00"
2019-11-28,2019112801004343,VLBS,32,44,24,588.00,"14,112.00"
2019-11-28,2019112801004082,VLBS,7,42,24,583.00,"13,992.00"
2019-11-28,2019112801003634,ADBL,49,40,55,406.00,"22,330.00"
2019-11-28,2019112801003578,ADBL,50,19,200,405.00,"81,000.00"
2019-11-28,2019112801003900,AKBSL,48,38,10,425.00,"4,250.00"
2019-11-28,2019112801003813,AKBSL,48,38,10,425.00,"4,250.00"
2019-11-28,2019112801003772,AKBSL,52,43,180,427.00,"76,860.00"
2019-11-28,2019112801003771,AKBSL,38,43,100,428.00,"42,800.00"
2019-11-28,2019112801003770,AKBSL,57,43,30,428.00,"12,840.00"
2019-11-28,2019112801003760,AKBSL,57,53,50,428.00,"21,400.00"
2019-11-28,2019112801003566,AKBSL,57,51,10,428.00,"4,280.00"
2019-11-28,2019112801003673,AKPL,25,19,10,120.00,"1,200.00"
2019-11-28,2019112801003669,AKPL,25,13,60,119.00,"7,140.00"
2019-11-28,2019112801003658,AKPL,57,25,50,117.00,"5,850.00"
2019-11-28,2019112801003657,AKPL,45,25,100,117.00,"11,700.00"
2019-11-28,2019112801003747,ALBSL,48,19,10,392.00,"3,920.00"
2019-11-28,2019112801003699,ALBSL,19,25,10,393.00,"3,930.00"
2019-11-28,2019112801003992,API,38,21,18,101.00,"1,818.00"
2019-11-28,2019112801003812,API,38,58,505,101.00,"51,005.00"
2019-11-28,2019112801003811,API,41,58,495,101.00,"49,995.00"
2019-11-28,2019112801003715,API,25,51,100,103.00,"10,300.00"
2019-11-28,2019112801003723,BNT,16,28,46,"6,027.00","277,242.00"
2019-11-28,2019112801003958,BOKL,43,25,500,213.00,"106,500.00"
2019-11-28,2019112801003957,BOKL,20,25,200,213.00,"42,600.00"
2019-11-28,2019112801003956,BOKL,25,25,200,213.00,"42,600.00"
2019-11-28,2019112801003955,BOKL,7,25,500,213.00,"106,500.00"
2019-11-28,2019112801003954,BOKL,44,25,50,213.00,"10,650.00"
2019-11-28,2019112801003953,BOKL,51,25,50,213.00,"10,650.00"
2019-11-28,2019112801003952,BOKL,51,25,50,213.00,"10,650.00"
2019-11-28,2019112801003951,BOKL,54,25,66,213.00,"14,058.00"
2019-11-28,2019112801003950,BOKL,53,25,100,213.00,"21,300.00"
2019-11-28,2019112801003949,BOKL,42,25,175,213.00,"37,275.00"
2019-11-28,2019112801003848,BPCL,13,42,13,344.00,"4,472.00"
2019-11-28,2019112801003847,BPCL,7,42,20,345.00,"6,900.00"
2019-11-28,2019112801003707,BPCL,7,25,11,345.00,"3,795.00"
2019-11-28,2019112801003999,CBBL,45,34,15,984.00,"14,760.00"
2019-11-28,2019112801003721,CBBL,58,4,988,983.00,"971,204.00"
2019-11-28,2019112801003866,CBL,42,42,43,135.00,"5,805.00"
2019-11-28,2019112801003865,CBL,6,42,50,135.00,"6,750.00"
2019-11-28,2019112801003864,CBL,44,42,64,135.00,"8,640.00"
2019-11-28,2019112801003725,CBL,41,16,10,136.00,"1,360.00"
2019-11-28,2019112801003704,CCBL,39,21,281,160.00,"44,960.00"
2019-11-28,2019112801003703,CCBL,39,44,19,160.00,"3,040.00"
2019-11-28,2019112801003693,CCBL,46,5,45,159.00,"7,155.00"
2019-11-28,2019112801003670,CFCL,44,25,200,111.00,"22,200.00"
2019-11-28,2019112801003925,CHCL,25,19,10,354.00,"3,540.00"
2019-11-28,2019112801003924,CHCL,58,19,30,354.00,"10,620.00"
2019-11-28,2019112801003923,CHCL,46,19,10,354.00,"3,540.00"
2019-11-28,2019112801004041,CIT,32,48,200,"1,687.00","337,400.00"
2019-11-28,2019112801004040,CIT,32,48,50,"1,687.00","84,350.00"
2019-11-28,2019112801004039,CIT,29,48,80,"1,687.00","134,960.00"
2019-11-28,2019112801004038,CIT,32,48,20,"1,688.00","33,760.00"
2019-11-28,2019112801003926,CZBIL,36,57,35,180.00,"6,300.00"
2019-11-28,2019112801003831,CZBIL,41,25,288,179.00,"51,552.00"
2019-11-28,2019112801003830,CZBIL,49,25,500,179.00,"89,500.00"
2019-11-28,2019112801003829,CZBIL,5,25,62,179.00,"11,098.00"
2019-11-28,2019112801003828,CZBIL,20,25,50,180.00,"9,000.00"
2019-11-28,2019112801003789,CZBIL,3,3,1,180.00,180.00
2019-11-28,2019112801003686,CZBIL,3,3,1,180.00,180.00
2019-11-28,2019112801003588,CZBIL,20,51,150,180.00,"27,000.00"
2019-11-28,2019112801003587,CZBIL,7,51,500,180.00,"90,000.00"
2019-11-28,2019112801003586,CZBIL,26,51,200,180.00,"36,000.00"
2019-11-28,2019112801003585,CZBIL,13,51,150,180.00,"27,000.00"
2019-11-28,2019112801003706,DBBL,34,49,400,122.00,"48,800.00"
2019-11-28,2019112801003996,DDBL,6,4,200,736.00,"147,200.00"
2019-11-28,2019112801003995,DDBL,6,6,50,735.00,"36,750.00"
2019-11-28,2019112801003928,DDBL,6,37,100,734.00,"73,400.00"
2019-11-28,2019112801003678,DDBL,6,6,50,734.00,"36,700.00"
2019-11-28,2019112801003677,DDBL,6,41,150,734.00,"110,100.00"
2019-11-28,2019112801003676,DDBL,6,6,90,733.00,"65,970.00"
2019-11-28,2019112801003651,DDBL,42,6,10,733.00,"7,330.00"
2019-11-28,2019112801003919,EBL,6,39,865,544.00,"470,560.00"
2019-11-28,2019112801003918,EBL,10,39,20,545.00,"10,900.00"
2019-11-28,2019112801003917,EBL,44,39,615,545.00,"335,175.00"
2019-11-28,2019112801003756,EBL,44,46,600,545.00,"327,000.00"
2019-11-28,2019112801003741,EBL,39,34,100,546.00,"54,600.00"
2019-11-28,2019112801003708,EDBL,52,41,10,281.00,"2,810.00"
2019-11-28,2019112801003621,EIC,7,1,270,210.00,"56,700.00"
2019-11-28,2019112801003620,EIC,21,1,30,210.00,"6,300.00"
2019-11-28,2019112801003619,EIC,21,1,30,210.00,"6,300.00"
2019-11-28,2019112801004030,FOWAD,37,37,72,"1,335.00","96,120.00"
2019-11-28,2019112801004029,FOWAD,37,49,100,"1,335.00","133,500.00"
2019-11-28,2019112801003814,FOWAD,22,19,20,"1,336.00","26,720.00"
2019-11-28,2019112801004015,GBBL,19,4,55,224.00,"12,320.00"
2019-11-28,2019112801003991,GBBL,19,4,47,224.00,"10,528.00"
2019-11-28,2019112801003795,GBBL,19,41,40,224.00,"8,960.00"
2019-11-28,2019112801003759,GBBL,34,56,800,224.00,"179,200.00"
2019-11-28,2019112801003758,GBBL,34,43,300,224.00,"67,200.00"
2019-11-28,2019112801003720,GBBL,45,25,200,224.00,"44,800.00"
2019-11-28,2019112801003653,GBBL,38,45,467,224.00,"104,608.00"
2019-11-28,2019112801003650,GBBL,41,29,11,223.00,"2,453.00"
2019-11-28,2019112801003546,GBBL,1,48,100,224.00,"22,400.00"
2019-11-28,2019112801003711,GBBL,13,4,300,224.00,"67,200.00"
2019-11-28,2019112801003709,GBBL,1,4,15,224.00,"3,360.00"
2019-11-28,2019112801003674,GBBL,53,4,100,224.00,"22,400.00"
2019-11-28,2019112801003668,GBBL,14,4,300,224.00,"67,200.00"
2019-11-28,2019112801003655,GBBL,38,4,285,224.00,"63,840.00"
2019-11-28,2019112801003654,GBBL,38,48,248,224.00,"55,552.00"
2019-11-28,2019112801003890,GBLBS,50,25,50,287.00,"14,350.00"
2019-11-28,2019112801003889,GBLBS,32,25,240,287.00,"68,880.00"
2019-11-28,2019112801003888,GBLBS,22,25,200,288.00,"57,600.00"
2019-11-28,2019112801003887,GBLBS,5,25,100,288.00,"28,800.00"
2019-11-28,2019112801003886,GBLBS,42,25,16,288.00,"4,608.00"
2019-11-28,2019112801003997,GGBSL,48,19,10,658.00,"6,580.00"
2019-11-28,2019112801003898,GGBSL,10,19,10,648.00,"6,480.00"
2019-11-28,2019112801003879,GGBSL,58,19,40,648.00,"25,920.00"
2019-11-28,2019112801003878,GGBSL,13,19,20,648.00,"12,960.00"
2019-11-28,2019112801003875,GGBSL,13,47,10,648.00,"6,480.00"
2019-11-28,2019112801003675,GGBSL,57,42,10,648.00,"6,480.00"
2019-11-28,2019112801003748,GLICL,58,33,500,352.00,"176,000.00"
2019-11-28,2019112801003633,HBL,59,33,90,478.00,"43,020.00"
2019-11-28,2019112801003632,HBL,42,33,10,478.00,"4,780.00"
2019-11-28,2019112801004009,HDL,49,5,30,"1,753.00","52,590.00"
2019-11-28,2019112801004006,HDL,58,5,10,"1,753.00","17,530.00"
2019-11-28,2019112801003990,HDL,11,44,20,"1,750.00","35,000.00"
2019-11-28,2019112801003989,HDL,11,34,60,"1,750.00","105,000.00"
2019-11-28,2019112801003988,HDL,11,50,20,"1,750.00","35,000.00"
2019-11-28,2019112801003972,HDL,48,33,30,"1,742.00","52,260.00"
2019-11-28,2019112801003641,HDL,52,5,105,"1,755.00","184,275.00"
2019-11-28,2019112801003544,HDL,6,58,30,"1,750.00","52,500.00"
2019-11-28,2019112801003797,HDL,50,5,10,"1,745.00","17,450.00"
2019-11-28,2019112801003796,HDL,26,5,10,"1,745.00","17,450.00"
2019-11-28,2019112801003773,HDL,48,42,40,"1,750.00","70,000.00"
2019-11-28,2019112801003749,HDL,45,42,10,"1,750.00","17,500.00"
2019-11-28,2019112801003714,HDL,45,58,100,"1,748.00","174,800.00"
2019-11-28,2019112801003710,HDL,48,58,12,"1,750.00","21,000.00"
2019-11-28,2019112801003808,HDL,26,50,20,"1,745.00","34,900.00"
2019-11-28,2019112801003807,HDL,6,50,80,"1,745.00","139,600.00"
2019-11-28,2019112801003801,HDL,6,5,20,"1,745.00","34,900.00"
2019-11-28,2019112801003800,HDL,1,5,20,"1,745.00","34,900.00"
2019-11-28,2019112801003799,HDL,29,5,10,"1,745.00","17,450.00"
2019-11-28,2019112801003798,HDL,25,5,30,"1,745.00","52,350.00"
2019-11-28,2019112801003930,HDL,11,50,30,"1,750.00","52,500.00"
2019-11-28,2019112801003922,HDL,11,46,70,"1,750.00","122,500.00"
2019-11-28,2019112801003902,HDL,58,46,100,"1,750.00","175,000.00"
2019-11-28,2019112801003901,HDL,58,5,100,"1,749.00","174,900.00"
2019-11-28,2019112801003899,HDL,35,58,50,"1,746.00","87,300.00"
2019-11-28,2019112801003861,HDL,58,46,30,"1,750.00","52,500.00"
2019-11-28,2019112801003971,HDL,35,33,10,"1,742.00","17,420.00"
2019-11-28,2019112801003970,HDL,16,33,100,"1,743.00","174,300.00"
2019-11-28,2019112801003969,HDL,58,33,200,"1,744.00","348,800.00"
2019-11-28,2019112801003968,HDL,11,33,30,"1,745.00","52,350.00"
2019-11-28,2019112801003967,HDL,26,33,30,"1,745.00","52,350.00"
2019-11-28,2019112801003966,HDL,34,33,100,"1,746.00","174,600.00"
2019-11-28,2019112801003993,HPPL,44,3,10,136.00,"1,360.00"
2019-11-28,2019112801003980,HPPL,44,3,10,136.00,"1,360.00"
2019-11-28,2019112801004007,HURJA,13,19,20,99.00,"1,980.00"
2019-11-28,2019112801003921,ILBS,39,50,70,483.00,"33,810.00"
2019-11-28,2019112801003863,ILBS,39,28,230,483.00,"111,090.00"
2019-11-28,2019112801003775,ILBS,22,25,30,486.00,"14,580.00"
2019-11-28,2019112801003774,ILBS,22,58,40,486.00,"19,440.00"
2019-11-28,2019112801003692,ILBS,47,58,10,486.00,"4,860.00"
2019-11-28,2019112801003689,ILBS,47,51,10,484.00,"4,840.00"
2019-11-28,2019112801003612,ILBS,52,51,10,482.00,"4,820.00"
2019-11-28,2019112801003576,ILBS,52,51,10,482.00,"4,820.00"
2019-11-28,2019112801003806,KPCL,47,56,90,80.00,"7,200.00"
2019-11-28,2019112801003805,KPCL,47,51,10,80.00,800.00
2019-11-28,2019112801003978,KSBBL,14,38,"1,000",133.00,"133,000.00"
2019-11-28,2019112801003977,KSBBL,14,29,860,133.00,"114,380.00"
2019-11-28,2019112801003610,KSBBL,48,44,80,132.00,"10,560.00"
2019-11-28,2019112801003609,KSBBL,50,44,200,132.00,"26,400.00"
2019-11-28,2019112801003608,KSBBL,29,44,475,132.00,"62,700.00"
2019-11-28,2019112801003944,LBL,37,42,627,218.00,"136,686.00"
2019-11-28,2019112801003685,LBL,36,42,10,218.00,"2,180.00"
2019-11-28,2019112801003684,LBL,36,32,450,218.00,"98,100.00"
2019-11-28,2019112801003555,LBL,37,28,373,217.00,"80,941.00"
2019-11-28,2019112801003554,LBL,32,28,500,217.00,"108,500.00"
2019-11-28,2019112801003553,LBL,11,28,50,217.00,"10,850.00"
2019-11-28,2019112801003869,LGIL,42,33,100,297.00,"29,700.00"
2019-11-28,2019112801003868,LGIL,13,33,36,297.00,"10,692.00"
2019-11-28,2019112801003867,LGIL,1,33,30,297.00,"8,910.00"
2019-11-28,2019112801003855,LGIL,32,33,100,298.00,"29,800.00"
2019-11-28,2019112801003854,LGIL,47,33,200,298.00,"59,600.00"
2019-11-28,2019112801003853,LGIL,32,33,200,298.00,"59,600.00"
2019-11-28,2019112801003852,LGIL,19,33,49,299.00,"14,651.00"
2019-11-28,2019112801003984,LICN,25,35,20,920.00,"18,400.00"
2019-11-28,2019112801003827,LICN,25,35,50,902.00,"45,100.00"
2019-11-28,2019112801003826,LICN,40,35,30,903.00,"27,090.00"
2019-11-28,2019112801003640,LICN,22,35,10,908.00,"9,080.00"
2019-11-28,2019112801004027,MBL,21,40,400,214.00,"85,600.00"
2019-11-28,2019112801004026,MBL,55,40,300,214.00,"64,200.00"
2019-11-28,2019112801004025,MBL,55,40,300,214.00,"64,200.00"
2019-11-28,2019112801004024,MBL,19,40,500,214.00,"107,000.00"
2019-11-28,2019112801004023,MBL,34,40,200,214.00,"42,800.00"
2019-11-28,2019112801004022,MBL,14,40,300,214.00,"64,200.00"
2019-11-28,2019112801004021,MBL,49,40,500,215.00,"107,500.00"
2019-11-28,2019112801004020,MBL,1,40,100,215.00,"21,500.00"
2019-11-28,2019112801004019,MBL,41,40,12,215.00,"2,580.00"
2019-11-28,2019112801004018,MBL,40,40,619,215.00,"133,085.00"
2019-11-28,2019112801003647,MDB,17,44,507,242.00,"122,694.00"
2019-11-28,2019112801003628,MDB,32,44,50,242.00,"12,100.00"
2019-11-28,2019112801003631,MEGA,1,35,24,181.00,"4,344.00"
2019-11-28,2019112801003630,MEGA,44,35,60,181.00,"10,860.00"
2019-11-28,2019112801003629,MEGA,45,35,116,181.00,"20,996.00"
2019-11-28,2019112801003687,MEGA,1,35,276,181.00,"49,956.00"
2019-11-28,2019112801003915,MEGA,22,38,313,181.00,"56,653.00"
2019-11-28,2019112801003914,MEGA,41,38,30,181.00,"5,430.00"
2019-11-28,2019112801003583,MLBBL,32,50,23,443.00,"10,189.00"
2019-11-28,2019112801003986,MNBBL,6,17,179,313.00,"56,027.00"
2019-11-28,2019112801003985,MNBBL,6,34,351,313.00,"109,863.00"
2019-11-28,2019112801003976,MNBBL,10,25,75,312.00,"23,400.00"
2019-11-28,2019112801003975,MNBBL,6,25,25,312.00,"7,800.00"
2019-11-28,2019112801003705,MNBBL,6,38,"1,100",311.00,"342,100.00"
2019-11-28,2019112801003590,MNBBL,49,49,50,312.00,"15,600.00"
2019-11-28,2019112801003589,MNBBL,8,49,50,312.00,"15,600.00"
2019-11-28,2019112801003939,MSLB,41,10,30,830.00,"24,900.00"
2019-11-28,2019112801003994,NABIL,52,57,40,724.00,"28,960.00"
2019-11-28,2019112801003916,NABIL,43,35,25,724.00,"18,100.00"
2019-11-28,2019112801003892,NABIL,43,49,56,724.00,"40,544.00"
2019-11-28,2019112801003860,NABIL,42,58,35,725.00,"25,375.00"
2019-11-28,2019112801003730,NABIL,56,58,300,725.00,"217,500.00"
2019-11-28,2019112801003722,NABIL,35,35,390,725.00,"282,750.00"
2019-11-28,2019112801003593,NABIL,33,58,100,725.00,"72,500.00"
2019-11-28,2019112801003569,NABIL,45,58,20,725.00,"14,500.00"
2019-11-28,2019112801003543,NABIL,29,58,455,725.00,"329,875.00"
2019-11-28,2019112801003542,NABIL,35,58,100,725.00,"72,500.00"
2019-11-28,2019112801003702,NABIL,39,43,48,724.00,"34,752.00"
2019-11-28,2019112801003701,NABIL,45,43,10,724.00,"7,240.00"
2019-11-28,2019112801003700,NABIL,22,43,25,725.00,"18,125.00"
2019-11-28,2019112801003662,NABIL,22,58,75,725.00,"54,375.00"
2019-11-28,2019112801003652,NABIL,39,58,100,725.00,"72,500.00"
2019-11-28,2019112801003611,NABIL,33,58,100,725.00,"72,500.00"
2019-11-28,2019112801003840,NADEP,6,49,130,395.00,"51,350.00"
2019-11-28,2019112801003884,NBB,22,26,10,201.00,"2,010.00"
2019-11-28,2019112801003639,NBB,17,19,254,200.00,"50,800.00"
2019-11-28,2019112801004037,NBL,8,35,450,311.00,"139,950.00"
2019-11-28,2019112801004036,NBL,33,35,300,311.00,"93,300.00"
2019-11-28,2019112801004035,NBL,43,35,100,311.00,"31,100.00"
2019-11-28,2019112801004034,NBL,14,35,500,311.00,"155,500.00"
2019-11-28,2019112801004033,NBL,37,35,500,311.00,"155,500.00"
2019-11-28,2019112801004032,NBL,52,35,500,311.00,"155,500.00"
2019-11-28,2019112801004031,NBL,42,35,50,311.00,"15,550.00"
2019-11-28,2019112801003981,NBL,42,58,500,312.00,"156,000.00"
2019-11-28,2019112801003974,NBL,42,58,500,312.00,"156,000.00"
2019-11-28,2019112801003872,NBL,42,58,50,312.00,"15,600.00"
2019-11-28,2019112801003787,NBL,5,58,200,312.00,"62,400.00"
2019-11-28,2019112801003786,NBL,32,58,152,312.00,"47,424.00"
2019-11-28,2019112801003790,NCCB,39,6,100,198.00,"19,800.00"
2019-11-28,2019112801003785,NHDL,19,21,10,104.00,"1,040.00"
2019-11-28,2019112801004005,NHPC,33,51,"1,100",50.00,"55,000.00"
2019-11-28,2019112801004004,NHPC,6,51,"1,000",50.00,"50,000.00"
2019-11-28,2019112801004003,NHPC,6,51,"2,000",50.00,"100,000.00"
2019-11-28,2019112801004002,NHPC,52,51,100,50.00,"5,000.00"
2019-11-28,2019112801004001,NHPC,14,51,500,50.00,"25,000.00"
2019-11-28,2019112801004000,NHPC,1,51,300,50.00,"15,000.00"
2019-11-28,2019112801003834,NIB,39,44,100,417.00,"41,700.00"
2019-11-28,2019112801003577,NIB,36,41,17,416.00,"7,072.00"
2019-11-28,2019112801004028,NICA,49,25,56,407.00,"22,792.00"
2019-11-28,2019112801003781,NICA,49,18,179,407.00,"72,853.00"
2019-11-28,2019112801003780,NICA,25,18,50,407.00,"20,350.00"
2019-11-28,2019112801003779,NICA,51,18,200,407.00,"81,400.00"
2019-11-28,2019112801003778,NICA,39,18,101,407.00,"41,107.00"
2019-11-28,2019112801003777,NICA,34,18,470,407.00,"191,290.00"
2019-11-28,2019112801003622,NICA,49,22,350,408.00,"142,800.00"
2019-11-28,2019112801003616,NICA,49,50,650,408.00,"265,200.00"
2019-11-28,2019112801003615,NICA,49,50,350,408.00,"142,800.00"
2019-11-28,2019112801003580,NICA,49,22,"1,150",408.00,"469,200.00"
2019-11-28,2019112801003579,NICA,49,22,350,408.00,"142,800.00"
2019-11-28,2019112801003768,NICA,34,28,"1,530",407.00,"622,710.00"
2019-11-28,2019112801003767,NICA,14,28,270,407.00,"109,890.00"
2019-11-28,2019112801003665,NICA,49,34,200,408.00,"81,600.00"
2019-11-28,2019112801003664,NICA,49,28,"1,000",408.00,"408,000.00"
2019-11-28,2019112801003663,NICA,49,22,150,408.00,"61,200.00"
2019-11-28,2019112801003661,NICA,14,35,30,407.00,"12,210.00"
2019-11-28,2019112801003941,NLBBL,25,6,10,500.00,"5,000.00"
2019-11-28,2019112801003727,NLG,53,38,105,505.00,"53,025.00"
2019-11-28,2019112801004014,NLIC,34,25,25,804.00,"20,100.00"
2019-11-28,2019112801003959,NLIC,34,42,23,804.00,"18,492.00"
2019-11-28,2019112801003833,NLIC,34,28,58,804.00,"46,632.00"
2019-11-28,2019112801003832,NLIC,53,28,30,804.00,"24,120.00"
2019-11-28,2019112801003810,NLIC,57,56,100,805.00,"80,500.00"
2019-11-28,2019112801003809,NLIC,17,56,68,805.00,"54,740.00"
2019-11-28,2019112801003581,NLIC,38,34,10,806.00,"8,060.00"
2019-11-28,2019112801003802,NLIC,17,34,432,805.00,"347,760.00"
2019-11-28,2019112801003691,NLIC,26,34,50,807.00,"40,350.00"
2019-11-28,2019112801003683,NLIC,17,56,100,806.00,"80,600.00"
2019-11-28,2019112801003680,NLIC,17,16,200,806.00,"161,200.00"
2019-11-28,2019112801003598,NLIC,17,56,230,806.00,"185,380.00"
2019-11-28,2019112801003597,NLIC,38,56,190,806.00,"153,140.00"
2019-11-28,2019112801003850,NLICL,25,52,12,423.00,"5,076.00"
2019-11-28,2019112801003681,NLICL,16,16,200,422.00,"84,400.00"
2019-11-28,2019112801003614,NLICL,40,6,45,420.00,"18,900.00"
2019-11-28,2019112801003979,NMB,6,46,150,384.00,"57,600.00"
2019-11-28,2019112801003973,NMB,1,46,100,384.00,"38,400.00"
2019-11-28,2019112801003896,NMB,1,46,100,384.00,"38,400.00"
2019-11-28,2019112801003871,NMB,57,53,300,383.00,"114,900.00"
2019-11-28,2019112801003870,NMB,6,46,100,384.00,"38,400.00"
2019-11-28,2019112801003849,NMB,42,46,50,384.00,"19,200.00"
2019-11-28,2019112801003563,NMB,48,33,465,384.00,"178,560.00"
2019-11-28,2019112801003562,NMB,48,32,278,384.00,"106,752.00"
2019-11-28,2019112801003591,NMB,36,32,100,385.00,"38,500.00"
2019-11-28,2019112801003572,NMB,28,32,18,385.00,"6,930.00"
2019-11-28,2019112801003571,NMB,28,1,66,385.00,"25,410.00"
2019-11-28,2019112801003570,NMB,28,1,66,385.00,"25,410.00"
2019-11-28,2019112801003565,NMB,48,22,500,384.00,"192,000.00"
2019-11-28,2019112801003564,NMB,48,44,700,384.00,"268,800.00"
2019-11-28,2019112801003783,NMB,48,46,800,384.00,"307,200.00"
2019-11-28,2019112801003745,NMB,48,32,"1,000",384.00,"384,000.00"
2019-11-28,2019112801003732,NMB,48,32,"1,000",384.00,"384,000.00"
2019-11-28,2019112801003716,NMB,44,32,100,385.00,"38,500.00"
2019-11-28,2019112801003679,NMB,39,32,100,385.00,"38,500.00"
2019-11-28,2019112801003646,NMB,48,14,200,384.00,"76,800.00"
2019-11-28,2019112801003846,NMB,33,46,200,384.00,"76,800.00"
2019-11-28,2019112801003845,NMB,32,46,300,384.00,"115,200.00"
2019-11-28,2019112801003844,NMB,21,46,25,384.00,"9,600.00"
2019-11-28,2019112801003843,NMB,39,46,101,384.00,"38,784.00"
2019-11-28,2019112801003842,NMB,8,46,350,384.00,"134,400.00"
2019-11-28,2019112801003841,NMB,48,46,557,384.00,"213,888.00"
2019-11-28,2019112801003882,NMBMF,34,18,50,480.00,"24,000.00"
2019-11-28,2019112801003881,NMBMF,32,18,10,480.00,"4,800.00"
2019-11-28,2019112801003987,NUBL,29,26,50,890.00,"44,500.00"
2019-11-28,2019112801003948,OHL,45,34,100,402.00,"40,200.00"
2019-11-28,2019112801003929,OHL,45,34,210,402.00,"84,420.00"
2019-11-28,2019112801003617,OHL,19,5,175,405.00,"70,875.00"
2019-11-28,2019112801003931,PCBL,45,26,500,273.00,"136,500.00"
2019-11-28,2019112801003728,PCBL,22,26,15,273.00,"4,095.00"
2019-11-28,2019112801003672,PFL,1,14,26,136.00,"3,536.00"
2019-11-28,2019112801004013,PICL,38,53,75,361.00,"27,075.00"
2019-11-28,2019112801004012,PICL,6,53,200,362.00,"72,400.00"
2019-11-28,2019112801003666,PICL,32,5,30,365.00,"10,950.00"
2019-11-28,2019112801003862,PMHPL,32,44,10,79.00,790.00
2019-11-28,2019112801003574,PMHPL,32,21,10,79.00,790.00
2019-11-28,2019112801003549,PMHPL,32,44,10,79.00,790.00
2019-11-28,2019112801003874,PRVU,44,37,"1,000",223.00,"223,000.00"
2019-11-28,2019112801003724,PRVU,44,38,500,223.00,"111,500.00"
2019-11-28,2019112801003552,PRVU,44,13,"1,050",223.00,"234,150.00"
2019-11-28,2019112801003545,PRVU,44,32,"1,000",223.00,"223,000.00"
2019-11-28,2019112801003933,RBCL,33,59,12,"7,900.00","94,800.00"
2019-11-28,2019112801003596,RBCL,49,18,30,"7,900.00","237,000.00"
2019-11-28,2019112801003595,RBCL,20,18,10,"7,905.00","79,050.00"
2019-11-28,2019112801003642,RHPC,32,4,800,76.00,"60,800.00"
2019-11-28,2019112801003560,RHPC,47,4,100,77.00,"7,700.00"
2019-11-28,2019112801003559,RHPC,35,4,100,77.00,"7,700.00"
2019-11-28,2019112801004008,RHPL,8,38,40,163.00,"6,520.00"
2019-11-28,2019112801003947,RHPL,8,38,10,163.00,"1,630.00"
2019-11-28,2019112801003946,RHPL,8,37,150,163.00,"24,450.00"
2019-11-28,2019112801003942,RHPL,8,38,40,163.00,"6,520.00"
2019-11-28,2019112801003938,RHPL,19,18,190,164.00,"31,160.00"
2019-11-28,2019112801003937,RHPL,19,44,40,164.00,"6,560.00"
2019-11-28,2019112801003592,RHPL,40,21,50,163.00,"8,150.00"
2019-11-28,2019112801003568,RHPL,40,38,40,163.00,"6,520.00"
2019-11-28,2019112801003561,RHPL,40,21,40,163.00,"6,520.00"
2019-11-28,2019112801003558,RHPL,40,38,40,163.00,"6,520.00"
2019-11-28,2019112801003784,RHPL,40,38,40,163.00,"6,520.00"
2019-11-28,2019112801003761,RHPL,40,38,40,163.00,"6,520.00"
2019-11-28,2019112801003746,RHPL,40,38,40,163.00,"6,520.00"
2019-11-28,2019112801003743,RHPL,40,25,40,163.00,"6,520.00"
2019-11-28,2019112801003729,RHPL,40,38,40,163.00,"6,520.00"
2019-11-28,2019112801003618,RHPL,40,21,40,163.00,"6,520.00"
2019-11-28,2019112801003823,RHPL,7,42,30,163.00,"4,890.00"
2019-11-28,2019112801003818,RHPL,7,46,30,163.00,"4,890.00"
2019-11-28,2019112801003817,RHPL,7,46,60,163.00,"9,780.00"
2019-11-28,2019112801003816,RHPL,7,46,50,163.00,"8,150.00"
2019-11-28,2019112801003815,RHPL,40,46,400,163.00,"65,200.00"
2019-11-28,2019112801003791,RHPL,40,38,40,163.00,"6,520.00"
2019-11-28,2019112801003873,RHPL,8,38,40,163.00,"6,520.00"
2019-11-28,2019112801003859,RHPL,8,19,10,163.00,"1,630.00"
2019-11-28,2019112801003858,RHPL,8,38,30,163.00,"4,890.00"
2019-11-28,2019112801003857,RHPL,7,38,10,163.00,"1,630.00"
2019-11-28,2019112801003825,RHPL,7,38,40,163.00,"6,520.00"
2019-11-28,2019112801003824,RHPL,7,42,10,163.00,"1,630.00"
2019-11-28,2019112801003936,RHPL,19,44,10,164.00,"1,640.00"
2019-11-28,2019112801003935,RHPL,19,25,40,164.00,"6,560.00"
2019-11-28,2019112801003934,RHPL,19,22,50,164.00,"8,200.00"
2019-11-28,2019112801003913,RHPL,8,38,40,163.00,"6,520.00"
2019-11-28,2019112801003895,RHPL,8,38,40,163.00,"6,520.00"
2019-11-28,2019112801003883,RHPL,8,57,40,163.00,"6,520.00"
2019-11-28,2019112801003660,RLFL,44,8,200,110.00,"22,000.00"
2019-11-28,2019112801003690,RMDC,5,14,10,584.00,"5,840.00"
2019-11-28,2019112801003755,RSDC,38,33,10,280.00,"2,800.00"
2019-11-28,2019112801003754,RSDC,38,33,50,280.00,"14,000.00"
2019-11-28,2019112801003753,RSDC,42,33,15,280.00,"4,200.00"
2019-11-28,2019112801003752,RSDC,47,33,24,281.00,"6,744.00"
2019-11-28,2019112801003726,RSDC,34,33,100,282.00,"28,200.00"
2019-11-28,2019112801003894,SABSL,36,44,10,475.00,"4,750.00"
2019-11-28,2019112801003766,SANIMA,58,40,"1,000",303.00,"303,000.00"
2019-11-28,2019112801003765,SANIMA,6,40,100,303.00,"30,300.00"
2019-11-28,2019112801003764,SANIMA,38,40,100,303.00,"30,300.00"
2019-11-28,2019112801003763,SANIMA,33,40,100,303.00,"30,300.00"
2019-11-28,2019112801003762,SANIMA,57,40,"1,200",303.00,"363,600.00"
2019-11-28,2019112801003740,SANIMA,25,40,100,304.00,"30,400.00"
2019-11-28,2019112801003697,SANIMA,4,56,50,305.00,"15,250.00"
2019-11-28,2019112801003696,SANIMA,43,56,500,305.00,"152,500.00"
2019-11-28,2019112801003695,SANIMA,49,56,"1,098",305.00,"334,890.00"
2019-11-28,2019112801003682,SANIMA,49,18,500,305.00,"152,500.00"
2019-11-28,2019112801003584,SANIMA,28,25,150,306.00,"45,900.00"
2019-11-28,2019112801003739,SANIMA,38,40,100,304.00,"30,400.00"
2019-11-28,2019112801003738,SANIMA,34,40,"2,000",304.00,"608,000.00"
2019-11-28,2019112801003737,SANIMA,34,40,100,304.00,"30,400.00"
2019-11-28,2019112801003736,SANIMA,34,40,"2,000",304.00,"608,000.00"
2019-11-28,2019112801003735,SANIMA,34,40,210,304.00,"63,840.00"
2019-11-28,2019112801003698,SANIMA,58,56,"3,000",305.00,"915,000.00"
2019-11-28,2019112801003982,SBI,21,52,50,382.00,"19,100.00"
2019-11-28,2019112801003734,SBI,22,52,10,383.00,"3,830.00"
2019-11-28,2019112801003733,SBI,52,52,10,383.00,"3,830.00"
2019-11-28,2019112801003636,SBI,29,28,50,384.00,"19,200.00"
2019-11-28,2019112801003635,SBI,29,11,42,384.00,"16,128.00"
2019-11-28,2019112801003965,SBL,53,40,105,279.00,"29,295.00"
2019-11-28,2019112801003964,SBL,59,40,50,279.00,"13,950.00"
2019-11-28,2019112801003963,SBL,13,40,"1,000",279.00,"279,000.00"
2019-11-28,2019112801003962,SBL,33,40,419,279.00,"116,901.00"
2019-11-28,2019112801003719,SCB,39,48,100,525.00,"52,500.00"
2019-11-28,2019112801003594,SCB,29,48,140,529.00,"74,060.00"
2019-11-28,2019112801004017,SHINE,13,39,50,246.00,"12,300.00"
2019-11-28,2019112801004016,SHINE,29,39,95,246.00,"23,370.00"
2019-11-28,2019112801003912,SHIVM,20,34,854,391.00,"333,914.00"
2019-11-28,2019112801003911,SHIVM,39,34,800,392.00,"313,600.00"
2019-11-28,2019112801003910,SHIVM,21,34,200,392.00,"78,400.00"
2019-11-28,2019112801003909,SHIVM,35,34,20,392.00,"7,840.00"
2019-11-28,2019112801003908,SHIVM,20,34,20,392.00,"7,840.00"
2019-11-28,2019112801003907,SHIVM,44,34,100,392.00,"39,200.00"
2019-11-28,2019112801003656,SHIVM,26,26,400,394.00,"157,600.00"
2019-11-28,2019112801003551,SHIVM,26,34,100,394.00,"39,400.00"
2019-11-28,2019112801003550,SHIVM,10,34,900,394.00,"354,600.00"
2019-11-28,2019112801003906,SHIVM,45,34,50,392.00,"19,600.00"
2019-11-28,2019112801003905,SHIVM,47,34,200,393.00,"78,600.00"
2019-11-28,2019112801003904,SHIVM,59,34,50,393.00,"19,650.00"
2019-11-28,2019112801003903,SHIVM,10,34,206,393.00,"80,958.00"
2019-11-28,2019112801003713,SHIVM,36,35,110,395.00,"43,450.00"
2019-11-28,2019112801003712,SHIVM,36,26,40,394.00,"15,760.00"
2019-11-28,2019112801003624,SHL,6,58,250,208.00,"52,000.00"
2019-11-28,2019112801003607,SHL,52,58,210,208.00,"43,680.00"
2019-11-28,2019112801003606,SHL,34,58,200,208.00,"41,600.00"
2019-11-28,2019112801003605,SHL,25,58,500,208.00,"104,000.00"
2019-11-28,2019112801003604,SHL,1,58,100,208.00,"20,800.00"
2019-11-28,2019112801003603,SHL,34,58,100,208.00,"20,800.00"
2019-11-28,2019112801003602,SHL,43,58,250,208.00,"52,000.00"
2019-11-28,2019112801003601,SHL,43,58,250,208.00,"52,000.00"
2019-11-28,2019112801003600,SHL,45,58,125,208.00,"26,000.00"
2019-11-28,2019112801003582,SHL,17,36,100,209.00,"20,900.00"
2019-11-28,2019112801003893,SHPC,37,34,320,182.00,"58,240.00"
2019-11-28,2019112801003856,SHPC,48,34,50,182.00,"9,100.00"
2019-11-28,2019112801003623,SHPC,34,4,10,183.00,"1,830.00"
2019-11-28,2019112801003757,SIC,25,45,10,422.00,"4,220.00"
2019-11-28,2019112801003626,SIC,56,43,100,420.00,"42,000.00"
2019-11-28,2019112801003625,SIC,56,34,50,420.00,"21,000.00"
2019-11-28,2019112801003877,SICL,42,26,20,755.00,"15,100.00"
2019-11-28,2019112801003667,SIL,47,21,10,367.00,"3,670.00"
2019-11-28,2019112801003638,SIL,35,44,129,368.00,"47,472.00"
2019-11-28,2019112801003627,SIL,35,56,130,368.00,"47,840.00"
2019-11-28,2019112801004011,SJCL,39,57,20,153.00,"3,060.00"
2019-11-28,2019112801003998,SJCL,39,38,20,153.00,"3,060.00"
2019-11-28,2019112801003961,SJCL,39,38,20,153.00,"3,060.00"
2019-11-28,2019112801003940,SJCL,39,43,100,153.00,"15,300.00"
2019-11-28,2019112801003932,SJCL,39,38,20,153.00,"3,060.00"
2019-11-28,2019112801003920,SJCL,39,38,20,153.00,"3,060.00"
2019-11-28,2019112801003547,SJCL,45,21,20,154.00,"3,080.00"
2019-11-28,2019112801003613,SJCL,45,21,20,154.00,"3,080.00"
2019-11-28,2019112801003599,SJCL,45,21,20,154.00,"3,080.00"
2019-11-28,2019112801003575,SJCL,45,38,20,154.00,"3,080.00"
2019-11-28,2019112801003573,SJCL,45,44,20,154.00,"3,080.00"
2019-11-28,2019112801003557,SJCL,45,21,20,154.00,"3,080.00"
2019-11-28,2019112801003556,SJCL,45,38,20,154.00,"3,080.00"
2019-11-28,2019112801003645,SJCL,19,10,10,154.00,"1,540.00"
2019-11-28,2019112801003644,SJCL,45,10,70,154.00,"10,780.00"
2019-11-28,2019112801003643,SJCL,40,10,60,154.00,"9,240.00"
2019-11-28,2019112801003751,SJCL,32,25,10,153.00,"1,530.00"
2019-11-28,2019112801003750,SJCL,43,25,10,153.00,"1,530.00"
2019-11-28,2019112801003742,SJCL,43,38,20,153.00,"3,060.00"
2019-11-28,2019112801003731,SJCL,43,38,20,153.00,"3,060.00"
2019-11-28,2019112801003717,SJCL,43,19,10,153.00,"1,530.00"
2019-11-28,2019112801003835,SJCL,39,38,20,153.00,"3,060.00"
2019-11-28,2019112801003804,SJCL,39,42,10,153.00,"1,530.00"
2019-11-28,2019112801003803,SJCL,32,42,10,153.00,"1,530.00"
2019-11-28,2019112801003794,SJCL,32,38,20,153.00,"3,060.00"
2019-11-28,2019112801003776,SJCL,32,38,20,153.00,"3,060.00"
2019-11-28,2019112801003769,SJCL,32,38,20,153.00,"3,060.00"
2019-11-28,2019112801003897,SJCL,39,46,510,153.00,"78,030.00"
2019-11-28,2019112801003891,SJCL,39,38,10,153.00,"1,530.00"
2019-11-28,2019112801003880,SJCL,39,38,20,153.00,"3,060.00"
2019-11-28,2019112801003851,SJCL,39,38,20,153.00,"3,060.00"
2019-11-28,2019112801003838,SKBBL,22,14,100,908.00,"90,800.00"
2019-11-28,2019112801003837,SKBBL,38,14,100,908.00,"90,800.00"
2019-11-28,2019112801003836,SKBBL,37,14,150,910.00,"136,500.00"
2019-11-28,2019112801003649,SLBBL,50,57,59,606.00,"35,754.00"
2019-11-28,2019112801003648,SLBBL,37,57,155,606.00,"93,930.00"
2019-11-28,2019112801003548,SLBBL,6,6,286,607.00,"173,602.00"
2019-11-28,2019112801003782,SLBBL,45,38,10,609.00,"6,090.00"
2019-11-28,2019112801003688,SLBBL,43,43,90,608.00,"54,720.00"
2019-11-28,2019112801003659,SLBBL,38,43,10,608.00,"6,080.00"
2019-11-28,2019112801003983,SLBSL,38,45,45,725.00,"32,625.00"
2019-11-28,2019112801003793,SLBSL,22,45,10,725.00,"7,250.00"
2019-11-28,2019112801004010,SLICL,25,45,20,247.00,"4,940.00"
2019-11-28,2019112801003943,SPARS,45,44,10,512.00,"5,120.00"
2019-11-28,2019112801003839,SRBL,43,1,500,211.00,"105,500.00"
2019-11-28,2019112801003744,STC,50,32,26,"1,251.00","32,526.00"
2019-11-28,2019112801003788,SWBBL,18,34,"1,000",927.00,"927,000.00"
2019-11-28,2019112801003694,SWBBL,34,42,100,927.00,"92,700.00"
2019-11-28,2019112801003822,UIC,53,21,20,220.00,"4,400.00"
2019-11-28,2019112801003821,UIC,53,6,100,220.00,"22,000.00"
2019-11-28,2019112801003820,UIC,53,13,50,220.00,"11,000.00"
2019-11-28,2019112801003819,UIC,53,52,30,220.00,"6,600.00"
2019-11-28,2019112801003671,UPCL,42,52,150,74.00,"11,100.00"
2019-11-28,2019112801003960,UPPER,6,44,40,224.00,"8,960.00"
2019-11-28,2019112801003945,UPPER,19,22,200,225.00,"45,000.00"
2019-11-28,2019112801003927,UPPER,19,22,50,225.00,"11,250.00"
2019-11-28,2019112801003885,UPPER,6,49,160,224.00,"35,840.00"
2019-11-28,2019112801003876,UPPER,6,42,40,224.00,"8,960.00"
2019-11-28,2019112801003637,UPPER,6,25,404,224.00,"90,496.00"
2019-11-28,2019112801003567,UPPER,6,26,207,224.00,"46,368.00"
2019-11-28,2019112801003792,UPPER,6,19,50,224.00,"11,200.00"
2019-11-28,2019112801003718,UPPER,25,22,18,225.00,"4,050.00"
2019-11-28,2019112801003415,ADBL,34,59,17,404.00,"6,868.00"
2019-11-28,2019112801003327,ADBL,11,19,200,405.00,"81,000.00"
2019-11-28,2019112801003312,ADBL,45,19,100,405.00,"40,500.00"
2019-11-28,2019112801003258,ADBL,6,19,100,405.00,"40,500.00"
2019-11-28,2019112801003540,AHPC,42,45,50,94.00,"4,700.00"
2019-11-28,2019112801003121,AHPC,41,45,50,94.00,"4,700.00"
2019-11-28,2019112801003448,AKBSL,57,38,10,428.00,"4,280.00"
2019-11-28,2019112801003362,AKBSL,52,21,10,427.00,"4,270.00"
2019-11-28,2019112801003111,AKBSL,52,44,10,427.00,"4,270.00"
2019-11-28,2019112801003484,ALICL,33,45,45,313.00,"14,085.00"
2019-11-28,2019112801003346,ALICL,33,19,700,313.00,"219,100.00"
2019-11-28,2019112801003282,ALICL,33,6,247,313.00,"77,311.00"
2019-11-28,2019112801003281,ALICL,14,6,59,313.00,"18,467.00"
2019-11-28,2019112801003189,ALICL,14,39,141,313.00,"44,133.00"
2019-11-28,2019112801003188,ALICL,3,39,10,314.00,"3,140.00"
2019-11-28,2019112801003187,ALICL,51,39,15,315.00,"4,725.00"
2019-11-28,2019112801003513,API,25,51,50,103.00,"5,150.00"
2019-11-28,2019112801003483,API,38,38,"1,000",102.00,"102,000.00"
2019-11-28,2019112801003326,API,7,25,950,102.00,"96,900.00"
2019-11-28,2019112801003325,API,5,25,50,102.00,"5,100.00"
2019-11-28,2019112801003406,API,41,7,505,101.00,"51,005.00"
2019-11-28,2019112801003405,API,28,7,595,101.00,"60,095.00"
2019-11-28,2019112801003355,API,7,7,50,102.00,"5,100.00"
2019-11-28,2019112801003181,BOKL,42,28,25,213.00,"5,325.00"
2019-11-28,2019112801003180,BOKL,45,28,100,213.00,"21,300.00"
2019-11-28,2019112801003179,BOKL,42,28,100,213.00,"21,300.00"
2019-11-28,2019112801003178,BOKL,38,28,25,214.00,"5,350.00"
2019-11-28,2019112801003158,BPCL,7,51,169,345.00,"58,305.00"
2019-11-28,2019112801003168,CBBL,6,26,171,982.00,"167,922.00"
2019-11-28,2019112801003167,CBBL,35,26,829,982.00,"814,078.00"
2019-11-28,2019112801003107,CBBL,45,34,100,984.00,"98,400.00"
2019-11-28,2019112801003097,CBL,44,16,500,136.00,"68,000.00"
2019-11-28,2019112801003359,CCBL,20,44,381,160.00,"60,960.00"
2019-11-28,2019112801003334,CCBL,46,56,62,159.00,"9,858.00"
2019-11-28,2019112801003333,CCBL,17,56,144,159.00,"22,896.00"
2019-11-28,2019112801003332,CCBL,41,44,200,160.00,"32,000.00"
2019-11-28,2019112801003253,CCBL,17,48,212,159.00,"33,708.00"
2019-11-28,2019112801003067,CCBL,38,25,10,162.00,"1,620.00"
2019-11-28,2019112801003066,CCBL,38,39,14,162.00,"2,268.00"
2019-11-28,2019112801003065,CCBL,38,13,26,161.00,"4,186.00"
2019-11-28,2019112801003110,CFCL,26,41,50,110.00,"5,500.00"
2019-11-28,2019112801003370,CHCL,29,28,59,355.00,"20,945.00"
2019-11-28,2019112801003172,CHCL,29,6,141,355.00,"50,055.00"
2019-11-28,2019112801003136,CHCL,29,11,100,355.00,"35,500.00"
2019-11-28,2019112801003050,CHCL,6,45,523,355.00,"185,665.00"
2019-11-28,2019112801003248,CMF1,43,39,"1,000",8.62,"8,620.00"
2019-11-28,2019112801003388,DBBL,7,16,30,123.00,"3,690.00"
2019-11-28,2019112801003384,DBBL,7,25,11,123.00,"1,353.00"
2019-11-28,2019112801003369,DBBL,7,59,200,123.00,"24,600.00"
2019-11-28,2019112801003280,DBBL,7,41,50,123.00,"6,150.00"
2019-11-28,2019112801003186,DBBL,7,25,40,122.00,"4,880.00"
2019-11-28,2019112801003237,EBL,44,14,200,545.00,"109,000.00"
2019-11-28,2019112801003206,FMDBL,10,41,50,301.00,"15,050.00"
2019-11-28,2019112801003496,GBBL,29,48,310,224.00,"69,440.00"
2019-11-28,2019112801003399,GBBL,1,48,74,224.00,"16,576.00"
2019-11-28,2019112801003398,GBBL,1,17,170,224.00,"38,080.00"
2019-11-28,2019112801003397,GBBL,1,33,480,224.00,"107,520.00"
2019-11-28,2019112801003344,GBBL,32,33,20,224.00,"4,480.00"
2019-11-28,2019112801003299,GBBL,20,33,100,224.00,"22,400.00"
2019-11-28,2019112801003292,GBBL,49,33,88,224.00,"19,712.00"
2019-11-28,2019112801003264,GBBL,43,44,326,225.00,"73,350.00"
2019-11-28,2019112801003263,GBBL,43,43,374,225.00,"84,150.00"
2019-11-28,2019112801003298,GBBL,57,33,100,224.00,"22,400.00"
2019-11-28,2019112801003297,GBBL,45,33,50,224.00,"11,200.00"
2019-11-28,2019112801003296,GBBL,57,33,200,224.00,"44,800.00"
2019-11-28,2019112801003295,GBBL,39,33,23,224.00,"5,152.00"
2019-11-28,2019112801003294,GBBL,42,33,150,224.00,"33,600.00"
2019-11-28,2019112801003293,GBBL,34,33,80,224.00,"17,920.00"
2019-11-28,2019112801003523,GBLBS,13,33,100,289.00,"28,900.00"
2019-11-28,2019112801003104,GBLBS,57,42,100,289.00,"28,900.00"
2019-11-28,2019112801003044,GBLBS,42,57,24,288.00,"6,912.00"
2019-11-28,2019112801003331,GFCL,43,39,90,128.00,"11,520.00"
2019-11-28,2019112801003330,GFCL,59,39,50,128.00,"6,400.00"
2019-11-28,2019112801003329,GFCL,42,39,300,129.00,"38,700.00"
2019-11-28,2019112801003156,GFCL,42,41,50,129.00,"6,450.00"
2019-11-28,2019112801003081,GGBSL,48,44,10,660.00,"6,600.00"
2019-11-28,2019112801003080,GGBSL,48,44,10,660.00,"6,600.00"
2019-11-28,2019112801003079,GGBSL,48,44,10,660.00,"6,600.00"
2019-11-28,2019112801003078,GGBSL,48,16,10,660.00,"6,600.00"
2019-11-28,2019112801003077,GGBSL,48,16,10,660.00,"6,600.00"
2019-11-28,2019112801003076,GGBSL,48,41,10,655.00,"6,550.00"
2019-11-28,2019112801003075,GGBSL,48,38,10,650.00,"6,500.00"
2019-11-28,2019112801003272,GLICL,22,33,40,353.00,"14,120.00"
2019-11-28,2019112801003226,GLICL,58,57,100,351.00,"35,100.00"
2019-11-28,2019112801003225,GLICL,58,52,300,351.00,"105,300.00"
2019-11-28,2019112801003057,GLICL,41,52,100,351.00,"35,100.00"
2019-11-28,2019112801003409,GMFBS,22,51,10,491.00,"4,910.00"
2019-11-28,2019112801003535,HDL,7,58,50,"1,750.00","87,500.00"
2019-11-28,2019112801003534,HDL,57,58,40,"1,750.00","70,000.00"
2019-11-28,2019112801003530,HDL,35,46,100,"1,750.00","175,000.00"
2019-11-28,2019112801003511,HDL,51,58,100,"1,750.00","175,000.00"
2019-11-28,2019112801003510,HDL,16,58,100,"1,750.00","175,000.00"
2019-11-28,2019112801003509,HDL,42,58,10,"1,750.00","17,500.00"
2019-11-28,2019112801003113,HDL,59,5,10,"1,770.00","17,700.00"
2019-11-28,2019112801003093,HDL,48,48,"1,245","1,763.00","2,194,935.00"
2019-11-28,2019112801003215,HDL,35,53,50,"1,761.00","88,050.00"
2019-11-28,2019112801003191,HDL,45,38,200,"1,762.00","352,400.00"
2019-11-28,2019112801003154,HDL,48,32,500,"1,770.00","885,000.00"
2019-11-28,2019112801003138,HDL,54,38,35,"1,770.00","61,950.00"
2019-11-28,2019112801003137,HDL,54,5,30,"1,770.00","53,100.00"
2019-11-28,2019112801003122,HDL,59,5,10,"1,770.00","17,700.00"
2019-11-28,2019112801003257,HDL,39,7,200,"1,760.00","352,000.00"
2019-11-28,2019112801003220,HDL,39,53,765,"1,760.00","1,346,400.00"
2019-11-28,2019112801003219,HDL,25,53,20,"1,760.00","35,200.00"
2019-11-28,2019112801003218,HDL,25,53,20,"1,760.00","35,200.00"
2019-11-28,2019112801003217,HDL,32,53,130,"1,761.00","228,930.00"
2019-11-28,2019112801003216,HDL,25,53,15,"1,761.00","26,415.00"
2019-11-28,2019112801003391,HDL,49,44,10,"1,760.00","17,600.00"
2019-11-28,2019112801003390,HDL,22,44,10,"1,760.00","17,600.00"
2019-11-28,2019112801003345,HDL,47,38,100,"1,763.00","176,300.00"
2019-11-28,2019112801003285,HDL,32,38,10,"1,760.00","17,600.00"
2019-11-28,2019112801003284,HDL,47,38,50,"1,760.00","88,000.00"
2019-11-28,2019112801003259,HDL,39,38,35,"1,760.00","61,600.00"
2019-11-28,2019112801003433,HDL,38,58,50,"1,757.00","87,850.00"
2019-11-28,2019112801003430,HDL,50,5,10,"1,757.00","17,570.00"
2019-11-28,2019112801003429,HDL,35,5,10,"1,757.00","17,570.00"
2019-11-28,2019112801003428,HDL,35,5,25,"1,758.00","43,950.00"
2019-11-28,2019112801003427,HDL,21,5,10,"1,760.00","17,600.00"
2019-11-28,2019112801003414,HDL,49,50,20,"1,760.00","35,200.00"
2019-11-28,2019112801003502,HDL,40,58,50,"1,753.00","87,650.00"
2019-11-28,2019112801003501,HDL,35,58,10,"1,755.00","17,550.00"
2019-11-28,2019112801003500,HDL,58,58,10,"1,755.00","17,550.00"
2019-11-28,2019112801003436,HDL,58,58,190,"1,755.00","333,450.00"
2019-11-28,2019112801003435,HDL,32,58,50,"1,755.00","87,750.00"
2019-11-28,2019112801003434,HDL,34,58,10,"1,755.00","17,550.00"
2019-11-28,2019112801003508,HDL,34,58,10,"1,750.00","17,500.00"
2019-11-28,2019112801003507,HDL,48,58,200,"1,751.00","350,200.00"
2019-11-28,2019112801003506,HDL,48,58,100,"1,751.00","175,100.00"
2019-11-28,2019112801003505,HDL,16,58,50,"1,752.00","87,600.00"
2019-11-28,2019112801003504,HDL,29,58,50,"1,752.00","87,600.00"
2019-11-28,2019112801003503,HDL,48,58,28,"1,752.00","49,056.00"
2019-11-28,2019112801003182,HGI,5,5,50,235.00,"11,750.00"
2019-11-28,2019112801003150,HGI,1,4,200,236.00,"47,200.00"
2019-11-28,2019112801003512,HIDCL,35,29,"1,000",133.00,"133,000.00"
2019-11-28,2019112801003366,HIDCL,49,38,538,133.00,"71,554.00"
2019-11-28,2019112801003337,HIDCL,49,29,"1,000",133.00,"133,000.00"
2019-11-28,2019112801003336,HIDCL,49,43,27,133.00,"3,591.00"
2019-11-28,2019112801003335,HIDCL,49,16,100,133.00,"13,300.00"
2019-11-28,2019112801003305,HIDCL,49,46,20,132.00,"2,640.00"
2019-11-28,2019112801003254,HIDCL,49,43,251,132.00,"33,132.00"
2019-11-28,2019112801003404,HPPL,45,49,10,138.00,"1,380.00"
2019-11-28,2019112801003307,ILBS,39,58,50,486.00,"24,300.00"
2019-11-28,2019112801003247,ILBS,52,21,10,482.00,"4,820.00"
2019-11-28,2019112801003183,JBBL,17,58,60,158.00,"9,480.00"
2019-11-28,2019112801003142,JSLBB,18,18,10,"1,173.00","11,730.00"
2019-11-28,2019112801003457,KBL,50,1,200,178.00,"35,600.00"
2019-11-28,2019112801003268,KBL,20,1,200,178.00,"35,600.00"
2019-11-28,2019112801003267,KBL,51,1,100,178.00,"17,800.00"
2019-11-28,2019112801003053,KBL,58,57,13,177.00,"2,301.00"
2019-11-28,2019112801003046,KPCL,49,56,50,80.00,"4,000.00"
2019-11-28,2019112801003045,KPCL,17,56,50,80.00,"4,000.00"
2019-11-28,2019112801003073,KPCL,32,56,200,79.00,"15,800.00"
2019-11-28,2019112801003072,KPCL,42,56,20,79.00,"1,580.00"
2019-11-28,2019112801003190,KPCL,22,47,10,79.00,790.00
2019-11-28,2019112801003176,KPCL,6,47,10,78.00,780.00
2019-11-28,2019112801003162,KPCL,6,47,10,78.00,780.00
2019-11-28,2019112801003151,KPCL,6,47,10,78.00,780.00
2019-11-28,2019112801003224,KPCL,14,56,440,80.00,"35,200.00"
2019-11-28,2019112801003376,LBL,43,19,96,217.00,"20,832.00"
2019-11-28,2019112801003375,LBL,45,19,50,217.00,"10,850.00"
2019-11-28,2019112801003374,LBL,41,19,20,217.00,"4,340.00"
2019-11-28,2019112801003373,LBL,43,19,34,217.00,"7,378.00"
2019-11-28,2019112801003213,LBL,37,32,50,218.00,"10,900.00"
2019-11-28,2019112801003194,LBL,49,41,20,218.00,"4,360.00"
2019-11-28,2019112801003193,LBL,42,41,10,218.00,"2,180.00"
2019-11-28,2019112801003192,LBL,38,41,164,218.00,"35,752.00"
2019-11-28,2019112801003109,LBL,38,34,200,218.00,"43,600.00"
2019-11-28,2019112801003443,LICN,25,35,10,925.00,"9,250.00"
2019-11-28,2019112801003342,MBL,40,56,172,215.00,"36,980.00"
2019-11-28,2019112801003499,MEGA,45,53,884,181.00,"160,004.00"
2019-11-28,2019112801003498,MEGA,11,53,16,181.00,"2,896.00"
2019-11-28,2019112801003497,MEGA,43,53,100,181.00,"18,100.00"
2019-11-28,2019112801003235,MEGA,28,57,10,182.00,"1,820.00"
2019-11-28,2019112801003425,MERO,52,39,151,408.00,"61,608.00"
2019-11-28,2019112801003301,MERO,38,55,500,409.00,"204,500.00"
2019-11-28,2019112801003159,MERO,52,50,30,410.00,"12,300.00"
2019-11-28,2019112801003527,MLBBL,43,50,400,443.00,"177,200.00"
2019-11-28,2019112801003526,MLBBL,52,50,100,443.00,"44,300.00"
2019-11-28,2019112801003525,MLBBL,52,50,29,451.00,"13,079.00"
2019-11-28,2019112801003094,MLBL,33,22,100,171.00,"17,100.00"
2019-11-28,2019112801003386,MNBBL,6,17,500,312.00,"156,000.00"
2019-11-28,2019112801003541,NABIL,35,58,50,725.00,"36,250.00"
2019-11-28,2019112801003480,NABIL,29,48,45,725.00,"32,625.00"
2019-11-28,2019112801003479,NABIL,25,48,200,725.00,"145,000.00"
2019-11-28,2019112801003478,NABIL,57,48,70,725.00,"50,750.00"
2019-11-28,2019112801003477,NABIL,34,48,50,725.00,"36,250.00"
2019-11-28,2019112801003476,NABIL,37,48,100,725.00,"72,500.00"
2019-11-28,2019112801003125,NABIL,26,58,300,728.00,"218,400.00"
2019-11-28,2019112801003124,NABIL,47,58,100,728.00,"72,800.00"
2019-11-28,2019112801003123,NABIL,53,58,100,728.00,"72,800.00"
2019-11-28,2019112801003131,NABIL,22,58,275,727.00,"199,925.00"
2019-11-28,2019112801003130,NABIL,19,58,15,728.00,"10,920.00"
2019-11-28,2019112801003129,NABIL,47,58,100,728.00,"72,800.00"
2019-11-28,2019112801003128,NABIL,52,58,150,728.00,"109,200.00"
2019-11-28,2019112801003127,NABIL,45,58,60,728.00,"43,680.00"
2019-11-28,2019112801003126,NABIL,41,58,10,728.00,"7,280.00"
2019-11-28,2019112801003165,NABIL,44,39,267,727.00,"194,109.00"
2019-11-28,2019112801003164,NABIL,55,39,86,727.00,"62,522.00"
2019-11-28,2019112801003163,NABIL,19,39,70,728.00,"50,960.00"
2019-11-28,2019112801003134,NABIL,55,58,214,727.00,"155,578.00"
2019-11-28,2019112801003133,NABIL,32,58,26,727.00,"18,902.00"
2019-11-28,2019112801003132,NABIL,48,58,250,727.00,"181,750.00"
2019-11-28,2019112801003202,NABIL,50,43,10,726.00,"7,260.00"
2019-11-28,2019112801003201,NABIL,42,43,30,726.00,"21,780.00"
2019-11-28,2019112801003200,NABIL,44,43,233,727.00,"169,391.00"
2019-11-28,2019112801003199,NABIL,14,43,30,728.00,"21,840.00"
2019-11-28,2019112801003196,NABIL,14,13,70,728.00,"50,960.00"
2019-11-28,2019112801003195,NABIL,35,13,20,728.00,"14,560.00"
2019-11-28,2019112801003453,NABIL,26,48,21,726.00,"15,246.00"
2019-11-28,2019112801003452,NABIL,35,48,25,726.00,"18,150.00"
2019-11-28,2019112801003451,NABIL,52,48,22,726.00,"15,972.00"
2019-11-28,2019112801003205,NABIL,6,43,200,726.00,"145,200.00"
2019-11-28,2019112801003204,NABIL,34,43,100,726.00,"72,600.00"
2019-11-28,2019112801003203,NABIL,42,43,50,726.00,"36,300.00"
2019-11-28,2019112801003475,NABIL,42,48,20,725.00,"14,500.00"
2019-11-28,2019112801003474,NABIL,57,48,390,725.00,"282,750.00"
2019-11-28,2019112801003473,NABIL,58,48,20,725.00,"14,500.00"
2019-11-28,2019112801003472,NABIL,44,48,300,725.00,"217,500.00"
2019-11-28,2019112801003455,NABIL,39,48,100,726.00,"72,600.00"
2019-11-28,2019112801003454,NABIL,25,48,200,726.00,"145,200.00"
2019-11-28,2019112801003101,NADEP,38,53,10,390.00,"3,900.00"
2019-11-28,2019112801003423,NBB,17,59,500,200.00,"100,000.00"
2019-11-28,2019112801003387,NBB,17,57,500,200.00,"100,000.00"
2019-11-28,2019112801003171,NBB,17,40,296,200.00,"59,200.00"
2019-11-28,2019112801003170,NBB,57,40,50,200.00,"10,000.00"
2019-11-28,2019112801003169,NBB,17,40,274,200.00,"54,800.00"
2019-11-28,2019112801003522,NBL,32,58,148,312.00,"46,176.00"
2019-11-28,2019112801003521,NBL,41,58,650,312.00,"202,800.00"
2019-11-28,2019112801003520,NBL,45,58,50,312.00,"15,600.00"
2019-11-28,2019112801003519,NBL,56,58,100,312.00,"31,200.00"
2019-11-28,2019112801003518,NBL,36,58,700,312.00,"218,400.00"
2019-11-28,2019112801003517,NBL,22,58,100,312.00,"31,200.00"
2019-11-28,2019112801003262,NBL,28,38,10,314.00,"3,140.00"
2019-11-28,2019112801003487,NBL,17,34,400,312.00,"124,800.00"
2019-11-28,2019112801003486,NBL,35,34,20,312.00,"6,240.00"
2019-11-28,2019112801003485,NBL,39,34,52,312.00,"16,224.00"
2019-11-28,2019112801003447,NBL,49,35,10,313.00,"3,130.00"
2019-11-28,2019112801003446,NBL,8,35,20,313.00,"6,260.00"
2019-11-28,2019112801003445,NBL,26,35,50,313.00,"15,650.00"
2019-11-28,2019112801003516,NBL,7,58,20,312.00,"6,240.00"
2019-11-28,2019112801003515,NBL,1,58,500,312.00,"156,000.00"
2019-11-28,2019112801003514,NBL,45,58,732,312.00,"228,384.00"
2019-11-28,2019112801003490,NBL,45,34,268,312.00,"83,616.00"
2019-11-28,2019112801003489,NBL,19,34,100,312.00,"31,200.00"
2019-11-28,2019112801003488,NBL,5,34,160,312.00,"49,920.00"
2019-11-28,2019112801003291,NCCB,50,48,198,198.00,"39,204.00"
2019-11-28,2019112801003290,NCCB,49,48,100,198.00,"19,800.00"
2019-11-28,2019112801003289,NCCB,39,48,100,198.00,"19,800.00"
2019-11-28,2019112801003288,NCCB,49,48,"1,752",198.00,"346,896.00"
2019-11-28,2019112801003315,NGPL,51,46,11,106.00,"1,166.00"
2019-11-28,2019112801003420,NIB,36,41,80,416.00,"33,280.00"
2019-11-28,2019112801003407,NIB,36,59,13,416.00,"5,408.00"
2019-11-28,2019112801003153,NIB,36,38,39,416.00,"16,224.00"
2019-11-28,2019112801003152,NIB,6,38,50,416.00,"20,800.00"
2019-11-28,2019112801003532,NIBPO,25,17,165,385.00,"63,525.00"
2019-11-28,2019112801003310,NIBPO,22,17,200,385.00,"77,000.00"
2019-11-28,2019112801003275,NIBPO,56,17,10,385.00,"3,850.00"
2019-11-28,2019112801003141,NIBPO,6,17,550,385.00,"211,750.00"
2019-11-28,2019112801003464,NICA,49,28,"1,000",408.00,"408,000.00"
2019-11-28,2019112801003402,NICA,49,45,150,408.00,"61,200.00"
2019-11-28,2019112801003401,NICA,45,45,100,408.00,"40,800.00"
2019-11-28,2019112801003400,NICA,4,45,50,408.00,"20,400.00"
2019-11-28,2019112801003377,NICA,55,11,120,409.00,"49,080.00"
2019-11-28,2019112801003148,NICA,25,11,121,409.00,"49,489.00"
2019-11-28,2019112801003147,NICA,25,11,200,409.00,"81,800.00"
2019-11-28,2019112801003146,NICA,25,49,100,409.00,"40,900.00"
2019-11-28,2019112801003145,NICA,25,13,179,409.00,"73,211.00"
2019-11-28,2019112801003241,NICGF,43,39,"1,000",8.45,"8,450.00"
2019-11-28,2019112801003096,NLBBL,49,59,30,497.00,"14,910.00"
2019-11-28,2019112801003095,NLBBL,48,59,20,498.00,"9,960.00"
2019-11-28,2019112801003055,NLG,19,25,240,504.00,"120,960.00"
2019-11-28,2019112801003054,NLG,19,25,100,504.00,"50,400.00"
2019-11-28,2019112801003380,NLIC,42,34,37,807.00,"29,859.00"
2019-11-28,2019112801003379,NLIC,42,25,22,807.00,"17,754.00"
2019-11-28,2019112801003378,NLIC,42,34,41,807.00,"33,087.00"
2019-11-28,2019112801003166,NLIC,38,19,20,807.00,"16,140.00"
2019-11-28,2019112801003144,NLIC,49,19,80,807.00,"64,560.00"
2019-11-28,2019112801003143,NLIC,49,19,20,807.00,"16,140.00"
2019-11-28,2019112801003071,NLIC,17,56,200,806.00,"161,200.00"
2019-11-28,2019112801003070,NLIC,17,33,70,806.00,"56,420.00"
2019-11-28,2019112801003539,NMB,49,32,222,384.00,"85,248.00"
2019-11-28,2019112801003538,NMB,49,53,38,384.00,"14,592.00"
2019-11-28,2019112801003353,NMB,57,56,48,383.00,"18,384.00"
2019-11-28,2019112801003303,NMB,56,53,17,384.00,"6,528.00"
2019-11-28,2019112801003149,NMB,43,53,30,384.00,"11,520.00"
2019-11-28,2019112801003090,NMB,42,53,50,384.00,"19,200.00"
2019-11-28,2019112801003085,NMB,13,53,297,384.00,"114,048.00"
2019-11-28,2019112801003084,NMB,13,11,53,384.00,"20,352.00"
2019-11-28,2019112801003064,NMB,13,11,14,384.00,"5,376.00"
2019-11-28,2019112801003063,NMB,13,33,86,384.00,"33,024.00"
2019-11-28,2019112801003364,NMBHF1,34,16,500,8.53,"4,265.00"
2019-11-28,2019112801003363,NMBHF1,19,16,"1,000",8.53,"8,530.00"
2019-11-28,2019112801003106,NMBHF1,43,16,"30,000",8.55,"256,500.00"
2019-11-28,2019112801003531,NMFBS,34,33,20,"1,768.00","35,360.00"
2019-11-28,2019112801003426,NMFBS,34,33,700,"1,790.00","1,253,000.00"
2019-11-28,2019112801003422,NMFBS,34,56,300,"1,790.00","537,000.00"
2019-11-28,2019112801003341,NMFBS,1,33,100,"1,796.00","179,600.00"
2019-11-28,2019112801003340,NMFBS,47,33,20,"1,797.00","35,940.00"
2019-11-28,2019112801003339,NMFBS,38,33,20,"1,797.00","35,940.00"
2019-11-28,2019112801003338,NMFBS,34,33,15,"1,798.00","26,970.00"
2019-11-28,2019112801003175,NMFBS,46,16,95,"1,799.00","170,905.00"
2019-11-28,2019112801003174,NMFBS,45,16,20,"1,799.00","35,980.00"
2019-11-28,2019112801003173,NMFBS,22,16,10,"1,800.00","18,000.00"
2019-11-28,2019112801003140,NMFBS,59,39,15,"1,801.00","27,015.00"
2019-11-28,2019112801003086,NMFBS,22,32,50,"1,800.00","90,000.00"
2019-11-28,2019112801003059,NNLB,43,29,230,462.00,"106,260.00"
2019-11-28,2019112801003058,NNLB,4,29,20,463.00,"9,260.00"
2019-11-28,2019112801003283,NUBL,56,26,50,894.00,"44,700.00"
2019-11-28,2019112801003308,PCBL,11,29,14,272.00,"3,808.00"
2019-11-28,2019112801003238,PCBL,29,26,32,273.00,"8,736.00"
2019-11-28,2019112801003102,PFL,38,43,40,137.00,"5,480.00"
2019-11-28,2019112801003271,PICL,6,14,295,364.00,"107,380.00"
2019-11-28,2019112801003270,PICL,6,42,70,364.00,"25,480.00"
2019-11-28,2019112801003082,PLIC,36,59,112,303.00,"33,936.00"
2019-11-28,2019112801003309,PMHPL,32,47,10,79.00,790.00
2019-11-28,2019112801003155,PMHPL,32,47,10,79.00,790.00
2019-11-28,2019112801003245,PROFL,8,19,500,96.00,"48,000.00"
2019-11-28,2019112801003437,PRVU,44,13,950,223.00,"211,850.00"
2019-11-28,2019112801003358,PRVU,44,44,300,223.00,"66,900.00"
2019-11-28,2019112801003279,PRVU,44,34,750,223.00,"167,250.00"
2019-11-28,2019112801003278,PRVU,44,34,250,223.00,"55,750.00"
2019-11-28,2019112801003157,PRVU,44,57,250,223.00,"55,750.00"
2019-11-28,2019112801003177,RHPC,39,28,50,78.00,"3,900.00"
2019-11-28,2019112801003536,RHPL,40,21,40,163.00,"6,520.00"
2019-11-28,2019112801003533,RHPL,40,38,40,163.00,"6,520.00"
2019-11-28,2019112801003456,RHPL,40,38,40,163.00,"6,520.00"
2019-11-28,2019112801003441,RHPL,40,21,30,163.00,"4,890.00"
2019-11-28,2019112801003440,RHPL,45,21,20,163.00,"3,260.00"
2019-11-28,2019112801003424,RHPL,45,38,40,163.00,"6,520.00"
2019-11-28,2019112801003083,RHPL,59,51,10,163.00,"1,630.00"
2019-11-28,2019112801003068,RHPL,59,21,40,163.00,"6,520.00"
2019-11-28,2019112801003060,RHPL,59,21,40,163.00,"6,520.00"
2019-11-28,2019112801003051,RHPL,59,53,40,163.00,"6,520.00"
2019-11-28,2019112801003043,RHPL,59,21,40,163.00,"6,520.00"
2019-11-28,2019112801003185,RHPL,45,21,40,163.00,"6,520.00"
2019-11-28,2019112801003118,RHPL,45,21,40,163.00,"6,520.00"
2019-11-28,2019112801003099,RHPL,45,21,40,163.00,"6,520.00"
2019-11-28,2019112801003098,RHPL,45,51,10,163.00,"1,630.00"
2019-11-28,2019112801003092,RHPL,45,21,30,163.00,"4,890.00"
2019-11-28,2019112801003091,RHPL,59,21,10,163.00,"1,630.00"
2019-11-28,2019112801003244,RHPL,45,21,40,163.00,"6,520.00"
2019-11-28,2019112801003233,RHPL,45,21,40,163.00,"6,520.00"
2019-11-28,2019112801003231,RHPL,45,51,10,163.00,"1,630.00"
2019-11-28,2019112801003230,RHPL,52,44,30,164.00,"4,920.00"
2019-11-28,2019112801003229,RHPL,52,3,20,164.00,"3,280.00"
2019-11-28,2019112801003197,RHPL,45,51,10,163.00,"1,630.00"
2019-11-28,2019112801003314,RHPL,45,47,50,163.00,"8,150.00"
2019-11-28,2019112801003302,RHPL,45,21,40,163.00,"6,520.00"
2019-11-28,2019112801003300,RHPL,45,21,40,163.00,"6,520.00"
2019-11-28,2019112801003273,RHPL,45,21,40,163.00,"6,520.00"
2019-11-28,2019112801003265,RHPL,45,21,40,163.00,"6,520.00"
2019-11-28,2019112801003249,RHPL,45,21,40,163.00,"6,520.00"
2019-11-28,2019112801003368,RHPL,45,51,10,163.00,"1,630.00"
2019-11-28,2019112801003367,RHPL,45,21,40,163.00,"6,520.00"
2019-11-28,2019112801003360,RHPL,45,57,40,163.00,"6,520.00"
2019-11-28,2019112801003352,RHPL,45,51,10,163.00,"1,630.00"
2019-11-28,2019112801003351,RHPL,45,21,40,163.00,"6,520.00"
2019-11-28,2019112801003324,RHPL,45,21,40,163.00,"6,520.00"
2019-11-28,2019112801003421,RHPL,45,38,40,163.00,"6,520.00"
2019-11-28,2019112801003418,RHPL,45,21,50,163.00,"8,150.00"
2019-11-28,2019112801003410,RHPL,45,38,40,163.00,"6,520.00"
2019-11-28,2019112801003396,RHPL,45,57,40,163.00,"6,520.00"
2019-11-28,2019112801003392,RHPL,45,21,40,163.00,"6,520.00"
2019-11-28,2019112801003385,RHPL,45,21,40,163.00,"6,520.00"
2019-11-28,2019112801003287,RLFL,44,46,368,110.00,"40,480.00"
2019-11-28,2019112801003246,RLFL,45,46,10,110.00,"1,100.00"
2019-11-28,2019112801003236,RLFL,45,45,1,107.00,107.00
2019-11-28,2019112801003383,RRHP,47,47,10,97.00,970.00
2019-11-28,2019112801003161,RSDC,16,33,300,285.00,"85,500.00"
2019-11-28,2019112801003465,SABSL,36,21,10,475.00,"4,750.00"
2019-11-28,2019112801003439,SABSL,36,51,10,475.00,"4,750.00"
2019-11-28,2019112801003403,SABSL,45,17,50,476.00,"23,800.00"
2019-11-28,2019112801003105,SABSL,43,17,20,476.00,"9,520.00"
2019-11-28,2019112801003239,SAEF,43,39,500,8.35,"4,175.00"
2019-11-28,2019112801003459,SANIMA,19,25,900,306.00,"275,400.00"
2019-11-28,2019112801003458,SANIMA,19,25,100,306.00,"30,600.00"
2019-11-28,2019112801003411,SANIMA,6,25,100,306.00,"30,600.00"
2019-11-28,2019112801003212,SANIMA,49,35,402,305.00,"122,610.00"
2019-11-28,2019112801003211,SANIMA,58,35,518,305.00,"157,990.00"
2019-11-28,2019112801003210,SANIMA,44,35,30,306.00,"9,180.00"
2019-11-28,2019112801003274,SAPDBL,1,51,114,117.00,"13,338.00"
2019-11-28,2019112801003395,SBI,29,59,11,382.00,"4,202.00"
2019-11-28,2019112801003350,SBI,29,43,397,382.00,"151,654.00"
2019-11-28,2019112801003349,SBI,22,43,20,382.00,"7,640.00"
2019-11-28,2019112801003348,SBI,25,43,50,383.00,"19,150.00"
2019-11-28,2019112801003347,SBI,32,43,133,383.00,"50,939.00"
2019-11-28,2019112801003243,SBI,32,51,367,383.00,"140,561.00"
2019-11-28,2019112801003242,SBI,43,51,133,383.00,"50,939.00"
2019-11-28,2019112801003139,SBI,43,45,197,383.00,"75,451.00"
2019-11-28,2019112801003042,SBI,11,11,20,384.00,"7,680.00"
2019-11-28,2019112801003495,SBL,8,48,30,280.00,"8,400.00"
2019-11-28,2019112801003255,SBL,28,48,10,280.00,"2,800.00"
2019-11-28,2019112801003228,SBL,6,48,100,280.00,"28,000.00"
2019-11-28,2019112801003432,SCB,29,43,60,529.00,"31,740.00"
2019-11-28,2019112801003277,SHINE,29,16,339,246.00,"83,394.00"
2019-11-28,2019112801003207,SHINE,29,39,66,246.00,"16,236.00"
2019-11-28,2019112801003494,SHIVM,10,39,100,394.00,"39,400.00"
2019-11-28,2019112801003463,SHL,39,36,100,209.00,"20,900.00"
2019-11-28,2019112801003462,SHL,43,36,500,209.00,"104,500.00"
2019-11-28,2019112801003461,SHL,26,36,100,209.00,"20,900.00"
2019-11-28,2019112801003460,SHL,26,36,100,209.00,"20,900.00"
2019-11-28,2019112801003471,SHPC,47,6,152,182.00,"27,664.00"
2019-11-28,2019112801003311,SHPC,48,6,30,182.00,"5,460.00"
2019-11-28,2019112801003266,SHPC,21,4,100,183.00,"18,300.00"
2019-11-28,2019112801003100,SHPC,48,4,50,183.00,"9,150.00"
2019-11-28,2019112801003361,SIC,47,1,193,418.00,"80,674.00"
2019-11-28,2019112801003524,SIL,35,21,10,368.00,"3,680.00"
2019-11-28,2019112801003482,SIL,35,19,31,368.00,"11,408.00"
2019-11-28,2019112801003481,SIL,34,19,40,368.00,"14,720.00"
2019-11-28,2019112801003537,SJCL,45,38,10,154.00,"1,540.00"
2019-11-28,2019112801003444,SJCL,45,21,20,154.00,"3,080.00"
2019-11-28,2019112801003442,SJCL,45,49,30,154.00,"4,620.00"
2019-11-28,2019112801003061,SJCL,58,53,20,154.00,"3,080.00"
2019-11-28,2019112801003056,SJCL,58,21,20,154.00,"3,080.00"
2019-11-28,2019112801003048,SJCL,58,21,20,154.00,"3,080.00"
2019-11-28,2019112801003120,SJCL,5,34,10,155.00,"1,550.00"
2019-11-28,2019112801003108,SJCL,58,21,10,154.00,"1,540.00"
2019-11-28,2019112801003103,SJCL,58,21,20,154.00,"3,080.00"
2019-11-28,2019112801003089,SJCL,58,21,20,154.00,"3,080.00"
2019-11-28,2019112801003074,SJCL,58,21,20,154.00,"3,080.00"
2019-11-28,2019112801003069,SJCL,58,51,20,154.00,"3,080.00"
2019-11-28,2019112801003234,SJCL,58,21,20,154.00,"3,080.00"
2019-11-28,2019112801003223,SJCL,58,21,20,154.00,"3,080.00"
2019-11-28,2019112801003214,SJCL,52,34,50,155.00,"7,750.00"
2019-11-28,2019112801003198,SJCL,58,21,20,154.00,"3,080.00"
2019-11-28,2019112801003184,SJCL,58,51,20,154.00,"3,080.00"
2019-11-28,2019112801003304,SJCL,26,51,20,154.00,"3,080.00"
2019-11-28,2019112801003286,SJCL,26,21,20,154.00,"3,080.00"
2019-11-28,2019112801003276,SJCL,26,21,20,154.00,"3,080.00"
2019-11-28,2019112801003260,SJCL,26,21,20,154.00,"3,080.00"
2019-11-28,2019112801003256,SJCL,58,21,20,154.00,"3,080.00"
2019-11-28,2019112801003240,SJCL,58,21,20,154.00,"3,080.00"
2019-11-28,2019112801003356,SJCL,26,21,10,154.00,"1,540.00"
2019-11-28,2019112801003343,SJCL,26,51,20,154.00,"3,080.00"
2019-11-28,2019112801003328,SJCL,26,47,20,154.00,"3,080.00"
2019-11-28,2019112801003323,SJCL,26,51,30,154.00,"4,620.00"
2019-11-28,2019112801003313,SJCL,26,21,20,154.00,"3,080.00"
2019-11-28,2019112801003306,SJCL,26,21,20,154.00,"3,080.00"
2019-11-28,2019112801003393,SJCL,45,21,20,154.00,"3,080.00"
2019-11-28,2019112801003382,SJCL,45,51,20,154.00,"3,080.00"
2019-11-28,2019112801003381,SJCL,45,21,20,154.00,"3,080.00"
2019-11-28,2019112801003372,SJCL,45,21,20,154.00,"3,080.00"
2019-11-28,2019112801003365,SJCL,45,57,20,154.00,"3,080.00"
2019-11-28,2019112801003357,SJCL,45,21,10,154.00,"1,540.00"
2019-11-28,2019112801003438,SJCL,45,38,20,154.00,"3,080.00"
2019-11-28,2019112801003431,SJCL,45,38,20,154.00,"3,080.00"
2019-11-28,2019112801003419,SJCL,45,38,20,154.00,"3,080.00"
2019-11-28,2019112801003413,SJCL,45,38,20,154.00,"3,080.00"
2019-11-28,2019112801003412,SJCL,45,21,20,154.00,"3,080.00"
2019-11-28,2019112801003394,SJCL,45,57,20,154.00,"3,080.00"
2019-11-28,2019112801003417,SKBBL,49,44,25,913.00,"22,825.00"
2019-11-28,2019112801003160,SKBBL,55,44,120,913.00,"109,560.00"
2019-11-28,2019112801003112,SKBBL,10,44,80,913.00,"73,040.00"
2019-11-28,2019112801003450,SLBBL,37,7,145,606.00,"87,870.00"
2019-11-28,2019112801003449,SLBBL,14,7,25,606.00,"15,150.00"
2019-11-28,2019112801003322,SLBBL,56,57,30,607.00,"18,210.00"
2019-11-28,2019112801003321,SLBBL,58,57,165,607.00,"100,155.00"
2019-11-28,2019112801003320,SLBBL,17,57,20,607.00,"12,140.00"
2019-11-28,2019112801003062,SLBBL,57,56,500,611.00,"305,500.00"
2019-11-28,2019112801003047,SLBBL,36,33,200,613.00,"122,600.00"
2019-11-28,2019112801003115,SLBBL,22,51,50,614.00,"30,700.00"
2019-11-28,2019112801003114,SLBBL,22,33,150,613.00,"91,950.00"
2019-11-28,2019112801003117,SLBBL,22,7,159,614.00,"97,626.00"
2019-11-28,2019112801003116,SLBBL,22,22,30,614.00,"18,420.00"
2019-11-28,2019112801003250,SLBBL,21,57,300,610.00,"183,000.00"
2019-11-28,2019112801003222,SLBBL,22,32,111,611.00,"67,821.00"
2019-11-28,2019112801003221,SLBBL,7,32,50,612.00,"30,600.00"
2019-11-28,2019112801003319,SLBBL,45,57,50,608.00,"30,400.00"
2019-11-28,2019112801003318,SLBBL,6,57,65,608.00,"39,520.00"
2019-11-28,2019112801003317,SLBBL,20,57,100,608.00,"60,800.00"
2019-11-28,2019112801003316,SLBBL,34,57,50,608.00,"30,400.00"
2019-11-28,2019112801003252,SLBBL,37,57,493,609.00,"300,237.00"
2019-11-28,2019112801003251,SLBBL,22,57,10,610.00,"6,100.00"
2019-11-28,2019112801003470,SLBSL,38,34,100,729.00,"72,900.00"
2019-11-28,2019112801003469,SLBSL,38,45,100,728.00,"72,800.00"
2019-11-28,2019112801003468,SLBSL,38,34,50,728.00,"36,400.00"
2019-11-28,2019112801003467,SLBSL,38,22,80,728.00,"58,240.00"
2019-11-28,2019112801003261,SLBSL,45,39,50,716.00,"35,800.00"
2019-11-28,2019112801003466,SLBSL,38,57,10,727.00,"7,270.00"
2019-11-28,2019112801003416,SLBSL,49,22,20,720.00,"14,400.00"
2019-11-28,2019112801003389,SLBSL,22,34,10,717.00,"7,170.00"
2019-11-28,2019112801003227,SLICL,55,5,170,245.00,"41,650.00"
2019-11-28,2019112801003119,SMB,20,6,10,430.00,"4,300.00"
2019-11-28,2019112801003269,SMFBS,34,50,30,807.00,"24,210.00"
2019-11-28,2019112801003135,SPDL,22,56,50,82.00,"4,100.00"
2019-11-28,2019112801003408,SRBL,17,1,30,211.00,"6,330.00"
2019-11-28,2019112801003529,STC,34,25,10,"1,253.00","12,530.00"
2019-11-28,2019112801003528,STC,6,25,10,"1,255.00","12,550.00"
2019-11-28,2019112801003493,STC,16,22,100,"1,257.00","125,700.00"
2019-11-28,2019112801003492,STC,5,22,10,"1,258.00","12,580.00"
2019-11-28,2019112801003491,STC,57,22,10,"1,258.00","12,580.00"
2019-11-28,2019112801003371,SWBBL,43,26,303,929.00,"281,487.00"
2019-11-28,2019112801003208,SWBBL,38,26,300,929.00,"278,700.00"
2019-11-28,2019112801003052,TMDBL,14,53,24,141.00,"3,384.00"
2019-11-28,2019112801003354,UPPER,6,42,200,224.00,"44,800.00"
2019-11-28,2019112801003088,UPPER,6,48,300,224.00,"67,200.00"
2019-11-28,2019112801003087,UPPER,41,48,500,224.00,"112,000.00"
2019-11-28,2019112801003232,UPPER,11,22,22,225.00,"4,950.00"
2019-11-28,2019112801003209,UPPER,6,49,293,224.00,"65,632.00"
2019-11-28,2019112801003049,VLBS,32,42,10,590.00,"5,900.00"
2019-11-28,2019112801003036,ADBL,29,40,"1,000",405.00,"405,000.00"
2019-11-28,2019112801002987,ADBL,52,40,70,406.00,"28,420.00"
2019-11-28,2019112801002853,ADBL,38,58,111,405.00,"44,955.00"
2019-11-28,2019112801002763,ADBL,38,42,500,405.00,"202,500.00"
2019-11-28,2019112801002762,ADBL,45,42,50,405.00,"20,250.00"
2019-11-28,2019112801002761,ADBL,55,42,200,405.00,"81,000.00"
2019-11-28,2019112801002760,ADBL,16,42,100,405.00,"40,500.00"
2019-11-28,2019112801002725,ADBL,16,51,900,405.00,"364,500.00"
2019-11-28,2019112801002724,ADBL,57,51,100,405.00,"40,500.00"
2019-11-28,2019112801002715,ADBL,22,40,200,406.00,"81,200.00"
2019-11-28,2019112801002580,AHPC,55,48,"1,000",94.00,"94,000.00"
2019-11-28,2019112801002544,AHPC,56,48,100,93.00,"9,300.00"
2019-11-28,2019112801002543,AHPC,45,48,500,93.00,"46,500.00"
2019-11-28,2019112801002542,AHPC,43,48,"10,000",93.00,"930,000.00"
2019-11-28,2019112801002726,AKBSL,48,38,10,425.00,"4,250.00"
2019-11-28,2019112801002633,AKBSL,48,46,10,425.00,"4,250.00"
2019-11-28,2019112801002891,AKJCL,57,56,70,58.00,"4,060.00"
2019-11-28,2019112801002802,AKJCL,57,33,10,58.00,580.00
2019-11-28,2019112801002774,AKJCL,57,33,20,58.00,"1,160.00"
2019-11-28,2019112801002911,ALBSL,48,38,10,392.00,"3,920.00"
2019-11-28,2019112801002714,ALBSL,48,38,10,392.00,"3,920.00"
2019-11-28,2019112801002815,API,28,38,405,101.00,"40,905.00"
2019-11-28,2019112801002711,API,58,38,"1,000",101.00,"101,000.00"
2019-11-28,2019112801002870,BOKL,38,35,70,214.00,"14,980.00"
2019-11-28,2019112801002863,BOKL,38,35,105,214.00,"22,470.00"
2019-11-28,2019112801002862,BOKL,17,35,500,214.00,"107,000.00"
2019-11-28,2019112801002861,BOKL,32,35,500,214.00,"107,000.00"
2019-11-28,2019112801002860,BOKL,38,35,45,214.00,"9,630.00"
2019-11-28,2019112801002712,BOKL,29,50,44,215.00,"9,460.00"
2019-11-28,2019112801002681,BOKL,29,11,100,215.00,"21,500.00"
2019-11-28,2019112801002680,BOKL,29,52,52,215.00,"11,180.00"
2019-11-28,2019112801002646,BOKL,40,52,20,215.00,"4,300.00"
2019-11-28,2019112801002859,BOKL,38,35,50,214.00,"10,700.00"
2019-11-28,2019112801002792,BOKL,29,39,235,216.00,"50,760.00"
2019-11-28,2019112801002791,BOKL,29,39,509,216.00,"109,944.00"
2019-11-28,2019112801002790,BOKL,29,39,60,216.00,"12,960.00"
2019-11-28,2019112801002928,BPCL,13,29,35,344.00,"12,040.00"
2019-11-28,2019112801002779,BPCL,28,51,831,345.00,"286,695.00"
2019-11-28,2019112801002769,BPCL,28,38,150,345.00,"51,750.00"
2019-11-28,2019112801002972,CBBL,35,11,100,982.00,"98,200.00"
2019-11-28,2019112801002700,CBL,33,16,200,136.00,"27,200.00"
2019-11-28,2019112801003018,CCBL,48,48,994,160.00,"159,040.00"
2019-11-28,2019112801003017,CCBL,17,48,50,160.00,"8,000.00"
2019-11-28,2019112801003016,CCBL,1,48,256,160.00,"40,960.00"
2019-11-28,2019112801002723,CCBL,1,28,200,160.00,"32,000.00"
2019-11-28,2019112801002613,CCBL,1,17,144,160.00,"23,040.00"
2019-11-28,2019112801002612,CCBL,38,17,206,160.00,"32,960.00"
2019-11-28,2019112801002564,CCBL,38,29,84,160.00,"13,440.00"
2019-11-28,2019112801002546,CCBL,38,25,10,160.00,"1,600.00"
2019-11-28,2019112801002785,CHCL,6,45,200,355.00,"71,000.00"
2019-11-28,2019112801002906,CIT,34,26,29,"1,686.00","48,894.00"
2019-11-28,2019112801002905,CIT,25,26,21,"1,691.00","35,511.00"
2019-11-28,2019112801002904,CIT,19,26,10,"1,691.00","16,910.00"
2019-11-28,2019112801002659,CIT,35,35,17,"1,692.00","28,764.00"
2019-11-28,2019112801002599,CIT,35,25,20,"1,690.00","33,800.00"
2019-11-28,2019112801002598,CIT,42,25,30,"1,690.00","50,700.00"
2019-11-28,2019112801002597,CIT,11,25,25,"1,691.00","42,275.00"
2019-11-28,2019112801002596,CIT,32,25,25,"1,692.00","42,300.00"
2019-11-28,2019112801002556,CIT,37,44,200,"1,692.00","338,400.00"
2019-11-28,2019112801002555,CIT,45,44,15,"1,693.00","25,395.00"
2019-11-28,2019112801002554,CIT,14,44,20,"1,695.00","33,900.00"
2019-11-28,2019112801002553,CIT,14,44,20,"1,697.00","33,940.00"
2019-11-28,2019112801002961,CLBSL,17,58,11,455.00,"5,005.00"
2019-11-28,2019112801003004,CZBIL,13,45,150,180.00,"27,000.00"
2019-11-28,2019112801003003,CZBIL,53,45,50,180.00,"9,000.00"
2019-11-28,2019112801002954,CZBIL,36,56,10,180.00,"1,800.00"
2019-11-28,2019112801002782,CZBIL,36,57,34,180.00,"6,120.00"
2019-11-28,2019112801002735,CZBIL,34,57,235,180.00,"42,300.00"
2019-11-28,2019112801002734,CZBIL,34,55,165,180.00,"29,700.00"
2019-11-28,2019112801002771,DDBL,6,58,27,730.00,"19,710.00"
2019-11-28,2019112801002806,EBL,34,41,50,553.00,"27,650.00"
2019-11-28,2019112801002805,EBL,34,41,20,552.00,"11,040.00"
2019-11-28,2019112801002804,EBL,34,25,50,550.00,"27,500.00"
2019-11-28,2019112801002803,EBL,34,11,30,546.00,"16,380.00"
2019-11-28,2019112801002813,EIC,45,40,50,212.00,"10,600.00"
2019-11-28,2019112801002603,FMDBL,36,11,100,301.00,"30,100.00"
2019-11-28,2019112801002767,FOWAD,19,17,80,"1,330.00","106,400.00"
2019-11-28,2019112801002670,FOWAD,48,35,50,"1,328.00","66,400.00"
2019-11-28,2019112801002587,FOWAD,59,51,19,"1,330.00","25,270.00"
2019-11-28,2019112801003041,GBBL,36,43,326,225.00,"73,350.00"
2019-11-28,2019112801003040,GBBL,36,52,282,225.00,"63,450.00"
2019-11-28,2019112801003039,GBBL,36,32,92,225.00,"20,700.00"
2019-11-28,2019112801002878,GBBL,49,40,112,224.00,"25,088.00"
2019-11-28,2019112801002877,GBBL,34,40,55,224.00,"12,320.00"
2019-11-28,2019112801002876,GBBL,1,40,26,224.00,"5,824.00"
2019-11-28,2019112801002875,GBBL,29,40,23,224.00,"5,152.00"
2019-11-28,2019112801002874,GBBL,32,40,34,224.00,"7,616.00"
2019-11-28,2019112801002847,GBBL,28,32,100,225.00,"22,500.00"
2019-11-28,2019112801002789,GBBL,39,39,400,224.00,"89,600.00"
2019-11-28,2019112801002773,GBBL,39,32,100,225.00,"22,500.00"
2019-11-28,2019112801002720,GBBL,32,20,66,224.00,"14,784.00"
2019-11-28,2019112801003013,GGBSL,57,38,10,650.00,"6,500.00"
2019-11-28,2019112801003001,GGBSL,57,38,10,650.00,"6,500.00"
2019-11-28,2019112801002977,GGBSL,57,38,10,650.00,"6,500.00"
2019-11-28,2019112801002970,GGBSL,57,22,10,650.00,"6,500.00"
2019-11-28,2019112801002902,GGBSL,57,22,10,648.00,"6,480.00"
2019-11-28,2019112801002653,GGBSL,10,58,10,665.00,"6,650.00"
2019-11-28,2019112801002846,GGBSL,57,58,10,650.00,"6,500.00"
2019-11-28,2019112801002837,GGBSL,57,58,10,650.00,"6,500.00"
2019-11-28,2019112801002766,GGBSL,36,29,10,652.00,"6,520.00"
2019-11-28,2019112801002713,GGBSL,7,48,40,653.00,"26,120.00"
2019-11-28,2019112801002698,GGBSL,7,35,10,653.00,"6,530.00"
2019-11-28,2019112801002624,GIMES1,34,19,"1,000",7.45,"7,450.00"
2019-11-28,2019112801002623,GIMES1,14,19,"1,000",7.50,"7,500.00"
2019-11-28,2019112801002718,GLICL,1,35,200,351.00,"70,200.00"
2019-11-28,2019112801002989,GMFBS,22,38,10,491.00,"4,910.00"
2019-11-28,2019112801002811,GMFBS,22,58,10,491.00,"4,910.00"
2019-11-28,2019112801002881,HBL,29,5,366,480.00,"175,680.00"
2019-11-28,2019112801002871,HBL,29,5,500,480.00,"240,000.00"
2019-11-28,2019112801002741,HBL,4,5,500,480.00,"240,000.00"
2019-11-28,2019112801002943,HDL,40,32,70,"1,761.00","123,270.00"
2019-11-28,2019112801002942,HDL,38,32,70,"1,761.00","123,270.00"
2019-11-28,2019112801002937,HDL,35,32,10,"1,761.00","17,610.00"
2019-11-28,2019112801002935,HDL,35,32,50,"1,761.00","88,050.00"
2019-11-28,2019112801002934,HDL,40,32,100,"1,761.00","176,100.00"
2019-11-28,2019112801002926,HDL,58,32,"1,000","1,761.00","1,761,000.00"
2019-11-28,2019112801002595,HDL,49,4,20,"1,776.00","35,520.00"
2019-11-28,2019112801002689,HDL,45,7,100,"1,775.00","177,500.00"
2019-11-28,2019112801002688,HDL,21,7,30,"1,775.00","53,250.00"
2019-11-28,2019112801002687,HDL,16,7,40,"1,775.00","71,000.00"
2019-11-28,2019112801002685,HDL,16,25,10,"1,775.00","17,750.00"
