Date,Transact. No.,Symbol,Buyer,Seller,Quantity,Rate,Amount
2021-01-04,2021010403016315,ALICL,14,37,20,948.00,"18,960.00"
2021-01-04,2021010404000316,BBC,38,20,16,"2,850.00","45,600.00"
2021-01-04,2021010404000300,BBC,42,20,16,"2,850.00","45,600.00"
2021-01-04,2021010404000290,BBC,58,20,18,"2,850.00","51,300.00"
2021-01-04,2021010404000281,BBC,20,20,50,"2,850.00","142,500.00"
2021-01-04,2021010404000276,BBC,11,20,100,"2,850.00","285,000.00"
2021-01-04,2021010404000264,BBC,38,20,70,"2,850.00","199,500.00"
2021-01-04,2021010404000014,BBC,20,43,10,"2,896.00","28,960.00"
2021-01-04,2021010404000013,BBC,26,43,20,"2,896.00","57,920.00"
2021-01-04,2021010404000011,BBC,56,47,10,"2,895.00","28,950.00"
2021-01-04,2021010404000045,BBC,38,58,40,"2,900.00","116,000.00"
2021-01-04,2021010404000044,BBC,11,58,10,"2,900.00","29,000.00"
2021-01-04,2021010404000027,BBC,11,19,10,"2,925.00","29,250.00"
2021-01-04,2021010404000023,BBC,6,49,10,"2,952.00","29,520.00"
2021-01-04,2021010404000020,BBC,11,33,10,"2,953.00","29,530.00"
2021-01-04,2021010404000019,BBC,58,3,10,"2,952.00","29,520.00"
2021-01-04,2021010404000182,BBC,42,37,38,"2,890.00","109,820.00"
2021-01-04,2021010404000093,BBC,45,58,60,"2,900.00","174,000.00"
2021-01-04,2021010404000077,BBC,45,56,20,"2,900.00","58,000.00"
2021-01-04,2021010404000076,BBC,45,51,20,"2,900.00","58,000.00"
2021-01-04,2021010404000062,BBC,38,53,10,"2,900.00","29,000.00"
2021-01-04,2021010404000059,BBC,38,38,50,"2,900.00","145,000.00"
2021-01-04,2021010404000245,BBC,58,20,35,"2,850.00","99,750.00"
2021-01-04,2021010404000244,BBC,34,20,20,"2,850.00","57,000.00"
2021-01-04,2021010404000243,BBC,38,20,70,"2,860.00","200,200.00"
2021-01-04,2021010404000185,BBC,42,25,42,"2,900.00","121,800.00"
2021-01-04,2021010404000184,BBC,42,51,10,"2,900.00","29,000.00"
2021-01-04,2021010404000183,BBC,42,58,10,"2,900.00","29,000.00"
2021-01-04,2021010403016357,CBBL,44,25,100,"1,197.00","119,700.00"
2021-01-04,2021010403016302,CIT,33,21,20,"3,415.00","68,300.00"
2021-01-04,2021010404000334,CMF1,14,59,100,10.06,"1,006.00"
2021-01-04,2021010404000332,CMF1,14,11,200,10.06,"2,012.00"
2021-01-04,2021010404000310,CMF1,14,3,500,10.06,"5,030.00"
2021-01-04,2021010404000254,CMF1,14,11,200,10.05,"2,010.00"
2021-01-04,2021010404000253,CMF1,14,50,100,10.00,"1,000.00"
2021-01-04,2021010404000237,CMF1,56,50,"3,300",10.00,"33,000.00"
2021-01-04,2021010404000204,CMF1,56,39,100,10.00,"1,000.00"
2021-01-04,2021010404000082,CMF1,56,22,100,10.00,"1,000.00"
2021-01-04,2021010404000039,CMF1,56,43,"1,400",10.00,"14,000.00"
2021-01-04,2021010404000038,CMF1,56,29,100,9.80,980.00
2021-01-04,2021010404000320,CMF2,28,45,"1,000",9.90,"9,900.00"
2021-01-04,2021010404000317,CMF2,13,17,200,9.86,"1,972.00"
2021-01-04,2021010404000277,CMF2,13,13,500,9.86,"4,930.00"
2021-01-04,2021010404000210,CMF2,17,6,200,9.85,"1,970.00"
2021-01-04,2021010404000209,CMF2,42,6,300,9.87,"2,961.00"
2021-01-04,2021010404000089,CMF2,17,8,100,9.85,985.00
2021-01-04,2021010404000079,CMF2,17,46,"2,000",9.85,"19,700.00"
2021-01-04,2021010404000046,CMF2,17,46,500,9.85,"4,925.00"
2021-01-04,2021010404000028,CMF2,13,36,200,9.80,"1,960.00"
2021-01-04,2021010404000022,CMF2,13,58,"1,000",9.80,"9,800.00"
2021-01-04,2021010403016384,DDBL,55,49,30,"1,410.00","42,300.00"
2021-01-04,2021010404000372,EICPO,3,13,76,276.00,"20,976.00"
2021-01-04,2021010404000354,EICPO,3,41,48,276.00,"13,248.00"
2021-01-04,2021010404000321,EICPO,3,41,64,275.00,"17,600.00"
2021-01-04,2021010404000170,EICPO,43,58,139,275.00,"38,225.00"
2021-01-04,2021010404000116,EICPO,3,47,"2,500",275.00,"687,500.00"
2021-01-04,2021010404000051,EICPO,43,19,56,272.00,"15,232.00"
2021-01-04,2021010404000050,EICPO,43,8,500,271.00,"135,500.00"
2021-01-04,2021010403016394,GBBL,4,58,100,312.00,"31,200.00"
2021-01-04,2021010403016304,GBBL,13,39,100,309.00,"30,900.00"
2021-01-04,2021010403016303,GBBL,13,42,905,309.00,"279,645.00"
2021-01-04,2021010404000036,GBD80/81,17,57,50,"1,065.00","53,250.00"
2021-01-04,2021010403016354,GILB,1,55,160,"1,375.00","220,000.00"
2021-01-04,2021010404000288,GIMES1,20,13,"7,900",11.60,"91,640.00"
2021-01-04,2021010404000287,GIMES1,20,33,"2,100",11.55,"24,255.00"
2021-01-04,2021010404000284,GIMES1,49,28,100,11.53,"1,153.00"
2021-01-04,2021010404000256,GIMES1,21,33,500,11.55,"5,775.00"
2021-01-04,2021010404000232,GIMES1,21,42,"1,000",11.55,"11,550.00"
2021-01-04,2021010404000227,GIMES1,21,42,"1,000",11.55,"11,550.00"
2021-01-04,2021010404000206,GIMES1,21,42,"1,000",11.55,"11,550.00"
2021-01-04,2021010404000200,GIMES1,21,42,"1,500",11.55,"17,325.00"
2021-01-04,2021010404000070,GIMES1,6,55,400,11.52,"4,608.00"
2021-01-04,2021010404000064,GIMES1,49,35,"5,000",11.51,"57,550.00"
2021-01-04,2021010403016370,GMFBS,36,58,10,"1,024.00","10,240.00"
2021-01-04,2021010403016395,GMFIL,34,3,10,208.00,"2,080.00"
2021-01-04,2021010403016391,GMFIL,14,3,10,208.00,"2,080.00"
2021-01-04,2021010403016352,GMFIL,18,26,250,206.00,"51,500.00"
2021-01-04,2021010403016307,GMFIL,18,3,18,206.00,"3,708.00"
2021-01-04,2021010403016364,GRDBL,57,41,10,148.00,"1,480.00"
2021-01-04,2021010403016383,HIDCL,11,47,30,264.00,"7,920.00"
2021-01-04,2021010403016336,JBBL,38,34,77,229.00,"17,633.00"
2021-01-04,2021010403016335,JBBL,57,34,23,229.00,"5,267.00"
2021-01-04,2021010403016379,KLBSL,55,35,10,"1,199.00","11,990.00"
2021-01-04,2021010403016321,KMCDB,25,53,10,883.00,"8,830.00"
2021-01-04,2021010403016319,KMCDB,58,7,140,872.00,"122,080.00"
2021-01-04,2021010403016318,KMCDB,25,7,10,881.00,"8,810.00"
2021-01-04,2021010403016317,KMCDB,25,7,20,882.00,"17,640.00"
2021-01-04,2021010403016393,KSBBL,49,42,10,220.00,"2,200.00"
2021-01-04,2021010403016334,KSBBL,42,50,"2,824",218.00,"615,632.00"
2021-01-04,2021010403016333,KSBBL,50,50,39,219.00,"8,541.00"
2021-01-04,2021010403016332,KSBBL,57,50,497,219.00,"108,843.00"
2021-01-04,2021010403016324,LBBL,58,47,22,207.00,"4,554.00"
2021-01-04,2021010404000294,LEMF,49,28,"2,400",10.00,"24,000.00"
2021-01-04,2021010404000333,LUK,38,41,500,9.30,"4,650.00"
2021-01-04,2021010404000078,LUK,28,8,500,9.28,"4,640.00"
2021-01-04,2021010404000074,LUK,34,36,300,9.30,"2,790.00"
2021-01-04,2021010403016358,MERO,32,59,50,906.00,"45,300.00"
2021-01-04,2021010403016309,MLBBL,22,42,20,"1,226.00","24,520.00"
2021-01-04,2021010403016308,MLBBL,59,42,40,"1,227.00","49,080.00"
2021-01-04,2021010403016369,MLBL,1,38,34,241.00,"8,194.00"
2021-01-04,2021010403016390,MSMBS,50,58,11,879.00,"9,669.00"
2021-01-04,2021010404000353,NBF2,1,42,"1,000",9.82,"9,820.00"
2021-01-04,2021010404000345,NBF2,1,56,100,9.82,982.00
2021-01-04,2021010404000339,NBF2,1,17,100,9.81,981.00
2021-01-04,2021010404000330,NBF2,19,28,"1,900",9.76,"18,544.00"
2021-01-04,2021010404000329,NBF2,28,28,100,9.80,980.00
2021-01-04,2021010404000318,NBF2,28,39,200,9.80,"1,960.00"
2021-01-04,2021010404000037,NBF2,47,58,"1,000",9.70,"9,700.00"
2021-01-04,2021010404000236,NBF2,21,58,300,9.80,"2,940.00"
2021-01-04,2021010404000166,NBF2,19,1,100,9.76,976.00
2021-01-04,2021010404000147,NBF2,26,20,250,9.75,"2,437.50"
2021-01-04,2021010404000101,NBF2,26,21,500,9.75,"4,875.00"
2021-01-04,2021010404000057,NBF2,47,14,500,9.70,"4,850.00"
2021-01-04,2021010404000043,NBF2,47,46,"1,000",9.70,"9,700.00"
2021-01-04,2021010404000282,NBF2,19,32,500,9.76,"4,880.00"
2021-01-04,2021010404000280,NBF2,19,16,900,9.76,"8,784.00"
2021-01-04,2021010404000279,NBF2,21,16,"2,100",9.80,"20,580.00"
2021-01-04,2021010404000268,NBF2,21,29,100,9.80,980.00
2021-01-04,2021010404000266,NBF2,21,13,500,9.80,"4,900.00"
2021-01-04,2021010404000199,NCCBPO,34,16,914,116.00,"106,024.00"
2021-01-04,2021010404000198,NCCBPO,34,16,"457,068",116.00,"53,019,888.00"
2021-01-04,2021010404000193,NCCBPO,34,16,"15,000",121.55,"1,823,250.00"
2021-01-04,2021010404000192,NCCBPO,34,16,"1,000",126.00,"126,000.00"
2021-01-04,2021010404000191,NCCBPO,34,16,"1,000",141.00,"141,000.00"
2021-01-04,2021010404000113,NCCBPO,34,16,"10,018",112.50,"1,127,025.00"
2021-01-04,2021010404000103,NCCBPO,34,16,"5,000",113.20,"566,000.00"
2021-01-04,2021010404000102,NCCBPO,34,16,"5,000",116.00,"580,000.00"
2021-01-04,2021010404000092,NCCBPO,32,7,"149,410",114.00,"17,032,740.00"
2021-01-04,2021010404000249,NEF,39,47,241,10.11,"2,436.51"
2021-01-04,2021010404000246,NEF,39,47,241,10.11,"2,436.51"
2021-01-04,2021010404000231,NEF,37,14,"1,000",10.15,"10,150.00"
2021-01-04,2021010404000230,NEF,37,14,"1,276",10.15,"12,951.40"
2021-01-04,2021010404000229,NEF,37,42,483,10.15,"4,902.45"
2021-01-04,2021010404000208,NEF,37,42,241,10.15,"2,446.15"
2021-01-04,2021010404000114,NEF,37,44,483,10.15,"4,902.45"
2021-01-04,2021010404000111,NEF,37,41,414,10.15,"4,202.10"
2021-01-04,2021010404000104,NEF,37,41,"2,000",10.15,"20,300.00"
2021-01-04,2021010404000065,NEF,17,25,435,10.10,"4,393.50"
2021-01-04,2021010404000048,NEF,17,56,"1,207",10.10,"12,190.70"
2021-01-04,2021010404000154,NEF,37,22,"1,541",10.15,"15,641.15"
2021-01-04,2021010404000153,NEF,37,22,873,10.15,"8,860.95"
2021-01-04,2021010404000151,NEF,37,28,"1,127",10.15,"11,439.05"
2021-01-04,2021010404000136,NEF,39,28,500,10.11,"5,055.00"
2021-01-04,2021010404000135,NEF,39,44,380,10.11,"3,841.80"
2021-01-04,2021010404000134,NEF,37,44,103,10.15,"1,045.45"
2021-01-04,2021010404000189,NEF,38,43,"1,000",10.19,"10,190.00"
2021-01-04,2021010404000172,NEF,19,49,"1,448",10.15,"14,697.20"
2021-01-04,2021010404000168,NEF,19,54,483,10.15,"4,902.45"
2021-01-04,2021010404000160,NEF,19,53,472,10.15,"4,790.80"
2021-01-04,2021010404000157,NEF,37,53,"1,000",10.15,"10,150.00"
2021-01-04,2021010404000156,NEF,37,53,459,10.15,"4,658.85"
2021-01-04,2021010404000335,NIBLPF,54,47,250,10.41,"2,602.50"
2021-01-04,2021010404000312,NIBLPF,26,54,437,10.41,"4,549.17"
2021-01-04,2021010404000311,NIBLPF,26,47,"1,292",10.40,"13,436.80"
2021-01-04,2021010404000289,NIBLPF,54,47,250,10.40,"2,600.00"
2021-01-04,2021010404000278,NIBLPF,26,47,"1,729",10.40,"17,981.60"
2021-01-04,2021010404000273,NIBLPF,26,47,"2,000",10.40,"20,800.00"
2021-01-04,2021010404000117,NIBLPF,17,44,253,10.40,"2,631.20"
2021-01-04,2021010404000084,NIBLPF,17,6,303,10.40,"3,151.20"
2021-01-04,2021010404000083,NIBLPF,56,6,"2,222",10.40,"23,108.80"
2021-01-04,2021010404000071,NIBLPF,56,44,253,10.40,"2,631.20"
2021-01-04,2021010404000063,NIBLPF,56,22,"2,525",10.40,"26,260.00"
2021-01-04,2021010404000149,NIBLPF,17,28,"1,000",10.40,"10,400.00"
2021-01-04,2021010404000144,NIBLPF,17,47,"18,000",10.40,"187,200.00"
2021-01-04,2021010404000143,NIBLPF,26,47,"2,000",10.41,"20,820.00"
2021-01-04,2021010404000137,NIBLPF,17,28,"1,000",10.40,"10,400.00"
2021-01-04,2021010404000133,NIBLPF,17,47,"10,000",10.40,"104,000.00"
2021-01-04,2021010404000132,NIBLPF,17,47,"10,000",10.42,"104,200.00"
2021-01-04,2021010404000217,NIBLPF,17,47,"3,000",10.40,"31,200.00"
2021-01-04,2021010404000216,NIBLPF,26,47,"3,000",10.41,"31,230.00"
2021-01-04,2021010404000215,NIBLPF,26,47,"2,000",10.41,"20,820.00"
2021-01-04,2021010404000214,NIBLPF,17,47,"2,000",10.41,"20,820.00"
2021-01-04,2021010404000163,NIBLPF,17,47,"8,000",10.41,"83,280.00"
2021-01-04,2021010404000162,NIBLPF,26,47,"2,000",10.41,"20,820.00"
2021-01-04,2021010404000267,NIBLPF,26,47,"1,729",10.40,"17,981.60"
2021-01-04,2021010404000242,NIBLPF,26,47,"3,000",10.40,"31,200.00"
2021-01-04,2021010404000226,NIBLPF,26,3,444,10.42,"4,626.48"
2021-01-04,2021010404000225,NIBLPF,26,47,"1,556",10.40,"16,182.40"
2021-01-04,2021010404000223,NIBLPF,26,47,"2,000",10.40,"20,800.00"
2021-01-04,2021010404000222,NIBLPF,17,47,"16,444",10.40,"171,017.60"
2021-01-04,2021010404000376,NIBPO,16,11,300,465.00,"139,500.00"
2021-01-04,2021010404000375,NIBPO,16,58,100,465.00,"46,500.00"
2021-01-04,2021010404000369,NIBPO,19,58,400,465.00,"186,000.00"
2021-01-04,2021010404000344,NIBPO,21,42,50,466.00,"23,300.00"
2021-01-04,2021010404000327,NIBPO,19,37,600,465.00,"279,000.00"
2021-01-04,2021010404000326,NIBPO,44,37,400,465.00,"186,000.00"
2021-01-04,2021010404000049,NIBPO,26,28,"1,000",470.00,"470,000.00"
2021-01-04,2021010404000029,NIBPO,26,28,"1,000",470.00,"470,000.00"
2021-01-04,2021010404000010,NIBPO,11,33,300,475.00,"142,500.00"
2021-01-04,2021010404000004,NIBPO,21,33,100,469.00,"46,900.00"
2021-01-04,2021010404000060,NIBPO,16,28,"1,000",470.00,"470,000.00"
2021-01-04,2021010404000056,NIBPO,16,28,"1,000",470.00,"470,000.00"
2021-01-04,2021010404000055,NIBPO,26,28,"1,000",470.00,"470,000.00"
2021-01-04,2021010404000054,NIBPO,52,28,"1,200",474.00,"568,800.00"
2021-01-04,2021010404000053,NIBPO,52,11,400,473.00,"189,200.00"
2021-01-04,2021010404000052,NIBPO,52,34,400,473.00,"189,200.00"
2021-01-04,2021010404000175,NIBPO,43,42,"2,000",466.00,"932,000.00"
2021-01-04,2021010404000174,NIBPO,14,42,11,466.00,"5,126.00"
2021-01-04,2021010404000173,NIBPO,14,42,10,466.00,"4,660.00"
2021-01-04,2021010404000112,NIBPO,16,33,834,467.00,"389,478.00"
2021-01-04,2021010404000099,NIBPO,16,17,110,467.00,"51,370.00"
2021-01-04,2021010404000098,NIBPO,16,21,56,467.00,"26,152.00"
2021-01-04,2021010404000181,NIBPO,49,42,130,466.00,"60,580.00"
2021-01-04,2021010404000180,NIBPO,42,42,500,466.00,"233,000.00"
2021-01-04,2021010404000179,NIBPO,11,42,300,466.00,"139,800.00"
2021-01-04,2021010404000178,NIBPO,14,42,10,466.00,"4,660.00"
2021-01-04,2021010404000177,NIBPO,14,42,11,466.00,"5,126.00"
2021-01-04,2021010404000176,NIBPO,14,42,11,466.00,"5,126.00"
2021-01-04,2021010404000295,NIBPO,16,10,431,466.00,"200,846.00"
2021-01-04,2021010404000286,NIBPO,44,10,500,466.00,"233,000.00"
2021-01-04,2021010404000248,NIBPO,16,10,509,466.00,"237,194.00"
2021-01-04,2021010404000247,NIBPO,16,42,91,466.00,"42,406.00"
2021-01-04,2021010404000241,NIBPO,16,42,130,466.00,"60,580.00"
2021-01-04,2021010404000240,NIBPO,16,42,870,466.00,"405,420.00"
2021-01-04,2021010404000325,NIBPO,33,42,400,466.00,"186,400.00"
2021-01-04,2021010404000322,NIBPO,33,42,400,466.00,"186,400.00"
2021-01-04,2021010404000307,NIBPO,11,21,153,467.00,"71,451.00"
2021-01-04,2021010404000306,NIBPO,11,33,47,467.00,"21,949.00"
2021-01-04,2021010404000297,NIBPO,16,33,119,467.00,"55,573.00"
2021-01-04,2021010404000296,NIBPO,16,46,50,466.00,"23,300.00"
2021-01-04,2021010404000371,NIBSF1,17,34,200,11.50,"2,300.00"
2021-01-04,2021010404000342,NIBSF1,17,17,"3,478",11.50,"39,997.00"
2021-01-04,2021010404000341,NIBSF1,20,17,"1,522",11.60,"17,655.20"
2021-01-04,2021010404000323,NIBSF1,20,59,"3,478",11.60,"40,344.80"
2021-01-04,2021010404000319,NIBSF1,20,56,"5,000",11.60,"58,000.00"
2021-01-04,2021010404000315,NIBSF1,20,56,"1,000",11.60,"11,600.00"
2021-01-04,2021010404000073,NIBSF1,28,22,"4,373",11.45,"50,070.85"
2021-01-04,2021010404000072,NIBSF1,28,22,"3,700",11.45,"42,365.00"
2021-01-04,2021010404000067,NIBSF1,28,34,"1,300",11.45,"14,885.00"
2021-01-04,2021010404000195,NIBSF1,20,52,"5,000",11.60,"58,000.00"
2021-01-04,2021010404000194,NIBSF1,20,13,"3,500",11.60,"40,600.00"
2021-01-04,2021010404000140,NIBSF1,17,28,500,11.50,"5,750.00"
2021-01-04,2021010404000139,NIBSF1,17,16,"2,270",11.50,"26,105.00"
2021-01-04,2021010404000081,NIBSF1,28,34,171,11.45,"1,957.95"
2021-01-04,2021010404000075,NIBSF1,58,16,130,11.50,"1,495.00"
2021-01-04,2021010404000314,NIBSF1,20,56,"4,000",11.60,"46,400.00"
2021-01-04,2021010404000308,NIBSF1,20,56,"5,000",11.60,"58,000.00"
2021-01-04,2021010404000298,NIBSF1,20,8,"2,000",11.60,"23,200.00"
2021-01-04,2021010404000201,NIBSF1,17,34,500,11.50,"5,750.00"
2021-01-04,2021010404000197,NIBSF1,20,49,"4,770",11.64,"55,522.80"
2021-01-04,2021010404000196,NIBSF1,20,1,"2,500",11.60,"29,000.00"
2021-01-04,2021010404000299,NICAD8283,3,20,25,"1,118.00","27,950.00"
2021-01-04,2021010404000165,NICAD8283,7,57,50,"1,120.00","56,000.00"
2021-01-04,2021010404000331,NICBF,17,56,100,10.17,"1,017.00"
2021-01-04,2021010404000313,NICBF,17,55,500,10.17,"5,085.00"
2021-01-04,2021010404000304,NICBF,17,43,300,10.17,"3,051.00"
2021-01-04,2021010404000303,NICBF,17,33,100,10.17,"1,017.00"
2021-01-04,2021010404000190,NICBF,53,38,100,10.10,"1,010.00"
2021-01-04,2021010404000125,NICBF,53,56,500,10.10,"5,050.00"
2021-01-04,2021010404000008,NICBF,58,29,450,10.00,"4,500.00"
2021-01-04,2021010404000096,NICBF,53,48,200,10.10,"2,020.00"
2021-01-04,2021010404000088,NICBF,58,39,"7,000",10.10,"70,700.00"
2021-01-04,2021010404000087,NICBF,58,36,500,10.10,"5,050.00"
2021-01-04,2021010404000086,NICBF,58,48,500,10.10,"5,050.00"
2021-01-04,2021010404000025,NICBF,58,46,"2,000",9.98,"19,960.00"
2021-01-04,2021010404000015,NICBF,58,58,"1,000",9.98,"9,980.00"
2021-01-04,2021010404000370,NICGF,7,53,"1,000",10.50,"10,500.00"
2021-01-04,2021010404000235,NICGF,17,50,100,10.40,"1,040.00"
2021-01-04,2021010404000234,NICGF,16,50,"2,900",10.41,"30,189.00"
2021-01-04,2021010404000233,NICGF,26,50,"2,000",10.42,"20,840.00"
2021-01-04,2021010404000228,NICGF,16,29,100,10.41,"1,041.00"
2021-01-04,2021010404000211,NICGF,56,53,"3,250",10.50,"34,125.00"
2021-01-04,2021010404000024,NICGF,45,32,"1,000",10.36,"10,360.00"
2021-01-04,2021010404000169,NICGF,56,55,250,10.50,"2,625.00"
2021-01-04,2021010404000128,NICGF,56,59,500,10.50,"5,250.00"
2021-01-04,2021010404000127,NICGF,56,41,"1,000",10.50,"10,500.00"
2021-01-04,2021010404000095,NICGF,17,21,500,10.40,"5,200.00"
2021-01-04,2021010404000069,NICGF,17,44,500,10.40,"5,200.00"
2021-01-04,2021010404000042,NICGF,37,22,500,10.36,"5,180.00"
2021-01-04,2021010403016377,NLIC,22,34,43,"2,400.00","103,200.00"
2021-01-04,2021010403016376,NLIC,51,34,50,"2,400.00","120,000.00"
2021-01-04,2021010403016375,NLIC,46,34,100,"2,400.00","240,000.00"
2021-01-04,2021010403016374,NLIC,53,34,60,"2,400.00","144,000.00"
2021-01-04,2021010403016373,NLIC,1,34,200,"2,400.00","480,000.00"
2021-01-04,2021010403016372,NLIC,45,34,47,"2,400.00","112,800.00"
2021-01-04,2021010403016316,NLIC,51,3,17,"2,405.00","40,885.00"
2021-01-04,2021010403016311,NLIC,45,3,100,"2,405.00","240,500.00"
2021-01-04,2021010403016301,NLIC,37,3,50,"2,405.00","120,250.00"
2021-01-04,2021010403016300,NLIC,46,3,10,"2,405.00","24,050.00"
2021-01-04,2021010403016299,NLIC,45,3,300,"2,405.00","721,500.00"
2021-01-04,2021010403016371,NLIC,57,3,100,"2,405.00","240,500.00"
2021-01-04,2021010403016363,NLIC,45,35,53,"2,400.00","127,200.00"
2021-01-04,2021010403016362,NLIC,40,35,20,"2,400.00","48,000.00"
2021-01-04,2021010403016361,NLIC,53,35,12,"2,401.00","28,812.00"
2021-01-04,2021010403016360,NLIC,6,35,15,"2,403.00","36,045.00"
2021-01-04,2021010403016340,NLIC,36,3,98,"2,405.00","235,690.00"
2021-01-04,2021010403016421,NLICL,56,41,28,"1,148.00","32,144.00"
2021-01-04,2021010403016420,NLICL,56,4,150,"1,147.00","172,050.00"
2021-01-04,2021010403016419,NLICL,56,41,200,"1,146.00","229,200.00"
2021-01-04,2021010403016418,NLICL,56,14,180,"1,145.00","206,100.00"
2021-01-04,2021010403016417,NLICL,56,41,100,"1,144.00","114,400.00"
2021-01-04,2021010403016378,NLICL,39,41,50,"1,144.00","57,200.00"
2021-01-04,2021010403016355,NLICL,5,14,20,"1,145.00","22,900.00"
2021-01-04,2021010404000338,NMB50,49,59,"97,500",10.25,"999,375.00"
2021-01-04,2021010404000337,NMB50,49,59,"2,500",10.25,"25,625.00"
2021-01-04,2021010404000336,NMB50,49,59,"97,500",10.25,"999,375.00"
2021-01-04,2021010404000283,NMB50,42,59,"2,500",10.25,"25,625.00"
2021-01-04,2021010404000188,NMB50,17,59,"80,000",10.20,"816,000.00"
2021-01-04,2021010404000187,NMB50,49,59,"10,000",10.21,"102,100.00"
2021-01-04,2021010404000041,NMB50,56,22,"9,850",10.25,"100,962.50"
2021-01-04,2021010404000040,NMB50,56,48,150,10.25,"1,537.50"
2021-01-04,2021010404000030,NMB50,10,36,300,10.12,"3,036.00"
2021-01-04,2021010404000017,NMB50,3,58,"1,000",10.05,"10,050.00"
2021-01-04,2021010404000186,NMB50,49,59,"10,000",10.21,"102,100.00"
2021-01-04,2021010404000159,NMB50,58,54,100,10.25,"1,025.00"
2021-01-04,2021010404000091,NMB50,58,48,150,10.25,"1,537.50"
2021-01-04,2021010404000090,NMB50,58,48,100,10.25,"1,025.00"
2021-01-04,2021010404000080,NMB50,58,22,"10,000",10.25,"102,500.00"
2021-01-04,2021010404000058,NMB50,58,22,"1,350",10.25,"13,837.50"
2021-01-04,2021010404000360,NMBHF1,17,44,832,10.10,"8,403.20"
2021-01-04,2021010404000343,NMBHF1,17,56,"30,000",10.10,"303,000.00"
2021-01-04,2021010404000340,NMBHF1,17,50,"5,000",10.10,"50,500.00"
2021-01-04,2021010404000202,NMBHF1,56,18,424,10.20,"4,324.80"
2021-01-04,2021010404000161,NMBHF1,56,14,"2,080",10.20,"21,216.00"
2021-01-04,2021010404000158,NMBHF1,56,44,832,10.20,"8,486.40"
2021-01-04,2021010404000126,NMBHF1,56,44,832,10.20,"8,486.40"
2021-01-04,2021010404000034,NMBHF1,56,41,832,10.20,"8,486.40"
2021-01-04,2021010403016396,NMFBS,57,7,60,"2,290.00","137,400.00"
2021-01-04,2021010403016416,NRIC,44,38,117,"1,520.00","177,840.00"
2021-01-04,2021010403016415,NRIC,42,38,200,"1,521.00","304,200.00"
2021-01-04,2021010403016414,NRIC,32,38,80,"1,521.00","121,680.00"
2021-01-04,2021010403016413,NRIC,48,38,100,"1,522.00","152,200.00"
2021-01-04,2021010403016412,NRIC,8,38,20,"1,522.00","30,440.00"
2021-01-04,2021010403016411,NRIC,19,38,10,"1,522.00","15,220.00"
2021-01-04,2021010403016320,NRIC,6,57,30,"1,527.00","45,810.00"
2021-01-04,2021010403016310,NRIC,6,34,10,"1,527.00","15,270.00"
2021-01-04,2021010403016306,NRIC,6,29,20,"1,527.00","30,540.00"
2021-01-04,2021010403016305,NRIC,4,29,10,"1,527.00","15,270.00"
2021-01-04,2021010403016298,NRIC,36,37,50,"1,525.00","76,250.00"
2021-01-04,2021010403016331,NRIC,42,42,195,"1,525.00","297,375.00"
2021-01-04,2021010403016330,NRIC,28,16,100,"1,525.00","152,500.00"
2021-01-04,2021010403016328,NRIC,51,16,10,"1,525.00","15,250.00"
2021-01-04,2021010403016327,NRIC,56,16,25,"1,526.00","38,150.00"
2021-01-04,2021010403016326,NRIC,17,16,40,"1,527.00","61,080.00"
2021-01-04,2021010403016325,NRIC,6,16,15,"1,527.00","22,905.00"
2021-01-04,2021010403016366,NRIC,28,37,11,"1,525.00","16,775.00"
2021-01-04,2021010403016365,NRIC,28,42,89,"1,525.00","135,725.00"
2021-01-04,2021010403016356,NRIC,6,42,116,"1,525.00","176,900.00"
2021-01-04,2021010403016353,NRIC,45,42,100,"1,525.00","152,500.00"
2021-01-04,2021010403016338,NRIC,14,49,40,"1,523.00","60,920.00"
2021-01-04,2021010403016337,NRIC,56,49,40,"1,523.00","60,920.00"
2021-01-04,2021010403016398,NRIC,14,38,100,"1,526.00","152,600.00"
2021-01-04,2021010403016397,NRIC,49,38,10,"1,527.00","15,270.00"
2021-01-04,2021010403016388,NRIC,49,29,90,"1,527.00","137,430.00"
2021-01-04,2021010403016382,NRIC,1,29,100,"1,527.00","152,700.00"
2021-01-04,2021010403016368,NRIC,10,29,10,"1,527.00","15,270.00"
2021-01-04,2021010403016367,NRIC,58,29,50,"1,527.00","76,350.00"
2021-01-04,2021010403016404,NRIC,45,38,43,"1,524.00","65,532.00"
2021-01-04,2021010403016403,NRIC,17,38,50,"1,525.00","76,250.00"
2021-01-04,2021010403016402,NRIC,43,38,100,"1,525.00","152,500.00"
2021-01-04,2021010403016401,NRIC,28,38,100,"1,525.00","152,500.00"
2021-01-04,2021010403016400,NRIC,14,38,50,"1,525.00","76,250.00"
2021-01-04,2021010403016399,NRIC,44,38,50,"1,525.00","76,250.00"
2021-01-04,2021010403016410,NRIC,20,38,10,"1,522.00","15,220.00"
2021-01-04,2021010403016409,NRIC,36,38,500,"1,522.00","761,000.00"
2021-01-04,2021010403016408,NRIC,47,38,20,"1,522.00","30,440.00"
2021-01-04,2021010403016407,NRIC,34,38,40,"1,523.00","60,920.00"
2021-01-04,2021010403016406,NRIC,16,38,360,"1,523.00","548,280.00"
2021-01-04,2021010403016405,NRIC,55,38,40,"1,523.00","60,920.00"
2021-01-04,2021010403016380,NTC,10,45,10,"1,291.00","12,910.00"
2021-01-04,2021010403016350,NTC,19,47,10,"1,300.00","13,000.00"
2021-01-04,2021010403016349,NTC,10,47,100,"1,300.00","130,000.00"
2021-01-04,2021010403016348,NTC,10,49,500,"1,300.00","650,000.00"
2021-01-04,2021010403016347,NTC,10,50,50,"1,300.00","65,000.00"
2021-01-04,2021010403016346,NTC,10,45,100,"1,300.00","130,000.00"
2021-01-04,2021010403016345,NTC,10,34,40,"1,300.00","52,000.00"
2021-01-04,2021010403016344,NTC,10,34,154,"1,300.00","200,200.00"
2021-01-04,2021010403016343,NTC,10,34,20,"1,300.00","26,000.00"
2021-01-04,2021010403016342,NTC,10,48,90,"1,300.00","117,000.00"
2021-01-04,2021010403016341,NTC,10,52,10,"1,290.00","12,900.00"
2021-01-04,2021010403016329,OHL,33,34,110,472.00,"51,920.00"
2021-01-04,2021010404000164,PICLPO,17,4,"92,378",268.00,"24,757,304.00"
2021-01-04,2021010404000373,PLI,53,53,2,144.00,288.00
2021-01-04,2021010404000359,PLI,48,50,10,145.00,"1,450.00"
2021-01-04,2021010404000305,PLI,48,58,10,145.00,"1,450.00"
2021-01-04,2021010404000255,PLI,48,1,10,145.00,"1,450.00"
2021-01-04,2021010404000251,PLI,48,35,10,145.00,"1,450.00"
2021-01-04,2021010404000239,PLI,48,49,10,145.00,"1,450.00"
2021-01-04,2021010404000068,PLI,48,52,10,143.00,"1,430.00"
2021-01-04,2021010403016387,RLI,42,35,300,609.00,"182,700.00"
2021-01-04,2021010403016381,RLI,42,48,10,609.00,"6,090.00"
2021-01-04,2021010403016314,RLI,42,13,10,609.00,"6,090.00"
2021-01-04,2021010403016313,RLI,42,21,10,609.00,"6,090.00"
2021-01-04,2021010404000361,SAEF,17,49,200,11.50,"2,300.00"
2021-01-04,2021010404000358,SAEF,49,10,"1,200",11.46,"13,752.00"
2021-01-04,2021010404000357,SAEF,37,10,"1,000",11.46,"11,460.00"
2021-01-04,2021010404000356,SAEF,49,10,"26,000",11.50,"299,000.00"
2021-01-04,2021010404000355,SAEF,7,10,"12,300",11.50,"141,450.00"
2021-01-04,2021010404000328,SAEF,7,32,"1,000",11.50,"11,500.00"
2021-01-04,2021010404000119,SAEF,7,6,"4,000",11.60,"46,400.00"
2021-01-04,2021010404000118,SAEF,17,6,"10,000",11.61,"116,100.00"
2021-01-04,2021010404000047,SAEF,7,19,"1,000",11.60,"11,600.00"
2021-01-04,2021010404000031,SAEF,21,29,200,11.40,"2,280.00"
2021-01-04,2021010404000213,SAEF,37,46,"1,000",11.46,"11,460.00"
2021-01-04,2021010404000152,SAEF,17,17,"3,500",11.45,"40,075.00"
2021-01-04,2021010404000150,SAEF,17,17,"5,000",11.45,"57,250.00"
2021-01-04,2021010404000141,SAEF,17,28,"1,000",11.45,"11,450.00"
2021-01-04,2021010404000121,SAEF,48,6,"30,000",11.50,"345,000.00"
2021-01-04,2021010404000120,SAEF,41,6,"20,000",11.50,"230,000.00"
2021-01-04,2021010404000261,SAEF,49,10,"6,000",11.50,"69,000.00"
2021-01-04,2021010404000252,SAEF,49,10,"26,000",11.50,"299,000.00"
2021-01-04,2021010404000250,SAEF,7,10,"26,000",11.50,"299,000.00"
2021-01-04,2021010404000238,SAEF,49,10,"26,000",11.50,"299,000.00"
2021-01-04,2021010404000224,SAEF,7,10,"26,000",11.50,"299,000.00"
2021-01-04,2021010404000220,SAEF,7,6,"26,000",11.50,"299,000.00"
2021-01-04,2021010404000302,SAEF,7,49,200,11.50,"2,300.00"
2021-01-04,2021010404000293,SAEF,7,58,"12,500",11.50,"143,750.00"
2021-01-04,2021010404000292,SAEF,49,58,"13,000",11.50,"149,500.00"
2021-01-04,2021010404000285,SAEF,49,6,"3,000",11.50,"34,500.00"
2021-01-04,2021010404000263,SAEF,49,16,"3,000",11.50,"34,500.00"
2021-01-04,2021010404000262,SAEF,49,33,"1,000",11.50,"11,500.00"
2021-01-04,2021010404000033,SAND2085,17,6,24,"1,050.00","25,200.00"
2021-01-04,2021010404000167,SBIBD86,17,38,50,"1,050.00","52,500.00"
2021-01-04,2021010404000115,SBLD2082,47,6,465,"1,070.00","497,550.00"
2021-01-04,2021010404000097,SBLD2082,47,55,500,"1,070.00","535,000.00"
2021-01-04,2021010404000018,SBLPO,28,59,"66,976",190.00,"12,725,440.00"
2021-01-04,2021010404000347,SEF,17,54,"1,000",10.42,"10,420.00"
2021-01-04,2021010404000309,SEF,17,58,"20,300",10.40,"211,120.00"
2021-01-04,2021010404000274,SEF,19,39,"4,000",10.50,"42,000.00"
2021-01-04,2021010404000272,SEF,19,39,303,10.50,"3,181.50"
2021-01-04,2021010404000271,SEF,19,50,"1,500",10.49,"15,735.00"
2021-01-04,2021010404000270,SEF,19,57,500,10.40,"5,200.00"
2021-01-04,2021010404000094,SEF,17,58,"20,000",10.35,"207,000.00"
2021-01-04,2021010404000066,SEF,17,42,"3,000",10.30,"30,900.00"
2021-01-04,2021010404000021,SEF,20,32,"1,500",10.20,"15,300.00"
2021-01-04,2021010404000110,SEF,8,25,803,10.40,"8,351.20"
2021-01-04,2021010404000109,SEF,8,52,800,10.40,"8,320.00"
2021-01-04,2021010404000108,SEF,8,50,"10,000",10.40,"104,000.00"
2021-01-04,2021010404000107,SEF,8,50,"10,000",10.40,"104,000.00"
2021-01-04,2021010404000106,SEF,8,22,"21,397",10.40,"222,528.80"
2021-01-04,2021010404000105,SEF,8,42,"1,000",10.39,"10,390.00"
2021-01-04,2021010404000146,SEF,8,4,500,10.40,"5,200.00"
2021-01-04,2021010404000145,SEF,8,58,500,10.40,"5,200.00"
2021-01-04,2021010404000138,SEF,8,19,"1,000",10.40,"10,400.00"
2021-01-04,2021010404000131,SEF,8,22,"1,000",10.40,"10,400.00"
2021-01-04,2021010404000130,SEF,8,22,"1,000",10.40,"10,400.00"
2021-01-04,2021010404000129,SEF,8,25,197,10.40,"2,048.80"
2021-01-04,2021010404000269,SEF,19,22,"1,697",10.40,"17,648.80"
2021-01-04,2021010404000259,SEF,8,22,"45,000",10.40,"468,000.00"
2021-01-04,2021010404000258,SEF,8,22,"38,303",10.40,"398,351.20"
2021-01-04,2021010404000257,SEF,8,22,"44,000",10.40,"457,600.00"
2021-01-04,2021010404000212,SEF,8,50,"2,000",10.40,"20,800.00"
2021-01-04,2021010404000155,SEF,8,17,500,10.40,"5,200.00"
2021-01-04,2021010403016323,SFCL,44,34,180,130.00,"23,400.00"
2021-01-04,2021010403016322,SFCL,44,6,20,130.00,"2,600.00"
2021-01-04,2021010404000324,SFMF,49,41,500,10.27,"5,135.00"
2021-01-04,2021010404000291,SFMF,49,40,100,10.27,"1,027.00"
2021-01-04,2021010404000221,SFMF,53,38,300,10.26,"3,078.00"
2021-01-04,2021010404000219,SFMF,53,38,500,10.26,"5,130.00"
2021-01-04,2021010404000218,SFMF,53,38,500,10.26,"5,130.00"
2021-01-04,2021010404000207,SFMF,53,38,500,10.26,"5,130.00"
2021-01-04,2021010404000205,SFMF,53,38,300,10.26,"3,078.00"
2021-01-04,2021010404000171,SFMF,53,10,"1,000",10.26,"10,260.00"
2021-01-04,2021010404000148,SFMF,53,38,100,10.26,"1,026.00"
2021-01-04,2021010404000142,SFMF,53,22,"28,000",10.26,"287,280.00"
2021-01-04,2021010404000061,SFMF,49,29,160,10.06,"1,609.60"
2021-01-04,2021010403016351,SHINE,42,58,100,239.00,"23,900.00"
2021-01-04,2021010403016339,SLBBL,49,45,100,"1,100.00","110,000.00"
2021-01-04,2021010403016386,SLBS,42,28,80,"1,320.00","105,600.00"
2021-01-04,2021010403016385,SLBS,42,28,120,"1,320.00","158,400.00"
2021-01-04,2021010403016312,SLBSL,1,26,40,947.00,"37,880.00"
2021-01-04,2021010403016359,SMB,25,57,150,"1,082.00","162,300.00"
2021-01-04,2021010403016392,SNLB,14,38,26,988.00,"25,688.00"
2021-01-04,2021010404000275,SRD80,17,58,25,"1,050.00","26,250.00"
2021-01-04,2021010404000260,SRD80,17,57,25,"1,050.00","26,250.00"
2021-01-04,2021010404000374,STC,52,52,10,"6,895.00","68,950.00"
2021-01-04,2021010404000368,STC,39,34,10,"6,895.00","68,950.00"
2021-01-04,2021010404000367,STC,34,14,20,"6,777.00","135,540.00"
2021-01-04,2021010404000366,STC,14,14,15,"6,778.00","101,670.00"
2021-01-04,2021010404000365,STC,26,14,20,"6,780.00","135,600.00"
2021-01-04,2021010404000364,STC,26,14,20,"6,780.00","135,600.00"
2021-01-04,2021010404000005,STC,48,59,10,"7,200.00","72,000.00"
2021-01-04,2021010404000003,STC,14,40,44,"7,250.00","319,000.00"
2021-01-04,2021010404000002,STC,17,40,46,"7,250.00","333,500.00"
2021-01-04,2021010404000001,STC,56,40,10,"7,254.00","72,540.00"
2021-01-04,2021010404000026,STC,14,7,10,"7,175.00","71,750.00"
2021-01-04,2021010404000016,STC,28,33,10,"7,199.00","71,990.00"
2021-01-04,2021010404000012,STC,55,52,39,"7,200.00","280,800.00"
2021-01-04,2021010404000009,STC,14,58,50,"7,250.00","362,500.00"
2021-01-04,2021010404000007,STC,21,52,10,"7,250.00","72,500.00"
2021-01-04,2021010404000006,STC,55,8,11,"7,200.00","79,200.00"
2021-01-04,2021010404000123,STC,43,7,10,"6,915.00","69,150.00"
2021-01-04,2021010404000122,STC,25,7,15,"6,915.00","103,725.00"
2021-01-04,2021010404000100,STC,59,4,10,"7,035.00","70,350.00"
2021-01-04,2021010404000085,STC,25,41,20,"7,035.00","140,700.00"
2021-01-04,2021010404000035,STC,38,52,10,"7,056.00","70,560.00"
2021-01-04,2021010404000032,STC,52,52,10,"7,056.00","70,560.00"
2021-01-04,2021010404000348,STC,39,52,10,"6,895.00","68,950.00"
2021-01-04,2021010404000346,STC,42,33,10,"6,895.00","68,950.00"
2021-01-04,2021010404000301,STC,1,34,10,"6,895.00","68,950.00"
2021-01-04,2021010404000265,STC,45,58,10,"6,900.00","69,000.00"
2021-01-04,2021010404000203,STC,45,58,10,"6,900.00","69,000.00"
2021-01-04,2021010404000124,STC,43,7,10,"6,915.00","69,150.00"
2021-01-04,2021010404000363,STC,14,14,15,"6,790.00","101,850.00"
2021-01-04,2021010404000362,STC,38,14,10,"6,800.00","68,000.00"
2021-01-04,2021010404000352,STC,39,32,10,"6,895.00","68,950.00"
2021-01-04,2021010404000351,STC,39,52,10,"6,895.00","68,950.00"
2021-01-04,2021010404000350,STC,39,41,10,"6,895.00","68,950.00"
2021-01-04,2021010404000349,STC,39,41,10,"6,895.00","68,950.00"
2021-01-04,2021010403016389,SWBBL,53,32,10,"1,668.00","16,680.00"
2021-01-04,2021010403016147,ALBSL,5,21,11,"1,100.00","12,100.00"
2021-01-04,2021010403015943,ALBSL,5,58,11,"1,100.00","12,100.00"
2021-01-04,2021010403016134,ALICL,50,41,30,940.00,"28,200.00"
2021-01-04,2021010403016133,ALICL,53,41,170,940.00,"159,800.00"
2021-01-04,2021010403015953,ALICL,53,43,30,940.00,"28,200.00"
2021-01-04,2021010403015952,ALICL,3,43,20,940.00,"18,800.00"
2021-01-04,2021010403015951,ALICL,58,43,25,945.00,"23,625.00"
2021-01-04,2021010403015950,ALICL,47,43,15,945.00,"14,175.00"
2021-01-04,2021010403015949,ALICL,47,43,10,945.00,"9,450.00"
2021-01-04,2021010403015948,ALICL,44,43,200,948.00,"189,600.00"
2021-01-04,2021010403015857,ALICL,39,36,125,949.00,"118,625.00"
2021-01-04,2021010403015856,ALICL,39,35,75,949.00,"71,175.00"
2021-01-04,2021010403015855,ALICL,39,4,100,949.00,"94,900.00"
2021-01-04,2021010403015800,ALICL,39,6,200,948.00,"189,600.00"
2021-01-04,2021010403016100,BFC,42,34,400,140.00,"56,000.00"
2021-01-04,2021010403016099,BFC,42,37,95,140.00,"13,300.00"
2021-01-04,2021010403016242,CBBL,47,25,80,"1,197.00","95,760.00"
2021-01-04,2021010403016238,CBBL,52,5,10,"1,195.00","11,950.00"
2021-01-04,2021010403016094,CBBL,59,25,50,"1,197.00","59,850.00"
2021-01-04,2021010403016283,CIT,44,41,80,"3,406.00","272,480.00"
2021-01-04,2021010403016282,CIT,39,41,10,"3,407.00","34,070.00"
2021-01-04,2021010403016281,CIT,56,41,10,"3,407.00","34,070.00"
2021-01-04,2021010403016261,CIT,56,49,20,"3,407.00","68,140.00"
2021-01-04,2021010403016187,CIT,21,49,30,"3,407.00","102,210.00"
2021-01-04,2021010403016170,CIT,34,49,10,"3,407.00","34,070.00"
2021-01-04,2021010403015866,CIT,1,41,10,"3,415.00","34,150.00"
2021-01-04,2021010403015827,CIT,1,42,40,"3,419.00","136,760.00"
2021-01-04,2021010403015826,CIT,1,50,30,"3,418.00","102,540.00"
2021-01-04,2021010403015825,CIT,1,37,70,"3,418.00","239,260.00"
2021-01-04,2021010403016169,CIT,1,49,40,"3,410.00","136,400.00"
2021-01-04,2021010403016114,CIT,8,34,10,"3,420.00","34,200.00"
2021-01-04,2021010403016085,CIT,53,17,50,"3,417.00","170,850.00"
2021-01-04,2021010403015899,CIT,21,26,100,"3,420.00","342,000.00"
2021-01-04,2021010403015868,CIT,1,26,70,"3,420.00","239,400.00"
2021-01-04,2021010403015867,CIT,1,42,60,"3,419.00","205,140.00"
2021-01-04,2021010403016097,CLBSL,21,39,113,799.00,"90,287.00"
2021-01-04,2021010403016096,CLBSL,21,39,67,799.00,"53,533.00"
2021-01-04,2021010403016023,CLBSL,58,39,20,800.00,"16,000.00"
2021-01-04,2021010403016063,FMDBL,6,22,500,589.00,"294,500.00"
2021-01-04,2021010403016144,FOWAD,33,18,20,"2,300.00","46,000.00"
2021-01-04,2021010403016115,FOWAD,33,35,10,"2,300.00","23,000.00"
2021-01-04,2021010403015835,FOWAD,41,18,50,"2,314.00","115,700.00"
2021-01-04,2021010403015806,FOWAD,8,18,24,"2,298.00","55,152.00"
2021-01-04,2021010403015805,FOWAD,42,18,10,"2,300.00","23,000.00"
2021-01-04,2021010403015804,FOWAD,58,18,16,"2,305.00","36,880.00"
2021-01-04,2021010403016277,GBBL,57,42,500,309.00,"154,500.00"
2021-01-04,2021010403016117,GBBL,13,42,"1,000",309.00,"309,000.00"
2021-01-04,2021010403016108,GBBL,10,42,"2,000",309.00,"618,000.00"
2021-01-04,2021010403016050,GBBL,13,42,"1,000",309.00,"309,000.00"
2021-01-04,2021010403015977,GBBL,59,42,"1,000",309.00,"309,000.00"
2021-01-04,2021010403015976,GBBL,4,42,"5,000",309.00,"1,545,000.00"
2021-01-04,2021010403015975,GBBL,1,42,500,310.00,"155,000.00"
2021-01-04,2021010403015974,GBBL,13,42,359,310.00,"111,290.00"
2021-01-04,2021010403015871,GBBL,13,39,641,310.00,"198,710.00"
2021-01-04,2021010403015840,GBBL,42,39,52,310.00,"16,120.00"
2021-01-04,2021010403015820,GBBL,1,39,307,310.00,"95,170.00"
2021-01-04,2021010403016166,GBLBS,6,58,763,580.00,"442,540.00"
2021-01-04,2021010403016165,GBLBS,29,1,200,579.00,"115,800.00"
2021-01-04,2021010403016010,GBLBS,16,58,955,580.00,"553,900.00"
2021-01-04,2021010403016009,GBLBS,59,58,"1,000",580.00,"580,000.00"
2021-01-04,2021010403016008,GBLBS,14,58,200,580.00,"116,000.00"
2021-01-04,2021010403016007,GBLBS,58,58,10,580.00,"5,800.00"
2021-01-04,2021010403015896,GBLBS,26,17,111,588.00,"65,268.00"
2021-01-04,2021010403015934,GBLBS,41,7,200,586.00,"117,200.00"
2021-01-04,2021010403015933,GBLBS,53,7,15,586.00,"8,790.00"
2021-01-04,2021010403015932,GBLBS,38,7,10,586.00,"5,860.00"
2021-01-04,2021010403015931,GBLBS,45,7,100,586.00,"58,600.00"
2021-01-04,2021010403015930,GBLBS,1,7,200,587.00,"117,400.00"
2021-01-04,2021010403015929,GBLBS,32,7,300,587.00,"176,100.00"
2021-01-04,2021010403016000,GBLBS,26,58,100,582.00,"58,200.00"
2021-01-04,2021010403015999,GBLBS,57,58,100,582.00,"58,200.00"
2021-01-04,2021010403015998,GBLBS,55,58,500,582.00,"291,000.00"
2021-01-04,2021010403015997,GBLBS,49,58,"2,500",584.00,"1,460,000.00"
2021-01-04,2021010403015996,GBLBS,29,58,500,585.00,"292,500.00"
2021-01-04,2021010403015995,GBLBS,33,58,100,585.00,"58,500.00"
2021-01-04,2021010403016006,GBLBS,55,58,500,580.00,"290,000.00"
2021-01-04,2021010403016005,GBLBS,10,58,100,580.00,"58,000.00"
2021-01-04,2021010403016004,GBLBS,45,58,200,580.00,"116,000.00"
2021-01-04,2021010403016003,GBLBS,57,58,222,581.00,"128,982.00"
2021-01-04,2021010403016002,GBLBS,1,58,150,581.00,"87,150.00"
2021-01-04,2021010403016001,GBLBS,38,58,100,582.00,"58,200.00"
2021-01-04,2021010403016058,GFCL,55,35,825,194.00,"160,050.00"
2021-01-04,2021010403016057,GFCL,10,35,50,194.00,"9,700.00"
2021-01-04,2021010403016056,GFCL,48,35,100,195.00,"19,500.00"
2021-01-04,2021010403016055,GFCL,34,35,25,195.00,"4,875.00"
2021-01-04,2021010403015884,GFCL,44,41,300,195.00,"58,500.00"
2021-01-04,2021010403015936,GLBSL,45,52,10,872.00,"8,720.00"
2021-01-04,2021010403016106,GLICL,41,50,100,626.00,"62,600.00"
2021-01-04,2021010403016038,GLICL,38,8,30,620.00,"18,600.00"
2021-01-04,2021010403016037,GLICL,25,8,20,621.00,"12,420.00"
2021-01-04,2021010403016036,GLICL,57,8,100,621.00,"62,100.00"
2021-01-04,2021010403016035,GLICL,41,8,100,622.00,"62,200.00"
2021-01-04,2021010403016034,GLICL,57,8,150,623.00,"93,450.00"
2021-01-04,2021010403015969,GLICL,42,11,18,625.00,"11,250.00"
2021-01-04,2021010403016138,GMFBS,26,45,73,"1,020.00","74,460.00"
2021-01-04,2021010403016137,GMFBS,18,45,27,"1,020.00","27,540.00"
2021-01-04,2021010403016220,GMFIL,18,49,"1,455",206.00,"299,730.00"
2021-01-04,2021010403016219,GMFIL,44,49,280,206.00,"57,680.00"
2021-01-04,2021010403016218,GMFIL,29,49,40,207.00,"8,280.00"
2021-01-04,2021010403016217,GMFIL,21,49,100,207.00,"20,700.00"
2021-01-04,2021010403016216,GMFIL,52,49,25,207.00,"5,175.00"
2021-01-04,2021010403016113,GMFIL,38,14,50,208.00,"10,400.00"
2021-01-04,2021010403016181,GMFIL,5,38,100,207.00,"20,700.00"
2021-01-04,2021010403016173,GMFIL,58,3,82,208.00,"17,056.00"
2021-01-04,2021010403016172,GMFIL,58,3,20,208.00,"4,160.00"
2021-01-04,2021010403016171,GMFIL,58,43,138,208.00,"28,704.00"
2021-01-04,2021010403016132,GMFIL,41,3,80,208.00,"16,640.00"
2021-01-04,2021010403016131,GMFIL,41,14,120,208.00,"24,960.00"
2021-01-04,2021010403016240,GRDBL,57,41,10,148.00,"1,480.00"
2021-01-04,2021010403016033,GUFL,5,45,150,205.00,"30,750.00"
2021-01-04,2021010403016032,GUFL,25,45,100,206.00,"20,600.00"
2021-01-04,2021010403016244,HIDCL,25,41,490,263.00,"128,870.00"
2021-01-04,2021010403016202,HIDCL,8,10,300,265.00,"79,500.00"
2021-01-04,2021010403016201,HIDCL,8,38,50,265.00,"13,250.00"
2021-01-04,2021010403016200,HIDCL,8,54,61,265.00,"16,165.00"
2021-01-04,2021010403016199,HIDCL,8,42,31,265.00,"8,215.00"
2021-01-04,2021010403016198,HIDCL,8,26,"1,000",265.00,"265,000.00"
2021-01-04,2021010403015823,HIDCL,29,35,20,264.00,"5,280.00"
2021-01-04,2021010403016191,HIDCL,8,54,50,264.00,"13,200.00"
2021-01-04,2021010403016190,HIDCL,8,44,100,264.00,"26,400.00"
2021-01-04,2021010403016189,HIDCL,8,10,31,264.00,"8,184.00"
2021-01-04,2021010403016150,HIDCL,25,48,100,263.00,"26,300.00"
2021-01-04,2021010403015906,HIDCL,25,35,904,263.00,"237,752.00"
2021-01-04,2021010403015824,HIDCL,42,35,200,264.00,"52,800.00"
2021-01-04,2021010403016197,HIDCL,8,19,47,265.00,"12,455.00"
2021-01-04,2021010403016196,HIDCL,8,57,100,265.00,"26,500.00"
2021-01-04,2021010403016195,HIDCL,8,57,360,265.00,"95,400.00"
2021-01-04,2021010403016194,HIDCL,8,33,600,265.00,"159,000.00"
2021-01-04,2021010403016193,HIDCL,8,51,167,265.00,"44,255.00"
2021-01-04,2021010403016192,HIDCL,8,11,"1,674",264.00,"441,936.00"
2021-01-04,2021010403016280,ILBS,35,8,34,"1,046.00","35,564.00"
2021-01-04,2021010403016239,ILBS,45,8,50,"1,046.00","52,300.00"
2021-01-04,2021010403016078,ILBS,44,8,90,"1,046.00","94,140.00"
2021-01-04,2021010403016053,ILBS,38,8,200,"1,046.00","209,200.00"
2021-01-04,2021010403016164,JBBL,57,59,200,229.00,"45,800.00"
2021-01-04,2021010403016105,JBBL,57,56,77,229.00,"17,633.00"
2021-01-04,2021010403016104,JBBL,41,56,73,229.00,"16,717.00"
2021-01-04,2021010403016062,JBBL,41,48,27,229.00,"6,183.00"
2021-01-04,2021010403016061,JBBL,4,48,73,229.00,"16,717.00"
2021-01-04,2021010403015959,JBBL,51,34,100,230.00,"23,000.00"
2021-01-04,2021010403016136,JFL,47,39,553,254.00,"140,462.00"
2021-01-04,2021010403016135,JFL,58,39,447,254.00,"113,538.00"
2021-01-04,2021010403016111,JFL,58,39,53,254.00,"13,462.00"
2021-01-04,2021010403016110,JFL,39,39,947,254.00,"240,538.00"
2021-01-04,2021010403015991,JFL,39,4,53,254.00,"13,462.00"
2021-01-04,2021010403015990,JFL,49,4,10,254.00,"2,540.00"
2021-01-04,2021010403015989,JFL,42,4,50,254.00,"12,700.00"
2021-01-04,2021010403015988,JFL,4,4,125,254.00,"31,750.00"
2021-01-04,2021010403015987,JFL,4,4,"1,762",254.00,"447,548.00"
2021-01-04,2021010403016109,KLBSL,53,17,40,"1,190.00","47,600.00"
2021-01-04,2021010403015963,KLBSL,53,33,20,"1,189.00","23,780.00"
2021-01-04,2021010403015962,KLBSL,53,44,49,"1,189.00","58,261.00"
2021-01-04,2021010403016247,KMCDB,58,7,270,873.00,"235,710.00"
2021-01-04,2021010403016243,KMCDB,25,53,10,883.00,"8,830.00"
2021-01-04,2021010403016188,KMCDB,25,7,40,874.00,"34,960.00"
2021-01-04,2021010403016148,KMCDB,26,7,40,876.00,"35,040.00"
2021-01-04,2021010403016093,KMCDB,26,57,10,876.00,"8,760.00"
2021-01-04,2021010403016284,KRBL,36,32,500,136.00,"68,000.00"
2021-01-04,2021010403016176,KSBBL,57,48,548,219.00,"120,012.00"
2021-01-04,2021010403016175,KSBBL,41,48,200,219.00,"43,800.00"
2021-01-04,2021010403016174,KSBBL,46,48,80,219.00,"17,520.00"
2021-01-04,2021010403015961,KSBBL,46,35,920,219.00,"201,480.00"
2021-01-04,2021010403015960,KSBBL,51,35,80,219.00,"17,520.00"
2021-01-04,2021010403015859,LBBL,54,25,50,206.00,"10,300.00"
2021-01-04,2021010403016184,LICN,29,14,50,"1,990.00","99,500.00"
2021-01-04,2021010403016087,LICN,42,14,30,"1,990.00","59,700.00"
2021-01-04,2021010403016051,LICN,50,14,35,"1,990.00","69,650.00"
2021-01-04,2021010403015839,LICN,29,14,50,"1,994.00","99,700.00"
2021-01-04,2021010403016142,MERO,32,53,50,906.00,"45,300.00"
2021-01-04,2021010403015924,MERO,50,7,27,901.00,"24,327.00"
2021-01-04,2021010403015923,MERO,50,49,200,900.00,"180,000.00"
2021-01-04,2021010403015922,MERO,50,1,100,900.00,"90,000.00"
2021-01-04,2021010403015921,MERO,50,50,39,900.00,"35,100.00"
2021-01-04,2021010403015928,MERO,50,45,20,905.00,"18,100.00"
2021-01-04,2021010403015927,MERO,50,57,30,904.00,"27,120.00"
2021-01-04,2021010403015926,MERO,50,43,173,902.00,"156,046.00"
2021-01-04,2021010403015925,MERO,50,40,80,901.00,"72,080.00"
2021-01-04,2021010403016126,MFIL,34,49,100,325.00,"32,500.00"
2021-01-04,2021010403016294,MLBBL,36,42,10,"1,247.00","12,470.00"
2021-01-04,2021010403016180,MLBL,34,8,500,240.00,"120,000.00"
2021-01-04,2021010403016179,MLBL,34,1,500,239.00,"119,500.00"
2021-01-04,2021010403016026,MLBL,55,11,69,239.00,"16,491.00"
2021-01-04,2021010403016025,MLBL,55,49,23,239.00,"5,497.00"
2021-01-04,2021010403016024,MLBL,55,45,"1,140",239.00,"272,460.00"
2021-01-04,2021010403015945,MLBL,1,11,16,238.00,"3,808.00"
2021-01-04,2021010403015944,MLBL,56,11,18,238.00,"4,284.00"
2021-01-04,2021010403015955,MMFDB,1,51,171,"1,114.00","190,494.00"
2021-01-04,2021010403015905,MMFDB,47,41,500,"1,115.00","557,500.00"
2021-01-04,2021010403015888,MMFDB,50,14,100,"1,099.00","109,900.00"
2021-01-04,2021010403016185,MNBBL,13,14,10,349.00,"3,490.00"
2021-01-04,2021010403016237,MSMBS,50,34,22,870.00,"19,140.00"
2021-01-04,2021010403016130,NFS,7,42,90,208.00,"18,720.00"
2021-01-04,2021010403015986,NFS,32,56,30,211.00,"6,330.00"
2021-01-04,2021010403016075,NLBBL,18,45,10,"1,123.00","11,230.00"
2021-01-04,2021010403016074,NLBBL,59,45,50,"1,123.00","56,150.00"
2021-01-04,2021010403016073,NLBBL,44,45,50,"1,123.00","56,150.00"
2021-01-04,2021010403015878,NLBBL,57,44,50,"1,130.00","56,500.00"
2021-01-04,2021010403015803,NLBBL,44,38,100,"1,140.00","114,000.00"
2021-01-04,2021010403015802,NLBBL,35,38,"1,255","1,140.00","1,430,700.00"
2021-01-04,2021010403015801,NLBBL,44,34,10,"1,144.00","11,440.00"
2021-01-04,2021010403016292,NLIC,49,33,50,"2,407.00","120,350.00"
2021-01-04,2021010403016265,NLIC,58,3,20,"2,408.00","48,160.00"
2021-01-04,2021010403016221,NLIC,58,17,135,"2,404.00","324,540.00"
2021-01-04,2021010403016178,NLIC,50,45,15,"2,409.00","36,135.00"
2021-01-04,2021010403016177,NLIC,50,59,15,"2,407.00","36,105.00"
2021-01-04,2021010403016168,NLIC,54,59,35,"2,407.00","84,245.00"
2021-01-04,2021010403015828,NLIC,57,41,20,"2,400.00","48,000.00"
2021-01-04,2021010403015822,NLIC,57,52,11,"2,400.00","26,400.00"
2021-01-04,2021010403015818,NLIC,35,21,100,"2,403.00","240,300.00"
2021-01-04,2021010403015817,NLIC,41,57,50,"2,400.00","120,000.00"
2021-01-04,2021010403015816,NLIC,53,57,100,"2,400.00","240,000.00"
2021-01-04,2021010403015886,NLIC,10,38,50,"2,400.00","120,000.00"
2021-01-04,2021010403015882,NLIC,33,21,25,"2,403.00","60,075.00"
2021-01-04,2021010403015877,NLIC,10,53,18,"2,400.00","43,200.00"
2021-01-04,2021010403015876,NLIC,10,21,34,"2,400.00","81,600.00"
2021-01-04,2021010403015875,NLIC,57,21,17,"2,400.00","40,800.00"
2021-01-04,2021010403015834,NLIC,57,42,22,"2,400.00","52,800.00"
2021-01-04,2021010403015992,NLIC,45,41,50,"2,405.00","120,250.00"
2021-01-04,2021010403015940,NLIC,28,21,56,"2,403.00","134,568.00"
2021-01-04,2021010403015935,NLIC,10,51,110,"2,400.00","264,000.00"
2021-01-04,2021010403015908,NLIC,35,21,50,"2,403.00","120,150.00"
2021-01-04,2021010403015907,NLIC,35,59,100,"2,400.00","240,000.00"
2021-01-04,2021010403015887,NLIC,10,26,22,"2,400.00","52,800.00"
2021-01-04,2021010403016021,NLIC,35,56,10,"2,400.00","24,000.00"
2021-01-04,2021010403016020,NLIC,10,56,766,"2,400.00","1,838,400.00"
2021-01-04,2021010403016019,NLIC,48,56,20,"2,401.00","48,020.00"
2021-01-04,2021010403016018,NLIC,28,56,144,"2,403.00","346,032.00"
2021-01-04,2021010403016017,NLIC,45,56,10,"2,405.00","24,050.00"
2021-01-04,2021010403015993,NLIC,45,59,40,"2,405.00","96,200.00"
2021-01-04,2021010403016084,NLIC,42,45,20,"2,405.00","48,100.00"
2021-01-04,2021010403016065,NLIC,42,36,22,"2,405.00","52,910.00"
2021-01-04,2021010403016060,NLIC,5,13,100,"2,406.00","240,600.00"
2021-01-04,2021010403016059,NLIC,58,25,15,"2,403.00","36,045.00"
2021-01-04,2021010403016028,NLIC,49,53,50,"2,400.00","120,000.00"
2021-01-04,2021010403016022,NLIC,49,56,50,"2,400.00","120,000.00"
2021-01-04,2021010403016167,NLIC,54,44,65,"2,407.00","156,455.00"
2021-01-04,2021010403016146,NLIC,13,44,50,"2,407.00","120,350.00"
2021-01-04,2021010403016145,NLIC,13,38,50,"2,407.00","120,350.00"
2021-01-04,2021010403016119,NLIC,29,38,100,"2,407.00","240,700.00"
2021-01-04,2021010403016089,NLIC,33,38,200,"2,407.00","481,400.00"
2021-01-04,2021010403016086,NLIC,58,3,100,"2,404.00","240,400.00"
2021-01-04,2021010403016248,NLICL,39,36,20,"1,142.00","22,840.00"
2021-01-04,2021010403016112,NLICL,58,13,440,"1,140.00","501,600.00"
2021-01-04,2021010403016102,NLICL,34,29,50,"1,134.00","56,700.00"
2021-01-04,2021010403016101,NLICL,19,29,50,"1,136.00","56,800.00"
2021-01-04,2021010403016083,NLICL,19,41,100,"1,136.00","113,600.00"
2021-01-04,2021010403016076,NLICL,19,41,50,"1,136.00","56,800.00"
2021-01-04,2021010403015897,NLICL,8,42,150,"1,136.00","170,400.00"
2021-01-04,2021010403015870,NLICL,8,41,250,"1,136.00","284,000.00"
2021-01-04,2021010403015863,NLICL,8,45,500,"1,135.00","567,500.00"
2021-01-04,2021010403015862,NLICL,8,29,100,"1,130.00","113,000.00"
2021-01-04,2021010403016045,NLICL,19,41,185,"1,135.00","209,975.00"
2021-01-04,2021010403016044,NLICL,19,51,20,"1,135.00","22,700.00"
2021-01-04,2021010403016011,NLICL,58,41,15,"1,135.00","17,025.00"
2021-01-04,2021010403015966,NLICL,58,36,200,"1,135.00","227,000.00"
2021-01-04,2021010403015941,NLICL,58,39,285,"1,135.00","323,475.00"
2021-01-04,2021010403015898,NLICL,5,42,50,"1,130.00","56,500.00"
2021-01-04,2021010403015885,NMBMF,25,21,57,990.00,"56,430.00"
2021-01-04,2021010403015852,NMBMF,47,19,15,993.00,"14,895.00"
2021-01-04,2021010403015851,NMBMF,47,19,20,993.00,"19,860.00"
2021-01-04,2021010403016295,NMFBS,57,25,26,"2,285.00","59,410.00"
2021-01-04,2021010403016291,NMFBS,38,7,20,"2,290.00","45,800.00"
2021-01-04,2021010403016272,NMFBS,57,21,16,"2,285.00","36,560.00"
2021-01-04,2021010403016232,NMFBS,21,7,10,"2,290.00","22,900.00"
2021-01-04,2021010403016226,NMFBS,42,37,16,"2,281.00","36,496.00"
2021-01-04,2021010403016225,NMFBS,58,37,10,"2,281.00","22,810.00"
2021-01-04,2021010403015982,NMFBS,21,26,50,"2,290.00","114,500.00"
2021-01-04,2021010403015970,NMFBS,19,26,40,"2,290.00","91,600.00"
2021-01-04,2021010403015807,NMFBS,22,26,10,"2,290.00","22,900.00"
2021-01-04,2021010403016290,NRIC,49,7,84,"1,529.00","128,436.00"
2021-01-04,2021010403016289,NRIC,49,22,20,"1,529.00","30,580.00"
2021-01-04,2021010403016288,NRIC,49,58,50,"1,528.00","76,400.00"
2021-01-04,2021010403016287,NRIC,49,5,75,"1,527.00","114,525.00"
2021-01-04,2021010403016267,NRIC,17,41,50,"1,523.00","76,150.00"
2021-01-04,2021010403016266,NRIC,32,41,250,"1,527.00","381,750.00"
2021-01-04,2021010403015849,NRIC,52,22,17,"1,519.00","25,823.00"
2021-01-04,2021010403015821,NRIC,36,22,33,"1,519.00","50,127.00"
2021-01-04,2021010403015799,NRIC,29,7,20,"1,520.00","30,400.00"
2021-01-04,2021010403015798,NRIC,29,26,40,"1,520.00","60,800.00"
2021-01-04,2021010403015874,NRIC,45,17,40,"1,525.00","61,000.00"
2021-01-04,2021010403015873,NRIC,45,26,50,"1,524.00","76,200.00"
2021-01-04,2021010403015872,NRIC,45,56,10,"1,524.00","15,240.00"
2021-01-04,2021010403015864,NRIC,57,32,57,"1,520.00","86,640.00"
2021-01-04,2021010403015854,NRIC,3,34,30,"1,517.00","45,510.00"
2021-01-04,2021010403015850,NRIC,52,32,43,"1,520.00","65,360.00"
2021-01-04,2021010403015894,NRIC,17,26,90,"1,525.00","137,250.00"
2021-01-04,2021010403015893,NRIC,17,22,10,"1,525.00","15,250.00"
2021-01-04,2021010403015892,NRIC,17,14,70,"1,525.00","106,750.00"
2021-01-04,2021010403015891,NRIC,17,6,193,"1,520.00","293,360.00"
2021-01-04,2021010403015890,NRIC,54,6,50,"1,520.00","76,000.00"
2021-01-04,2021010403015889,NRIC,29,6,57,"1,520.00","86,640.00"
2021-01-04,2021010403015939,NRIC,57,11,33,"1,520.00","50,160.00"
2021-01-04,2021010403015938,NRIC,35,11,10,"1,524.00","15,240.00"
2021-01-04,2021010403015937,NRIC,17,11,57,"1,525.00","86,925.00"
2021-01-04,2021010403015919,NRIC,17,17,20,"1,525.00","30,500.00"
2021-01-04,2021010403015916,NRIC,17,21,40,"1,525.00","61,000.00"
2021-01-04,2021010403015895,NRIC,17,42,20,"1,525.00","30,500.00"
2021-01-04,2021010403016027,NRIC,42,40,10,"1,525.00","15,250.00"
2021-01-04,2021010403015979,NRIC,1,44,59,"1,520.00","89,680.00"
2021-01-04,2021010403015978,NRIC,57,44,27,"1,520.00","41,040.00"
2021-01-04,2021010403015973,NRIC,57,38,40,"1,520.00","60,800.00"
2021-01-04,2021010403015971,NRIC,33,40,20,"1,525.00","30,500.00"
2021-01-04,2021010403015947,NRIC,45,32,200,"1,526.00","305,200.00"
2021-01-04,2021010403016067,NRIC,26,18,100,"1,520.00","152,000.00"
2021-01-04,2021010403016066,NRIC,1,18,151,"1,520.00","229,520.00"
2021-01-04,2021010403016046,NRIC,59,52,20,"1,525.00","30,500.00"
2021-01-04,2021010403016031,NRIC,1,22,40,"1,520.00","60,800.00"
2021-01-04,2021010403016030,NRIC,37,52,40,"1,525.00","61,000.00"
2021-01-04,2021010403016029,NRIC,37,40,70,"1,525.00","106,750.00"
2021-01-04,2021010403016098,NRIC,32,6,20,"1,521.00","30,420.00"
2021-01-04,2021010403016072,NRIC,19,44,20,"1,525.00","30,500.00"
2021-01-04,2021010403016071,NRIC,19,42,40,"1,525.00","61,000.00"
2021-01-04,2021010403016070,NRIC,19,52,40,"1,525.00","61,000.00"
2021-01-04,2021010403016069,NRIC,44,18,29,"1,520.00","44,080.00"
2021-01-04,2021010403016068,NRIC,35,18,10,"1,520.00","15,200.00"
2021-01-04,2021010403016141,NRIC,32,49,80,"1,521.00","121,680.00"
2021-01-04,2021010403016140,NRIC,6,49,70,"1,522.00","106,540.00"
2021-01-04,2021010403016139,NRIC,45,49,10,"1,524.00","15,240.00"
2021-01-04,2021010403016129,NRIC,6,29,30,"1,522.00","45,660.00"
2021-01-04,2021010403016128,NRIC,19,29,10,"1,525.00","15,250.00"
2021-01-04,2021010403016127,NRIC,19,34,10,"1,524.00","15,240.00"
2021-01-04,2021010403016235,NRIC,59,5,25,"1,527.00","38,175.00"
2021-01-04,2021010403016234,NRIC,59,34,10,"1,526.00","15,260.00"
2021-01-04,2021010403016223,NRIC,45,57,12,"1,524.00","18,288.00"
2021-01-04,2021010403016215,NRIC,49,34,21,"1,522.00","31,962.00"
2021-01-04,2021010403016183,NRIC,57,56,30,"1,523.00","45,690.00"
2021-01-04,2021010403016143,NRIC,42,57,28,"1,524.00","42,672.00"
2021-01-04,2021010403016264,NRIC,17,57,10,"1,523.00","15,230.00"
2021-01-04,2021010403016263,NRIC,41,57,10,"1,523.00","15,230.00"
2021-01-04,2021010403016262,NRIC,14,57,20,"1,523.00","30,460.00"
2021-01-04,2021010403016260,NRIC,28,35,100,"1,526.00","152,600.00"
2021-01-04,2021010403016246,NRIC,6,57,10,"1,526.00","15,260.00"
2021-01-04,2021010403016236,NRIC,42,42,50,"1,524.00","76,200.00"
2021-01-04,2021010403016241,NRN,47,20,100,353.00,"35,300.00"
2021-01-04,2021010403015981,NRN,51,13,80,354.00,"28,320.00"
2021-01-04,2021010403015980,NRN,3,13,10,354.00,"3,540.00"
2021-01-04,2021010403015965,NRN,3,13,10,354.00,"3,540.00"
2021-01-04,2021010403015918,NRN,3,35,80,354.00,"28,320.00"
2021-01-04,2021010403015853,NRN,48,35,20,354.00,"7,080.00"
2021-01-04,2021010403015832,NRN,47,52,10,353.00,"3,530.00"
2021-01-04,2021010403016270,NTC,6,7,200,"1,288.00","257,600.00"
2021-01-04,2021010403016269,NTC,57,7,250,"1,288.00","322,000.00"
2021-01-04,2021010403016268,NTC,42,7,50,"1,290.00","64,500.00"
2021-01-04,2021010403016259,NTC,6,49,50,"1,288.00","64,400.00"
2021-01-04,2021010403016214,NTC,37,54,45,"1,288.00","57,960.00"
2021-01-04,2021010403016213,NTC,10,54,25,"1,288.00","32,200.00"
2021-01-04,2021010403015843,NTC,47,1,100,"1,285.00","128,500.00"
2021-01-04,2021010403015842,NTC,44,1,50,"1,285.00","64,250.00"
2021-01-04,2021010403015841,NTC,44,1,220,"1,287.00","283,140.00"
2021-01-04,2021010403015833,NTC,41,37,50,"1,290.00","64,500.00"
2021-01-04,2021010403015858,NTC,21,52,10,"1,285.00","12,850.00"
2021-01-04,2021010403015848,NTC,6,53,150,"1,291.00","193,650.00"
2021-01-04,2021010403015847,NTC,6,50,100,"1,290.00","129,000.00"
2021-01-04,2021010403015846,NTC,6,46,19,"1,290.00","24,510.00"
2021-01-04,2021010403015845,NTC,6,37,32,"1,290.00","41,280.00"
2021-01-04,2021010403015844,NTC,21,1,30,"1,285.00","38,550.00"
2021-01-04,2021010403015917,NTC,36,21,15,"1,287.00","19,305.00"
2021-01-04,2021010403015904,NTC,34,58,252,"1,295.00","326,340.00"
2021-01-04,2021010403015903,NTC,34,29,100,"1,295.00","129,500.00"
2021-01-04,2021010403015902,NTC,34,29,10,"1,295.00","12,950.00"
2021-01-04,2021010403015901,NTC,34,51,88,"1,295.00","113,960.00"
2021-01-04,2021010403015860,NTC,34,53,50,"1,291.00","64,550.00"
2021-01-04,2021010403016118,NTC,21,48,100,"1,295.00","129,500.00"
2021-01-04,2021010403016107,NTC,6,45,200,"1,290.00","258,000.00"
2021-01-04,2021010403015972,NTC,45,42,225,"1,290.00","290,250.00"
2021-01-04,2021010403015964,NTC,34,58,98,"1,295.00","126,910.00"
2021-01-04,2021010403015957,NTC,45,21,75,"1,290.00","96,750.00"
2021-01-04,2021010403015956,NTC,36,21,25,"1,291.00","32,275.00"
2021-01-04,2021010403016206,NTC,10,49,100,"1,299.00","129,900.00"
2021-01-04,2021010403016205,NTC,10,20,500,"1,298.00","649,000.00"
2021-01-04,2021010403016204,NTC,10,1,385,"1,290.00","496,650.00"
2021-01-04,2021010403016125,NTC,45,1,50,"1,290.00","64,500.00"
2021-01-04,2021010403016124,NTC,6,1,50,"1,290.00","64,500.00"
2021-01-04,2021010403016123,NTC,21,1,15,"1,295.00","19,425.00"
2021-01-04,2021010403016212,NTC,10,48,10,"1,300.00","13,000.00"
2021-01-04,2021010403016211,NTC,10,38,10,"1,300.00","13,000.00"
2021-01-04,2021010403016210,NTC,10,11,175,"1,300.00","227,500.00"
2021-01-04,2021010403016209,NTC,10,47,50,"1,300.00","65,000.00"
2021-01-04,2021010403016208,NTC,10,39,255,"1,299.00","331,245.00"
2021-01-04,2021010403016207,NTC,10,38,15,"1,299.00","19,485.00"
2021-01-04,2021010403016039,NUBL,49,56,100,"1,320.00","132,000.00"
2021-01-04,2021010403015958,NUBL,57,22,10,"1,329.00","13,290.00"
2021-01-04,2021010403016296,OHL,33,55,250,472.00,"118,000.00"
2021-01-04,2021010403015967,PFL,17,25,27,171.00,"4,617.00"
2021-01-04,2021010403016163,PLIC,42,6,50,775.00,"38,750.00"
2021-01-04,2021010403016162,PLIC,53,33,50,780.00,"39,000.00"
2021-01-04,2021010403016161,PLIC,53,44,50,779.00,"38,950.00"
2021-01-04,2021010403016043,RLFL,55,44,800,167.00,"133,600.00"
2021-01-04,2021010403016042,RLFL,32,44,50,167.00,"8,350.00"
2021-01-04,2021010403016041,RLFL,57,44,"1,000",167.00,"167,000.00"
2021-01-04,2021010403016040,RLFL,45,44,150,167.00,"25,050.00"
2021-01-04,2021010403015869,RLFL,56,19,200,168.00,"33,600.00"
2021-01-04,2021010403016286,RLI,43,34,35,608.00,"21,280.00"
2021-01-04,2021010403016285,RLI,48,34,140,608.00,"85,120.00"
2021-01-04,2021010403016203,RLI,48,1,10,608.00,"6,080.00"
2021-01-04,2021010403016186,RLI,48,57,10,608.00,"6,080.00"
2021-01-04,2021010403016103,RLI,48,49,40,608.00,"24,320.00"
2021-01-04,2021010403016090,RLI,29,34,40,609.00,"24,360.00"
2021-01-04,2021010403015831,RLI,11,57,120,610.00,"73,200.00"
2021-01-04,2021010403015830,RLI,4,57,50,610.00,"30,500.00"
2021-01-04,2021010403015829,RLI,34,57,70,611.00,"42,770.00"
2021-01-04,2021010403015819,RLI,34,42,10,611.00,"6,110.00"
2021-01-04,2021010403015881,RLI,45,38,10,609.00,"6,090.00"
2021-01-04,2021010403015880,RLI,45,44,980,609.00,"596,820.00"
2021-01-04,2021010403015879,RLI,45,44,920,609.00,"560,280.00"
2021-01-04,2021010403015865,RLI,45,6,10,609.00,"6,090.00"
2021-01-04,2021010403015861,RLI,45,35,10,609.00,"6,090.00"
2021-01-04,2021010403015838,RLI,11,55,380,610.00,"231,800.00"
2021-01-04,2021010403016054,RLI,53,34,200,609.00,"121,800.00"
2021-01-04,2021010403016052,RLI,58,26,10,609.00,"6,090.00"
2021-01-04,2021010403015994,RLI,58,26,10,609.00,"6,090.00"
2021-01-04,2021010403015985,RLI,38,55,20,610.00,"12,200.00"
2021-01-04,2021010403015954,RLI,58,57,10,609.00,"6,090.00"
2021-01-04,2021010403015920,RLI,45,42,10,609.00,"6,090.00"
2021-01-04,2021010403016049,RMDC,39,13,19,"1,180.00","22,420.00"
2021-01-04,2021010403016048,RMDC,39,58,21,"1,180.00","24,780.00"
2021-01-04,2021010403015915,RMDC,56,39,100,"1,170.00","117,000.00"
2021-01-04,2021010403015914,RMDC,19,39,50,"1,170.00","58,500.00"
2021-01-04,2021010403015883,RMDC,11,39,635,"1,174.00","745,490.00"
2021-01-04,2021010403016271,RSDC,45,41,55,585.00,"32,175.00"
2021-01-04,2021010403016092,RSDC,45,21,25,585.00,"14,625.00"
2021-01-04,2021010403016091,RSDC,58,21,70,585.00,"40,950.00"
2021-01-04,2021010403015942,RSDC,58,25,10,585.00,"5,850.00"
2021-01-04,2021010403016276,SABSL,44,32,11,"1,079.00","11,869.00"
2021-01-04,2021010403016275,SABSL,44,6,11,"1,074.00","11,814.00"
2021-01-04,2021010403016274,SABSL,44,17,11,"1,073.00","11,803.00"
2021-01-04,2021010403016273,SABSL,44,7,32,"1,073.00","34,336.00"
2021-01-04,2021010403016227,SABSL,44,7,18,"1,073.00","19,314.00"
2021-01-04,2021010403016160,SABSL,44,57,30,"1,072.00","32,160.00"
2021-01-04,2021010403016080,SABSL,44,22,11,"1,052.00","11,572.00"
2021-01-04,2021010403016079,SABSL,44,52,11,"1,051.00","11,561.00"
2021-01-04,2021010403016047,SABSL,44,44,11,"1,050.00","11,550.00"
2021-01-04,2021010403015968,SABSL,44,38,11,"1,050.00","11,550.00"
2021-01-04,2021010403016153,SABSL,44,41,10,"1,070.00","10,700.00"
2021-01-04,2021010403016152,SABSL,44,52,43,"1,069.00","45,967.00"
2021-01-04,2021010403016151,SABSL,44,45,11,"1,065.00","11,715.00"
2021-01-04,2021010403016095,SABSL,21,25,100,"1,051.00","105,100.00"
2021-01-04,2021010403016082,SABSL,44,22,11,"1,055.00","11,605.00"
2021-01-04,2021010403016081,SABSL,44,57,11,"1,055.00","11,605.00"
2021-01-04,2021010403016159,SABSL,44,36,11,"1,071.00","11,781.00"
2021-01-04,2021010403016158,SABSL,44,22,33,"1,070.00","35,310.00"
2021-01-04,2021010403016157,SABSL,44,32,11,"1,070.00","11,770.00"
2021-01-04,2021010403016156,SABSL,44,49,11,"1,070.00","11,770.00"
2021-01-04,2021010403016155,SABSL,44,34,11,"1,070.00","11,770.00"
2021-01-04,2021010403016154,SABSL,44,26,11,"1,070.00","11,770.00"
2021-01-04,2021010403016122,SAPDBL,52,21,40,144.00,"5,760.00"
2021-01-04,2021010403016121,SAPDBL,52,21,20,145.00,"2,900.00"
2021-01-04,2021010403016120,SAPDBL,6,21,10,145.00,"1,450.00"
2021-01-04,2021010403016256,SDLBSL,6,35,20,"1,045.00","20,900.00"
2021-01-04,2021010403016255,SDLBSL,6,48,30,"1,036.00","31,080.00"
2021-01-04,2021010403016254,SDLBSL,6,17,10,"1,035.00","10,350.00"
2021-01-04,2021010403016253,SDLBSL,6,21,100,"1,030.00","103,000.00"
2021-01-04,2021010403016252,SDLBSL,6,13,10,"1,030.00","10,300.00"
2021-01-04,2021010403016251,SDLBSL,6,13,10,"1,030.00","10,300.00"
2021-01-04,2021010403016013,SDLBSL,6,38,10,"1,020.00","10,200.00"
2021-01-04,2021010403016012,SDLBSL,6,18,10,"1,006.00","10,060.00"
2021-01-04,2021010403015900,SDLBSL,40,57,10,"1,005.00","10,050.00"
2021-01-04,2021010403015837,SDLBSL,40,38,10,"1,005.00","10,050.00"
2021-01-04,2021010403016250,SDLBSL,6,39,10,"1,030.00","10,300.00"
2021-01-04,2021010403016249,SDLBSL,6,29,10,"1,010.00","10,100.00"
2021-01-04,2021010403016116,SDLBSL,6,54,10,"1,030.00","10,300.00"
2021-01-04,2021010403016016,SDLBSL,6,14,20,"1,025.00","20,500.00"
2021-01-04,2021010403016015,SDLBSL,6,26,50,"1,025.00","51,250.00"
2021-01-04,2021010403016014,SDLBSL,6,49,10,"1,020.00","10,200.00"
2021-01-04,2021010403016064,SHINE,42,42,30,237.00,"7,110.00"
2021-01-04,2021010403015913,SHINE,42,25,31,237.00,"7,347.00"
2021-01-04,2021010403016293,SHL,56,17,120,196.00,"23,520.00"
2021-01-04,2021010403016149,SHL,44,17,100,196.00,"19,600.00"
2021-01-04,2021010403016077,SHL,36,52,500,196.00,"98,000.00"
2021-01-04,2021010403015984,SKBBL,48,45,50,"1,458.00","72,900.00"
2021-01-04,2021010403015983,SKBBL,6,53,100,"1,455.00","145,500.00"
2021-01-04,2021010403015912,SLBBL,58,21,310,"1,099.00","340,690.00"
2021-01-04,2021010403015911,SLBBL,48,21,100,"1,100.00","110,000.00"
2021-01-04,2021010403015910,SLBBL,57,21,40,"1,100.00","44,000.00"
2021-01-04,2021010403015909,SLBBL,44,21,50,"1,100.00","55,000.00"
2021-01-04,2021010403016245,SLBS,42,14,14,"1,320.00","18,480.00"
2021-01-04,2021010403016222,SLBSL,1,21,13,947.00,"12,311.00"
2021-01-04,2021010403016297,SLICL,16,10,282,686.00,"193,452.00"
2021-01-04,2021010403016278,SLICL,33,10,100,686.00,"68,600.00"
2021-01-04,2021010403016258,SLICL,32,10,12,686.00,"8,232.00"
2021-01-04,2021010403016233,SLICL,42,10,200,686.00,"137,200.00"
2021-01-04,2021010403016088,SLICL,25,10,300,686.00,"205,800.00"
2021-01-04,2021010403015815,SLICL,16,10,200,686.00,"137,200.00"
2021-01-04,2021010403015808,SLICL,59,10,20,693.00,"13,860.00"
2021-01-04,2021010403015814,SLICL,45,10,"1,000",686.00,"686,000.00"
2021-01-04,2021010403015813,SLICL,57,10,107,686.00,"73,402.00"
2021-01-04,2021010403015812,SLICL,50,10,300,686.00,"205,800.00"
2021-01-04,2021010403015811,SLICL,40,10,400,686.00,"274,400.00"
2021-01-04,2021010403015810,SLICL,32,10,18,686.00,"12,348.00"
2021-01-04,2021010403015809,SLICL,29,10,61,686.00,"41,846.00"
2021-01-04,2021010403016257,SMFBS,34,34,11,"1,337.00","14,707.00"
2021-01-04,2021010403016231,SMFBS,34,10,12,"1,330.00","15,960.00"
2021-01-04,2021010403016230,SMFBS,34,22,15,"1,330.00","19,950.00"
2021-01-04,2021010403016229,SMFBS,34,8,100,"1,318.00","131,800.00"
2021-01-04,2021010403016228,SMFBS,34,41,12,"1,318.00","15,816.00"
2021-01-04,2021010403016279,SWBBL,36,33,20,"1,660.00","33,200.00"
2021-01-04,2021010403016224,SWBBL,33,35,63,"1,654.00","104,202.00"
2021-01-04,2021010403016182,TRH,45,35,230,296.00,"68,080.00"
2021-01-04,2021010403015946,USLB,52,38,25,"1,333.00","33,325.00"
2021-01-04,2021010403015836,USLB,11,38,15,"1,333.00","19,995.00"
2021-01-04,2021010403015751,ALBSL,5,21,11,"1,100.00","12,100.00"
2021-01-04,2021010403015750,ALBSL,11,49,10,"1,110.00","11,100.00"
2021-01-04,2021010403015474,ALICL,44,50,100,950.00,"95,000.00"
2021-01-04,2021010403015354,ALICL,58,50,20,950.00,"19,000.00"
2021-01-04,2021010403015353,ALICL,53,50,100,950.00,"95,000.00"
2021-01-04,2021010403015413,BFC,6,37,155,140.00,"21,700.00"
2021-01-04,2021010403015479,CBBL,35,10,50,"1,199.00","59,950.00"
2021-01-04,2021010403015434,CBBL,36,5,400,"1,200.00","480,000.00"
2021-01-04,2021010403015364,CBBL,7,5,90,"1,200.00","108,000.00"
2021-01-04,2021010403015363,CBBL,7,38,10,"1,200.00","12,000.00"
2021-01-04,2021010403015795,CIT,1,50,10,"3,418.00","34,180.00"
2021-01-04,2021010403015794,CIT,1,25,30,"3,410.00","102,300.00"
2021-01-04,2021010403015793,CIT,1,57,100,"3,405.00","340,500.00"
2021-01-04,2021010403015789,CIT,35,49,95,"3,402.00","323,190.00"
2021-01-04,2021010403015788,CIT,20,49,15,"3,403.00","51,045.00"
2021-01-04,2021010403015787,CIT,32,49,10,"3,405.00","34,050.00"
2021-01-04,2021010403015368,CIT,41,17,30,"3,412.00","102,360.00"
2021-01-04,2021010403015367,CIT,6,17,10,"3,412.00","34,120.00"
2021-01-04,2021010403015366,CIT,6,17,10,"3,415.00","34,150.00"
2021-01-04,2021010403015670,CIT,13,49,40,"3,405.00","136,200.00"
2021-01-04,2021010403015669,CIT,57,49,50,"3,406.00","170,300.00"
2021-01-04,2021010403015664,CIT,49,25,20,"3,410.00","68,200.00"
2021-01-04,2021010403015663,CIT,41,25,50,"3,410.00","170,500.00"
2021-01-04,2021010403015606,CIT,45,25,20,"3,411.00","68,220.00"
2021-01-04,2021010403015429,CIT,41,38,30,"3,412.00","102,360.00"
2021-01-04,2021010403015774,CIT,32,4,10,"3,405.00","34,050.00"
2021-01-04,2021010403015770,CIT,22,4,10,"3,405.00","34,050.00"
2021-01-04,2021010403015728,CIT,57,49,100,"3,403.00","340,300.00"
2021-01-04,2021010403015726,CIT,1,25,80,"3,410.00","272,800.00"
2021-01-04,2021010403015725,CIT,1,1,10,"3,406.00","34,060.00"
2021-01-04,2021010403015724,CIT,1,49,10,"3,405.00","34,050.00"
2021-01-04,2021010403015501,CLBSL,21,33,58,799.00,"46,342.00"
2021-01-04,2021010403015500,CLBSL,57,33,20,799.00,"15,980.00"
2021-01-04,2021010403015499,CLBSL,6,33,27,799.00,"21,573.00"
2021-01-04,2021010403015377,CLBSL,42,33,10,800.00,"8,000.00"
2021-01-04,2021010403015376,CLBSL,49,33,10,800.00,"8,000.00"
2021-01-04,2021010403015375,CLBSL,32,33,25,800.00,"20,000.00"
2021-01-04,2021010403015374,CLBSL,57,33,50,800.00,"40,000.00"
2021-01-04,2021010403015714,DDBL,45,17,73,"1,395.00","101,835.00"
2021-01-04,2021010403015713,DDBL,57,17,10,"1,396.00","13,960.00"
2021-01-04,2021010403015712,DDBL,49,17,80,"1,396.00","111,680.00"
2021-01-04,2021010403015711,DDBL,34,17,100,"1,400.00","140,000.00"
2021-01-04,2021010403015710,DDBL,21,17,250,"1,400.00","350,000.00"
2021-01-04,2021010403015709,DDBL,38,17,100,"1,400.00","140,000.00"
2021-01-04,2021010403015302,DDBL,43,14,30,"1,410.00","42,300.00"
2021-01-04,2021010403015308,DDBL,34,14,50,"1,400.00","70,000.00"
2021-01-04,2021010403015307,DDBL,5,14,20,"1,400.00","28,000.00"
2021-01-04,2021010403015306,DDBL,34,14,200,"1,401.00","280,200.00"
2021-01-04,2021010403015305,DDBL,6,14,50,"1,401.00","70,050.00"
2021-01-04,2021010403015304,DDBL,6,14,20,"1,405.00","28,100.00"
2021-01-04,2021010403015303,DDBL,13,14,27,"1,409.00","38,043.00"
2021-01-04,2021010403015708,DDBL,34,17,20,"1,400.00","28,000.00"
2021-01-04,2021010403015707,DDBL,45,17,197,"1,400.00","275,800.00"
2021-01-04,2021010403015706,DDBL,6,17,100,"1,401.00","140,100.00"
2021-01-04,2021010403015705,DDBL,38,17,70,"1,401.00","98,070.00"
2021-01-04,2021010403015660,DDBL,56,35,100,"1,405.00","140,500.00"
2021-01-04,2021010403015309,DDBL,45,14,303,"1,400.00","424,200.00"
2021-01-04,2021010403015497,FMDBL,5,34,100,587.00,"58,700.00"
2021-01-04,2021010403015401,FMDBL,45,29,100,590.00,"59,000.00"
2021-01-04,2021010403015359,FOWAD,58,45,30,"2,296.00","68,880.00"
2021-01-04,2021010403015358,FOWAD,49,45,20,"2,297.00","45,940.00"
2021-01-04,2021010403015324,FOWAD,58,29,135,"2,296.00","309,960.00"
2021-01-04,2021010403015323,FOWAD,47,29,10,"2,296.00","22,960.00"
2021-01-04,2021010403015322,FOWAD,3,29,200,"2,296.00","459,200.00"
2021-01-04,2021010403015321,FOWAD,47,29,10,"2,297.00","22,970.00"
2021-01-04,2021010403015314,FOWAD,38,29,50,"2,300.00","115,000.00"
2021-01-04,2021010403015320,FOWAD,47,29,10,"2,297.00","22,970.00"
2021-01-04,2021010403015319,FOWAD,47,29,10,"2,298.00","22,980.00"
2021-01-04,2021010403015318,FOWAD,47,29,15,"2,298.00","34,470.00"
2021-01-04,2021010403015317,FOWAD,47,29,10,"2,298.00","22,980.00"
2021-01-04,2021010403015316,FOWAD,35,29,10,"2,298.00","22,980.00"
2021-01-04,2021010403015315,FOWAD,47,29,18,"2,298.00","41,364.00"
2021-01-04,2021010403015779,GBBL,25,57,30,313.00,"9,390.00"
2021-01-04,2021010403015722,GBBL,1,39,193,309.00,"59,637.00"
2021-01-04,2021010403015701,GBBL,35,39,825,309.00,"254,925.00"
2021-01-04,2021010403015700,GBBL,6,39,500,309.00,"154,500.00"
2021-01-04,2021010403015699,GBBL,6,39,150,309.00,"46,350.00"
2021-01-04,2021010403015698,GBBL,57,39,100,309.00,"30,900.00"
2021-01-04,2021010403015685,GBBL,41,39,20,311.00,"6,220.00"
2021-01-04,2021010403015684,GBBL,6,39,500,312.00,"156,000.00"
2021-01-04,2021010403015683,GBBL,42,39,160,312.00,"49,920.00"
2021-01-04,2021010403015682,GBBL,59,39,50,312.00,"15,600.00"
2021-01-04,2021010403015504,GBBL,32,57,150,313.00,"46,950.00"
2021-01-04,2021010403015691,GBBL,26,39,200,310.00,"62,000.00"
2021-01-04,2021010403015690,GBBL,22,39,200,310.00,"62,000.00"
2021-01-04,2021010403015689,GBBL,14,39,50,311.00,"15,550.00"
2021-01-04,2021010403015688,GBBL,58,39,200,311.00,"62,200.00"
2021-01-04,2021010403015687,GBBL,54,39,500,311.00,"155,500.00"
2021-01-04,2021010403015686,GBBL,45,39,50,311.00,"15,550.00"
2021-01-04,2021010403015697,GBBL,4,39,"2,000",309.00,"618,000.00"
2021-01-04,2021010403015696,GBBL,6,39,"1,330",309.00,"410,970.00"
2021-01-04,2021010403015695,GBBL,10,39,"1,000",310.00,"310,000.00"
2021-01-04,2021010403015694,GBBL,58,39,200,310.00,"62,000.00"
2021-01-04,2021010403015693,GBBL,38,39,500,310.00,"155,000.00"
2021-01-04,2021010403015692,GBBL,57,39,"1,272",310.00,"394,320.00"
2021-01-04,2021010403015758,GBLBS,7,7,295,589.00,"173,755.00"
2021-01-04,2021010403015618,GBLBS,7,34,105,589.00,"61,845.00"
2021-01-04,2021010403015617,GBLBS,25,34,10,589.00,"5,890.00"
2021-01-04,2021010403015362,GILB,52,45,100,"1,379.00","137,900.00"
2021-01-04,2021010403015361,GILB,52,6,42,"1,378.00","57,876.00"
2021-01-04,2021010403015565,GLICL,45,50,20,626.00,"12,520.00"
2021-01-04,2021010403015419,GLICL,57,49,10,627.00,"6,270.00"
2021-01-04,2021010403015394,GLICL,42,42,25,623.00,"15,575.00"
2021-01-04,2021010403015393,GLICL,41,42,40,623.00,"24,920.00"
2021-01-04,2021010403015392,GLICL,34,42,29,625.00,"18,125.00"
2021-01-04,2021010403015717,GMFBS,18,52,10,"1,020.00","10,200.00"
2021-01-04,2021010403015716,GMFBS,18,25,53,"1,019.00","54,007.00"
2021-01-04,2021010403015715,GMFBS,18,47,10,"1,018.00","10,180.00"
2021-01-04,2021010403015616,GMFIL,58,14,20,208.00,"4,160.00"
2021-01-04,2021010403015598,GMFIL,41,14,300,208.00,"62,400.00"
2021-01-04,2021010403015556,GMFIL,52,14,10,208.00,"2,080.00"
2021-01-04,2021010403015415,GMFIL,52,35,120,209.00,"25,080.00"
2021-01-04,2021010403015763,GRDBL,57,41,10,148.00,"1,480.00"
2021-01-04,2021010403015720,GRDBL,52,21,50,147.00,"7,350.00"
2021-01-04,2021010403015668,GRDBL,57,41,10,148.00,"1,480.00"
2021-01-04,2021010403015566,GRDBL,57,41,10,148.00,"1,480.00"
2021-01-04,2021010403015463,GRDBL,57,41,10,148.00,"1,480.00"
2021-01-04,2021010403015398,GUFL,5,28,900,205.00,"184,500.00"
2021-01-04,2021010403015397,GUFL,43,28,"1,000",206.00,"206,000.00"
2021-01-04,2021010403015734,HIDCL,29,21,31,264.00,"8,184.00"
2021-01-04,2021010403015702,HIDCL,29,51,18,265.00,"4,770.00"
2021-01-04,2021010403015662,HIDCL,29,52,13,264.00,"3,432.00"
2021-01-04,2021010403015658,HIDCL,29,55,37,264.00,"9,768.00"
2021-01-04,2021010403015588,HIDCL,29,48,61,264.00,"16,104.00"
2021-01-04,2021010403015369,ICFC,58,55,23,267.00,"6,141.00"
2021-01-04,2021010403015782,ILBS,32,52,11,"1,045.00","11,495.00"
2021-01-04,2021010403015762,ILBS,32,8,28,"1,045.00","29,260.00"
2021-01-04,2021010403015761,ILBS,3,8,87,"1,047.00","91,089.00"
2021-01-04,2021010403015760,ILBS,3,8,10,"1,047.00","10,470.00"
2021-01-04,2021010403015759,ILBS,21,8,100,"1,050.00","105,000.00"
2021-01-04,2021010403015629,ILBS,39,14,100,"1,050.00","105,000.00"
2021-01-04,2021010403015628,ILBS,25,14,50,"1,050.00","52,500.00"
2021-01-04,2021010403015627,ILBS,3,14,200,"1,051.00","210,200.00"
2021-01-04,2021010403015626,ILBS,57,14,100,"1,052.00","105,200.00"
2021-01-04,2021010403015625,ILBS,57,14,100,"1,052.00","105,200.00"
2021-01-04,2021010403015624,ILBS,22,14,45,"1,053.00","47,385.00"
2021-01-04,2021010403015553,ILBS,22,34,22,"1,053.00","23,166.00"
2021-01-04,2021010403015783,JBBL,51,34,500,230.00,"115,000.00"
2021-01-04,2021010403015746,JBBL,4,45,100,229.00,"22,900.00"
2021-01-04,2021010403015577,JBBL,4,39,150,229.00,"34,350.00"
2021-01-04,2021010403015355,JBBL,4,58,50,229.00,"11,450.00"
2021-01-04,2021010403015311,JBBL,4,44,18,229.00,"4,122.00"
2021-01-04,2021010403015310,JBBL,4,14,609,229.00,"139,461.00"
2021-01-04,2021010403015589,JFL,4,46,80,254.00,"20,320.00"
2021-01-04,2021010403015371,JFL,4,25,100,254.00,"25,400.00"
2021-01-04,2021010403015335,JFL,4,25,94,254.00,"23,876.00"
2021-01-04,2021010403015326,KLBSL,16,44,151,"1,189.00","179,539.00"
2021-01-04,2021010403015325,KLBSL,16,26,24,"1,189.00","28,536.00"
2021-01-04,2021010403015796,KMCDB,25,35,10,884.00,"8,840.00"
2021-01-04,2021010403015661,KMCDB,25,33,126,874.00,"110,124.00"
2021-01-04,2021010403015582,KMCDB,25,35,10,884.00,"8,840.00"
2021-01-04,2021010403015373,KMCDB,25,10,24,874.00,"20,976.00"
2021-01-04,2021010403015372,KMCDB,34,10,50,875.00,"43,750.00"
2021-01-04,2021010403015769,LBBL,28,51,350,207.00,"72,450.00"
2021-01-04,2021010403015665,LBBL,11,33,"1,000",207.00,"207,000.00"
2021-01-04,2021010403015642,LBBL,28,41,150,207.00,"31,050.00"
2021-01-04,2021010403015585,LBBL,58,41,20,207.00,"4,140.00"
2021-01-04,2021010403015640,LICN,25,14,10,"1,994.00","19,940.00"
2021-01-04,2021010403015560,MDB,17,57,119,325.00,"38,675.00"
2021-01-04,2021010403015522,MDB,13,17,20,326.00,"6,520.00"
2021-01-04,2021010403015521,MDB,51,17,50,326.00,"16,300.00"
2021-01-04,2021010403015520,MDB,1,17,200,326.00,"65,200.00"
2021-01-04,2021010403015519,MDB,1,17,300,326.00,"97,800.00"
2021-01-04,2021010403015495,MDB,42,17,245,328.00,"80,360.00"
2021-01-04,2021010403015494,MDB,57,17,20,328.00,"6,560.00"
2021-01-04,2021010403015753,MERO,45,50,100,900.00,"90,000.00"
2021-01-04,2021010403015747,MERO,25,14,200,899.00,"179,800.00"
2021-01-04,2021010403015603,MERO,21,50,61,900.00,"54,900.00"
2021-01-04,2021010403015602,MERO,21,21,39,900.00,"35,100.00"
2021-01-04,2021010403015601,MERO,46,21,61,900.00,"54,900.00"
2021-01-04,2021010403015600,MERO,46,44,350,900.00,"315,000.00"
2021-01-04,2021010403015599,MERO,46,7,36,900.00,"32,400.00"
2021-01-04,2021010403015513,MERO,25,43,100,898.00,"89,800.00"
2021-01-04,2021010403015388,MERO,44,34,201,899.00,"180,699.00"
2021-01-04,2021010403015402,MLBL,34,45,62,239.00,"14,818.00"
2021-01-04,2021010403015771,MMFDB,36,25,40,"1,100.00","44,000.00"
2021-01-04,2021010403015643,MMFDB,41,50,10,"1,106.00","11,060.00"
2021-01-04,2021010403015567,MMFDB,41,37,20,"1,106.00","22,120.00"
2021-01-04,2021010403015546,MMFDB,20,41,220,"1,115.00","245,300.00"
2021-01-04,2021010403015543,MMFDB,20,33,500,"1,115.00","557,500.00"
2021-01-04,2021010403015540,MMFDB,20,50,200,"1,115.00","223,000.00"
2021-01-04,2021010403015476,MMFDB,20,17,50,"1,115.00","55,750.00"
2021-01-04,2021010403015351,MMFDB,20,38,30,"1,115.00","33,450.00"
2021-01-04,2021010403015451,MNBBL,7,36,82,347.00,"28,454.00"
2021-01-04,2021010403015427,MSLB,20,18,31,"1,561.00","48,391.00"
2021-01-04,2021010403015785,NLBBL,35,57,129,"1,140.00","147,060.00"
2021-01-04,2021010403015703,NLBBL,38,57,147,"1,142.00","167,874.00"
2021-01-04,2021010403015679,NLBBL,38,50,359,"1,142.00","409,978.00"
2021-01-04,2021010403015541,NLBBL,56,57,50,"1,143.00","57,150.00"
2021-01-04,2021010403015517,NLBBL,38,38,69,"1,142.00","78,798.00"
2021-01-04,2021010403015496,NLBBL,38,45,150,"1,142.00","171,300.00"
2021-01-04,2021010403015493,NLBBL,38,42,75,"1,142.00","85,650.00"
2021-01-04,2021010403015492,NLBBL,13,42,25,"1,142.00","28,550.00"
2021-01-04,2021010403015384,NLBBL,56,57,70,"1,143.00","80,010.00"
2021-01-04,2021010403015383,NLBBL,56,55,50,"1,142.00","57,100.00"
2021-01-04,2021010403015768,NLIC,53,1,100,"2,400.00","240,000.00"
2021-01-04,2021010403015733,NLIC,8,59,200,"2,400.00","480,000.00"
2021-01-04,2021010403015732,NLIC,8,1,10,"2,400.00","24,000.00"
2021-01-04,2021010403015731,NLIC,8,26,200,"2,400.00","480,000.00"
2021-01-04,2021010403015730,NLIC,8,3,890,"2,400.00","2,136,000.00"
2021-01-04,2021010403015729,NLIC,8,45,285,"2,400.00","684,000.00"
2021-01-04,2021010403015333,NLIC,34,42,20,"2,403.00","48,060.00"
2021-01-04,2021010403015332,NLIC,45,42,81,"2,403.00","194,643.00"
2021-01-04,2021010403015331,NLIC,49,42,25,"2,404.00","60,100.00"
2021-01-04,2021010403015391,NLIC,49,22,"1,500","2,403.00","3,604,500.00"
2021-01-04,2021010403015365,NLIC,49,21,500,"2,403.00","1,201,500.00"
2021-01-04,2021010403015350,NLIC,49,7,22,"2,403.00","52,866.00"
2021-01-04,2021010403015346,NLIC,49,51,300,"2,403.00","720,900.00"
2021-01-04,2021010403015345,NLIC,59,51,100,"2,404.00","240,400.00"
2021-01-04,2021010403015334,NLIC,49,42,274,"2,403.00","658,422.00"
2021-01-04,2021010403015411,NLIC,49,21,204,"2,403.00","490,212.00"
2021-01-04,2021010403015410,NLIC,49,5,100,"2,403.00","240,300.00"
2021-01-04,2021010403015407,NLIC,35,41,10,"2,405.00","24,050.00"
2021-01-04,2021010403015406,NLIC,35,54,90,"2,405.00","216,450.00"
2021-01-04,2021010403015405,NLIC,49,16,100,"2,403.00","240,300.00"
2021-01-04,2021010403015396,NLIC,57,54,50,"2,405.00","120,250.00"
2021-01-04,2021010403015455,NLIC,8,43,200,"2,400.00","480,000.00"
2021-01-04,2021010403015454,NLIC,49,43,60,"2,400.00","144,000.00"
2021-01-04,2021010403015438,NLIC,17,21,15,"2,403.00","36,045.00"
2021-01-04,2021010403015435,NLIC,49,32,23,"2,400.00","55,200.00"
2021-01-04,2021010403015433,NLIC,49,49,100,"2,400.00","240,000.00"
2021-01-04,2021010403015412,NLIC,54,21,50,"2,403.00","120,150.00"
2021-01-04,2021010403015464,NLIC,35,43,100,"2,400.00","240,000.00"
2021-01-04,2021010403015460,NLIC,59,43,50,"2,400.00","120,000.00"
2021-01-04,2021010403015459,NLIC,38,43,20,"2,400.00","48,000.00"
2021-01-04,2021010403015458,NLIC,50,43,500,"2,400.00","1,200,000.00"
2021-01-04,2021010403015457,NLIC,18,43,10,"2,400.00","24,000.00"
2021-01-04,2021010403015456,NLIC,14,43,50,"2,400.00","120,000.00"
2021-01-04,2021010403015514,NLIC,42,37,70,"2,395.00","167,650.00"
2021-01-04,2021010403015487,NLIC,25,37,30,"2,396.00","71,880.00"
2021-01-04,2021010403015486,NLIC,50,37,98,"2,396.00","234,808.00"
2021-01-04,2021010403015485,NLIC,8,37,10,"2,397.00","23,970.00"
2021-01-04,2021010403015481,NLIC,51,45,15,"2,400.00","36,000.00"
2021-01-04,2021010403015480,NLIC,58,43,10,"2,400.00","24,000.00"
2021-01-04,2021010403015561,NLIC,33,21,10,"2,395.00","23,950.00"
2021-01-04,2021010403015552,NLIC,41,5,50,"2,393.00","119,650.00"
2021-01-04,2021010403015548,NLIC,41,29,147,"2,393.00","351,771.00"
2021-01-04,2021010403015547,NLIC,50,29,50,"2,393.00","119,650.00"
2021-01-04,2021010403015523,NLIC,13,21,178,"2,395.00","426,310.00"
2021-01-04,2021010403015515,NLIC,13,37,22,"2,395.00","52,690.00"
2021-01-04,2021010403015573,NLIC,17,7,25,"2,392.00","59,800.00"
2021-01-04,2021010403015572,NLIC,38,7,30,"2,392.00","71,760.00"
2021-01-04,2021010403015571,NLIC,1,7,10,"2,392.00","23,920.00"
2021-01-04,2021010403015570,NLIC,54,7,125,"2,392.00","299,000.00"
2021-01-04,2021010403015569,NLIC,59,7,27,"2,393.00","64,611.00"
2021-01-04,2021010403015568,NLIC,59,35,23,"2,393.00","55,039.00"
2021-01-04,2021010403015636,NLIC,36,21,62,"2,395.00","148,490.00"
2021-01-04,2021010403015623,NLIC,49,52,50,"2,392.00","119,600.00"
2021-01-04,2021010403015622,NLIC,59,52,50,"2,394.00","119,700.00"
2021-01-04,2021010403015604,NLIC,49,56,"1,050","2,392.00","2,511,600.00"
2021-01-04,2021010403015578,NLIC,41,21,50,"2,395.00","119,750.00"
2021-01-04,2021010403015574,NLIC,49,7,783,"2,392.00","1,872,936.00"
2021-01-04,2021010403015659,NLIC,49,51,400,"2,392.00","956,800.00"
2021-01-04,2021010403015645,NLIC,49,21,312,"2,392.00","746,304.00"
2021-01-04,2021010403015644,NLIC,36,21,188,"2,395.00","450,260.00"
2021-01-04,2021010403015641,NLIC,36,45,"1,000","2,395.00","2,395,000.00"
2021-01-04,2021010403015638,NLIC,36,34,100,"2,395.00","239,500.00"
2021-01-04,2021010403015637,NLIC,36,6,50,"2,395.00","119,750.00"
2021-01-04,2021010403015792,NLICL,5,59,167,"1,130.00","188,710.00"
2021-01-04,2021010403015773,NLICL,13,59,100,"1,130.00","113,000.00"
2021-01-04,2021010403015767,NLICL,39,59,33,"1,130.00","37,290.00"
2021-01-04,2021010403015766,NLICL,39,43,17,"1,130.00","19,210.00"
2021-01-04,2021010403015743,NLICL,7,43,483,"1,130.00","545,790.00"
2021-01-04,2021010403015742,NLICL,7,50,17,"1,130.00","19,210.00"
2021-01-04,2021010403015593,NLICL,33,39,100,"1,135.00","113,500.00"
2021-01-04,2021010403015592,NLICL,41,39,10,"1,136.00","11,360.00"
2021-01-04,2021010403015591,NLICL,26,39,11,"1,136.00","12,496.00"
2021-01-04,2021010403015590,NLICL,25,39,20,"1,140.00","22,800.00"
2021-01-04,2021010403015404,NLICL,25,26,380,"1,140.00","433,200.00"
2021-01-04,2021010403015403,NLICL,47,26,20,"1,140.00","22,800.00"
2021-01-04,2021010403015635,NLICL,5,50,133,"1,130.00","150,290.00"
2021-01-04,2021010403015634,NLICL,3,50,50,"1,130.00","56,500.00"
2021-01-04,2021010403015597,NLICL,58,39,150,"1,131.00","169,650.00"
2021-01-04,2021010403015596,NLICL,49,39,"1,000","1,131.00","1,131,000.00"
2021-01-04,2021010403015595,NLICL,33,39,100,"1,135.00","113,500.00"
2021-01-04,2021010403015594,NLICL,6,39,50,"1,135.00","56,750.00"
2021-01-04,2021010403015343,NMBMF,6,40,100,996.00,"99,600.00"
2021-01-04,2021010403015772,NMFBS,53,19,100,"2,291.00","229,100.00"
2021-01-04,2021010403015704,NMFBS,50,26,75,"2,290.00","171,750.00"
2021-01-04,2021010403015551,NMFBS,58,26,10,"2,290.00","22,900.00"
2021-01-04,2021010403015489,NMFBS,33,26,15,"2,290.00","34,350.00"
2021-01-04,2021010403015478,NMFBS,36,34,10,"2,280.00","22,800.00"
2021-01-04,2021010403015786,NRIC,36,53,53,"1,519.00","80,507.00"
2021-01-04,2021010403015765,NRIC,36,51,18,"1,519.00","27,342.00"
2021-01-04,2021010403015764,NRIC,45,51,22,"1,520.00","33,440.00"
2021-01-04,2021010403015748,NRIC,41,26,50,"1,524.00","76,200.00"
2021-01-04,2021010403015727,NRIC,16,40,50,"1,518.00","75,900.00"
2021-01-04,2021010403015676,NRIC,58,14,30,"1,525.00","45,750.00"
2021-01-04,2021010403015329,NRIC,25,16,10,"1,530.00","15,300.00"
2021-01-04,2021010403015328,NRIC,48,16,20,"1,530.00","30,600.00"
2021-01-04,2021010403015327,NRIC,50,16,50,"1,530.00","76,500.00"
2021-01-04,2021010403015313,NRIC,50,7,30,"1,530.00","45,900.00"
2021-01-04,2021010403015312,NRIC,50,51,100,"1,530.00","153,000.00"
2021-01-04,2021010403015360,NRIC,40,48,500,"1,527.00","763,500.00"
2021-01-04,2021010403015349,NRIC,38,29,100,"1,530.00","153,000.00"
2021-01-04,2021010403015344,NRIC,1,29,90,"1,530.00","137,700.00"
2021-01-04,2021010403015340,NRIC,48,29,50,"1,530.00","76,500.00"
2021-01-04,2021010403015339,NRIC,37,29,80,"1,530.00","122,400.00"
2021-01-04,2021010403015330,NRIC,37,16,20,"1,530.00","30,600.00"
2021-01-04,2021010403015437,NRIC,56,34,50,"1,525.00","76,250.00"
2021-01-04,2021010403015436,NRIC,10,29,50,"1,526.00","76,300.00"
2021-01-04,2021010403015417,NRIC,32,29,70,"1,526.00","106,820.00"
2021-01-04,2021010403015416,NRIC,32,20,20,"1,526.00","30,520.00"
2021-01-04,2021010403015395,NRIC,42,6,10,"1,527.00","15,270.00"
2021-01-04,2021010403015385,NRIC,18,6,33,"1,527.00","50,391.00"
2021-01-04,2021010403015447,NRIC,41,28,15,"1,525.00","22,875.00"
2021-01-04,2021010403015446,NRIC,25,28,130,"1,527.00","198,510.00"
2021-01-04,2021010403015444,NRIC,25,45,70,"1,527.00","106,890.00"
2021-01-04,2021010403015443,NRIC,25,6,12,"1,527.00","18,324.00"
2021-01-04,2021010403015442,NRIC,25,35,38,"1,526.00","57,988.00"
2021-01-04,2021010403015441,NRIC,25,29,60,"1,526.00","91,560.00"
2021-01-04,2021010403015469,NRIC,57,32,50,"1,527.00","76,350.00"
2021-01-04,2021010403015462,NRIC,52,18,90,"1,525.00","137,250.00"
2021-01-04,2021010403015461,NRIC,52,6,100,"1,525.00","152,500.00"
2021-01-04,2021010403015452,NRIC,52,4,50,"1,525.00","76,250.00"
2021-01-04,2021010403015449,NRIC,52,28,45,"1,525.00","68,625.00"
2021-01-04,2021010403015448,NRIC,8,28,10,"1,525.00","15,250.00"
2021-01-04,2021010403015502,NRIC,17,19,50,"1,528.00","76,400.00"
2021-01-04,2021010403015491,NRIC,38,3,120,"1,525.00","183,000.00"
2021-01-04,2021010403015490,NRIC,29,3,180,"1,525.00","274,500.00"
2021-01-04,2021010403015484,NRIC,29,32,320,"1,525.00","488,000.00"
2021-01-04,2021010403015472,NRIC,26,32,90,"1,525.00","137,250.00"
2021-01-04,2021010403015470,NRIC,52,32,40,"1,525.00","61,000.00"
2021-01-04,2021010403015534,NRIC,26,29,20,"1,520.00","30,400.00"
2021-01-04,2021010403015533,NRIC,39,29,200,"1,522.00","304,400.00"
2021-01-04,2021010403015532,NRIC,54,29,20,"1,524.00","30,480.00"
2021-01-04,2021010403015506,NRIC,54,51,70,"1,524.00","106,680.00"
2021-01-04,2021010403015505,NRIC,38,51,130,"1,525.00","198,250.00"
2021-01-04,2021010403015503,NRIC,38,19,50,"1,525.00","76,250.00"
2021-01-04,2021010403015564,NRIC,25,29,100,"1,526.00","152,600.00"
2021-01-04,2021010403015554,NRIC,25,40,100,"1,526.00","152,600.00"
2021-01-04,2021010403015538,NRIC,10,29,80,"1,520.00","121,600.00"
2021-01-04,2021010403015537,NRIC,32,29,100,"1,520.00","152,000.00"
2021-01-04,2021010403015536,NRIC,57,29,30,"1,520.00","45,600.00"
2021-01-04,2021010403015535,NRIC,19,29,50,"1,520.00","76,000.00"
2021-01-04,2021010403015609,NRIC,40,41,150,"1,524.00","228,600.00"
2021-01-04,2021010403015608,NRIC,40,40,20,"1,520.00","30,400.00"
2021-01-04,2021010403015607,NRIC,29,40,50,"1,520.00","76,000.00"
2021-01-04,2021010403015580,NRIC,43,40,10,"1,520.00","15,200.00"
2021-01-04,2021010403015579,NRIC,10,40,20,"1,520.00","30,400.00"
2021-01-04,2021010403015576,NRIC,57,41,50,"1,524.00","76,200.00"
2021-01-04,2021010403015653,NRIC,56,57,10,"1,519.00","15,190.00"
2021-01-04,2021010403015649,NRIC,51,29,150,"1,525.00","228,750.00"
2021-01-04,2021010403015647,NRIC,56,48,40,"1,519.00","60,760.00"
2021-01-04,2021010403015646,NRIC,58,48,10,"1,520.00","15,200.00"
2021-01-04,2021010403015611,NRIC,40,29,20,"1,525.00","30,500.00"
2021-01-04,2021010403015610,NRIC,40,1,10,"1,524.00","15,240.00"
2021-01-04,2021010403015675,NRIC,58,47,10,"1,525.00","15,250.00"
2021-01-04,2021010403015674,NRIC,58,29,190,"1,525.00","289,750.00"
2021-01-04,2021010403015673,NRIC,58,34,10,"1,524.00","15,240.00"
2021-01-04,2021010403015656,NRIC,29,29,140,"1,525.00","213,500.00"
2021-01-04,2021010403015655,NRIC,29,57,60,"1,519.00","91,140.00"
2021-01-04,2021010403015654,NRIC,5,57,50,"1,519.00","75,950.00"
2021-01-04,2021010403015651,NRN,6,41,10,354.00,"3,540.00"
2021-01-04,2021010403015650,NRN,6,48,10,354.00,"3,540.00"
2021-01-04,2021010403015584,NRN,47,38,10,353.00,"3,530.00"
2021-01-04,2021010403015555,NRN,47,29,10,353.00,"3,530.00"
2021-01-04,2021010403015498,NRN,47,51,10,353.00,"3,530.00"
2021-01-04,2021010403015468,NRN,47,1,60,353.00,"21,180.00"
2021-01-04,2021010403015467,NRN,39,1,50,353.00,"17,650.00"
2021-01-04,2021010403015466,NRN,43,1,100,353.00,"35,300.00"
2021-01-04,2021010403015465,NRN,22,1,40,353.00,"14,120.00"
2021-01-04,2021010403015348,NRN,22,29,10,353.00,"3,530.00"
2021-01-04,2021010403015347,NRN,44,29,90,353.00,"31,770.00"
2021-01-04,2021010403015791,NTC,44,42,20,"1,287.00","25,740.00"
2021-01-04,2021010403015790,NTC,5,42,30,"1,288.00","38,640.00"
2021-01-04,2021010403015781,NTC,44,52,10,"1,287.00","12,870.00"
2021-01-04,2021010403015756,NTC,6,37,38,"1,290.00","49,020.00"
2021-01-04,2021010403015755,NTC,6,5,10,"1,290.00","12,900.00"
2021-01-04,2021010403015754,NTC,6,50,552,"1,290.00","712,080.00"
2021-01-04,2021010403015342,NTC,53,3,31,"1,291.00","40,021.00"
2021-01-04,2021010403015341,NTC,38,3,169,"1,292.00","218,348.00"
2021-01-04,2021010403015338,NTC,38,53,31,"1,292.00","40,052.00"
2021-01-04,2021010403015337,NTC,41,53,30,"1,292.00","38,760.00"
2021-01-04,2021010403015299,NTC,53,53,200,"1,291.00","258,200.00"
2021-01-04,2021010403015414,NTC,49,55,"1,500","1,290.00","1,935,000.00"
2021-01-04,2021010403015390,NTC,34,54,100,"1,291.00","129,100.00"
2021-01-04,2021010403015389,NTC,53,54,169,"1,291.00","218,179.00"
2021-01-04,2021010403015370,NTC,53,49,200,"1,291.00","258,200.00"
2021-01-04,2021010403015357,NTC,38,51,50,"1,295.00","64,750.00"
2021-01-04,2021010403015356,NTC,38,56,50,"1,292.00","64,600.00"
2021-01-04,2021010403015440,NTC,49,3,400,"1,290.00","516,000.00"
2021-01-04,2021010403015432,NTC,49,48,"1,000","1,290.00","1,290,000.00"
2021-01-04,2021010403015428,NTC,49,52,400,"1,290.00","516,000.00"
2021-01-04,2021010403015423,NTC,6,54,50,"1,291.00","64,550.00"
2021-01-04,2021010403015421,NTC,3,54,50,"1,291.00","64,550.00"
2021-01-04,2021010403015418,NTC,49,3,500,"1,290.00","645,000.00"
2021-01-04,2021010403015508,NTC,58,48,50,"1,292.00","64,600.00"
2021-01-04,2021010403015488,NTC,38,34,170,"1,291.00","219,470.00"
2021-01-04,2021010403015483,NTC,38,54,31,"1,291.00","40,021.00"
2021-01-04,2021010403015482,NTC,49,48,500,"1,290.00","645,000.00"
2021-01-04,2021010403015471,NTC,49,45,500,"1,290.00","645,000.00"
2021-01-04,2021010403015453,NTC,57,54,100,"1,291.00","129,100.00"
2021-01-04,2021010403015524,NTC,49,57,160,"1,290.00","206,400.00"
2021-01-04,2021010403015516,NTC,6,45,47,"1,291.00","60,677.00"
2021-01-04,2021010403015512,NTC,6,48,154,"1,291.00","198,814.00"
2021-01-04,2021010403015511,NTC,38,48,31,"1,291.00","40,021.00"
2021-01-04,2021010403015510,NTC,38,48,100,"1,291.00","129,100.00"
2021-01-04,2021010403015509,NTC,51,48,100,"1,292.00","129,200.00"
2021-01-04,2021010403015542,NTC,42,45,100,"1,291.00","129,100.00"
2021-01-04,2021010403015529,NTC,21,45,10,"1,291.00","12,910.00"
2021-01-04,2021010403015528,NTC,48,57,75,"1,290.00","96,750.00"
2021-01-04,2021010403015527,NTC,7,57,10,"1,290.00","12,900.00"
2021-01-04,2021010403015526,NTC,22,57,135,"1,290.00","174,150.00"
2021-01-04,2021010403015525,NTC,51,57,20,"1,290.00","25,800.00"
2021-01-04,2021010403015581,NTC,50,3,100,"1,289.00","128,900.00"
2021-01-04,2021010403015575,NTC,6,50,753,"1,290.00","971,370.00"
2021-01-04,2021010403015550,NTC,21,50,20,"1,290.00","25,800.00"
2021-01-04,2021010403015549,NTC,8,50,110,"1,291.00","142,010.00"
2021-01-04,2021010403015545,NTC,8,48,300,"1,291.00","387,300.00"
2021-01-04,2021010403015544,NTC,8,45,343,"1,291.00","442,813.00"
2021-01-04,2021010403015633,NTC,10,35,200,"1,285.00","257,000.00"
2021-01-04,2021010403015632,NTC,34,35,100,"1,285.00","128,500.00"
2021-01-04,2021010403015630,NTC,56,50,200,"1,290.00","258,000.00"
2021-01-04,2021010403015615,NTC,46,50,45,"1,290.00","58,050.00"
2021-01-04,2021010403015587,NTC,4,50,100,"1,290.00","129,000.00"
2021-01-04,2021010403015586,NTC,4,3,400,"1,289.00","515,600.00"
2021-01-04,2021010403015752,NTC,58,50,10,"1,290.00","12,900.00"
2021-01-04,2021010403015721,NTC,44,17,50,"1,285.00","64,250.00"
2021-01-04,2021010403015718,NTC,56,50,200,"1,290.00","258,000.00"
2021-01-04,2021010403015672,NTC,54,50,70,"1,290.00","90,300.00"
2021-01-04,2021010403015671,NTC,54,17,30,"1,285.00","38,550.00"
2021-01-04,2021010403015667,NTC,25,17,200,"1,285.00","257,000.00"
2021-01-04,2021010403015409,OHL,33,45,50,472.00,"23,600.00"
2021-01-04,2021010403015408,OHL,35,45,200,473.00,"94,600.00"
2021-01-04,2021010403015450,PFL,17,25,27,171.00,"4,617.00"
2021-01-04,2021010403015563,PLIC,43,38,420,774.00,"325,080.00"
2021-01-04,2021010403015562,PLIC,1,38,80,775.00,"62,000.00"
2021-01-04,2021010403015422,PLIC,35,6,10,773.00,"7,730.00"
2021-01-04,2021010403015382,PLIC,32,6,27,775.00,"20,925.00"
2021-01-04,2021010403015381,PLIC,47,6,20,775.00,"15,500.00"
2021-01-04,2021010403015380,PLIC,47,6,20,775.00,"15,500.00"
2021-01-04,2021010403015379,PLIC,40,6,150,775.00,"116,250.00"
2021-01-04,2021010403015378,PLIC,37,6,73,775.00,"56,575.00"
2021-01-04,2021010403015559,RLFL,45,58,50,167.00,"8,350.00"
2021-01-04,2021010403015518,RLFL,22,38,18,169.00,"3,042.00"
2021-01-04,2021010403015784,RLI,42,34,15,612.00,"9,180.00"
2021-01-04,2021010403015757,RLI,34,35,10,611.00,"6,110.00"
2021-01-04,2021010403015749,RLI,34,38,10,611.00,"6,110.00"
2021-01-04,2021010403015723,RLI,4,55,10,610.00,"6,100.00"
2021-01-04,2021010403015719,RLI,4,35,10,610.00,"6,100.00"
2021-01-04,2021010403015648,RLI,4,1,10,610.00,"6,100.00"
2021-01-04,2021010403015387,RLI,39,34,40,612.00,"24,480.00"
2021-01-04,2021010403015386,RLI,39,51,10,612.00,"6,120.00"
2021-01-04,2021010403015352,RLI,5,29,10,610.00,"6,100.00"
2021-01-04,2021010403015336,RLI,5,49,10,610.00,"6,100.00"
2021-01-04,2021010403015298,RLI,5,35,10,610.00,"6,100.00"
2021-01-04,2021010403015612,RLI,4,38,10,610.00,"6,100.00"
2021-01-04,2021010403015583,RLI,4,48,10,610.00,"6,100.00"
2021-01-04,2021010403015558,RLI,4,26,10,610.00,"6,100.00"
2021-01-04,2021010403015475,RLI,4,41,100,610.00,"61,000.00"
2021-01-04,2021010403015400,RLI,4,6,90,610.00,"54,900.00"
2021-01-04,2021010403015399,RLI,5,6,110,610.00,"67,100.00"
2021-01-04,2021010403015778,RMDC,11,58,365,"1,174.00","428,510.00"
2021-01-04,2021010403015777,RMDC,39,58,15,"1,175.00","17,625.00"
2021-01-04,2021010403015776,RMDC,7,58,100,"1,175.00","117,500.00"
2021-01-04,2021010403015775,RMDC,42,58,20,"1,176.00","23,520.00"
2021-01-04,2021010403015741,RMDC,29,58,100,"1,180.00","118,000.00"
2021-01-04,2021010403015740,RMDC,39,58,500,"1,181.00","590,500.00"
2021-01-04,2021010403015425,RMDC,34,58,10,"1,185.00","11,850.00"
2021-01-04,2021010403015424,RMDC,38,58,100,"1,185.00","118,500.00"
2021-01-04,2021010403015739,RMDC,39,58,500,"1,182.00","591,000.00"
2021-01-04,2021010403015738,RMDC,10,58,200,"1,183.00","236,600.00"
2021-01-04,2021010403015737,RMDC,39,58,149,"1,183.00","176,267.00"
2021-01-04,2021010403015736,RMDC,28,58,10,"1,184.00","11,840.00"
2021-01-04,2021010403015735,RMDC,39,58,20,"1,185.00","23,700.00"
2021-01-04,2021010403015426,RMDC,28,58,390,"1,184.00","461,760.00"
2021-01-04,2021010403015620,RSDC,45,58,30,580.00,"17,400.00"
2021-01-04,2021010403015619,RSDC,36,58,20,584.00,"11,680.00"
2021-01-04,2021010403015531,RSDC,58,56,80,589.00,"47,120.00"
2021-01-04,2021010403015477,RSDC,54,56,12,590.00,"7,080.00"
2021-01-04,2021010403015473,RSDC,19,56,35,590.00,"20,650.00"
2021-01-04,2021010403015445,RSDC,19,4,35,590.00,"20,650.00"
2021-01-04,2021010403015780,SABSL,44,38,11,"1,050.00","11,550.00"
2021-01-04,2021010403015657,SDLBSL,40,38,10,"1,005.00","10,050.00"
2021-01-04,2021010403015605,SFCL,42,6,980,130.00,"127,400.00"
2021-01-04,2021010403015631,SHINE,29,47,500,237.00,"118,500.00"
2021-01-04,2021010403015614,SHINE,49,47,"1,500",238.00,"357,000.00"
2021-01-04,2021010403015797,SINDU,6,52,50,151.00,"7,550.00"
2021-01-04,2021010403015678,SLBBL,20,32,83,"1,100.00","91,300.00"
2021-01-04,2021010403015677,SLBBL,58,32,15,"1,100.00","16,500.00"
2021-01-04,2021010403015652,SLBBL,17,6,100,"1,105.00","110,500.00"
2021-01-04,2021010403015431,SLBBL,29,38,75,"1,115.00","83,625.00"
2021-01-04,2021010403015430,SLBBL,29,39,100,"1,115.00","111,500.00"
2021-01-04,2021010403015507,SLICL,41,26,25,699.00,"17,475.00"
2021-01-04,2021010403015301,SLICL,25,6,400,694.00,"277,600.00"
2021-01-04,2021010403015300,SLICL,44,6,99,694.00,"68,706.00"
2021-01-04,2021010403015639,SMB,26,46,11,"1,082.00","11,902.00"
2021-01-04,2021010403015613,SMB,26,49,11,"1,082.00","11,902.00"
2021-01-04,2021010403015539,SMB,34,4,50,"1,085.00","54,250.00"
2021-01-04,2021010403015439,SMB,34,45,50,"1,085.00","54,250.00"
2021-01-04,2021010403015621,SNLB,45,52,10,976.00,"9,760.00"
2021-01-04,2021010403015557,SNLB,34,52,50,976.00,"48,800.00"
2021-01-04,2021010403015681,SWBBL,53,33,300,"1,660.00","498,000.00"
2021-01-04,2021010403015680,SWBBL,14,33,50,"1,661.00","83,050.00"
2021-01-04,2021010403015745,UFL,22,10,70,249.00,"17,430.00"
2021-01-04,2021010403015744,UFL,22,1,130,248.00,"32,240.00"
2021-01-04,2021010403015530,UFL,22,1,20,248.00,"4,960.00"
2021-01-04,2021010403015420,UFL,13,1,50,248.00,"12,400.00"
2021-01-04,2021010403015666,USLB,44,38,10,"1,333.00","13,330.00"
2021-01-04,2021010403014889,ALBSL,49,34,10,"1,100.00","11,000.00"
2021-01-04,2021010403014817,ALBSL,49,13,90,"1,100.00","99,000.00"
2021-01-04,2021010403015267,ALICL,5,59,50,951.00,"47,550.00"
2021-01-04,2021010403015161,ALICL,19,55,50,951.00,"47,550.00"
2021-01-04,2021010403015080,ALICL,34,33,"1,500",950.00,"1,425,000.00"
2021-01-04,2021010403015037,ALICL,34,29,70,950.00,"66,500.00"
2021-01-04,2021010403015036,ALICL,38,29,30,950.00,"28,500.00"
2021-01-04,2021010403014983,ALICL,44,29,150,952.00,"142,800.00"
2021-01-04,2021010403014922,ALICL,45,29,100,952.00,"95,200.00"
2021-01-04,2021010403015221,CBBL,45,34,50,"1,200.00","60,000.00"
2021-01-04,2021010403015078,CBBL,45,34,485,"1,200.00","582,000.00"
2021-01-04,2021010403015077,CBBL,45,4,30,"1,200.00","36,000.00"
2021-01-04,2021010403015076,CBBL,45,21,40,"1,200.00","48,000.00"
2021-01-04,2021010403015075,CBBL,45,22,200,"1,200.00","240,000.00"
2021-01-04,2021010403015074,CBBL,45,56,50,"1,199.00","59,950.00"
2021-01-04,2021010403014946,CBBL,49,56,50,"1,199.00","59,950.00"
2021-01-04,2021010403015055,CFCL,39,41,172,169.00,"29,068.00"
2021-01-04,2021010403014890,CFCL,49,41,78,169.00,"13,182.00"
2021-01-04,2021010403014887,CFCL,49,59,163,169.00,"27,547.00"
2021-01-04,2021010403015178,CIT,45,26,20,"3,420.00","68,400.00"
2021-01-04,2021010403015070,CIT,41,16,2,"3,405.00","6,810.00"
2021-01-04,2021010403015056,CIT,26,58,10,"3,415.00","34,150.00"
2021-01-04,2021010403015029,CIT,35,57,60,"3,411.00","204,660.00"
2021-01-04,2021010403015014,CIT,13,14,10,"3,405.00","34,050.00"
2021-01-04,2021010403015013,CIT,22,14,20,"3,405.00","68,100.00"
2021-01-04,2021010403014906,CIT,38,57,50,"3,410.00","170,500.00"
2021-01-04,2021010403014905,CIT,38,26,10,"3,410.00","34,100.00"
2021-01-04,2021010403014876,CIT,38,57,20,"3,409.00","68,180.00"
2021-01-04,2021010403014864,CIT,41,16,20,"3,405.00","68,100.00"
2021-01-04,2021010403015012,CIT,41,14,22,"3,405.00","74,910.00"
2021-01-04,2021010403015011,CIT,22,14,20,"3,406.00","68,120.00"
2021-01-04,2021010403015010,CIT,51,14,20,"3,406.00","68,120.00"
2021-01-04,2021010403015009,CIT,55,14,22,"3,406.00","74,932.00"
2021-01-04,2021010403015008,CIT,6,14,20,"3,409.00","68,180.00"
2021-01-04,2021010403014907,CIT,38,45,32,"3,410.00","109,120.00"
2021-01-04,2021010403015289,DDBL,43,44,10,"1,410.00","14,100.00"
2021-01-04,2021010403015253,DDBL,32,44,30,"1,410.00","42,300.00"
2021-01-04,2021010403015133,DDBL,41,44,20,"1,410.00","28,200.00"
2021-01-04,2021010403015082,DDBL,8,44,40,"1,410.00","56,400.00"
2021-01-04,2021010403015041,DDBL,37,44,100,"1,410.00","141,000.00"
2021-01-04,2021010403014942,DDBL,45,57,15,"1,410.00","21,150.00"
2021-01-04,2021010403014915,DDBL,13,32,20,"1,409.00","28,180.00"
2021-01-04,2021010403014914,DDBL,13,56,53,"1,409.00","74,677.00"
2021-01-04,2021010403014802,DDBL,25,32,30,"1,409.00","42,270.00"
2021-01-04,2021010403015288,FMDBL,21,29,30,590.00,"17,700.00"
2021-01-04,2021010403015147,FMDBL,57,29,10,590.00,"5,900.00"
2021-01-04,2021010403015081,FMDBL,42,29,100,590.00,"59,000.00"
2021-01-04,2021010403014982,FMDBL,58,29,10,590.00,"5,900.00"
2021-01-04,2021010403014962,GBBL,13,59,23,312.00,"7,176.00"
2021-01-04,2021010403014898,GBBL,38,49,200,313.00,"62,600.00"
2021-01-04,2021010403014985,GBLBS,25,47,15,589.00,"8,835.00"
2021-01-04,2021010403014934,GBLBS,25,49,25,589.00,"14,725.00"
2021-01-04,2021010403014801,GBLBS,6,49,100,589.00,"58,900.00"
2021-01-04,2021010403015005,GFCL,32,41,335,195.00,"65,325.00"
2021-01-04,2021010403015259,GILB,35,38,19,"1,367.00","25,973.00"
2021-01-04,2021010403015258,GILB,7,38,11,"1,367.00","15,037.00"
2021-01-04,2021010403014944,GLBSL,25,37,100,870.00,"87,000.00"
2021-01-04,2021010403014943,GLBSL,14,37,100,871.00,"87,100.00"
2021-01-04,2021010403015207,GLICL,34,54,171,625.00,"106,875.00"
2021-01-04,2021010403014957,GLICL,50,54,29,625.00,"18,125.00"
2021-01-04,2021010403014956,GLICL,50,6,10,625.00,"6,250.00"
2021-01-04,2021010403014955,GLICL,50,38,157,625.00,"98,125.00"
