Date,Transact. No.,Symbol,Buyer,Seller,Quantity,Rate,Amount
2020-09-24,2020092404005313,BBC,42,38,10,"1,635.00","16,350.00"
2020-09-24,2020092404005538,CMF1,6,4,"30,400",11.08,"336,832.00"
2020-09-24,2020092404005511,CMF1,39,4,"10,000",11.08,"110,800.00"
2020-09-24,2020092404005395,CMF1,50,4,"5,000",11.07,"55,350.00"
2020-09-24,2020092404005540,LUK,26,10,400,9.00,"3,600.00"
2020-09-24,2020092404005532,LUK,54,10,"1,500",9.00,"13,500.00"
2020-09-24,2020092404005413,LUK,54,16,500,8.95,"4,475.00"
2020-09-24,2020092404005342,LUK,26,58,100,8.91,891.00
2020-09-24,2020092404005245,LUK,39,45,500,8.89,"4,445.00"
2020-09-24,2020092404005618,NBF2,34,4,"5,000",8.70,"43,500.00"
2020-09-24,2020092404005442,NBF2,21,4,"1,000",8.67,"8,670.00"
2020-09-24,2020092404005432,NBF2,21,4,"1,000",8.68,"8,680.00"
2020-09-24,2020092404005343,NBF2,39,4,"1,000",8.70,"8,700.00"
2020-09-24,2020092404005421,NEF,38,7,"3,286",8.79,"28,883.90"
2020-09-24,2020092404005420,NEF,38,16,"2,414",8.78,"21,194.90"
2020-09-24,2020092404005187,NEF,56,40,483,8.68,"4,192.44"
2020-09-24,2020092404005186,NEF,56,38,966,8.68,"8,384.88"
2020-09-24,2020092404005384,NIBLPF,39,53,"1,000",8.75,"8,750.00"
2020-09-24,2020092404005505,NIBPO,22,57,500,359.00,"179,500.00"
2020-09-24,2020092404005504,NIBPO,8,57,"1,000",359.00,"359,000.00"
2020-09-24,2020092404005503,NIBPO,13,57,200,359.00,"71,800.00"
2020-09-24,2020092404005502,NIBPO,34,57,500,360.00,"180,000.00"
2020-09-24,2020092404005501,NIBPO,22,57,64,360.00,"23,040.00"
2020-09-24,2020092404005385,NIBPO,1,57,108,361.00,"38,988.00"
2020-09-24,2020092404005190,RBCLPO,45,8,19,"10,301.00","195,719.00"
2020-09-24,2020092404005189,RBCLPO,45,29,20,"10,300.00","206,000.00"
2020-09-24,2020092404005619,RLI,56,58,11,649.00,"7,139.00"
2020-09-24,2020092404005617,RLI,29,58,70,649.00,"45,430.00"
2020-09-24,2020092404005615,RLI,6,58,100,649.00,"64,900.00"
2020-09-24,2020092404005614,RLI,42,58,200,649.00,"129,800.00"
2020-09-24,2020092404005613,RLI,44,58,10,649.00,"6,490.00"
2020-09-24,2020092404005612,RLI,45,58,60,649.00,"38,940.00"
2020-09-24,2020092404005122,RLI,47,1,10,647.00,"6,470.00"
2020-09-24,2020092404005128,RLI,47,16,10,647.00,"6,470.00"
2020-09-24,2020092404005127,RLI,47,39,10,647.00,"6,470.00"
2020-09-24,2020092404005126,RLI,47,39,10,647.00,"6,470.00"
2020-09-24,2020092404005125,RLI,47,26,10,647.00,"6,470.00"
2020-09-24,2020092404005124,RLI,47,16,10,647.00,"6,470.00"
2020-09-24,2020092404005123,RLI,47,22,10,647.00,"6,470.00"
2020-09-24,2020092404005136,RLI,47,16,10,647.00,"6,470.00"
2020-09-24,2020092404005135,RLI,47,1,10,647.00,"6,470.00"
2020-09-24,2020092404005134,RLI,47,16,10,647.00,"6,470.00"
2020-09-24,2020092404005131,RLI,47,47,10,648.00,"6,480.00"
2020-09-24,2020092404005130,RLI,47,16,10,648.00,"6,480.00"
2020-09-24,2020092404005129,RLI,47,11,10,647.00,"6,470.00"
2020-09-24,2020092404005142,RLI,50,7,10,648.00,"6,480.00"
2020-09-24,2020092404005141,RLI,47,39,10,647.00,"6,470.00"
2020-09-24,2020092404005140,RLI,47,45,10,647.00,"6,470.00"
2020-09-24,2020092404005139,RLI,47,22,10,647.00,"6,470.00"
2020-09-24,2020092404005138,RLI,47,41,10,647.00,"6,470.00"
2020-09-24,2020092404005137,RLI,47,26,10,647.00,"6,470.00"
2020-09-24,2020092404005152,RLI,44,57,10,647.00,"6,470.00"
2020-09-24,2020092404005150,RLI,47,5,10,647.00,"6,470.00"
2020-09-24,2020092404005147,RLI,47,16,10,647.00,"6,470.00"
2020-09-24,2020092404005145,RLI,50,20,10,648.00,"6,480.00"
2020-09-24,2020092404005144,RLI,50,41,10,648.00,"6,480.00"
2020-09-24,2020092404005143,RLI,50,45,10,648.00,"6,480.00"
2020-09-24,2020092404005158,RLI,11,17,10,647.00,"6,470.00"
2020-09-24,2020092404005157,RLI,44,1,10,647.00,"6,470.00"
2020-09-24,2020092404005156,RLI,42,39,10,647.00,"6,470.00"
2020-09-24,2020092404005155,RLI,42,13,10,647.00,"6,470.00"
2020-09-24,2020092404005154,RLI,42,16,10,647.00,"6,470.00"
2020-09-24,2020092404005153,RLI,42,22,10,647.00,"6,470.00"
2020-09-24,2020092404005164,RLI,35,1,10,647.00,"6,470.00"
2020-09-24,2020092404005163,RLI,19,41,10,647.00,"6,470.00"
2020-09-24,2020092404005162,RLI,19,50,10,647.00,"6,470.00"
2020-09-24,2020092404005161,RLI,19,39,10,647.00,"6,470.00"
2020-09-24,2020092404005160,RLI,19,11,10,647.00,"6,470.00"
2020-09-24,2020092404005159,RLI,19,26,10,647.00,"6,470.00"
2020-09-24,2020092404005170,RLI,35,18,10,647.00,"6,470.00"
2020-09-24,2020092404005169,RLI,49,20,10,648.00,"6,480.00"
2020-09-24,2020092404005168,RLI,49,39,10,648.00,"6,480.00"
2020-09-24,2020092404005167,RLI,49,59,10,648.00,"6,480.00"
2020-09-24,2020092404005166,RLI,49,58,10,648.00,"6,480.00"
2020-09-24,2020092404005165,RLI,49,38,10,648.00,"6,480.00"
2020-09-24,2020092404005176,RLI,51,1,10,648.00,"6,480.00"
2020-09-24,2020092404005175,RLI,34,26,10,647.00,"6,470.00"
2020-09-24,2020092404005174,RLI,34,39,10,647.00,"6,470.00"
2020-09-24,2020092404005173,RLI,34,16,10,647.00,"6,470.00"
2020-09-24,2020092404005172,RLI,34,22,10,647.00,"6,470.00"
2020-09-24,2020092404005171,RLI,34,40,10,647.00,"6,470.00"
2020-09-24,2020092404005182,RLI,34,39,10,647.00,"6,470.00"
2020-09-24,2020092404005181,RLI,34,16,10,647.00,"6,470.00"
2020-09-24,2020092404005180,RLI,34,22,10,647.00,"6,470.00"
2020-09-24,2020092404005179,RLI,38,20,10,648.00,"6,480.00"
2020-09-24,2020092404005178,RLI,34,40,10,647.00,"6,470.00"
2020-09-24,2020092404005177,RLI,51,57,10,648.00,"6,480.00"
2020-09-24,2020092404005192,RLI,42,16,10,647.00,"6,470.00"
2020-09-24,2020092404005191,RLI,42,39,10,647.00,"6,470.00"
2020-09-24,2020092404005188,RLI,42,7,10,647.00,"6,470.00"
2020-09-24,2020092404005185,RLI,42,59,10,647.00,"6,470.00"
2020-09-24,2020092404005184,RLI,42,1,10,647.00,"6,470.00"
2020-09-24,2020092404005183,RLI,34,41,10,647.00,"6,470.00"
2020-09-24,2020092404005198,RLI,49,57,10,647.00,"6,470.00"
2020-09-24,2020092404005197,RLI,42,39,10,647.00,"6,470.00"
2020-09-24,2020092404005196,RLI,42,16,10,647.00,"6,470.00"
2020-09-24,2020092404005195,RLI,42,16,10,647.00,"6,470.00"
2020-09-24,2020092404005194,RLI,42,20,10,647.00,"6,470.00"
2020-09-24,2020092404005193,RLI,42,14,10,647.00,"6,470.00"
2020-09-24,2020092404005204,RLI,6,20,10,647.00,"6,470.00"
2020-09-24,2020092404005203,RLI,6,55,10,647.00,"6,470.00"
2020-09-24,2020092404005202,RLI,6,39,10,647.00,"6,470.00"
2020-09-24,2020092404005201,RLI,6,16,10,647.00,"6,470.00"
2020-09-24,2020092404005200,RLI,6,16,10,647.00,"6,470.00"
2020-09-24,2020092404005199,RLI,6,22,10,647.00,"6,470.00"
2020-09-24,2020092404005210,RLI,4,49,10,647.00,"6,470.00"
2020-09-24,2020092404005209,RLI,4,28,10,647.00,"6,470.00"
2020-09-24,2020092404005208,RLI,6,39,10,647.00,"6,470.00"
2020-09-24,2020092404005207,RLI,6,16,10,647.00,"6,470.00"
2020-09-24,2020092404005206,RLI,6,22,10,647.00,"6,470.00"
2020-09-24,2020092404005205,RLI,6,16,10,647.00,"6,470.00"
2020-09-24,2020092404005216,RLI,4,48,10,647.00,"6,470.00"
2020-09-24,2020092404005215,RLI,4,29,10,647.00,"6,470.00"
2020-09-24,2020092404005214,RLI,4,22,10,647.00,"6,470.00"
2020-09-24,2020092404005213,RLI,4,16,10,647.00,"6,470.00"
2020-09-24,2020092404005212,RLI,4,44,10,647.00,"6,470.00"
2020-09-24,2020092404005211,RLI,4,14,10,647.00,"6,470.00"
2020-09-24,2020092404005225,RLI,11,53,10,647.00,"6,470.00"
2020-09-24,2020092404005224,RLI,11,39,10,647.00,"6,470.00"
2020-09-24,2020092404005223,RLI,11,41,10,647.00,"6,470.00"
2020-09-24,2020092404005222,RLI,11,22,10,647.00,"6,470.00"
2020-09-24,2020092404005218,RLI,4,39,10,647.00,"6,470.00"
2020-09-24,2020092404005217,RLI,4,20,10,647.00,"6,470.00"
2020-09-24,2020092404005232,RLI,11,48,10,647.00,"6,470.00"
2020-09-24,2020092404005231,RLI,11,22,10,647.00,"6,470.00"
2020-09-24,2020092404005230,RLI,11,16,10,647.00,"6,470.00"
2020-09-24,2020092404005229,RLI,11,39,10,647.00,"6,470.00"
2020-09-24,2020092404005228,RLI,11,38,10,647.00,"6,470.00"
2020-09-24,2020092404005226,RLI,11,16,10,647.00,"6,470.00"
2020-09-24,2020092404005238,RLI,6,16,10,648.00,"6,480.00"
2020-09-24,2020092404005237,RLI,6,41,10,648.00,"6,480.00"
2020-09-24,2020092404005236,RLI,6,14,10,648.00,"6,480.00"
2020-09-24,2020092404005235,RLI,44,45,10,648.00,"6,480.00"
2020-09-24,2020092404005234,RLI,44,44,10,648.00,"6,480.00"
2020-09-24,2020092404005233,RLI,11,16,10,647.00,"6,470.00"
2020-09-24,2020092404005244,RLI,29,53,10,648.00,"6,480.00"
2020-09-24,2020092404005243,RLI,29,22,10,648.00,"6,480.00"
2020-09-24,2020092404005242,RLI,29,39,10,648.00,"6,480.00"
2020-09-24,2020092404005241,RLI,11,49,10,647.00,"6,470.00"
2020-09-24,2020092404005240,RLI,6,58,10,648.00,"6,480.00"
2020-09-24,2020092404005239,RLI,6,10,10,648.00,"6,480.00"
2020-09-24,2020092404005251,RLI,11,11,10,647.00,"6,470.00"
2020-09-24,2020092404005250,RLI,11,16,10,647.00,"6,470.00"
2020-09-24,2020092404005249,RLI,11,22,10,647.00,"6,470.00"
2020-09-24,2020092404005248,RLI,11,48,10,647.00,"6,470.00"
2020-09-24,2020092404005247,RLI,11,42,10,647.00,"6,470.00"
2020-09-24,2020092404005246,RLI,11,53,10,647.00,"6,470.00"
2020-09-24,2020092404005257,RLI,11,34,10,647.00,"6,470.00"
2020-09-24,2020092404005256,RLI,11,39,10,647.00,"6,470.00"
2020-09-24,2020092404005255,RLI,11,16,10,647.00,"6,470.00"
2020-09-24,2020092404005254,RLI,11,41,10,647.00,"6,470.00"
2020-09-24,2020092404005253,RLI,11,22,10,647.00,"6,470.00"
2020-09-24,2020092404005252,RLI,11,42,10,647.00,"6,470.00"
2020-09-24,2020092404005263,RLI,11,39,10,647.00,"6,470.00"
2020-09-24,2020092404005262,RLI,11,45,10,647.00,"6,470.00"
2020-09-24,2020092404005261,RLI,11,22,10,647.00,"6,470.00"
2020-09-24,2020092404005260,RLI,11,20,10,647.00,"6,470.00"
2020-09-24,2020092404005259,RLI,11,41,10,647.00,"6,470.00"
2020-09-24,2020092404005258,RLI,11,45,10,647.00,"6,470.00"
2020-09-24,2020092404005269,RLI,41,50,10,648.00,"6,480.00"
2020-09-24,2020092404005268,RLI,11,14,10,647.00,"6,470.00"
2020-09-24,2020092404005267,RLI,11,16,10,647.00,"6,470.00"
2020-09-24,2020092404005266,RLI,11,21,10,647.00,"6,470.00"
2020-09-24,2020092404005265,RLI,11,20,10,647.00,"6,470.00"
2020-09-24,2020092404005264,RLI,11,16,10,647.00,"6,470.00"
2020-09-24,2020092404005275,RLI,41,57,10,648.00,"6,480.00"
2020-09-24,2020092404005274,RLI,41,34,10,648.00,"6,480.00"
2020-09-24,2020092404005273,RLI,41,46,10,648.00,"6,480.00"
2020-09-24,2020092404005272,RLI,41,26,10,648.00,"6,480.00"
2020-09-24,2020092404005271,RLI,41,34,10,648.00,"6,480.00"
2020-09-24,2020092404005270,RLI,41,28,10,648.00,"6,480.00"
2020-09-24,2020092404005281,RLI,35,34,10,648.00,"6,480.00"
2020-09-24,2020092404005280,RLI,35,56,10,648.00,"6,480.00"
2020-09-24,2020092404005279,RLI,35,16,10,648.00,"6,480.00"
2020-09-24,2020092404005278,RLI,35,45,10,648.00,"6,480.00"
2020-09-24,2020092404005277,RLI,41,22,10,648.00,"6,480.00"
2020-09-24,2020092404005276,RLI,41,39,10,648.00,"6,480.00"
2020-09-24,2020092404005287,RLI,59,1,10,649.00,"6,490.00"
2020-09-24,2020092404005286,RLI,59,57,10,649.00,"6,490.00"
2020-09-24,2020092404005285,RLI,59,17,10,649.00,"6,490.00"
2020-09-24,2020092404005284,RLI,35,16,10,648.00,"6,480.00"
2020-09-24,2020092404005283,RLI,35,8,10,648.00,"6,480.00"
2020-09-24,2020092404005282,RLI,35,20,10,648.00,"6,480.00"
2020-09-24,2020092404005293,RLI,59,32,210,649.00,"136,290.00"
2020-09-24,2020092404005292,RLI,59,38,10,649.00,"6,490.00"
2020-09-24,2020092404005291,RLI,59,38,10,649.00,"6,490.00"
2020-09-24,2020092404005290,RLI,59,1,10,649.00,"6,490.00"
2020-09-24,2020092404005289,RLI,59,44,10,649.00,"6,490.00"
2020-09-24,2020092404005288,RLI,59,57,10,649.00,"6,490.00"
2020-09-24,2020092404005299,RLI,35,8,10,648.00,"6,480.00"
2020-09-24,2020092404005298,RLI,35,20,10,648.00,"6,480.00"
2020-09-24,2020092404005297,RLI,35,22,10,648.00,"6,480.00"
2020-09-24,2020092404005296,RLI,35,8,10,648.00,"6,480.00"
2020-09-24,2020092404005295,RLI,35,32,10,648.00,"6,480.00"
2020-09-24,2020092404005294,RLI,59,17,10,649.00,"6,490.00"
2020-09-24,2020092404005305,RLI,35,8,10,648.00,"6,480.00"
2020-09-24,2020092404005304,RLI,56,39,10,649.00,"6,490.00"
2020-09-24,2020092404005303,RLI,56,20,10,649.00,"6,490.00"
2020-09-24,2020092404005302,RLI,56,58,10,649.00,"6,490.00"
2020-09-24,2020092404005301,RLI,56,38,10,649.00,"6,490.00"
2020-09-24,2020092404005300,RLI,56,3,10,649.00,"6,490.00"
2020-09-24,2020092404005311,RLI,35,22,10,648.00,"6,480.00"
2020-09-24,2020092404005310,RLI,35,20,10,648.00,"6,480.00"
2020-09-24,2020092404005309,RLI,35,57,10,648.00,"6,480.00"
2020-09-24,2020092404005308,RLI,35,8,10,648.00,"6,480.00"
2020-09-24,2020092404005307,RLI,35,53,10,648.00,"6,480.00"
2020-09-24,2020092404005306,RLI,35,19,10,648.00,"6,480.00"
2020-09-24,2020092404005319,RLI,35,59,10,648.00,"6,480.00"
2020-09-24,2020092404005318,RLI,35,34,10,648.00,"6,480.00"
2020-09-24,2020092404005316,RLI,35,45,10,648.00,"6,480.00"
2020-09-24,2020092404005315,RLI,35,45,10,648.00,"6,480.00"
2020-09-24,2020092404005314,RLI,35,8,10,648.00,"6,480.00"
2020-09-24,2020092404005312,RLI,35,16,10,648.00,"6,480.00"
2020-09-24,2020092404005325,RLI,55,59,10,649.00,"6,490.00"
2020-09-24,2020092404005324,RLI,55,10,10,649.00,"6,490.00"
2020-09-24,2020092404005323,RLI,55,8,10,649.00,"6,490.00"
2020-09-24,2020092404005322,RLI,35,34,10,648.00,"6,480.00"
2020-09-24,2020092404005321,RLI,35,39,10,648.00,"6,480.00"
2020-09-24,2020092404005320,RLI,35,29,10,648.00,"6,480.00"
2020-09-24,2020092404005331,RLI,55,51,10,649.00,"6,490.00"
2020-09-24,2020092404005330,RLI,55,8,10,649.00,"6,490.00"
2020-09-24,2020092404005329,RLI,55,20,10,649.00,"6,490.00"
2020-09-24,2020092404005328,RLI,55,53,10,649.00,"6,490.00"
2020-09-24,2020092404005327,RLI,55,6,10,649.00,"6,490.00"
2020-09-24,2020092404005326,RLI,55,45,10,649.00,"6,490.00"
2020-09-24,2020092404005337,RLI,35,34,10,648.00,"6,480.00"
2020-09-24,2020092404005336,RLI,35,44,10,648.00,"6,480.00"
2020-09-24,2020092404005335,RLI,35,39,10,648.00,"6,480.00"
2020-09-24,2020092404005334,RLI,35,8,10,648.00,"6,480.00"
2020-09-24,2020092404005333,RLI,35,45,50,648.00,"32,400.00"
2020-09-24,2020092404005332,RLI,55,42,10,649.00,"6,490.00"
2020-09-24,2020092404005345,RLI,35,39,10,648.00,"6,480.00"
2020-09-24,2020092404005344,RLI,35,57,10,648.00,"6,480.00"
2020-09-24,2020092404005341,RLI,35,42,10,648.00,"6,480.00"
2020-09-24,2020092404005340,RLI,35,39,10,648.00,"6,480.00"
2020-09-24,2020092404005339,RLI,35,39,10,648.00,"6,480.00"
2020-09-24,2020092404005338,RLI,35,53,10,648.00,"6,480.00"
2020-09-24,2020092404005351,RLI,35,11,10,648.00,"6,480.00"
2020-09-24,2020092404005350,RLI,35,36,10,648.00,"6,480.00"
2020-09-24,2020092404005349,RLI,35,58,10,648.00,"6,480.00"
2020-09-24,2020092404005348,RLI,35,45,10,648.00,"6,480.00"
2020-09-24,2020092404005347,RLI,35,38,10,648.00,"6,480.00"
2020-09-24,2020092404005346,RLI,35,54,10,648.00,"6,480.00"
2020-09-24,2020092404005357,RLI,35,39,10,648.00,"6,480.00"
2020-09-24,2020092404005356,RLI,35,58,10,648.00,"6,480.00"
2020-09-24,2020092404005355,RLI,35,45,10,648.00,"6,480.00"
2020-09-24,2020092404005354,RLI,35,53,10,648.00,"6,480.00"
2020-09-24,2020092404005353,RLI,35,34,10,648.00,"6,480.00"
2020-09-24,2020092404005352,RLI,35,34,10,648.00,"6,480.00"
2020-09-24,2020092404005365,RLI,35,45,10,648.00,"6,480.00"
2020-09-24,2020092404005364,RLI,35,58,10,648.00,"6,480.00"
2020-09-24,2020092404005363,RLI,35,58,10,648.00,"6,480.00"
2020-09-24,2020092404005360,RLI,35,42,10,648.00,"6,480.00"
2020-09-24,2020092404005359,RLI,35,20,10,648.00,"6,480.00"
2020-09-24,2020092404005358,RLI,35,1,10,648.00,"6,480.00"
2020-09-24,2020092404005371,RLI,40,28,10,650.00,"6,500.00"
2020-09-24,2020092404005370,RLI,33,34,10,649.00,"6,490.00"
2020-09-24,2020092404005369,RLI,33,57,10,649.00,"6,490.00"
2020-09-24,2020092404005368,RLI,33,45,10,649.00,"6,490.00"
2020-09-24,2020092404005367,RLI,33,57,10,649.00,"6,490.00"
2020-09-24,2020092404005366,RLI,33,38,10,649.00,"6,490.00"
2020-09-24,2020092404005377,RLI,33,49,10,649.00,"6,490.00"
2020-09-24,2020092404005376,RLI,40,38,10,650.00,"6,500.00"
2020-09-24,2020092404005375,RLI,33,34,10,649.00,"6,490.00"
2020-09-24,2020092404005374,RLI,33,58,10,649.00,"6,490.00"
2020-09-24,2020092404005373,RLI,33,1,10,649.00,"6,490.00"
2020-09-24,2020092404005372,RLI,33,20,10,649.00,"6,490.00"
2020-09-24,2020092404005383,RLI,33,58,10,649.00,"6,490.00"
2020-09-24,2020092404005382,RLI,33,20,10,649.00,"6,490.00"
2020-09-24,2020092404005381,RLI,33,17,10,649.00,"6,490.00"
2020-09-24,2020092404005380,RLI,33,58,10,649.00,"6,490.00"
2020-09-24,2020092404005379,RLI,33,39,10,649.00,"6,490.00"
2020-09-24,2020092404005378,RLI,33,57,10,649.00,"6,490.00"
2020-09-24,2020092404005391,RLI,33,39,10,649.00,"6,490.00"
2020-09-24,2020092404005390,RLI,33,11,10,649.00,"6,490.00"
2020-09-24,2020092404005389,RLI,33,16,10,649.00,"6,490.00"
2020-09-24,2020092404005388,RLI,33,11,10,649.00,"6,490.00"
2020-09-24,2020092404005387,RLI,33,35,10,649.00,"6,490.00"
2020-09-24,2020092404005386,RLI,33,58,10,649.00,"6,490.00"
2020-09-24,2020092404005399,RLI,33,57,10,649.00,"6,490.00"
2020-09-24,2020092404005398,RLI,33,1,10,649.00,"6,490.00"
2020-09-24,2020092404005397,RLI,33,16,10,649.00,"6,490.00"
2020-09-24,2020092404005394,RLI,33,41,10,649.00,"6,490.00"
2020-09-24,2020092404005393,RLI,33,42,10,649.00,"6,490.00"
2020-09-24,2020092404005392,RLI,33,10,10,649.00,"6,490.00"
2020-09-24,2020092404005405,RLI,33,17,10,649.00,"6,490.00"
2020-09-24,2020092404005404,RLI,33,39,10,649.00,"6,490.00"
2020-09-24,2020092404005403,RLI,33,11,10,649.00,"6,490.00"
2020-09-24,2020092404005402,RLI,33,47,10,649.00,"6,490.00"
2020-09-24,2020092404005401,RLI,33,58,10,649.00,"6,490.00"
2020-09-24,2020092404005400,RLI,33,58,10,649.00,"6,490.00"
2020-09-24,2020092404005411,RLI,33,17,10,649.00,"6,490.00"
2020-09-24,2020092404005410,RLI,33,16,10,649.00,"6,490.00"
2020-09-24,2020092404005409,RLI,33,1,10,649.00,"6,490.00"
2020-09-24,2020092404005408,RLI,16,38,10,650.00,"6,500.00"
2020-09-24,2020092404005407,RLI,16,54,10,650.00,"6,500.00"
2020-09-24,2020092404005406,RLI,33,57,10,649.00,"6,490.00"
2020-09-24,2020092404005418,RLI,33,29,10,649.00,"6,490.00"
2020-09-24,2020092404005417,RLI,33,1,10,649.00,"6,490.00"
2020-09-24,2020092404005416,RLI,33,54,10,649.00,"6,490.00"
2020-09-24,2020092404005415,RLI,33,57,10,649.00,"6,490.00"
2020-09-24,2020092404005414,RLI,33,51,10,649.00,"6,490.00"
2020-09-24,2020092404005412,RLI,33,20,10,649.00,"6,490.00"
2020-09-24,2020092404005426,RLI,49,21,10,650.00,"6,500.00"
2020-09-24,2020092404005425,RLI,49,36,10,650.00,"6,500.00"
2020-09-24,2020092404005424,RLI,49,38,10,650.00,"6,500.00"
2020-09-24,2020092404005423,RLI,49,36,10,650.00,"6,500.00"
2020-09-24,2020092404005422,RLI,33,20,10,649.00,"6,490.00"
2020-09-24,2020092404005419,RLI,33,21,10,649.00,"6,490.00"
2020-09-24,2020092404005433,RLI,33,17,10,649.00,"6,490.00"
2020-09-24,2020092404005431,RLI,33,16,10,649.00,"6,490.00"
2020-09-24,2020092404005430,RLI,33,57,10,649.00,"6,490.00"
2020-09-24,2020092404005429,RLI,33,47,10,649.00,"6,490.00"
2020-09-24,2020092404005428,RLI,33,39,10,649.00,"6,490.00"
2020-09-24,2020092404005427,RLI,49,45,10,650.00,"6,500.00"
2020-09-24,2020092404005439,RLI,3,38,10,650.00,"6,500.00"
2020-09-24,2020092404005438,RLI,3,38,10,650.00,"6,500.00"
2020-09-24,2020092404005437,RLI,3,57,10,650.00,"6,500.00"
2020-09-24,2020092404005436,RLI,3,38,10,650.00,"6,500.00"
2020-09-24,2020092404005435,RLI,3,45,10,650.00,"6,500.00"
2020-09-24,2020092404005434,RLI,33,42,10,649.00,"6,490.00"
2020-09-24,2020092404005447,RLI,45,57,10,650.00,"6,500.00"
2020-09-24,2020092404005446,RLI,33,47,10,649.00,"6,490.00"
2020-09-24,2020092404005445,RLI,33,1,10,649.00,"6,490.00"
2020-09-24,2020092404005444,RLI,33,57,10,649.00,"6,490.00"
2020-09-24,2020092404005441,RLI,33,16,10,649.00,"6,490.00"
2020-09-24,2020092404005440,RLI,33,20,10,649.00,"6,490.00"
2020-09-24,2020092404005453,RLI,45,19,10,650.00,"6,500.00"
2020-09-24,2020092404005452,RLI,45,38,10,650.00,"6,500.00"
2020-09-24,2020092404005451,RLI,45,57,10,650.00,"6,500.00"
2020-09-24,2020092404005450,RLI,45,57,10,650.00,"6,500.00"
2020-09-24,2020092404005449,RLI,45,38,10,650.00,"6,500.00"
2020-09-24,2020092404005448,RLI,45,28,10,650.00,"6,500.00"
2020-09-24,2020092404005459,RLI,33,39,10,649.00,"6,490.00"
2020-09-24,2020092404005458,RLI,35,8,10,650.00,"6,500.00"
2020-09-24,2020092404005457,RLI,35,18,10,650.00,"6,500.00"
2020-09-24,2020092404005456,RLI,45,45,10,650.00,"6,500.00"
2020-09-24,2020092404005455,RLI,45,45,10,650.00,"6,500.00"
2020-09-24,2020092404005454,RLI,45,45,10,650.00,"6,500.00"
2020-09-24,2020092404005465,RLI,45,39,10,650.00,"6,500.00"
2020-09-24,2020092404005464,RLI,45,41,10,650.00,"6,500.00"
2020-09-24,2020092404005463,RLI,45,3,10,650.00,"6,500.00"
2020-09-24,2020092404005462,RLI,45,45,10,650.00,"6,500.00"
2020-09-24,2020092404005461,RLI,33,40,10,649.00,"6,490.00"
2020-09-24,2020092404005460,RLI,33,32,10,649.00,"6,490.00"
2020-09-24,2020092404005471,RLI,45,8,10,650.00,"6,500.00"
2020-09-24,2020092404005470,RLI,45,39,10,650.00,"6,500.00"
2020-09-24,2020092404005469,RLI,45,49,10,650.00,"6,500.00"
2020-09-24,2020092404005468,RLI,45,38,10,650.00,"6,500.00"
2020-09-24,2020092404005467,RLI,45,18,10,650.00,"6,500.00"
2020-09-24,2020092404005466,RLI,45,35,10,650.00,"6,500.00"
2020-09-24,2020092404005477,RLI,45,49,10,650.00,"6,500.00"
2020-09-24,2020092404005476,RLI,45,14,10,650.00,"6,500.00"
2020-09-24,2020092404005475,RLI,45,18,10,650.00,"6,500.00"
2020-09-24,2020092404005474,RLI,45,38,10,650.00,"6,500.00"
2020-09-24,2020092404005473,RLI,45,14,10,650.00,"6,500.00"
2020-09-24,2020092404005472,RLI,45,39,10,650.00,"6,500.00"
2020-09-24,2020092404005483,RLI,33,3,10,649.00,"6,490.00"
2020-09-24,2020092404005482,RLI,33,20,10,649.00,"6,490.00"
2020-09-24,2020092404005481,RLI,45,49,10,650.00,"6,500.00"
2020-09-24,2020092404005480,RLI,45,8,10,650.00,"6,500.00"
2020-09-24,2020092404005479,RLI,45,16,10,650.00,"6,500.00"
2020-09-24,2020092404005478,RLI,45,8,10,650.00,"6,500.00"
2020-09-24,2020092404005490,RLI,33,57,10,649.00,"6,490.00"
2020-09-24,2020092404005489,RLI,33,1,10,649.00,"6,490.00"
2020-09-24,2020092404005488,RLI,33,39,10,649.00,"6,490.00"
2020-09-24,2020092404005487,RLI,33,1,10,649.00,"6,490.00"
2020-09-24,2020092404005485,RLI,33,47,10,649.00,"6,490.00"
2020-09-24,2020092404005484,RLI,33,37,10,649.00,"6,490.00"
2020-09-24,2020092404005496,RLI,33,38,10,649.00,"6,490.00"
2020-09-24,2020092404005495,RLI,33,17,10,649.00,"6,490.00"
2020-09-24,2020092404005494,RLI,33,20,10,649.00,"6,490.00"
2020-09-24,2020092404005493,RLI,33,11,10,649.00,"6,490.00"
2020-09-24,2020092404005492,RLI,33,40,10,649.00,"6,490.00"
2020-09-24,2020092404005491,RLI,33,17,10,649.00,"6,490.00"
2020-09-24,2020092404005508,RLI,33,39,10,649.00,"6,490.00"
2020-09-24,2020092404005507,RLI,33,26,10,649.00,"6,490.00"
2020-09-24,2020092404005506,RLI,33,4,10,649.00,"6,490.00"
2020-09-24,2020092404005500,RLI,33,46,10,649.00,"6,490.00"
2020-09-24,2020092404005499,RLI,33,11,10,649.00,"6,490.00"
2020-09-24,2020092404005497,RLI,33,8,10,649.00,"6,490.00"
2020-09-24,2020092404005515,RLI,33,47,10,649.00,"6,490.00"
2020-09-24,2020092404005514,RLI,33,35,10,649.00,"6,490.00"
2020-09-24,2020092404005513,RLI,33,35,10,649.00,"6,490.00"
2020-09-24,2020092404005512,RLI,33,20,10,649.00,"6,490.00"
2020-09-24,2020092404005510,RLI,45,49,10,650.00,"6,500.00"
2020-09-24,2020092404005509,RLI,45,42,10,650.00,"6,500.00"
2020-09-24,2020092404005522,RLI,33,37,10,649.00,"6,490.00"
2020-09-24,2020092404005521,RLI,33,17,10,649.00,"6,490.00"
2020-09-24,2020092404005520,RLI,33,11,10,649.00,"6,490.00"
2020-09-24,2020092404005519,RLI,33,8,10,649.00,"6,490.00"
2020-09-24,2020092404005518,RLI,33,39,10,649.00,"6,490.00"
2020-09-24,2020092404005517,RLI,33,34,10,649.00,"6,490.00"
2020-09-24,2020092404005529,RLI,53,16,10,650.00,"6,500.00"
2020-09-24,2020092404005528,RLI,53,58,10,650.00,"6,500.00"
2020-09-24,2020092404005527,RLI,53,56,10,650.00,"6,500.00"
2020-09-24,2020092404005526,RLI,53,35,10,650.00,"6,500.00"
2020-09-24,2020092404005525,RLI,33,8,10,649.00,"6,490.00"
2020-09-24,2020092404005524,RLI,33,10,10,649.00,"6,490.00"
2020-09-24,2020092404005536,RLI,33,17,10,649.00,"6,490.00"
2020-09-24,2020092404005535,RLI,33,8,10,649.00,"6,490.00"
2020-09-24,2020092404005534,RLI,33,26,10,649.00,"6,490.00"
2020-09-24,2020092404005533,RLI,33,51,10,649.00,"6,490.00"
2020-09-24,2020092404005531,RLI,33,46,10,649.00,"6,490.00"
2020-09-24,2020092404005530,RLI,53,21,10,650.00,"6,500.00"
2020-09-24,2020092404005544,RLI,11,16,10,650.00,"6,500.00"
2020-09-24,2020092404005543,RLI,45,22,10,649.00,"6,490.00"
2020-09-24,2020092404005542,RLI,45,39,10,649.00,"6,490.00"
2020-09-24,2020092404005541,RLI,33,38,10,649.00,"6,490.00"
2020-09-24,2020092404005539,RLI,33,21,10,649.00,"6,490.00"
2020-09-24,2020092404005537,RLI,33,11,10,649.00,"6,490.00"
2020-09-24,2020092404005550,RLI,11,46,10,650.00,"6,500.00"
2020-09-24,2020092404005549,RLI,11,46,10,650.00,"6,500.00"
2020-09-24,2020092404005548,RLI,11,4,10,650.00,"6,500.00"
2020-09-24,2020092404005547,RLI,11,56,10,650.00,"6,500.00"
2020-09-24,2020092404005546,RLI,11,38,10,650.00,"6,500.00"
2020-09-24,2020092404005545,RLI,11,41,10,650.00,"6,500.00"
2020-09-24,2020092404005556,RLI,11,22,10,650.00,"6,500.00"
2020-09-24,2020092404005555,RLI,11,4,10,650.00,"6,500.00"
2020-09-24,2020092404005554,RLI,11,47,10,650.00,"6,500.00"
2020-09-24,2020092404005553,RLI,11,42,10,650.00,"6,500.00"
2020-09-24,2020092404005552,RLI,11,51,10,650.00,"6,500.00"
2020-09-24,2020092404005551,RLI,11,46,10,650.00,"6,500.00"
2020-09-24,2020092404005562,RLI,11,58,10,650.00,"6,500.00"
2020-09-24,2020092404005561,RLI,11,38,10,650.00,"6,500.00"
2020-09-24,2020092404005560,RLI,11,25,10,650.00,"6,500.00"
2020-09-24,2020092404005559,RLI,11,55,10,650.00,"6,500.00"
2020-09-24,2020092404005558,RLI,11,55,10,650.00,"6,500.00"
2020-09-24,2020092404005557,RLI,11,55,10,650.00,"6,500.00"
2020-09-24,2020092404005568,RLI,11,38,10,650.00,"6,500.00"
2020-09-24,2020092404005567,RLI,11,43,10,650.00,"6,500.00"
2020-09-24,2020092404005566,RLI,11,41,10,650.00,"6,500.00"
2020-09-24,2020092404005565,RLI,11,43,10,650.00,"6,500.00"
2020-09-24,2020092404005564,RLI,11,43,10,650.00,"6,500.00"
2020-09-24,2020092404005563,RLI,11,47,10,650.00,"6,500.00"
2020-09-24,2020092404005574,RLI,11,33,10,650.00,"6,500.00"
2020-09-24,2020092404005573,RLI,11,33,10,650.00,"6,500.00"
2020-09-24,2020092404005572,RLI,11,33,10,650.00,"6,500.00"
2020-09-24,2020092404005571,RLI,11,13,10,650.00,"6,500.00"
2020-09-24,2020092404005570,RLI,11,32,10,650.00,"6,500.00"
2020-09-24,2020092404005569,RLI,11,6,10,650.00,"6,500.00"
2020-09-24,2020092404005580,RLI,11,44,10,650.00,"6,500.00"
2020-09-24,2020092404005579,RLI,11,48,10,650.00,"6,500.00"
2020-09-24,2020092404005578,RLI,11,44,10,650.00,"6,500.00"
2020-09-24,2020092404005577,RLI,11,44,10,650.00,"6,500.00"
2020-09-24,2020092404005576,RLI,11,17,10,650.00,"6,500.00"
2020-09-24,2020092404005575,RLI,11,17,10,650.00,"6,500.00"
2020-09-24,2020092404005586,RLI,11,21,10,650.00,"6,500.00"
2020-09-24,2020092404005585,RLI,11,38,10,650.00,"6,500.00"
2020-09-24,2020092404005584,RLI,11,38,10,650.00,"6,500.00"
2020-09-24,2020092404005583,RLI,11,44,10,650.00,"6,500.00"
2020-09-24,2020092404005582,RLI,11,38,10,650.00,"6,500.00"
2020-09-24,2020092404005581,RLI,11,58,10,650.00,"6,500.00"
2020-09-24,2020092404005592,RLI,11,38,10,650.00,"6,500.00"
2020-09-24,2020092404005591,RLI,11,38,10,650.00,"6,500.00"
2020-09-24,2020092404005590,RLI,11,44,10,650.00,"6,500.00"
2020-09-24,2020092404005589,RLI,11,40,10,650.00,"6,500.00"
2020-09-24,2020092404005588,RLI,11,19,10,650.00,"6,500.00"
2020-09-24,2020092404005587,RLI,11,38,10,650.00,"6,500.00"
2020-09-24,2020092404005598,RLI,11,40,10,650.00,"6,500.00"
2020-09-24,2020092404005597,RLI,11,40,10,650.00,"6,500.00"
2020-09-24,2020092404005596,RLI,11,22,10,650.00,"6,500.00"
2020-09-24,2020092404005595,RLI,11,57,10,650.00,"6,500.00"
2020-09-24,2020092404005594,RLI,11,38,10,650.00,"6,500.00"
2020-09-24,2020092404005593,RLI,11,44,10,650.00,"6,500.00"
2020-09-24,2020092404005604,RLI,11,38,10,650.00,"6,500.00"
2020-09-24,2020092404005603,RLI,11,38,10,650.00,"6,500.00"
2020-09-24,2020092404005602,RLI,11,38,10,650.00,"6,500.00"
2020-09-24,2020092404005601,RLI,11,19,10,650.00,"6,500.00"
2020-09-24,2020092404005600,RLI,11,38,10,650.00,"6,500.00"
2020-09-24,2020092404005599,RLI,11,38,10,650.00,"6,500.00"
2020-09-24,2020092404005611,RLI,45,11,10,649.00,"6,490.00"
2020-09-24,2020092404005610,RLI,45,58,10,649.00,"6,490.00"
2020-09-24,2020092404005608,RLI,11,58,10,650.00,"6,500.00"
2020-09-24,2020092404005607,RLI,11,44,10,650.00,"6,500.00"
2020-09-24,2020092404005606,RLI,11,38,10,650.00,"6,500.00"
2020-09-24,2020092404005605,RLI,11,34,10,650.00,"6,500.00"
2020-09-24,2020092404005151,SAEF,7,49,500,10.25,"5,125.00"
2020-09-24,2020092404005227,SAND2085,19,49,50,"1,015.00","50,750.00"
2020-09-24,2020092404005146,SEF,11,49,"4,000",9.10,"36,400.00"
2020-09-24,2020092404005616,STC,56,51,200,"3,600.00","720,000.00"
2020-09-24,2020092404005609,STC,34,38,30,"3,570.00","107,100.00"
2020-09-24,2020092404005523,STC,45,43,20,"3,570.00","71,400.00"
2020-09-24,2020092404005516,STC,45,3,90,"3,570.00","321,300.00"
2020-09-24,2020092404005498,STC,34,3,10,"3,640.00","36,400.00"
2020-09-24,2020092404005486,STC,45,57,100,"3,570.00","357,000.00"
2020-09-24,2020092404005121,STC,59,22,15,"3,463.00","51,945.00"
2020-09-24,2020092404005120,STC,59,22,55,"3,462.00","190,410.00"
2020-09-24,2020092404005220,STC,59,28,100,"3,500.00","350,000.00"
2020-09-24,2020092404005219,STC,59,28,100,"3,500.00","350,000.00"
2020-09-24,2020092404005149,STC,19,3,50,"3,468.00","173,400.00"
2020-09-24,2020092404005148,STC,59,3,10,"3,468.00","34,680.00"
2020-09-24,2020092404005133,STC,59,37,400,"3,468.00","1,387,200.00"
2020-09-24,2020092404005132,STC,59,14,50,"3,468.00","173,400.00"
2020-09-24,2020092404005443,STC,34,3,50,"3,569.00","178,450.00"
2020-09-24,2020092404005396,STC,59,3,50,"3,569.00","178,450.00"
2020-09-24,2020092404005362,STC,19,5,10,"3,537.00","35,370.00"
2020-09-24,2020092404005361,STC,19,21,20,"3,530.00","70,600.00"
2020-09-24,2020092404005317,STC,59,3,300,"3,530.00","1,059,000.00"
2020-09-24,2020092404005221,STC,59,5,10,"3,500.00","35,000.00"
2020-09-24,2020092404005035,CMF1,58,4,"1,500",11.06,"16,590.00"
2020-09-24,2020092404005034,CMF1,29,4,"2,000",11.06,"22,120.00"
2020-09-24,2020092404004844,GIMES1,28,21,"3,200",9.22,"29,504.00"
2020-09-24,2020092404004621,LEMF,47,48,"6,500",8.51,"55,315.00"
2020-09-24,2020092404004798,LUK,53,25,200,8.85,"1,770.00"
2020-09-24,2020092404004653,LUK,53,34,150,8.85,"1,327.50"
2020-09-24,2020092404004862,NBF2,34,52,500,8.63,"4,315.00"
2020-09-24,2020092404004832,NBF2,16,4,"2,000",8.64,"17,280.00"
2020-09-24,2020092404004787,NBF2,16,4,"5,000",8.62,"43,100.00"
2020-09-24,2020092404004781,NBF2,38,4,"1,000",8.65,"8,650.00"
2020-09-24,2020092404004765,NBF2,19,4,"1,000",8.68,"8,680.00"
2020-09-24,2020092404004764,NBF2,51,4,"1,000",8.68,"8,680.00"
2020-09-24,2020092404004703,NEF,56,43,127,8.67,"1,101.09"
2020-09-24,2020092404004996,NIBLPF,10,6,"2,525",8.62,"21,765.50"
2020-09-24,2020092404004998,NIBPO,22,4,16,360.00,"5,760.00"
2020-09-24,2020092404004735,NIBPO,4,4,6,353.00,"2,118.00"
2020-09-24,2020092404004933,NMBHF1,6,29,"5,000",10.00,"50,000.00"
2020-09-24,2020092404004661,RBCLPO,33,17,35,"10,300.00","360,500.00"
2020-09-24,2020092404004660,RBCLPO,33,33,10,"10,300.00","103,000.00"
2020-09-24,2020092404004659,RBCLPO,33,43,100,"10,300.00","1,030,000.00"
2020-09-24,2020092404004658,RBCLPO,33,58,50,"10,250.00","512,500.00"
2020-09-24,2020092404004657,RBCLPO,33,34,20,"10,229.00","204,580.00"
2020-09-24,2020092404005116,RLI,47,39,10,647.00,"6,470.00"
2020-09-24,2020092404005115,RLI,47,59,10,647.00,"6,470.00"
2020-09-24,2020092404005114,RLI,17,16,10,647.00,"6,470.00"
2020-09-24,2020092404005113,RLI,17,39,10,647.00,"6,470.00"
2020-09-24,2020092404005112,RLI,17,11,10,647.00,"6,470.00"
2020-09-24,2020092404005111,RLI,17,16,10,647.00,"6,470.00"
2020-09-24,2020092404004625,RLI,45,49,10,647.00,"6,470.00"
2020-09-24,2020092404004624,RLI,45,16,10,647.00,"6,470.00"
2020-09-24,2020092404004623,RLI,45,26,10,647.00,"6,470.00"
2020-09-24,2020092404004622,RLI,45,16,10,647.00,"6,470.00"
2020-09-24,2020092404004620,RLI,45,16,10,647.00,"6,470.00"
2020-09-24,2020092404004631,RLI,53,52,10,647.00,"6,470.00"
2020-09-24,2020092404004630,RLI,53,1,10,647.00,"6,470.00"
2020-09-24,2020092404004629,RLI,53,53,10,647.00,"6,470.00"
2020-09-24,2020092404004628,RLI,53,21,10,647.00,"6,470.00"
2020-09-24,2020092404004627,RLI,45,26,10,647.00,"6,470.00"
2020-09-24,2020092404004626,RLI,45,16,10,647.00,"6,470.00"
2020-09-24,2020092404004637,RLI,53,16,10,647.00,"6,470.00"
2020-09-24,2020092404004636,RLI,53,26,10,647.00,"6,470.00"
2020-09-24,2020092404004635,RLI,53,16,10,647.00,"6,470.00"
2020-09-24,2020092404004634,RLI,53,40,10,647.00,"6,470.00"
2020-09-24,2020092404004633,RLI,21,13,10,648.00,"6,480.00"
2020-09-24,2020092404004632,RLI,53,16,10,647.00,"6,470.00"
2020-09-24,2020092404004643,RLI,22,14,10,647.00,"6,470.00"
2020-09-24,2020092404004642,RLI,22,16,10,647.00,"6,470.00"
2020-09-24,2020092404004641,RLI,22,16,10,647.00,"6,470.00"
2020-09-24,2020092404004640,RLI,22,26,10,647.00,"6,470.00"
2020-09-24,2020092404004639,RLI,22,16,10,647.00,"6,470.00"
2020-09-24,2020092404004638,RLI,53,38,10,647.00,"6,470.00"
2020-09-24,2020092404004649,RLI,44,26,10,647.00,"6,470.00"
2020-09-24,2020092404004648,RLI,44,16,10,647.00,"6,470.00"
2020-09-24,2020092404004647,RLI,44,26,10,647.00,"6,470.00"
2020-09-24,2020092404004646,RLI,44,11,10,647.00,"6,470.00"
2020-09-24,2020092404004645,RLI,44,58,10,647.00,"6,470.00"
2020-09-24,2020092404004644,RLI,44,58,10,647.00,"6,470.00"
2020-09-24,2020092404004656,RLI,1,48,10,647.00,"6,470.00"
2020-09-24,2020092404004655,RLI,1,42,10,647.00,"6,470.00"
2020-09-24,2020092404004654,RLI,44,26,10,647.00,"6,470.00"
2020-09-24,2020092404004652,RLI,44,58,10,647.00,"6,470.00"
2020-09-24,2020092404004651,RLI,44,36,10,647.00,"6,470.00"
2020-09-24,2020092404004650,RLI,44,26,10,647.00,"6,470.00"
2020-09-24,2020092404004667,RLI,38,26,10,648.00,"6,480.00"
2020-09-24,2020092404004666,RLI,38,47,10,648.00,"6,480.00"
2020-09-24,2020092404004665,RLI,1,58,10,647.00,"6,470.00"
2020-09-24,2020092404004664,RLI,1,26,10,647.00,"6,470.00"
2020-09-24,2020092404004663,RLI,1,14,10,647.00,"6,470.00"
2020-09-24,2020092404004662,RLI,1,26,10,647.00,"6,470.00"
2020-09-24,2020092404004673,RLI,38,48,10,648.00,"6,480.00"
2020-09-24,2020092404004672,RLI,38,58,10,648.00,"6,480.00"
2020-09-24,2020092404004671,RLI,38,16,10,648.00,"6,480.00"
2020-09-24,2020092404004670,RLI,38,28,10,648.00,"6,480.00"
2020-09-24,2020092404004669,RLI,38,26,10,648.00,"6,480.00"
2020-09-24,2020092404004668,RLI,38,36,10,648.00,"6,480.00"
2020-09-24,2020092404004679,RLI,43,42,10,647.00,"6,470.00"
2020-09-24,2020092404004678,RLI,43,16,10,647.00,"6,470.00"
2020-09-24,2020092404004677,RLI,43,58,10,647.00,"6,470.00"
2020-09-24,2020092404004676,RLI,43,42,10,647.00,"6,470.00"
2020-09-24,2020092404004675,RLI,38,52,10,648.00,"6,480.00"
2020-09-24,2020092404004674,RLI,38,39,10,648.00,"6,480.00"
2020-09-24,2020092404004685,RLI,42,38,10,647.00,"6,470.00"
2020-09-24,2020092404004684,RLI,42,49,10,647.00,"6,470.00"
2020-09-24,2020092404004683,RLI,42,16,10,647.00,"6,470.00"
2020-09-24,2020092404004682,RLI,42,11,10,647.00,"6,470.00"
2020-09-24,2020092404004681,RLI,42,16,10,647.00,"6,470.00"
2020-09-24,2020092404004680,RLI,43,32,10,647.00,"6,470.00"
2020-09-24,2020092404004691,RLI,42,58,10,647.00,"6,470.00"
2020-09-24,2020092404004690,RLI,42,58,10,647.00,"6,470.00"
2020-09-24,2020092404004689,RLI,42,16,10,647.00,"6,470.00"
2020-09-24,2020092404004688,RLI,42,32,10,647.00,"6,470.00"
2020-09-24,2020092404004687,RLI,38,14,10,648.00,"6,480.00"
2020-09-24,2020092404004686,RLI,42,38,10,647.00,"6,470.00"
2020-09-24,2020092404004697,RLI,49,8,10,648.00,"6,480.00"
2020-09-24,2020092404004696,RLI,28,16,10,647.00,"6,470.00"
2020-09-24,2020092404004695,RLI,28,58,10,647.00,"6,470.00"
2020-09-24,2020092404004694,RLI,28,32,10,647.00,"6,470.00"
2020-09-24,2020092404004693,RLI,28,16,10,647.00,"6,470.00"
2020-09-24,2020092404004692,RLI,28,57,10,647.00,"6,470.00"
2020-09-24,2020092404004704,RLI,49,49,10,648.00,"6,480.00"
2020-09-24,2020092404004702,RLI,49,7,10,648.00,"6,480.00"
2020-09-24,2020092404004701,RLI,49,16,10,648.00,"6,480.00"
2020-09-24,2020092404004700,RLI,49,14,10,648.00,"6,480.00"
2020-09-24,2020092404004699,RLI,49,16,10,648.00,"6,480.00"
2020-09-24,2020092404004698,RLI,49,32,10,648.00,"6,480.00"
2020-09-24,2020092404004710,RLI,49,36,10,648.00,"6,480.00"
2020-09-24,2020092404004709,RLI,49,16,10,648.00,"6,480.00"
2020-09-24,2020092404004708,RLI,49,49,10,648.00,"6,480.00"
2020-09-24,2020092404004707,RLI,49,32,10,648.00,"6,480.00"
2020-09-24,2020092404004706,RLI,49,16,10,648.00,"6,480.00"
2020-09-24,2020092404004705,RLI,49,57,10,648.00,"6,480.00"
2020-09-24,2020092404004716,RLI,49,7,10,648.00,"6,480.00"
2020-09-24,2020092404004715,RLI,49,32,10,648.00,"6,480.00"
2020-09-24,2020092404004714,RLI,49,38,10,648.00,"6,480.00"
2020-09-24,2020092404004713,RLI,49,11,10,648.00,"6,480.00"
2020-09-24,2020092404004712,RLI,49,16,10,648.00,"6,480.00"
2020-09-24,2020092404004711,RLI,49,16,10,648.00,"6,480.00"
2020-09-24,2020092404004723,RLI,49,16,10,648.00,"6,480.00"
2020-09-24,2020092404004722,RLI,49,32,10,648.00,"6,480.00"
2020-09-24,2020092404004720,RLI,49,11,10,648.00,"6,480.00"
2020-09-24,2020092404004719,RLI,49,16,10,648.00,"6,480.00"
2020-09-24,2020092404004718,RLI,49,36,10,648.00,"6,480.00"
2020-09-24,2020092404004717,RLI,49,16,10,648.00,"6,480.00"
2020-09-24,2020092404004729,RLI,49,42,10,648.00,"6,480.00"
2020-09-24,2020092404004728,RLI,49,32,10,648.00,"6,480.00"
2020-09-24,2020092404004727,RLI,49,52,10,648.00,"6,480.00"
2020-09-24,2020092404004726,RLI,49,16,10,648.00,"6,480.00"
2020-09-24,2020092404004725,RLI,49,49,10,648.00,"6,480.00"
2020-09-24,2020092404004724,RLI,49,16,10,648.00,"6,480.00"
2020-09-24,2020092404004736,RLI,49,36,10,648.00,"6,480.00"
2020-09-24,2020092404004734,RLI,49,42,10,648.00,"6,480.00"
2020-09-24,2020092404004733,RLI,49,49,10,648.00,"6,480.00"
2020-09-24,2020092404004732,RLI,49,16,10,648.00,"6,480.00"
2020-09-24,2020092404004731,RLI,49,16,10,648.00,"6,480.00"
2020-09-24,2020092404004730,RLI,49,21,10,648.00,"6,480.00"
2020-09-24,2020092404004742,RLI,49,36,10,648.00,"6,480.00"
2020-09-24,2020092404004741,RLI,49,47,10,648.00,"6,480.00"
2020-09-24,2020092404004740,RLI,49,25,10,648.00,"6,480.00"
2020-09-24,2020092404004739,RLI,49,21,10,648.00,"6,480.00"
2020-09-24,2020092404004738,RLI,49,16,10,648.00,"6,480.00"
2020-09-24,2020092404004737,RLI,49,48,10,648.00,"6,480.00"
2020-09-24,2020092404004748,RLI,49,22,10,648.00,"6,480.00"
2020-09-24,2020092404004747,RLI,49,47,10,648.00,"6,480.00"
2020-09-24,2020092404004746,RLI,49,38,10,648.00,"6,480.00"
2020-09-24,2020092404004745,RLI,49,42,10,648.00,"6,480.00"
2020-09-24,2020092404004744,RLI,49,16,10,648.00,"6,480.00"
2020-09-24,2020092404004743,RLI,49,44,10,648.00,"6,480.00"
2020-09-24,2020092404004754,RLI,37,38,10,649.00,"6,490.00"
2020-09-24,2020092404004753,RLI,34,21,10,648.00,"6,480.00"
2020-09-24,2020092404004752,RLI,34,11,10,648.00,"6,480.00"
2020-09-24,2020092404004751,RLI,34,49,10,648.00,"6,480.00"
2020-09-24,2020092404004750,RLI,38,39,10,649.00,"6,490.00"
2020-09-24,2020092404004749,RLI,49,16,10,648.00,"6,480.00"
2020-09-24,2020092404004761,RLI,55,16,10,648.00,"6,480.00"
2020-09-24,2020092404004759,RLI,34,49,10,648.00,"6,480.00"
2020-09-24,2020092404004758,RLI,34,42,10,648.00,"6,480.00"
2020-09-24,2020092404004757,RLI,37,38,10,649.00,"6,490.00"
2020-09-24,2020092404004756,RLI,37,38,10,649.00,"6,490.00"
2020-09-24,2020092404004755,RLI,37,38,10,649.00,"6,490.00"
2020-09-24,2020092404004771,RLI,36,21,10,648.00,"6,480.00"
2020-09-24,2020092404004770,RLI,36,16,10,648.00,"6,480.00"
2020-09-24,2020092404004769,RLI,55,16,10,648.00,"6,480.00"
2020-09-24,2020092404004768,RLI,55,44,10,648.00,"6,480.00"
2020-09-24,2020092404004763,RLI,55,25,10,648.00,"6,480.00"
2020-09-24,2020092404004762,RLI,55,47,10,648.00,"6,480.00"
2020-09-24,2020092404004777,RLI,36,7,10,648.00,"6,480.00"
2020-09-24,2020092404004776,RLI,36,16,10,648.00,"6,480.00"
2020-09-24,2020092404004775,RLI,36,49,10,648.00,"6,480.00"
2020-09-24,2020092404004774,RLI,36,16,10,648.00,"6,480.00"
2020-09-24,2020092404004773,RLI,36,44,10,648.00,"6,480.00"
2020-09-24,2020092404004772,RLI,36,36,10,648.00,"6,480.00"
2020-09-24,2020092404004784,RLI,36,16,10,648.00,"6,480.00"
2020-09-24,2020092404004783,RLI,36,16,10,648.00,"6,480.00"
2020-09-24,2020092404004782,RLI,36,25,10,648.00,"6,480.00"
2020-09-24,2020092404004780,RLI,36,42,10,648.00,"6,480.00"
2020-09-24,2020092404004779,RLI,36,11,10,648.00,"6,480.00"
2020-09-24,2020092404004778,RLI,36,36,10,648.00,"6,480.00"
2020-09-24,2020092404004791,RLI,36,25,10,648.00,"6,480.00"
2020-09-24,2020092404004790,RLI,36,44,10,648.00,"6,480.00"
2020-09-24,2020092404004789,RLI,36,40,10,648.00,"6,480.00"
2020-09-24,2020092404004788,RLI,43,16,10,649.00,"6,490.00"
2020-09-24,2020092404004786,RLI,36,16,10,648.00,"6,480.00"
2020-09-24,2020092404004785,RLI,36,58,10,648.00,"6,480.00"
2020-09-24,2020092404004797,RLI,43,49,10,648.00,"6,480.00"
2020-09-24,2020092404004796,RLI,43,22,10,648.00,"6,480.00"
2020-09-24,2020092404004795,RLI,43,26,10,648.00,"6,480.00"
2020-09-24,2020092404004794,RLI,43,36,10,648.00,"6,480.00"
2020-09-24,2020092404004793,RLI,43,39,10,648.00,"6,480.00"
2020-09-24,2020092404004792,RLI,36,35,10,648.00,"6,480.00"
2020-09-24,2020092404004805,RLI,34,11,10,648.00,"6,480.00"
2020-09-24,2020092404004803,RLI,34,21,10,648.00,"6,480.00"
2020-09-24,2020092404004802,RLI,34,16,10,648.00,"6,480.00"
2020-09-24,2020092404004801,RLI,34,16,10,648.00,"6,480.00"
2020-09-24,2020092404004800,RLI,34,48,10,648.00,"6,480.00"
2020-09-24,2020092404004799,RLI,34,16,10,648.00,"6,480.00"
2020-09-24,2020092404004811,RLI,34,54,10,648.00,"6,480.00"
2020-09-24,2020092404004810,RLI,34,49,10,648.00,"6,480.00"
2020-09-24,2020092404004809,RLI,34,16,10,648.00,"6,480.00"
2020-09-24,2020092404004808,RLI,34,44,10,648.00,"6,480.00"
2020-09-24,2020092404004807,RLI,34,16,10,648.00,"6,480.00"
2020-09-24,2020092404004806,RLI,34,36,10,648.00,"6,480.00"
2020-09-24,2020092404004817,RLI,34,14,10,648.00,"6,480.00"
2020-09-24,2020092404004816,RLI,34,16,10,648.00,"6,480.00"
2020-09-24,2020092404004815,RLI,34,16,10,648.00,"6,480.00"
2020-09-24,2020092404004814,RLI,34,14,10,648.00,"6,480.00"
2020-09-24,2020092404004813,RLI,34,36,10,648.00,"6,480.00"
2020-09-24,2020092404004812,RLI,34,16,10,648.00,"6,480.00"
2020-09-24,2020092404004823,RLI,22,16,10,648.00,"6,480.00"
2020-09-24,2020092404004822,RLI,22,20,10,648.00,"6,480.00"
2020-09-24,2020092404004821,RLI,22,28,10,648.00,"6,480.00"
2020-09-24,2020092404004820,RLI,22,11,10,648.00,"6,480.00"
2020-09-24,2020092404004819,RLI,34,16,10,648.00,"6,480.00"
2020-09-24,2020092404004818,RLI,34,16,10,648.00,"6,480.00"
2020-09-24,2020092404004829,RLI,51,28,10,648.00,"6,480.00"
2020-09-24,2020092404004828,RLI,51,16,10,648.00,"6,480.00"
2020-09-24,2020092404004827,RLI,51,20,10,648.00,"6,480.00"
2020-09-24,2020092404004826,RLI,51,51,10,648.00,"6,480.00"
2020-09-24,2020092404004825,RLI,51,58,10,648.00,"6,480.00"
2020-09-24,2020092404004824,RLI,22,16,10,648.00,"6,480.00"
2020-09-24,2020092404004837,RLI,38,21,10,649.00,"6,490.00"
2020-09-24,2020092404004836,RLI,38,26,10,649.00,"6,490.00"
2020-09-24,2020092404004835,RLI,38,58,10,649.00,"6,490.00"
2020-09-24,2020092404004833,RLI,28,36,10,648.00,"6,480.00"
2020-09-24,2020092404004831,RLI,28,20,10,648.00,"6,480.00"
2020-09-24,2020092404004830,RLI,28,10,10,648.00,"6,480.00"
2020-09-24,2020092404004843,RLI,38,20,10,649.00,"6,490.00"
2020-09-24,2020092404004842,RLI,38,11,10,649.00,"6,490.00"
2020-09-24,2020092404004841,RLI,38,49,10,649.00,"6,490.00"
2020-09-24,2020092404004840,RLI,38,16,10,649.00,"6,490.00"
2020-09-24,2020092404004839,RLI,38,21,10,649.00,"6,490.00"
2020-09-24,2020092404004838,RLI,38,8,10,649.00,"6,490.00"
2020-09-24,2020092404004850,RLI,28,36,10,648.00,"6,480.00"
2020-09-24,2020092404004849,RLI,28,20,10,648.00,"6,480.00"
2020-09-24,2020092404004848,RLI,28,16,10,648.00,"6,480.00"
2020-09-24,2020092404004847,RLI,28,21,10,648.00,"6,480.00"
2020-09-24,2020092404004846,RLI,28,40,10,648.00,"6,480.00"
2020-09-24,2020092404004845,RLI,38,33,10,649.00,"6,490.00"
2020-09-24,2020092404004856,RLI,36,38,10,649.00,"6,490.00"
2020-09-24,2020092404004855,RLI,36,17,10,649.00,"6,490.00"
2020-09-24,2020092404004854,RLI,36,20,10,649.00,"6,490.00"
2020-09-24,2020092404004853,RLI,36,8,10,649.00,"6,490.00"
2020-09-24,2020092404004852,RLI,28,33,10,648.00,"6,480.00"
2020-09-24,2020092404004851,RLI,28,49,10,648.00,"6,480.00"
2020-09-24,2020092404004863,RLI,36,16,10,649.00,"6,490.00"
2020-09-24,2020092404004861,RLI,36,45,10,649.00,"6,490.00"
2020-09-24,2020092404004860,RLI,36,20,10,649.00,"6,490.00"
2020-09-24,2020092404004859,RLI,36,45,10,649.00,"6,490.00"
2020-09-24,2020092404004858,RLI,36,57,10,649.00,"6,490.00"
2020-09-24,2020092404004857,RLI,36,16,10,649.00,"6,490.00"
2020-09-24,2020092404004869,RLI,38,33,10,649.00,"6,490.00"
2020-09-24,2020092404004868,RLI,38,21,10,649.00,"6,490.00"
2020-09-24,2020092404004867,RLI,38,16,10,649.00,"6,490.00"
2020-09-24,2020092404004866,RLI,38,11,10,649.00,"6,490.00"
2020-09-24,2020092404004865,RLI,34,4,10,648.00,"6,480.00"
2020-09-24,2020092404004864,RLI,34,21,10,648.00,"6,480.00"
2020-09-24,2020092404004875,RLI,50,16,10,648.00,"6,480.00"
2020-09-24,2020092404004874,RLI,50,20,10,648.00,"6,480.00"
2020-09-24,2020092404004873,RLI,50,16,10,648.00,"6,480.00"
2020-09-24,2020092404004872,RLI,34,4,10,648.00,"6,480.00"
2020-09-24,2020092404004871,RLI,44,16,10,649.00,"6,490.00"
2020-09-24,2020092404004870,RLI,38,57,10,649.00,"6,490.00"
2020-09-24,2020092404004881,RLI,44,33,10,649.00,"6,490.00"
2020-09-24,2020092404004880,RLI,44,49,10,649.00,"6,490.00"
2020-09-24,2020092404004879,RLI,50,11,10,648.00,"6,480.00"
2020-09-24,2020092404004878,RLI,50,16,10,648.00,"6,480.00"
2020-09-24,2020092404004877,RLI,50,33,10,648.00,"6,480.00"
2020-09-24,2020092404004876,RLI,50,16,10,648.00,"6,480.00"
2020-09-24,2020092404004887,RLI,50,11,10,648.00,"6,480.00"
2020-09-24,2020092404004886,RLI,50,33,10,648.00,"6,480.00"
2020-09-24,2020092404004885,RLI,50,39,10,648.00,"6,480.00"
2020-09-24,2020092404004884,RLI,50,16,10,648.00,"6,480.00"
2020-09-24,2020092404004883,RLI,44,10,10,649.00,"6,490.00"
2020-09-24,2020092404004882,RLI,44,17,10,649.00,"6,490.00"
2020-09-24,2020092404004893,RLI,50,14,10,648.00,"6,480.00"
2020-09-24,2020092404004892,RLI,50,21,10,648.00,"6,480.00"
2020-09-24,2020092404004891,RLI,50,39,10,648.00,"6,480.00"
2020-09-24,2020092404004890,RLI,50,33,10,648.00,"6,480.00"
2020-09-24,2020092404004889,RLI,50,16,10,648.00,"6,480.00"
2020-09-24,2020092404004888,RLI,50,58,10,648.00,"6,480.00"
2020-09-24,2020092404004899,RLI,50,21,10,648.00,"6,480.00"
2020-09-24,2020092404004898,RLI,50,34,10,648.00,"6,480.00"
2020-09-24,2020092404004897,RLI,50,33,10,648.00,"6,480.00"
2020-09-24,2020092404004896,RLI,50,16,10,648.00,"6,480.00"
2020-09-24,2020092404004895,RLI,50,16,10,648.00,"6,480.00"
2020-09-24,2020092404004894,RLI,50,39,10,648.00,"6,480.00"
2020-09-24,2020092404004905,RLI,50,38,10,648.00,"6,480.00"
2020-09-24,2020092404004904,RLI,50,29,10,648.00,"6,480.00"
2020-09-24,2020092404004903,RLI,50,39,10,648.00,"6,480.00"
2020-09-24,2020092404004902,RLI,50,26,10,648.00,"6,480.00"
2020-09-24,2020092404004901,RLI,50,21,10,648.00,"6,480.00"
2020-09-24,2020092404004900,RLI,50,16,10,648.00,"6,480.00"
2020-09-24,2020092404004911,RLI,38,35,10,648.00,"6,480.00"
2020-09-24,2020092404004910,RLI,38,39,10,648.00,"6,480.00"
2020-09-24,2020092404004909,RLI,38,34,10,648.00,"6,480.00"
2020-09-24,2020092404004908,RLI,38,16,10,648.00,"6,480.00"
2020-09-24,2020092404004907,RLI,38,11,10,648.00,"6,480.00"
2020-09-24,2020092404004906,RLI,50,32,10,648.00,"6,480.00"
2020-09-24,2020092404004917,RLI,28,11,10,647.00,"6,470.00"
2020-09-24,2020092404004916,RLI,28,39,10,647.00,"6,470.00"
2020-09-24,2020092404004915,RLI,28,56,10,647.00,"6,470.00"
2020-09-24,2020092404004914,RLI,28,16,10,647.00,"6,470.00"
2020-09-24,2020092404004913,RLI,28,40,10,647.00,"6,470.00"
2020-09-24,2020092404004912,RLI,28,21,10,647.00,"6,470.00"
2020-09-24,2020092404004923,RLI,28,59,10,647.00,"6,470.00"
2020-09-24,2020092404004922,RLI,28,39,10,647.00,"6,470.00"
2020-09-24,2020092404004921,RLI,28,49,10,647.00,"6,470.00"
2020-09-24,2020092404004920,RLI,28,21,10,647.00,"6,470.00"
2020-09-24,2020092404004919,RLI,28,16,10,647.00,"6,470.00"
2020-09-24,2020092404004918,RLI,44,45,30,648.00,"19,440.00"
2020-09-24,2020092404004929,RLI,42,11,10,647.00,"6,470.00"
2020-09-24,2020092404004928,RLI,42,32,10,647.00,"6,470.00"
2020-09-24,2020092404004927,RLI,42,1,10,647.00,"6,470.00"
2020-09-24,2020092404004926,RLI,51,26,10,647.00,"6,470.00"
2020-09-24,2020092404004925,RLI,49,34,10,647.00,"6,470.00"
2020-09-24,2020092404004924,RLI,49,13,10,647.00,"6,470.00"
2020-09-24,2020092404004936,RLI,42,39,10,647.00,"6,470.00"
2020-09-24,2020092404004935,RLI,42,32,10,647.00,"6,470.00"
2020-09-24,2020092404004934,RLI,42,43,10,647.00,"6,470.00"
2020-09-24,2020092404004932,RLI,42,49,10,647.00,"6,470.00"
2020-09-24,2020092404004931,RLI,42,29,10,647.00,"6,470.00"
2020-09-24,2020092404004930,RLI,42,39,10,647.00,"6,470.00"
2020-09-24,2020092404004942,RLI,42,39,10,647.00,"6,470.00"
2020-09-24,2020092404004941,RLI,42,59,10,647.00,"6,470.00"
2020-09-24,2020092404004940,RLI,42,38,10,647.00,"6,470.00"
2020-09-24,2020092404004939,RLI,42,52,10,647.00,"6,470.00"
2020-09-24,2020092404004938,RLI,42,39,10,647.00,"6,470.00"
2020-09-24,2020092404004937,RLI,42,16,10,647.00,"6,470.00"
2020-09-24,2020092404004948,RLI,5,34,10,647.00,"6,470.00"
2020-09-24,2020092404004947,RLI,42,14,10,647.00,"6,470.00"
2020-09-24,2020092404004946,RLI,42,1,10,647.00,"6,470.00"
2020-09-24,2020092404004945,RLI,42,43,10,647.00,"6,470.00"
2020-09-24,2020092404004944,RLI,42,11,10,647.00,"6,470.00"
2020-09-24,2020092404004943,RLI,42,16,10,647.00,"6,470.00"
2020-09-24,2020092404004954,RLI,5,21,10,647.00,"6,470.00"
2020-09-24,2020092404004953,RLI,5,11,10,647.00,"6,470.00"
2020-09-24,2020092404004952,RLI,5,14,10,647.00,"6,470.00"
2020-09-24,2020092404004951,RLI,5,58,10,647.00,"6,470.00"
2020-09-24,2020092404004950,RLI,5,16,10,647.00,"6,470.00"
2020-09-24,2020092404004949,RLI,5,39,10,647.00,"6,470.00"
2020-09-24,2020092404004960,RLI,5,42,10,647.00,"6,470.00"
2020-09-24,2020092404004959,RLI,5,43,10,647.00,"6,470.00"
2020-09-24,2020092404004958,RLI,5,39,10,647.00,"6,470.00"
2020-09-24,2020092404004957,RLI,5,11,10,647.00,"6,470.00"
2020-09-24,2020092404004956,RLI,5,52,10,647.00,"6,470.00"
2020-09-24,2020092404004955,RLI,5,49,10,647.00,"6,470.00"
2020-09-24,2020092404004966,RLI,55,40,10,648.00,"6,480.00"
2020-09-24,2020092404004965,RLI,55,42,10,648.00,"6,480.00"
2020-09-24,2020092404004964,RLI,55,38,10,648.00,"6,480.00"
2020-09-24,2020092404004963,RLI,55,49,10,648.00,"6,480.00"
2020-09-24,2020092404004962,RLI,55,4,10,648.00,"6,480.00"
2020-09-24,2020092404004961,RLI,55,45,30,648.00,"19,440.00"
2020-09-24,2020092404004972,RLI,55,38,10,648.00,"6,480.00"
2020-09-24,2020092404004971,RLI,55,25,10,648.00,"6,480.00"
2020-09-24,2020092404004970,RLI,55,21,10,648.00,"6,480.00"
2020-09-24,2020092404004969,RLI,55,39,10,648.00,"6,480.00"
2020-09-24,2020092404004968,RLI,55,48,10,648.00,"6,480.00"
2020-09-24,2020092404004967,RLI,55,38,10,648.00,"6,480.00"
2020-09-24,2020092404004978,RLI,55,43,10,648.00,"6,480.00"
2020-09-24,2020092404004977,RLI,55,49,10,648.00,"6,480.00"
2020-09-24,2020092404004976,RLI,55,39,10,648.00,"6,480.00"
2020-09-24,2020092404004975,RLI,55,11,10,648.00,"6,480.00"
2020-09-24,2020092404004974,RLI,55,52,10,648.00,"6,480.00"
2020-09-24,2020092404004973,RLI,55,46,10,648.00,"6,480.00"
2020-09-24,2020092404004984,RLI,43,16,10,648.00,"6,480.00"
2020-09-24,2020092404004983,RLI,43,16,10,648.00,"6,480.00"
2020-09-24,2020092404004982,RLI,43,39,10,648.00,"6,480.00"
2020-09-24,2020092404004981,RLI,43,38,10,648.00,"6,480.00"
2020-09-24,2020092404004980,RLI,43,32,10,648.00,"6,480.00"
2020-09-24,2020092404004979,RLI,43,38,10,648.00,"6,480.00"
2020-09-24,2020092404004990,RLI,18,49,10,648.00,"6,480.00"
2020-09-24,2020092404004989,RLI,18,39,10,648.00,"6,480.00"
2020-09-24,2020092404004988,RLI,58,3,10,648.00,"6,480.00"
2020-09-24,2020092404004987,RLI,58,14,10,648.00,"6,480.00"
2020-09-24,2020092404004986,RLI,38,58,10,649.00,"6,490.00"
2020-09-24,2020092404004985,RLI,43,42,10,648.00,"6,480.00"
2020-09-24,2020092404004997,RLI,5,16,10,647.00,"6,470.00"
2020-09-24,2020092404004995,RLI,42,39,10,648.00,"6,480.00"
2020-09-24,2020092404004994,RLI,18,43,10,648.00,"6,480.00"
2020-09-24,2020092404004993,RLI,18,16,10,648.00,"6,480.00"
2020-09-24,2020092404004992,RLI,18,32,10,648.00,"6,480.00"
2020-09-24,2020092404004991,RLI,18,18,10,648.00,"6,480.00"
2020-09-24,2020092404005004,RLI,51,56,10,647.00,"6,470.00"
2020-09-24,2020092404005003,RLI,29,39,10,647.00,"6,470.00"
2020-09-24,2020092404005002,RLI,29,39,10,647.00,"6,470.00"
2020-09-24,2020092404005001,RLI,21,1,10,647.00,"6,470.00"
2020-09-24,2020092404005000,RLI,5,43,10,647.00,"6,470.00"
2020-09-24,2020092404004999,RLI,4,39,10,648.00,"6,480.00"
2020-09-24,2020092404005010,RLI,14,39,10,647.00,"6,470.00"
2020-09-24,2020092404005009,RLI,14,38,10,647.00,"6,470.00"
2020-09-24,2020092404005008,RLI,14,39,10,647.00,"6,470.00"
2020-09-24,2020092404005007,RLI,51,39,10,647.00,"6,470.00"
2020-09-24,2020092404005006,RLI,51,41,10,647.00,"6,470.00"
2020-09-24,2020092404005005,RLI,51,16,10,647.00,"6,470.00"
2020-09-24,2020092404005016,RLI,14,22,10,647.00,"6,470.00"
2020-09-24,2020092404005015,RLI,14,3,10,647.00,"6,470.00"
2020-09-24,2020092404005014,RLI,25,57,10,648.00,"6,480.00"
2020-09-24,2020092404005013,RLI,25,11,10,648.00,"6,480.00"
2020-09-24,2020092404005012,RLI,14,40,10,647.00,"6,470.00"
2020-09-24,2020092404005011,RLI,14,39,10,647.00,"6,470.00"
2020-09-24,2020092404005022,RLI,38,4,10,648.00,"6,480.00"
2020-09-24,2020092404005021,RLI,33,39,10,647.00,"6,470.00"
2020-09-24,2020092404005020,RLI,33,10,10,647.00,"6,470.00"
2020-09-24,2020092404005019,RLI,14,38,10,647.00,"6,470.00"
2020-09-24,2020092404005018,RLI,14,39,10,647.00,"6,470.00"
2020-09-24,2020092404005017,RLI,14,39,10,647.00,"6,470.00"
2020-09-24,2020092404005028,RLI,33,11,10,647.00,"6,470.00"
2020-09-24,2020092404005027,RLI,33,40,10,647.00,"6,470.00"
2020-09-24,2020092404005026,RLI,33,39,10,647.00,"6,470.00"
2020-09-24,2020092404005025,RLI,33,38,10,647.00,"6,470.00"
2020-09-24,2020092404005024,RLI,33,25,10,647.00,"6,470.00"
2020-09-24,2020092404005023,RLI,33,39,10,647.00,"6,470.00"
2020-09-24,2020092404005036,RLI,33,57,10,647.00,"6,470.00"
2020-09-24,2020092404005033,RLI,33,26,10,647.00,"6,470.00"
2020-09-24,2020092404005032,RLI,33,42,10,647.00,"6,470.00"
2020-09-24,2020092404005031,RLI,33,22,10,647.00,"6,470.00"
2020-09-24,2020092404005030,RLI,33,36,10,647.00,"6,470.00"
2020-09-24,2020092404005029,RLI,33,58,10,647.00,"6,470.00"
2020-09-24,2020092404005042,RLI,33,20,10,647.00,"6,470.00"
2020-09-24,2020092404005041,RLI,33,38,10,647.00,"6,470.00"
2020-09-24,2020092404005040,RLI,33,11,10,647.00,"6,470.00"
2020-09-24,2020092404005039,RLI,33,42,10,647.00,"6,470.00"
2020-09-24,2020092404005038,RLI,33,39,10,647.00,"6,470.00"
2020-09-24,2020092404005037,RLI,33,16,10,647.00,"6,470.00"
2020-09-24,2020092404005049,RLI,33,26,10,647.00,"6,470.00"
2020-09-24,2020092404005048,RLI,33,39,10,647.00,"6,470.00"
2020-09-24,2020092404005047,RLI,33,57,10,647.00,"6,470.00"
2020-09-24,2020092404005046,RLI,33,22,10,647.00,"6,470.00"
2020-09-24,2020092404005044,RLI,33,40,10,647.00,"6,470.00"
2020-09-24,2020092404005043,RLI,33,58,10,647.00,"6,470.00"
2020-09-24,2020092404005055,RLI,33,58,10,647.00,"6,470.00"
2020-09-24,2020092404005054,RLI,33,20,10,647.00,"6,470.00"
2020-09-24,2020092404005053,RLI,33,16,10,647.00,"6,470.00"
2020-09-24,2020092404005052,RLI,33,49,10,647.00,"6,470.00"
2020-09-24,2020092404005051,RLI,33,11,10,647.00,"6,470.00"
2020-09-24,2020092404005050,RLI,33,16,10,647.00,"6,470.00"
2020-09-24,2020092404005061,RLI,33,59,10,647.00,"6,470.00"
2020-09-24,2020092404005060,RLI,33,16,10,647.00,"6,470.00"
2020-09-24,2020092404005059,RLI,33,39,10,647.00,"6,470.00"
2020-09-24,2020092404005058,RLI,33,32,10,647.00,"6,470.00"
2020-09-24,2020092404005057,RLI,33,38,10,647.00,"6,470.00"
2020-09-24,2020092404005056,RLI,33,3,10,647.00,"6,470.00"
2020-09-24,2020092404005067,RLI,33,40,10,647.00,"6,470.00"
2020-09-24,2020092404005066,RLI,33,16,10,647.00,"6,470.00"
2020-09-24,2020092404005065,RLI,33,39,10,647.00,"6,470.00"
2020-09-24,2020092404005064,RLI,33,20,10,647.00,"6,470.00"
2020-09-24,2020092404005063,RLI,33,57,10,647.00,"6,470.00"
2020-09-24,2020092404005062,RLI,33,22,10,647.00,"6,470.00"
2020-09-24,2020092404005073,RLI,33,39,10,647.00,"6,470.00"
2020-09-24,2020092404005072,RLI,33,16,10,647.00,"6,470.00"
2020-09-24,2020092404005071,RLI,33,16,10,647.00,"6,470.00"
2020-09-24,2020092404005070,RLI,33,1,10,647.00,"6,470.00"
2020-09-24,2020092404005069,RLI,51,34,10,648.00,"6,480.00"
2020-09-24,2020092404005068,RLI,51,42,10,648.00,"6,480.00"
2020-09-24,2020092404005079,RLI,35,47,10,649.00,"6,490.00"
2020-09-24,2020092404005078,RLI,35,36,10,649.00,"6,490.00"
2020-09-24,2020092404005077,RLI,35,58,10,648.00,"6,480.00"
2020-09-24,2020092404005076,RLI,35,34,10,648.00,"6,480.00"
2020-09-24,2020092404005075,RLI,35,56,10,648.00,"6,480.00"
2020-09-24,2020092404005074,RLI,33,16,10,647.00,"6,470.00"
2020-09-24,2020092404005085,RLI,35,38,10,649.00,"6,490.00"
2020-09-24,2020092404005084,RLI,35,38,10,649.00,"6,490.00"
2020-09-24,2020092404005083,RLI,35,38,10,649.00,"6,490.00"
2020-09-24,2020092404005082,RLI,35,49,10,649.00,"6,490.00"
2020-09-24,2020092404005081,RLI,35,58,10,649.00,"6,490.00"
2020-09-24,2020092404005080,RLI,35,58,10,649.00,"6,490.00"
2020-09-24,2020092404005091,RLI,35,6,10,650.00,"6,500.00"
2020-09-24,2020092404005090,RLI,35,38,10,650.00,"6,500.00"
2020-09-24,2020092404005089,RLI,35,4,10,650.00,"6,500.00"
2020-09-24,2020092404005088,RLI,35,38,10,649.00,"6,490.00"
2020-09-24,2020092404005087,RLI,35,1,10,649.00,"6,490.00"
2020-09-24,2020092404005086,RLI,35,38,10,649.00,"6,490.00"
2020-09-24,2020092404005097,RLI,33,16,10,647.00,"6,470.00"
2020-09-24,2020092404005096,RLI,43,37,10,648.00,"6,480.00"
2020-09-24,2020092404005095,RLI,43,39,10,648.00,"6,480.00"
2020-09-24,2020092404005094,RLI,35,6,10,650.00,"6,500.00"
2020-09-24,2020092404005093,RLI,35,14,10,650.00,"6,500.00"
2020-09-24,2020092404005092,RLI,35,45,10,650.00,"6,500.00"
2020-09-24,2020092404005110,RLI,17,53,10,647.00,"6,470.00"
2020-09-24,2020092404005109,RLI,17,26,10,647.00,"6,470.00"
2020-09-24,2020092404005108,RLI,17,39,10,647.00,"6,470.00"
2020-09-24,2020092404005107,RLI,17,11,10,647.00,"6,470.00"
2020-09-24,2020092404005106,RLI,17,1,10,647.00,"6,470.00"
2020-09-24,2020092404005098,RLI,17,18,10,647.00,"6,470.00"
2020-09-24,2020092404004834,SAEF,11,17,"2,500",10.25,"25,625.00"
2020-09-24,2020092404004721,SAEF,7,37,"3,000",10.25,"30,750.00"
2020-09-24,2020092404004767,SAND2085,34,56,76,"1,005.00","76,380.00"
2020-09-24,2020092404004766,SAND2085,58,56,24,"1,010.00","24,240.00"
2020-09-24,2020092404004804,SEF,11,47,"6,000",9.10,"54,600.00"
2020-09-24,2020092404004760,SEF,45,47,"5,000",9.10,"45,500.00"
2020-09-24,2020092404005119,STC,59,16,10,"3,460.00","34,600.00"
2020-09-24,2020092404005118,STC,59,36,20,"3,450.00","69,000.00"
2020-09-24,2020092404005117,STC,59,49,10,"3,442.00","34,420.00"
2020-09-24,2020092404005105,STC,59,10,100,"3,435.00","343,500.00"
2020-09-24,2020092404005104,STC,59,19,10,"3,430.00","34,300.00"
2020-09-24,2020092404005103,STC,59,25,10,"3,428.00","34,280.00"
2020-09-24,2020092404005102,STC,59,43,30,"3,428.00","102,840.00"
2020-09-24,2020092404005101,STC,59,3,200,"3,427.00","685,400.00"
2020-09-24,2020092404005100,STC,59,5,10,"3,420.00","34,200.00"
2020-09-24,2020092404005099,STC,59,3,100,"3,420.00","342,000.00"
2020-09-24,2020092404005045,STC,19,3,100,"3,415.00","341,500.00"
2020-09-24,2020092404004319,CCBLPO,34,37,"76,137",112.00,"8,527,340.00"
2020-09-24,2020092404004588,CMF1,17,4,"5,000",11.05,"55,250.00"
2020-09-24,2020092404004587,CMF1,57,4,"1,500",11.05,"16,575.00"
2020-09-24,2020092404004453,CMF1,39,4,100,11.20,"1,120.00"
2020-09-24,2020092404004310,GIMES1,44,21,"1,000",9.17,"9,170.00"
2020-09-24,2020092404004384,NBF2,21,4,"1,000",8.70,"8,700.00"
2020-09-24,2020092404004383,NBF2,21,4,760,8.70,"6,612.00"
2020-09-24,2020092404004156,NBF2,53,4,"9,300",8.72,"81,096.00"
2020-09-24,2020092404004151,NBF2,17,4,"19,300",8.73,"168,489.00"
2020-09-24,2020092404004123,NBF2,16,4,"6,000",8.74,"52,440.00"
2020-09-24,2020092404004500,NEF,1,43,541,8.66,"4,685.06"
2020-09-24,2020092404004497,NIBPO,22,57,420,360.00,"151,200.00"
2020-09-24,2020092404004496,NIBPO,37,57,"1,000",360.00,"360,000.00"
2020-09-24,2020092404004495,NIBPO,50,57,300,360.00,"108,000.00"
2020-09-24,2020092404004494,NIBPO,44,57,280,360.00,"100,800.00"
2020-09-24,2020092404004529,NICBF,45,28,"1,800",8.99,"16,182.00"
2020-09-24,2020092404004527,NICBF,45,28,"5,000",8.99,"44,950.00"
2020-09-24,2020092404004525,NICBF,45,28,"5,000",8.99,"44,950.00"
2020-09-24,2020092404004528,NICGF,17,25,100,9.26,926.00
2020-09-24,2020092404004195,NMB50,6,49,500,9.40,"4,700.00"
2020-09-24,2020092404004180,RBCLPO,32,33,20,"10,135.00","202,700.00"
2020-09-24,2020092404004167,RBCLPO,32,58,20,"10,128.00","202,560.00"
2020-09-24,2020092404004166,RBCLPO,32,58,20,"10,130.00","202,600.00"
2020-09-24,2020092404004165,RBCLPO,49,58,20,"10,130.00","202,600.00"
2020-09-24,2020092404004164,RBCLPO,32,58,30,"10,131.00","303,930.00"
2020-09-24,2020092404004163,RBCLPO,32,58,30,"10,132.00","303,960.00"
2020-09-24,2020092404004162,RBCLPO,26,58,10,"10,133.00","101,330.00"
2020-09-24,2020092404004619,RLI,45,4,10,647.00,"6,470.00"
2020-09-24,2020092404004618,RLI,45,14,10,647.00,"6,470.00"
2020-09-24,2020092404004617,RLI,45,57,10,647.00,"6,470.00"
2020-09-24,2020092404004616,RLI,47,16,10,647.00,"6,470.00"
2020-09-24,2020092404004615,RLI,47,16,10,647.00,"6,470.00"
2020-09-24,2020092404004614,RLI,17,38,10,649.00,"6,490.00"
2020-09-24,2020092404004120,RLI,55,16,10,649.00,"6,490.00"
2020-09-24,2020092404004127,RLI,11,25,10,649.00,"6,490.00"
2020-09-24,2020092404004126,RLI,43,28,10,648.00,"6,480.00"
2020-09-24,2020092404004125,RLI,43,38,10,648.00,"6,480.00"
2020-09-24,2020092404004124,RLI,43,20,10,648.00,"6,480.00"
2020-09-24,2020092404004122,RLI,43,10,10,648.00,"6,480.00"
2020-09-24,2020092404004121,RLI,55,20,10,649.00,"6,490.00"
2020-09-24,2020092404004133,RLI,11,32,10,649.00,"6,490.00"
2020-09-24,2020092404004132,RLI,11,42,10,649.00,"6,490.00"
2020-09-24,2020092404004131,RLI,11,36,10,649.00,"6,490.00"
2020-09-24,2020092404004130,RLI,11,11,10,649.00,"6,490.00"
2020-09-24,2020092404004129,RLI,11,42,10,649.00,"6,490.00"
2020-09-24,2020092404004128,RLI,11,40,10,649.00,"6,490.00"
2020-09-24,2020092404004139,RLI,49,32,10,649.00,"6,490.00"
2020-09-24,2020092404004138,RLI,43,20,10,648.00,"6,480.00"
2020-09-24,2020092404004137,RLI,43,10,10,648.00,"6,480.00"
2020-09-24,2020092404004136,RLI,11,40,10,649.00,"6,490.00"
2020-09-24,2020092404004135,RLI,11,38,10,649.00,"6,490.00"
2020-09-24,2020092404004134,RLI,11,6,10,649.00,"6,490.00"
2020-09-24,2020092404004145,RLI,43,28,10,648.00,"6,480.00"
2020-09-24,2020092404004144,RLI,49,32,10,649.00,"6,490.00"
2020-09-24,2020092404004143,RLI,49,10,10,649.00,"6,490.00"
2020-09-24,2020092404004142,RLI,49,38,10,649.00,"6,490.00"
2020-09-24,2020092404004141,RLI,49,6,10,649.00,"6,490.00"
2020-09-24,2020092404004140,RLI,49,40,10,649.00,"6,490.00"
2020-09-24,2020092404004152,RLI,49,28,10,648.00,"6,480.00"
2020-09-24,2020092404004150,RLI,49,10,10,648.00,"6,480.00"
2020-09-24,2020092404004149,RLI,49,28,10,648.00,"6,480.00"
2020-09-24,2020092404004148,RLI,49,38,10,648.00,"6,480.00"
2020-09-24,2020092404004147,RLI,49,20,10,648.00,"6,480.00"
2020-09-24,2020092404004146,RLI,43,10,10,648.00,"6,480.00"
2020-09-24,2020092404004160,RLI,34,28,10,647.00,"6,470.00"
2020-09-24,2020092404004158,RLI,34,38,10,647.00,"6,470.00"
2020-09-24,2020092404004157,RLI,34,28,10,647.00,"6,470.00"
2020-09-24,2020092404004155,RLI,34,32,10,647.00,"6,470.00"
2020-09-24,2020092404004154,RLI,34,38,10,647.00,"6,470.00"
2020-09-24,2020092404004153,RLI,34,20,10,647.00,"6,470.00"
2020-09-24,2020092404004172,RLI,34,28,10,647.00,"6,470.00"
2020-09-24,2020092404004171,RLI,34,38,10,647.00,"6,470.00"
2020-09-24,2020092404004170,RLI,34,33,10,647.00,"6,470.00"
2020-09-24,2020092404004169,RLI,34,28,10,647.00,"6,470.00"
2020-09-24,2020092404004168,RLI,34,16,10,647.00,"6,470.00"
2020-09-24,2020092404004161,RLI,34,10,10,647.00,"6,470.00"
2020-09-24,2020092404004178,RLI,34,38,10,647.00,"6,470.00"
2020-09-24,2020092404004177,RLI,34,16,10,647.00,"6,470.00"
2020-09-24,2020092404004176,RLI,39,32,10,648.00,"6,480.00"
2020-09-24,2020092404004175,RLI,39,38,10,648.00,"6,480.00"
2020-09-24,2020092404004174,RLI,39,14,10,648.00,"6,480.00"
2020-09-24,2020092404004173,RLI,34,16,10,647.00,"6,470.00"
2020-09-24,2020092404004185,RLI,34,28,10,647.00,"6,470.00"
2020-09-24,2020092404004184,RLI,34,16,10,647.00,"6,470.00"
2020-09-24,2020092404004183,RLI,45,42,10,648.00,"6,480.00"
2020-09-24,2020092404004182,RLI,45,32,10,648.00,"6,480.00"
2020-09-24,2020092404004181,RLI,45,21,10,648.00,"6,480.00"
2020-09-24,2020092404004179,RLI,34,28,10,647.00,"6,470.00"
2020-09-24,2020092404004191,RLI,34,38,10,647.00,"6,470.00"
2020-09-24,2020092404004190,RLI,34,32,10,647.00,"6,470.00"
2020-09-24,2020092404004189,RLI,34,20,10,647.00,"6,470.00"
2020-09-24,2020092404004188,RLI,34,16,10,647.00,"6,470.00"
2020-09-24,2020092404004187,RLI,34,38,10,647.00,"6,470.00"
2020-09-24,2020092404004186,RLI,34,32,10,647.00,"6,470.00"
2020-09-24,2020092404004198,RLI,51,14,10,648.00,"6,480.00"
2020-09-24,2020092404004197,RLI,51,32,10,648.00,"6,480.00"
2020-09-24,2020092404004196,RLI,51,39,10,648.00,"6,480.00"
2020-09-24,2020092404004194,RLI,34,28,10,647.00,"6,470.00"
2020-09-24,2020092404004193,RLI,34,16,10,647.00,"6,470.00"
2020-09-24,2020092404004192,RLI,34,38,10,647.00,"6,470.00"
2020-09-24,2020092404004204,RLI,51,39,10,648.00,"6,480.00"
2020-09-24,2020092404004203,RLI,51,28,10,648.00,"6,480.00"
2020-09-24,2020092404004202,RLI,51,39,10,648.00,"6,480.00"
2020-09-24,2020092404004201,RLI,51,39,10,648.00,"6,480.00"
2020-09-24,2020092404004200,RLI,51,39,10,648.00,"6,480.00"
2020-09-24,2020092404004199,RLI,51,28,10,648.00,"6,480.00"
2020-09-24,2020092404004210,RLI,34,28,10,648.00,"6,480.00"
2020-09-24,2020092404004209,RLI,34,39,10,648.00,"6,480.00"
2020-09-24,2020092404004208,RLI,39,16,10,648.00,"6,480.00"
2020-09-24,2020092404004207,RLI,39,28,10,648.00,"6,480.00"
2020-09-24,2020092404004206,RLI,34,20,10,647.00,"6,470.00"
2020-09-24,2020092404004205,RLI,51,56,10,648.00,"6,480.00"
2020-09-24,2020092404004216,RLI,34,39,10,648.00,"6,480.00"
2020-09-24,2020092404004215,RLI,34,16,10,648.00,"6,480.00"
2020-09-24,2020092404004214,RLI,34,32,10,648.00,"6,480.00"
2020-09-24,2020092404004213,RLI,34,39,10,648.00,"6,480.00"
2020-09-24,2020092404004212,RLI,34,38,10,648.00,"6,480.00"
2020-09-24,2020092404004211,RLI,34,17,10,648.00,"6,480.00"
2020-09-24,2020092404004223,RLI,34,32,10,647.00,"6,470.00"
2020-09-24,2020092404004222,RLI,6,10,10,648.00,"6,480.00"
2020-09-24,2020092404004221,RLI,6,39,10,648.00,"6,480.00"
2020-09-24,2020092404004220,RLI,6,28,10,648.00,"6,480.00"
2020-09-24,2020092404004218,RLI,6,16,10,648.00,"6,480.00"
2020-09-24,2020092404004217,RLI,6,28,10,648.00,"6,480.00"
2020-09-24,2020092404004229,RLI,34,38,10,647.00,"6,470.00"
2020-09-24,2020092404004228,RLI,34,32,10,647.00,"6,470.00"
2020-09-24,2020092404004227,RLI,34,20,10,647.00,"6,470.00"
2020-09-24,2020092404004226,RLI,34,28,10,647.00,"6,470.00"
2020-09-24,2020092404004225,RLI,57,28,10,648.00,"6,480.00"
2020-09-24,2020092404004224,RLI,34,16,10,647.00,"6,470.00"
2020-09-24,2020092404004235,RLI,7,39,10,648.00,"6,480.00"
2020-09-24,2020092404004234,RLI,7,28,10,640.00,"6,400.00"
2020-09-24,2020092404004233,RLI,34,17,10,647.00,"6,470.00"
2020-09-24,2020092404004232,RLI,34,10,10,647.00,"6,470.00"
2020-09-24,2020092404004231,RLI,34,28,10,647.00,"6,470.00"
2020-09-24,2020092404004230,RLI,34,16,10,647.00,"6,470.00"
2020-09-24,2020092404004241,RLI,7,38,10,649.00,"6,490.00"
2020-09-24,2020092404004240,RLI,7,40,10,649.00,"6,490.00"
2020-09-24,2020092404004239,RLI,7,6,10,648.00,"6,480.00"
2020-09-24,2020092404004238,RLI,7,28,10,648.00,"6,480.00"
2020-09-24,2020092404004237,RLI,7,39,10,648.00,"6,480.00"
2020-09-24,2020092404004236,RLI,7,6,10,648.00,"6,480.00"
2020-09-24,2020092404004247,RLI,7,52,10,649.00,"6,490.00"
2020-09-24,2020092404004246,RLI,7,35,10,649.00,"6,490.00"
2020-09-24,2020092404004245,RLI,7,36,10,649.00,"6,490.00"
2020-09-24,2020092404004244,RLI,7,52,10,649.00,"6,490.00"
2020-09-24,2020092404004243,RLI,7,32,10,649.00,"6,490.00"
2020-09-24,2020092404004242,RLI,7,36,10,649.00,"6,490.00"
2020-09-24,2020092404004253,RLI,7,38,10,649.00,"6,490.00"
2020-09-24,2020092404004252,RLI,7,6,10,649.00,"6,490.00"
2020-09-24,2020092404004251,RLI,7,39,10,649.00,"6,490.00"
2020-09-24,2020092404004250,RLI,7,52,10,649.00,"6,490.00"
2020-09-24,2020092404004249,RLI,7,49,10,649.00,"6,490.00"
2020-09-24,2020092404004248,RLI,7,29,10,649.00,"6,490.00"
2020-09-24,2020092404004259,RLI,7,39,10,649.00,"6,490.00"
2020-09-24,2020092404004258,RLI,7,38,10,649.00,"6,490.00"
2020-09-24,2020092404004257,RLI,7,38,10,649.00,"6,490.00"
2020-09-24,2020092404004256,RLI,7,16,10,649.00,"6,490.00"
2020-09-24,2020092404004255,RLI,7,6,10,649.00,"6,490.00"
2020-09-24,2020092404004254,RLI,7,48,10,649.00,"6,490.00"
2020-09-24,2020092404004265,RLI,7,45,10,649.00,"6,490.00"
2020-09-24,2020092404004264,RLI,7,17,10,649.00,"6,490.00"
2020-09-24,2020092404004263,RLI,7,45,10,649.00,"6,490.00"
2020-09-24,2020092404004262,RLI,7,16,10,649.00,"6,490.00"
2020-09-24,2020092404004261,RLI,7,22,10,649.00,"6,490.00"
2020-09-24,2020092404004260,RLI,7,41,10,649.00,"6,490.00"
2020-09-24,2020092404004271,RLI,7,16,10,649.00,"6,490.00"
2020-09-24,2020092404004270,RLI,7,17,10,649.00,"6,490.00"
2020-09-24,2020092404004269,RLI,7,59,10,649.00,"6,490.00"
2020-09-24,2020092404004268,RLI,7,11,10,649.00,"6,490.00"
2020-09-24,2020092404004267,RLI,7,45,10,649.00,"6,490.00"
2020-09-24,2020092404004266,RLI,7,16,10,649.00,"6,490.00"
2020-09-24,2020092404004277,RLI,7,38,10,649.00,"6,490.00"
2020-09-24,2020092404004276,RLI,7,16,10,649.00,"6,490.00"
2020-09-24,2020092404004275,RLI,7,17,10,649.00,"6,490.00"
2020-09-24,2020092404004274,RLI,7,38,10,649.00,"6,490.00"
2020-09-24,2020092404004273,RLI,7,45,10,649.00,"6,490.00"
2020-09-24,2020092404004272,RLI,7,52,10,649.00,"6,490.00"
2020-09-24,2020092404004283,RLI,7,17,10,649.00,"6,490.00"
2020-09-24,2020092404004282,RLI,7,16,10,649.00,"6,490.00"
2020-09-24,2020092404004281,RLI,7,42,10,649.00,"6,490.00"
2020-09-24,2020092404004280,RLI,7,52,10,649.00,"6,490.00"
2020-09-24,2020092404004279,RLI,7,45,10,649.00,"6,490.00"
2020-09-24,2020092404004278,RLI,7,11,10,649.00,"6,490.00"
2020-09-24,2020092404004289,RLI,34,28,10,647.00,"6,470.00"
2020-09-24,2020092404004288,RLI,34,32,10,647.00,"6,470.00"
2020-09-24,2020092404004287,RLI,34,16,10,647.00,"6,470.00"
2020-09-24,2020092404004286,RLI,34,28,10,647.00,"6,470.00"
2020-09-24,2020092404004285,RLI,34,10,10,647.00,"6,470.00"
2020-09-24,2020092404004284,RLI,34,16,10,647.00,"6,470.00"
2020-09-24,2020092404004295,RLI,57,6,10,648.00,"6,480.00"
2020-09-24,2020092404004294,RLI,57,16,10,648.00,"6,480.00"
2020-09-24,2020092404004293,RLI,57,17,10,648.00,"6,480.00"
2020-09-24,2020092404004292,RLI,57,39,10,648.00,"6,480.00"
2020-09-24,2020092404004291,RLI,57,11,10,648.00,"6,480.00"
2020-09-24,2020092404004290,RLI,57,32,10,648.00,"6,480.00"
2020-09-24,2020092404004301,RLI,34,36,10,647.00,"6,470.00"
2020-09-24,2020092404004300,RLI,34,38,10,647.00,"6,470.00"
2020-09-24,2020092404004299,RLI,57,6,10,648.00,"6,480.00"
2020-09-24,2020092404004298,RLI,57,17,10,648.00,"6,480.00"
2020-09-24,2020092404004297,RLI,57,38,10,648.00,"6,480.00"
2020-09-24,2020092404004296,RLI,57,39,10,648.00,"6,480.00"
2020-09-24,2020092404004307,RLI,25,57,10,647.00,"6,470.00"
2020-09-24,2020092404004306,RLI,25,10,10,647.00,"6,470.00"
2020-09-24,2020092404004305,RLI,34,56,10,647.00,"6,470.00"
2020-09-24,2020092404004304,RLI,34,17,10,647.00,"6,470.00"
2020-09-24,2020092404004303,RLI,34,16,10,647.00,"6,470.00"
2020-09-24,2020092404004302,RLI,34,28,10,647.00,"6,470.00"
2020-09-24,2020092404004316,RLI,52,46,10,648.00,"6,480.00"
2020-09-24,2020092404004315,RLI,52,32,10,648.00,"6,480.00"
2020-09-24,2020092404004314,RLI,52,39,10,648.00,"6,480.00"
2020-09-24,2020092404004313,RLI,52,11,10,648.00,"6,480.00"
2020-09-24,2020092404004312,RLI,25,21,10,647.00,"6,470.00"
2020-09-24,2020092404004311,RLI,25,20,10,647.00,"6,470.00"
2020-09-24,2020092404004323,RLI,25,28,10,647.00,"6,470.00"
2020-09-24,2020092404004322,RLI,25,11,10,647.00,"6,470.00"
2020-09-24,2020092404004321,RLI,25,38,10,647.00,"6,470.00"
2020-09-24,2020092404004320,RLI,25,10,10,647.00,"6,470.00"
2020-09-24,2020092404004318,RLI,52,17,10,649.00,"6,490.00"
2020-09-24,2020092404004317,RLI,52,52,10,649.00,"6,490.00"
2020-09-24,2020092404004331,RLI,26,10,10,647.00,"6,470.00"
2020-09-24,2020092404004330,RLI,26,11,10,647.00,"6,470.00"
2020-09-24,2020092404004329,RLI,26,16,10,647.00,"6,470.00"
2020-09-24,2020092404004328,RLI,26,45,10,647.00,"6,470.00"
2020-09-24,2020092404004325,RLI,25,17,10,647.00,"6,470.00"
2020-09-24,2020092404004324,RLI,25,10,10,647.00,"6,470.00"
2020-09-24,2020092404004338,RLI,51,32,10,647.00,"6,470.00"
2020-09-24,2020092404004337,RLI,51,21,10,647.00,"6,470.00"
2020-09-24,2020092404004336,RLI,51,45,10,647.00,"6,470.00"
2020-09-24,2020092404004335,RLI,51,16,10,647.00,"6,470.00"
2020-09-24,2020092404004334,RLI,50,29,10,647.00,"6,470.00"
2020-09-24,2020092404004332,RLI,50,28,10,647.00,"6,470.00"
2020-09-24,2020092404004344,RLI,37,28,10,647.00,"6,470.00"
2020-09-24,2020092404004343,RLI,51,45,10,647.00,"6,470.00"
2020-09-24,2020092404004342,RLI,51,42,10,647.00,"6,470.00"
2020-09-24,2020092404004341,RLI,51,20,10,647.00,"6,470.00"
2020-09-24,2020092404004340,RLI,51,29,10,647.00,"6,470.00"
2020-09-24,2020092404004339,RLI,51,25,10,647.00,"6,470.00"
2020-09-24,2020092404004350,RLI,34,42,10,647.00,"6,470.00"
2020-09-24,2020092404004349,RLI,34,38,10,647.00,"6,470.00"
2020-09-24,2020092404004348,RLI,37,11,10,647.00,"6,470.00"
2020-09-24,2020092404004347,RLI,37,16,10,647.00,"6,470.00"
2020-09-24,2020092404004346,RLI,37,29,10,647.00,"6,470.00"
2020-09-24,2020092404004345,RLI,37,38,10,647.00,"6,470.00"
2020-09-24,2020092404004356,RLI,34,29,10,647.00,"6,470.00"
2020-09-24,2020092404004355,RLI,34,38,10,647.00,"6,470.00"
2020-09-24,2020092404004354,RLI,34,17,10,647.00,"6,470.00"
2020-09-24,2020092404004353,RLI,34,10,10,647.00,"6,470.00"
2020-09-24,2020092404004352,RLI,34,16,10,647.00,"6,470.00"
2020-09-24,2020092404004351,RLI,34,29,10,647.00,"6,470.00"
2020-09-24,2020092404004362,RLI,55,10,10,647.00,"6,470.00"
2020-09-24,2020092404004361,RLI,55,16,10,647.00,"6,470.00"
2020-09-24,2020092404004360,RLI,35,17,10,647.00,"6,470.00"
2020-09-24,2020092404004359,RLI,35,16,10,647.00,"6,470.00"
2020-09-24,2020092404004358,RLI,34,29,10,647.00,"6,470.00"
2020-09-24,2020092404004357,RLI,34,16,10,647.00,"6,470.00"
2020-09-24,2020092404004368,RLI,36,58,10,647.00,"6,470.00"
2020-09-24,2020092404004367,RLI,36,38,10,647.00,"6,470.00"
2020-09-24,2020092404004366,RLI,36,17,10,647.00,"6,470.00"
2020-09-24,2020092404004365,RLI,55,8,10,647.00,"6,470.00"
2020-09-24,2020092404004364,RLI,55,16,10,647.00,"6,470.00"
2020-09-24,2020092404004363,RLI,55,11,10,647.00,"6,470.00"
2020-09-24,2020092404004374,RLI,14,45,10,648.00,"6,480.00"
2020-09-24,2020092404004373,RLI,36,6,10,647.00,"6,470.00"
2020-09-24,2020092404004372,RLI,36,16,10,647.00,"6,470.00"
2020-09-24,2020092404004371,RLI,36,16,10,647.00,"6,470.00"
2020-09-24,2020092404004370,RLI,36,41,10,647.00,"6,470.00"
2020-09-24,2020092404004369,RLI,36,17,10,647.00,"6,470.00"
2020-09-24,2020092404004381,RLI,36,17,10,647.00,"6,470.00"
2020-09-24,2020092404004380,RLI,36,16,10,647.00,"6,470.00"
2020-09-24,2020092404004379,RLI,36,6,10,647.00,"6,470.00"
2020-09-24,2020092404004377,RLI,36,28,10,647.00,"6,470.00"
2020-09-24,2020092404004376,RLI,36,10,10,647.00,"6,470.00"
2020-09-24,2020092404004375,RLI,36,21,10,647.00,"6,470.00"
2020-09-24,2020092404004389,RLI,36,58,10,647.00,"6,470.00"
2020-09-24,2020092404004388,RLI,36,28,10,647.00,"6,470.00"
2020-09-24,2020092404004387,RLI,36,17,10,647.00,"6,470.00"
2020-09-24,2020092404004386,RLI,36,16,10,647.00,"6,470.00"
2020-09-24,2020092404004385,RLI,36,10,10,647.00,"6,470.00"
2020-09-24,2020092404004382,RLI,36,16,10,647.00,"6,470.00"
2020-09-24,2020092404004395,RLI,36,38,10,647.00,"6,470.00"
2020-09-24,2020092404004394,RLI,36,29,10,647.00,"6,470.00"
2020-09-24,2020092404004393,RLI,36,28,10,647.00,"6,470.00"
2020-09-24,2020092404004392,RLI,36,16,10,647.00,"6,470.00"
2020-09-24,2020092404004391,RLI,36,36,10,647.00,"6,470.00"
2020-09-24,2020092404004390,RLI,36,10,10,647.00,"6,470.00"
2020-09-24,2020092404004401,RLI,36,38,10,647.00,"6,470.00"
2020-09-24,2020092404004400,RLI,36,29,10,647.00,"6,470.00"
2020-09-24,2020092404004399,RLI,36,16,10,647.00,"6,470.00"
2020-09-24,2020092404004398,RLI,36,29,10,647.00,"6,470.00"
2020-09-24,2020092404004397,RLI,36,59,10,647.00,"6,470.00"
2020-09-24,2020092404004396,RLI,36,17,10,647.00,"6,470.00"
2020-09-24,2020092404004407,RLI,36,8,10,647.00,"6,470.00"
2020-09-24,2020092404004406,RLI,36,17,10,647.00,"6,470.00"
2020-09-24,2020092404004405,RLI,36,28,10,647.00,"6,470.00"
2020-09-24,2020092404004404,RLI,36,10,10,647.00,"6,470.00"
2020-09-24,2020092404004403,RLI,36,29,10,647.00,"6,470.00"
2020-09-24,2020092404004402,RLI,36,42,10,647.00,"6,470.00"
2020-09-24,2020092404004413,RLI,36,6,10,647.00,"6,470.00"
2020-09-24,2020092404004412,RLI,36,28,10,647.00,"6,470.00"
2020-09-24,2020092404004411,RLI,36,16,10,647.00,"6,470.00"
2020-09-24,2020092404004410,RLI,36,29,10,647.00,"6,470.00"
2020-09-24,2020092404004409,RLI,36,56,10,647.00,"6,470.00"
2020-09-24,2020092404004408,RLI,36,28,10,647.00,"6,470.00"
2020-09-24,2020092404004419,RLI,36,28,10,647.00,"6,470.00"
2020-09-24,2020092404004418,RLI,36,28,10,647.00,"6,470.00"
2020-09-24,2020092404004417,RLI,36,16,10,647.00,"6,470.00"
2020-09-24,2020092404004416,RLI,36,29,10,647.00,"6,470.00"
2020-09-24,2020092404004415,RLI,36,17,10,647.00,"6,470.00"
2020-09-24,2020092404004414,RLI,36,10,10,647.00,"6,470.00"
2020-09-24,2020092404004425,RLI,57,29,10,647.00,"6,470.00"
2020-09-24,2020092404004424,RLI,57,17,10,647.00,"6,470.00"
2020-09-24,2020092404004423,RLI,21,38,10,647.00,"6,470.00"
2020-09-24,2020092404004422,RLI,21,26,10,649.00,"6,490.00"
2020-09-24,2020092404004421,RLI,21,58,10,648.00,"6,480.00"
2020-09-24,2020092404004420,RLI,21,29,10,647.00,"6,470.00"
2020-09-24,2020092404004432,RLI,37,28,10,647.00,"6,470.00"
2020-09-24,2020092404004431,RLI,37,16,10,647.00,"6,470.00"
2020-09-24,2020092404004430,RLI,37,17,10,647.00,"6,470.00"
2020-09-24,2020092404004429,RLI,39,16,10,647.00,"6,470.00"
2020-09-24,2020092404004428,RLI,39,25,10,647.00,"6,470.00"
2020-09-24,2020092404004427,RLI,57,16,10,647.00,"6,470.00"
2020-09-24,2020092404004438,RLI,37,11,10,647.00,"6,470.00"
2020-09-24,2020092404004437,RLI,37,13,10,647.00,"6,470.00"
2020-09-24,2020092404004436,RLI,37,28,10,647.00,"6,470.00"
2020-09-24,2020092404004435,RLI,37,10,10,647.00,"6,470.00"
2020-09-24,2020092404004434,RLI,37,26,10,647.00,"6,470.00"
2020-09-24,2020092404004433,RLI,37,20,10,647.00,"6,470.00"
2020-09-24,2020092404004444,RLI,37,35,10,647.00,"6,470.00"
2020-09-24,2020092404004443,RLI,37,10,10,647.00,"6,470.00"
2020-09-24,2020092404004442,RLI,37,17,10,647.00,"6,470.00"
2020-09-24,2020092404004441,RLI,37,6,10,647.00,"6,470.00"
2020-09-24,2020092404004440,RLI,37,17,10,647.00,"6,470.00"
2020-09-24,2020092404004439,RLI,37,10,10,647.00,"6,470.00"
2020-09-24,2020092404004450,RLI,37,29,10,647.00,"6,470.00"
2020-09-24,2020092404004449,RLI,37,32,10,647.00,"6,470.00"
2020-09-24,2020092404004448,RLI,37,38,10,647.00,"6,470.00"
2020-09-24,2020092404004447,RLI,37,17,10,647.00,"6,470.00"
2020-09-24,2020092404004446,RLI,37,20,10,647.00,"6,470.00"
2020-09-24,2020092404004445,RLI,37,58,10,647.00,"6,470.00"
2020-09-24,2020092404004457,RLI,37,1,10,647.00,"6,470.00"
2020-09-24,2020092404004456,RLI,37,13,10,647.00,"6,470.00"
2020-09-24,2020092404004455,RLI,37,29,10,647.00,"6,470.00"
2020-09-24,2020092404004454,RLI,37,6,10,647.00,"6,470.00"
2020-09-24,2020092404004452,RLI,37,20,10,647.00,"6,470.00"
2020-09-24,2020092404004451,RLI,37,22,10,647.00,"6,470.00"
2020-09-24,2020092404004463,RLI,37,10,10,647.00,"6,470.00"
2020-09-24,2020092404004462,RLI,37,20,10,647.00,"6,470.00"
2020-09-24,2020092404004461,RLI,37,29,10,647.00,"6,470.00"
2020-09-24,2020092404004460,RLI,37,17,10,647.00,"6,470.00"
2020-09-24,2020092404004459,RLI,37,29,10,647.00,"6,470.00"
2020-09-24,2020092404004458,RLI,37,28,10,647.00,"6,470.00"
2020-09-24,2020092404004469,RLI,37,40,10,647.00,"6,470.00"
2020-09-24,2020092404004468,RLI,37,26,10,647.00,"6,470.00"
2020-09-24,2020092404004467,RLI,37,59,10,647.00,"6,470.00"
2020-09-24,2020092404004466,RLI,37,17,10,647.00,"6,470.00"
2020-09-24,2020092404004465,RLI,37,26,10,647.00,"6,470.00"
2020-09-24,2020092404004464,RLI,37,13,10,647.00,"6,470.00"
2020-09-24,2020092404004475,RLI,37,17,10,647.00,"6,470.00"
2020-09-24,2020092404004474,RLI,37,10,10,647.00,"6,470.00"
2020-09-24,2020092404004473,RLI,37,48,10,647.00,"6,470.00"
2020-09-24,2020092404004472,RLI,37,26,10,647.00,"6,470.00"
2020-09-24,2020092404004471,RLI,37,39,10,647.00,"6,470.00"
2020-09-24,2020092404004470,RLI,37,10,10,647.00,"6,470.00"
2020-09-24,2020092404004481,RLI,37,13,10,647.00,"6,470.00"
2020-09-24,2020092404004480,RLI,37,10,10,647.00,"6,470.00"
2020-09-24,2020092404004479,RLI,37,20,10,647.00,"6,470.00"
2020-09-24,2020092404004478,RLI,37,1,10,647.00,"6,470.00"
2020-09-24,2020092404004477,RLI,37,26,10,647.00,"6,470.00"
2020-09-24,2020092404004476,RLI,37,28,10,647.00,"6,470.00"
2020-09-24,2020092404004487,RLI,37,11,10,647.00,"6,470.00"
2020-09-24,2020092404004486,RLI,37,10,10,647.00,"6,470.00"
2020-09-24,2020092404004485,RLI,37,28,10,647.00,"6,470.00"
2020-09-24,2020092404004484,RLI,37,26,10,647.00,"6,470.00"
2020-09-24,2020092404004483,RLI,37,58,10,647.00,"6,470.00"
2020-09-24,2020092404004482,RLI,37,48,10,647.00,"6,470.00"
2020-09-24,2020092404004493,RLI,37,48,10,647.00,"6,470.00"
2020-09-24,2020092404004492,RLI,37,42,10,647.00,"6,470.00"
2020-09-24,2020092404004491,RLI,37,28,10,647.00,"6,470.00"
2020-09-24,2020092404004490,RLI,37,57,10,647.00,"6,470.00"
2020-09-24,2020092404004489,RLI,37,55,10,647.00,"6,470.00"
2020-09-24,2020092404004488,RLI,37,26,10,647.00,"6,470.00"
2020-09-24,2020092404004504,RLI,37,16,10,647.00,"6,470.00"
2020-09-24,2020092404004503,RLI,37,10,10,647.00,"6,470.00"
2020-09-24,2020092404004502,RLI,37,48,10,647.00,"6,470.00"
2020-09-24,2020092404004501,RLI,37,58,10,647.00,"6,470.00"
2020-09-24,2020092404004499,RLI,37,26,10,647.00,"6,470.00"
2020-09-24,2020092404004498,RLI,37,10,10,647.00,"6,470.00"
2020-09-24,2020092404004510,RLI,37,33,10,647.00,"6,470.00"
2020-09-24,2020092404004509,RLI,37,59,10,647.00,"6,470.00"
2020-09-24,2020092404004508,RLI,37,39,10,647.00,"6,470.00"
2020-09-24,2020092404004507,RLI,37,14,10,647.00,"6,470.00"
2020-09-24,2020092404004506,RLI,37,29,10,647.00,"6,470.00"
2020-09-24,2020092404004505,RLI,37,28,10,647.00,"6,470.00"
2020-09-24,2020092404004516,RLI,37,10,10,647.00,"6,470.00"
2020-09-24,2020092404004515,RLI,37,28,10,647.00,"6,470.00"
2020-09-24,2020092404004514,RLI,37,39,10,647.00,"6,470.00"
2020-09-24,2020092404004513,RLI,37,48,10,647.00,"6,470.00"
2020-09-24,2020092404004512,RLI,37,10,10,647.00,"6,470.00"
2020-09-24,2020092404004511,RLI,37,21,10,647.00,"6,470.00"
2020-09-24,2020092404004522,RLI,37,38,10,647.00,"6,470.00"
2020-09-24,2020092404004521,RLI,48,42,10,648.00,"6,480.00"
2020-09-24,2020092404004520,RLI,48,57,10,648.00,"6,480.00"
2020-09-24,2020092404004519,RLI,48,58,10,648.00,"6,480.00"
2020-09-24,2020092404004518,RLI,48,6,10,648.00,"6,480.00"
2020-09-24,2020092404004517,RLI,37,48,10,647.00,"6,470.00"
2020-09-24,2020092404004532,RLI,13,28,10,648.00,"6,480.00"
2020-09-24,2020092404004531,RLI,13,16,10,648.00,"6,480.00"
2020-09-24,2020092404004530,RLI,13,48,10,648.00,"6,480.00"
2020-09-24,2020092404004526,RLI,37,58,10,647.00,"6,470.00"
2020-09-24,2020092404004524,RLI,37,28,10,647.00,"6,470.00"
2020-09-24,2020092404004523,RLI,37,32,10,647.00,"6,470.00"
2020-09-24,2020092404004538,RLI,37,28,10,647.00,"6,470.00"
2020-09-24,2020092404004537,RLI,34,16,10,648.00,"6,480.00"
2020-09-24,2020092404004536,RLI,34,21,10,648.00,"6,480.00"
2020-09-24,2020092404004535,RLI,34,11,10,648.00,"6,480.00"
2020-09-24,2020092404004534,RLI,34,36,10,648.00,"6,480.00"
2020-09-24,2020092404004533,RLI,13,48,10,648.00,"6,480.00"
2020-09-24,2020092404004544,RLI,45,41,10,649.00,"6,490.00"
2020-09-24,2020092404004543,RLI,45,58,10,649.00,"6,490.00"
2020-09-24,2020092404004542,RLI,45,32,10,649.00,"6,490.00"
2020-09-24,2020092404004541,RLI,45,32,10,648.00,"6,480.00"
2020-09-24,2020092404004540,RLI,45,17,10,648.00,"6,480.00"
2020-09-24,2020092404004539,RLI,37,48,10,647.00,"6,470.00"
2020-09-24,2020092404004550,RLI,37,48,10,647.00,"6,470.00"
2020-09-24,2020092404004549,RLI,45,42,10,649.00,"6,490.00"
2020-09-24,2020092404004548,RLI,45,42,10,649.00,"6,490.00"
2020-09-24,2020092404004547,RLI,45,52,10,649.00,"6,490.00"
2020-09-24,2020092404004546,RLI,45,39,10,649.00,"6,490.00"
2020-09-24,2020092404004545,RLI,45,11,10,649.00,"6,490.00"
2020-09-24,2020092404004556,RLI,37,16,10,647.00,"6,470.00"
2020-09-24,2020092404004555,RLI,37,11,10,647.00,"6,470.00"
2020-09-24,2020092404004554,RLI,37,11,10,647.00,"6,470.00"
2020-09-24,2020092404004553,RLI,37,48,10,647.00,"6,470.00"
2020-09-24,2020092404004552,RLI,37,33,10,647.00,"6,470.00"
2020-09-24,2020092404004551,RLI,37,16,10,647.00,"6,470.00"
2020-09-24,2020092404004562,RLI,40,52,10,648.00,"6,480.00"
2020-09-24,2020092404004561,RLI,37,57,10,647.00,"6,470.00"
2020-09-24,2020092404004560,RLI,37,16,10,647.00,"6,470.00"
2020-09-24,2020092404004559,RLI,37,48,10,647.00,"6,470.00"
2020-09-24,2020092404004558,RLI,37,36,10,647.00,"6,470.00"
2020-09-24,2020092404004557,RLI,37,48,10,647.00,"6,470.00"
2020-09-24,2020092404004568,RLI,52,42,10,649.00,"6,490.00"
2020-09-24,2020092404004567,RLI,52,52,10,649.00,"6,490.00"
2020-09-24,2020092404004566,RLI,52,38,10,649.00,"6,490.00"
2020-09-24,2020092404004565,RLI,40,25,10,648.00,"6,480.00"
2020-09-24,2020092404004564,RLI,40,49,10,648.00,"6,480.00"
2020-09-24,2020092404004563,RLI,40,22,10,648.00,"6,480.00"
2020-09-24,2020092404004574,RLI,40,25,10,648.00,"6,480.00"
2020-09-24,2020092404004573,RLI,40,16,10,648.00,"6,480.00"
2020-09-24,2020092404004572,RLI,40,48,10,648.00,"6,480.00"
2020-09-24,2020092404004571,RLI,40,36,10,648.00,"6,480.00"
2020-09-24,2020092404004570,RLI,52,52,10,649.00,"6,490.00"
2020-09-24,2020092404004569,RLI,52,52,10,649.00,"6,490.00"
2020-09-24,2020092404004580,RLI,40,16,10,648.00,"6,480.00"
2020-09-24,2020092404004579,RLI,40,48,10,648.00,"6,480.00"
2020-09-24,2020092404004578,RLI,40,16,10,648.00,"6,480.00"
2020-09-24,2020092404004577,RLI,40,57,10,648.00,"6,480.00"
2020-09-24,2020092404004576,RLI,40,48,10,648.00,"6,480.00"
2020-09-24,2020092404004575,RLI,40,11,10,648.00,"6,480.00"
2020-09-24,2020092404004586,RLI,40,56,10,648.00,"6,480.00"
2020-09-24,2020092404004585,RLI,40,48,10,648.00,"6,480.00"
2020-09-24,2020092404004584,RLI,40,57,10,648.00,"6,480.00"
2020-09-24,2020092404004583,RLI,40,56,10,648.00,"6,480.00"
2020-09-24,2020092404004582,RLI,40,25,10,648.00,"6,480.00"
2020-09-24,2020092404004581,RLI,40,38,10,648.00,"6,480.00"
2020-09-24,2020092404004594,RLI,32,57,10,647.00,"6,470.00"
2020-09-24,2020092404004593,RLI,32,16,10,647.00,"6,470.00"
2020-09-24,2020092404004592,RLI,32,14,10,647.00,"6,470.00"
2020-09-24,2020092404004591,RLI,57,16,10,647.00,"6,470.00"
2020-09-24,2020092404004590,RLI,51,16,10,647.00,"6,470.00"
2020-09-24,2020092404004589,RLI,51,48,10,647.00,"6,470.00"
2020-09-24,2020092404004601,RLI,32,16,10,647.00,"6,470.00"
2020-09-24,2020092404004600,RLI,32,36,10,647.00,"6,470.00"
2020-09-24,2020092404004598,RLI,32,16,10,647.00,"6,470.00"
2020-09-24,2020092404004597,RLI,32,16,10,647.00,"6,470.00"
2020-09-24,2020092404004596,RLI,32,11,10,647.00,"6,470.00"
2020-09-24,2020092404004595,RLI,32,36,10,647.00,"6,470.00"
2020-09-24,2020092404004607,RLI,17,51,10,648.00,"6,480.00"
2020-09-24,2020092404004606,RLI,17,36,10,648.00,"6,480.00"
2020-09-24,2020092404004605,RLI,17,36,10,648.00,"6,480.00"
2020-09-24,2020092404004604,RLI,47,42,10,647.00,"6,470.00"
2020-09-24,2020092404004603,RLI,47,16,10,647.00,"6,470.00"
2020-09-24,2020092404004602,RLI,32,16,10,647.00,"6,470.00"
2020-09-24,2020092404004613,RLI,17,52,10,649.00,"6,490.00"
2020-09-24,2020092404004612,RLI,17,38,10,649.00,"6,490.00"
2020-09-24,2020092404004611,RLI,17,38,10,649.00,"6,490.00"
2020-09-24,2020092404004610,RLI,17,38,10,649.00,"6,490.00"
2020-09-24,2020092404004609,RLI,17,39,10,649.00,"6,490.00"
2020-09-24,2020092404004608,RLI,17,38,10,649.00,"6,490.00"
2020-09-24,2020092404004426,SAEF,7,58,200,10.25,"2,050.00"
2020-09-24,2020092404004599,SEF,14,7,"5,000",9.06,"45,300.00"
2020-09-24,2020092404004378,STC,59,28,190,"3,380.00","642,200.00"
2020-09-24,2020092404004333,STC,59,28,310,"3,380.00","1,047,800.00"
2020-09-24,2020092404004327,STC,59,28,490,"3,380.00","1,656,200.00"
2020-09-24,2020092404004326,STC,59,28,10,"3,380.00","33,800.00"
2020-09-24,2020092404004309,STC,59,28,990,"3,380.00","3,346,200.00"
2020-09-24,2020092404004308,STC,59,45,10,"3,350.00","33,500.00"
2020-09-24,2020092404004219,STC,28,28,100,"3,350.00","335,000.00"
2020-09-24,2020092404004159,STC,28,28,100,"3,350.00","335,000.00"
2020-09-24,2020092404004005,CMF1,17,4,"20,000",11.04,"220,800.00"
2020-09-24,2020092404003999,CMF1,43,4,"5,000",11.05,"55,250.00"
2020-09-24,2020092404003998,CMF1,16,4,"5,000",11.05,"55,250.00"
2020-09-24,2020092404003997,CMF1,16,4,"5,000",11.05,"55,250.00"
2020-09-24,2020092404003993,CMF1,45,4,500,11.06,"5,530.00"
2020-09-24,2020092404003992,CMF1,32,4,500,11.06,"5,530.00"
2020-09-24,2020092404003667,CMF1,22,58,"3,300",11.10,"36,630.00"
2020-09-24,2020092404003640,CMF1,22,58,"1,700",11.10,"18,870.00"
2020-09-24,2020092404003745,CMF1,43,4,"1,000",11.04,"11,040.00"
2020-09-24,2020092404003714,CMF1,16,43,400,11.20,"4,480.00"
2020-09-24,2020092404003709,CMF1,16,40,100,11.20,"1,120.00"
2020-09-24,2020092404003693,CMF1,25,4,"5,000",11.06,"55,300.00"
2020-09-24,2020092404003686,CMF1,43,4,"5,000",11.07,"55,350.00"
2020-09-24,2020092404003668,CMF1,43,58,"1,700",11.10,"18,870.00"
2020-09-24,2020092404003977,CMF1,32,4,"3,000",11.06,"33,180.00"
2020-09-24,2020092404003976,CMF1,43,4,"1,000",11.07,"11,070.00"
2020-09-24,2020092404003952,CMF1,32,17,"1,500",11.06,"16,590.00"
2020-09-24,2020092404003819,CMF1,16,28,"5,000",11.04,"55,200.00"
2020-09-24,2020092404003747,CMF1,7,4,"5,000",11.04,"55,200.00"
2020-09-24,2020092404003746,CMF1,43,4,"5,000",11.04,"55,200.00"
2020-09-24,2020092404003946,GIMES1,58,21,500,9.30,"4,650.00"
2020-09-24,2020092404003673,LUK,53,4,100,8.81,881.00
2020-09-24,2020092404003964,NBF2,16,22,"1,000",8.75,"8,750.00"
2020-09-24,2020092404003958,NBF2,16,39,"1,000",8.75,"8,750.00"
2020-09-24,2020092404003935,NBF2,16,39,"2,000",8.75,"17,500.00"
2020-09-24,2020092404003934,NBF2,45,39,"1,500",8.76,"13,140.00"
2020-09-24,2020092404003933,NBF2,53,39,500,8.77,"4,385.00"
2020-09-24,2020092404003836,NBF2,45,39,"1,000",8.76,"8,760.00"
2020-09-24,2020092404003823,NBF2,34,39,"1,000",8.79,"8,790.00"
2020-09-24,2020092404003965,NEF,55,43,586,8.66,"5,074.76"
2020-09-24,2020092404003936,NEF,11,43,"1,000",8.67,"8,670.00"
2020-09-24,2020092404003884,NEF,11,43,"1,034",8.69,"8,985.46"
2020-09-24,2020092404004068,NIBLPF,10,7,"2,525",8.62,"21,765.50"
2020-09-24,2020092404003961,NIBLPF,10,45,"1,525",8.62,"13,145.50"
2020-09-24,2020092404003960,NIBLPF,34,45,"1,000",8.62,"8,620.00"
2020-09-24,2020092404003915,NIBLPF,10,5,"1,010",8.62,"8,706.20"
2020-09-24,2020092404003914,NIBLPF,10,5,"1,010",8.62,"8,706.20"
2020-09-24,2020092404003939,NIBPO,4,4,8,353.00,"2,824.00"
2020-09-24,2020092404003789,NIBPO,4,4,9,353.00,"3,177.00"
2020-09-24,2020092404003678,NIBPO,44,32,20,360.00,"7,200.00"
2020-09-24,2020092404003677,NIBPO,52,32,50,360.00,"18,000.00"
2020-09-24,2020092404003676,NIBPO,41,32,130,360.00,"46,800.00"
2020-09-24,2020092404003630,NIBSF1,28,58,495,9.29,"4,598.55"
2020-09-24,2020092404003629,NIBSF1,28,58,"5,000",9.29,"46,450.00"
2020-09-24,2020092404003628,NIBSF1,6,58,"1,000",9.30,"9,300.00"
2020-09-24,2020092404003627,NIBSF1,53,58,"1,000",9.30,"9,300.00"
2020-09-24,2020092404003626,NIBSF1,28,58,700,9.30,"6,510.00"
2020-09-24,2020092404003704,NMBHF1,6,39,"5,000",10.00,"50,000.00"
2020-09-24,2020092404003703,NMBHF1,6,47,"4,980",9.99,"49,750.20"
2020-09-24,2020092404003675,RBCLPO,32,14,30,"10,128.00","303,840.00"
2020-09-24,2020092404003674,RBCLPO,32,14,20,"10,130.00","202,600.00"
2020-09-24,2020092404003652,RBCLPO,32,43,20,"10,200.00","204,000.00"
2020-09-24,2020092404004119,RLI,55,28,10,649.00,"6,490.00"
2020-09-24,2020092404004118,RLI,55,40,10,649.00,"6,490.00"
2020-09-24,2020092404004117,RLI,55,41,10,649.00,"6,490.00"
2020-09-24,2020092404004116,RLI,43,10,10,648.00,"6,480.00"
2020-09-24,2020092404004115,RLI,43,28,10,648.00,"6,480.00"
2020-09-24,2020092404004114,RLI,51,28,10,648.00,"6,480.00"
2020-09-24,2020092404003623,RLI,34,8,10,649.00,"6,490.00"
2020-09-24,2020092404003622,RLI,34,38,10,649.00,"6,490.00"
2020-09-24,2020092404003621,RLI,34,58,10,649.00,"6,490.00"
2020-09-24,2020092404003620,RLI,34,56,10,649.00,"6,490.00"
2020-09-24,2020092404003634,RLI,34,16,10,649.00,"6,490.00"
2020-09-24,2020092404003633,RLI,34,38,10,649.00,"6,490.00"
2020-09-24,2020092404003632,RLI,34,47,10,649.00,"6,490.00"
2020-09-24,2020092404003631,RLI,34,8,10,649.00,"6,490.00"
2020-09-24,2020092404003625,RLI,34,58,10,649.00,"6,490.00"
2020-09-24,2020092404003624,RLI,34,38,10,649.00,"6,490.00"
2020-09-24,2020092404003641,RLI,34,16,10,649.00,"6,490.00"
2020-09-24,2020092404003639,RLI,34,41,10,649.00,"6,490.00"
2020-09-24,2020092404003638,RLI,34,39,10,649.00,"6,490.00"
2020-09-24,2020092404003637,RLI,34,8,10,649.00,"6,490.00"
2020-09-24,2020092404003636,RLI,34,58,10,649.00,"6,490.00"
2020-09-24,2020092404003635,RLI,34,48,10,649.00,"6,490.00"
2020-09-24,2020092404003647,RLI,34,10,10,649.00,"6,490.00"
2020-09-24,2020092404003646,RLI,34,58,10,649.00,"6,490.00"
2020-09-24,2020092404003645,RLI,34,16,10,649.00,"6,490.00"
2020-09-24,2020092404003644,RLI,34,53,10,649.00,"6,490.00"
2020-09-24,2020092404003643,RLI,34,8,10,649.00,"6,490.00"
2020-09-24,2020092404003642,RLI,34,57,10,649.00,"6,490.00"
2020-09-24,2020092404003654,RLI,34,39,10,649.00,"6,490.00"
2020-09-24,2020092404003653,RLI,34,16,10,649.00,"6,490.00"
2020-09-24,2020092404003651,RLI,34,16,10,649.00,"6,490.00"
2020-09-24,2020092404003650,RLI,34,10,10,649.00,"6,490.00"
2020-09-24,2020092404003649,RLI,34,58,10,649.00,"6,490.00"
2020-09-24,2020092404003648,RLI,34,8,10,649.00,"6,490.00"
2020-09-24,2020092404003660,RLI,6,10,10,648.00,"6,480.00"
2020-09-24,2020092404003659,RLI,6,16,10,648.00,"6,480.00"
2020-09-24,2020092404003658,RLI,34,57,10,649.00,"6,490.00"
2020-09-24,2020092404003657,RLI,34,13,10,649.00,"6,490.00"
2020-09-24,2020092404003656,RLI,34,10,10,649.00,"6,490.00"
2020-09-24,2020092404003655,RLI,34,39,10,649.00,"6,490.00"
2020-09-24,2020092404003666,RLI,57,10,10,648.00,"6,480.00"
2020-09-24,2020092404003665,RLI,36,6,10,650.00,"6,500.00"
2020-09-24,2020092404003664,RLI,36,57,10,649.00,"6,490.00"
2020-09-24,2020092404003663,RLI,36,25,10,649.00,"6,490.00"
2020-09-24,2020092404003662,RLI,6,16,10,648.00,"6,480.00"
2020-09-24,2020092404003661,RLI,6,43,10,648.00,"6,480.00"
2020-09-24,2020092404003680,RLI,57,55,10,648.00,"6,480.00"
2020-09-24,2020092404003679,RLI,57,13,10,648.00,"6,480.00"
2020-09-24,2020092404003672,RLI,57,16,10,648.00,"6,480.00"
2020-09-24,2020092404003671,RLI,57,58,10,648.00,"6,480.00"
2020-09-24,2020092404003670,RLI,57,13,10,648.00,"6,480.00"
2020-09-24,2020092404003669,RLI,57,16,10,648.00,"6,480.00"
2020-09-24,2020092404003687,RLI,57,58,10,648.00,"6,480.00"
2020-09-24,2020092404003685,RLI,57,16,10,648.00,"6,480.00"
2020-09-24,2020092404003684,RLI,57,58,10,648.00,"6,480.00"
2020-09-24,2020092404003683,RLI,57,33,10,648.00,"6,480.00"
2020-09-24,2020092404003682,RLI,57,16,10,648.00,"6,480.00"
2020-09-24,2020092404003681,RLI,57,58,10,648.00,"6,480.00"
2020-09-24,2020092404003694,RLI,57,40,10,648.00,"6,480.00"
2020-09-24,2020092404003692,RLI,57,44,10,648.00,"6,480.00"
2020-09-24,2020092404003691,RLI,57,33,10,648.00,"6,480.00"
2020-09-24,2020092404003690,RLI,57,16,10,648.00,"6,480.00"
2020-09-24,2020092404003689,RLI,57,44,10,648.00,"6,480.00"
2020-09-24,2020092404003688,RLI,57,13,10,648.00,"6,480.00"
2020-09-24,2020092404003700,RLI,57,29,10,648.00,"6,480.00"
2020-09-24,2020092404003699,RLI,57,16,10,648.00,"6,480.00"
2020-09-24,2020092404003698,RLI,57,44,10,648.00,"6,480.00"
2020-09-24,2020092404003697,RLI,57,13,10,648.00,"6,480.00"
2020-09-24,2020092404003696,RLI,57,44,10,648.00,"6,480.00"
2020-09-24,2020092404003695,RLI,57,16,10,648.00,"6,480.00"
2020-09-24,2020092404003708,RLI,57,10,10,648.00,"6,480.00"
2020-09-24,2020092404003707,RLI,57,44,10,648.00,"6,480.00"
2020-09-24,2020092404003706,RLI,57,33,10,648.00,"6,480.00"
2020-09-24,2020092404003705,RLI,57,10,10,648.00,"6,480.00"
2020-09-24,2020092404003702,RLI,57,16,10,648.00,"6,480.00"
2020-09-24,2020092404003701,RLI,57,44,10,648.00,"6,480.00"
2020-09-24,2020092404003716,RLI,57,39,10,648.00,"6,480.00"
2020-09-24,2020092404003715,RLI,57,41,10,648.00,"6,480.00"
2020-09-24,2020092404003713,RLI,57,10,10,648.00,"6,480.00"
2020-09-24,2020092404003712,RLI,57,16,10,648.00,"6,480.00"
2020-09-24,2020092404003711,RLI,57,4,10,648.00,"6,480.00"
2020-09-24,2020092404003710,RLI,57,29,10,648.00,"6,480.00"
2020-09-24,2020092404003722,RLI,57,39,10,648.00,"6,480.00"
2020-09-24,2020092404003721,RLI,57,10,10,648.00,"6,480.00"
2020-09-24,2020092404003720,RLI,57,41,10,648.00,"6,480.00"
2020-09-24,2020092404003719,RLI,57,36,10,648.00,"6,480.00"
2020-09-24,2020092404003718,RLI,57,57,10,648.00,"6,480.00"
2020-09-24,2020092404003717,RLI,57,16,10,648.00,"6,480.00"
2020-09-24,2020092404003728,RLI,57,39,10,648.00,"6,480.00"
2020-09-24,2020092404003727,RLI,57,57,10,648.00,"6,480.00"
2020-09-24,2020092404003726,RLI,57,10,10,648.00,"6,480.00"
2020-09-24,2020092404003725,RLI,57,41,10,648.00,"6,480.00"
2020-09-24,2020092404003724,RLI,57,16,10,648.00,"6,480.00"
2020-09-24,2020092404003723,RLI,57,55,10,648.00,"6,480.00"
2020-09-24,2020092404003734,RLI,33,44,10,648.00,"6,480.00"
2020-09-24,2020092404003733,RLI,33,46,10,648.00,"6,480.00"
2020-09-24,2020092404003732,RLI,33,39,10,648.00,"6,480.00"
2020-09-24,2020092404003731,RLI,33,10,10,648.00,"6,480.00"
2020-09-24,2020092404003730,RLI,33,16,10,648.00,"6,480.00"
2020-09-24,2020092404003729,RLI,57,41,10,648.00,"6,480.00"
2020-09-24,2020092404003740,RLI,35,10,10,648.00,"6,480.00"
2020-09-24,2020092404003739,RLI,33,41,10,648.00,"6,480.00"
2020-09-24,2020092404003738,RLI,33,16,10,648.00,"6,480.00"
2020-09-24,2020092404003737,RLI,33,1,10,648.00,"6,480.00"
2020-09-24,2020092404003736,RLI,33,57,10,648.00,"6,480.00"
2020-09-24,2020092404003735,RLI,33,45,10,648.00,"6,480.00"
2020-09-24,2020092404003749,RLI,36,7,10,649.00,"6,490.00"
2020-09-24,2020092404003748,RLI,36,4,10,649.00,"6,490.00"
2020-09-24,2020092404003744,RLI,35,16,10,648.00,"6,480.00"
2020-09-24,2020092404003743,RLI,35,46,10,648.00,"6,480.00"
2020-09-24,2020092404003742,RLI,35,39,10,648.00,"6,480.00"
2020-09-24,2020092404003741,RLI,35,44,10,648.00,"6,480.00"
2020-09-24,2020092404003755,RLI,36,58,10,649.00,"6,490.00"
2020-09-24,2020092404003754,RLI,36,41,10,649.00,"6,490.00"
2020-09-24,2020092404003753,RLI,36,44,10,649.00,"6,490.00"
2020-09-24,2020092404003752,RLI,36,58,10,649.00,"6,490.00"
2020-09-24,2020092404003751,RLI,36,51,10,649.00,"6,490.00"
2020-09-24,2020092404003750,RLI,36,39,10,649.00,"6,490.00"
2020-09-24,2020092404003761,RLI,36,43,10,649.00,"6,490.00"
2020-09-24,2020092404003760,RLI,36,41,10,649.00,"6,490.00"
2020-09-24,2020092404003759,RLI,36,39,10,649.00,"6,490.00"
2020-09-24,2020092404003758,RLI,36,10,10,649.00,"6,490.00"
2020-09-24,2020092404003757,RLI,36,16,10,649.00,"6,490.00"
2020-09-24,2020092404003756,RLI,36,44,10,649.00,"6,490.00"
2020-09-24,2020092404003767,RLI,36,18,10,649.00,"6,490.00"
2020-09-24,2020092404003766,RLI,36,16,10,649.00,"6,490.00"
2020-09-24,2020092404003765,RLI,36,59,10,649.00,"6,490.00"
2020-09-24,2020092404003764,RLI,36,10,10,649.00,"6,490.00"
2020-09-24,2020092404003763,RLI,36,44,10,649.00,"6,490.00"
2020-09-24,2020092404003762,RLI,36,22,10,649.00,"6,490.00"
