Date,Transact. No.,Symbol,Buyer,Seller,Quantity,Rate,Amount
2020-08-24,2020082401027359,ACLBSL,34,57,20,719.00,"14,380.00"
2020-08-24,2020082401027358,ACLBSL,34,39,30,719.00,"21,570.00"
2020-08-24,2020082401027357,ACLBSL,34,47,10,718.00,"7,180.00"
2020-08-24,2020082401027356,ACLBSL,34,36,90,716.00,"64,440.00"
2020-08-24,2020082401027554,ADBL,41,33,75,420.00,"31,500.00"
2020-08-24,2020082401027553,ADBL,41,6,425,420.00,"178,500.00"
2020-08-24,2020082401027374,ADBL,51,6,75,420.00,"31,500.00"
2020-08-24,2020082401027373,ADBL,51,37,147,420.00,"61,740.00"
2020-08-24,2020082401027372,ADBL,51,45,100,420.00,"42,000.00"
2020-08-24,2020082401027371,ADBL,51,45,108,420.00,"45,360.00"
2020-08-24,2020082401027370,ADBL,51,52,20,420.00,"8,400.00"
2020-08-24,2020082401027369,ADBL,51,45,50,420.00,"21,000.00"
2020-08-24,2020082401027140,ADBL,51,14,140,419.00,"58,660.00"
2020-08-24,2020082401027248,AIL,21,42,10,503.00,"5,030.00"
2020-08-24,2020082401027247,AIL,21,41,10,503.00,"5,030.00"
2020-08-24,2020082401027067,AIL,22,57,10,503.00,"5,030.00"
2020-08-24,2020082401027183,ALICL,32,29,100,670.00,"67,000.00"
2020-08-24,2020082401027182,ALICL,32,35,50,670.00,"33,500.00"
2020-08-24,2020082401027505,BFC,46,8,10,101.00,"1,010.00"
2020-08-24,2020082401027227,BFC,39,58,100,103.00,"10,300.00"
2020-08-24,2020082401027210,BFC,46,8,20,101.00,"2,020.00"
2020-08-24,2020082401027263,BPCL,33,25,110,363.00,"39,930.00"
2020-08-24,2020082401027262,BPCL,33,38,95,363.00,"34,485.00"
2020-08-24,2020082401027268,CBBL,37,41,28,"1,085.00","30,380.00"
2020-08-24,2020082401027267,CBBL,33,41,60,"1,089.00","65,340.00"
2020-08-24,2020082401027090,CBBL,33,33,10,"1,088.00","10,880.00"
2020-08-24,2020082401027089,CBBL,33,39,52,"1,088.00","56,576.00"
2020-08-24,2020082401027088,CBBL,33,22,300,"1,087.00","326,100.00"
2020-08-24,2020082401027087,CBBL,33,33,450,"1,087.00","489,150.00"
2020-08-24,2020082401027093,CBBL,33,13,50,"1,089.00","54,450.00"
2020-08-24,2020082401027092,CBBL,33,42,"1,000","1,089.00","1,089,000.00"
2020-08-24,2020082401027091,CBBL,33,6,78,"1,089.00","84,942.00"
2020-08-24,2020082401027079,CBL,56,16,147,143.00,"21,021.00"
2020-08-24,2020082401027096,CCBL,41,8,50,174.00,"8,700.00"
2020-08-24,2020082401027120,CHCL,45,22,418,395.00,"165,110.00"
2020-08-24,2020082401027119,CHCL,43,22,82,398.00,"32,636.00"
2020-08-24,2020082401027510,CIT,25,56,46,"2,880.00","132,480.00"
2020-08-24,2020082401027509,CIT,59,56,110,"2,880.00","316,800.00"
2020-08-24,2020082401027508,CIT,25,56,103,"2,880.00","296,640.00"
2020-08-24,2020082401027228,CIT,57,43,16,"2,881.00","46,096.00"
2020-08-24,2020082401027074,CIT,25,43,10,"2,881.00","28,810.00"
2020-08-24,2020082401027147,CLBSL,16,45,11,691.00,"7,601.00"
2020-08-24,2020082401027084,CORBL,6,20,30,124.00,"3,720.00"
2020-08-24,2020082401027073,CZBIL,13,35,356,194.00,"69,064.00"
2020-08-24,2020082401027072,CZBIL,29,35,100,194.00,"19,400.00"
2020-08-24,2020082401027071,CZBIL,17,35,500,194.00,"97,000.00"
2020-08-24,2020082401027070,CZBIL,25,35,289,194.00,"56,066.00"
2020-08-24,2020082401027487,DDBL,6,19,50,848.00,"42,400.00"
2020-08-24,2020082401027341,DDBL,35,19,50,848.00,"42,400.00"
2020-08-24,2020082401027392,EBL,34,28,10,720.00,"7,200.00"
2020-08-24,2020082401027235,EBL,14,39,50,719.00,"35,950.00"
2020-08-24,2020082401027158,EBL,54,39,10,719.00,"7,190.00"
2020-08-24,2020082401027118,EBL,14,16,285,717.00,"204,345.00"
2020-08-24,2020082401027117,EBL,14,16,50,717.00,"35,850.00"
2020-08-24,2020082401027116,EBL,42,16,10,717.00,"7,170.00"
2020-08-24,2020082401027115,EBL,58,16,35,717.00,"25,095.00"
2020-08-24,2020082401027515,EIC,17,38,254,475.00,"120,650.00"
2020-08-24,2020082401027514,EIC,49,38,50,476.00,"23,800.00"
2020-08-24,2020082401027513,EIC,25,38,96,476.00,"45,696.00"
2020-08-24,2020082401027077,EIC,32,41,140,478.00,"66,920.00"
2020-08-24,2020082401027543,FMDBL,29,14,10,537.00,"5,370.00"
2020-08-24,2020082401027521,FMDBL,35,14,145,537.00,"77,865.00"
2020-08-24,2020082401027325,FMDBL,33,59,150,539.00,"80,850.00"
2020-08-24,2020082401027273,FMDBL,35,29,300,537.00,"161,100.00"
2020-08-24,2020082401027270,FMDBL,44,59,200,539.00,"107,800.00"
2020-08-24,2020082401027178,FMDBL,35,38,450,537.00,"241,650.00"
2020-08-24,2020082401027177,FMDBL,32,38,100,538.00,"53,800.00"
2020-08-24,2020082401027176,FMDBL,36,38,300,538.00,"161,400.00"
2020-08-24,2020082401027175,FMDBL,33,38,100,538.00,"53,800.00"
2020-08-24,2020082401027174,FMDBL,44,38,50,538.00,"26,900.00"
2020-08-24,2020082401027466,FOWAD,51,11,19,"1,545.00","29,355.00"
2020-08-24,2020082401027465,FOWAD,51,51,10,"1,544.00","15,440.00"
2020-08-24,2020082401027121,GBBL,39,46,100,237.00,"23,700.00"
2020-08-24,2020082401027486,GBIME,49,34,444,252.00,"111,888.00"
2020-08-24,2020082401027485,GBIME,49,59,56,252.00,"14,112.00"
2020-08-24,2020082401027193,GBIME,10,21,180,251.00,"45,180.00"
2020-08-24,2020082401027192,GBIME,53,21,500,251.00,"125,500.00"
2020-08-24,2020082401027191,GBIME,57,21,20,251.00,"5,020.00"
2020-08-24,2020082401027364,GBLBS,41,52,146,495.00,"72,270.00"
2020-08-24,2020082401027135,GBLBS,21,29,10,495.00,"4,950.00"
2020-08-24,2020082401027134,GBLBS,21,42,30,495.00,"14,850.00"
2020-08-24,2020082401027133,GBLBS,21,25,106,495.00,"52,470.00"
2020-08-24,2020082401027253,GFCL,35,36,10,153.00,"1,530.00"
2020-08-24,2020082401027206,GLBSL,33,37,10,794.00,"7,940.00"
2020-08-24,2020082401027548,GLICL,32,35,31,497.00,"15,407.00"
2020-08-24,2020082401027547,GLICL,32,22,69,497.00,"34,293.00"
2020-08-24,2020082401027328,GLICL,10,22,10,497.00,"4,970.00"
2020-08-24,2020082401027537,HGI,59,33,200,449.00,"89,800.00"
2020-08-24,2020082401027536,HGI,16,33,290,449.00,"130,210.00"
2020-08-24,2020082401027080,HGI,28,13,230,450.00,"103,500.00"
2020-08-24,2020082401027467,HIDCL,6,38,10,129.00,"1,290.00"
2020-08-24,2020082401027504,ILBS,11,19,100,747.00,"74,700.00"
2020-08-24,2020082401027324,ILBS,52,57,57,748.00,"42,636.00"
2020-08-24,2020082401027276,ILBS,29,19,10,754.00,"7,540.00"
2020-08-24,2020082401027195,ILBS,29,42,10,751.00,"7,510.00"
2020-08-24,2020082401027190,ILBS,52,33,43,748.00,"32,164.00"
2020-08-24,2020082401027361,JOSHI,52,57,40,61.00,"2,440.00"
2020-08-24,2020082401027512,KBL,35,1,10,189.00,"1,890.00"
2020-08-24,2020082401027484,KBL,22,19,249,186.00,"46,314.00"
2020-08-24,2020082401027483,KBL,13,19,151,188.00,"28,388.00"
2020-08-24,2020082401027449,KBL,13,57,10,188.00,"1,880.00"
2020-08-24,2020082401027448,KBL,13,34,500,188.00,"94,000.00"
2020-08-24,2020082401027447,KBL,13,25,200,188.00,"37,600.00"
2020-08-24,2020082401027281,KBL,38,52,10,187.00,"1,870.00"
2020-08-24,2020082401027226,KBL,22,36,"1,000",186.00,"186,000.00"
2020-08-24,2020082401027225,KBL,22,36,"1,000",186.00,"186,000.00"
2020-08-24,2020082401027224,KBL,59,36,54,186.00,"10,044.00"
2020-08-24,2020082401027404,KBL,13,49,84,187.00,"15,708.00"
2020-08-24,2020082401027403,KBL,13,50,209,187.00,"39,083.00"
2020-08-24,2020082401027402,KBL,13,35,100,187.00,"18,700.00"
2020-08-24,2020082401027401,KBL,13,17,650,187.00,"121,550.00"
2020-08-24,2020082401027400,KBL,13,36,19,187.00,"3,553.00"
2020-08-24,2020082401027399,KBL,13,52,621,187.00,"116,127.00"
2020-08-24,2020082401027410,KBL,13,45,25,187.00,"4,675.00"
2020-08-24,2020082401027409,KBL,13,14,14,187.00,"2,618.00"
2020-08-24,2020082401027408,KBL,13,25,110,187.00,"20,570.00"
2020-08-24,2020082401027407,KBL,13,19,300,187.00,"56,100.00"
2020-08-24,2020082401027406,KBL,13,53,50,187.00,"9,350.00"
2020-08-24,2020082401027405,KBL,13,1,106,187.00,"19,822.00"
2020-08-24,2020082401027416,KBL,13,17,100,187.00,"18,700.00"
2020-08-24,2020082401027415,KBL,13,57,163,187.00,"30,481.00"
2020-08-24,2020082401027414,KBL,13,33,434,187.00,"81,158.00"
2020-08-24,2020082401027413,KBL,13,44,248,187.00,"46,376.00"
2020-08-24,2020082401027412,KBL,13,59,"1,000",187.00,"187,000.00"
2020-08-24,2020082401027411,KBL,13,14,"1,000",187.00,"187,000.00"
2020-08-24,2020082401027422,KBL,13,56,100,188.00,"18,800.00"
2020-08-24,2020082401027421,KBL,13,45,116,188.00,"21,808.00"
2020-08-24,2020082401027420,KBL,13,36,500,188.00,"94,000.00"
2020-08-24,2020082401027419,KBL,13,57,50,188.00,"9,400.00"
2020-08-24,2020082401027418,KBL,13,51,50,187.00,"9,350.00"
2020-08-24,2020082401027417,KBL,13,57,10,187.00,"1,870.00"
2020-08-24,2020082401027428,KBL,13,50,"1,000",188.00,"188,000.00"
2020-08-24,2020082401027427,KBL,13,45,100,188.00,"18,800.00"
2020-08-24,2020082401027426,KBL,13,53,400,188.00,"75,200.00"
2020-08-24,2020082401027425,KBL,13,1,500,188.00,"94,000.00"
2020-08-24,2020082401027424,KBL,13,14,25,188.00,"4,700.00"
2020-08-24,2020082401027423,KBL,13,4,100,188.00,"18,800.00"
2020-08-24,2020082401027434,KBL,13,34,200,188.00,"37,600.00"
2020-08-24,2020082401027433,KBL,13,14,300,188.00,"56,400.00"
2020-08-24,2020082401027432,KBL,13,19,200,188.00,"37,600.00"
2020-08-24,2020082401027431,KBL,13,34,212,188.00,"39,856.00"
2020-08-24,2020082401027430,KBL,13,34,250,188.00,"47,000.00"
2020-08-24,2020082401027429,KBL,13,57,10,188.00,"1,880.00"
2020-08-24,2020082401027440,KBL,13,22,50,188.00,"9,400.00"
2020-08-24,2020082401027439,KBL,13,54,138,188.00,"25,944.00"
2020-08-24,2020082401027438,KBL,13,29,100,188.00,"18,800.00"
2020-08-24,2020082401027437,KBL,13,41,47,188.00,"8,836.00"
2020-08-24,2020082401027436,KBL,13,45,547,188.00,"102,836.00"
2020-08-24,2020082401027435,KBL,13,1,"1,000",188.00,"188,000.00"
2020-08-24,2020082401027446,KBL,13,46,"1,726",188.00,"324,488.00"
2020-08-24,2020082401027445,KBL,13,48,25,188.00,"4,700.00"
2020-08-24,2020082401027444,KBL,13,32,"5,000",188.00,"940,000.00"
2020-08-24,2020082401027443,KBL,13,39,"1,000",188.00,"188,000.00"
2020-08-24,2020082401027442,KBL,13,51,50,188.00,"9,400.00"
2020-08-24,2020082401027441,KBL,13,57,100,188.00,"18,800.00"
2020-08-24,2020082401027511,KMCDB,42,57,50,757.00,"37,850.00"
2020-08-24,2020082401027396,KMCDB,49,52,50,757.00,"37,850.00"
2020-08-24,2020082401027395,KMCDB,49,28,21,757.00,"15,897.00"
2020-08-24,2020082401027259,KPCL,25,49,10,107.00,"1,070.00"
2020-08-24,2020082401027482,KSBBL,41,59,50,143.00,"7,150.00"
2020-08-24,2020082401027481,KSBBL,6,59,50,143.00,"7,150.00"
2020-08-24,2020082401027550,LBL,50,34,408,230.00,"93,840.00"
2020-08-24,2020082401027549,LBL,34,34,592,231.00,"136,752.00"
2020-08-24,2020082401027501,LBL,28,45,61,232.00,"14,152.00"
2020-08-24,2020082401027500,LBL,28,13,239,232.00,"55,448.00"
2020-08-24,2020082401027544,LGIL,56,52,150,490.00,"73,500.00"
2020-08-24,2020082401027313,LGIL,56,44,200,490.00,"98,000.00"
2020-08-24,2020082401027272,LGIL,56,7,20,490.00,"9,800.00"
2020-08-24,2020082401027366,MBL,34,26,10,227.00,"2,270.00"
2020-08-24,2020082401027277,MBL,43,57,13,226.00,"2,938.00"
2020-08-24,2020082401027538,MEGA,43,10,10,224.00,"2,240.00"
2020-08-24,2020082401027475,MEGA,56,29,77,223.00,"17,171.00"
2020-08-24,2020082401027355,MEGA,56,57,150,223.00,"33,450.00"
2020-08-24,2020082401027352,MEGA,35,10,10,224.00,"2,240.00"
2020-08-24,2020082401027141,MEGA,56,37,29,223.00,"6,467.00"
2020-08-24,2020082401027497,MERO,35,49,80,664.00,"53,120.00"
2020-08-24,2020082401027496,MERO,50,49,20,664.00,"13,280.00"
2020-08-24,2020082401027223,MERO,32,49,31,669.00,"20,739.00"
2020-08-24,2020082401027222,MERO,32,41,20,669.00,"13,380.00"
2020-08-24,2020082401027221,MERO,32,22,43,669.00,"28,767.00"
2020-08-24,2020082401027220,MERO,32,14,60,669.00,"40,140.00"
2020-08-24,2020082401027219,MERO,32,52,16,665.00,"10,640.00"
2020-08-24,2020082401027522,MFIL,46,55,50,276.00,"13,800.00"
2020-08-24,2020082401027360,MFIL,43,19,10,277.00,"2,770.00"
2020-08-24,2020082401027269,MHNL,47,57,30,81.00,"2,430.00"
2020-08-24,2020082401027199,MHNL,47,52,40,80.00,"3,200.00"
2020-08-24,2020082401027198,MHNL,47,16,30,80.00,"2,400.00"
2020-08-24,2020082401027197,MHNL,47,36,40,80.00,"3,200.00"
2020-08-24,2020082401027213,NABIL,59,51,50,830.00,"41,500.00"
2020-08-24,2020082401027184,NABIL,19,51,100,830.00,"83,000.00"
2020-08-24,2020082401027142,NABIL,1,51,20,830.00,"16,600.00"
2020-08-24,2020082401027518,NBB,57,49,10,198.00,"1,980.00"
2020-08-24,2020082401027398,NBB,34,41,50,197.00,"9,850.00"
2020-08-24,2020082401027397,NBB,34,55,134,197.00,"26,398.00"
2020-08-24,2020082401027249,NBB,53,55,66,197.00,"13,002.00"
2020-08-24,2020082401027246,NBB,53,34,52,197.00,"10,244.00"
2020-08-24,2020082401027245,NBB,53,16,59,197.00,"11,623.00"
2020-08-24,2020082401027244,NBB,53,19,23,197.00,"4,531.00"
2020-08-24,2020082401027529,NBL,33,42,10,290.00,"2,900.00"
2020-08-24,2020082401027474,NBL,28,33,615,289.00,"177,735.00"
2020-08-24,2020082401027473,NBL,5,33,385,289.00,"111,265.00"
2020-08-24,2020082401027451,NBL,44,42,10,290.00,"2,900.00"
2020-08-24,2020082401027354,NBL,17,42,65,290.00,"18,850.00"
2020-08-24,2020082401027179,NBL,5,43,115,289.00,"33,235.00"
2020-08-24,2020082401027165,NBL,28,43,650,289.00,"187,850.00"
2020-08-24,2020082401027164,NBL,28,33,550,289.00,"158,950.00"
2020-08-24,2020082401027086,NBL,49,33,100,289.00,"28,900.00"
2020-08-24,2020082401027085,NBL,21,33,350,289.00,"101,150.00"
2020-08-24,2020082401027068,NBL,21,29,650,289.00,"187,850.00"
2020-08-24,2020082401027229,NCCB,33,58,10,191.00,"1,910.00"
2020-08-24,2020082401027194,NCCB,58,32,"1,000",190.00,"190,000.00"
2020-08-24,2020082401027185,NCCB,58,55,998,190.00,"189,620.00"
2020-08-24,2020082401027083,NCCB,58,55,"2,000",190.00,"380,000.00"
2020-08-24,2020082401027236,NEF,47,29,"13,758",8.95,"123,134.00"
2020-08-24,2020082401027132,NEF,45,29,281,9.00,"2,529.00"
2020-08-24,2020082401027565,NFS,29,46,13,174.00,"2,262.00"
2020-08-24,2020082401027564,NFS,29,6,17,173.00,"2,941.00"
2020-08-24,2020082401027342,NFS,43,6,50,173.00,"8,650.00"
2020-08-24,2020082401027076,NFS,57,6,40,173.00,"6,920.00"
2020-08-24,2020082401027075,NFS,57,17,360,173.00,"62,280.00"
2020-08-24,2020082401027151,NIB,7,25,219,421.00,"92,199.00"
2020-08-24,2020082401027566,NICA,36,4,161,574.00,"92,414.00"
2020-08-24,2020082401027542,NICA,33,19,90,572.00,"51,480.00"
2020-08-24,2020082401027541,NICA,33,25,10,572.00,"5,720.00"
2020-08-24,2020082401027469,NICA,6,25,40,572.00,"22,880.00"
2020-08-24,2020082401027170,NICA,44,39,630,570.00,"359,100.00"
2020-08-24,2020082401027169,NICA,1,39,100,570.00,"57,000.00"
2020-08-24,2020082401027168,NICA,35,39,420,570.00,"239,400.00"
2020-08-24,2020082401027095,NICA,35,4,80,570.00,"45,600.00"
2020-08-24,2020082401027094,NICA,25,4,20,570.00,"11,400.00"
2020-08-24,2020082401027503,NICL,55,21,152,498.00,"75,696.00"
2020-08-24,2020082401027502,NICL,53,21,48,498.00,"23,904.00"
2020-08-24,2020082401027367,NICL,14,36,100,499.00,"49,900.00"
2020-08-24,2020082401027274,NICL,52,36,10,499.00,"4,990.00"
2020-08-24,2020082401027136,NICL,38,49,425,499.00,"212,075.00"
2020-08-24,2020082401027098,NICL,5,49,75,499.00,"37,425.00"
2020-08-24,2020082401027097,NICL,5,36,25,499.00,"12,475.00"
2020-08-24,2020082401027266,NICL,53,59,52,498.00,"25,896.00"
2020-08-24,2020082401027265,NICL,52,59,18,498.00,"8,964.00"
2020-08-24,2020082401027264,NICL,21,59,230,498.00,"114,540.00"
2020-08-24,2020082401027161,NICL,21,36,70,498.00,"34,860.00"
2020-08-24,2020082401027138,NICL,38,36,80,499.00,"39,920.00"
2020-08-24,2020082401027137,NICL,38,11,20,499.00,"9,980.00"
2020-08-24,2020082401027464,NIL,16,21,750,732.00,"549,000.00"
2020-08-24,2020082401027463,NIL,29,40,150,732.00,"109,800.00"
2020-08-24,2020082401027462,NIL,16,40,453,732.00,"331,596.00"
2020-08-24,2020082401027461,NIL,33,40,100,732.00,"73,200.00"
2020-08-24,2020082401027353,NIL,29,57,100,733.00,"73,300.00"
2020-08-24,2020082401027317,NIL,29,33,100,733.00,"73,300.00"
2020-08-24,2020082401027316,NIL,6,33,50,733.00,"36,650.00"
2020-08-24,2020082401027271,NIL,6,59,50,733.00,"36,650.00"
2020-08-24,2020082401027241,NIL,34,3,50,734.00,"36,700.00"
2020-08-24,2020082401027153,NIL,33,3,58,734.00,"42,572.00"
2020-08-24,2020082401027152,NIL,33,1,100,734.00,"73,400.00"
2020-08-24,2020082401027460,NLG,41,49,20,720.00,"14,400.00"
2020-08-24,2020082401027459,NLG,41,22,20,720.00,"14,400.00"
2020-08-24,2020082401027458,NLG,41,57,100,720.00,"72,000.00"
2020-08-24,2020082401027457,NLG,41,49,530,720.00,"381,600.00"
2020-08-24,2020082401027456,NLG,41,57,50,720.00,"36,000.00"
2020-08-24,2020082401027455,NLG,41,50,40,720.00,"28,800.00"
2020-08-24,2020082401027454,NLG,41,54,130,717.00,"93,210.00"
2020-08-24,2020082401027453,NLG,41,38,10,717.00,"7,170.00"
2020-08-24,2020082401027452,NLG,41,44,100,716.00,"71,600.00"
2020-08-24,2020082401027069,NLG,26,4,150,714.00,"107,100.00"
2020-08-24,2020082401027540,NLIC,59,29,54,"1,384.00","74,736.00"
2020-08-24,2020082401027539,NLIC,10,29,50,"1,384.00","69,200.00"
2020-08-24,2020082401027528,NLIC,10,4,20,"1,384.00","27,680.00"
2020-08-24,2020082401027527,NLIC,56,4,30,"1,384.00","41,520.00"
2020-08-24,2020082401027477,NLIC,40,29,10,"1,385.00","13,850.00"
2020-08-24,2020082401027476,NLIC,40,35,90,"1,385.00","124,650.00"
2020-08-24,2020082401027258,NLIC,42,11,50,"1,383.00","69,150.00"
2020-08-24,2020082401027242,NLIC,42,59,100,"1,383.00","138,300.00"
2020-08-24,2020082401027209,NLIC,34,14,50,"1,384.00","69,200.00"
2020-08-24,2020082401027207,NLIC,42,4,50,"1,383.00","69,150.00"
2020-08-24,2020082401027323,NLIC,33,35,10,"1,385.00","13,850.00"
2020-08-24,2020082401027322,NLIC,33,17,20,"1,385.00","27,700.00"
2020-08-24,2020082401027321,NLIC,33,35,170,"1,385.00","235,450.00"
2020-08-24,2020082401027275,NLIC,42,28,"1,000","1,383.00","1,383,000.00"
2020-08-24,2020082401027261,NLIC,10,35,80,"1,385.00","110,800.00"
2020-08-24,2020082401027260,NLIC,10,14,120,"1,384.00","166,080.00"
2020-08-24,2020082401027478,NLICL,49,52,100,696.00,"69,600.00"
2020-08-24,2020082401027378,NLICL,6,52,400,696.00,"278,400.00"
2020-08-24,2020082401027143,NLICL,6,40,300,696.00,"208,800.00"
2020-08-24,2020082401027488,NMB,57,44,200,421.00,"84,200.00"
2020-08-24,2020082401027189,NMB,57,6,166,421.00,"69,886.00"
2020-08-24,2020082401027188,NMB,57,33,50,421.00,"21,050.00"
2020-08-24,2020082401027113,NMB,58,56,254,418.00,"106,172.00"
2020-08-24,2020082401027112,NMB,35,56,500,419.00,"209,500.00"
2020-08-24,2020082401027111,NMB,41,56,100,419.00,"41,900.00"
2020-08-24,2020082401027104,NMB,13,56,"1,529",419.00,"640,651.00"
2020-08-24,2020082401027103,NMB,1,56,60,420.00,"25,200.00"
2020-08-24,2020082401027102,NMB,51,56,40,421.00,"16,840.00"
2020-08-24,2020082401027101,NMB,55,56,694,421.00,"292,174.00"
2020-08-24,2020082401027100,NMB,25,56,"2,185",421.00,"919,885.00"
2020-08-24,2020082401027110,NMB,33,56,100,419.00,"41,900.00"
2020-08-24,2020082401027109,NMB,47,56,100,419.00,"41,900.00"
2020-08-24,2020082401027108,NMB,22,56,"2,521",419.00,"1,056,300.00"
2020-08-24,2020082401027107,NMB,39,56,200,419.00,"83,800.00"
2020-08-24,2020082401027106,NMB,50,56,10,419.00,"4,190.00"
2020-08-24,2020082401027105,NMB,50,56,100,419.00,"41,900.00"
2020-08-24,2020082401027534,NMBMF,34,45,10,762.00,"7,620.00"
2020-08-24,2020082401027318,NMBMF,54,11,16,753.00,"12,048.00"
2020-08-24,2020082401027546,NRIC,25,22,10,624.00,"6,240.00"
2020-08-24,2020082401027520,NRIC,25,42,50,623.00,"31,150.00"
2020-08-24,2020082401027379,NRIC,25,36,40,623.00,"24,920.00"
2020-08-24,2020082401027365,NRIC,25,43,50,623.00,"31,150.00"
2020-08-24,2020082401027362,NRIC,25,38,40,623.00,"24,920.00"
2020-08-24,2020082401027314,NRIC,49,54,50,622.00,"31,100.00"
2020-08-24,2020082401027167,NRIC,13,54,50,623.00,"31,150.00"
2020-08-24,2020082401027157,NRIC,52,54,205,623.00,"127,715.00"
2020-08-24,2020082401027156,NRIC,52,41,10,623.00,"6,230.00"
2020-08-24,2020082401027155,NRIC,52,29,200,623.00,"124,600.00"
2020-08-24,2020082401027139,NRIC,49,36,30,622.00,"18,660.00"
2020-08-24,2020082401027099,NRIC,49,49,20,622.00,"12,440.00"
2020-08-24,2020082401027239,NRIC,16,49,250,623.00,"155,750.00"
2020-08-24,2020082401027238,NRIC,16,14,40,623.00,"24,920.00"
2020-08-24,2020082401027237,NRIC,16,54,245,623.00,"152,635.00"
2020-08-24,2020082401027214,NRIC,49,6,30,622.00,"18,660.00"
2020-08-24,2020082401027212,NRIC,49,54,25,622.00,"15,550.00"
2020-08-24,2020082401027200,NRIC,49,36,40,622.00,"24,880.00"
2020-08-24,2020082401027305,NRIC,38,25,100,623.00,"62,300.00"
2020-08-24,2020082401027304,NRIC,38,36,40,623.00,"24,920.00"
2020-08-24,2020082401027303,NRIC,38,44,10,623.00,"6,230.00"
2020-08-24,2020082401027302,NRIC,38,57,300,623.00,"186,900.00"
2020-08-24,2020082401027301,NRIC,38,54,35,623.00,"21,805.00"
2020-08-24,2020082401027240,NRIC,16,54,465,623.00,"289,695.00"
2020-08-24,2020082401027311,NRIC,38,34,90,623.00,"56,070.00"
2020-08-24,2020082401027310,NRIC,38,38,20,623.00,"12,460.00"
2020-08-24,2020082401027309,NRIC,38,41,40,623.00,"24,920.00"
2020-08-24,2020082401027308,NRIC,38,57,100,623.00,"62,300.00"
2020-08-24,2020082401027307,NRIC,38,32,10,623.00,"6,230.00"
2020-08-24,2020082401027306,NRIC,38,1,10,623.00,"6,230.00"
2020-08-24,2020082401027516,NSEWA,43,28,12,697.00,"8,364.00"
2020-08-24,2020082401027391,NTC,39,6,117,663.00,"77,571.00"
2020-08-24,2020082401027081,NTC,6,6,50,665.00,"33,250.00"
2020-08-24,2020082401027131,NUBL,28,22,30,953.00,"28,590.00"
2020-08-24,2020082401027130,NUBL,28,28,20,950.00,"19,000.00"
2020-08-24,2020082401027329,OHL,25,45,20,349.00,"6,980.00"
2020-08-24,2020082401027526,PCBL,34,57,59,280.00,"16,520.00"
2020-08-24,2020082401027525,PCBL,34,44,21,280.00,"5,880.00"
2020-08-24,2020082401027320,PCBL,59,38,33,279.00,"9,207.00"
2020-08-24,2020082401027173,PCBL,59,4,22,279.00,"6,138.00"
2020-08-24,2020082401027166,PCBL,59,49,200,279.00,"55,800.00"
2020-08-24,2020082401027390,PFL,13,42,19,153.00,"2,907.00"
2020-08-24,2020082401027389,PFL,13,47,35,151.00,"5,285.00"
2020-08-24,2020082401027388,PFL,13,59,24,150.00,"3,600.00"
2020-08-24,2020082401027387,PFL,13,52,12,150.00,"1,800.00"
2020-08-24,2020082401027386,PFL,13,44,24,150.00,"3,600.00"
2020-08-24,2020082401027385,PFL,13,21,21,150.00,"3,150.00"
2020-08-24,2020082401027384,PFL,13,17,17,150.00,"2,550.00"
2020-08-24,2020082401027383,PFL,13,6,12,150.00,"1,800.00"
2020-08-24,2020082401027382,PFL,13,29,30,150.00,"4,500.00"
2020-08-24,2020082401027381,PFL,13,58,31,149.00,"4,619.00"
2020-08-24,2020082401027380,PFL,13,35,75,149.00,"11,175.00"
2020-08-24,2020082401027330,PIC,13,29,50,710.00,"35,500.00"
2020-08-24,2020082401027315,PIC,16,29,100,710.00,"71,000.00"
2020-08-24,2020082401027159,PIC,40,7,100,713.00,"71,300.00"
2020-08-24,2020082401027517,PICL,25,57,490,490.00,"240,100.00"
2020-08-24,2020082401027480,PICL,42,57,10,490.00,"4,900.00"
2020-08-24,2020082401027470,PLIC,28,59,50,591.00,"29,550.00"
2020-08-24,2020082401027300,PLIC,28,17,37,591.00,"21,867.00"
2020-08-24,2020082401027299,PLIC,28,16,100,591.00,"59,100.00"
2020-08-24,2020082401027298,PLIC,28,6,300,591.00,"177,300.00"
2020-08-24,2020082401027297,PLIC,28,25,200,591.00,"118,200.00"
2020-08-24,2020082401027296,PLIC,28,45,50,591.00,"29,550.00"
2020-08-24,2020082401027289,PLIC,28,39,370,591.00,"218,670.00"
2020-08-24,2020082401027288,PLIC,28,50,100,591.00,"59,100.00"
2020-08-24,2020082401027287,PLIC,28,53,100,590.00,"59,000.00"
2020-08-24,2020082401027286,PLIC,28,55,10,590.00,"5,900.00"
2020-08-24,2020082401027122,PLIC,34,59,50,589.00,"29,450.00"
2020-08-24,2020082401027295,PLIC,28,49,60,591.00,"35,460.00"
2020-08-24,2020082401027294,PLIC,28,22,100,591.00,"59,100.00"
2020-08-24,2020082401027293,PLIC,28,39,50,591.00,"29,550.00"
2020-08-24,2020082401027292,PLIC,28,40,50,591.00,"29,550.00"
2020-08-24,2020082401027291,PLIC,28,45,50,591.00,"29,550.00"
2020-08-24,2020082401027290,PLIC,28,8,100,591.00,"59,100.00"
2020-08-24,2020082401027205,PMHPL,56,6,70,80.00,"5,600.00"
2020-08-24,2020082401027507,PPCL,32,54,400,114.00,"45,600.00"
2020-08-24,2020082401027393,PPCL,32,38,30,114.00,"3,420.00"
2020-08-24,2020082401027545,PRIN,39,44,400,546.00,"218,400.00"
2020-08-24,2020082401027327,PRIN,39,17,100,546.00,"54,600.00"
2020-08-24,2020082401027326,PRIN,40,17,100,547.00,"54,700.00"
2020-08-24,2020082401027230,PRIN,43,38,10,548.00,"5,480.00"
2020-08-24,2020082401027114,PRIN,40,44,500,547.00,"273,500.00"
2020-08-24,2020082401027472,PRVU,38,11,36,230.00,"8,280.00"
2020-08-24,2020082401027471,PRVU,5,11,48,230.00,"11,040.00"
2020-08-24,2020082401027218,RBCL,32,26,20,"9,651.00","193,020.00"
2020-08-24,2020082401027217,RBCL,21,26,10,"9,656.00","96,560.00"
2020-08-24,2020082401027216,RBCL,32,26,10,"9,656.00","96,560.00"
2020-08-24,2020082401027319,RLFL,44,16,110,122.00,"13,420.00"
2020-08-24,2020082401027490,RMDC,6,36,198,806.00,"159,588.00"
2020-08-24,2020082401027489,RMDC,6,18,42,806.00,"33,852.00"
2020-08-24,2020082401027394,RMDC,37,29,100,805.00,"80,500.00"
2020-08-24,2020082401027351,RMDC,37,19,50,805.00,"40,250.00"
2020-08-24,2020082401027350,RMDC,37,54,30,805.00,"24,150.00"
2020-08-24,2020082401027349,RMDC,37,17,100,805.00,"80,500.00"
2020-08-24,2020082401027256,RMDC,51,7,17,801.00,"13,617.00"
2020-08-24,2020082401027255,RMDC,57,7,129,801.00,"103,329.00"
2020-08-24,2020082401027254,RMDC,42,7,154,802.00,"123,508.00"
2020-08-24,2020082401027215,RMDC,42,17,40,802.00,"32,080.00"
2020-08-24,2020082401027348,RMDC,37,29,42,805.00,"33,810.00"
2020-08-24,2020082401027347,RMDC,37,14,76,805.00,"61,180.00"
2020-08-24,2020082401027346,RMDC,37,6,24,804.00,"19,296.00"
2020-08-24,2020082401027345,RMDC,37,29,104,804.00,"83,616.00"
2020-08-24,2020082401027344,RMDC,37,7,100,803.00,"80,300.00"
2020-08-24,2020082401027343,RMDC,37,51,89,803.00,"71,467.00"
2020-08-24,2020082401027533,RSDC,38,7,10,516.00,"5,160.00"
2020-08-24,2020082401027532,RSDC,38,52,40,516.00,"20,640.00"
2020-08-24,2020082401027531,RSDC,38,25,30,516.00,"15,480.00"
2020-08-24,2020082401027530,RSDC,38,17,40,516.00,"20,640.00"
2020-08-24,2020082401027506,RSDC,41,59,50,515.00,"25,750.00"
2020-08-24,2020082401027154,RSDC,40,22,44,515.00,"22,660.00"
2020-08-24,2020082401027551,SANIMA,51,10,100,341.00,"34,100.00"
2020-08-24,2020082401027283,SANIMA,42,10,10,341.00,"3,410.00"
2020-08-24,2020082401027282,SANIMA,42,57,140,341.00,"47,740.00"
2020-08-24,2020082401027163,SAPDBL,25,29,100,121.00,"12,100.00"
2020-08-24,2020082401027493,SBL,57,47,25,299.00,"7,475.00"
2020-08-24,2020082401027492,SBL,57,45,20,299.00,"5,980.00"
2020-08-24,2020082401027491,SBL,57,11,255,299.00,"76,245.00"
2020-08-24,2020082401027211,SBL,43,49,31,298.00,"9,238.00"
2020-08-24,2020082401027468,SCB,35,28,226,646.00,"145,996.00"
2020-08-24,2020082401027363,SCB,54,40,10,646.00,"6,460.00"
2020-08-24,2020082401027243,SCB,54,48,18,645.00,"11,610.00"
2020-08-24,2020082401027160,SCB,34,11,13,644.00,"8,372.00"
2020-08-24,2020082401027129,SCB,44,48,14,645.00,"9,030.00"
2020-08-24,2020082401027128,SCB,44,13,140,645.00,"90,300.00"
2020-08-24,2020082401027127,SCB,44,20,20,645.00,"12,900.00"
2020-08-24,2020082401027126,SCB,44,42,20,645.00,"12,900.00"
2020-08-24,2020082401027125,SCB,44,44,100,645.00,"64,500.00"
2020-08-24,2020082401027124,SCB,44,53,38,645.00,"24,510.00"
2020-08-24,2020082401027123,SCB,44,43,18,645.00,"11,610.00"
2020-08-24,2020082401027368,SDLBSL,43,33,10,836.00,"8,360.00"
2020-08-24,2020082401027150,SDLBSL,35,17,10,835.00,"8,350.00"
2020-08-24,2020082401027149,SDLBSL,35,41,10,835.00,"8,350.00"
2020-08-24,2020082401027148,SDLBSL,35,14,10,835.00,"8,350.00"
2020-08-24,2020082401027078,SDLBSL,21,3,10,834.00,"8,340.00"
2020-08-24,2020082401027187,SFCL,36,10,350,153.00,"53,550.00"
2020-08-24,2020082401027186,SFCL,25,10,150,154.00,"23,100.00"
2020-08-24,2020082401027524,SHIVM,38,14,50,650.00,"32,500.00"
2020-08-24,2020082401027523,SHIVM,38,35,50,650.00,"32,500.00"
2020-08-24,2020082401027312,SHIVM,4,14,500,649.00,"324,500.00"
2020-08-24,2020082401027232,SHIVM,4,42,"1,065",649.00,"691,185.00"
2020-08-24,2020082401027278,SHPC,34,20,20,230.00,"4,600.00"
2020-08-24,2020082401027284,SIC,5,14,50,842.00,"42,100.00"
2020-08-24,2020082401027495,SICL,55,39,50,"1,248.00","62,400.00"
2020-08-24,2020082401027494,SICL,38,39,20,"1,252.00","25,040.00"
2020-08-24,2020082401027252,SICL,49,4,96,"1,250.00","120,000.00"
2020-08-24,2020082401027251,SICL,57,4,64,"1,250.00","80,000.00"
2020-08-24,2020082401027208,SICL,8,18,100,"1,253.00","125,300.00"
2020-08-24,2020082401027250,SICL,52,4,40,"1,252.00","50,080.00"
2020-08-24,2020082401027535,SIL,25,17,10,679.00,"6,790.00"
2020-08-24,2020082401027375,SIL,38,34,100,676.00,"67,600.00"
2020-08-24,2020082401027231,SIL,22,19,50,675.00,"33,750.00"
2020-08-24,2020082401027196,SIL,38,38,400,677.00,"270,800.00"
2020-08-24,2020082401027082,SIL,55,38,100,677.00,"67,700.00"
2020-08-24,2020082401027234,SINDU,59,22,110,124.00,"13,640.00"
2020-08-24,2020082401027233,SINDU,33,22,23,124.00,"2,852.00"
2020-08-24,2020082401027563,SLBBL,56,16,556,837.00,"465,372.00"
2020-08-24,2020082401027562,SLBBL,56,56,30,837.00,"25,110.00"
2020-08-24,2020082401027561,SLBBL,56,17,20,835.00,"16,700.00"
2020-08-24,2020082401027560,SLBBL,56,45,100,835.00,"83,500.00"
2020-08-24,2020082401027559,SLBBL,56,33,19,835.00,"15,865.00"
2020-08-24,2020082401027558,SLBBL,56,57,50,832.00,"41,600.00"
2020-08-24,2020082401027180,SLBBL,49,57,63,831.00,"52,353.00"
2020-08-24,2020082401027557,SLBBL,56,10,50,832.00,"41,600.00"
2020-08-24,2020082401027556,SLBBL,56,3,75,832.00,"62,400.00"
2020-08-24,2020082401027555,SLBBL,56,28,100,831.00,"83,100.00"
2020-08-24,2020082401027181,SLBBL,49,6,50,831.00,"41,550.00"
2020-08-24,2020082401027479,SLBS,16,22,200,939.00,"187,800.00"
2020-08-24,2020082401027552,SLICL,56,57,10,491.00,"4,910.00"
2020-08-24,2020082401027450,SLICL,44,56,100,490.00,"49,000.00"
2020-08-24,2020082401027377,SLICL,41,26,58,491.00,"28,478.00"
2020-08-24,2020082401027376,SLICL,41,57,42,491.00,"20,622.00"
2020-08-24,2020082401027285,SLICL,16,57,348,491.00,"170,868.00"
2020-08-24,2020082401027280,SLICL,16,34,152,491.00,"74,632.00"
2020-08-24,2020082401027279,SLICL,21,34,10,491.00,"4,910.00"
2020-08-24,2020082401027171,SLICL,21,4,100,491.00,"49,100.00"
2020-08-24,2020082401027162,SLICL,47,19,500,492.00,"246,000.00"
2020-08-24,2020082401027202,SMFBS,43,42,10,920.00,"9,200.00"
2020-08-24,2020082401027201,SMFBS,43,8,10,920.00,"9,200.00"
2020-08-24,2020082401027172,SPARS,39,49,10,881.00,"8,810.00"
2020-08-24,2020082401027499,UIC,25,34,10,409.00,"4,090.00"
2020-08-24,2020082401027498,UIC,25,39,200,408.00,"81,600.00"
2020-08-24,2020082401027340,UIC,44,34,"2,854",404.00,"1,153,020.00"
2020-08-24,2020082401027339,UIC,25,34,100,405.00,"40,500.00"
2020-08-24,2020082401027338,UIC,8,34,200,405.00,"81,000.00"
2020-08-24,2020082401027337,UIC,57,34,"1,000",405.00,"405,000.00"
2020-08-24,2020082401027146,UIC,29,25,200,406.00,"81,200.00"
2020-08-24,2020082401027145,UIC,29,51,500,406.00,"203,000.00"
2020-08-24,2020082401027144,UIC,29,52,300,406.00,"121,800.00"
2020-08-24,2020082401027336,UIC,34,34,20,405.00,"8,100.00"
2020-08-24,2020082401027335,UIC,57,34,88,405.00,"35,640.00"
2020-08-24,2020082401027334,UIC,14,34,50,405.00,"20,250.00"
2020-08-24,2020082401027333,UIC,59,34,88,405.00,"35,640.00"
2020-08-24,2020082401027332,UIC,29,34,500,406.00,"203,000.00"
2020-08-24,2020082401027331,UIC,28,34,100,406.00,"40,600.00"
2020-08-24,2020082401027257,UPCL,5,54,50,71.00,"3,550.00"
2020-08-24,2020082401027204,UPCL,5,49,200,72.00,"14,400.00"
2020-08-24,2020082401027203,UPCL,5,8,450,72.00,"32,400.00"
2020-08-24,2020082401027519,UPPER,25,42,20,221.00,"4,420.00"
2020-08-24,2020082401026920,ACLBSL,51,54,20,714.00,"14,280.00"
2020-08-24,2020082401026702,ACLBSL,51,54,10,714.00,"7,140.00"
2020-08-24,2020082401027059,ADBL,54,14,10,419.00,"4,190.00"
2020-08-24,2020082401026958,ADBL,17,16,10,418.00,"4,180.00"
2020-08-24,2020082401026957,ADBL,1,16,10,418.00,"4,180.00"
2020-08-24,2020082401026704,ADBL,37,29,32,419.00,"13,408.00"
2020-08-24,2020082401026956,ADBL,49,16,100,418.00,"41,800.00"
2020-08-24,2020082401026955,ADBL,22,16,80,418.00,"33,440.00"
2020-08-24,2020082401026943,ADBL,22,29,46,418.00,"19,228.00"
2020-08-24,2020082401026926,ADBL,34,14,50,419.00,"20,950.00"
2020-08-24,2020082401026895,AHPC,1,6,36,93.00,"3,348.00"
2020-08-24,2020082401026894,AHPC,21,6,14,93.00,"1,302.00"
2020-08-24,2020082401026893,AHPC,21,6,14,93.00,"1,302.00"
2020-08-24,2020082401026892,AHPC,14,6,36,93.00,"3,348.00"
2020-08-24,2020082401027066,AIL,22,41,100,503.00,"50,300.00"
2020-08-24,2020082401027065,AIL,22,22,100,503.00,"50,300.00"
2020-08-24,2020082401026969,AIL,52,41,10,502.00,"5,020.00"
2020-08-24,2020082401026823,AIL,48,36,10,501.00,"5,010.00"
2020-08-24,2020082401026803,AIL,48,52,10,501.00,"5,010.00"
2020-08-24,2020082401026633,AIL,25,54,10,500.00,"5,000.00"
2020-08-24,2020082401026624,AIL,25,38,10,500.00,"5,000.00"
2020-08-24,2020082401026578,AIL,11,29,10,503.00,"5,030.00"
2020-08-24,2020082401026891,AKPL,53,40,10,117.00,"1,170.00"
2020-08-24,2020082401026644,AKPL,53,16,145,116.00,"16,820.00"
2020-08-24,2020082401027020,ALBSL,41,52,100,695.00,"69,500.00"
2020-08-24,2020082401027019,ALBSL,41,47,11,695.00,"7,645.00"
2020-08-24,2020082401027018,ALBSL,41,45,11,695.00,"7,645.00"
2020-08-24,2020082401026737,ALBSL,6,52,10,694.00,"6,940.00"
2020-08-24,2020082401026816,BPCL,33,59,91,362.00,"32,942.00"
2020-08-24,2020082401027027,CBBL,37,33,100,"1,085.00","108,500.00"
2020-08-24,2020082401026778,CBBL,49,19,46,"1,086.00","49,956.00"
2020-08-24,2020082401026659,CBBL,37,38,190,"1,085.00","206,150.00"
2020-08-24,2020082401026658,CBBL,32,38,59,"1,086.00","64,074.00"
2020-08-24,2020082401026632,CBBL,32,6,26,"1,086.00","28,236.00"
2020-08-24,2020082401026631,CBBL,32,36,15,"1,086.00","16,290.00"
2020-08-24,2020082401027061,CBL,43,59,10,145.00,"1,450.00"
2020-08-24,2020082401026666,CBL,56,16,105,144.00,"15,120.00"
2020-08-24,2020082401026665,CBL,56,28,300,144.00,"43,200.00"
2020-08-24,2020082401026664,CBL,56,57,500,144.00,"72,000.00"
2020-08-24,2020082401026663,CBL,56,57,777,144.00,"111,888.00"
2020-08-24,2020082401026640,CBL,56,59,"1,812",143.00,"259,116.00"
2020-08-24,2020082401026639,CBL,38,59,270,143.00,"38,610.00"
2020-08-24,2020082401026638,CBL,58,59,"2,000",143.00,"286,000.00"
2020-08-24,2020082401026637,CBL,41,59,18,143.00,"2,574.00"
2020-08-24,2020082401026691,CCBL,40,29,30,173.00,"5,190.00"
2020-08-24,2020082401027041,CHCL,43,34,50,398.00,"19,900.00"
2020-08-24,2020082401027040,CHCL,43,44,150,398.00,"59,700.00"
2020-08-24,2020082401027039,CHCL,43,52,77,398.00,"30,646.00"
2020-08-24,2020082401027038,CHCL,43,42,72,398.00,"28,656.00"
2020-08-24,2020082401027037,CHCL,43,28,500,398.00,"199,000.00"
2020-08-24,2020082401027036,CHCL,43,36,48,397.00,"19,056.00"
2020-08-24,2020082401027035,CHCL,43,13,100,397.00,"39,700.00"
2020-08-24,2020082401027034,CHCL,43,58,31,397.00,"12,307.00"
2020-08-24,2020082401027033,CHCL,43,49,90,397.00,"35,730.00"
2020-08-24,2020082401027012,CIT,56,43,16,"2,881.00","46,096.00"
2020-08-24,2020082401027000,CIT,25,55,30,"2,880.00","86,400.00"
2020-08-24,2020082401026720,CIT,5,43,50,"2,881.00","144,050.00"
2020-08-24,2020082401026608,CORBL,25,20,40,124.00,"4,960.00"
2020-08-24,2020082401026881,CZBIL,25,59,100,194.00,"19,400.00"
2020-08-24,2020082401026643,CZBIL,17,34,100,195.00,"19,500.00"
2020-08-24,2020082401026579,CZBIL,44,34,100,195.00,"19,500.00"
2020-08-24,2020082401026820,EBL,35,14,100,718.00,"71,800.00"
2020-08-24,2020082401027004,EDBL,26,58,160,306.00,"48,960.00"
2020-08-24,2020082401027003,EDBL,26,40,40,306.00,"12,240.00"
2020-08-24,2020082401026971,EIC,32,56,160,477.00,"76,320.00"
2020-08-24,2020082401026898,EIC,25,57,104,476.00,"49,504.00"
2020-08-24,2020082401026897,EIC,49,57,100,476.00,"47,600.00"
2020-08-24,2020082401026896,EIC,11,57,296,476.00,"140,896.00"
2020-08-24,2020082401026835,EIC,11,34,254,476.00,"120,904.00"
2020-08-24,2020082401026834,EIC,20,34,200,476.00,"95,200.00"
2020-08-24,2020082401026653,EIC,33,56,700,477.00,"333,900.00"
2020-08-24,2020082401026590,EIC,48,56,150,476.00,"71,400.00"
2020-08-24,2020082401026580,EIC,40,56,150,477.00,"71,550.00"
2020-08-24,2020082401026833,EIC,49,34,200,476.00,"95,200.00"
2020-08-24,2020082401026832,EIC,48,34,156,476.00,"74,256.00"
2020-08-24,2020082401026815,EIC,4,56,250,477.00,"119,250.00"
2020-08-24,2020082401026813,EIC,33,56,90,477.00,"42,930.00"
2020-08-24,2020082401026705,EIC,33,42,60,477.00,"28,620.00"
2020-08-24,2020082401026654,EIC,33,25,200,477.00,"95,400.00"
2020-08-24,2020082401027002,FMDBL,59,59,50,539.00,"26,950.00"
2020-08-24,2020082401026954,FMDBL,8,59,200,539.00,"107,800.00"
2020-08-24,2020082401026687,FMDBL,34,59,20,539.00,"10,780.00"
2020-08-24,2020082401026945,GBIME,47,59,50,252.00,"12,600.00"
2020-08-24,2020082401026877,GBIME,22,59,200,252.00,"50,400.00"
2020-08-24,2020082401026765,GBIME,28,59,200,252.00,"50,400.00"
2020-08-24,2020082401026630,GBIME,55,59,150,252.00,"37,800.00"
2020-08-24,2020082401026577,GBIME,51,59,200,252.00,"50,400.00"
2020-08-24,2020082401026576,GBIME,32,59,144,252.00,"36,288.00"
2020-08-24,2020082401026918,GLBSL,43,37,10,790.00,"7,900.00"
2020-08-24,2020082401026647,GLBSL,46,11,10,775.00,"7,750.00"
2020-08-24,2020082401026935,GLICL,18,21,100,495.00,"49,500.00"
2020-08-24,2020082401026646,GUFL,5,57,10,124.00,"1,240.00"
2020-08-24,2020082401026645,GUFL,5,35,100,123.00,"12,300.00"
2020-08-24,2020082401026626,GUFL,57,54,750,120.00,"90,000.00"
2020-08-24,2020082401026625,GUFL,35,54,978,120.00,"117,360.00"
2020-08-24,2020082401026980,HDHPC,35,45,20,92.00,"1,840.00"
2020-08-24,2020082401026979,HDHPC,35,49,20,92.00,"1,840.00"
2020-08-24,2020082401026978,HDHPC,35,21,10,92.00,920.00
2020-08-24,2020082401026977,HDHPC,35,52,50,92.00,"4,600.00"
2020-08-24,2020082401026795,HDL,33,5,80,"1,735.00","138,800.00"
2020-08-24,2020082401026794,HDL,33,14,50,"1,735.00","86,750.00"
2020-08-24,2020082401026793,HDL,33,57,50,"1,735.00","86,750.00"
2020-08-24,2020082401026792,HDL,33,11,50,"1,735.00","86,750.00"
2020-08-24,2020082401026791,HDL,33,38,300,"1,734.00","520,200.00"
2020-08-24,2020082401026790,HDL,33,25,100,"1,734.00","173,400.00"
2020-08-24,2020082401026789,HDL,33,25,20,"1,732.00","34,640.00"
2020-08-24,2020082401026788,HDL,33,46,20,"1,732.00","34,640.00"
2020-08-24,2020082401026787,HDL,33,58,400,"1,732.00","692,800.00"
2020-08-24,2020082401026786,HDL,33,26,30,"1,731.00","51,930.00"
2020-08-24,2020082401026825,HGI,57,13,118,450.00,"53,100.00"
2020-08-24,2020082401026662,HGI,57,25,82,450.00,"36,900.00"
2020-08-24,2020082401026619,HGI,28,25,11,450.00,"4,950.00"
2020-08-24,2020082401026618,HGI,28,57,10,450.00,"4,500.00"
2020-08-24,2020082401026617,HGI,28,21,50,450.00,"22,500.00"
2020-08-24,2020082401026616,HGI,28,51,30,450.00,"13,500.00"
2020-08-24,2020082401026615,HGI,28,57,250,450.00,"112,500.00"
2020-08-24,2020082401026614,HGI,28,22,100,450.00,"45,000.00"
2020-08-24,2020082401026613,HGI,28,55,20,450.00,"9,000.00"
2020-08-24,2020082401026612,HGI,28,1,29,450.00,"13,050.00"
2020-08-24,2020082401026708,HURJA,45,38,20,90.00,"1,800.00"
2020-08-24,2020082401026657,HURJA,42,35,20,91.00,"1,820.00"
2020-08-24,2020082401026812,IGI,25,25,200,500.00,"100,000.00"
2020-08-24,2020082401026741,JBBL,53,17,15,170.00,"2,550.00"
2020-08-24,2020082401026740,JBBL,53,35,85,170.00,"14,450.00"
2020-08-24,2020082401026572,JBBL,53,35,400,170.00,"68,000.00"
2020-08-24,2020082401027060,JOSHI,41,34,20,60.00,"1,200.00"
2020-08-24,2020082401026634,KBL,1,52,10,187.00,"1,870.00"
2020-08-24,2020082401027043,KKHC,28,22,54,51.00,"2,754.00"
2020-08-24,2020082401027042,KKHC,28,32,10,51.00,510.00
2020-08-24,2020082401027052,KMCDB,26,13,10,755.00,"7,550.00"
2020-08-24,2020082401027051,KMCDB,26,45,10,755.00,"7,550.00"
2020-08-24,2020082401027050,KMCDB,26,29,36,755.00,"27,180.00"
2020-08-24,2020082401026884,KMCDB,26,14,10,755.00,"7,550.00"
2020-08-24,2020082401026883,KMCDB,26,33,56,750.00,"42,000.00"
2020-08-24,2020082401026766,KMCDB,35,38,10,746.00,"7,460.00"
2020-08-24,2020082401026886,KMCDB,26,29,164,755.00,"123,820.00"
2020-08-24,2020082401026885,KMCDB,26,21,10,755.00,"7,550.00"
2020-08-24,2020082401026899,KPCL,40,49,10,106.00,"1,060.00"
2020-08-24,2020082401026963,LBBL,59,59,196,183.00,"35,868.00"
2020-08-24,2020082401027021,LGIL,25,7,30,490.00,"14,700.00"
2020-08-24,2020082401026888,LGIL,25,49,270,490.00,"132,300.00"
2020-08-24,2020082401026887,LGIL,35,49,30,490.00,"14,700.00"
2020-08-24,2020082401026700,LGIL,35,37,100,490.00,"49,000.00"
2020-08-24,2020082401026635,LGIL,35,26,220,490.00,"107,800.00"
2020-08-24,2020082401026571,LICN,36,6,50,"1,485.00","74,250.00"
2020-08-24,2020082401026890,MBL,34,57,10,227.00,"2,270.00"
2020-08-24,2020082401026781,MBL,43,41,228,226.00,"51,528.00"
2020-08-24,2020082401026780,MBL,43,34,250,226.00,"56,500.00"
2020-08-24,2020082401026779,MBL,43,49,"1,470",226.00,"332,220.00"
2020-08-24,2020082401026721,MBL,34,49,10,226.00,"2,260.00"
2020-08-24,2020082401026667,MBL,37,59,210,225.00,"47,250.00"
2020-08-24,2020082401026999,MEGA,47,37,45,223.00,"10,035.00"
2020-08-24,2020082401026998,MEGA,47,33,100,223.00,"22,300.00"
2020-08-24,2020082401026997,MEGA,47,16,300,223.00,"66,900.00"
2020-08-24,2020082401026996,MEGA,47,51,55,223.00,"12,265.00"
2020-08-24,2020082401026751,MEGA,43,51,10,223.00,"2,230.00"
2020-08-24,2020082401026785,MERO,32,38,24,668.00,"16,032.00"
2020-08-24,2020082401026801,MERO,14,52,100,665.00,"66,500.00"
2020-08-24,2020082401026800,MERO,32,52,14,668.00,"9,352.00"
2020-08-24,2020082401027011,MFIL,29,57,21,275.00,"5,775.00"
2020-08-24,2020082401026900,MFIL,29,26,72,275.00,"19,800.00"
2020-08-24,2020082401026826,MFIL,29,38,630,275.00,"173,250.00"
2020-08-24,2020082401026623,MFIL,33,33,20,276.00,"5,520.00"
2020-08-24,2020082401026889,MHNL,35,38,40,79.00,"3,160.00"
2020-08-24,2020082401026629,MHNL,35,54,40,79.00,"3,160.00"
2020-08-24,2020082401026946,MLBL,49,16,292,192.00,"56,064.00"
2020-08-24,2020082401026595,MMFDB,8,16,10,910.00,"9,100.00"
2020-08-24,2020082401026728,MSMBS,41,26,11,672.00,"7,392.00"
2020-08-24,2020082401026589,MSMBS,41,57,17,672.00,"11,424.00"
2020-08-24,2020082401026876,NABIL,57,51,160,830.00,"132,800.00"
2020-08-24,2020082401026875,NABIL,57,11,340,830.00,"282,200.00"
2020-08-24,2020082401026767,NADEP,51,48,23,615.00,"14,145.00"
2020-08-24,2020082401026761,NBB,42,26,61,197.00,"12,017.00"
2020-08-24,2020082401026575,NBB,39,26,44,197.00,"8,668.00"
2020-08-24,2020082401027046,NBL,28,29,350,289.00,"101,150.00"
2020-08-24,2020082401027045,NBL,28,33,400,289.00,"115,600.00"
2020-08-24,2020082401027044,NBL,28,17,750,289.00,"216,750.00"
2020-08-24,2020082401026973,NBL,59,17,250,289.00,"72,250.00"
2020-08-24,2020082401026697,NBL,43,36,254,288.00,"73,152.00"
2020-08-24,2020082401026696,NBL,16,36,50,288.00,"14,400.00"
2020-08-24,2020082401026587,NBL,37,25,72,289.00,"20,808.00"
2020-08-24,2020082401026570,NBL,37,53,307,289.00,"88,723.00"
2020-08-24,2020082401026695,NBL,48,36,200,288.00,"57,600.00"
2020-08-24,2020082401026694,NBL,34,36,455,288.00,"131,040.00"
2020-08-24,2020082401026693,NBL,57,36,20,289.00,"5,780.00"
2020-08-24,2020082401026692,NBL,28,36,21,289.00,"6,069.00"
2020-08-24,2020082401026622,NBL,28,53,179,289.00,"51,731.00"
2020-08-24,2020082401026621,NBL,37,53,"1,621",289.00,"468,469.00"
2020-08-24,2020082401026934,NCCB,58,16,400,190.00,"76,000.00"
2020-08-24,2020082401026928,NCCB,58,32,96,190.00,"18,240.00"
2020-08-24,2020082401026927,NCCB,58,32,504,190.00,"95,760.00"
2020-08-24,2020082401027058,NFS,57,38,630,170.00,"107,100.00"
2020-08-24,2020082401027057,NFS,43,38,100,171.00,"17,100.00"
2020-08-24,2020082401027056,NFS,43,38,100,171.00,"17,100.00"
2020-08-24,2020082401027055,NFS,4,38,50,171.00,"8,550.00"
2020-08-24,2020082401027054,NFS,51,38,20,171.00,"3,420.00"
2020-08-24,2020082401027053,NFS,43,38,100,172.00,"17,200.00"
2020-08-24,2020082401026770,NGPL,14,53,89,117.00,"10,413.00"
2020-08-24,2020082401026769,NGPL,14,17,11,117.00,"1,287.00"
2020-08-24,2020082401026970,NIB,44,25,100,421.00,"42,100.00"
2020-08-24,2020082401026605,NIB,14,26,24,420.00,"10,080.00"
2020-08-24,2020082401026604,NIB,21,26,12,421.00,"5,052.00"
2020-08-24,2020082401026603,NIB,43,26,13,421.00,"5,473.00"
2020-08-24,2020082401026620,NICA,25,25,20,572.00,"11,440.00"
2020-08-24,2020082401026962,NICL,25,33,10,498.00,"4,980.00"
2020-08-24,2020082401026699,NICL,21,10,200,498.00,"99,600.00"
2020-08-24,2020082401027064,NIL,33,57,425,732.00,"311,100.00"
2020-08-24,2020082401027063,NIL,33,29,17,731.00,"12,427.00"
2020-08-24,2020082401027032,NIL,16,29,453,731.00,"331,143.00"
2020-08-24,2020082401027023,NIL,39,29,65,731.00,"47,515.00"
2020-08-24,2020082401027022,NIL,57,57,28,732.00,"20,496.00"
2020-08-24,2020082401026929,NIL,6,57,50,732.00,"36,600.00"
2020-08-24,2020082401026711,NIL,38,29,100,734.00,"73,400.00"
2020-08-24,2020082401026703,NIL,34,29,60,734.00,"44,040.00"
2020-08-24,2020082401026679,NIL,28,13,100,733.00,"73,300.00"
2020-08-24,2020082401026672,NIL,26,29,40,734.00,"29,360.00"
2020-08-24,2020082401026607,NIL,55,29,175,734.00,"128,450.00"
2020-08-24,2020082401026596,NIL,32,21,469,735.00,"344,715.00"
2020-08-24,2020082401026759,NIL,55,57,485,732.00,"355,020.00"
2020-08-24,2020082401026758,NIL,59,57,250,732.00,"183,000.00"
2020-08-24,2020082401026757,NIL,16,57,"1,000",733.00,"733,000.00"
2020-08-24,2020082401026756,NIL,38,57,500,733.00,"366,500.00"
2020-08-24,2020082401026755,NIL,25,57,200,733.00,"146,600.00"
2020-08-24,2020082401026754,NIL,28,57,70,733.00,"51,310.00"
2020-08-24,2020082401026857,NIL,7,59,25,732.00,"18,300.00"
2020-08-24,2020082401026856,NIL,34,59,115,732.00,"84,180.00"
2020-08-24,2020082401026852,NIL,40,29,50,734.00,"36,700.00"
2020-08-24,2020082401026851,NIL,40,19,50,733.00,"36,650.00"
2020-08-24,2020082401026777,NIL,34,35,35,732.00,"25,620.00"
2020-08-24,2020082401026776,NIL,55,35,15,732.00,"10,980.00"
2020-08-24,2020082401026863,NIL,48,59,50,731.00,"36,550.00"
2020-08-24,2020082401026862,NIL,16,59,100,732.00,"73,200.00"
2020-08-24,2020082401026861,NIL,13,59,20,732.00,"14,640.00"
2020-08-24,2020082401026860,NIL,49,59,100,732.00,"73,200.00"
2020-08-24,2020082401026859,NIL,51,59,500,732.00,"366,000.00"
2020-08-24,2020082401026858,NIL,25,59,200,732.00,"146,400.00"
2020-08-24,2020082401026869,NIL,52,59,100,731.00,"73,100.00"
2020-08-24,2020082401026868,NIL,49,59,100,731.00,"73,100.00"
2020-08-24,2020082401026867,NIL,59,59,100,731.00,"73,100.00"
2020-08-24,2020082401026866,NIL,32,59,500,731.00,"365,500.00"
2020-08-24,2020082401026865,NIL,10,59,100,731.00,"73,100.00"
2020-08-24,2020082401026864,NIL,10,59,108,731.00,"78,948.00"
2020-08-24,2020082401026878,NIL,51,29,300,734.00,"220,200.00"
2020-08-24,2020082401026874,NIL,10,59,"1,052",730.00,"767,960.00"
2020-08-24,2020082401026873,NIL,41,59,100,730.00,"73,000.00"
2020-08-24,2020082401026872,NIL,42,59,500,730.00,"365,000.00"
2020-08-24,2020082401026871,NIL,42,59,30,731.00,"21,930.00"
2020-08-24,2020082401026870,NIL,55,59,200,731.00,"146,200.00"
2020-08-24,2020082401026810,NLBBL,52,14,100,707.00,"70,700.00"
2020-08-24,2020082401026809,NLBBL,52,5,70,706.00,"49,420.00"
2020-08-24,2020082401026961,NLG,52,25,50,715.00,"35,750.00"
2020-08-24,2020082401026960,NLG,52,34,150,715.00,"107,250.00"
2020-08-24,2020082401026796,NLG,26,44,200,714.00,"142,800.00"
2020-08-24,2020082401027026,NLIC,1,14,100,"1,384.00","138,400.00"
2020-08-24,2020082401027010,NLIC,49,14,15,"1,384.00","20,760.00"
2020-08-24,2020082401027009,NLIC,38,14,15,"1,384.00","20,760.00"
2020-08-24,2020082401026991,NLIC,11,28,"1,000","1,385.00","1,385,000.00"
2020-08-24,2020082401026775,NLIC,42,41,15,"1,383.00","20,745.00"
2020-08-24,2020082401026774,NLIC,8,41,85,"1,384.00","117,640.00"
2020-08-24,2020082401026734,NLIC,8,6,100,"1,384.00","138,400.00"
2020-08-24,2020082401026733,NLIC,8,36,15,"1,384.00","20,760.00"
2020-08-24,2020082401026819,NLICL,34,42,60,697.00,"41,820.00"
2020-08-24,2020082401026750,NLICL,51,14,15,696.00,"10,440.00"
2020-08-24,2020082401026599,NLICL,51,25,50,696.00,"34,800.00"
2020-08-24,2020082401026598,NLICL,51,14,10,696.00,"6,960.00"
2020-08-24,2020082401026597,NLICL,51,57,80,696.00,"55,680.00"
2020-08-24,2020082401026944,NMB,25,6,200,421.00,"84,200.00"
2020-08-24,2020082401026749,NMB,25,41,53,421.00,"22,313.00"
2020-08-24,2020082401026748,NMB,25,25,142,421.00,"59,782.00"
2020-08-24,2020082401026747,NMB,25,59,"1,000",421.00,"421,000.00"
2020-08-24,2020082401026746,NMB,25,38,17,421.00,"7,157.00"
2020-08-24,2020082401026745,NMB,25,53,"1,217",421.00,"512,357.00"
2020-08-24,2020082401026594,NMB,55,48,456,420.00,"191,520.00"
2020-08-24,2020082401026593,NMB,33,48,44,420.00,"18,480.00"
2020-08-24,2020082401026592,NMB,33,29,156,420.00,"65,520.00"
2020-08-24,2020082401026591,NMB,25,29,64,420.00,"26,880.00"
2020-08-24,2020082401026574,NMB,42,53,100,421.00,"42,100.00"
2020-08-24,2020082401026744,NMBMF,54,56,66,753.00,"49,698.00"
2020-08-24,2020082401026743,NMBMF,11,56,20,753.00,"15,060.00"
2020-08-24,2020082401026953,NRIC,49,34,40,622.00,"24,880.00"
2020-08-24,2020082401026942,NRIC,49,43,80,622.00,"49,760.00"
2020-08-24,2020082401026931,NRIC,49,41,50,622.00,"31,100.00"
2020-08-24,2020082401026930,NRIC,49,25,970,622.00,"603,340.00"
2020-08-24,2020082401026919,NRIC,26,41,50,621.00,"31,050.00"
2020-08-24,2020082401026855,NRIC,1,25,30,622.00,"18,660.00"
2020-08-24,2020082401026586,NRIC,38,48,190,622.00,"118,180.00"
2020-08-24,2020082401026723,NRIC,34,7,10,621.00,"6,210.00"
2020-08-24,2020082401026722,NRIC,40,7,55,621.00,"34,155.00"
2020-08-24,2020082401026668,NRIC,40,41,40,621.00,"24,840.00"
2020-08-24,2020082401026655,NRIC,40,39,10,621.00,"6,210.00"
2020-08-24,2020082401026627,NRIC,40,42,50,621.00,"31,050.00"
2020-08-24,2020082401026609,NRIC,35,51,500,622.00,"311,000.00"
2020-08-24,2020082401026742,NRIC,26,6,100,621.00,"62,100.00"
2020-08-24,2020082401026729,NRIC,26,41,50,621.00,"31,050.00"
2020-08-24,2020082401026727,NRIC,26,7,680,621.00,"422,280.00"
2020-08-24,2020082401026726,NRIC,38,7,100,621.00,"62,100.00"
2020-08-24,2020082401026725,NRIC,1,7,120,621.00,"74,520.00"
2020-08-24,2020082401026724,NRIC,46,7,35,621.00,"21,735.00"
2020-08-24,2020082401026807,NRIC,26,6,50,621.00,"31,050.00"
2020-08-24,2020082401026805,NRIC,26,54,50,621.00,"31,050.00"
2020-08-24,2020082401026784,NRIC,26,25,50,621.00,"31,050.00"
2020-08-24,2020082401026782,NRIC,26,36,300,621.00,"186,300.00"
2020-08-24,2020082401026768,NRIC,26,42,40,621.00,"24,840.00"
2020-08-24,2020082401026760,NRIC,26,57,20,621.00,"12,420.00"
2020-08-24,2020082401026836,NRIC,1,14,50,622.00,"31,100.00"
2020-08-24,2020082401026829,NRIC,57,28,25,622.00,"15,550.00"
2020-08-24,2020082401026828,NRIC,57,47,50,622.00,"31,100.00"
2020-08-24,2020082401026827,NRIC,57,48,125,622.00,"77,750.00"
2020-08-24,2020082401026824,NRIC,18,48,100,622.00,"62,200.00"
2020-08-24,2020082401026808,NRIC,26,11,10,621.00,"6,210.00"
2020-08-24,2020082401026842,NRIC,1,14,200,622.00,"124,400.00"
2020-08-24,2020082401026841,NRIC,1,38,200,622.00,"124,400.00"
2020-08-24,2020082401026840,NRIC,1,42,100,622.00,"62,200.00"
2020-08-24,2020082401026839,NRIC,1,19,50,622.00,"31,100.00"
2020-08-24,2020082401026838,NRIC,1,34,100,622.00,"62,200.00"
2020-08-24,2020082401026837,NRIC,1,51,40,622.00,"24,880.00"
2020-08-24,2020082401026848,NRIC,1,14,500,622.00,"311,000.00"
2020-08-24,2020082401026847,NRIC,1,34,10,622.00,"6,220.00"
2020-08-24,2020082401026846,NRIC,1,34,100,622.00,"62,200.00"
2020-08-24,2020082401026845,NRIC,1,33,40,622.00,"24,880.00"
2020-08-24,2020082401026844,NRIC,1,51,540,622.00,"335,880.00"
2020-08-24,2020082401026843,NRIC,1,17,40,622.00,"24,880.00"
2020-08-24,2020082401026799,NTC,11,6,20,666.00,"13,320.00"
2020-08-24,2020082401026798,NTC,21,6,10,666.00,"6,660.00"
2020-08-24,2020082401026959,OHL,34,45,355,343.00,"121,765.00"
2020-08-24,2020082401026682,OHL,59,45,245,343.00,"84,035.00"
2020-08-24,2020082401026972,PCBL,34,44,50,280.00,"14,000.00"
2020-08-24,2020082401026850,PCBL,40,44,"1,000",280.00,"280,000.00"
2020-08-24,2020082401026573,PCBL,36,44,120,280.00,"33,600.00"
2020-08-24,2020082401026601,PFL,25,17,16,147.00,"2,352.00"
2020-08-24,2020082401026600,PFL,37,17,26,147.00,"3,822.00"
2020-08-24,2020082401027030,PIC,34,7,10,713.00,"7,130.00"
2020-08-24,2020082401027029,PIC,34,21,20,710.00,"14,200.00"
2020-08-24,2020082401027028,PIC,34,4,90,710.00,"63,900.00"
2020-08-24,2020082401027007,PIC,55,39,124,705.00,"87,420.00"
2020-08-24,2020082401027006,PIC,39,39,80,706.00,"56,480.00"
2020-08-24,2020082401027001,PIC,39,11,20,706.00,"14,120.00"
2020-08-24,2020082401026585,PIC,28,35,490,706.00,"345,940.00"
2020-08-24,2020082401026584,PIC,32,35,100,707.00,"70,700.00"
2020-08-24,2020082401026583,PIC,42,35,10,707.00,"7,070.00"
2020-08-24,2020082401026925,PIC,57,1,43,706.00,"30,358.00"
2020-08-24,2020082401026924,PIC,28,1,57,706.00,"40,242.00"
2020-08-24,2020082401026879,PIC,28,11,11,706.00,"7,766.00"
2020-08-24,2020082401026830,PIC,28,38,141,706.00,"99,546.00"
2020-08-24,2020082401026735,PIC,28,39,25,706.00,"17,650.00"
2020-08-24,2020082401026690,PIC,28,48,101,706.00,"71,306.00"
2020-08-24,2020082401026952,PIC,34,4,10,710.00,"7,100.00"
2020-08-24,2020082401026951,PIC,34,38,100,709.00,"70,900.00"
2020-08-24,2020082401026950,PIC,34,29,890,708.00,"630,120.00"
2020-08-24,2020082401026949,PIC,34,22,100,708.00,"70,800.00"
2020-08-24,2020082401026948,PIC,34,22,100,708.00,"70,800.00"
2020-08-24,2020082401026947,PIC,34,57,200,707.00,"141,400.00"
2020-08-24,2020082401027049,PLIC,28,55,15,590.00,"8,850.00"
2020-08-24,2020082401027048,PLIC,28,18,225,590.00,"132,750.00"
2020-08-24,2020082401027047,PLIC,28,39,"1,260",590.00,"743,400.00"
2020-08-24,2020082401026990,PLIC,28,39,114,590.00,"67,260.00"
2020-08-24,2020082401026989,PLIC,28,42,30,590.00,"17,700.00"
2020-08-24,2020082401026988,PLIC,28,40,50,590.00,"29,500.00"
2020-08-24,2020082401026773,PLIC,34,11,20,588.00,"11,760.00"
2020-08-24,2020082401026772,PLIC,34,38,40,587.00,"23,480.00"
2020-08-24,2020082401026677,PLIC,34,38,60,587.00,"35,220.00"
2020-08-24,2020082401026569,PLIC,28,53,15,585.00,"8,775.00"
2020-08-24,2020082401026909,PLIC,28,19,60,588.00,"35,280.00"
2020-08-24,2020082401026908,PLIC,28,32,50,588.00,"29,400.00"
2020-08-24,2020082401026907,PLIC,28,53,50,588.00,"29,400.00"
2020-08-24,2020082401026906,PLIC,28,11,130,588.00,"76,440.00"
2020-08-24,2020082401026905,PLIC,28,7,100,588.00,"58,800.00"
2020-08-24,2020082401026904,PLIC,28,32,50,587.00,"29,350.00"
2020-08-24,2020082401026915,PLIC,28,52,98,589.00,"57,722.00"
2020-08-24,2020082401026914,PLIC,28,50,100,589.00,"58,900.00"
2020-08-24,2020082401026913,PLIC,28,40,22,589.00,"12,958.00"
2020-08-24,2020082401026912,PLIC,28,34,111,589.00,"65,379.00"
2020-08-24,2020082401026911,PLIC,28,55,200,589.00,"117,800.00"
2020-08-24,2020082401026910,PLIC,28,22,29,589.00,"17,081.00"
2020-08-24,2020082401026964,PLIC,28,50,820,590.00,"483,800.00"
2020-08-24,2020082401026941,PLIC,28,50,180,590.00,"106,200.00"
2020-08-24,2020082401026940,PLIC,28,3,500,589.00,"294,500.00"
2020-08-24,2020082401026939,PLIC,28,21,20,589.00,"11,780.00"
2020-08-24,2020082401026938,PLIC,28,16,200,589.00,"117,800.00"
2020-08-24,2020082401026937,PLIC,28,43,100,588.00,"58,800.00"
2020-08-24,2020082401026981,PLIC,28,19,436,590.00,"257,240.00"
2020-08-24,2020082401026974,PLIC,25,13,100,586.00,"58,600.00"
2020-08-24,2020082401026968,PLIC,28,19,64,590.00,"37,760.00"
2020-08-24,2020082401026967,PLIC,28,49,300,590.00,"177,000.00"
2020-08-24,2020082401026966,PLIC,28,51,67,590.00,"39,530.00"
2020-08-24,2020082401026965,PLIC,28,16,249,590.00,"146,910.00"
2020-08-24,2020082401026987,PLIC,28,6,50,590.00,"29,500.00"
2020-08-24,2020082401026986,PLIC,28,52,100,590.00,"59,000.00"
2020-08-24,2020082401026985,PLIC,28,34,100,590.00,"59,000.00"
2020-08-24,2020082401026984,PLIC,28,26,500,590.00,"295,000.00"
2020-08-24,2020082401026983,PLIC,28,34,70,590.00,"41,300.00"
2020-08-24,2020082401026982,PLIC,28,41,50,590.00,"29,500.00"
2020-08-24,2020082401026783,PPCL,32,29,10,114.00,"1,140.00"
2020-08-24,2020082401026714,PRIN,28,33,10,550.00,"5,500.00"
2020-08-24,2020082401026713,PRIN,28,28,400,549.00,"219,600.00"
2020-08-24,2020082401026712,PRIN,28,14,135,549.00,"74,115.00"
2020-08-24,2020082401026674,PRIN,28,22,41,548.00,"22,468.00"
2020-08-24,2020082401026671,PRIN,28,34,123,548.00,"67,404.00"
2020-08-24,2020082401026670,PRIN,28,36,15,547.00,"8,205.00"
2020-08-24,2020082401026669,PRIN,28,33,17,546.00,"9,282.00"
2020-08-24,2020082401026661,PRIN,58,26,52,545.00,"28,340.00"
2020-08-24,2020082401026656,PRIN,56,26,200,545.00,"109,000.00"
2020-08-24,2020082401026802,PRVU,34,57,10,231.00,"2,310.00"
2020-08-24,2020082401026707,PRVU,5,3,100,230.00,"23,000.00"
2020-08-24,2020082401026706,PRVU,5,1,52,230.00,"11,960.00"
2020-08-24,2020082401026675,PRVU,4,1,100,230.00,"23,000.00"
2020-08-24,2020082401026588,PRVU,25,1,250,230.00,"57,500.00"
2020-08-24,2020082401027008,RADHI,48,38,200,174.00,"34,800.00"
2020-08-24,2020082401026923,RADHI,48,38,399,174.00,"69,426.00"
2020-08-24,2020082401026922,RADHI,25,38,67,174.00,"11,658.00"
2020-08-24,2020082401026921,RADHI,51,38,34,175.00,"5,950.00"
2020-08-24,2020082401026764,RADHI,51,38,466,175.00,"81,550.00"
2020-08-24,2020082401026763,RADHI,17,38,10,175.00,"1,750.00"
2020-08-24,2020082401026762,RADHI,29,38,24,175.00,"4,200.00"
2020-08-24,2020082401026975,RHPL,55,41,20,145.00,"2,900.00"
2020-08-24,2020082401026811,RHPL,6,53,30,144.00,"4,320.00"
2020-08-24,2020082401026752,RHPL,6,36,30,144.00,"4,320.00"
2020-08-24,2020082401026976,RMDC,42,37,56,802.00,"44,912.00"
2020-08-24,2020082401026698,RMDC,29,51,61,803.00,"48,983.00"
2020-08-24,2020082401027025,RSDC,3,22,51,515.00,"26,265.00"
2020-08-24,2020082401027024,RSDC,3,32,49,515.00,"25,235.00"
2020-08-24,2020082401026753,RSDC,45,42,41,514.00,"21,074.00"
2020-08-24,2020082401026606,RSDC,45,11,200,514.00,"102,800.00"
2020-08-24,2020082401026719,SBI,42,59,402,419.00,"168,438.00"
2020-08-24,2020082401026718,SBI,39,59,100,419.00,"41,900.00"
2020-08-24,2020082401026717,SBI,5,59,68,419.00,"28,492.00"
2020-08-24,2020082401026716,SBI,43,59,100,420.00,"42,000.00"
2020-08-24,2020082401026715,SBI,20,59,30,420.00,"12,600.00"
2020-08-24,2020082401026849,SCB,34,22,50,644.00,"32,200.00"
2020-08-24,2020082401026818,SCB,33,22,50,644.00,"32,200.00"
2020-08-24,2020082401026732,SCB,26,11,20,643.00,"12,860.00"
2020-08-24,2020082401026731,SCB,29,11,80,643.00,"51,440.00"
2020-08-24,2020082401026701,SCB,33,22,100,644.00,"64,400.00"
2020-08-24,2020082401026903,SDLBSL,46,46,10,832.00,"8,320.00"
2020-08-24,2020082401026814,SDLBSL,21,14,10,833.00,"8,330.00"
2020-08-24,2020082401026771,SDLBSL,46,46,10,832.00,"8,320.00"
2020-08-24,2020082401026689,SDLBSL,26,46,10,833.00,"8,330.00"
2020-08-24,2020082401026688,SDLBSL,26,52,10,833.00,"8,330.00"
2020-08-24,2020082401026611,SDLBSL,52,41,10,833.00,"8,330.00"
2020-08-24,2020082401026992,SHIVM,26,38,20,651.00,"13,020.00"
2020-08-24,2020082401026880,SHIVM,21,38,50,651.00,"32,550.00"
2020-08-24,2020082401026636,SHIVM,21,52,50,651.00,"32,550.00"
2020-08-24,2020082401026739,SHPC,25,37,160,230.00,"36,800.00"
2020-08-24,2020082401026738,SHPC,25,7,100,230.00,"23,000.00"
2020-08-24,2020082401026642,SIC,36,42,17,840.00,"14,280.00"
2020-08-24,2020082401027017,SICL,57,41,36,"1,250.00","45,000.00"
2020-08-24,2020082401027016,SICL,26,41,30,"1,250.00","37,500.00"
2020-08-24,2020082401027015,SICL,1,41,20,"1,250.00","25,000.00"
2020-08-24,2020082401027014,SICL,17,41,200,"1,250.00","250,000.00"
2020-08-24,2020082401027013,SICL,49,41,214,"1,250.00","267,500.00"
2020-08-24,2020082401026602,SICL,7,56,81,"1,251.00","101,331.00"
2020-08-24,2020082401026933,SICL,14,39,20,"1,253.00","25,060.00"
2020-08-24,2020082401026932,SICL,14,34,50,"1,253.00","62,650.00"
2020-08-24,2020082401026854,SICL,49,36,81,"1,250.00","101,250.00"
2020-08-24,2020082401026853,SICL,7,36,19,"1,251.00","23,769.00"
2020-08-24,2020082401027062,SIL,44,41,40,678.00,"27,120.00"
2020-08-24,2020082401026730,SIL,55,41,10,678.00,"6,780.00"
2020-08-24,2020082401026582,SIL,49,13,300,672.00,"201,600.00"
2020-08-24,2020082401026581,SIL,34,13,200,673.00,"134,600.00"
2020-08-24,2020082401026936,SJCL,13,17,10,135.00,"1,350.00"
2020-08-24,2020082401026710,SJCL,13,36,20,135.00,"2,700.00"
2020-08-24,2020082401026681,SJCL,13,55,30,135.00,"4,050.00"
2020-08-24,2020082401026680,SJCL,13,55,70,135.00,"9,450.00"
2020-08-24,2020082401026673,SLBBL,7,55,491,830.00,"407,530.00"
2020-08-24,2020082401027005,SLICL,44,19,300,492.00,"147,600.00"
2020-08-24,2020082401026995,SLICL,32,19,50,492.00,"24,600.00"
2020-08-24,2020082401026994,SLICL,47,19,10,492.00,"4,920.00"
2020-08-24,2020082401026993,SLICL,40,19,12,492.00,"5,904.00"
2020-08-24,2020082401026917,SLICL,40,38,88,492.00,"43,296.00"
2020-08-24,2020082401026916,SLICL,44,38,32,492.00,"15,744.00"
2020-08-24,2020082401026902,SLICL,20,1,50,493.00,"24,650.00"
2020-08-24,2020082401026901,SLICL,20,41,100,493.00,"49,300.00"
2020-08-24,2020082401026817,SLICL,44,48,100,492.00,"49,200.00"
2020-08-24,2020082401026806,SLICL,44,48,105,492.00,"51,660.00"
2020-08-24,2020082401026709,SLICL,44,29,100,492.00,"49,200.00"
2020-08-24,2020082401026641,SLICL,44,49,100,492.00,"49,200.00"
2020-08-24,2020082401026686,SMB,34,32,10,895.00,"8,950.00"
2020-08-24,2020082401026685,SMB,34,38,10,891.00,"8,910.00"
2020-08-24,2020082401026684,SMB,34,40,10,890.00,"8,900.00"
2020-08-24,2020082401026683,SMB,34,22,25,890.00,"22,250.00"
2020-08-24,2020082401026628,SPARS,5,51,16,880.00,"14,080.00"
2020-08-24,2020082401026610,SPDL,49,44,35,113.00,"3,955.00"
2020-08-24,2020082401026567,SPDL,49,29,125,113.00,"14,125.00"
2020-08-24,2020082401026797,SRBL,34,33,400,229.00,"91,600.00"
2020-08-24,2020082401026882,UIC,59,35,62,405.00,"25,110.00"
2020-08-24,2020082401026831,UIC,59,51,50,405.00,"20,250.00"
2020-08-24,2020082401026822,UIC,7,51,450,405.00,"182,250.00"
2020-08-24,2020082401026821,UIC,7,41,50,405.00,"20,250.00"
2020-08-24,2020082401026676,UIC,49,51,500,405.00,"202,500.00"
2020-08-24,2020082401026652,UIC,10,35,300,404.00,"121,200.00"
2020-08-24,2020082401026651,UIC,14,35,50,404.00,"20,200.00"
2020-08-24,2020082401026650,UIC,34,35,300,404.00,"121,200.00"
2020-08-24,2020082401026649,UIC,42,35,50,404.00,"20,200.00"
2020-08-24,2020082401026648,UIC,19,35,100,404.00,"40,400.00"
2020-08-24,2020082401026736,UPCL,5,54,50,71.00,"3,550.00"
2020-08-24,2020082401027031,UPPER,10,34,40,220.00,"8,800.00"
2020-08-24,2020082401026678,UPPER,10,34,20,220.00,"4,400.00"
2020-08-24,2020082401026804,VLBS,49,16,40,904.00,"36,160.00"
2020-08-24,2020082401026660,VLBS,41,16,50,903.00,"45,150.00"
2020-08-24,2020082401026568,VLBS,41,17,13,903.00,"11,739.00"
2020-08-24,2020082401026504,ACLBSL,41,47,10,718.00,"7,180.00"
2020-08-24,2020082401026552,AIL,50,22,10,500.00,"5,000.00"
2020-08-24,2020082401026503,AIL,50,57,10,500.00,"5,000.00"
2020-08-24,2020082401026491,AIL,50,35,10,500.00,"5,000.00"
2020-08-24,2020082401026481,AIL,36,1,10,501.00,"5,010.00"
2020-08-24,2020082401026409,AIL,38,57,50,502.00,"25,100.00"
2020-08-24,2020082401026408,AIL,38,34,10,502.00,"5,020.00"
2020-08-24,2020082401026094,AIL,57,10,10,501.00,"5,010.00"
2020-08-24,2020082401026407,AIL,38,28,910,502.00,"456,820.00"
2020-08-24,2020082401026376,AIL,50,10,10,500.00,"5,000.00"
2020-08-24,2020082401026315,AIL,57,16,10,501.00,"5,010.00"
2020-08-24,2020082401026285,AIL,57,28,90,502.00,"45,180.00"
2020-08-24,2020082401026197,AIL,57,52,10,501.00,"5,010.00"
2020-08-24,2020082401026129,AIL,57,44,10,501.00,"5,010.00"
2020-08-24,2020082401026112,AKPL,36,16,10,116.00,"1,160.00"
2020-08-24,2020082401026550,ALBSL,41,57,11,691.00,"7,601.00"
2020-08-24,2020082401026085,ALBSL,41,16,11,691.00,"7,601.00"
2020-08-24,2020082401026532,ALICL,48,57,400,669.00,"267,600.00"
2020-08-24,2020082401026527,ALICL,48,59,50,669.00,"33,450.00"
2020-08-24,2020082401026290,ALICL,57,44,409,670.00,"274,030.00"
2020-08-24,2020082401026070,ALICL,48,35,442,669.00,"295,698.00"
2020-08-24,2020082401026157,API,25,40,20,109.00,"2,180.00"
2020-08-24,2020082401026560,BPCL,41,59,30,362.00,"10,860.00"
2020-08-24,2020082401026342,BPCL,28,46,12,362.00,"4,344.00"
2020-08-24,2020082401026180,BPCL,34,17,12,361.00,"4,332.00"
2020-08-24,2020082401026283,CBBL,54,53,100,"1,086.00","108,600.00"
2020-08-24,2020082401026237,CBBL,37,11,100,"1,085.00","108,500.00"
2020-08-24,2020082401026073,CBBL,1,33,50,"1,087.00","54,350.00"
2020-08-24,2020082401026327,CBL,33,57,200,144.00,"28,800.00"
2020-08-24,2020082401026433,CIT,7,43,100,"2,881.00","288,100.00"
2020-08-24,2020082401026416,CIT,34,43,10,"2,881.00","28,810.00"
2020-08-24,2020082401026155,CIT,54,43,30,"2,881.00","86,430.00"
2020-08-24,2020082401026072,CIT,25,52,17,"2,880.00","48,960.00"
2020-08-24,2020082401026437,CLBSL,34,17,11,690.00,"7,590.00"
2020-08-24,2020082401026245,CMF1,51,17,500,10.16,"5,080.00"
2020-08-24,2020082401026554,CORBL,25,51,30,124.00,"3,720.00"
2020-08-24,2020082401026553,CORBL,1,51,70,125.00,"8,750.00"
2020-08-24,2020082401026324,CZBIL,25,17,10,194.00,"1,940.00"
2020-08-24,2020082401026154,DDBL,37,33,140,846.00,"118,440.00"
2020-08-24,2020082401026153,DDBL,45,33,10,846.00,"8,460.00"
2020-08-24,2020082401026386,EBL,28,58,10,719.00,"7,190.00"
2020-08-24,2020082401026195,EBL,54,41,50,718.00,"35,900.00"
2020-08-24,2020082401026196,EBL,54,58,50,719.00,"35,950.00"
2020-08-24,2020082401026238,EDBL,46,57,67,305.00,"20,435.00"
2020-08-24,2020082401026525,EIC,48,51,100,476.00,"47,600.00"
2020-08-24,2020082401026425,EIC,48,59,20,476.00,"9,520.00"
2020-08-24,2020082401026358,EIC,48,32,328,476.00,"156,128.00"
2020-08-24,2020082401026127,EIC,48,7,100,476.00,"47,600.00"
2020-08-24,2020082401026275,FMDBL,4,42,50,539.00,"26,950.00"
2020-08-24,2020082401026538,GBIME,42,17,"2,172",252.00,"547,344.00"
2020-08-24,2020082401026537,GBIME,42,8,100,252.00,"25,200.00"
2020-08-24,2020082401026536,GBIME,42,19,32,252.00,"8,064.00"
2020-08-24,2020082401026417,GBIME,57,14,50,251.00,"12,550.00"
2020-08-24,2020082401026388,GBIME,56,14,600,251.00,"150,600.00"
2020-08-24,2020082401026325,GBIME,56,59,400,251.00,"100,400.00"
2020-08-24,2020082401026289,GBIME,39,59,400,251.00,"100,400.00"
2020-08-24,2020082401026288,GBIME,34,59,100,251.00,"25,100.00"
2020-08-24,2020082401026287,GBIME,10,59,100,251.00,"25,100.00"
2020-08-24,2020082401026271,GBIME,52,14,10,252.00,"2,520.00"
2020-08-24,2020082401026519,GBLBS,28,55,100,495.00,"49,500.00"
2020-08-24,2020082401026518,GBLBS,28,45,15,495.00,"7,425.00"
2020-08-24,2020082401026517,GBLBS,28,10,20,495.00,"9,900.00"
2020-08-24,2020082401026443,GBLBS,28,39,15,494.00,"7,410.00"
2020-08-24,2020082401026373,GBLBS,46,17,15,492.00,"7,380.00"
2020-08-24,2020082401026500,GGBSL,52,44,10,801.00,"8,010.00"
2020-08-24,2020082401026493,GLBSL,46,17,10,775.00,"7,750.00"
2020-08-24,2020082401026495,GLICL,49,42,20,494.00,"9,880.00"
2020-08-24,2020082401026294,GLICL,47,13,100,495.00,"49,500.00"
2020-08-24,2020082401026183,GLICL,49,21,50,494.00,"24,700.00"
2020-08-24,2020082401026182,GLICL,45,21,50,494.00,"24,700.00"
2020-08-24,2020082401026516,HDL,47,13,100,"1,731.00","173,100.00"
2020-08-24,2020082401026515,HDL,47,22,25,"1,731.00","43,275.00"
2020-08-24,2020082401026514,HDL,47,44,190,"1,730.00","328,700.00"
2020-08-24,2020082401026453,HDL,44,39,430,"1,726.00","742,180.00"
2020-08-24,2020082401026452,HDL,22,39,50,"1,727.00","86,350.00"
2020-08-24,2020082401026451,HDL,25,39,20,"1,727.00","34,540.00"
2020-08-24,2020082401026268,HDL,8,44,100,"1,730.00","173,000.00"
2020-08-24,2020082401026236,HDL,54,44,20,"1,730.00","34,600.00"
2020-08-24,2020082401026235,HDL,54,33,30,"1,730.00","51,900.00"
2020-08-24,2020082401026450,HGI,16,22,300,449.00,"134,700.00"
2020-08-24,2020082401026252,HGI,16,34,75,449.00,"33,675.00"
2020-08-24,2020082401026251,HGI,39,34,100,449.00,"44,900.00"
2020-08-24,2020082401026250,HGI,49,34,300,449.00,"134,700.00"
2020-08-24,2020082401026249,HGI,42,34,25,449.00,"11,225.00"
2020-08-24,2020082401026385,HIDCL,56,51,61,128.00,"7,808.00"
2020-08-24,2020082401026256,HIDCL,56,21,134,128.00,"17,152.00"
2020-08-24,2020082401026255,HIDCL,54,21,25,128.00,"3,200.00"
2020-08-24,2020082401026387,HPPL,33,22,"2,000",137.00,"274,000.00"
2020-08-24,2020082401026246,HPPL,45,41,10,136.00,"1,360.00"
2020-08-24,2020082401026457,KBL,59,19,100,186.00,"18,600.00"
2020-08-24,2020082401026401,KBL,59,10,400,186.00,"74,400.00"
2020-08-24,2020082401026400,KBL,59,56,46,186.00,"8,556.00"
2020-08-24,2020082401026399,KBL,59,19,400,186.00,"74,400.00"
2020-08-24,2020082401026362,KBL,32,33,55,185.00,"10,175.00"
2020-08-24,2020082401026361,KBL,59,33,24,185.00,"4,440.00"
2020-08-24,2020082401026228,KBL,6,36,100,186.00,"18,600.00"
2020-08-24,2020082401026227,KBL,33,36,388,186.00,"72,168.00"
2020-08-24,2020082401026114,KBL,33,48,12,186.00,"2,232.00"
2020-08-24,2020082401026369,KMCDB,49,55,195,750.00,"146,250.00"
2020-08-24,2020082401026411,KPCL,40,17,10,106.00,"1,060.00"
2020-08-24,2020082401026137,KPCL,41,17,10,107.00,"1,070.00"
2020-08-24,2020082401026244,LBBL,59,21,100,183.00,"18,300.00"
2020-08-24,2020082401026349,LBL,34,45,92,232.00,"21,344.00"
2020-08-24,2020082401026348,LBL,34,59,101,232.00,"23,432.00"
2020-08-24,2020082401026347,LBL,34,42,119,232.00,"27,608.00"
2020-08-24,2020082401026346,LBL,34,41,50,232.00,"11,600.00"
2020-08-24,2020082401026345,LBL,34,44,150,232.00,"34,800.00"
2020-08-24,2020082401026344,LBL,34,6,119,232.00,"27,608.00"
2020-08-24,2020082401026343,LBL,34,34,550,232.00,"127,600.00"
2020-08-24,2020082401026312,LBL,28,34,10,232.00,"2,320.00"
2020-08-24,2020082401026534,LGIL,35,22,100,490.00,"49,000.00"
2020-08-24,2020082401026497,LGIL,36,17,50,491.00,"24,550.00"
2020-08-24,2020082401026410,LGIL,35,51,100,490.00,"49,000.00"
2020-08-24,2020082401026086,LGIL,35,16,200,490.00,"98,000.00"
2020-08-24,2020082401026341,LICN,25,6,15,"1,485.00","22,275.00"
2020-08-24,2020082401026322,LICN,25,26,46,"1,484.00","68,264.00"
2020-08-24,2020082401026302,LLBS,32,16,40,"1,125.00","45,000.00"
2020-08-24,2020082401026483,MBL,37,33,10,225.00,"2,250.00"
2020-08-24,2020082401026188,MBL,33,49,20,226.00,"4,520.00"
2020-08-24,2020082401026139,MBL,37,49,"1,460",225.00,"328,500.00"
2020-08-24,2020082401026138,MBL,16,49,540,225.00,"121,500.00"
2020-08-24,2020082401026224,MDB,17,34,33,337.00,"11,121.00"
2020-08-24,2020082401026223,MDB,17,47,100,337.00,"33,700.00"
2020-08-24,2020082401026222,MDB,17,43,37,337.00,"12,469.00"
2020-08-24,2020082401026221,MDB,17,21,30,337.00,"10,110.00"
2020-08-24,2020082401026220,MEGA,58,34,101,222.00,"22,422.00"
2020-08-24,2020082401026208,MEGA,6,51,35,223.00,"7,805.00"
2020-08-24,2020082401026134,MEGA,28,10,10,224.00,"2,240.00"
2020-08-24,2020082401026533,MERO,32,25,20,668.00,"13,360.00"
2020-08-24,2020082401026442,MERO,28,32,39,670.00,"26,130.00"
2020-08-24,2020082401026317,MERO,28,5,100,669.00,"66,900.00"
2020-08-24,2020082401026301,MERO,28,40,200,669.00,"133,800.00"
2020-08-24,2020082401026300,MERO,28,37,53,669.00,"35,457.00"
2020-08-24,2020082401026299,MERO,28,34,65,669.00,"43,485.00"
2020-08-24,2020082401026298,MERO,28,53,10,669.00,"6,690.00"
2020-08-24,2020082401026297,MERO,28,45,11,669.00,"7,359.00"
2020-08-24,2020082401026296,MERO,28,45,22,668.00,"14,696.00"
2020-08-24,2020082401026472,MFIL,33,56,250,276.00,"69,000.00"
2020-08-24,2020082401026471,MFIL,33,51,640,276.00,"176,640.00"
2020-08-24,2020082401026448,MFIL,38,51,20,276.00,"5,520.00"
2020-08-24,2020082401026225,MFIL,57,51,340,276.00,"93,840.00"
2020-08-24,2020082401026113,MFIL,29,33,100,275.00,"27,500.00"
2020-08-24,2020082401026253,MLBBL,45,56,26,747.00,"19,422.00"
2020-08-24,2020082401026507,MMFDB,8,41,60,905.00,"54,300.00"
2020-08-24,2020082401026506,MMFDB,29,41,200,906.00,"181,200.00"
2020-08-24,2020082401026430,MNBBL,37,16,59,323.00,"19,057.00"
2020-08-24,2020082401026083,MNBBL,37,34,16,323.00,"5,168.00"
2020-08-24,2020082401026082,MNBBL,25,34,100,323.00,"32,300.00"
2020-08-24,2020082401026541,MPFL,6,36,250,106.00,"26,500.00"
2020-08-24,2020082401026226,MPFL,49,36,15,106.00,"1,590.00"
2020-08-24,2020082401026260,NABIL,25,21,490,829.00,"406,210.00"
2020-08-24,2020082401026125,NABIL,28,21,10,829.00,"8,290.00"
2020-08-24,2020082401026406,NADEP,8,18,73,610.00,"44,530.00"
2020-08-24,2020082401026405,NADEP,53,18,27,610.00,"16,470.00"
2020-08-24,2020082401026524,NBB,39,35,65,197.00,"12,805.00"
2020-08-24,2020082401026523,NBB,1,35,100,197.00,"19,700.00"
2020-08-24,2020082401026522,NBB,56,35,150,197.00,"29,550.00"
2020-08-24,2020082401026561,NBL,57,53,425,289.00,"122,825.00"
2020-08-24,2020082401026544,NBL,57,53,268,289.00,"77,452.00"
2020-08-24,2020082401026543,NBL,57,17,100,289.00,"28,900.00"
2020-08-24,2020082401026542,NBL,57,53,57,289.00,"16,473.00"
2020-08-24,2020082401026528,NBL,34,19,45,288.00,"12,960.00"
2020-08-24,2020082401026463,NBL,56,53,943,289.00,"272,527.00"
2020-08-24,2020082401026360,NBL,13,33,100,289.00,"28,900.00"
2020-08-24,2020082401026184,NBL,34,33,100,289.00,"28,900.00"
2020-08-24,2020082401026135,NBL,14,41,377,289.00,"108,953.00"
2020-08-24,2020082401026462,NBL,56,38,50,289.00,"14,450.00"
2020-08-24,2020082401026461,NBL,56,14,500,289.00,"144,500.00"
2020-08-24,2020082401026460,NBL,56,33,"1,007",289.00,"291,023.00"
2020-08-24,2020082401026413,NBL,25,33,300,289.00,"86,700.00"
2020-08-24,2020082401026396,NBL,59,33,250,289.00,"72,250.00"
2020-08-24,2020082401026375,NBL,21,33,43,289.00,"12,427.00"
2020-08-24,2020082401026207,NFS,57,6,100,172.00,"17,200.00"
2020-08-24,2020082401026539,NIB,43,44,38,421.00,"15,998.00"
2020-08-24,2020082401026316,NIB,52,53,10,422.00,"4,220.00"
2020-08-24,2020082401026117,NIB,43,34,49,421.00,"20,629.00"
2020-08-24,2020082401026368,NIBPO,11,29,500,359.00,"179,500.00"
2020-08-24,2020082401026449,NIBSF1,45,29,"1,000",9.12,"9,120.00"
2020-08-24,2020082401026415,NICA,28,25,10,572.00,"5,720.00"
2020-08-24,2020082401026357,NICA,49,4,24,568.00,"13,632.00"
2020-08-24,2020082401026356,NICA,57,4,"2,000",570.00,"1,140,000.00"
2020-08-24,2020082401026355,NICA,38,4,76,570.00,"43,320.00"
2020-08-24,2020082401026326,NICA,54,39,150,573.00,"85,950.00"
2020-08-24,2020082401026272,NICA,38,41,24,570.00,"13,680.00"
2020-08-24,2020082401026163,NICA,22,4,100,569.00,"56,900.00"
2020-08-24,2020082401026162,NICA,41,4,100,569.00,"56,900.00"
2020-08-24,2020082401026161,NICA,40,4,50,569.00,"28,450.00"
2020-08-24,2020082401026160,NICA,52,4,52,569.00,"29,588.00"
2020-08-24,2020082401026159,NICA,19,4,500,570.00,"285,000.00"
2020-08-24,2020082401026142,NICA,11,46,500,572.00,"286,000.00"
2020-08-24,2020082401026169,NICA,49,4,48,568.00,"27,264.00"
2020-08-24,2020082401026168,NICA,33,4,100,569.00,"56,900.00"
2020-08-24,2020082401026167,NICA,55,4,50,569.00,"28,450.00"
2020-08-24,2020082401026166,NICA,16,4,500,569.00,"284,500.00"
2020-08-24,2020082401026165,NICA,57,4,"1,000",569.00,"569,000.00"
2020-08-24,2020082401026164,NICA,28,4,500,569.00,"284,500.00"
2020-08-24,2020082401026470,NICGF,19,17,500,10.25,"5,125.00"
2020-08-24,2020082401026217,NICGF,5,35,"3,600",10.30,"37,080.00"
2020-08-24,2020082401026120,NICGF,51,29,"2,500",10.27,"25,675.00"
2020-08-24,2020082401026119,NICGF,58,29,"1,020",10.27,"10,475.40"
2020-08-24,2020082401026080,NICGF,29,29,"3,800",10.28,"39,064.00"
2020-08-24,2020082401026564,NICL,41,10,50,498.00,"24,900.00"
2020-08-24,2020082401026563,NICL,3,10,100,498.00,"49,800.00"
2020-08-24,2020082401026562,NICL,22,10,300,498.00,"149,400.00"
2020-08-24,2020082401026397,NICL,47,36,200,500.00,"100,000.00"
2020-08-24,2020082401026390,NICL,54,36,270,500.00,"135,000.00"
2020-08-24,2020082401026389,NICL,54,44,30,500.00,"15,000.00"
2020-08-24,2020082401026314,NICL,38,21,125,499.00,"62,375.00"
2020-08-24,2020082401026181,NICL,42,21,47,499.00,"23,453.00"
2020-08-24,2020082401026559,NIL,49,21,100,735.00,"73,500.00"
2020-08-24,2020082401026558,NIL,55,36,25,734.00,"18,350.00"
2020-08-24,2020082401026496,NIL,59,21,50,735.00,"36,750.00"
2020-08-24,2020082401026432,NIL,42,57,200,736.00,"147,200.00"
2020-08-24,2020082401026431,NIL,42,26,300,736.00,"220,800.00"
2020-08-24,2020082401026422,NIL,28,21,30,733.00,"21,990.00"
2020-08-24,2020082401026257,NIL,16,56,100,735.00,"73,500.00"
2020-08-24,2020082401026187,NIL,32,41,90,734.00,"66,060.00"
2020-08-24,2020082401026115,NIL,32,34,200,734.00,"146,800.00"
2020-08-24,2020082401026092,NIL,38,49,100,734.00,"73,400.00"
2020-08-24,2020082401026067,NIL,38,49,400,734.00,"293,600.00"
2020-08-24,2020082401026306,NIL,42,32,50,734.00,"36,700.00"
2020-08-24,2020082401026305,NIL,6,32,100,734.00,"73,400.00"
2020-08-24,2020082401026304,NIL,28,32,200,734.00,"146,800.00"
2020-08-24,2020082401026303,NIL,32,32,310,734.00,"227,540.00"
2020-08-24,2020082401026259,NIL,16,41,200,735.00,"147,000.00"
2020-08-24,2020082401026258,NIL,16,46,100,735.00,"73,500.00"
2020-08-24,2020082401026323,NIL,32,46,100,735.00,"73,500.00"
2020-08-24,2020082401026311,NIL,16,55,200,735.00,"147,000.00"
2020-08-24,2020082401026310,NIL,16,1,100,735.00,"73,500.00"
2020-08-24,2020082401026309,NIL,50,32,40,733.00,"29,320.00"
2020-08-24,2020082401026308,NIL,1,32,280,733.00,"205,240.00"
2020-08-24,2020082401026307,NIL,13,32,20,734.00,"14,680.00"
2020-08-24,2020082401026380,NIL,34,7,390,734.00,"286,260.00"
2020-08-24,2020082401026379,NIL,50,34,170,733.00,"124,610.00"
2020-08-24,2020082401026374,NIL,16,7,210,734.00,"154,140.00"
2020-08-24,2020082401026372,NIL,32,21,210,734.00,"154,140.00"
2020-08-24,2020082401026330,NIL,34,21,100,734.00,"73,400.00"
2020-08-24,2020082401026328,NIL,32,21,200,735.00,"147,000.00"
2020-08-24,2020082401026421,NIL,5,21,150,733.00,"109,950.00"
2020-08-24,2020082401026420,NIL,50,21,80,733.00,"58,640.00"
2020-08-24,2020082401026419,NIL,34,21,440,734.00,"322,960.00"
2020-08-24,2020082401026418,NIL,6,21,100,735.00,"73,500.00"
2020-08-24,2020082401026403,NIL,34,32,150,734.00,"110,100.00"
2020-08-24,2020082401026402,NIL,34,6,20,734.00,"14,680.00"
2020-08-24,2020082401026384,NLG,49,34,20,715.00,"14,300.00"
2020-08-24,2020082401026350,NLG,26,26,30,713.00,"21,390.00"
2020-08-24,2020082401026205,NLG,26,56,26,713.00,"18,538.00"
2020-08-24,2020082401026513,NLIC,42,10,50,"1,383.00","69,150.00"
2020-08-24,2020082401026486,NLIC,42,8,11,"1,383.00","15,213.00"
2020-08-24,2020082401026445,NLIC,6,8,200,"1,384.00","276,800.00"
2020-08-24,2020082401026444,NLIC,11,8,147,"1,385.00","203,595.00"
2020-08-24,2020082401026359,NLIC,52,13,10,"1,386.00","13,860.00"
2020-08-24,2020082401026321,NLIC,11,33,53,"1,385.00","73,405.00"
2020-08-24,2020082401026132,NLIC,59,56,130,"1,383.00","179,790.00"
2020-08-24,2020082401026131,NLIC,54,56,500,"1,383.00","691,500.00"
2020-08-24,2020082401026130,NLIC,28,56,200,"1,384.00","276,800.00"
2020-08-24,2020082401026101,NLIC,28,52,200,"1,384.00","276,800.00"
2020-08-24,2020082401026100,NLIC,1,52,50,"1,384.00","69,200.00"
2020-08-24,2020082401026099,NLIC,6,52,250,"1,384.00","346,000.00"
2020-08-24,2020082401026320,NLIC,11,28,500,"1,385.00","692,500.00"
2020-08-24,2020082401026319,NLIC,11,29,20,"1,385.00","27,700.00"
2020-08-24,2020082401026318,NLIC,11,11,40,"1,385.00","55,400.00"
2020-08-24,2020082401026295,NLIC,28,16,200,"1,384.00","276,800.00"
2020-08-24,2020082401026293,NLIC,42,14,50,"1,383.00","69,150.00"
2020-08-24,2020082401026133,NLIC,42,56,"1,632","1,383.00","2,257,060.00"
2020-08-24,2020082401026499,NLICL,34,14,50,696.00,"34,800.00"
2020-08-24,2020082401026473,NLICL,10,6,160,695.00,"111,200.00"
2020-08-24,2020082401026441,NLICL,44,16,50,694.00,"34,700.00"
2020-08-24,2020082401026440,NLICL,51,16,50,694.00,"34,700.00"
2020-08-24,2020082401026439,NLICL,13,16,50,694.00,"34,700.00"
2020-08-24,2020082401026438,NLICL,44,16,210,694.00,"145,740.00"
2020-08-24,2020082401026423,NLICL,54,6,300,695.00,"208,500.00"
2020-08-24,2020082401026291,NLICL,44,6,90,694.00,"62,460.00"
2020-08-24,2020082401026485,NMB,25,43,100,420.00,"42,000.00"
2020-08-24,2020082401026484,NMB,25,52,136,420.00,"57,120.00"
2020-08-24,2020082401026446,NMB,13,42,26,419.00,"10,894.00"
2020-08-24,2020082401026436,NMB,28,52,14,420.00,"5,880.00"
2020-08-24,2020082401026152,NMB,13,44,203,419.00,"85,057.00"
2020-08-24,2020082401026089,NMB,13,29,105,419.00,"43,995.00"
2020-08-24,2020082401026556,NRIC,8,48,50,622.00,"31,100.00"
2020-08-24,2020082401026531,NRIC,52,48,50,622.00,"31,100.00"
2020-08-24,2020082401026529,NRIC,40,42,500,621.00,"310,500.00"
2020-08-24,2020082401026509,NRIC,40,7,545,621.00,"338,445.00"
2020-08-24,2020082401026508,NRIC,14,7,455,621.00,"282,555.00"
2020-08-24,2020082401026505,NRIC,14,17,40,621.00,"24,840.00"
2020-08-24,2020082401026090,NRIC,6,44,50,621.00,"31,050.00"
2020-08-24,2020082401026069,NRIC,52,28,40,622.00,"24,880.00"
2020-08-24,2020082401026136,NRIC,6,44,50,621.00,"31,050.00"
2020-08-24,2020082401026123,NRIC,6,10,40,621.00,"24,840.00"
2020-08-24,2020082401026122,NRIC,6,28,10,622.00,"6,220.00"
2020-08-24,2020082401026121,NRIC,6,52,40,621.00,"24,840.00"
2020-08-24,2020082401026118,NRIC,6,46,40,621.00,"24,840.00"
2020-08-24,2020082401026102,NRIC,6,13,15,621.00,"9,315.00"
2020-08-24,2020082401026203,NRIC,7,16,200,622.00,"124,400.00"
2020-08-24,2020082401026202,NRIC,7,33,40,622.00,"24,880.00"
2020-08-24,2020082401026201,NRIC,7,14,500,622.00,"311,000.00"
2020-08-24,2020082401026200,NRIC,7,49,40,622.00,"24,880.00"
2020-08-24,2020082401026199,NRIC,7,35,40,622.00,"24,880.00"
2020-08-24,2020082401026198,NRIC,7,28,35,622.00,"21,770.00"
2020-08-24,2020082401026351,NRIC,6,49,275,621.00,"170,775.00"
2020-08-24,2020082401026340,NRIC,6,10,40,621.00,"24,840.00"
2020-08-24,2020082401026313,NRIC,38,47,100,622.00,"62,200.00"
2020-08-24,2020082401026276,NRIC,6,29,50,621.00,"31,050.00"
2020-08-24,2020082401026266,NRIC,44,47,50,622.00,"31,100.00"
2020-08-24,2020082401026204,NRIC,7,47,145,622.00,"90,190.00"
2020-08-24,2020082401026393,NRIC,36,17,20,622.00,"12,440.00"
2020-08-24,2020082401026392,NRIC,36,47,105,622.00,"65,310.00"
2020-08-24,2020082401026370,NRIC,54,47,100,622.00,"62,200.00"
2020-08-24,2020082401026354,NRIC,14,49,405,621.00,"251,505.00"
2020-08-24,2020082401026353,NRIC,29,49,60,621.00,"37,260.00"
2020-08-24,2020082401026352,NRIC,17,49,"1,000",621.00,"621,000.00"
2020-08-24,2020082401026482,NRIC,14,52,50,621.00,"31,050.00"
2020-08-24,2020082401026459,NRIC,22,48,100,622.00,"62,200.00"
2020-08-24,2020082401026426,NRIC,49,48,80,622.00,"49,760.00"
2020-08-24,2020082401026398,NRIC,14,42,50,621.00,"31,050.00"
2020-08-24,2020082401026395,NRIC,36,48,"1,265",622.00,"786,830.00"
2020-08-24,2020082401026394,NRIC,36,44,110,622.00,"68,420.00"
2020-08-24,2020082401026144,NTC,4,41,5,665.00,"3,325.00"
2020-08-24,2020082401026429,PCBL,59,42,50,279.00,"13,950.00"
2020-08-24,2020082401026111,PCBL,59,11,230,279.00,"64,170.00"
2020-08-24,2020082401026110,PCBL,59,49,404,279.00,"112,716.00"
2020-08-24,2020082401026097,PCBL,57,49,346,279.00,"96,534.00"
2020-08-24,2020082401026566,PFL,58,53,14,148.00,"2,072.00"
2020-08-24,2020082401026540,PIC,19,29,30,708.00,"21,240.00"
2020-08-24,2020082401026469,PIC,19,41,20,708.00,"14,160.00"
2020-08-24,2020082401026454,PIC,42,22,100,707.00,"70,700.00"
2020-08-24,2020082401026143,PIC,28,51,25,706.00,"17,650.00"
2020-08-24,2020082401026074,PIC,28,22,100,706.00,"70,600.00"
2020-08-24,2020082401026455,PICL,25,57,94,488.00,"45,872.00"
2020-08-24,2020082401026526,PLIC,28,43,80,585.00,"46,800.00"
2020-08-24,2020082401026087,PLIC,28,7,"1,330",587.00,"780,710.00"
2020-08-24,2020082401026084,PLIC,34,7,50,587.00,"29,350.00"
2020-08-24,2020082401026267,PPCL,32,6,240,115.00,"27,600.00"
2020-08-24,2020082401026488,PRIN,5,34,200,546.00,"109,200.00"
2020-08-24,2020082401026487,PRIN,14,34,150,546.00,"81,900.00"
2020-08-24,2020082401026456,PRIN,38,36,10,547.00,"5,470.00"
2020-08-24,2020082401026240,PRIN,14,48,150,546.00,"81,900.00"
2020-08-24,2020082401026239,PRIN,52,48,50,546.00,"27,300.00"
2020-08-24,2020082401026177,PRIN,43,34,100,548.00,"54,800.00"
2020-08-24,2020082401026170,PRIN,59,34,20,548.00,"10,960.00"
2020-08-24,2020082401026088,PRIN,59,42,37,548.00,"20,276.00"
2020-08-24,2020082401026549,PRVU,51,1,154,230.00,"35,420.00"
2020-08-24,2020082401026548,PRVU,51,55,70,230.00,"16,100.00"
2020-08-24,2020082401026547,PRVU,51,17,25,230.00,"5,750.00"
2020-08-24,2020082401026546,PRVU,4,17,130,230.00,"29,900.00"
2020-08-24,2020082401026545,PRVU,51,13,51,230.00,"11,730.00"
2020-08-24,2020082401026098,PRVU,57,55,340,230.00,"78,200.00"
2020-08-24,2020082401026096,PRVU,57,55,340,230.00,"78,200.00"
2020-08-24,2020082401026265,RBCL,46,26,10,"9,700.00","97,000.00"
2020-08-24,2020082401026264,RBCL,57,26,10,"9,700.00","97,000.00"
2020-08-24,2020082401026263,RBCL,55,26,10,"9,720.00","97,200.00"
2020-08-24,2020082401026262,RBCL,41,26,10,"9,721.00","97,210.00"
2020-08-24,2020082401026261,RBCL,32,26,10,"9,721.00","97,210.00"
2020-08-24,2020082401026404,RHPL,6,10,20,144.00,"2,880.00"
2020-08-24,2020082401026329,RHPL,6,41,40,144.00,"5,760.00"
2020-08-24,2020082401026512,RMDC,29,33,50,803.00,"40,150.00"
2020-08-24,2020082401026511,RMDC,29,49,129,803.00,"103,587.00"
2020-08-24,2020082401026510,RMDC,29,51,10,803.00,"8,030.00"
2020-08-24,2020082401026435,RMDC,57,32,51,801.00,"40,851.00"
2020-08-24,2020082401026081,RMDC,57,56,20,801.00,"16,020.00"
2020-08-24,2020082401026339,RRHP,35,42,10,91.00,910.00
2020-08-24,2020082401026338,RRHP,35,44,30,91.00,"2,730.00"
2020-08-24,2020082401026337,RRHP,35,1,10,91.00,910.00
2020-08-24,2020082401026336,RRHP,35,10,10,91.00,910.00
2020-08-24,2020082401026335,RRHP,35,18,10,91.00,910.00
2020-08-24,2020082401026334,RRHP,35,28,10,91.00,910.00
2020-08-24,2020082401026333,RRHP,35,53,10,91.00,910.00
2020-08-24,2020082401026229,RSDC,6,32,16,515.00,"8,240.00"
2020-08-24,2020082401026364,SANIMA,26,22,100,341.00,"34,100.00"
2020-08-24,2020082401026068,SAPDBL,25,21,200,121.00,"24,200.00"
2020-08-24,2020082401026468,SBL,43,53,686,298.00,"204,428.00"
2020-08-24,2020082401026467,SBL,29,53,50,298.00,"14,900.00"
2020-08-24,2020082401026466,SBL,26,53,100,298.00,"29,800.00"
2020-08-24,2020082401026465,SBL,42,53,200,298.00,"59,600.00"
2020-08-24,2020082401026464,SBL,14,53,464,298.00,"138,272.00"
2020-08-24,2020082401026233,SBL,14,40,118,298.00,"35,164.00"
2020-08-24,2020082401026232,SBL,42,40,330,298.00,"98,340.00"
2020-08-24,2020082401026231,SBL,57,40,100,298.00,"29,800.00"
2020-08-24,2020082401026230,SBL,41,40,452,298.00,"134,696.00"
2020-08-24,2020082401026158,SBL,41,35,141,298.00,"42,018.00"
2020-08-24,2020082401026071,SCB,25,3,300,644.00,"193,200.00"
2020-08-24,2020082401026447,SDLBSL,46,41,10,832.00,"8,320.00"
2020-08-24,2020082401026363,SDLBSL,49,29,10,831.00,"8,310.00"
2020-08-24,2020082401026284,SDLBSL,49,29,10,831.00,"8,310.00"
2020-08-24,2020082401026565,SFCL,25,28,100,154.00,"15,400.00"
2020-08-24,2020082401026292,SFCL,34,17,18,155.00,"2,790.00"
2020-08-24,2020082401026095,SFCL,36,28,100,153.00,"15,300.00"
2020-08-24,2020082401026079,SFCL,19,33,300,154.00,"46,200.00"
2020-08-24,2020082401026078,SFCL,19,33,300,154.00,"46,200.00"
2020-08-24,2020082401026077,SFCL,25,33,250,154.00,"38,500.00"
2020-08-24,2020082401026076,SFCL,29,33,100,154.00,"15,400.00"
2020-08-24,2020082401026075,SFCL,34,33,50,154.00,"7,700.00"
2020-08-24,2020082401026502,SHINE,47,35,147,237.00,"34,839.00"
2020-08-24,2020082401026501,SHINE,47,35,50,237.00,"11,850.00"
2020-08-24,2020082401026521,SHIVM,17,44,50,650.00,"32,500.00"
2020-08-24,2020082401026520,SHIVM,17,35,50,650.00,"32,500.00"
2020-08-24,2020082401026494,SHIVM,4,7,"1,000",650.00,"650,000.00"
2020-08-24,2020082401026428,SHIVM,50,14,100,649.00,"64,900.00"
2020-08-24,2020082401026427,SHIVM,4,14,200,649.00,"129,800.00"
2020-08-24,2020082401026234,SHIVM,4,44,180,649.00,"116,820.00"
2020-08-24,2020082401026186,SHIVM,4,7,120,649.00,"77,880.00"
2020-08-24,2020082401026185,SHIVM,58,7,180,649.00,"116,820.00"
2020-08-24,2020082401026093,SHIVM,58,28,500,649.00,"324,500.00"
2020-08-24,2020082401026480,SHPC,34,37,40,230.00,"9,200.00"
2020-08-24,2020082401026479,SHPC,34,45,10,230.00,"2,300.00"
2020-08-24,2020082401026243,SHPC,28,45,10,230.00,"2,300.00"
2020-08-24,2020082401026242,SHPC,28,7,12,230.00,"2,760.00"
2020-08-24,2020082401026414,SIC,36,49,25,840.00,"21,000.00"
2020-08-24,2020082401026270,SIC,49,20,20,842.00,"16,840.00"
2020-08-24,2020082401026269,SIC,49,20,138,842.00,"116,196.00"
2020-08-24,2020082401026124,SIC,49,34,20,843.00,"16,860.00"
2020-08-24,2020082401026551,SICL,7,52,200,"1,251.00","250,200.00"
2020-08-24,2020082401026171,SICL,49,42,50,"1,250.00","62,500.00"
2020-08-24,2020082401026156,SICL,49,34,26,"1,250.00","32,500.00"
2020-08-24,2020082401026530,SIL,38,10,200,673.00,"134,600.00"
2020-08-24,2020082401026492,SIL,39,10,300,673.00,"201,900.00"
2020-08-24,2020082401026474,SIL,39,33,200,673.00,"134,600.00"
2020-08-24,2020082401026241,SIL,35,41,370,674.00,"249,380.00"
2020-08-24,2020082401026216,SIL,34,7,280,671.00,"187,880.00"
2020-08-24,2020082401026215,SIL,26,7,100,671.00,"67,100.00"
2020-08-24,2020082401026091,SIL,7,41,100,674.00,"67,400.00"
2020-08-24,2020082401026214,SIL,26,7,100,671.00,"67,100.00"
2020-08-24,2020082401026213,SIL,26,7,200,672.00,"134,400.00"
2020-08-24,2020082401026212,SIL,3,7,45,672.00,"30,240.00"
2020-08-24,2020082401026211,SIL,59,7,175,672.00,"117,600.00"
2020-08-24,2020082401026210,SIL,44,7,100,673.00,"67,300.00"
2020-08-24,2020082401026126,SIL,34,41,30,674.00,"20,220.00"
2020-08-24,2020082401026458,SJCL,13,8,20,135.00,"2,700.00"
2020-08-24,2020082401026424,SJCL,13,10,20,135.00,"2,700.00"
2020-08-24,2020082401026286,SJCL,13,41,20,135.00,"2,700.00"
2020-08-24,2020082401026148,SJCL,13,49,20,135.00,"2,700.00"
2020-08-24,2020082401026147,SJCL,13,55,20,135.00,"2,700.00"
2020-08-24,2020082401026146,SJCL,13,21,10,135.00,"1,350.00"
2020-08-24,2020082401026145,SJCL,13,42,20,135.00,"2,700.00"
2020-08-24,2020082401026490,SKBBL,55,22,137,"1,305.00","178,785.00"
2020-08-24,2020082401026489,SKBBL,35,22,63,"1,306.00","82,278.00"
2020-08-24,2020082401026381,SKBBL,34,40,30,"1,313.00","39,390.00"
2020-08-24,2020082401026332,SKBBL,55,37,200,"1,305.00","261,000.00"
2020-08-24,2020082401026175,SKBBL,35,40,200,"1,306.00","261,200.00"
2020-08-24,2020082401026174,SKBBL,14,40,90,"1,308.00","117,720.00"
2020-08-24,2020082401026173,SKBBL,28,40,100,"1,310.00","131,000.00"
2020-08-24,2020082401026172,SKBBL,49,40,247,"1,310.00","323,570.00"
2020-08-24,2020082401026176,SLBBL,16,6,30,829.00,"24,870.00"
2020-08-24,2020082401026498,SLBS,49,34,12,938.00,"11,256.00"
2020-08-24,2020082401026434,SLICL,44,33,15,492.00,"7,380.00"
2020-08-24,2020082401026412,SLICL,44,57,48,492.00,"23,616.00"
2020-08-24,2020082401026383,SLICL,51,57,100,492.00,"49,200.00"
2020-08-24,2020082401026248,SLICL,21,57,299,492.00,"147,108.00"
2020-08-24,2020082401026247,SLICL,21,49,50,492.00,"24,600.00"
2020-08-24,2020082401026535,SMB,56,43,40,887.00,"35,480.00"
2020-08-24,2020082401026371,SMB,56,47,20,887.00,"17,740.00"
2020-08-24,2020082401026282,SMB,56,41,20,887.00,"17,740.00"
2020-08-24,2020082401026281,SMB,56,42,160,887.00,"141,920.00"
2020-08-24,2020082401026280,SMB,56,43,20,886.00,"17,720.00"
2020-08-24,2020082401026279,SMB,56,19,100,885.00,"88,500.00"
2020-08-24,2020082401026278,SMB,56,29,30,884.00,"26,520.00"
2020-08-24,2020082401026277,SMB,56,43,10,883.00,"8,830.00"
2020-08-24,2020082401026116,SPARS,5,56,11,880.00,"9,680.00"
2020-08-24,2020082401026391,SPDL,53,29,75,114.00,"8,550.00"
2020-08-24,2020082401026378,SPDL,53,44,10,114.00,"1,140.00"
2020-08-24,2020082401026365,SPDL,53,38,15,114.00,"1,710.00"
2020-08-24,2020082401026209,SPDL,49,47,40,113.00,"4,520.00"
2020-08-24,2020082401026194,SPDL,28,10,53,115.00,"6,095.00"
2020-08-24,2020082401026193,SPDL,28,20,10,114.00,"1,140.00"
2020-08-24,2020082401026192,SPDL,28,20,10,114.00,"1,140.00"
2020-08-24,2020082401026191,SPDL,28,52,15,114.00,"1,710.00"
2020-08-24,2020082401026190,SPDL,28,20,10,114.00,"1,140.00"
2020-08-24,2020082401026189,SPDL,28,20,10,114.00,"1,140.00"
2020-08-24,2020082401026478,SRBL,4,7,230,228.00,"52,440.00"
2020-08-24,2020082401026477,SRBL,34,7,106,228.00,"24,168.00"
2020-08-24,2020082401026476,SRBL,35,7,500,228.00,"114,000.00"
2020-08-24,2020082401026475,SRBL,53,7,900,229.00,"206,100.00"
2020-08-24,2020082401026151,SWBBL,33,53,100,"1,235.00","123,500.00"
2020-08-24,2020082401026150,SWBBL,33,41,100,"1,231.00","123,100.00"
2020-08-24,2020082401026149,SWBBL,33,44,80,"1,226.00","98,080.00"
2020-08-24,2020082401026377,TRH,49,41,20,215.00,"4,300.00"
2020-08-24,2020082401026219,TRH,57,49,300,212.00,"63,600.00"
2020-08-24,2020082401026218,TRH,57,46,140,212.00,"29,680.00"
2020-08-24,2020082401026557,UIC,19,52,100,404.00,"40,400.00"
2020-08-24,2020082401026555,UIC,19,43,100,404.00,"40,400.00"
2020-08-24,2020082401026367,UIC,41,35,200,405.00,"81,000.00"
2020-08-24,2020082401026366,UIC,57,35,390,405.00,"157,950.00"
2020-08-24,2020082401026331,UIC,38,52,100,406.00,"40,600.00"
2020-08-24,2020082401026273,UIC,26,52,100,406.00,"40,600.00"
2020-08-24,2020082401026108,UIC,57,49,50,405.00,"20,250.00"
2020-08-24,2020082401026107,UIC,55,49,60,405.00,"24,300.00"
2020-08-24,2020082401026106,UIC,16,49,100,405.00,"40,500.00"
2020-08-24,2020082401026105,UIC,33,49,100,405.00,"40,500.00"
2020-08-24,2020082401026104,UIC,32,49,500,405.00,"202,500.00"
2020-08-24,2020082401026103,UIC,39,49,480,405.00,"194,400.00"
2020-08-24,2020082401026179,UIC,57,7,"1,500",405.00,"607,500.00"
2020-08-24,2020082401026178,UIC,57,36,110,405.00,"44,550.00"
2020-08-24,2020082401026141,UIC,14,36,90,405.00,"36,450.00"
2020-08-24,2020082401026140,UIC,14,49,10,405.00,"4,050.00"
2020-08-24,2020082401026128,UIC,41,49,200,405.00,"81,000.00"
2020-08-24,2020082401026109,UIC,46,49,500,405.00,"202,500.00"
2020-08-24,2020082401026274,UPPER,10,7,40,220.00,"8,800.00"
2020-08-24,2020082401026254,UPPER,10,34,40,220.00,"8,800.00"
2020-08-24,2020082401026206,UPPER,25,42,20,221.00,"4,420.00"
2020-08-24,2020082401026382,WOMI,21,55,100,890.00,"89,000.00"
2020-08-24,2020082401025820,ACLBSL,51,6,10,714.00,"7,140.00"
2020-08-24,2020082401026045,ADBL,37,6,598,419.00,"250,562.00"
2020-08-24,2020082401026044,ADBL,37,17,20,419.00,"8,380.00"
2020-08-24,2020082401025629,AHPC,14,29,70,93.00,"6,510.00"
2020-08-24,2020082401026036,AIL,47,52,10,503.00,"5,030.00"
2020-08-24,2020082401026035,AIL,47,22,10,503.00,"5,030.00"
2020-08-24,2020082401026034,AIL,47,18,10,503.00,"5,030.00"
2020-08-24,2020082401026028,AIL,52,41,10,502.00,"5,020.00"
2020-08-24,2020082401025977,AIL,57,19,10,501.00,"5,010.00"
2020-08-24,2020082401025919,AIL,42,55,10,502.00,"5,020.00"
2020-08-24,2020082401025660,AIL,21,56,10,501.00,"5,010.00"
2020-08-24,2020082401025617,AIL,21,51,10,501.00,"5,010.00"
2020-08-24,2020082401025585,AIL,21,16,10,501.00,"5,010.00"
2020-08-24,2020082401025810,AIL,57,1,10,501.00,"5,010.00"
2020-08-24,2020082401025777,AIL,50,35,10,500.00,"5,000.00"
2020-08-24,2020082401025763,AIL,50,1,10,500.00,"5,000.00"
2020-08-24,2020082401025725,AIL,50,56,10,500.00,"5,000.00"
2020-08-24,2020082401025700,AIL,50,57,290,500.00,"145,000.00"
2020-08-24,2020082401025699,AIL,21,57,210,501.00,"105,210.00"
2020-08-24,2020082401025902,AIL,41,46,10,502.00,"5,020.00"
2020-08-24,2020082401025901,AIL,41,6,10,502.00,"5,020.00"
2020-08-24,2020082401025853,AIL,57,41,10,501.00,"5,010.00"
2020-08-24,2020082401025851,AIL,57,35,10,501.00,"5,010.00"
2020-08-24,2020082401025838,AIL,57,52,10,501.00,"5,010.00"
2020-08-24,2020082401025821,AIL,57,35,10,501.00,"5,010.00"
2020-08-24,2020082401025817,ALBSL,13,49,11,694.00,"7,634.00"
2020-08-24,2020082401025816,ALBSL,13,47,20,693.00,"13,860.00"
2020-08-24,2020082401025815,ALBSL,13,1,11,693.00,"7,623.00"
2020-08-24,2020082401025814,ALBSL,13,22,11,692.00,"7,612.00"
2020-08-24,2020082401025676,ALBSL,56,11,11,690.00,"7,590.00"
2020-08-24,2020082401025659,ALBSL,56,16,11,690.00,"7,590.00"
2020-08-24,2020082401026064,ALICL,48,16,100,669.00,"66,900.00"
2020-08-24,2020082401026001,ALICL,59,44,100,670.00,"67,000.00"
2020-08-24,2020082401025988,ALICL,48,52,295,669.00,"197,355.00"
2020-08-24,2020082401025709,ALICL,48,14,78,669.00,"52,182.00"
2020-08-24,2020082401025570,ALICL,13,59,100,670.00,"67,000.00"
2020-08-24,2020082401025733,CBBL,47,39,48,"1,088.00","52,224.00"
2020-08-24,2020082401025580,CBBL,25,57,10,"1,085.00","10,850.00"
2020-08-24,2020082401025638,CCBL,40,13,54,173.00,"9,342.00"
2020-08-24,2020082401025637,CCBL,56,13,43,173.00,"7,439.00"
2020-08-24,2020082401026002,CIT,11,43,20,"2,881.00","57,620.00"
2020-08-24,2020082401025892,CIT,34,17,30,"2,880.00","86,400.00"
2020-08-24,2020082401025804,CIT,34,39,20,"2,880.00","57,600.00"
2020-08-24,2020082401025802,CIT,33,34,10,"2,880.00","28,800.00"
2020-08-24,2020082401025606,CIT,43,43,10,"2,880.00","28,800.00"
2020-08-24,2020082401025605,CIT,43,43,10,"2,880.00","28,800.00"
2020-08-24,2020082401025586,CIT,25,43,10,"2,881.00","28,810.00"
2020-08-24,2020082401025592,CIT,13,43,220,"2,880.00","633,600.00"
2020-08-24,2020082401025591,CIT,37,43,100,"2,881.00","288,100.00"
2020-08-24,2020082401025590,CIT,42,43,20,"2,881.00","57,620.00"
2020-08-24,2020082401025589,CIT,7,43,100,"2,881.00","288,100.00"
2020-08-24,2020082401025588,CIT,37,43,250,"2,881.00","720,250.00"
2020-08-24,2020082401025587,CIT,34,43,10,"2,881.00","28,810.00"
2020-08-24,2020082401025598,CIT,1,43,50,"2,880.00","144,000.00"
2020-08-24,2020082401025597,CIT,10,43,10,"2,880.00","28,800.00"
2020-08-24,2020082401025596,CIT,50,43,40,"2,880.00","115,200.00"
2020-08-24,2020082401025595,CIT,36,43,30,"2,880.00","86,400.00"
2020-08-24,2020082401025594,CIT,38,43,100,"2,880.00","288,000.00"
2020-08-24,2020082401025593,CIT,32,43,10,"2,880.00","28,800.00"
2020-08-24,2020082401025604,CIT,57,43,20,"2,880.00","57,600.00"
2020-08-24,2020082401025603,CIT,5,43,50,"2,880.00","144,000.00"
2020-08-24,2020082401025602,CIT,51,43,20,"2,880.00","57,600.00"
2020-08-24,2020082401025601,CIT,16,43,100,"2,880.00","288,000.00"
2020-08-24,2020082401025600,CIT,45,43,20,"2,880.00","57,600.00"
2020-08-24,2020082401025599,CIT,13,43,20,"2,880.00","57,600.00"
2020-08-24,2020082401025956,CLBSL,34,26,26,690.00,"17,940.00"
2020-08-24,2020082401025852,CMF1,51,38,200,10.16,"2,032.00"
2020-08-24,2020082401025955,CZBIL,25,59,10,194.00,"1,940.00"
2020-08-24,2020082401025801,CZBIL,25,32,100,194.00,"19,400.00"
2020-08-24,2020082401025765,CZBIL,25,32,100,194.00,"19,400.00"
2020-08-24,2020082401025658,DDBL,35,7,150,848.00,"127,200.00"
2020-08-24,2020082401025626,EBL,58,28,65,717.00,"46,605.00"
2020-08-24,2020082401025625,EBL,39,28,100,717.00,"71,700.00"
2020-08-24,2020082401025624,EBL,34,28,34,717.00,"24,378.00"
2020-08-24,2020082401025998,EIC,48,7,100,476.00,"47,600.00"
2020-08-24,2020082401025909,EIC,29,32,80,477.00,"38,160.00"
2020-08-24,2020082401025908,EIC,29,54,20,477.00,"9,540.00"
2020-08-24,2020082401025906,EIC,48,52,500,476.00,"238,000.00"
2020-08-24,2020082401025844,EIC,48,26,20,476.00,"9,520.00"
2020-08-24,2020082401025686,EIC,48,5,146,476.00,"69,496.00"
2020-08-24,2020082401025685,EIC,1,5,20,477.00,"9,540.00"
2020-08-24,2020082401025684,EIC,22,5,100,477.00,"47,700.00"
2020-08-24,2020082401025683,EIC,48,5,234,477.00,"111,618.00"
2020-08-24,2020082401025656,EIC,48,7,"1,000",477.00,"477,000.00"
2020-08-24,2020082401025628,EIC,51,41,190,478.00,"90,820.00"
2020-08-24,2020082401026025,FMDBL,59,42,50,539.00,"26,950.00"
2020-08-24,2020082401025812,FMDBL,32,36,50,539.00,"26,950.00"
2020-08-24,2020082401025811,FMDBL,32,35,16,539.00,"8,624.00"
2020-08-24,2020082401025922,GBBL,40,46,200,237.00,"47,400.00"
2020-08-24,2020082401025672,GBBL,42,19,11,236.00,"2,596.00"
2020-08-24,2020082401025671,GBBL,34,19,70,236.00,"16,520.00"
2020-08-24,2020082401025670,GBBL,36,19,19,237.00,"4,503.00"
2020-08-24,2020082401025994,GBIME,59,34,69,250.00,"17,250.00"
2020-08-24,2020082401025973,GBIME,35,34,500,250.00,"125,000.00"
2020-08-24,2020082401025972,GBIME,13,34,111,250.00,"27,750.00"
2020-08-24,2020082401025971,GBIME,57,34,200,250.00,"50,000.00"
2020-08-24,2020082401025970,GBIME,35,34,50,250.00,"12,500.00"
2020-08-24,2020082401025969,GBIME,36,34,"3,000",250.00,"750,000.00"
2020-08-24,2020082401025767,GBIME,38,16,200,251.00,"50,200.00"
2020-08-24,2020082401025692,GBIME,49,14,200,252.00,"50,400.00"
2020-08-24,2020082401025917,GBIME,14,16,50,251.00,"12,550.00"
2020-08-24,2020082401025904,GBIME,51,16,50,251.00,"12,550.00"
2020-08-24,2020082401025771,GBIME,57,16,100,251.00,"25,100.00"
2020-08-24,2020082401025770,GBIME,10,16,200,251.00,"50,200.00"
2020-08-24,2020082401025769,GBIME,32,16,500,251.00,"125,500.00"
2020-08-24,2020082401025768,GBIME,14,16,100,251.00,"25,100.00"
2020-08-24,2020082401025962,GBIME,48,34,500,250.00,"125,000.00"
2020-08-24,2020082401025961,GBIME,17,34,"1,800",250.00,"450,000.00"
2020-08-24,2020082401025960,GBIME,48,34,500,250.00,"125,000.00"
2020-08-24,2020082401025959,GBIME,45,34,300,250.00,"75,000.00"
2020-08-24,2020082401025958,GBIME,44,34,100,250.00,"25,000.00"
2020-08-24,2020082401025957,GBIME,14,34,50,251.00,"12,550.00"
2020-08-24,2020082401025968,GBIME,29,34,"1,000",250.00,"250,000.00"
2020-08-24,2020082401025967,GBIME,21,34,500,250.00,"125,000.00"
2020-08-24,2020082401025966,GBIME,34,34,20,250.00,"5,000.00"
2020-08-24,2020082401025965,GBIME,41,34,100,250.00,"25,000.00"
2020-08-24,2020082401025964,GBIME,34,34,100,250.00,"25,000.00"
2020-08-24,2020082401025963,GBIME,22,34,100,250.00,"25,000.00"
2020-08-24,2020082401025754,GBLBS,46,56,15,492.00,"7,380.00"
2020-08-24,2020082401025705,GBLBS,36,25,"1,000",492.00,"492,000.00"
2020-08-24,2020082401025704,GBLBS,34,25,260,492.00,"127,920.00"
2020-08-24,2020082401025703,GBLBS,29,25,200,493.00,"98,600.00"
2020-08-24,2020082401025702,GBLBS,22,25,100,493.00,"49,300.00"
