Date,Transact. No.,Symbol,Buyer,Seller,Quantity,Rate,Amount
2019-01-02,2019010201003265,ADBL,52,43,62,345.00,"21,390.00"
2019-01-02,2019010201003246,ADBL,52,43,138,345.00,"47,610.00"
2019-01-02,2019010201003245,ADBL,43,43,22,345.00,"7,590.00"
2019-01-02,2019010201003222,ADBL,43,43,18,345.00,"6,210.00"
2019-01-02,2019010201003221,ADBL,38,43,100,345.00,"34,500.00"
2019-01-02,2019010201002993,ADBL,6,43,199,345.00,"68,655.00"
2019-01-02,2019010201002889,ADBL,6,43,294,345.00,"101,430.00"
2019-01-02,2019010201003220,ADBL,52,43,12,345.00,"4,140.00"
2019-01-02,2019010201003177,ADBL,11,10,100,346.00,"34,600.00"
2019-01-02,2019010201003011,ADBL,52,43,38,345.00,"13,110.00"
2019-01-02,2019010201003118,AKJCL,21,42,20,96.00,"1,920.00"
2019-01-02,2019010201003368,ALICL,28,18,100,603.00,"60,300.00"
2019-01-02,2019010201003367,ALICL,57,18,200,603.00,"120,600.00"
2019-01-02,2019010201003366,ALICL,13,18,250,603.00,"150,750.00"
2019-01-02,2019010201003365,ALICL,50,18,50,604.00,"30,200.00"
2019-01-02,2019010201003364,ALICL,56,18,100,604.00,"60,400.00"
2019-01-02,2019010201003363,ALICL,52,18,90,604.00,"54,360.00"
2019-01-02,2019010201003328,ALICL,52,56,10,604.00,"6,040.00"
2019-01-02,2019010201003327,ALICL,57,56,30,605.00,"18,150.00"
2019-01-02,2019010201003326,ALICL,51,56,10,605.00,"6,050.00"
2019-01-02,2019010201002974,ALICL,51,56,600,605.00,"363,000.00"
2019-01-02,2019010201002893,ALICL,41,56,100,606.00,"60,600.00"
2019-01-02,2019010201002992,AMFI,19,38,200,730.00,"146,000.00"
2019-01-02,2019010201003339,API,42,51,50,153.00,"7,650.00"
2019-01-02,2019010201003163,API,28,51,100,153.00,"15,300.00"
2019-01-02,2019010201003082,API,6,51,200,153.00,"30,600.00"
2019-01-02,2019010201002940,API,25,38,18,155.00,"2,790.00"
2019-01-02,2019010201003150,BBC,48,58,17,"1,700.00","28,900.00"
2019-01-02,2019010201003113,BOKL,59,41,70,329.00,"23,030.00"
2019-01-02,2019010201003112,BOKL,59,49,20,329.00,"6,580.00"
2019-01-02,2019010201002963,BOKL,47,46,123,327.00,"40,221.00"
2019-01-02,2019010201002962,BOKL,54,46,30,328.00,"9,840.00"
2019-01-02,2019010201003196,BPCL,11,6,30,375.00,"11,250.00"
2019-01-02,2019010201003195,BPCL,11,58,25,375.00,"9,375.00"
2019-01-02,2019010201003098,BPCL,22,33,23,374.00,"8,602.00"
2019-01-02,2019010201003097,BPCL,22,28,255,374.00,"95,370.00"
2019-01-02,2019010201003081,BPCL,22,22,100,373.00,"37,300.00"
2019-01-02,2019010201003080,BPCL,28,22,20,373.00,"7,460.00"
2019-01-02,2019010201002983,BPCL,50,28,500,374.00,"187,000.00"
2019-01-02,2019010201003215,CBBL,45,37,530,856.00,"453,680.00"
2019-01-02,2019010201003214,CBBL,45,1,20,856.00,"17,120.00"
2019-01-02,2019010201003168,CBBL,45,1,20,856.00,"17,120.00"
2019-01-02,2019010201003162,CBBL,45,26,180,853.00,"153,540.00"
2019-01-02,2019010201003161,CBBL,33,26,20,853.00,"17,060.00"
2019-01-02,2019010201002981,CBBL,6,26,100,855.00,"85,500.00"
2019-01-02,2019010201002967,CBBL,33,19,50,853.00,"42,650.00"
2019-01-02,2019010201003159,CBL,44,6,433,163.00,"70,579.00"
2019-01-02,2019010201003128,CBL,44,52,567,163.00,"92,421.00"
2019-01-02,2019010201003025,CBL,33,57,"1,315",162.00,"213,030.00"
2019-01-02,2019010201003024,CBL,6,57,185,162.00,"29,970.00"
2019-01-02,2019010201002999,CBL,11,52,300,163.00,"48,900.00"
2019-01-02,2019010201003333,CCBL,34,32,11,172.00,"1,892.00"
2019-01-02,2019010201003332,CCBL,34,43,89,172.00,"15,308.00"
2019-01-02,2019010201003294,CCBL,34,1,224,171.00,"38,304.00"
2019-01-02,2019010201003003,CCBL,34,1,420,171.00,"71,820.00"
2019-01-02,2019010201003002,CCBL,34,20,80,171.00,"13,680.00"
2019-01-02,2019010201002994,CCBL,37,20,500,171.00,"85,500.00"
2019-01-02,2019010201002903,CCBL,21,6,190,171.00,"32,490.00"
2019-01-02,2019010201003355,CHCL,11,45,400,675.00,"270,000.00"
2019-01-02,2019010201003354,CHCL,35,45,500,675.00,"337,500.00"
2019-01-02,2019010201003353,CHCL,14,45,100,676.00,"67,600.00"
2019-01-02,2019010201003352,CHCL,54,45,50,676.00,"33,800.00"
2019-01-02,2019010201003351,CHCL,35,45,100,676.00,"67,600.00"
2019-01-02,2019010201003350,CHCL,51,45,100,676.00,"67,600.00"
2019-01-02,2019010201002892,CHCL,55,21,50,678.00,"33,900.00"
2019-01-02,2019010201002891,CHCL,25,21,50,679.00,"33,950.00"
2019-01-02,2019010201002885,CHCL,25,21,50,679.00,"33,950.00"
2019-01-02,2019010201002884,CHCL,32,21,50,679.00,"33,950.00"
2019-01-02,2019010201002933,CHCL,6,48,20,679.00,"13,580.00"
2019-01-02,2019010201002932,CHCL,21,48,100,679.00,"67,900.00"
2019-01-02,2019010201002931,CHCL,13,20,50,680.00,"34,000.00"
2019-01-02,2019010201002905,CHCL,21,20,100,680.00,"68,000.00"
2019-01-02,2019010201002901,CHCL,45,20,100,680.00,"68,000.00"
2019-01-02,2019010201002898,CHCL,55,51,250,678.00,"169,500.00"
2019-01-02,2019010201002942,CHCL,35,17,30,678.00,"20,340.00"
2019-01-02,2019010201002941,CHCL,57,17,20,678.00,"13,560.00"
2019-01-02,2019010201002939,CHCL,28,20,16,680.00,"10,880.00"
2019-01-02,2019010201002936,CHCL,57,48,80,678.00,"54,240.00"
2019-01-02,2019010201002935,CHCL,55,48,200,678.00,"135,600.00"
2019-01-02,2019010201002934,CHCL,6,48,100,679.00,"67,900.00"
2019-01-02,2019010201002968,CHCL,1,25,88,677.00,"59,576.00"
2019-01-02,2019010201002959,CHCL,48,6,150,679.00,"101,850.00"
2019-01-02,2019010201002958,CHCL,43,6,200,679.00,"135,800.00"
2019-01-02,2019010201002945,CHCL,1,17,40,677.00,"27,080.00"
2019-01-02,2019010201002944,CHCL,56,17,10,677.00,"6,770.00"
2019-01-02,2019010201002943,CHCL,21,17,100,678.00,"67,800.00"
2019-01-02,2019010201003037,CHCL,53,54,38,677.00,"25,726.00"
2019-01-02,2019010201003036,CHCL,11,54,88,677.00,"59,576.00"
2019-01-02,2019010201003035,CHCL,54,54,50,678.00,"33,900.00"
2019-01-02,2019010201003033,CHCL,49,6,300,679.00,"203,700.00"
2019-01-02,2019010201002970,CHCL,11,25,212,677.00,"143,524.00"
2019-01-02,2019010201002969,CHCL,57,25,200,677.00,"135,400.00"
2019-01-02,2019010201003158,CHCL,50,6,50,678.00,"33,900.00"
2019-01-02,2019010201003157,CHCL,35,47,20,678.00,"13,560.00"
2019-01-02,2019010201003151,CHCL,46,47,50,678.00,"33,900.00"
2019-01-02,2019010201003131,CHCL,45,47,25,678.00,"16,950.00"
2019-01-02,2019010201003045,CHCL,55,46,79,676.00,"53,404.00"
2019-01-02,2019010201003038,CHCL,55,54,179,676.00,"121,004.00"
2019-01-02,2019010201003235,CHCL,34,19,41,677.00,"27,757.00"
2019-01-02,2019010201003234,CHCL,58,19,10,677.00,"6,770.00"
2019-01-02,2019010201003233,CHCL,51,19,100,677.00,"67,700.00"
2019-01-02,2019010201003232,CHCL,52,13,50,678.00,"33,900.00"
2019-01-02,2019010201003231,CHCL,52,6,50,678.00,"33,900.00"
2019-01-02,2019010201003223,CHCL,57,6,100,678.00,"67,800.00"
2019-01-02,2019010201003281,CHCL,22,13,50,677.00,"33,850.00"
2019-01-02,2019010201003280,CHCL,34,13,59,677.00,"39,943.00"
2019-01-02,2019010201003279,CHCL,37,13,50,678.00,"33,900.00"
2019-01-02,2019010201003270,CHCL,50,13,10,678.00,"6,780.00"
2019-01-02,2019010201003253,CHCL,34,59,100,677.00,"67,700.00"
2019-01-02,2019010201003249,CHCL,32,13,20,678.00,"13,560.00"
2019-01-02,2019010201003320,CHCL,55,6,242,676.00,"163,592.00"
2019-01-02,2019010201003319,CHCL,54,6,50,677.00,"33,850.00"
2019-01-02,2019010201003318,CHCL,58,6,10,677.00,"6,770.00"
2019-01-02,2019010201003317,CHCL,19,6,59,677.00,"39,943.00"
2019-01-02,2019010201003283,CHCL,19,13,41,677.00,"27,757.00"
2019-01-02,2019010201003282,CHCL,34,13,50,677.00,"33,850.00"
2019-01-02,2019010201003349,CHCL,32,45,72,676.00,"48,672.00"
2019-01-02,2019010201003348,CHCL,32,45,59,676.00,"39,884.00"
2019-01-02,2019010201003347,CHCL,57,45,66,676.00,"44,616.00"
2019-01-02,2019010201003346,CHCL,1,45,50,677.00,"33,850.00"
2019-01-02,2019010201003322,CHCL,57,6,84,676.00,"56,784.00"
2019-01-02,2019010201003321,CHCL,37,6,100,676.00,"67,600.00"
2019-01-02,2019010201003084,CIT,25,34,100,"2,108.00","210,800.00"
2019-01-02,2019010201002957,CIT,19,37,18,"2,123.00","38,214.00"
2019-01-02,2019010201002929,CIT,45,34,50,"2,115.00","105,750.00"
2019-01-02,2019010201003091,CLBSL,34,4,24,687.00,"16,488.00"
2019-01-02,2019010201003016,CLBSL,34,44,26,687.00,"17,862.00"
2019-01-02,2019010201003001,CLBSL,54,44,10,691.00,"6,910.00"
2019-01-02,2019010201003000,CLBSL,57,44,25,692.00,"17,300.00"
2019-01-02,2019010201003119,CZBIL,7,57,50,213.00,"10,650.00"
2019-01-02,2019010201002921,CZBIL,42,36,116,211.00,"24,476.00"
2019-01-02,2019010201002887,CZBIL,42,33,10,211.00,"2,110.00"
2019-01-02,2019010201002953,DBBL,57,32,10,129.00,"1,290.00"
2019-01-02,2019010201003074,DDBL,16,25,79,640.00,"50,560.00"
2019-01-02,2019010201003029,DDBL,16,6,21,640.00,"13,440.00"
2019-01-02,2019010201003095,EBL,25,57,40,542.00,"21,680.00"
2019-01-02,2019010201003293,FMDBL,28,33,12,385.00,"4,620.00"
2019-01-02,2019010201003276,FMDBL,28,19,31,384.00,"11,904.00"
2019-01-02,2019010201003166,FMDBL,53,57,50,377.00,"18,850.00"
2019-01-02,2019010201003083,FMDBL,28,29,25,383.00,"9,575.00"
2019-01-02,2019010201002966,FMDBL,53,57,50,377.00,"18,850.00"
2019-01-02,2019010201002952,FMDBL,33,53,28,381.00,"10,668.00"
2019-01-02,2019010201002875,FMDBL,47,57,50,376.00,"18,800.00"
2019-01-02,2019010201002874,FMDBL,53,57,50,376.00,"18,800.00"
2019-01-02,2019010201002873,FMDBL,48,57,100,380.00,"38,000.00"
2019-01-02,2019010201002880,FOWAD,42,43,26,"1,505.00","39,130.00"
2019-01-02,2019010201002879,FOWAD,42,37,73,"1,500.00","109,500.00"
2019-01-02,2019010201002878,FOWAD,42,59,39,"1,500.00","58,500.00"
2019-01-02,2019010201003216,GBIME,19,42,80,270.00,"21,600.00"
2019-01-02,2019010201003132,GBIME,7,49,50,271.00,"13,550.00"
2019-01-02,2019010201003111,GBIME,55,49,100,271.00,"27,100.00"
2019-01-02,2019010201003105,GBIME,19,6,298,270.00,"80,460.00"
2019-01-02,2019010201003104,GBIME,17,6,200,270.00,"54,000.00"
2019-01-02,2019010201003103,GBIME,33,6,200,270.00,"54,000.00"
2019-01-02,2019010201003054,GBIME,37,6,200,270.00,"54,000.00"
2019-01-02,2019010201003053,GBIME,53,6,200,270.00,"54,000.00"
2019-01-02,2019010201003052,GBIME,57,6,482,270.00,"130,140.00"
2019-01-02,2019010201003030,GBIME,29,49,200,271.00,"54,200.00"
2019-01-02,2019010201003102,GBIME,56,6,100,270.00,"27,000.00"
2019-01-02,2019010201003101,GBIME,33,6,202,270.00,"54,540.00"
2019-01-02,2019010201003085,GBIME,55,49,100,271.00,"27,100.00"
2019-01-02,2019010201003057,GBIME,1,49,192,271.00,"52,032.00"
2019-01-02,2019010201003056,GBIME,33,6,18,270.00,"4,860.00"
2019-01-02,2019010201003055,GBIME,19,6,100,270.00,"27,000.00"
2019-01-02,2019010201003340,GBLBS,42,6,50,435.00,"21,750.00"
2019-01-02,2019010201003269,GBLBS,32,43,10,434.00,"4,340.00"
2019-01-02,2019010201003218,GBLBS,32,4,10,434.00,"4,340.00"
2019-01-02,2019010201003201,GBLBS,32,51,20,434.00,"8,680.00"
2019-01-02,2019010201002990,GBLBS,32,33,190,434.00,"82,460.00"
2019-01-02,2019010201002989,GBLBS,1,33,100,434.00,"43,400.00"
2019-01-02,2019010201002988,GBLBS,19,33,130,435.00,"56,550.00"
2019-01-02,2019010201002987,GBLBS,49,33,100,436.00,"43,600.00"
2019-01-02,2019010201002986,GBLBS,52,33,100,436.00,"43,600.00"
2019-01-02,2019010201002985,GBLBS,47,33,30,436.00,"13,080.00"
2019-01-02,2019010201002984,GBLBS,39,33,80,436.00,"34,880.00"
2019-01-02,2019010201003268,GILB,39,17,19,"1,130.00","21,470.00"
2019-01-02,2019010201003267,GILB,39,17,19,"1,130.00","21,470.00"
2019-01-02,2019010201003266,GILB,39,17,19,"1,125.00","21,375.00"
2019-01-02,2019010201003032,GLICL,58,7,500,718.00,"359,000.00"
2019-01-02,2019010201003031,GLICL,22,7,300,719.00,"215,700.00"
2019-01-02,2019010201002918,GLICL,22,56,200,719.00,"143,800.00"
2019-01-02,2019010201003251,GUFL,47,19,881,101.00,"88,981.00"
2019-01-02,2019010201003250,GUFL,14,19,96,103.00,"9,888.00"
2019-01-02,2019010201003206,HBL,16,7,"1,000",475.00,"475,000.00"
2019-01-02,2019010201003205,HBL,52,7,100,475.00,"47,500.00"
2019-01-02,2019010201003204,HBL,25,7,50,476.00,"23,800.00"
2019-01-02,2019010201002978,HBL,48,58,10,477.00,"4,770.00"
2019-01-02,2019010201002977,HBL,41,58,20,477.00,"9,540.00"
2019-01-02,2019010201003285,HGI,53,16,480,400.00,"192,000.00"
2019-01-02,2019010201003284,HGI,29,16,20,401.00,"8,020.00"
2019-01-02,2019010201003226,HGI,6,46,200,401.00,"80,200.00"
2019-01-02,2019010201003225,HGI,29,46,200,401.00,"80,200.00"
2019-01-02,2019010201003224,HGI,41,46,100,401.00,"40,100.00"
2019-01-02,2019010201002897,HGI,39,42,100,401.00,"40,100.00"
2019-01-02,2019010201003106,HIDCL,29,22,100,151.00,"15,100.00"
2019-01-02,2019010201003023,HIDCL,39,11,19,152.00,"2,888.00"
2019-01-02,2019010201003022,HIDCL,39,1,56,152.00,"8,512.00"
2019-01-02,2019010201003311,IGI,22,37,50,474.00,"23,700.00"
2019-01-02,2019010201003291,IGI,53,37,100,475.00,"47,500.00"
2019-01-02,2019010201003290,IGI,55,37,100,475.00,"47,500.00"
2019-01-02,2019010201003289,IGI,43,37,100,477.00,"47,700.00"
2019-01-02,2019010201003288,IGI,43,37,100,477.00,"47,700.00"
2019-01-02,2019010201002890,IGI,42,37,50,483.00,"24,150.00"
2019-01-02,2019010201002956,JBBL,28,17,12,134.00,"1,608.00"
2019-01-02,2019010201002882,JBBL,32,32,2,134.00,268.00
2019-01-02,2019010201003315,JBNL,17,59,70,169.00,"11,830.00"
2019-01-02,2019010201003314,JBNL,43,59,930,169.00,"157,170.00"
2019-01-02,2019010201003312,JBNL,29,11,300,170.00,"51,000.00"
2019-01-02,2019010201003137,JBNL,43,46,70,169.00,"11,830.00"
2019-01-02,2019010201002991,JBNL,45,45,"3,240",169.00,"547,560.00"
2019-01-02,2019010201002954,JBNL,58,11,100,170.00,"17,000.00"
2019-01-02,2019010201003026,JBNLPO,26,50,"13,624",121.00,"1,648,504.00"
2019-01-02,2019010201003130,JEFL,32,22,"1,000",112.00,"112,000.00"
2019-01-02,2019010201003129,JEFL,32,58,500,112.00,"56,000.00"
2019-01-02,2019010201002872,JEFL,13,22,100,111.00,"11,100.00"
2019-01-02,2019010201003061,JSLBB,55,59,18,"2,615.00","47,070.00"
2019-01-02,2019010201003202,KBL,21,1,300,245.00,"73,500.00"
2019-01-02,2019010201003139,KBL,52,1,200,245.00,"49,000.00"
2019-01-02,2019010201003138,KBL,52,34,300,245.00,"73,500.00"
2019-01-02,2019010201002964,KBL,11,34,200,245.00,"49,000.00"
2019-01-02,2019010201003334,KMCDB,22,50,70,"1,104.00","77,280.00"
2019-01-02,2019010201003160,KMCDB,48,57,10,"1,105.00","11,050.00"
2019-01-02,2019010201002996,KMCDB,48,55,17,"1,100.00","18,700.00"
2019-01-02,2019010201002995,KMCDB,48,19,15,"1,099.00","16,485.00"
2019-01-02,2019010201003167,KMFL,5,51,30,976.00,"29,280.00"
2019-01-02,2019010201002894,KPCL,14,33,10,101.00,"1,010.00"
2019-01-02,2019010201003362,KSBBL,37,32,10,138.00,"1,380.00"
2019-01-02,2019010201002930,KSBBL,34,57,500,137.00,"68,500.00"
2019-01-02,2019010201003092,LBBL,21,22,101,171.00,"17,271.00"
2019-01-02,2019010201003198,LBL,5,17,"1,033",221.00,"228,293.00"
2019-01-02,2019010201003165,LBL,5,17,967,221.00,"213,707.00"
2019-01-02,2019010201003164,LBL,51,17,200,221.00,"44,200.00"
2019-01-02,2019010201003076,LBL,11,49,54,222.00,"11,988.00"
2019-01-02,2019010201002997,LBL,11,1,125,222.00,"27,750.00"
2019-01-02,2019010201002982,LBL,11,17,71,222.00,"15,762.00"
2019-01-02,2019010201003292,LGIL,43,19,10,542.00,"5,420.00"
2019-01-02,2019010201003180,LGIL,45,14,271,536.00,"145,256.00"
2019-01-02,2019010201003117,LGIL,48,14,200,536.00,"107,200.00"
2019-01-02,2019010201003116,LGIL,1,14,50,536.00,"26,800.00"
2019-01-02,2019010201003115,LGIL,32,14,50,536.00,"26,800.00"
2019-01-02,2019010201003114,LGIL,34,14,100,537.00,"53,700.00"
2019-01-02,2019010201003047,LGIL,11,37,200,537.00,"107,400.00"
2019-01-02,2019010201003046,LGIL,19,37,300,538.00,"161,400.00"
2019-01-02,2019010201003359,MEGA,57,42,763,173.00,"131,999.00"
2019-01-02,2019010201003358,MEGA,29,42,50,173.00,"8,650.00"
2019-01-02,2019010201003357,MEGA,13,42,"1,000",173.00,"173,000.00"
2019-01-02,2019010201003356,MEGA,56,42,91,173.00,"15,743.00"
2019-01-02,2019010201003274,MEGA,43,42,11,175.00,"1,925.00"
2019-01-02,2019010201003273,MEGA,43,46,159,174.00,"27,666.00"
2019-01-02,2019010201003090,MEGA,25,46,30,174.00,"5,220.00"
2019-01-02,2019010201003089,MEGA,25,19,70,174.00,"12,180.00"
2019-01-02,2019010201003370,MERO,58,39,15,"1,045.00","15,675.00"
2019-01-02,2019010201003238,MERO,13,54,16,"1,050.00","16,800.00"
2019-01-02,2019010201003237,MERO,13,54,16,"1,050.00","16,800.00"
2019-01-02,2019010201003049,MERO,45,1,50,"1,050.00","52,500.00"
2019-01-02,2019010201003048,MERO,45,35,115,"1,050.00","120,750.00"
2019-01-02,2019010201003200,MLBL,50,58,"1,173",169.00,"198,237.00"
2019-01-02,2019010201003199,MLBL,17,58,110,169.00,"18,590.00"
2019-01-02,2019010201003240,MNBBL,25,14,500,352.00,"176,000.00"
2019-01-02,2019010201003210,MNBBL,25,14,500,352.00,"176,000.00"
2019-01-02,2019010201003174,MNBBL,37,38,25,350.00,"8,750.00"
2019-01-02,2019010201003073,MNBBL,41,38,100,350.00,"35,000.00"
2019-01-02,2019010201003072,MNBBL,16,38,50,350.00,"17,500.00"
2019-01-02,2019010201003071,MNBBL,29,38,117,350.00,"40,950.00"
2019-01-02,2019010201003324,NABIL,45,17,950,850.00,"807,500.00"
2019-01-02,2019010201003323,NABIL,39,17,13,851.00,"11,063.00"
2019-01-02,2019010201003207,NABIL,19,17,200,852.00,"170,400.00"
2019-01-02,2019010201003044,NABIL,19,40,28,853.00,"23,884.00"
2019-01-02,2019010201002973,NABIL,45,45,29,850.00,"24,650.00"
2019-01-02,2019010201002972,NABIL,47,45,290,850.00,"246,500.00"
2019-01-02,2019010201002971,NABIL,45,45,20,850.00,"17,000.00"
2019-01-02,2019010201003070,NADEP,19,56,23,786.00,"18,078.00"
2019-01-02,2019010201003063,NADEP,22,56,20,792.00,"15,840.00"
2019-01-02,2019010201003069,NADEP,19,56,20,786.00,"15,720.00"
2019-01-02,2019010201003068,NADEP,51,56,10,786.00,"7,860.00"
2019-01-02,2019010201003067,NADEP,33,56,100,788.00,"78,800.00"
2019-01-02,2019010201003066,NADEP,14,56,17,789.00,"13,413.00"
2019-01-02,2019010201003065,NADEP,59,56,60,790.00,"47,400.00"
2019-01-02,2019010201003064,NADEP,19,56,50,791.00,"39,550.00"
2019-01-02,2019010201002904,NBB,17,6,267,191.00,"50,997.00"
2019-01-02,2019010201003331,NBL,43,34,10,307.00,"3,070.00"
2019-01-02,2019010201003295,NBL,5,56,500,306.00,"153,000.00"
2019-01-02,2019010201003260,NBL,57,4,180,306.00,"55,080.00"
2019-01-02,2019010201003236,NBL,57,49,50,306.00,"15,300.00"
2019-01-02,2019010201003182,NBL,57,56,64,306.00,"19,584.00"
2019-01-02,2019010201003176,NBL,14,56,436,306.00,"133,416.00"
2019-01-02,2019010201002877,NBL,17,13,900,306.00,"275,400.00"
2019-01-02,2019010201002876,NBL,17,42,120,306.00,"36,720.00"
2019-01-02,2019010201003175,NBL,14,56,64,306.00,"19,584.00"
2019-01-02,2019010201003143,NBL,10,56,436,306.00,"133,416.00"
2019-01-02,2019010201003142,NBL,10,25,64,306.00,"19,584.00"
2019-01-02,2019010201002920,NBL,17,25,730,306.00,"223,380.00"
2019-01-02,2019010201002900,NBL,17,25,200,306.00,"61,200.00"
2019-01-02,2019010201002886,NBL,17,56,50,306.00,"15,300.00"
2019-01-02,2019010201003313,NCCB,19,49,100,213.00,"21,300.00"
2019-01-02,2019010201003239,NCCB,19,21,100,213.00,"21,300.00"
2019-01-02,2019010201003197,NCCB,52,19,500,214.00,"107,000.00"
2019-01-02,2019010201003136,NCCB,58,39,10,215.00,"2,150.00"
2019-01-02,2019010201003060,NCCB,20,1,300,214.00,"64,200.00"
2019-01-02,2019010201003014,NCCB,11,55,157,214.00,"33,598.00"
2019-01-02,2019010201002955,NCCB,11,39,43,214.00,"9,202.00"
2019-01-02,2019010201003015,NCDB,55,35,10,117.00,"1,170.00"
2019-01-02,2019010201002911,NEF,58,42,"1,500",8.30,"12,450.00"
2019-01-02,2019010201003108,NIB,11,32,120,552.00,"66,240.00"
2019-01-02,2019010201003096,NIB,11,14,80,552.00,"44,160.00"
2019-01-02,2019010201003259,NIBPO,34,11,100,491.00,"49,100.00"
2019-01-02,2019010201002950,NIBPO,17,42,285,490.00,"139,650.00"
2019-01-02,2019010201002949,NIBPO,49,42,100,491.00,"49,100.00"
2019-01-02,2019010201002948,NIBPO,37,42,120,491.00,"58,920.00"
2019-01-02,2019010201002947,NIBPO,26,42,295,492.00,"145,140.00"
2019-01-02,2019010201003338,NICA,54,58,200,382.00,"76,400.00"
2019-01-02,2019010201003337,NICA,54,49,200,382.00,"76,400.00"
2019-01-02,2019010201002961,NICA,14,21,200,380.00,"76,000.00"
2019-01-02,2019010201003360,NICL,43,35,10,565.00,"5,650.00"
2019-01-02,2019010201003013,NICL,46,26,200,564.00,"112,800.00"
2019-01-02,2019010201002913,NICL,55,56,27,561.00,"15,147.00"
2019-01-02,2019010201002912,NICL,34,56,50,561.00,"28,050.00"
2019-01-02,2019010201003341,NIL,25,28,126,547.00,"68,922.00"
2019-01-02,2019010201003188,NIL,25,46,157,547.00,"85,879.00"
2019-01-02,2019010201003187,NIL,45,46,93,547.00,"50,871.00"
2019-01-02,2019010201003186,NIL,22,46,500,548.00,"274,000.00"
2019-01-02,2019010201003185,NIL,6,46,135,548.00,"73,980.00"
2019-01-02,2019010201003149,NIL,6,56,65,548.00,"35,620.00"
2019-01-02,2019010201003148,NIL,19,56,135,548.00,"73,980.00"
2019-01-02,2019010201002881,NIL,19,42,165,548.00,"90,420.00"
2019-01-02,2019010201003310,NLIC,42,39,33,"1,093.00","36,069.00"
2019-01-02,2019010201003255,NLIC,50,39,50,"1,093.00","54,650.00"
2019-01-02,2019010201003208,NLIC,49,39,20,"1,093.00","21,860.00"
2019-01-02,2019010201003203,NLIC,19,39,10,"1,093.00","10,930.00"
2019-01-02,2019010201003181,NLIC,10,39,25,"1,093.00","27,325.00"
2019-01-02,2019010201003178,NLIC,42,39,100,"1,093.00","109,300.00"
2019-01-02,2019010201002976,NLIC,51,40,20,"1,097.00","21,940.00"
2019-01-02,2019010201002908,NLIC,43,51,97,"1,095.00","106,215.00"
2019-01-02,2019010201002907,NLIC,50,51,20,"1,095.00","21,900.00"
2019-01-02,2019010201002906,NLIC,48,51,83,"1,095.00","90,885.00"
2019-01-02,2019010201003121,NLIC,50,39,60,"1,095.00","65,700.00"
2019-01-02,2019010201003087,NLIC,42,52,22,"1,098.00","24,156.00"
2019-01-02,2019010201003086,NLIC,42,40,18,"1,097.00","19,746.00"
2019-01-02,2019010201003039,NLIC,43,42,300,"1,095.00","328,500.00"
2019-01-02,2019010201002980,NLIC,42,40,51,"1,097.00","55,947.00"
2019-01-02,2019010201002979,NLIC,42,40,49,"1,097.00","53,753.00"
2019-01-02,2019010201003127,NLIC,59,39,50,"1,093.00","54,650.00"
2019-01-02,2019010201003126,NLIC,56,39,200,"1,093.00","218,600.00"
2019-01-02,2019010201003125,NLIC,41,39,100,"1,093.00","109,300.00"
2019-01-02,2019010201003124,NLIC,10,39,69,"1,094.00","75,486.00"
2019-01-02,2019010201003123,NLIC,42,39,100,"1,094.00","109,400.00"
2019-01-02,2019010201003122,NLIC,56,39,183,"1,094.00","200,202.00"
2019-01-02,2019010201003021,NLICL,53,6,152,709.00,"107,768.00"
2019-01-02,2019010201003020,NLICL,32,6,60,709.00,"42,540.00"
2019-01-02,2019010201003019,NLICL,58,6,200,710.00,"142,000.00"
2019-01-02,2019010201003361,NMB,11,56,50,322.00,"16,100.00"
2019-01-02,2019010201003342,NMB,49,49,"14,164",320.00,"4,532,480.00"
2019-01-02,2019010201003309,NMB,42,49,50,320.00,"16,000.00"
2019-01-02,2019010201003308,NMB,38,49,500,320.00,"160,000.00"
2019-01-02,2019010201003307,NMB,56,49,500,320.00,"160,000.00"
2019-01-02,2019010201003306,NMB,41,49,300,320.00,"96,000.00"
2019-01-02,2019010201002998,NMB,53,56,300,322.00,"96,600.00"
2019-01-02,2019010201002922,NMB,50,56,100,322.00,"32,200.00"
2019-01-02,2019010201003211,NMB,55,56,100,322.00,"32,200.00"
2019-01-02,2019010201003173,NMB,54,56,500,322.00,"161,000.00"
2019-01-02,2019010201003059,NMB,36,21,400,321.00,"128,400.00"
2019-01-02,2019010201003042,NMB,36,50,37,321.00,"11,877.00"
2019-01-02,2019010201003041,NMB,47,50,13,321.00,"4,173.00"
2019-01-02,2019010201003040,NMB,53,50,50,321.00,"16,050.00"
2019-01-02,2019010201003299,NMB,44,49,"2,000",320.00,"640,000.00"
2019-01-02,2019010201003298,NMB,29,49,30,320.00,"9,600.00"
2019-01-02,2019010201003297,NMB,38,49,300,321.00,"96,300.00"
2019-01-02,2019010201003296,NMB,13,49,463,321.00,"148,623.00"
2019-01-02,2019010201003228,NMB,13,37,37,321.00,"11,877.00"
2019-01-02,2019010201003227,NMB,36,37,63,321.00,"20,223.00"
2019-01-02,2019010201003305,NMB,16,49,100,320.00,"32,000.00"
2019-01-02,2019010201003304,NMB,29,49,50,320.00,"16,000.00"
2019-01-02,2019010201003303,NMB,54,49,100,320.00,"32,000.00"
2019-01-02,2019010201003302,NMB,51,49,201,320.00,"64,320.00"
2019-01-02,2019010201003301,NMB,41,49,20,320.00,"6,400.00"
2019-01-02,2019010201003300,NMB,56,49,100,320.00,"32,000.00"
2019-01-02,2019010201003058,NMBMF,34,18,190,"1,115.00","211,850.00"
2019-01-02,2019010201003004,NMBMF,34,45,200,"1,115.00","223,000.00"
2019-01-02,2019010201002965,NMBMF,34,17,35,"1,115.00","39,025.00"
2019-01-02,2019010201002951,NMBMF,34,17,35,"1,115.00","39,025.00"
2019-01-02,2019010201002938,NMBMF,34,11,40,"1,115.00","44,600.00"
2019-01-02,2019010201002937,NMBMF,18,11,50,"1,120.00","56,000.00"
2019-01-02,2019010201003261,NSEWA,58,43,10,575.00,"5,750.00"
2019-01-02,2019010201003369,NTC,7,42,10,730.00,"7,300.00"
2019-01-02,2019010201003258,OHL,55,37,37,434.00,"16,058.00"
2019-01-02,2019010201003154,PCBL,29,52,500,335.00,"167,500.00"
2019-01-02,2019010201003147,PIC,33,45,50,"1,030.00","51,500.00"
2019-01-02,2019010201003146,PIC,33,56,197,"1,030.00","202,910.00"
2019-01-02,2019010201003043,PIC,25,28,18,"1,025.00","18,450.00"
2019-01-02,2019010201003010,PIC,25,28,72,"1,025.00","73,800.00"
2019-01-02,2019010201003009,PIC,42,28,100,"1,025.00","102,500.00"
2019-01-02,2019010201003008,PIC,44,28,500,"1,025.00","512,500.00"
2019-01-02,2019010201003007,PIC,42,28,200,"1,025.00","205,000.00"
2019-01-02,2019010201003006,PIC,32,28,100,"1,026.00","102,600.00"
2019-01-02,2019010201003005,PIC,32,28,28,"1,027.00","28,756.00"
2019-01-02,2019010201002975,PIC,32,32,12,"1,027.00","12,324.00"
2019-01-02,2019010201002915,PIC,44,44,1,"1,030.00","1,030.00"
2019-01-02,2019010201002895,PIC,57,28,33,"1,032.00","34,056.00"
2019-01-02,2019010201003316,PICL,48,6,10,725.00,"7,250.00"
2019-01-02,2019010201003088,PICL,53,6,10,717.00,"7,170.00"
2019-01-02,2019010201002946,PICL,53,42,10,707.00,"7,070.00"
2019-01-02,2019010201002919,PICL,53,29,180,703.00,"126,540.00"
2019-01-02,2019010201003179,PLIC,18,28,100,496.00,"49,600.00"
2019-01-02,2019010201003018,PMHPL,32,32,10,114.00,"1,140.00"
2019-01-02,2019010201003190,PRIN,59,59,100,451.00,"45,100.00"
2019-01-02,2019010201003189,PRIN,22,59,100,451.00,"45,100.00"
2019-01-02,2019010201003028,PRIN,22,37,400,451.00,"180,400.00"
2019-01-02,2019010201003027,PRIN,22,37,200,451.00,"90,200.00"
2019-01-02,2019010201003329,PRVU,13,45,10,248.00,"2,480.00"
2019-01-02,2019010201003243,PRVU,25,45,"1,000",246.00,"246,000.00"
2019-01-02,2019010201003242,PRVU,25,51,50,246.00,"12,300.00"
2019-01-02,2019010201003241,PRVU,25,45,13,246.00,"3,198.00"
2019-01-02,2019010201003213,PRVU,42,21,100,245.00,"24,500.00"
2019-01-02,2019010201003212,PRVU,17,21,400,245.00,"98,000.00"
2019-01-02,2019010201003050,PRVU,6,45,10,246.00,"2,460.00"
2019-01-02,2019010201003079,RHPC,20,1,190,96.00,"18,240.00"
2019-01-02,2019010201003078,RHPC,1,1,100,96.00,"9,600.00"
2019-01-02,2019010201003077,RHPC,34,1,10,96.00,960.00
2019-01-02,2019010201003330,RMDC,53,6,300,541.00,"162,300.00"
2019-01-02,2019010201003247,RMDC,53,37,59,541.00,"31,919.00"
2019-01-02,2019010201003135,RMDC,49,40,66,540.00,"35,640.00"
2019-01-02,2019010201003134,RMDC,13,40,26,541.00,"14,066.00"
2019-01-02,2019010201003133,RMDC,42,40,11,542.00,"5,962.00"
2019-01-02,2019010201003272,RRHP,17,49,10,107.00,"1,070.00"
2019-01-02,2019010201003271,RRHP,17,58,160,107.00,"17,120.00"
2019-01-02,2019010201003110,SADBL,45,46,80,138.00,"11,040.00"
2019-01-02,2019010201003109,SADBL,13,46,220,138.00,"30,360.00"
2019-01-02,2019010201003254,SANIMA,25,37,500,309.00,"154,500.00"
2019-01-02,2019010201003209,SANIMA,37,42,130,308.00,"40,040.00"
2019-01-02,2019010201003183,SANIMA,25,37,500,309.00,"154,500.00"
2019-01-02,2019010201003120,SANIMA,34,53,400,309.00,"123,600.00"
2019-01-02,2019010201003034,SANIMA,37,57,200,308.00,"61,600.00"
2019-01-02,2019010201002910,SANIMA,37,38,75,308.00,"23,100.00"
2019-01-02,2019010201003244,SBI,48,42,15,394.00,"5,910.00"
2019-01-02,2019010201003156,SBL,22,52,190,294.00,"55,860.00"
2019-01-02,2019010201003145,SBL,34,52,50,294.00,"14,700.00"
2019-01-02,2019010201002896,SBL,54,6,100,293.00,"29,300.00"
2019-01-02,2019010201003336,SCB,39,13,24,615.00,"14,760.00"
2019-01-02,2019010201003335,SCB,57,13,74,615.00,"45,510.00"
2019-01-02,2019010201003252,SCB,14,56,150,617.00,"92,550.00"
2019-01-02,2019010201003144,SCB,11,37,100,616.00,"61,600.00"
2019-01-02,2019010201003141,SCB,34,37,100,616.00,"61,600.00"
2019-01-02,2019010201002899,SDESI,33,33,11,645.00,"7,095.00"
2019-01-02,2019010201003325,SEOS,5,55,"10,000",10.10,"101,000.00"
2019-01-02,2019010201003219,SEOS,5,48,"10,000",10.10,"101,000.00"
2019-01-02,2019010201003094,SEOS,5,48,"10,000",10.10,"101,000.00"
2019-01-02,2019010201002883,SEOS,5,55,"10,000",10.10,"101,000.00"
2019-01-02,2019010201003248,SHPC,53,39,130,233.00,"30,290.00"
2019-01-02,2019010201002902,SICL,56,16,35,915.00,"32,025.00"
2019-01-02,2019010201003275,SIL,5,1,337,650.00,"219,050.00"
2019-01-02,2019010201003194,SIL,37,1,200,650.00,"130,000.00"
2019-01-02,2019010201003012,SIL,47,1,40,650.00,"26,000.00"
2019-01-02,2019010201003140,SKBBL,51,28,300,"1,044.00","313,200.00"
2019-01-02,2019010201002960,SKBBL,10,28,308,"1,043.00","321,244.00"
2019-01-02,2019010201003345,SLBBL,57,57,300,540.00,"162,000.00"
2019-01-02,2019010201003344,SLBBL,28,57,65,540.00,"35,100.00"
2019-01-02,2019010201003343,SLBBL,14,57,55,541.00,"29,755.00"
2019-01-02,2019010201003287,SLBS,58,43,10,"1,055.00","10,550.00"
2019-01-02,2019010201003286,SLBS,58,55,17,"1,040.00","17,680.00"
2019-01-02,2019010201003051,SLBS,58,33,15,"1,040.00","15,600.00"
2019-01-02,2019010201002888,SLBS,17,43,20,"1,045.00","20,900.00"
2019-01-02,2019010201003172,SLICL,36,34,340,555.00,"188,700.00"
2019-01-02,2019010201003171,SLICL,57,34,100,555.00,"55,500.00"
2019-01-02,2019010201003170,SLICL,38,34,10,556.00,"5,560.00"
2019-01-02,2019010201003169,SLICL,34,34,50,556.00,"27,800.00"
2019-01-02,2019010201003100,SLICL,57,57,274,558.00,"152,892.00"
2019-01-02,2019010201003099,SLICL,57,45,70,558.00,"39,060.00"
2019-01-02,2019010201002914,SMATA,42,33,10,"1,061.00","10,610.00"
2019-01-02,2019010201003264,SRBL,28,13,836,214.00,"178,904.00"
2019-01-02,2019010201003263,SRBL,28,13,"1,000",214.00,"214,000.00"
2019-01-02,2019010201003262,SRBL,51,13,140,214.00,"29,960.00"
2019-01-02,2019010201003257,SRBL,51,37,110,214.00,"23,540.00"
2019-01-02,2019010201003256,SRBL,34,37,30,214.00,"6,420.00"
2019-01-02,2019010201003184,SRBL,34,37,150,214.00,"32,100.00"
2019-01-02,2019010201003155,SRBL,48,48,500,215.00,"107,500.00"
2019-01-02,2019010201003192,UIC,16,25,100,817.00,"81,700.00"
2019-01-02,2019010201003191,UIC,16,34,30,817.00,"24,510.00"
2019-01-02,2019010201003093,UIC,16,34,20,817.00,"16,340.00"
2019-01-02,2019010201003075,UIC,39,33,20,802.00,"16,040.00"
2019-01-02,2019010201002928,UIC,16,41,10,818.00,"8,180.00"
2019-01-02,2019010201002927,UIC,16,21,85,818.00,"69,530.00"
2019-01-02,2019010201002926,UIC,16,43,100,815.00,"81,500.00"
2019-01-02,2019010201002925,UIC,16,58,20,814.00,"16,280.00"
2019-01-02,2019010201002924,UIC,16,38,100,814.00,"81,400.00"
2019-01-02,2019010201002923,UIC,16,13,100,813.00,"81,300.00"
2019-01-02,2019010201002909,UIC,16,13,100,813.00,"81,300.00"
2019-01-02,2019010201003062,UMHL,55,40,158,120.00,"18,960.00"
2019-01-02,2019010201002734,ADBL,49,38,20,345.00,"6,900.00"
2019-01-02,2019010201002502,ADBL,29,38,100,345.00,"34,500.00"
2019-01-02,2019010201002417,ADBL,14,43,200,345.00,"69,000.00"
2019-01-02,2019010201002372,ADBL,13,43,906,345.00,"312,570.00"
2019-01-02,2019010201002735,AKJCL,21,19,20,96.00,"1,920.00"
2019-01-02,2019010201002582,AKPL,55,51,12,184.00,"2,208.00"
2019-01-02,2019010201002465,AKPL,55,52,25,184.00,"4,600.00"
2019-01-02,2019010201002443,AKPL,48,52,54,185.00,"9,990.00"
2019-01-02,2019010201002855,ALICL,51,56,390,605.00,"235,950.00"
2019-01-02,2019010201002854,ALICL,16,56,10,605.00,"6,050.00"
2019-01-02,2019010201002853,ALICL,48,56,100,606.00,"60,600.00"
2019-01-02,2019010201002839,ALICL,48,56,100,606.00,"60,600.00"
2019-01-02,2019010201002838,ALICL,33,56,100,606.00,"60,600.00"
2019-01-02,2019010201002660,ALICL,33,56,200,610.00,"122,000.00"
2019-01-02,2019010201002481,ALICL,33,56,20,609.00,"12,180.00"
2019-01-02,2019010201002487,ALICL,33,56,400,607.00,"242,800.00"
2019-01-02,2019010201002486,ALICL,34,56,200,607.00,"121,400.00"
2019-01-02,2019010201002485,ALICL,59,56,50,607.00,"30,350.00"
2019-01-02,2019010201002484,ALICL,43,56,50,608.00,"30,400.00"
2019-01-02,2019010201002483,ALICL,43,56,50,608.00,"30,400.00"
2019-01-02,2019010201002482,ALICL,45,56,50,608.00,"30,400.00"
2019-01-02,2019010201002561,ALICL,16,18,490,605.00,"296,450.00"
2019-01-02,2019010201002560,ALICL,55,18,200,605.00,"121,000.00"
2019-01-02,2019010201002559,ALICL,36,18,"1,000",606.00,"606,000.00"
2019-01-02,2019010201002558,ALICL,45,18,310,606.00,"187,860.00"
2019-01-02,2019010201002504,ALICL,33,56,200,612.00,"122,400.00"
2019-01-02,2019010201002488,ALICL,45,56,180,606.00,"109,080.00"
2019-01-02,2019010201002462,AMFI,41,37,10,721.00,"7,210.00"
2019-01-02,2019010201002461,AMFI,41,37,10,721.00,"7,210.00"
2019-01-02,2019010201002776,API,25,40,200,152.00,"30,400.00"
2019-01-02,2019010201002774,API,39,57,301,150.00,"45,150.00"
2019-01-02,2019010201002773,API,43,57,110,150.00,"16,500.00"
2019-01-02,2019010201002772,API,22,57,19,150.00,"2,850.00"
2019-01-02,2019010201002769,API,25,57,70,151.00,"10,570.00"
2019-01-02,2019010201002728,API,57,35,100,152.00,"15,200.00"
2019-01-02,2019010201002724,API,41,41,125,151.00,"18,875.00"
2019-01-02,2019010201002579,API,25,35,200,152.00,"30,400.00"
2019-01-02,2019010201002748,BOKL,47,45,76,327.00,"24,852.00"
2019-01-02,2019010201002747,BOKL,39,45,50,327.00,"16,350.00"
2019-01-02,2019010201002746,BOKL,11,45,200,328.00,"65,600.00"
2019-01-02,2019010201002745,BOKL,32,45,500,328.00,"164,000.00"
2019-01-02,2019010201002464,BOKL,57,59,65,328.00,"21,320.00"
2019-01-02,2019010201002744,BOKL,57,45,612,328.00,"200,736.00"
2019-01-02,2019010201002581,BOKL,6,45,400,329.00,"131,600.00"
2019-01-02,2019010201002621,BPCL,6,28,140,374.00,"52,360.00"
2019-01-02,2019010201002589,CBBL,45,37,100,855.00,"85,500.00"
2019-01-02,2019010201002567,CBBL,45,34,100,855.00,"85,500.00"
2019-01-02,2019010201002543,CBBL,51,14,100,855.00,"85,500.00"
2019-01-02,2019010201002542,CBBL,51,34,60,855.00,"51,300.00"
2019-01-02,2019010201002541,CBBL,51,33,200,854.00,"170,800.00"
2019-01-02,2019010201002500,CBBL,21,33,200,854.00,"170,800.00"
2019-01-02,2019010201002722,CBBL,33,1,30,853.00,"25,590.00"
2019-01-02,2019010201002694,CBL,58,52,133,163.00,"21,679.00"
2019-01-02,2019010201002693,CBL,58,57,167,163.00,"27,221.00"
2019-01-02,2019010201002528,CBL,6,59,111,162.00,"17,982.00"
2019-01-02,2019010201002468,CBL,6,40,"2,704",162.00,"438,048.00"
2019-01-02,2019010201002467,CBL,45,40,50,162.00,"8,100.00"
2019-01-02,2019010201002466,CBL,48,40,63,162.00,"10,206.00"
2019-01-02,2019010201002433,CBL,48,52,437,162.00,"70,794.00"
2019-01-02,2019010201002432,CBL,6,52,33,162.00,"5,346.00"
2019-01-02,2019010201002398,CBL,26,57,43,163.00,"7,009.00"
2019-01-02,2019010201002515,CCBL,51,47,410,170.00,"69,700.00"
2019-01-02,2019010201002514,CCBL,37,47,300,170.00,"51,000.00"
2019-01-02,2019010201002513,CCBL,59,47,300,170.00,"51,000.00"
2019-01-02,2019010201002512,CCBL,25,47,200,170.00,"34,000.00"
2019-01-02,2019010201002511,CCBL,59,47,50,170.00,"8,500.00"
2019-01-02,2019010201002489,CCBL,6,52,685,171.00,"117,135.00"
2019-01-02,2019010201002399,CCBL,6,52,153,171.00,"26,163.00"
2019-01-02,2019010201002395,CCBL,26,26,5,171.00,855.00
2019-01-02,2019010201002386,CCBL,26,26,5,171.00,855.00
2019-01-02,2019010201002497,CCBL,47,47,96,170.00,"16,320.00"
2019-01-02,2019010201002496,CCBL,35,47,11,170.00,"1,870.00"
2019-01-02,2019010201002495,CCBL,25,47,400,170.00,"68,000.00"
2019-01-02,2019010201002494,CCBL,47,47,350,170.00,"59,500.00"
2019-01-02,2019010201002493,CCBL,57,47,714,170.00,"121,380.00"
2019-01-02,2019010201002492,CCBL,6,47,429,171.00,"73,359.00"
2019-01-02,2019010201002510,CCBL,19,47,500,170.00,"85,000.00"
2019-01-02,2019010201002509,CCBL,7,47,400,170.00,"68,000.00"
2019-01-02,2019010201002508,CCBL,37,47,500,170.00,"85,000.00"
2019-01-02,2019010201002507,CCBL,7,47,36,170.00,"6,120.00"
2019-01-02,2019010201002506,CCBL,25,47,200,170.00,"34,000.00"
2019-01-02,2019010201002505,CCBL,47,47,104,170.00,"17,680.00"
2019-01-02,2019010201002577,CFCL,44,25,200,111.00,"22,200.00"
2019-01-02,2019010201002576,CFCL,44,6,"1,144",111.00,"126,984.00"
2019-01-02,2019010201002868,CHCL,28,20,16,680.00,"10,880.00"
2019-01-02,2019010201002864,CHCL,26,20,200,680.00,"136,000.00"
2019-01-02,2019010201002863,CHCL,53,20,182,680.00,"123,760.00"
2019-01-02,2019010201002859,CHCL,35,6,200,681.00,"136,200.00"
2019-01-02,2019010201002843,CHCL,53,51,500,680.00,"340,000.00"
2019-01-02,2019010201002811,CHCL,34,25,100,681.00,"68,100.00"
2019-01-02,2019010201002374,CHCL,57,20,500,681.00,"340,500.00"
2019-01-02,2019010201002441,CHCL,44,59,100,680.00,"68,000.00"
2019-01-02,2019010201002440,CHCL,14,59,200,680.00,"136,000.00"
2019-01-02,2019010201002439,CHCL,35,59,200,680.00,"136,000.00"
2019-01-02,2019010201002438,CHCL,5,59,178,681.00,"121,218.00"
2019-01-02,2019010201002397,CHCL,5,1,22,681.00,"14,982.00"
2019-01-02,2019010201002375,CHCL,49,20,200,681.00,"136,200.00"
2019-01-02,2019010201002593,CHCL,44,35,128,680.00,"87,040.00"
2019-01-02,2019010201002564,CHCL,44,6,100,681.00,"68,100.00"
2019-01-02,2019010201002563,CHCL,22,6,100,681.00,"68,100.00"
2019-01-02,2019010201002562,CHCL,53,6,50,681.00,"34,050.00"
2019-01-02,2019010201002547,CHCL,44,48,50,682.00,"34,100.00"
2019-01-02,2019010201002442,CHCL,44,59,72,680.00,"48,960.00"
2019-01-02,2019010201002650,CHCL,36,45,20,682.00,"13,640.00"
2019-01-02,2019010201002598,CHCL,13,35,369,680.00,"250,920.00"
2019-01-02,2019010201002597,CHCL,14,35,20,680.00,"13,600.00"
2019-01-02,2019010201002596,CHCL,20,35,"1,000",680.00,"680,000.00"
2019-01-02,2019010201002595,CHCL,19,35,425,680.00,"289,000.00"
2019-01-02,2019010201002594,CHCL,22,35,20,680.00,"13,600.00"
2019-01-02,2019010201002675,CHCL,52,21,100,680.00,"68,000.00"
2019-01-02,2019010201002674,CHCL,48,21,51,680.00,"34,680.00"
2019-01-02,2019010201002665,CHCL,48,16,169,680.00,"114,920.00"
2019-01-02,2019010201002664,CHCL,13,16,31,680.00,"21,080.00"
2019-01-02,2019010201002658,CHCL,37,45,50,682.00,"34,100.00"
2019-01-02,2019010201002651,CHCL,16,45,10,682.00,"6,820.00"
2019-01-02,2019010201002713,CHCL,21,25,20,680.00,"13,600.00"
2019-01-02,2019010201002712,CHCL,57,25,100,680.00,"68,000.00"
2019-01-02,2019010201002697,CHCL,22,25,99,680.00,"67,320.00"
2019-01-02,2019010201002696,CHCL,4,25,121,680.00,"82,280.00"
2019-01-02,2019010201002677,CHCL,4,21,179,680.00,"121,720.00"
2019-01-02,2019010201002676,CHCL,35,21,20,680.00,"13,600.00"
2019-01-02,2019010201002800,CHCL,53,13,74,680.00,"50,320.00"
2019-01-02,2019010201002775,CHCL,34,25,13,681.00,"8,853.00"
2019-01-02,2019010201002751,CHCL,53,22,100,680.00,"68,000.00"
2019-01-02,2019010201002750,CHCL,53,5,65,680.00,"44,200.00"
2019-01-02,2019010201002749,CHCL,53,25,279,680.00,"189,720.00"
2019-01-02,2019010201002714,CHCL,48,25,10,680.00,"6,800.00"
2019-01-02,2019010201002852,CIT,34,25,50,"2,109.00","105,450.00"
2019-01-02,2019010201002850,CIT,45,52,16,"2,110.00","33,760.00"
2019-01-02,2019010201002733,CIT,58,25,50,"2,109.00","105,450.00"
2019-01-02,2019010201002732,CIT,44,25,20,"2,110.00","42,200.00"
2019-01-02,2019010201002568,CIT,58,25,50,"2,109.00","105,450.00"
2019-01-02,2019010201002699,CLBSL,18,1,40,705.00,"28,200.00"
2019-01-02,2019010201002667,CLBSL,18,28,10,701.00,"7,010.00"
2019-01-02,2019010201002862,CZBIL,17,57,386,213.00,"82,218.00"
2019-01-02,2019010201002861,CZBIL,17,6,151,213.00,"32,163.00"
2019-01-02,2019010201002860,CZBIL,17,17,673,212.00,"142,676.00"
2019-01-02,2019010201002845,CZBIL,58,17,100,212.00,"21,200.00"
2019-01-02,2019010201002844,CZBIL,32,17,437,212.00,"92,644.00"
2019-01-02,2019010201002848,DBBL,57,1,308,127.00,"39,116.00"
2019-01-02,2019010201002717,DBBL,45,48,500,126.00,"63,000.00"
2019-01-02,2019010201002869,DDBL,5,6,13,645.00,"8,385.00"
2019-01-02,2019010201002670,DDBL,5,47,87,645.00,"56,115.00"
2019-01-02,2019010201002669,DDBL,40,47,200,645.00,"129,000.00"
2019-01-02,2019010201002668,DDBL,48,47,34,645.00,"21,930.00"
2019-01-02,2019010201002620,DDBL,48,25,30,645.00,"19,350.00"
2019-01-02,2019010201002619,DDBL,37,25,20,646.00,"12,920.00"
2019-01-02,2019010201002618,DDBL,21,25,20,646.00,"12,920.00"
2019-01-02,2019010201002392,DDBL,48,52,36,645.00,"23,220.00"
2019-01-02,2019010201002391,DDBL,45,52,50,645.00,"32,250.00"
2019-01-02,2019010201002390,DDBL,47,52,100,646.00,"64,600.00"
2019-01-02,2019010201002389,DDBL,42,52,16,647.00,"10,352.00"
2019-01-02,2019010201002388,DDBL,14,52,30,649.00,"19,470.00"
2019-01-02,2019010201002683,EBL,59,56,34,543.00,"18,462.00"
2019-01-02,2019010201002682,EBL,59,52,26,542.00,"14,092.00"
2019-01-02,2019010201002387,EBL,17,35,22,538.00,"11,836.00"
2019-01-02,2019010201002449,EIC,7,28,20,867.00,"17,340.00"
2019-01-02,2019010201002413,EIC,7,1,100,865.00,"86,500.00"
2019-01-02,2019010201002412,EIC,7,34,41,860.00,"35,260.00"
2019-01-02,2019010201002411,EIC,7,13,15,859.00,"12,885.00"
2019-01-02,2019010201002396,EIC,34,35,100,855.00,"85,500.00"
2019-01-02,2019010201002827,FMDBL,41,53,222,381.00,"84,582.00"
2019-01-02,2019010201002826,FMDBL,57,53,200,382.00,"76,400.00"
2019-01-02,2019010201002810,FMDBL,36,29,200,383.00,"76,600.00"
2019-01-02,2019010201002706,FMDBL,57,39,150,382.00,"57,300.00"
2019-01-02,2019010201002639,FMDBL,37,29,75,383.00,"28,725.00"
2019-01-02,2019010201002608,FMDBL,37,7,25,383.00,"9,575.00"
2019-01-02,2019010201002607,FMDBL,22,7,50,384.00,"19,200.00"
2019-01-02,2019010201002606,FMDBL,53,7,50,384.00,"19,200.00"
2019-01-02,2019010201002424,FMDBL,53,22,50,384.00,"19,200.00"
2019-01-02,2019010201002423,FMDBL,53,22,50,385.00,"19,250.00"
2019-01-02,2019010201002692,FOWAD,7,59,15,"1,500.00","22,500.00"
2019-01-02,2019010201002691,FOWAD,7,21,10,"1,499.00","14,990.00"
2019-01-02,2019010201002690,FOWAD,7,17,15,"1,495.00","22,425.00"
2019-01-02,2019010201002689,FOWAD,7,17,15,"1,495.00","22,425.00"
2019-01-02,2019010201002688,FOWAD,7,17,15,"1,495.00","22,425.00"
2019-01-02,2019010201002373,GBBL,32,35,55,188.00,"10,340.00"
2019-01-02,2019010201002434,GBIME,57,13,824,270.00,"222,480.00"
2019-01-02,2019010201002640,GLICL,58,56,500,718.00,"359,000.00"
2019-01-02,2019010201002679,GUFL,14,58,24,103.00,"2,472.00"
2019-01-02,2019010201002678,GUFL,35,58,14,103.00,"1,442.00"
2019-01-02,2019010201002538,HATH,13,22,10,126.00,"1,260.00"
2019-01-02,2019010201002463,HATH,13,22,10,128.00,"1,280.00"
2019-01-02,2019010201002790,HGI,28,59,500,403.00,"201,500.00"
2019-01-02,2019010201002789,HGI,28,59,60,405.00,"24,300.00"
2019-01-02,2019010201002499,HGI,28,46,40,405.00,"16,200.00"
2019-01-02,2019010201002448,HGI,17,46,200,402.00,"80,400.00"
2019-01-02,2019010201002447,HGI,22,46,100,402.00,"40,200.00"
2019-01-02,2019010201002446,HGI,25,46,100,402.00,"40,200.00"
2019-01-02,2019010201002445,HGI,41,46,100,402.00,"40,200.00"
2019-01-02,2019010201002444,HGI,34,46,50,402.00,"20,100.00"
2019-01-02,2019010201002610,HIDCL,29,45,200,151.00,"30,200.00"
2019-01-02,2019010201002546,HIDCL,29,40,286,151.00,"43,186.00"
2019-01-02,2019010201002480,HIDCL,29,40,286,151.00,"43,186.00"
2019-01-02,2019010201002813,HPPL,10,17,112,186.00,"20,832.00"
2019-01-02,2019010201002626,HPPL,17,17,168,186.00,"31,248.00"
2019-01-02,2019010201002605,HPPL,42,51,10,184.00,"1,840.00"
2019-01-02,2019010201002519,ICFC,58,41,495,155.00,"76,725.00"
2019-01-02,2019010201002779,IGI,17,26,200,479.00,"95,800.00"
2019-01-02,2019010201002770,JBBL,58,32,2,134.00,268.00
2019-01-02,2019010201002818,JBNL,41,45,"1,000",169.00,"169,000.00"
2019-01-02,2019010201002817,JBNL,33,45,"2,000",169.00,"338,000.00"
2019-01-02,2019010201002816,JBNL,29,45,500,169.00,"84,500.00"
2019-01-02,2019010201002815,JBNL,16,45,"1,500",169.00,"253,500.00"
2019-01-02,2019010201002814,JBNL,57,45,81,169.00,"13,689.00"
2019-01-02,2019010201002871,JEFL,16,22,975,111.00,"108,225.00"
2019-01-02,2019010201002570,JEFL,16,52,100,111.00,"11,100.00"
2019-01-02,2019010201002460,JEFL,16,44,125,111.00,"13,875.00"
2019-01-02,2019010201002401,JFL,17,29,11,170.00,"1,870.00"
2019-01-02,2019010201002537,JSLBB,10,41,11,"2,600.00","28,600.00"
2019-01-02,2019010201002404,JSLBB,10,52,14,"2,565.00","35,910.00"
2019-01-02,2019010201002819,KBL,21,37,206,245.00,"50,470.00"
2019-01-02,2019010201002653,KBL,33,58,"4,100",245.00,"1,004,500.00"
2019-01-02,2019010201002609,KBL,6,58,500,245.00,"122,500.00"
2019-01-02,2019010201002380,KBL,6,52,511,244.00,"124,684.00"
2019-01-02,2019010201002379,KBL,59,52,300,244.00,"73,200.00"
2019-01-02,2019010201002378,KBL,58,52,269,244.00,"65,636.00"
2019-01-02,2019010201002534,KMCDB,18,48,10,"1,101.00","11,010.00"
2019-01-02,2019010201002521,KMCDB,38,13,50,"1,096.00","54,800.00"
2019-01-02,2019010201002520,KMCDB,38,33,42,"1,096.00","46,032.00"
2019-01-02,2019010201002427,KMCDB,48,44,79,"1,090.00","86,110.00"
2019-01-02,2019010201002426,KMCDB,48,45,371,"1,090.00","404,390.00"
2019-01-02,2019010201002415,KMCDB,58,45,29,"1,090.00","31,610.00"
2019-01-02,2019010201002414,KMCDB,58,40,21,"1,087.00","22,827.00"
2019-01-02,2019010201002400,KMCDB,18,48,50,"1,080.00","54,000.00"
2019-01-02,2019010201002721,LBBL,50,38,713,171.00,"121,923.00"
2019-01-02,2019010201002711,LBBL,32,38,100,171.00,"17,100.00"
2019-01-02,2019010201002710,LBBL,17,38,"1,000",171.00,"171,000.00"
2019-01-02,2019010201002709,LBBL,32,38,187,171.00,"31,977.00"
2019-01-02,2019010201002617,LBBL,32,34,"1,000",171.00,"171,000.00"
2019-01-02,2019010201002600,LBBL,16,34,300,172.00,"51,600.00"
2019-01-02,2019010201002778,LBL,11,17,100,222.00,"22,200.00"
2019-01-02,2019010201002646,LBL,6,17,421,222.00,"93,462.00"
2019-01-02,2019010201002479,LGIL,32,32,50,536.00,"26,800.00"
2019-01-02,2019010201002421,LGIL,25,33,500,540.00,"270,000.00"
2019-01-02,2019010201002420,LGIL,45,33,500,540.00,"270,000.00"
2019-01-02,2019010201002419,LGIL,48,33,150,540.00,"81,000.00"
2019-01-02,2019010201002403,MBL,34,10,488,206.00,"100,528.00"
2019-01-02,2019010201002402,MBL,5,10,137,206.00,"28,222.00"
2019-01-02,2019010201002799,MEGA,52,19,200,174.00,"34,800.00"
2019-01-02,2019010201002798,MEGA,1,19,100,174.00,"17,400.00"
2019-01-02,2019010201002797,MEGA,1,19,100,174.00,"17,400.00"
2019-01-02,2019010201002796,MEGA,21,19,150,174.00,"26,100.00"
2019-01-02,2019010201002795,MEGA,57,19,100,174.00,"17,400.00"
2019-01-02,2019010201002794,MEGA,42,19,280,174.00,"48,720.00"
2019-01-02,2019010201002551,MEGA,42,40,121,174.00,"21,054.00"
2019-01-02,2019010201002490,MEGA,42,40,122,174.00,"21,228.00"
2019-01-02,2019010201002566,MLBL,33,35,"1,000",170.00,"170,000.00"
2019-01-02,2019010201002727,MNBBL,29,28,83,350.00,"29,050.00"
2019-01-02,2019010201002726,MNBBL,21,28,17,350.00,"5,950.00"
2019-01-02,2019010201002716,MNBBL,21,16,65,350.00,"22,750.00"
2019-01-02,2019010201002549,MNBBL,45,49,120,351.00,"42,120.00"
2019-01-02,2019010201002548,MNBBL,45,49,240,351.00,"84,240.00"
2019-01-02,2019010201002695,MNBBL,21,33,148,350.00,"51,800.00"
2019-01-02,2019010201002584,MNBBL,21,56,270,350.00,"94,500.00"
2019-01-02,2019010201002583,MNBBL,51,56,230,350.00,"80,500.00"
2019-01-02,2019010201002766,MSLB,5,1,10,"1,251.00","12,510.00"
2019-01-02,2019010201002765,MSLB,53,1,30,"1,252.00","37,560.00"
2019-01-02,2019010201002588,MSLB,45,18,50,"1,260.00","63,000.00"
2019-01-02,2019010201002587,MSLB,19,18,40,"1,261.00","50,440.00"
2019-01-02,2019010201002586,MSLB,32,18,40,"1,262.00","50,480.00"
2019-01-02,2019010201002585,MSLB,5,59,15,"1,263.00","18,945.00"
2019-01-02,2019010201002870,NABIL,37,45,50,851.00,"42,550.00"
2019-01-02,2019010201002792,NABIL,42,45,100,851.00,"85,100.00"
2019-01-02,2019010201002757,NABIL,11,45,200,851.00,"170,200.00"
2019-01-02,2019010201002634,NABIL,25,45,50,851.00,"42,550.00"
2019-01-02,2019010201002616,NABIL,29,45,500,851.00,"425,500.00"
2019-01-02,2019010201002615,NABIL,49,45,100,851.00,"85,100.00"
2019-01-02,2019010201002554,NABIL,39,40,60,853.00,"51,180.00"
2019-01-02,2019010201002418,NABIL,16,40,50,853.00,"42,650.00"
2019-01-02,2019010201002686,NABILP,19,22,38,710.00,"26,980.00"
2019-01-02,2019010201002685,NABILP,33,22,100,710.00,"71,000.00"
2019-01-02,2019010201002684,NABILP,49,22,210,710.00,"149,100.00"
2019-01-02,2019010201002638,NADEP,59,42,50,790.00,"39,500.00"
2019-01-02,2019010201002410,NADEP,34,38,150,795.00,"119,250.00"
2019-01-02,2019010201002409,NADEP,34,38,20,795.00,"15,900.00"
2019-01-02,2019010201002408,NADEP,34,39,20,795.00,"15,900.00"
2019-01-02,2019010201002407,NADEP,34,44,30,794.00,"23,820.00"
2019-01-02,2019010201002406,NADEP,34,38,20,793.00,"15,860.00"
2019-01-02,2019010201002405,NADEP,34,39,10,792.00,"7,920.00"
2019-01-02,2019010201002655,NBB,17,22,17,191.00,"3,247.00"
2019-01-02,2019010201002654,NBB,42,22,139,191.00,"26,549.00"
2019-01-02,2019010201002458,NBB,42,59,12,191.00,"2,292.00"
2019-01-02,2019010201002394,NBB,42,13,849,191.00,"162,159.00"
2019-01-02,2019010201002393,NBB,1,13,33,191.00,"6,303.00"
2019-01-02,2019010201002708,NBL,10,42,80,306.00,"24,480.00"
2019-01-02,2019010201002673,NBL,19,42,100,306.00,"30,600.00"
2019-01-02,2019010201002672,NBL,7,42,100,306.00,"30,600.00"
2019-01-02,2019010201002565,NBL,7,52,400,306.00,"122,400.00"
2019-01-02,2019010201002556,NBL,34,52,100,306.00,"30,600.00"
2019-01-02,2019010201002555,NBL,34,38,400,306.00,"122,400.00"
2019-01-02,2019010201002553,NBL,33,19,550,305.00,"167,750.00"
2019-01-02,2019010201002422,NBL,33,19,"1,000",305.00,"305,000.00"
2019-01-02,2019010201002781,NCCB,20,36,360,214.00,"77,040.00"
2019-01-02,2019010201002780,NCCB,20,36,184,214.00,"39,376.00"
2019-01-02,2019010201002701,NCCB,20,36,16,214.00,"3,424.00"
2019-01-02,2019010201002649,NCCB,20,25,50,214.00,"10,700.00"
2019-01-02,2019010201002648,NCCB,20,46,"1,000",214.00,"214,000.00"
2019-01-02,2019010201002647,NCCB,20,57,234,214.00,"50,076.00"
2019-01-02,2019010201002452,NCCB,20,6,73,213.00,"15,549.00"
2019-01-02,2019010201002451,NCCB,20,1,100,213.00,"21,300.00"
2019-01-02,2019010201002450,NCCB,20,18,140,213.00,"29,820.00"
2019-01-02,2019010201002437,NCCB,26,18,16,213.00,"3,408.00"
2019-01-02,2019010201002522,NCCB,20,57,66,214.00,"14,124.00"
2019-01-02,2019010201002457,NCCB,20,17,750,214.00,"160,500.00"
2019-01-02,2019010201002456,NCCB,20,1,300,214.00,"64,200.00"
2019-01-02,2019010201002455,NCCB,20,44,"2,000",214.00,"428,000.00"
2019-01-02,2019010201002454,NCCB,20,26,16,213.00,"3,408.00"
2019-01-02,2019010201002453,NCCB,20,6,55,213.00,"11,715.00"
2019-01-02,2019010201002858,NIB,42,14,50,552.00,"27,600.00"
2019-01-02,2019010201002725,NIB,1,25,50,551.00,"27,550.00"
2019-01-02,2019010201002612,NIB,42,40,99,551.00,"54,549.00"
2019-01-02,2019010201002552,NIB,42,40,99,551.00,"54,549.00"
2019-01-02,2019010201002533,NIB,6,59,101,551.00,"55,651.00"
2019-01-02,2019010201002501,NIB,6,40,99,551.00,"54,549.00"
2019-01-02,2019010201002743,NICA,13,45,"1,000",380.00,"380,000.00"
2019-01-02,2019010201002545,NICA,35,6,91,381.00,"34,671.00"
2019-01-02,2019010201002544,NICA,35,41,626,381.00,"238,506.00"
2019-01-02,2019010201002764,NICL,34,19,50,561.00,"28,050.00"
2019-01-02,2019010201002763,NICL,53,19,100,561.00,"56,100.00"
2019-01-02,2019010201002762,NICL,14,19,30,561.00,"16,830.00"
2019-01-02,2019010201002761,NICL,28,19,500,561.00,"280,500.00"
2019-01-02,2019010201002760,NICL,14,19,50,561.00,"28,050.00"
2019-01-02,2019010201002759,NICL,32,19,150,561.00,"84,150.00"
2019-01-02,2019010201002758,NICL,45,19,20,561.00,"11,220.00"
2019-01-02,2019010201002736,NICL,36,35,250,565.00,"141,250.00"
2019-01-02,2019010201002719,NICL,45,28,70,561.00,"39,270.00"
2019-01-02,2019010201002718,NICL,41,28,30,562.00,"16,860.00"
2019-01-02,2019010201002590,NICL,58,6,37,565.00,"20,905.00"
2019-01-02,2019010201002865,NIL,25,14,200,549.00,"109,800.00"
2019-01-02,2019010201002847,NIL,6,40,35,550.00,"19,250.00"
2019-01-02,2019010201002846,NIL,6,40,190,550.00,"104,500.00"
2019-01-02,2019010201002611,NLBBL,17,42,100,472.00,"47,200.00"
2019-01-02,2019010201002801,NLG,33,25,10,861.00,"8,610.00"
2019-01-02,2019010201002840,NLIC,48,41,17,"1,095.00","18,615.00"
2019-01-02,2019010201002723,NLIC,56,48,17,"1,094.00","18,598.00"
2019-01-02,2019010201002705,NLIC,42,40,15,"1,096.00","16,440.00"
2019-01-02,2019010201002659,NLIC,58,41,196,"1,095.00","214,620.00"
2019-01-02,2019010201002644,NLIC,10,51,17,"1,095.00","18,615.00"
2019-01-02,2019010201002625,NLIC,29,41,100,"1,095.00","109,500.00"
2019-01-02,2019010201002518,NLIC,19,34,200,"1,096.00","219,200.00"
2019-01-02,2019010201002517,NLIC,29,34,10,"1,097.00","10,970.00"
2019-01-02,2019010201002516,NLIC,26,34,47,"1,097.00","51,559.00"
2019-01-02,2019010201002459,NLIC,26,33,13,"1,097.00","14,261.00"
2019-01-02,2019010201002428,NLIC,26,32,210,"1,097.00","230,370.00"
2019-01-02,2019010201002383,NLIC,53,52,17,"1,096.00","18,632.00"
2019-01-02,2019010201002624,NLIC,22,41,200,"1,095.00","219,000.00"
2019-01-02,2019010201002623,NLIC,58,41,117,"1,095.00","128,115.00"
2019-01-02,2019010201002622,NLIC,53,40,50,"1,096.00","54,800.00"
2019-01-02,2019010201002613,NLIC,58,51,17,"1,095.00","18,615.00"
2019-01-02,2019010201002573,NLIC,58,4,366,"1,095.00","400,770.00"
2019-01-02,2019010201002572,NLIC,37,4,34,"1,095.00","37,230.00"
2019-01-02,2019010201002788,NLICL,58,19,610,710.00,"433,100.00"
2019-01-02,2019010201002786,NLICL,21,19,300,710.00,"213,000.00"
2019-01-02,2019010201002785,NLICL,58,19,420,710.00,"298,200.00"
2019-01-02,2019010201002784,NLICL,18,19,100,711.00,"71,100.00"
2019-01-02,2019010201002783,NLICL,36,19,300,711.00,"213,300.00"
2019-01-02,2019010201002782,NLICL,57,19,70,712.00,"49,840.00"
2019-01-02,2019010201002715,NLICL,18,39,50,713.00,"35,650.00"
2019-01-02,2019010201002645,NLICL,57,34,100,712.00,"71,200.00"
2019-01-02,2019010201002614,NLICL,57,21,30,712.00,"21,360.00"
2019-01-02,2019010201002835,NMB,1,57,200,321.00,"64,200.00"
2019-01-02,2019010201002834,NMB,41,57,100,321.00,"32,100.00"
2019-01-02,2019010201002833,NMB,45,57,248,321.00,"79,608.00"
2019-01-02,2019010201002832,NMB,32,57,200,321.00,"64,200.00"
2019-01-02,2019010201002831,NMB,13,57,25,321.00,"8,025.00"
2019-01-02,2019010201002830,NMB,42,57,100,321.00,"32,100.00"
2019-01-02,2019010201002829,NMB,14,57,200,321.00,"64,200.00"
2019-01-02,2019010201002828,NMB,32,57,173,321.00,"55,533.00"
2019-01-02,2019010201002731,NMB,32,49,27,321.00,"8,667.00"
2019-01-02,2019010201002730,NMB,22,49,200,321.00,"64,200.00"
2019-01-02,2019010201002729,NMB,41,49,10,321.00,"3,210.00"
2019-01-02,2019010201002754,NTC,59,7,10,739.00,"7,390.00"
2019-01-02,2019010201002720,NTC,7,42,100,731.00,"73,100.00"
2019-01-02,2019010201002704,NTC,7,13,90,730.00,"65,700.00"
2019-01-02,2019010201002592,NTC,32,42,50,731.00,"36,550.00"
2019-01-02,2019010201002591,NTC,32,42,50,732.00,"36,600.00"
2019-01-02,2019010201002604,NUBL,41,1,40,765.00,"30,600.00"
2019-01-02,2019010201002603,NUBL,41,45,10,760.00,"7,600.00"
2019-01-02,2019010201002602,NUBL,41,57,100,760.00,"76,000.00"
2019-01-02,2019010201002601,NUBL,41,14,30,759.00,"22,770.00"
2019-01-02,2019010201002377,NUBL,53,43,383,750.00,"287,250.00"
2019-01-02,2019010201002376,NUBL,53,43,17,750.00,"12,750.00"
2019-01-02,2019010201002771,PCBL,5,14,327,334.00,"109,218.00"
2019-01-02,2019010201002752,PCBL,57,14,30,334.00,"10,020.00"
2019-01-02,2019010201002703,PCBL,49,14,80,334.00,"26,720.00"
2019-01-02,2019010201002666,PCBL,11,14,200,334.00,"66,800.00"
2019-01-02,2019010201002636,PCBL,6,52,206,335.00,"69,010.00"
2019-01-02,2019010201002635,PCBL,6,37,231,335.00,"77,385.00"
2019-01-02,2019010201002526,PCBL,6,40,63,334.00,"21,042.00"
2019-01-02,2019010201002525,PCBL,32,40,192,334.00,"64,128.00"
2019-01-02,2019010201002416,PFL,51,59,28,136.00,"3,808.00"
2019-01-02,2019010201002809,PIC,32,32,1,"1,027.00","1,027.00"
2019-01-02,2019010201002707,PIC,44,44,1,"1,030.00","1,030.00"
2019-01-02,2019010201002641,PIC,44,44,1,"1,030.00","1,030.00"
2019-01-02,2019010201002580,PIC,44,44,1,"1,030.00","1,030.00"
2019-01-02,2019010201002550,PIC,44,44,1,"1,030.00","1,030.00"
2019-01-02,2019010201002532,PIC,44,44,1,"1,030.00","1,030.00"
2019-01-02,2019010201002425,PIC,7,6,100,"1,032.00","103,200.00"
2019-01-02,2019010201002702,PICL,39,34,100,693.00,"69,300.00"
2019-01-02,2019010201002630,PICL,39,42,50,693.00,"34,650.00"
2019-01-02,2019010201002629,PICL,53,42,50,693.00,"34,650.00"
2019-01-02,2019010201002569,PICL,43,41,10,695.00,"6,950.00"
2019-01-02,2019010201002768,PLIC,19,42,200,493.00,"98,600.00"
2019-01-02,2019010201002767,PLIC,59,42,100,493.00,"49,300.00"
2019-01-02,2019010201002742,PLIC,35,45,300,494.00,"148,200.00"
2019-01-02,2019010201002741,PLIC,22,45,500,494.00,"247,000.00"
2019-01-02,2019010201002740,PLIC,53,45,50,494.00,"24,700.00"
2019-01-02,2019010201002739,PLIC,13,45,500,494.00,"247,000.00"
2019-01-02,2019010201002738,PLIC,53,45,50,494.00,"24,700.00"
2019-01-02,2019010201002737,PLIC,51,45,"1,000",495.00,"495,000.00"
2019-01-02,2019010201002627,PLIC,35,45,500,496.00,"248,000.00"
2019-01-02,2019010201002523,PLIC,41,45,30,497.00,"14,910.00"
2019-01-02,2019010201002503,PLIC,22,1,392,496.00,"194,432.00"
2019-01-02,2019010201002856,PMHPL,32,39,10,115.00,"1,150.00"
2019-01-02,2019010201002836,PMHPL,10,46,10,114.00,"1,140.00"
2019-01-02,2019010201002671,PMHPL,10,46,10,114.00,"1,140.00"
2019-01-02,2019010201002631,PMHPL,10,46,10,114.00,"1,140.00"
2019-01-02,2019010201002825,PRIN,28,59,150,452.00,"67,800.00"
2019-01-02,2019010201002824,PRIN,14,59,100,452.00,"45,200.00"
2019-01-02,2019010201002823,PRIN,14,59,100,452.00,"45,200.00"
2019-01-02,2019010201002822,PRIN,22,59,200,453.00,"90,600.00"
2019-01-02,2019010201002821,PRIN,22,59,113,453.00,"51,189.00"
2019-01-02,2019010201002643,PRIN,22,7,87,453.00,"39,411.00"
2019-01-02,2019010201002642,PRIN,19,7,200,453.00,"90,600.00"
2019-01-02,2019010201002633,PRIN,56,7,384,454.00,"174,336.00"
2019-01-02,2019010201002632,PRIN,41,7,50,455.00,"22,750.00"
2019-01-02,2019010201002849,PRVU,17,40,"1,600",245.00,"392,000.00"
2019-01-02,2019010201002806,PRVU,14,11,131,244.00,"31,964.00"
2019-01-02,2019010201002805,PRVU,6,11,50,244.00,"12,200.00"
2019-01-02,2019010201002804,PRVU,53,11,300,244.00,"73,200.00"
2019-01-02,2019010201002803,PRVU,32,11,500,244.00,"122,000.00"
2019-01-02,2019010201002802,PRVU,32,11,19,244.00,"4,636.00"
2019-01-02,2019010201002469,PRVU,34,11,297,245.00,"72,765.00"
2019-01-02,2019010201002475,PRVU,34,14,597,245.00,"146,265.00"
2019-01-02,2019010201002474,PRVU,34,11,"1,403",245.00,"343,735.00"
2019-01-02,2019010201002473,PRVU,25,11,"1,000",245.00,"245,000.00"
2019-01-02,2019010201002472,PRVU,21,11,500,245.00,"122,500.00"
2019-01-02,2019010201002471,PRVU,42,11,300,245.00,"73,500.00"
2019-01-02,2019010201002470,PRVU,57,11,500,245.00,"122,500.00"
2019-01-02,2019010201002535,PRVU,25,40,200,245.00,"49,000.00"
2019-01-02,2019010201002530,PRVU,42,40,500,245.00,"122,500.00"
2019-01-02,2019010201002529,PRVU,25,40,138,245.00,"33,810.00"
2019-01-02,2019010201002478,PRVU,25,14,62,245.00,"15,190.00"
2019-01-02,2019010201002477,PRVU,1,14,150,245.00,"36,750.00"
2019-01-02,2019010201002476,PRVU,5,14,500,245.00,"122,500.00"
2019-01-02,2019010201002787,PRVU,32,14,300,244.00,"73,200.00"
2019-01-02,2019010201002657,PRVU,32,11,181,244.00,"44,164.00"
2019-01-02,2019010201002656,PRVU,48,11,619,244.00,"151,036.00"
2019-01-02,2019010201002578,PRVU,1,40,120,245.00,"29,400.00"
2019-01-02,2019010201002540,PRVU,48,6,381,244.00,"92,964.00"
2019-01-02,2019010201002539,PRVU,34,6,119,244.00,"29,036.00"
2019-01-02,2019010201002698,RHPC,4,25,44,97.00,"4,268.00"
2019-01-02,2019010201002571,RHPC,25,25,34,97.00,"3,298.00"
2019-01-02,2019010201002491,RLFL,51,44,300,114.00,"34,200.00"
2019-01-02,2019010201002857,RSDC,17,40,81,397.00,"32,157.00"
2019-01-02,2019010201002842,RSDC,17,40,12,397.00,"4,764.00"
2019-01-02,2019010201002841,RSDC,39,40,69,398.00,"27,462.00"
2019-01-02,2019010201002808,RSDC,39,40,31,398.00,"12,338.00"
2019-01-02,2019010201002807,RSDC,49,40,50,400.00,"20,000.00"
2019-01-02,2019010201002756,RSDC,22,53,20,401.00,"8,020.00"
2019-01-02,2019010201002531,RSDC,38,51,25,402.00,"10,050.00"
2019-01-02,2019010201002851,SANIMA,26,53,100,309.00,"30,900.00"
2019-01-02,2019010201002753,SANIMA,37,7,100,308.00,"30,800.00"
2019-01-02,2019010201002435,SANIMA,37,33,100,308.00,"30,800.00"
2019-01-02,2019010201002663,SBL,6,52,260,294.00,"76,440.00"
2019-01-02,2019010201002662,SBL,6,1,200,294.00,"58,800.00"
2019-01-02,2019010201002661,SBL,6,53,40,294.00,"11,760.00"
2019-01-02,2019010201002867,SCB,42,13,51,618.00,"31,518.00"
2019-01-02,2019010201002866,SCB,42,13,49,618.00,"30,282.00"
2019-01-02,2019010201002527,SCB,57,58,100,615.00,"61,500.00"
2019-01-02,2019010201002755,SDESI,33,6,22,657.00,"14,454.00"
2019-01-02,2019010201002381,SEOS,5,14,"5,000",10.10,"50,500.00"
2019-01-02,2019010201002680,SHINE,55,29,200,251.00,"50,200.00"
2019-01-02,2019010201002820,SICL,34,16,100,915.00,"91,500.00"
2019-01-02,2019010201002385,SICL,53,6,129,910.00,"117,390.00"
2019-01-02,2019010201002791,SIL,46,1,20,650.00,"13,000.00"
2019-01-02,2019010201002430,SIL,44,1,103,650.00,"66,950.00"
2019-01-02,2019010201002793,SKBBL,51,14,200,"1,050.00","210,000.00"
2019-01-02,2019010201002681,SKBBL,43,28,200,"1,050.00","210,000.00"
2019-01-02,2019010201002652,SKBBL,5,33,317,"1,055.00","334,435.00"
2019-01-02,2019010201002575,SKBBL,5,32,50,"1,050.00","52,500.00"
2019-01-02,2019010201002574,SKBBL,5,35,150,"1,049.00","157,350.00"
2019-01-02,2019010201002812,SLICL,57,40,100,555.00,"55,500.00"
2019-01-02,2019010201002557,SLICL,57,57,500,560.00,"280,000.00"
2019-01-02,2019010201002431,SLICL,5,35,191,555.00,"106,005.00"
2019-01-02,2019010201002700,SMFDB,57,49,20,725.00,"14,500.00"
2019-01-02,2019010201002536,SMFDB,57,55,10,725.00,"7,250.00"
2019-01-02,2019010201002837,SPDL,45,41,400,94.00,"37,600.00"
2019-01-02,2019010201002637,SPDL,45,51,15,94.00,"1,410.00"
2019-01-02,2019010201002628,SPDL,45,51,15,94.00,"1,410.00"
2019-01-02,2019010201002429,SPDL,5,41,91,95.00,"8,645.00"
2019-01-02,2019010201002436,SRBL,51,48,200,215.00,"43,000.00"
2019-01-02,2019010201002599,TRH,33,48,20,246.00,"4,920.00"
2019-01-02,2019010201002777,UIC,16,40,20,813.00,"16,260.00"
2019-01-02,2019010201002687,UIC,39,38,10,807.00,"8,070.00"
2019-01-02,2019010201002524,UIC,45,16,70,823.00,"57,610.00"
2019-01-02,2019010201002498,UIC,45,58,30,823.00,"24,690.00"
2019-01-02,2019010201002384,UIC,16,39,20,826.00,"16,520.00"
2019-01-02,2019010201002382,UIC,1,39,20,826.00,"16,520.00"
2019-01-02,2019010201002358,ADBL,13,52,94,345.00,"32,430.00"
2019-01-02,2019010201002357,ADBL,54,52,16,345.00,"5,520.00"
2019-01-02,2019010201001947,ADBL,28,37,78,347.00,"27,066.00"
2019-01-02,2019010201001946,ADBL,28,43,456,346.00,"157,776.00"
2019-01-02,2019010201002356,ADBL,49,52,50,345.00,"17,250.00"
2019-01-02,2019010201002355,ADBL,49,52,50,345.00,"17,250.00"
2019-01-02,2019010201002157,ADBL,49,43,200,346.00,"69,200.00"
2019-01-02,2019010201002276,AHPC,37,57,300,106.00,"31,800.00"
2019-01-02,2019010201001970,AKJCL,41,47,20,95.00,"1,900.00"
2019-01-02,2019010201001939,AKJCL,41,47,10,95.00,950.00
2019-01-02,2019010201001938,AKJCL,47,47,10,96.00,960.00
2019-01-02,2019010201002257,AKPL,48,49,13,185.00,"2,405.00"
2019-01-02,2019010201002102,AKPL,13,38,107,187.00,"20,009.00"
2019-01-02,2019010201002101,AKPL,13,26,13,187.00,"2,431.00"
2019-01-02,2019010201002100,AKPL,13,38,28,186.00,"5,208.00"
2019-01-02,2019010201002318,ALICL,5,5,200,610.00,"122,000.00"
2019-01-02,2019010201002241,API,25,35,100,152.00,"15,200.00"
2019-01-02,2019010201002230,API,28,35,100,152.00,"15,200.00"
2019-01-02,2019010201002170,API,41,41,"1,000",151.00,"151,000.00"
2019-01-02,2019010201001969,API,25,35,68,152.00,"10,336.00"
2019-01-02,2019010201001913,API,18,35,32,152.00,"4,864.00"
2019-01-02,2019010201001900,API,25,35,100,152.00,"15,200.00"
2019-01-02,2019010201002309,BOKL,35,45,22,329.00,"7,238.00"
2019-01-02,2019010201002277,BOKL,55,45,20,329.00,"6,580.00"
2019-01-02,2019010201002253,BOKL,57,40,82,328.00,"26,896.00"
2019-01-02,2019010201002112,BOKL,57,28,241,328.00,"79,048.00"
2019-01-02,2019010201002039,BOKL,41,28,10,328.00,"3,280.00"
2019-01-02,2019010201002030,BOKL,52,28,200,328.00,"65,600.00"
2019-01-02,2019010201002029,BOKL,33,28,500,328.00,"164,000.00"
2019-01-02,2019010201002028,BOKL,26,28,49,328.00,"16,072.00"
2019-01-02,2019010201001919,BOKL,26,32,500,328.00,"164,000.00"
2019-01-02,2019010201001881,BOKL,6,45,20,329.00,"6,580.00"
2019-01-02,2019010201002287,BPCL,38,28,25,374.00,"9,350.00"
2019-01-02,2019010201002286,BPCL,29,28,70,374.00,"26,180.00"
2019-01-02,2019010201002205,CBBL,49,14,50,855.00,"42,750.00"
2019-01-02,2019010201002161,CBBL,49,50,50,855.00,"42,750.00"
2019-01-02,2019010201002143,CBBL,51,21,100,855.00,"85,500.00"
2019-01-02,2019010201001996,CBBL,43,1,10,856.00,"8,560.00"
2019-01-02,2019010201002024,CBL,26,21,57,163.00,"9,291.00"
2019-01-02,2019010201002305,CCBL,6,58,120,171.00,"20,520.00"
2019-01-02,2019010201002304,CCBL,6,58,113,171.00,"19,323.00"
2019-01-02,2019010201002229,CCBL,57,45,50,170.00,"8,500.00"
2019-01-02,2019010201002067,CCBL,33,25,494,171.00,"84,474.00"
2019-01-02,2019010201002066,CCBL,25,25,200,171.00,"34,200.00"
2019-01-02,2019010201002065,CCBL,59,25,806,171.00,"137,826.00"
2019-01-02,2019010201001907,CCBL,59,22,183,171.00,"31,293.00"
2019-01-02,2019010201001903,CCBL,59,22,126,171.00,"21,546.00"
2019-01-02,2019010201001899,CCBL,45,43,60,172.00,"10,320.00"
2019-01-02,2019010201002302,CHCL,17,20,200,681.00,"136,200.00"
2019-01-02,2019010201002301,CHCL,33,20,100,681.00,"68,100.00"
2019-01-02,2019010201002300,CHCL,21,20,100,681.00,"68,100.00"
2019-01-02,2019010201002299,CHCL,34,20,395,682.00,"269,390.00"
2019-01-02,2019010201002298,CHCL,17,20,50,682.00,"34,100.00"
2019-01-02,2019010201002297,CHCL,55,20,20,682.00,"13,640.00"
2019-01-02,2019010201002008,CHCL,6,10,100,686.00,"68,600.00"
2019-01-02,2019010201002007,CHCL,35,10,30,687.00,"20,610.00"
2019-01-02,2019010201002006,CHCL,22,10,16,687.00,"10,992.00"
2019-01-02,2019010201002021,CHCL,37,54,100,685.00,"68,500.00"
2019-01-02,2019010201002020,CHCL,29,54,13,685.00,"8,905.00"
2019-01-02,2019010201002019,CHCL,35,54,14,685.00,"9,590.00"
2019-01-02,2019010201002018,CHCL,47,54,283,685.00,"193,855.00"
2019-01-02,2019010201002017,CHCL,22,54,46,686.00,"31,556.00"
2019-01-02,2019010201002009,CHCL,22,10,454,686.00,"311,444.00"
2019-01-02,2019010201002056,CHCL,57,59,75,685.00,"51,375.00"
2019-01-02,2019010201002055,CHCL,26,59,210,685.00,"143,850.00"
2019-01-02,2019010201002054,CHCL,50,59,"1,000",685.00,"685,000.00"
2019-01-02,2019010201002053,CHCL,58,59,780,685.00,"534,300.00"
2019-01-02,2019010201002052,CHCL,42,59,16,685.00,"10,960.00"
2019-01-02,2019010201002022,CHCL,42,54,44,685.00,"30,140.00"
2019-01-02,2019010201002062,CHCL,49,59,140,685.00,"95,900.00"
2019-01-02,2019010201002061,CHCL,58,59,300,685.00,"205,500.00"
2019-01-02,2019010201002060,CHCL,6,59,150,685.00,"102,750.00"
2019-01-02,2019010201002059,CHCL,37,59,500,685.00,"342,500.00"
2019-01-02,2019010201002058,CHCL,37,59,250,685.00,"171,250.00"
2019-01-02,2019010201002057,CHCL,43,59,100,685.00,"68,500.00"
2019-01-02,2019010201002237,CHCL,49,6,100,684.00,"68,400.00"
2019-01-02,2019010201002225,CHCL,49,25,11,683.00,"7,513.00"
2019-01-02,2019010201002194,CHCL,49,59,95,683.00,"64,885.00"
2019-01-02,2019010201002169,CHCL,49,59,17,683.00,"11,611.00"
2019-01-02,2019010201002168,CHCL,34,59,13,683.00,"8,879.00"
2019-01-02,2019010201002089,CHCL,52,5,100,684.00,"68,400.00"
2019-01-02,2019010201002250,CHCL,49,49,192,681.00,"130,752.00"
2019-01-02,2019010201002249,CHCL,1,49,100,681.00,"68,100.00"
2019-01-02,2019010201002248,CHCL,22,49,100,682.00,"68,200.00"
2019-01-02,2019010201002247,CHCL,53,49,33,682.00,"22,506.00"
2019-01-02,2019010201002246,CHCL,49,49,45,683.00,"30,735.00"
2019-01-02,2019010201002245,CHCL,35,49,30,684.00,"20,520.00"
2019-01-02,2019010201002306,CIT,18,20,20,"2,109.00","42,180.00"
2019-01-02,2019010201002285,CIT,5,20,20,"2,109.00","42,180.00"
2019-01-02,2019010201002284,CIT,11,20,20,"2,109.00","42,180.00"
2019-01-02,2019010201002283,CIT,49,20,30,"2,111.00","63,330.00"
2019-01-02,2019010201002282,CIT,18,20,150,"2,112.00","316,800.00"
2019-01-02,2019010201002204,CIT,34,25,49,"2,108.00","103,292.00"
2019-01-02,2019010201002164,CIT,42,7,20,"2,115.00","42,300.00"
2019-01-02,2019010201002040,CIT,42,6,100,"2,115.00","211,500.00"
2019-01-02,2019010201001995,CIT,42,29,80,"2,115.00","169,200.00"
2019-01-02,2019010201001994,CIT,5,29,20,"2,120.00","42,400.00"
2019-01-02,2019010201001879,CIT,45,25,10,"2,130.00","21,300.00"
2019-01-02,2019010201001878,CIT,50,25,11,"2,131.00","23,441.00"
2019-01-02,2019010201002326,CZBIL,32,39,500,212.00,"106,000.00"
2019-01-02,2019010201002327,DBBL,45,43,483,126.00,"60,858.00"
2019-01-02,2019010201001920,DBBL,18,1,92,127.00,"11,684.00"
2019-01-02,2019010201001955,DDBL,34,22,16,650.00,"10,400.00"
2019-01-02,2019010201001918,EBL,17,29,142,538.00,"76,396.00"
2019-01-02,2019010201001906,EBL,35,29,400,539.00,"215,600.00"
2019-01-02,2019010201002295,FMDBL,41,34,200,386.00,"77,200.00"
2019-01-02,2019010201002108,FMDBL,53,34,50,385.00,"19,250.00"
2019-01-02,2019010201002096,FMDBL,53,41,400,385.00,"154,000.00"
2019-01-02,2019010201002232,GBBL,32,25,16,188.00,"3,008.00"
2019-01-02,2019010201002239,GBIME,33,49,200,271.00,"54,200.00"
2019-01-02,2019010201001988,GBIME,57,46,194,270.00,"52,380.00"
2019-01-02,2019010201001987,GBIME,42,46,250,270.00,"67,500.00"
2019-01-02,2019010201001986,GBIME,39,46,10,270.00,"2,700.00"
2019-01-02,2019010201001898,GBIME,39,17,40,270.00,"10,800.00"
2019-01-02,2019010201001897,GBIME,41,17,500,270.00,"135,000.00"
2019-01-02,2019010201001896,GBIME,11,17,460,270.00,"124,200.00"
2019-01-02,2019010201001887,GBIME,49,49,"2,000",271.00,"542,000.00"
2019-01-02,2019010201001886,GBIME,57,49,890,271.00,"241,190.00"
2019-01-02,2019010201002308,GBLBS,39,38,600,436.00,"261,600.00"
2019-01-02,2019010201002307,GBLBS,38,38,10,437.00,"4,370.00"
2019-01-02,2019010201002221,GBLBS,38,25,10,437.00,"4,370.00"
2019-01-02,2019010201002275,GDBL,57,25,831,190.00,"157,890.00"
2019-01-02,2019010201002274,GDBL,37,25,275,190.00,"52,250.00"
2019-01-02,2019010201002273,GDBL,32,25,94,191.00,"17,954.00"
2019-01-02,2019010201002365,GLICL,53,56,500,718.00,"359,000.00"
2019-01-02,2019010201002364,GLICL,6,56,100,718.00,"71,800.00"
2019-01-02,2019010201002363,GLICL,45,56,50,720.00,"36,000.00"
2019-01-02,2019010201002362,GLICL,29,56,80,722.00,"57,760.00"
2019-01-02,2019010201002133,GLICL,29,58,20,722.00,"14,440.00"
2019-01-02,2019010201002233,GRDBL,18,45,40,108.00,"4,320.00"
2019-01-02,2019010201001967,HATH,13,22,10,130.00,"1,300.00"
2019-01-02,2019010201002126,HGI,33,42,150,405.00,"60,750.00"
2019-01-02,2019010201001924,HGI,19,45,284,403.00,"114,452.00"
2019-01-02,2019010201001923,HGI,34,45,50,405.00,"20,250.00"
2019-01-02,2019010201001922,HGI,25,45,10,405.00,"4,050.00"
2019-01-02,2019010201001959,HIDCL,29,16,13,151.00,"1,963.00"
2019-01-02,2019010201001958,HIDCL,39,16,10,151.00,"1,510.00"
2019-01-02,2019010201002107,HPPL,42,39,10,184.00,"1,840.00"
2019-01-02,2019010201002093,ICFC,1,41,46,154.00,"7,084.00"
2019-01-02,2019010201001960,ICFC,57,39,14,153.00,"2,142.00"
2019-01-02,2019010201001949,JBBL,28,17,15,134.00,"2,010.00"
2019-01-02,2019010201002303,JBNL,57,22,400,169.00,"67,600.00"
2019-01-02,2019010201002271,JBNL,57,34,519,169.00,"87,711.00"
2019-01-02,2019010201002270,JBNL,47,34,200,169.00,"33,800.00"
2019-01-02,2019010201002269,JBNL,21,34,500,169.00,"84,500.00"
2019-01-02,2019010201002268,JBNL,17,34,500,169.00,"84,500.00"
2019-01-02,2019010201002267,JBNL,14,34,781,169.00,"131,989.00"
2019-01-02,2019010201002227,JBNL,14,21,219,169.00,"37,011.00"
2019-01-02,2019010201002351,JEFL,16,44,100,111.00,"11,100.00"
2019-01-02,2019010201002189,JEFL,16,58,700,111.00,"77,700.00"
2019-01-02,2019010201002296,KBL,13,58,400,245.00,"98,000.00"
2019-01-02,2019010201002226,KBL,52,10,100,245.00,"24,500.00"
2019-01-02,2019010201001973,KBL,29,19,146,245.00,"35,770.00"
2019-01-02,2019010201002369,KMCDB,29,48,50,"1,080.00","54,000.00"
2019-01-02,2019010201002368,KMCDB,29,40,20,"1,080.00","21,600.00"
2019-01-02,2019010201002367,KMCDB,29,40,50,"1,079.00","53,950.00"
2019-01-02,2019010201002366,KMCDB,29,34,100,"1,075.00","107,500.00"
2019-01-02,2019010201002038,KMCDB,22,39,30,"1,068.00","32,040.00"
2019-01-02,2019010201001915,KMCDB,39,6,71,"1,068.00","75,828.00"
2019-01-02,2019010201002074,KMCDB,48,6,70,"1,074.00","75,180.00"
2019-01-02,2019010201002073,KMCDB,48,6,100,"1,074.00","107,400.00"
2019-01-02,2019010201002072,KMCDB,48,48,100,"1,073.00","107,300.00"
2019-01-02,2019010201002047,KMCDB,48,38,100,"1,070.00","107,000.00"
2019-01-02,2019010201002046,KMCDB,48,19,110,"1,070.00","117,700.00"
2019-01-02,2019010201002045,KMCDB,48,16,50,"1,069.00","53,450.00"
2019-01-02,2019010201002158,KMCDB,29,58,30,"1,070.00","32,100.00"
2019-01-02,2019010201002076,KMCDB,48,44,27,"1,075.00","29,025.00"
2019-01-02,2019010201002075,KMCDB,48,48,203,"1,075.00","218,225.00"
2019-01-02,2019010201002088,KPCL,14,49,10,103.00,"1,030.00"
2019-01-02,2019010201002087,KPCL,14,42,"1,000",103.00,"103,000.00"
2019-01-02,2019010201002086,KPCL,14,46,10,102.00,"1,020.00"
2019-01-02,2019010201002085,KPCL,14,46,10,102.00,"1,020.00"
2019-01-02,2019010201002084,KPCL,14,46,10,102.00,"1,020.00"
2019-01-02,2019010201001945,KPCL,14,47,10,101.00,"1,010.00"
2019-01-02,2019010201001951,KRBL,59,47,11,98.00,"1,078.00"
2019-01-02,2019010201001934,KRBL,59,45,145,98.00,"14,210.00"
2019-01-02,2019010201001933,KRBL,14,45,60,99.00,"5,940.00"
2019-01-02,2019010201001932,KRBL,33,45,10,99.00,990.00
2019-01-02,2019010201001999,KSBBL,57,57,500,137.00,"68,500.00"
2019-01-02,2019010201001998,KSBBL,34,57,327,137.00,"44,799.00"
2019-01-02,2019010201001937,KSBBL,18,32,50,138.00,"6,900.00"
2019-01-02,2019010201001904,KSBBL,34,17,20,137.00,"2,740.00"
2019-01-02,2019010201002201,LBBL,50,41,"1,400",171.00,"239,400.00"
2019-01-02,2019010201002224,LBL,5,17,175,222.00,"38,850.00"
2019-01-02,2019010201002209,LBL,13,17,400,222.00,"88,800.00"
2019-01-02,2019010201002092,LBL,6,19,79,221.00,"17,459.00"
2019-01-02,2019010201002090,LBL,47,19,30,221.00,"6,630.00"
2019-01-02,2019010201002330,MBL,5,57,13,206.00,"2,678.00"
2019-01-02,2019010201002329,MBL,46,57,200,206.00,"41,200.00"
2019-01-02,2019010201002328,MBL,1,57,187,206.00,"38,522.00"
2019-01-02,2019010201002207,MBL,1,40,313,206.00,"64,478.00"
2019-01-02,2019010201002206,MBL,57,40,87,207.00,"18,009.00"
2019-01-02,2019010201002332,MEGA,42,14,477,174.00,"82,998.00"
2019-01-02,2019010201002331,MEGA,13,14,23,174.00,"4,002.00"
2019-01-02,2019010201002243,MEGA,13,46,127,174.00,"22,098.00"
2019-01-02,2019010201002242,MEGA,57,46,26,174.00,"4,524.00"
2019-01-02,2019010201002238,MEGA,26,42,110,175.00,"19,250.00"
2019-01-02,2019010201002228,MEGA,57,26,109,174.00,"18,966.00"
2019-01-02,2019010201002097,MEGA,57,58,108,174.00,"18,792.00"
2019-01-02,2019010201002091,MEGA,57,58,108,174.00,"18,792.00"
2019-01-02,2019010201002071,MEGA,57,44,270,174.00,"46,980.00"
2019-01-02,2019010201001905,MEGA,57,16,365,174.00,"63,510.00"
2019-01-02,2019010201002350,MLBBL,39,7,11,921.00,"10,131.00"
2019-01-02,2019010201002214,MMFDB,28,41,30,970.00,"29,100.00"
2019-01-02,2019010201002213,MMFDB,5,41,50,970.00,"48,500.00"
2019-01-02,2019010201002212,MMFDB,7,41,70,972.00,"68,040.00"
2019-01-02,2019010201002208,MMFDB,48,41,100,980.00,"98,000.00"
2019-01-02,2019010201002266,MNBBL,45,21,180,351.00,"63,180.00"
2019-01-02,2019010201002063,MNBBL,26,33,52,352.00,"18,304.00"
2019-01-02,2019010201001902,MPFL,44,44,5,171.00,855.00
2019-01-02,2019010201002252,MSLB,22,47,10,"1,263.00","12,630.00"
2019-01-02,2019010201002349,NABIL,45,40,100,851.00,"85,100.00"
2019-01-02,2019010201002348,NABIL,56,40,200,851.00,"170,200.00"
2019-01-02,2019010201002347,NABIL,26,40,10,851.00,"8,510.00"
2019-01-02,2019010201002346,NABIL,33,40,50,851.00,"42,550.00"
2019-01-02,2019010201002345,NABIL,38,40,100,852.00,"85,200.00"
2019-01-02,2019010201002344,NABIL,48,40,10,852.00,"8,520.00"
2019-01-02,2019010201002015,NABIL,55,45,20,854.00,"17,080.00"
2019-01-02,2019010201002343,NABIL,11,40,192,852.00,"163,584.00"
2019-01-02,2019010201002342,NABIL,29,40,100,853.00,"85,300.00"
2019-01-02,2019010201002341,NABIL,42,40,100,853.00,"85,300.00"
2019-01-02,2019010201002182,NABIL,11,22,133,852.00,"113,316.00"
2019-01-02,2019010201002181,NABIL,57,22,25,853.00,"21,325.00"
2019-01-02,2019010201002180,NABIL,49,22,25,853.00,"21,325.00"
2019-01-02,2019010201002354,NBB,1,21,17,191.00,"3,247.00"
2019-01-02,2019010201002340,NBB,28,21,250,192.00,"48,000.00"
2019-01-02,2019010201002099,NBB,28,33,500,192.00,"96,000.00"
2019-01-02,2019010201002012,NBB,28,41,91,192.00,"17,472.00"
2019-01-02,2019010201001965,NBB,28,6,150,192.00,"28,800.00"
2019-01-02,2019010201001943,NBB,53,6,850,192.00,"163,200.00"
2019-01-02,2019010201002353,NBL,33,41,174,305.00,"53,070.00"
2019-01-02,2019010201002352,NBL,33,41,326,305.00,"99,430.00"
2019-01-02,2019010201002005,NBL,33,39,474,305.00,"144,570.00"
2019-01-02,2019010201002004,NBL,42,39,300,305.00,"91,500.00"
2019-01-02,2019010201002003,NBL,57,39,500,305.00,"152,500.00"
2019-01-02,2019010201002002,NBL,41,39,500,305.00,"152,500.00"
2019-01-02,2019010201002001,NBL,21,39,100,305.00,"30,500.00"
2019-01-02,2019010201002000,NBL,32,39,126,305.00,"38,430.00"
2019-01-02,2019010201001948,NBL,58,19,950,306.00,"290,700.00"
2019-01-02,2019010201001880,NBL,58,56,50,306.00,"15,300.00"
2019-01-02,2019010201002219,NCCB,53,40,287,212.00,"60,844.00"
2019-01-02,2019010201002218,NCCB,20,40,113,212.00,"23,956.00"
2019-01-02,2019010201002146,NCCB,20,18,44,213.00,"9,372.00"
2019-01-02,2019010201002124,NCCB,20,17,"1,500",213.00,"319,500.00"
2019-01-02,2019010201002123,NCCB,20,13,156,213.00,"33,228.00"
2019-01-02,2019010201002122,NCCB,20,17,200,213.00,"42,600.00"
2019-01-02,2019010201002121,NCCB,20,41,300,213.00,"63,900.00"
2019-01-02,2019010201002120,NCCB,20,45,50,213.00,"10,650.00"
2019-01-02,2019010201002119,NCCB,20,48,250,213.00,"53,250.00"
2019-01-02,2019010201002027,NCCB,20,21,20,212.00,"4,240.00"
2019-01-02,2019010201001992,NCCB,20,18,567,212.00,"120,204.00"
2019-01-02,2019010201001972,NCCB,20,16,300,212.00,"63,600.00"
2019-01-02,2019010201002177,NIB,29,49,89,550.00,"48,950.00"
2019-01-02,2019010201002176,NIB,56,49,20,550.00,"11,000.00"
2019-01-02,2019010201002175,NIB,56,49,10,550.00,"5,500.00"
2019-01-02,2019010201002174,NIB,56,49,100,551.00,"55,100.00"
2019-01-02,2019010201002173,NIB,52,49,120,551.00,"66,120.00"
2019-01-02,2019010201002172,NIB,38,49,150,552.00,"82,800.00"
2019-01-02,2019010201002171,NIB,45,49,20,552.00,"11,040.00"
2019-01-02,2019010201001953,NIB,45,16,14,552.00,"7,728.00"
2019-01-02,2019010201001944,NIB,45,19,26,552.00,"14,352.00"
2019-01-02,2019010201002317,NIBPO,26,38,205,492.00,"100,860.00"
2019-01-02,2019010201002316,NIBPO,28,38,90,492.00,"44,280.00"
2019-01-02,2019010201002289,NICA,46,29,35,380.00,"13,300.00"
2019-01-02,2019010201002222,NICA,45,29,"1,965",380.00,"746,700.00"
2019-01-02,2019010201002111,NICA,45,41,35,380.00,"13,300.00"
2019-01-02,2019010201002294,NICL,41,44,340,562.00,"191,080.00"
2019-01-02,2019010201002293,NICL,46,44,200,563.00,"112,600.00"
2019-01-02,2019010201002292,NICL,45,44,300,563.00,"168,900.00"
2019-01-02,2019010201002291,NICL,58,44,150,563.00,"84,450.00"
2019-01-02,2019010201002290,NICL,53,44,10,564.00,"5,640.00"
2019-01-02,2019010201001909,NICL,53,10,40,564.00,"22,560.00"
2019-01-02,2019010201001908,NICL,32,10,60,564.00,"33,840.00"
2019-01-02,2019010201002160,NLBBL,34,5,10,480.00,"4,800.00"
2019-01-02,2019010201002103,NLBBL,19,51,163,478.00,"77,914.00"
2019-01-02,2019010201001966,NLG,42,48,75,845.00,"63,375.00"
2019-01-02,2019010201002325,NLIC,21,52,36,"1,098.00","39,528.00"
2019-01-02,2019010201002324,NLIC,21,55,14,"1,098.00","15,372.00"
2019-01-02,2019010201002281,NLIC,53,4,180,"1,096.00","197,280.00"
2019-01-02,2019010201002280,NLIC,51,4,20,"1,097.00","21,940.00"
2019-01-02,2019010201002162,NLIC,53,1,303,"1,096.00","332,088.00"
2019-01-02,2019010201002147,NLIC,25,55,100,"1,098.00","109,800.00"
2019-01-02,2019010201001875,NLIC,58,34,10,"1,100.00","11,000.00"
2019-01-02,2019010201001874,NLIC,58,57,10,"1,100.00","11,000.00"
2019-01-02,2019010201001873,NLIC,58,44,50,"1,100.00","55,000.00"
2019-01-02,2019010201001872,NLIC,58,41,17,"1,100.00","18,700.00"
2019-01-02,2019010201002069,NLIC,58,14,100,"1,097.00","109,700.00"
2019-01-02,2019010201002025,NLIC,58,4,121,"1,097.00","132,737.00"
2019-01-02,2019010201002023,NLIC,29,4,179,"1,097.00","196,363.00"
2019-01-02,2019010201002016,NLIC,29,45,71,"1,097.00","77,887.00"
2019-01-02,2019010201001921,NLIC,33,51,50,"1,099.00","54,950.00"
2019-01-02,2019010201001876,NLIC,58,34,17,"1,100.00","18,700.00"
2019-01-02,2019010201002142,NLIC,32,55,46,"1,098.00","50,508.00"
2019-01-02,2019010201002141,NLIC,32,14,54,"1,097.00","59,238.00"
2019-01-02,2019010201002140,NLIC,58,14,46,"1,097.00","50,462.00"
2019-01-02,2019010201002098,NLIC,58,39,17,"1,097.00","18,649.00"
2019-01-02,2019010201002083,NLIC,58,21,90,"1,097.00","98,730.00"
2019-01-02,2019010201002070,NLIC,58,57,126,"1,097.00","138,222.00"
2019-01-02,2019010201002265,NLICL,58,38,580,710.00,"411,800.00"
2019-01-02,2019010201002264,NLICL,22,38,100,710.00,"71,000.00"
2019-01-02,2019010201002263,NLICL,53,38,20,710.00,"14,200.00"
2019-01-02,2019010201002262,NLICL,22,38,300,711.00,"213,300.00"
2019-01-02,2019010201002261,NLICL,32,38,100,711.00,"71,100.00"
2019-01-02,2019010201002260,NLICL,58,38,100,712.00,"71,200.00"
2019-01-02,2019010201001936,NLICL,58,45,100,715.00,"71,500.00"
2019-01-02,2019010201001935,NLICL,58,16,100,714.00,"71,400.00"
2019-01-02,2019010201002339,NMB,55,56,500,322.00,"161,000.00"
2019-01-02,2019010201002338,NMB,22,56,100,322.00,"32,200.00"
2019-01-02,2019010201002337,NMB,6,56,14,322.00,"4,508.00"
2019-01-02,2019010201002315,NMB,6,49,286,322.00,"92,092.00"
2019-01-02,2019010201002314,NMB,1,49,500,322.00,"161,000.00"
2019-01-02,2019010201002313,NMB,32,49,300,322.00,"96,600.00"
2019-01-02,2019010201002312,NMB,43,49,50,322.00,"16,100.00"
2019-01-02,2019010201002311,NMB,33,49,864,322.00,"278,208.00"
2019-01-02,2019010201002231,NMB,33,21,136,322.00,"43,792.00"
2019-01-02,2019010201001981,NMBSF1,43,57,"1,000",11.00,"11,000.00"
2019-01-02,2019010201002031,NMFBS,16,41,84,"1,500.00","126,000.00"
2019-01-02,2019010201001942,NSEWA,44,44,10,585.00,"5,850.00"
2019-01-02,2019010201002131,NUBL,51,44,100,744.00,"74,400.00"
2019-01-02,2019010201002167,PCBL,32,55,197,334.00,"65,798.00"
2019-01-02,2019010201002165,PCBL,32,11,50,334.00,"16,700.00"
2019-01-02,2019010201002044,PCBL,32,21,18,334.00,"6,012.00"
2019-01-02,2019010201002011,PCBL,45,37,169,335.00,"56,615.00"
2019-01-02,2019010201002010,PCBL,45,6,131,335.00,"43,885.00"
2019-01-02,2019010201002118,PFL,51,49,24,136.00,"3,264.00"
2019-01-02,2019010201002371,PIC,32,37,11,"1,030.00","11,330.00"
2019-01-02,2019010201002251,PIC,32,45,10,"1,027.00","10,270.00"
2019-01-02,2019010201001962,PIC,44,44,1,"1,010.00","1,010.00"
2019-01-02,2019010201002370,PLIC,28,1,500,496.00,"248,000.00"
2019-01-02,2019010201002032,PLIC,5,45,100,495.00,"49,500.00"
2019-01-02,2019010201001989,PLIC,29,38,30,495.00,"14,850.00"
2019-01-02,2019010201002272,PMHPL,10,25,10,114.00,"1,140.00"
2019-01-02,2019010201002258,PMHPL,10,40,10,114.00,"1,140.00"
2019-01-02,2019010201002159,PMHPL,10,49,10,114.00,"1,140.00"
2019-01-02,2019010201002081,PMHPL,10,56,10,114.00,"1,140.00"
2019-01-02,2019010201001957,PMHPL,10,47,10,114.00,"1,140.00"
2019-01-02,2019010201002335,PRIN,56,57,116,454.00,"52,664.00"
2019-01-02,2019010201002334,PRIN,45,57,300,454.00,"136,200.00"
2019-01-02,2019010201002333,PRIN,34,57,84,454.00,"38,136.00"
2019-01-02,2019010201002244,PRIN,22,7,500,455.00,"227,500.00"
2019-01-02,2019010201002105,PRIN,25,7,200,455.00,"91,000.00"
2019-01-02,2019010201002013,PRIN,34,11,116,454.00,"52,664.00"
2019-01-02,2019010201001956,PRIN,48,7,200,455.00,"91,000.00"
2019-01-02,2019010201002236,PRVU,21,45,27,246.00,"6,642.00"
2019-01-02,2019010201002166,PRVU,21,11,73,246.00,"17,958.00"
2019-01-02,2019010201002130,PRVU,57,11,200,246.00,"49,200.00"
2019-01-02,2019010201002129,PRVU,47,11,100,246.00,"24,600.00"
2019-01-02,2019010201002128,PRVU,49,11,100,246.00,"24,600.00"
2019-01-02,2019010201002127,PRVU,57,11,527,246.00,"129,642.00"
2019-01-02,2019010201002104,PRVU,57,21,20,246.00,"4,920.00"
2019-01-02,2019010201002145,RADHI,41,49,11,162.00,"1,782.00"
2019-01-02,2019010201002078,RADHI,41,43,11,164.00,"1,804.00"
2019-01-02,2019010201002322,RLFL,59,45,"1,435",114.00,"163,590.00"
2019-01-02,2019010201002321,RLFL,1,45,500,114.00,"57,000.00"
2019-01-02,2019010201002320,RLFL,55,45,30,115.00,"3,450.00"
2019-01-02,2019010201002319,RLFL,1,45,500,115.00,"57,500.00"
2019-01-02,2019010201002220,RLFL,44,45,"1,700",116.00,"197,200.00"
2019-01-02,2019010201002187,RLFL,44,49,57,116.00,"6,612.00"
2019-01-02,2019010201001954,RLFL,44,45,240,116.00,"27,840.00"
2019-01-02,2019010201001950,RLFL,1,45,260,117.00,"30,420.00"
2019-01-02,2019010201001985,RMDC,13,14,74,541.00,"40,034.00"
2019-01-02,2019010201001984,RMDC,19,14,66,541.00,"35,706.00"
2019-01-02,2019010201001983,RMDC,53,14,40,542.00,"21,680.00"
2019-01-02,2019010201001982,RMDC,42,14,20,542.00,"10,840.00"
2019-01-02,2019010201002254,RSDC,28,51,20,402.00,"8,040.00"
2019-01-02,2019010201002139,SANIMA,37,41,285,308.00,"87,780.00"
2019-01-02,2019010201002138,SANIMA,57,41,220,308.00,"67,760.00"
2019-01-02,2019010201002137,SANIMA,49,41,500,308.00,"154,000.00"
2019-01-02,2019010201002136,SANIMA,34,41,200,308.00,"61,600.00"
2019-01-02,2019010201002135,SANIMA,34,41,195,309.00,"60,255.00"
2019-01-02,2019010201002125,SANIMA,34,26,900,309.00,"278,100.00"
2019-01-02,2019010201001914,SANIMA,37,16,232,309.00,"71,688.00"
2019-01-02,2019010201002080,SANIMA,34,50,405,309.00,"125,145.00"
2019-01-02,2019010201002079,SANIMA,34,50,595,309.00,"183,855.00"
2019-01-02,2019010201001964,SANIMA,34,44,905,309.00,"279,645.00"
2019-01-02,2019010201001963,SANIMA,28,44,95,309.00,"29,355.00"
2019-01-02,2019010201001941,SANIMA,28,58,405,309.00,"125,145.00"
2019-01-02,2019010201001940,SANIMA,37,58,95,309.00,"29,355.00"
2019-01-02,2019010201002179,SBI,13,58,30,395.00,"11,850.00"
2019-01-02,2019010201002178,SBI,13,17,258,395.00,"101,910.00"
2019-01-02,2019010201001931,SBI,35,17,30,395.00,"11,850.00"
2019-01-02,2019010201001930,SBI,1,17,100,395.00,"39,500.00"
2019-01-02,2019010201001929,SBI,35,17,20,395.00,"7,900.00"
2019-01-02,2019010201001928,SBI,14,17,50,395.00,"19,750.00"
2019-01-02,2019010201001927,SBI,48,17,42,395.00,"16,590.00"
2019-01-02,2019010201002240,SBL,10,10,"2,500",293.00,"732,500.00"
2019-01-02,2019010201002235,SBL,32,10,500,293.00,"146,500.00"
2019-01-02,2019010201002210,SBL,14,41,118,293.00,"34,574.00"
2019-01-02,2019010201002110,SBL,47,41,200,293.00,"58,600.00"
2019-01-02,2019010201002109,SBL,17,41,182,293.00,"53,326.00"
2019-01-02,2019010201002068,SBL,17,19,672,293.00,"196,896.00"
2019-01-02,2019010201002051,SBL,17,19,146,293.00,"42,778.00"
2019-01-02,2019010201002050,SBL,21,19,100,293.00,"29,300.00"
2019-01-02,2019010201002049,SBL,32,19,500,293.00,"146,500.00"
2019-01-02,2019010201002048,SBL,28,19,130,293.00,"38,090.00"
2019-01-02,2019010201001993,SBL,28,10,100,293.00,"29,300.00"
2019-01-02,2019010201002336,SCB,57,49,66,615.00,"40,590.00"
2019-01-02,2019010201002211,SCB,57,25,60,615.00,"36,900.00"
2019-01-02,2019010201002188,SCB,13,10,25,617.00,"15,425.00"
2019-01-02,2019010201002132,SCB,17,10,10,617.00,"6,170.00"
2019-01-02,2019010201002043,SCB,38,56,200,617.00,"123,400.00"
2019-01-02,2019010201001926,SCB,38,21,50,619.00,"30,950.00"
2019-01-02,2019010201001925,SCB,58,21,50,619.00,"30,950.00"
2019-01-02,2019010201002042,SCB,38,56,10,617.00,"6,170.00"
2019-01-02,2019010201002041,SCB,16,56,80,617.00,"49,360.00"
2019-01-02,2019010201001997,SCB,57,56,142,618.00,"87,756.00"
2019-01-02,2019010201001991,SCB,57,13,49,618.00,"30,282.00"
2019-01-02,2019010201001971,SCB,57,13,49,618.00,"30,282.00"
2019-01-02,2019010201002259,SEF,5,51,"2,000",9.20,"18,400.00"
2019-01-02,2019010201002082,SEOS,5,37,"5,000",10.10,"50,500.00"
2019-01-02,2019010201001980,SHPC,40,56,85,230.00,"19,550.00"
2019-01-02,2019010201001979,SHPC,38,56,100,230.00,"23,000.00"
2019-01-02,2019010201001978,SHPC,21,56,500,230.00,"115,000.00"
2019-01-02,2019010201001977,SHPC,33,56,"1,000",230.00,"230,000.00"
2019-01-02,2019010201001976,SHPC,29,56,115,230.00,"26,450.00"
2019-01-02,2019010201001975,SHPC,49,56,200,231.00,"46,200.00"
2019-01-02,2019010201002310,SICL,53,22,30,910.00,"27,300.00"
2019-01-02,2019010201002278,SICL,53,44,100,910.00,"91,000.00"
2019-01-02,2019010201002186,SICL,53,59,56,910.00,"50,960.00"
2019-01-02,2019010201002144,SICL,53,58,10,910.00,"9,100.00"
2019-01-02,2019010201002106,SIFC,58,32,30,134.00,"4,020.00"
2019-01-02,2019010201001961,SIFC,6,1,53,133.00,"7,049.00"
2019-01-02,2019010201002215,SIL,55,7,120,647.00,"77,640.00"
2019-01-02,2019010201002203,SIL,37,7,200,645.00,"129,000.00"
2019-01-02,2019010201002202,SIL,35,7,100,645.00,"64,500.00"
2019-01-02,2019010201002200,SIL,42,7,100,647.00,"64,700.00"
2019-01-02,2019010201002199,SIL,39,7,100,647.00,"64,700.00"
2019-01-02,2019010201002198,SIL,35,7,30,647.00,"19,410.00"
2019-01-02,2019010201002197,SIL,6,7,50,647.00,"32,350.00"
2019-01-02,2019010201002196,SIL,17,7,100,648.00,"64,800.00"
2019-01-02,2019010201002195,SIL,33,7,100,648.00,"64,800.00"
2019-01-02,2019010201002163,SLBBL,28,21,15,540.00,"8,100.00"
2019-01-02,2019010201002117,SLBS,58,38,100,"1,025.00","102,500.00"
2019-01-02,2019010201002116,SLBS,58,19,35,"1,025.00","35,875.00"
2019-01-02,2019010201002115,SLBS,58,43,12,"1,025.00","12,300.00"
2019-01-02,2019010201002114,SLBS,58,18,10,"1,020.00","10,200.00"
2019-01-02,2019010201002113,SLBS,58,38,10,"1,020.00","10,200.00"
2019-01-02,2019010201001917,SLBS,58,38,90,"1,020.00","91,800.00"
2019-01-02,2019010201001916,SLBS,58,38,10,"1,018.00","10,180.00"
2019-01-02,2019010201001912,SLBS,58,38,21,"1,018.00","21,378.00"
2019-01-02,2019010201001911,SLBS,58,38,100,"1,017.00","101,700.00"
2019-01-02,2019010201001910,SLBS,58,21,10,"1,017.00","10,170.00"
2019-01-02,2019010201002361,SLICL,5,52,309,555.00,"171,495.00"
2019-01-02,2019010201002360,SLICL,54,52,10,559.00,"5,590.00"
2019-01-02,2019010201002359,SLICL,17,52,25,559.00,"13,975.00"
2019-01-02,2019010201001901,SLICL,45,57,10,560.00,"5,600.00"
2019-01-02,2019010201001895,SMATA,35,28,20,"1,078.00","21,560.00"
2019-01-02,2019010201001894,SMATA,22,28,30,"1,078.00","32,340.00"
2019-01-02,2019010201001893,SMATA,11,28,10,"1,078.00","10,780.00"
2019-01-02,2019010201001892,SMATA,22,28,50,"1,079.00","53,950.00"
2019-01-02,2019010201001891,SMATA,41,28,30,"1,080.00","32,400.00"
2019-01-02,2019010201002134,SMFDB,21,48,90,730.00,"65,700.00"
2019-01-02,2019010201002014,SMFDB,21,55,10,730.00,"7,300.00"
2019-01-02,2019010201002217,SPDL,45,49,15,94.00,"1,410.00"
2019-01-02,2019010201002037,SPDL,45,7,395,94.00,"37,130.00"
2019-01-02,2019010201002150,SRBL,4,48,500,215.00,"107,500.00"
2019-01-02,2019010201002149,SRBL,43,48,20,215.00,"4,300.00"
2019-01-02,2019010201002148,SRBL,55,48,67,215.00,"14,405.00"
2019-01-02,2019010201002077,SRBL,55,49,200,215.00,"43,000.00"
2019-01-02,2019010201001952,SRBL,55,19,50,215.00,"10,750.00"
2019-01-02,2019010201001888,SRBL,1,57,500,215.00,"107,500.00"
2019-01-02,2019010201002185,SWBBL,51,58,250,865.00,"216,250.00"
2019-01-02,2019010201002184,SWBBL,51,20,68,861.00,"58,548.00"
2019-01-02,2019010201002183,SWBBL,51,28,50,860.00,"43,000.00"
2019-01-02,2019010201002064,TRH,48,48,10,245.00,"2,450.00"
2019-01-02,2019010201002036,TRH,54,48,"1,000",241.00,"241,000.00"
2019-01-02,2019010201002035,TRH,47,48,200,241.00,"48,200.00"
2019-01-02,2019010201002034,TRH,55,48,200,242.00,"48,400.00"
2019-01-02,2019010201002033,TRH,47,48,200,244.00,"48,800.00"
2019-01-02,2019010201002026,TRH,47,48,200,245.00,"49,000.00"
2019-01-02,2019010201002288,UIC,16,58,10,814.00,"8,140.00"
2019-01-02,2019010201002279,UIC,16,58,50,800.00,"40,000.00"
2019-01-02,2019010201002234,UIC,16,38,100,790.00,"79,000.00"
2019-01-02,2019010201002223,UIC,37,57,100,786.00,"78,600.00"
2019-01-02,2019010201002216,UIC,39,38,100,780.00,"78,000.00"
2019-01-02,2019010201002193,UIC,26,38,100,785.00,"78,500.00"
2019-01-02,2019010201002153,UIC,37,58,20,780.00,"15,600.00"
2019-01-02,2019010201002152,UIC,37,44,200,779.00,"155,800.00"
2019-01-02,2019010201002151,UIC,37,6,100,778.00,"77,800.00"
2019-01-02,2019010201001968,UIC,16,39,500,768.00,"384,000.00"
2019-01-02,2019010201001877,UIC,40,39,300,762.00,"228,600.00"
2019-01-02,2019010201002192,UIC,26,38,100,785.00,"78,500.00"
2019-01-02,2019010201002191,UIC,26,34,100,784.00,"78,400.00"
2019-01-02,2019010201002190,UIC,26,29,100,783.00,"78,300.00"
2019-01-02,2019010201002156,UIC,37,29,100,783.00,"78,300.00"
2019-01-02,2019010201002155,UIC,37,38,100,782.00,"78,200.00"
2019-01-02,2019010201002154,UIC,37,21,150,780.00,"117,000.00"
2019-01-02,2019010201002323,UMHL,55,49,14,120.00,"1,680.00"
2019-01-02,2019010201001724,ADBL,49,58,80,345.00,"27,600.00"
2019-01-02,2019010201001710,ADBL,56,58,50,345.00,"17,250.00"
2019-01-02,2019010201001665,ADBL,49,58,50,345.00,"17,250.00"
2019-01-02,2019010201001657,ADBL,6,58,20,345.00,"6,900.00"
2019-01-02,2019010201001581,ADBL,45,43,200,345.00,"69,000.00"
2019-01-02,2019010201001580,ADBL,54,43,200,345.00,"69,000.00"
2019-01-02,2019010201001579,ADBL,52,43,200,345.00,"69,000.00"
2019-01-02,2019010201001578,ADBL,46,43,500,345.00,"172,500.00"
2019-01-02,2019010201001577,ADBL,46,43,50,345.00,"17,250.00"
2019-01-02,2019010201001762,AKJCL,56,34,20,96.00,"1,920.00"
2019-01-02,2019010201001679,AKJCL,47,34,10,96.00,960.00
2019-01-02,2019010201001664,AKJCL,47,34,20,96.00,"1,920.00"
2019-01-02,2019010201001651,AKJCL,47,34,20,96.00,"1,920.00"
2019-01-02,2019010201001642,AKJCL,47,34,10,96.00,960.00
2019-01-02,2019010201001634,AKJCL,47,34,10,96.00,960.00
2019-01-02,2019010201001396,AKJCL,47,47,10,96.00,960.00
2019-01-02,2019010201001629,AKJCL,47,34,20,96.00,"1,920.00"
2019-01-02,2019010201001628,AKJCL,47,34,10,96.00,960.00
2019-01-02,2019010201001618,AKJCL,47,34,20,96.00,"1,920.00"
2019-01-02,2019010201001610,AKJCL,47,34,20,96.00,"1,920.00"
2019-01-02,2019010201001605,AKJCL,47,34,10,96.00,960.00
2019-01-02,2019010201001405,AKJCL,47,49,10,96.00,960.00
2019-01-02,2019010201001849,AKPL,41,38,81,186.00,"15,066.00"
2019-01-02,2019010201001848,AKPL,41,13,10,186.00,"1,860.00"
2019-01-02,2019010201001842,AKPL,48,49,13,185.00,"2,405.00"
2019-01-02,2019010201001636,AKPL,55,49,13,184.00,"2,392.00"
2019-01-02,2019010201001481,AKPL,52,52,250,185.00,"46,250.00"
2019-01-02,2019010201001801,ALICL,35,56,20,610.00,"12,200.00"
2019-01-02,2019010201001800,ALICL,26,56,200,610.00,"122,000.00"
2019-01-02,2019010201001799,ALICL,10,56,13,610.00,"7,930.00"
2019-01-02,2019010201001785,ALICL,10,11,20,610.00,"12,200.00"
2019-01-02,2019010201001761,ALICL,10,17,13,610.00,"7,930.00"
2019-01-02,2019010201001826,API,32,47,500,151.00,"75,500.00"
2019-01-02,2019010201001782,API,25,47,90,151.00,"13,590.00"
2019-01-02,2019010201001696,API,22,49,17,150.00,"2,550.00"
2019-01-02,2019010201001694,API,22,25,14,150.00,"2,100.00"
2019-01-02,2019010201001693,API,54,25,"1,000",150.00,"150,000.00"
2019-01-02,2019010201001692,API,50,25,50,150.00,"7,500.00"
2019-01-02,2019010201001691,API,47,25,400,150.00,"60,000.00"
2019-01-02,2019010201001549,API,17,47,10,151.00,"1,510.00"
2019-01-02,2019010201001455,API,57,47,225,151.00,"33,975.00"
2019-01-02,2019010201001385,API,21,47,175,151.00,"26,425.00"
2019-01-02,2019010201001377,API,21,47,305,151.00,"46,055.00"
2019-01-02,2019010201001784,BOKL,29,45,100,329.00,"32,900.00"
2019-01-02,2019010201001537,BOKL,17,17,9,325.00,"2,925.00"
2019-01-02,2019010201001443,BOKL,36,20,"1,000",330.00,"330,000.00"
2019-01-02,2019010201001440,BOKL,35,34,15,329.00,"4,935.00"
2019-01-02,2019010201001787,BPCL,29,44,10,374.00,"3,740.00"
2019-01-02,2019010201001786,BPCL,44,58,10,375.00,"3,750.00"
2019-01-02,2019010201001706,BPCL,29,49,20,374.00,"7,480.00"
2019-01-02,2019010201001858,CBBL,45,39,330,849.00,"280,170.00"
2019-01-02,2019010201001857,CBBL,1,39,100,850.00,"85,000.00"
2019-01-02,2019010201001856,CBBL,58,39,570,850.00,"484,500.00"
2019-01-02,2019010201001783,CBBL,17,49,10,855.00,"8,550.00"
2019-01-02,2019010201001780,CBBL,17,49,490,855.00,"418,950.00"
2019-01-02,2019010201001779,CBBL,17,16,100,855.00,"85,500.00"
2019-01-02,2019010201001616,CBBL,58,58,200,850.00,"170,000.00"
2019-01-02,2019010201001429,CBBL,57,46,353,848.00,"299,344.00"
2019-01-02,2019010201001428,CBBL,29,46,100,848.00,"84,800.00"
2019-01-02,2019010201001427,CBBL,17,46,90,850.00,"76,500.00"
2019-01-02,2019010201001426,CBBL,51,46,57,850.00,"48,450.00"
2019-01-02,2019010201001778,CBBL,17,49,57,855.00,"48,735.00"
2019-01-02,2019010201001777,CBBL,17,13,233,854.00,"198,982.00"
2019-01-02,2019010201001672,CBBL,22,13,100,854.00,"85,400.00"
2019-01-02,2019010201001668,CBBL,45,1,300,853.00,"255,900.00"
2019-01-02,2019010201001659,CBBL,22,1,100,853.00,"85,300.00"
2019-01-02,2019010201001623,CBBL,58,58,"9,230",850.00,"7,845,500.00"
2019-01-02,2019010201001811,CBL,44,44,1,160.00,160.00
2019-01-02,2019010201001805,CBL,26,58,215,163.00,"35,045.00"
2019-01-02,2019010201001804,CBL,26,58,185,163.00,"30,155.00"
2019-01-02,2019010201001739,CBL,6,17,64,162.00,"10,368.00"
2019-01-02,2019010201001732,CBL,6,17,64,162.00,"10,368.00"
2019-01-02,2019010201001730,CBL,6,17,64,162.00,"10,368.00"
2019-01-02,2019010201001491,CBL,6,17,48,162.00,"7,776.00"
2019-01-02,2019010201001411,CBL,35,58,129,163.00,"21,027.00"
2019-01-02,2019010201001410,CBL,35,58,221,163.00,"36,023.00"
2019-01-02,2019010201001827,CCBL,59,37,218,171.00,"37,278.00"
2019-01-02,2019010201001810,CCBL,59,22,127,171.00,"21,717.00"
2019-01-02,2019010201001747,CCBL,59,17,14,171.00,"2,394.00"
2019-01-02,2019010201001746,CCBL,59,17,26,171.00,"4,446.00"
2019-01-02,2019010201001573,CCBL,59,32,500,171.00,"85,500.00"
2019-01-02,2019010201001470,CCBL,28,38,487,171.00,"83,277.00"
2019-01-02,2019010201001408,CCBL,1,38,13,171.00,"2,223.00"
2019-01-02,2019010201001407,CCBL,1,59,73,171.00,"12,483.00"
2019-01-02,2019010201001406,CCBL,1,59,100,171.00,"17,100.00"
2019-01-02,2019010201001723,CFCL,44,49,51,110.00,"5,610.00"
2019-01-02,2019010201001868,CHCL,26,35,28,688.00,"19,264.00"
2019-01-02,2019010201001835,CHCL,43,35,10,688.00,"6,880.00"
2019-01-02,2019010201001823,CHCL,22,20,84,686.00,"57,624.00"
2019-01-02,2019010201001822,CHCL,43,20,30,686.00,"20,580.00"
2019-01-02,2019010201001821,CHCL,59,20,100,686.00,"68,600.00"
2019-01-02,2019010201001820,CHCL,28,20,30,686.00,"20,580.00"
2019-01-02,2019010201001403,CHCL,29,14,17,689.00,"11,713.00"
2019-01-02,2019010201001399,CHCL,47,11,300,685.00,"205,500.00"
2019-01-02,2019010201001390,CHCL,47,17,11,685.00,"7,535.00"
2019-01-02,2019010201001386,CHCL,47,32,400,685.00,"274,000.00"
2019-01-02,2019010201001596,CHCL,17,35,20,687.00,"13,740.00"
2019-01-02,2019010201001543,CHCL,45,35,200,688.00,"137,600.00"
2019-01-02,2019010201001530,CHCL,17,37,94,687.00,"64,578.00"
2019-01-02,2019010201001498,CHCL,49,50,332,686.00,"227,752.00"
2019-01-02,2019010201001494,CHCL,35,50,100,686.00,"68,600.00"
2019-01-02,2019010201001459,CHCL,17,17,702,686.00,"481,572.00"
2019-01-02,2019010201001736,CHCL,17,22,100,687.00,"68,700.00"
2019-01-02,2019010201001727,CHCL,46,14,43,689.00,"29,627.00"
2019-01-02,2019010201001715,CHCL,26,35,194,688.00,"133,472.00"
2019-01-02,2019010201001682,CHCL,1,35,50,688.00,"34,400.00"
2019-01-02,2019010201001635,CHCL,39,35,200,688.00,"137,600.00"
2019-01-02,2019010201001633,CHCL,16,35,200,688.00,"137,600.00"
2019-01-02,2019010201001819,CHCL,48,20,100,686.00,"68,600.00"
2019-01-02,2019010201001818,CHCL,6,20,200,686.00,"137,200.00"
2019-01-02,2019010201001817,CHCL,33,20,400,686.00,"274,400.00"
2019-01-02,2019010201001816,CHCL,21,20,200,687.00,"137,400.00"
2019-01-02,2019010201001815,CHCL,17,20,86,687.00,"59,082.00"
2019-01-02,2019010201001814,CHCL,41,20,70,688.00,"48,160.00"
2019-01-02,2019010201001655,CIT,10,25,20,"2,135.00","42,700.00"
2019-01-02,2019010201001612,CLBSL,55,41,10,715.00,"7,150.00"
2019-01-02,2019010201001756,CZBIL,32,17,63,212.00,"13,356.00"
2019-01-02,2019010201001592,CZBIL,28,22,11,214.00,"2,354.00"
2019-01-02,2019010201001586,CZBIL,46,34,95,213.00,"20,235.00"
2019-01-02,2019010201001576,CZBIL,46,44,250,212.00,"53,000.00"
2019-01-02,2019010201001575,CZBIL,46,14,200,212.00,"42,400.00"
2019-01-02,2019010201001574,CZBIL,46,59,916,212.00,"194,192.00"
2019-01-02,2019010201001846,DBBL,32,48,"2,451",126.00,"308,826.00"
2019-01-02,2019010201001843,DBBL,56,49,45,125.00,"5,625.00"
2019-01-02,2019010201001656,DBBL,28,48,300,126.00,"37,800.00"
2019-01-02,2019010201001379,DDBL,1,7,100,651.00,"65,100.00"
2019-01-02,2019010201001378,DDBL,19,7,41,651.00,"26,691.00"
2019-01-02,2019010201001764,EBL,48,11,100,542.00,"54,200.00"
2019-01-02,2019010201001563,EBL,35,57,100,539.00,"53,900.00"
2019-01-02,2019010201001501,EBL,46,11,100,541.00,"54,100.00"
2019-01-02,2019010201001435,EBL,46,28,100,540.00,"54,000.00"
2019-01-02,2019010201001434,EBL,11,28,30,541.00,"16,230.00"
2019-01-02,2019010201001591,EDBLPO,43,38,"25,000",160.00,"4,000,000.00"
2019-01-02,2019010201001475,FMDBL,17,49,150,385.00,"57,750.00"
2019-01-02,2019010201001834,GBBL,39,58,"1,257",190.00,"238,830.00"
2019-01-02,2019010201001833,GBBL,39,43,200,190.00,"38,000.00"
2019-01-02,2019010201001832,GBBL,39,41,706,190.00,"134,140.00"
2019-01-02,2019010201001514,GBBL,32,17,63,188.00,"11,844.00"
