Date,Transact. No.,Symbol,Buyer,Seller,Quantity,Rate,Amount
2019-02-26,2019022601003662,ADBL,33,8,500,332.00,"166,000.00"
2019-02-26,2019022601003602,ADBL,49,8,34,332.00,"11,288.00"
2019-02-26,2019022601003523,ADBL,49,7,466,332.00,"154,712.00"
2019-02-26,2019022601003506,ADBL,14,40,79,331.00,"26,149.00"
2019-02-26,2019022601003505,ADBL,33,7,34,332.00,"11,288.00"
2019-02-26,2019022601003488,ADBL,14,48,14,331.00,"4,634.00"
2019-02-26,2019022601003190,ADBL,36,26,25,332.00,"8,300.00"
2019-02-26,2019022601003423,ADBL,33,11,908,332.00,"301,456.00"
2019-02-26,2019022601003422,ADBL,33,34,500,332.00,"166,000.00"
2019-02-26,2019022601003421,ADBL,33,38,650,332.00,"215,800.00"
2019-02-26,2019022601003420,ADBL,33,25,100,332.00,"33,200.00"
2019-02-26,2019022601003220,ADBL,14,5,103,331.00,"34,093.00"
2019-02-26,2019022601003191,ADBL,36,38,75,332.00,"24,900.00"
2019-02-26,2019022601003625,AKJCL,6,25,10,82.00,820.00
2019-02-26,2019022601003199,AKJCL,53,48,20,81.00,"1,620.00"
2019-02-26,2019022601003667,ALICL,35,58,21,549.00,"11,529.00"
2019-02-26,2019022601003658,ALICL,49,44,297,550.00,"163,350.00"
2019-02-26,2019022601003657,ALICL,33,44,40,550.00,"22,000.00"
2019-02-26,2019022601003656,ALICL,52,44,100,551.00,"55,100.00"
2019-02-26,2019022601003655,ALICL,11,44,63,551.00,"34,713.00"
2019-02-26,2019022601003582,ALICL,49,44,10,557.00,"5,570.00"
2019-02-26,2019022601003249,ALICL,57,54,100,551.00,"55,100.00"
2019-02-26,2019022601003248,ALICL,35,54,200,552.00,"110,400.00"
2019-02-26,2019022601003247,ALICL,32,54,200,552.00,"110,400.00"
2019-02-26,2019022601003246,ALICL,28,54,100,552.00,"55,200.00"
2019-02-26,2019022601003188,ALICL,28,44,100,552.00,"55,200.00"
2019-02-26,2019022601003282,ALICL,42,54,30,550.00,"16,500.00"
2019-02-26,2019022601003281,ALICL,35,54,190,551.00,"104,690.00"
2019-02-26,2019022601003280,ALICL,46,54,50,551.00,"27,550.00"
2019-02-26,2019022601003261,ALICL,42,54,170,550.00,"93,500.00"
2019-02-26,2019022601003260,ALICL,42,54,30,550.00,"16,500.00"
2019-02-26,2019022601003259,ALICL,57,54,400,551.00,"220,400.00"
2019-02-26,2019022601003322,ALICL,11,28,37,551.00,"20,387.00"
2019-02-26,2019022601003285,ALICL,17,54,100,550.00,"55,000.00"
2019-02-26,2019022601003284,ALICL,33,54,100,550.00,"55,000.00"
2019-02-26,2019022601003283,ALICL,38,54,50,550.00,"27,500.00"
2019-02-26,2019022601003427,AMFI,39,52,10,680.00,"6,800.00"
2019-02-26,2019022601003654,API,16,57,10,125.00,"1,250.00"
2019-02-26,2019022601003637,API,25,57,15,125.00,"1,875.00"
2019-02-26,2019022601003619,API,21,43,18,124.00,"2,232.00"
2019-02-26,2019022601003631,BOKL,47,47,48,240.00,"11,520.00"
2019-02-26,2019022601003472,BOKL,45,25,500,240.00,"120,000.00"
2019-02-26,2019022601003508,BPCL,16,45,60,340.00,"20,400.00"
2019-02-26,2019022601003609,CBBL,6,42,50,869.00,"43,450.00"
2019-02-26,2019022601003633,CBL,46,34,30,150.00,"4,500.00"
2019-02-26,2019022601003586,CBL,1,34,841,149.00,"125,309.00"
2019-02-26,2019022601003349,CBL,1,6,17,147.00,"2,499.00"
2019-02-26,2019022601003660,CCBL,46,26,30,159.00,"4,770.00"
2019-02-26,2019022601003603,CFCL,1,17,65,107.00,"6,955.00"
2019-02-26,2019022601003562,CFCL,1,33,44,107.00,"4,708.00"
2019-02-26,2019022601003436,CFCL,47,14,200,108.00,"21,600.00"
2019-02-26,2019022601003435,CFCL,1,14,"1,000",108.00,"108,000.00"
2019-02-26,2019022601003434,CFCL,41,14,"1,000",108.00,"108,000.00"
2019-02-26,2019022601003433,CFCL,49,14,500,108.00,"54,000.00"
2019-02-26,2019022601003270,CFCL,10,14,200,109.00,"21,800.00"
2019-02-26,2019022601003269,CFCL,1,14,500,109.00,"54,500.00"
2019-02-26,2019022601003268,CFCL,58,14,247,109.00,"26,923.00"
2019-02-26,2019022601003267,CFCL,45,14,244,110.00,"26,840.00"
2019-02-26,2019022601003432,CFCL,1,14,"1,000",108.00,"108,000.00"
2019-02-26,2019022601003431,CFCL,49,14,250,109.00,"27,250.00"
2019-02-26,2019022601003430,CFCL,39,14,100,109.00,"10,900.00"
2019-02-26,2019022601003429,CFCL,49,14,200,109.00,"21,800.00"
2019-02-26,2019022601003272,CFCL,42,14,300,109.00,"32,700.00"
2019-02-26,2019022601003271,CFCL,48,14,200,109.00,"21,800.00"
2019-02-26,2019022601003614,CHLBS,5,6,20,581.00,"11,620.00"
2019-02-26,2019022601003613,CHLBS,47,6,10,582.00,"5,820.00"
2019-02-26,2019022601003397,CHLBS,5,58,90,581.00,"52,290.00"
2019-02-26,2019022601003396,CHLBS,19,58,10,581.00,"5,810.00"
2019-02-26,2019022601003395,CHLBS,21,58,40,581.00,"23,240.00"
2019-02-26,2019022601003394,CHLBS,14,58,50,581.00,"29,050.00"
2019-02-26,2019022601003254,CHLBS,28,43,10,585.00,"5,850.00"
2019-02-26,2019022601003387,CHLBS,43,58,10,584.00,"5,840.00"
2019-02-26,2019022601003369,CHLBS,53,33,20,585.00,"11,700.00"
2019-02-26,2019022601003368,CHLBS,53,32,70,585.00,"40,950.00"
2019-02-26,2019022601003367,CHLBS,28,32,230,585.00,"134,550.00"
2019-02-26,2019022601003274,CHLBS,28,43,10,585.00,"5,850.00"
2019-02-26,2019022601003263,CHLBS,28,43,10,585.00,"5,850.00"
2019-02-26,2019022601003393,CHLBS,54,58,50,581.00,"29,050.00"
2019-02-26,2019022601003392,CHLBS,39,58,50,581.00,"29,050.00"
2019-02-26,2019022601003391,CHLBS,19,58,10,581.00,"5,810.00"
2019-02-26,2019022601003390,CHLBS,16,58,310,581.00,"180,110.00"
2019-02-26,2019022601003389,CHLBS,32,58,30,582.00,"17,460.00"
2019-02-26,2019022601003388,CHLBS,39,58,50,582.00,"29,100.00"
2019-02-26,2019022601003476,CIT,50,36,30,"2,507.00","75,210.00"
2019-02-26,2019022601003475,CIT,6,36,70,"2,510.00","175,700.00"
2019-02-26,2019022601003418,CIT,6,55,30,"2,510.00","75,300.00"
2019-02-26,2019022601003417,CIT,49,55,50,"2,510.00","125,500.00"
2019-02-26,2019022601003416,CIT,34,55,10,"2,510.00","25,100.00"
2019-02-26,2019022601003415,CIT,50,55,10,"2,511.00","25,110.00"
2019-02-26,2019022601003319,CLBSL,14,56,60,630.00,"37,800.00"
2019-02-26,2019022601003291,CLBSL,14,16,10,630.00,"6,300.00"
2019-02-26,2019022601003203,CLBSL,56,34,10,622.00,"6,220.00"
2019-02-26,2019022601003289,CMF1,21,42,200,9.10,"1,820.00"
2019-02-26,2019022601003482,CZBIL,36,17,111,201.00,"22,311.00"
2019-02-26,2019022601003481,CZBIL,14,17,150,201.00,"30,150.00"
2019-02-26,2019022601003357,CZBIL,14,35,150,201.00,"30,150.00"
2019-02-26,2019022601003356,CZBIL,56,35,200,201.00,"40,200.00"
2019-02-26,2019022601003355,CZBIL,59,35,650,201.00,"130,650.00"
2019-02-26,2019022601003224,CZBIL,59,47,84,201.00,"16,884.00"
2019-02-26,2019022601003464,DBBL,25,42,307,122.00,"37,454.00"
2019-02-26,2019022601003463,DBBL,33,42,300,122.00,"36,600.00"
2019-02-26,2019022601003462,DBBL,40,42,100,122.00,"12,200.00"
2019-02-26,2019022601003461,DBBL,40,42,293,122.00,"35,746.00"
2019-02-26,2019022601003375,DBBL,40,48,19,122.00,"2,318.00"
2019-02-26,2019022601003218,DBBL,40,34,24,122.00,"2,928.00"
2019-02-26,2019022601003205,DBBL,36,34,100,123.00,"12,300.00"
2019-02-26,2019022601003673,EBL,19,52,16,507.00,"8,112.00"
2019-02-26,2019022601003257,EIC,1,38,13,795.00,"10,335.00"
2019-02-26,2019022601003645,FMDBL,19,45,50,351.00,"17,550.00"
2019-02-26,2019022601003644,FMDBL,59,45,300,351.00,"105,300.00"
2019-02-26,2019022601003643,FMDBL,34,45,100,351.00,"35,100.00"
2019-02-26,2019022601003642,FMDBL,50,45,300,352.00,"105,600.00"
2019-02-26,2019022601003641,FMDBL,32,45,200,353.00,"70,600.00"
2019-02-26,2019022601003640,FMDBL,42,45,50,354.00,"17,700.00"
2019-02-26,2019022601003278,FMDBL,56,45,100,354.00,"35,400.00"
2019-02-26,2019022601003634,GBBL,6,6,3,180.00,540.00
2019-02-26,2019022601003616,GBBL,6,32,97,182.00,"17,654.00"
2019-02-26,2019022601003646,GBIME,56,52,197,257.00,"50,629.00"
2019-02-26,2019022601003500,GBLBS,36,42,50,433.00,"21,650.00"
2019-02-26,2019022601003290,GBLBS,36,58,10,433.00,"4,330.00"
2019-02-26,2019022601003240,GBLBS,36,32,420,433.00,"181,860.00"
2019-02-26,2019022601003239,GBLBS,52,32,200,434.00,"86,800.00"
2019-02-26,2019022601003238,GBLBS,16,32,30,435.00,"13,050.00"
2019-02-26,2019022601003571,GLICL,58,17,50,684.00,"34,200.00"
2019-02-26,2019022601003374,GLICL,58,29,100,673.00,"67,300.00"
2019-02-26,2019022601003546,GRDBL,42,33,48,102.00,"4,896.00"
2019-02-26,2019022601003649,HBL,21,28,30,428.00,"12,840.00"
2019-02-26,2019022601003590,HBL,43,28,20,429.00,"8,580.00"
2019-02-26,2019022601003589,HBL,25,28,13,430.00,"5,590.00"
2019-02-26,2019022601003618,HGI,22,50,10,382.00,"3,820.00"
2019-02-26,2019022601003210,HIDCL,28,47,100,131.00,"13,100.00"
2019-02-26,2019022601003209,HIDCL,47,47,100,131.00,"13,100.00"
2019-02-26,2019022601003208,HIDCL,4,47,200,131.00,"26,200.00"
2019-02-26,2019022601003207,HIDCL,46,47,31,131.00,"4,061.00"
2019-02-26,2019022601003617,JBNL,29,54,226,164.00,"37,064.00"
2019-02-26,2019022601003601,JBNL,48,54,164,165.00,"27,060.00"
2019-02-26,2019022601003588,JBNL,29,58,136,164.00,"22,304.00"
2019-02-26,2019022601003575,JBNL,45,54,110,165.00,"18,150.00"
2019-02-26,2019022601003574,JBNL,45,52,50,165.00,"8,250.00"
2019-02-26,2019022601003573,JBNL,45,44,270,165.00,"44,550.00"
2019-02-26,2019022601003572,JBNL,45,45,70,165.00,"11,550.00"
2019-02-26,2019022601003384,JBNL,29,38,15,164.00,"2,460.00"
2019-02-26,2019022601003612,KBL,33,52,168,229.00,"38,472.00"
2019-02-26,2019022601003611,KBL,28,52,32,230.00,"7,360.00"
2019-02-26,2019022601003266,KBL,28,39,41,230.00,"9,430.00"
2019-02-26,2019022601003473,KMFL,28,10,101,890.00,"89,890.00"
2019-02-26,2019022601003298,KNBL,43,14,209,118.00,"24,662.00"
2019-02-26,2019022601003297,KNBL,43,21,50,118.00,"5,900.00"
2019-02-26,2019022601003222,KPCL,53,34,10,91.00,910.00
2019-02-26,2019022601003221,KPCL,53,20,10,91.00,910.00
2019-02-26,2019022601003535,KPCL,53,59,10,91.00,910.00
2019-02-26,2019022601003507,KPCL,53,59,10,91.00,910.00
2019-02-26,2019022601003484,KSBBL,22,28,500,133.00,"66,500.00"
2019-02-26,2019022601003399,KSBBL,41,48,31,132.00,"4,092.00"
2019-02-26,2019022601003502,LBBL,59,48,10,172.00,"1,720.00"
2019-02-26,2019022601003669,LGIL,34,34,35,505.00,"17,675.00"
2019-02-26,2019022601003668,LGIL,57,34,15,505.00,"7,575.00"
2019-02-26,2019022601003256,LLBS,57,34,24,752.00,"18,048.00"
2019-02-26,2019022601003439,LVF1,47,8,"10,000",8.71,"87,100.00"
2019-02-26,2019022601003424,LVF1,28,8,"10,000",8.72,"87,200.00"
2019-02-26,2019022601003522,MBL,38,39,450,205.00,"92,250.00"
2019-02-26,2019022601003521,MBL,14,39,"1,000",205.00,"205,000.00"
2019-02-26,2019022601003520,MBL,34,39,200,205.00,"41,000.00"
2019-02-26,2019022601003519,MBL,49,39,"3,000",205.00,"615,000.00"
2019-02-26,2019022601003518,MBL,42,39,40,205.00,"8,200.00"
2019-02-26,2019022601003517,MBL,46,39,800,205.00,"164,000.00"
2019-02-26,2019022601003510,MBL,42,39,20,206.00,"4,120.00"
2019-02-26,2019022601003509,MBL,57,39,407,206.00,"83,842.00"
2019-02-26,2019022601003366,MBL,22,26,200,207.00,"41,400.00"
2019-02-26,2019022601003311,MBL,57,42,163,206.00,"33,578.00"
2019-02-26,2019022601003293,MBL,57,25,100,206.00,"20,600.00"
2019-02-26,2019022601003292,MBL,34,25,900,206.00,"185,400.00"
2019-02-26,2019022601003516,MBL,44,39,400,205.00,"82,000.00"
2019-02-26,2019022601003515,MBL,38,39,"2,000",205.00,"410,000.00"
2019-02-26,2019022601003514,MBL,34,39,300,205.00,"61,500.00"
2019-02-26,2019022601003513,MBL,32,39,500,206.00,"103,000.00"
2019-02-26,2019022601003512,MBL,29,39,80,206.00,"16,480.00"
2019-02-26,2019022601003511,MBL,49,39,200,206.00,"41,200.00"
2019-02-26,2019022601003580,MDB,1,57,165,274.00,"45,210.00"
2019-02-26,2019022601003579,MDB,38,57,25,274.00,"6,850.00"
2019-02-26,2019022601003578,MDB,19,57,100,274.00,"27,400.00"
2019-02-26,2019022601003577,MDB,49,57,10,275.00,"2,750.00"
2019-02-26,2019022601003491,MDB,59,32,150,276.00,"41,400.00"
2019-02-26,2019022601003490,MDB,59,37,228,276.00,"62,928.00"
2019-02-26,2019022601003541,MEGA,25,48,583,157.00,"91,531.00"
2019-02-26,2019022601003540,MEGA,22,48,50,157.00,"7,850.00"
2019-02-26,2019022601003539,MEGA,55,48,500,157.00,"78,500.00"
2019-02-26,2019022601003538,MEGA,26,48,267,157.00,"41,919.00"
2019-02-26,2019022601003197,MEGA,26,43,133,157.00,"20,881.00"
2019-02-26,2019022601003196,MEGA,46,43,100,157.00,"15,700.00"
2019-02-26,2019022601003195,MEGA,14,43,50,157.00,"7,850.00"
2019-02-26,2019022601003194,MEGA,19,43,100,157.00,"15,700.00"
2019-02-26,2019022601003193,MEGA,29,43,226,157.00,"35,482.00"
2019-02-26,2019022601003185,MEGA,29,34,15,157.00,"2,355.00"
2019-02-26,2019022601003370,MERO,42,58,200,593.00,"118,600.00"
2019-02-26,2019022601003253,MERO,42,16,50,593.00,"29,650.00"
2019-02-26,2019022601003252,MERO,29,16,40,593.00,"23,720.00"
2019-02-26,2019022601003251,MERO,21,16,100,593.00,"59,300.00"
2019-02-26,2019022601003250,MERO,36,16,10,594.00,"5,940.00"
2019-02-26,2019022601003494,MMFDB,25,25,12,916.00,"10,992.00"
2019-02-26,2019022601003343,MMFDB,17,25,10,920.00,"9,200.00"
2019-02-26,2019022601003342,MMFDB,42,25,100,920.00,"92,000.00"
2019-02-26,2019022601003341,MMFDB,57,25,100,921.00,"92,100.00"
2019-02-26,2019022601003340,MMFDB,22,25,50,922.00,"46,100.00"
2019-02-26,2019022601003232,MMFDB,57,25,32,920.00,"29,440.00"
2019-02-26,2019022601003231,MMFDB,47,25,38,921.00,"34,998.00"
2019-02-26,2019022601003230,MMFDB,1,25,25,922.00,"23,050.00"
2019-02-26,2019022601003568,MNBBL,14,28,180,334.00,"60,120.00"
2019-02-26,2019022601003545,MNBBL,42,28,20,334.00,"6,680.00"
2019-02-26,2019022601003470,MNBBL,8,28,50,334.00,"16,700.00"
2019-02-26,2019022601003469,MNBBL,42,28,50,334.00,"16,700.00"
2019-02-26,2019022601003468,MNBBL,51,28,30,334.00,"10,020.00"
2019-02-26,2019022601003467,MNBBL,42,28,175,334.00,"58,450.00"
2019-02-26,2019022601003288,MNBBL,28,28,259,336.00,"87,024.00"
2019-02-26,2019022601003453,MSMBS,51,25,42,527.00,"22,134.00"
2019-02-26,2019022601003681,NABIL,28,48,50,687.00,"34,350.00"
2019-02-26,2019022601003680,NABIL,28,34,41,687.00,"28,167.00"
2019-02-26,2019022601003672,NABIL,6,34,100,687.00,"68,700.00"
2019-02-26,2019022601003661,NABIL,32,34,100,687.00,"68,700.00"
2019-02-26,2019022601003561,NABIL,49,34,200,687.00,"137,400.00"
2019-02-26,2019022601003504,NABIL,52,17,50,686.00,"34,300.00"
2019-02-26,2019022601003241,NABIL,59,44,25,685.00,"17,125.00"
2019-02-26,2019022601003235,NABIL,42,44,50,685.00,"34,250.00"
2019-02-26,2019022601003501,NABIL,13,17,15,686.00,"10,290.00"
2019-02-26,2019022601003483,NABIL,37,17,30,686.00,"20,580.00"
2019-02-26,2019022601003465,NABIL,57,48,14,686.00,"9,604.00"
2019-02-26,2019022601003313,NABIL,32,1,50,685.00,"34,250.00"
2019-02-26,2019022601003306,NABIL,58,48,10,686.00,"6,860.00"
2019-02-26,2019022601003255,NABIL,29,44,25,684.00,"17,100.00"
2019-02-26,2019022601003454,NABILP,32,34,316,651.00,"205,716.00"
2019-02-26,2019022601003385,NABILP,32,34,53,652.00,"34,556.00"
2019-02-26,2019022601003448,NABILP,19,34,140,651.00,"91,140.00"
2019-02-26,2019022601003447,NABILP,6,34,300,651.00,"195,300.00"
2019-02-26,2019022601003446,NABILP,32,34,200,651.00,"130,200.00"
2019-02-26,2019022601003445,NABILP,28,34,44,651.00,"28,644.00"
2019-02-26,2019022601003632,NADEP,29,40,10,679.00,"6,790.00"
2019-02-26,2019022601003610,NADEP,29,26,10,679.00,"6,790.00"
2019-02-26,2019022601003361,NADEP,41,41,10,678.00,"6,780.00"
2019-02-26,2019022601003309,NADEP,5,1,100,680.00,"68,000.00"
2019-02-26,2019022601003308,NADEP,7,1,20,680.00,"13,600.00"
2019-02-26,2019022601003307,NADEP,57,1,20,681.00,"13,620.00"
2019-02-26,2019022601003301,NADEP,57,38,10,681.00,"6,810.00"
2019-02-26,2019022601003628,NBB,29,17,768,182.00,"139,776.00"
2019-02-26,2019022601003627,NBB,16,17,300,182.00,"54,600.00"
2019-02-26,2019022601003626,NBB,16,17,"1,932",182.00,"351,624.00"
2019-02-26,2019022601003348,NBB,16,44,68,182.00,"12,376.00"
2019-02-26,2019022601003347,NBB,52,44,50,182.00,"9,100.00"
2019-02-26,2019022601003346,NBB,17,44,200,182.00,"36,400.00"
2019-02-26,2019022601003345,NBB,39,44,99,182.00,"18,018.00"
2019-02-26,2019022601003316,NBB,39,5,41,182.00,"7,462.00"
2019-02-26,2019022601003630,NBBL,22,28,45,626.00,"28,170.00"
2019-02-26,2019022601003629,NBBL,19,28,155,626.00,"97,030.00"
2019-02-26,2019022601003487,NBBL,42,41,50,630.00,"31,500.00"
2019-02-26,2019022601003328,NBBL,52,50,31,634.00,"19,654.00"
2019-02-26,2019022601003327,NBBL,52,45,19,633.00,"12,027.00"
2019-02-26,2019022601003677,NBL,3,58,364,285.00,"103,740.00"
2019-02-26,2019022601003676,NBL,3,40,500,284.00,"142,000.00"
2019-02-26,2019022601003675,NBL,3,32,85,284.00,"24,140.00"
2019-02-26,2019022601003237,NBL,19,32,915,284.00,"259,860.00"
2019-02-26,2019022601003236,NBL,19,6,85,284.00,"24,140.00"
2019-02-26,2019022601003624,NCCB,58,52,150,203.00,"30,450.00"
2019-02-26,2019022601003623,NCCB,45,52,50,203.00,"10,150.00"
2019-02-26,2019022601003599,NCCB,34,45,200,204.00,"40,800.00"
2019-02-26,2019022601003598,NCCB,46,45,112,204.00,"22,848.00"
2019-02-26,2019022601003456,NCCB,52,26,200,204.00,"40,800.00"
2019-02-26,2019022601003337,NCCB,46,6,19,203.00,"3,857.00"
2019-02-26,2019022601003264,NCCB,46,38,46,203.00,"9,338.00"
2019-02-26,2019022601003273,NEF,19,54,"2,000",7.90,"15,800.00"
2019-02-26,2019022601003587,NHPC,19,6,100,62.00,"6,200.00"
2019-02-26,2019022601003332,NHPC,17,33,"1,000",61.00,"61,000.00"
2019-02-26,2019022601003184,NHPC,29,6,50,62.00,"3,100.00"
2019-02-26,2019022601003608,NIB,42,20,46,504.00,"23,184.00"
2019-02-26,2019022601003607,NIB,51,20,90,504.00,"45,360.00"
2019-02-26,2019022601003202,NIB,51,45,10,504.00,"5,040.00"
2019-02-26,2019022601003201,NIB,5,45,10,504.00,"5,040.00"
2019-02-26,2019022601003636,NICA,28,3,450,376.00,"169,200.00"
2019-02-26,2019022601003471,NICA,34,8,500,375.00,"187,500.00"
2019-02-26,2019022601003371,NICA,39,6,30,374.00,"11,220.00"
2019-02-26,2019022601003325,NICA,34,14,184,375.00,"69,000.00"
2019-02-26,2019022601003324,NICA,34,48,227,375.00,"85,125.00"
2019-02-26,2019022601003323,NICA,34,11,830,375.00,"311,250.00"
2019-02-26,2019022601003320,NICGF,50,42,200,8.55,"1,710.00"
2019-02-26,2019022601003674,NICL,16,37,10,369.00,"3,690.00"
2019-02-26,2019022601003503,NIL,25,51,100,512.00,"51,200.00"
2019-02-26,2019022601003365,NLG,5,22,108,790.00,"85,320.00"
2019-02-26,2019022601003364,NLG,5,25,11,789.00,"8,679.00"
2019-02-26,2019022601003363,NLG,5,53,25,788.00,"19,700.00"
2019-02-26,2019022601003360,NLG,41,29,78,781.00,"60,918.00"
2019-02-26,2019022601003359,NLG,11,29,12,781.00,"9,372.00"
2019-02-26,2019022601003358,NLG,57,29,10,782.00,"7,820.00"
2019-02-26,2019022601003647,NLIC,40,59,31,"1,010.00","31,310.00"
2019-02-26,2019022601003595,NLIC,19,1,100,"1,011.00","101,100.00"
2019-02-26,2019022601003594,NLIC,34,1,13,"1,016.00","13,208.00"
2019-02-26,2019022601003496,NLIC,35,39,10,"1,016.00","10,160.00"
2019-02-26,2019022601003354,NLIC,40,49,204,"1,015.00","207,060.00"
2019-02-26,2019022601003338,NLIC,38,38,7,"1,020.00","7,140.00"
2019-02-26,2019022601003287,NLIC,40,50,20,"1,015.00","20,300.00"
2019-02-26,2019022601003187,NLIC,40,25,500,"1,015.00","507,500.00"
2019-02-26,2019022601003186,NLIC,40,16,17,"1,012.00","17,204.00"
2019-02-26,2019022601003204,NLICL,40,20,23,621.00,"14,283.00"
2019-02-26,2019022601003620,NMB,57,29,400,304.00,"121,600.00"
2019-02-26,2019022601003593,NMB,57,29,600,304.00,"182,400.00"
2019-02-26,2019022601003592,NMB,57,52,400,304.00,"121,600.00"
2019-02-26,2019022601003296,NMB,8,47,160,303.00,"48,480.00"
2019-02-26,2019022601003295,NMB,33,47,47,304.00,"14,288.00"
2019-02-26,2019022601003213,NMB,33,59,200,304.00,"60,800.00"
2019-02-26,2019022601003198,NMB,1,34,460,304.00,"139,840.00"
2019-02-26,2019022601003635,NMBMF,58,45,80,"1,010.00","80,800.00"
2019-02-26,2019022601003615,NMBMF,21,45,20,"1,010.00","20,200.00"
2019-02-26,2019022601003537,NMBMF,7,45,18,"1,030.00","18,540.00"
2019-02-26,2019022601003444,NMBMF,43,49,26,"1,045.00","27,170.00"
2019-02-26,2019022601003443,NMBMF,53,49,70,"1,046.00","73,220.00"
2019-02-26,2019022601003451,NTC,59,59,10,681.00,"6,810.00"
2019-02-26,2019022601003442,NTC,34,20,100,678.00,"67,800.00"
2019-02-26,2019022601003265,NTC,41,7,500,679.00,"339,500.00"
2019-02-26,2019022601003214,NTC,42,59,100,681.00,"68,100.00"
2019-02-26,2019022601003567,NUBL,22,22,360,702.00,"252,720.00"
2019-02-26,2019022601003566,NUBL,44,22,100,702.00,"70,200.00"
2019-02-26,2019022601003499,NUBL,44,17,100,702.00,"70,200.00"
2019-02-26,2019022601003498,NUBL,41,17,100,702.00,"70,200.00"
2019-02-26,2019022601003600,OHL,1,58,19,410.00,"7,790.00"
2019-02-26,2019022601003576,OHL,42,35,10,414.00,"4,140.00"
2019-02-26,2019022601003279,OHL,1,47,115,410.00,"47,150.00"
2019-02-26,2019022601003486,PCBL,53,5,30,304.00,"9,120.00"
2019-02-26,2019022601003458,PCBL,53,36,970,304.00,"294,880.00"
2019-02-26,2019022601003457,PCBL,28,36,30,304.00,"9,120.00"
2019-02-26,2019022601003362,PCBL,28,6,20,304.00,"6,080.00"
2019-02-26,2019022601003321,PCBL,39,44,10,305.00,"3,050.00"
2019-02-26,2019022601003493,PIC,5,36,283,997.00,"282,151.00"
2019-02-26,2019022601003455,PIC,33,45,40,996.00,"39,840.00"
2019-02-26,2019022601003450,PIC,52,36,128,997.00,"127,616.00"
2019-02-26,2019022601003449,PIC,5,36,89,999.00,"88,911.00"
2019-02-26,2019022601003438,PIC,5,48,25,999.00,"24,975.00"
2019-02-26,2019022601003314,PIC,38,38,1,"1,000.00","1,000.00"
2019-02-26,2019022601003310,PIC,39,32,10,"1,004.00","10,040.00"
2019-02-26,2019022601003299,PIC,38,38,1,"1,000.00","1,000.00"
2019-02-26,2019022601003229,PIC,38,38,1,"1,000.00","1,000.00"
2019-02-26,2019022601003211,PIC,38,38,1,"1,000.00","1,000.00"
2019-02-26,2019022601003200,PIC,38,38,1,"1,000.00","1,000.00"
2019-02-26,2019022601003569,PICL,5,16,400,675.00,"270,000.00"
2019-02-26,2019022601003679,PLIC,35,42,10,439.00,"4,390.00"
2019-02-26,2019022601003331,PMHPL,29,57,10,108.00,"1,080.00"
2019-02-26,2019022601003315,PMHPL,29,57,10,108.00,"1,080.00"
2019-02-26,2019022601003671,PRVU,28,14,"1,000",210.00,"210,000.00"
2019-02-26,2019022601003591,PRVU,28,28,"1,000",210.00,"210,000.00"
2019-02-26,2019022601003480,PRVU,28,14,"1,500",210.00,"315,000.00"
2019-02-26,2019022601003440,PRVU,28,28,535,210.00,"112,350.00"
2019-02-26,2019022601003258,PRVU,58,28,465,210.00,"97,650.00"
2019-02-26,2019022601003217,PRVU,5,16,132,209.00,"27,588.00"
2019-02-26,2019022601003335,PURBL,28,34,45,154.00,"6,930.00"
2019-02-26,2019022601003219,PURBL,57,17,246,153.00,"37,638.00"
2019-02-26,2019022601003606,RADHI,54,49,300,157.00,"47,100.00"
2019-02-26,2019022601003425,RADHI,54,40,11,157.00,"1,727.00"
2019-02-26,2019022601003216,RBCL,26,33,14,"8,951.00","125,314.00"
2019-02-26,2019022601003212,RBCL,28,33,20,"8,960.00","179,200.00"
2019-02-26,2019022601003206,RBCL,58,33,10,"8,961.00","89,610.00"
2019-02-26,2019022601003404,RHPC,47,19,100,85.00,"8,500.00"
2019-02-26,2019022601003403,RHPC,33,19,200,85.00,"17,000.00"
2019-02-26,2019022601003402,RHPC,6,19,750,85.00,"63,750.00"
2019-02-26,2019022601003353,RHPC,6,19,250,85.00,"21,250.00"
2019-02-26,2019022601003352,RHPC,34,19,100,85.00,"8,500.00"
2019-02-26,2019022601003351,RHPC,53,19,83,85.00,"7,055.00"
2019-02-26,2019022601003339,RHPC,41,19,20,86.00,"1,720.00"
2019-02-26,2019022601003223,RRHP,38,16,10,86.00,860.00
2019-02-26,2019022601003560,SANIMA,19,17,260,291.00,"75,660.00"
2019-02-26,2019022601003559,SANIMA,19,34,300,291.00,"87,300.00"
2019-02-26,2019022601003558,SANIMA,19,40,200,291.00,"58,200.00"
2019-02-26,2019022601003557,SANIMA,19,17,240,291.00,"69,840.00"
2019-02-26,2019022601003536,SANIMA,35,17,30,291.00,"8,730.00"
2019-02-26,2019022601003318,SANIMA,53,17,80,291.00,"23,280.00"
2019-02-26,2019022601003183,SANIMA,10,35,200,290.00,"58,000.00"
2019-02-26,2019022601003182,SANIMA,17,35,500,290.00,"145,000.00"
2019-02-26,2019022601003670,SBBLJ,45,51,30,185.00,"5,550.00"
2019-02-26,2019022601003302,SBBLJ,45,51,10,185.00,"1,850.00"
2019-02-26,2019022601003400,SBI,11,3,100,372.00,"37,200.00"
2019-02-26,2019022601003398,SBI,7,3,250,372.00,"93,000.00"
2019-02-26,2019022601003495,SBL,49,49,"10,000",275.00,"2,750,000.00"
2019-02-26,2019022601003333,SBL,39,55,10,277.00,"2,770.00"
2019-02-26,2019022601003245,SBL,49,47,129,276.00,"35,604.00"
2019-02-26,2019022601003244,SBL,53,47,208,276.00,"57,408.00"
2019-02-26,2019022601003604,SCB,57,43,10,530.00,"5,300.00"
2019-02-26,2019022601003386,SCB,45,40,58,528.00,"30,624.00"
2019-02-26,2019022601003233,SCB,53,16,10,528.00,"5,280.00"
2019-02-26,2019022601003189,SCB,35,43,10,530.00,"5,300.00"
2019-02-26,2019022601003262,SCB,45,47,20,528.00,"10,560.00"
2019-02-26,2019022601003234,SCB,45,16,10,528.00,"5,280.00"
2019-02-26,2019022601003544,SDESI,44,58,50,586.00,"29,300.00"
2019-02-26,2019022601003543,SDESI,38,58,150,586.00,"87,900.00"
2019-02-26,2019022601003542,SDESI,34,58,100,586.00,"58,600.00"
2019-02-26,2019022601003532,SDESI,39,14,11,587.00,"6,457.00"
2019-02-26,2019022601003531,SDESI,39,14,11,587.00,"6,457.00"
2019-02-26,2019022601003530,SDESI,17,14,10,587.00,"5,870.00"
2019-02-26,2019022601003529,SDESI,34,14,20,588.00,"11,760.00"
2019-02-26,2019022601003528,SDESI,37,14,10,588.00,"5,880.00"
2019-02-26,2019022601003527,SDESI,42,14,10,589.00,"5,890.00"
2019-02-26,2019022601003526,SDESI,25,14,15,590.00,"8,850.00"
2019-02-26,2019022601003525,SDESI,19,14,10,591.00,"5,910.00"
2019-02-26,2019022601003556,SEOS,45,6,"4,000",9.65,"38,600.00"
2019-02-26,2019022601003534,SEOS,6,6,"50,000",9.60,"480,000.00"
2019-02-26,2019022601003659,SHINE,14,38,600,242.00,"145,200.00"
2019-02-26,2019022601003460,SHINE,44,46,126,238.00,"29,988.00"
2019-02-26,2019022601003459,SHINE,49,46,74,239.00,"17,686.00"
2019-02-26,2019022601003452,SHINE,49,6,36,239.00,"8,604.00"
2019-02-26,2019022601003441,SHINE,49,6,95,239.00,"22,705.00"
2019-02-26,2019022601003428,SHINE,49,6,95,239.00,"22,705.00"
2019-02-26,2019022601003414,SHL,4,56,895,200.00,"179,000.00"
2019-02-26,2019022601003413,SHL,25,56,200,200.00,"40,000.00"
2019-02-26,2019022601003412,SHL,43,56,500,201.00,"100,500.00"
2019-02-26,2019022601003411,SHL,40,56,125,201.00,"25,125.00"
2019-02-26,2019022601003410,SHL,55,56,180,202.00,"36,360.00"
2019-02-26,2019022601003409,SHL,58,56,100,204.00,"20,400.00"
2019-02-26,2019022601003383,SHPC,17,56,200,213.00,"42,600.00"
2019-02-26,2019022601003382,SHPC,50,56,200,213.00,"42,600.00"
2019-02-26,2019022601003381,SHPC,26,56,978,214.00,"209,292.00"
2019-02-26,2019022601003380,SHPC,33,56,200,215.00,"43,000.00"
2019-02-26,2019022601003379,SHPC,49,56,100,215.00,"21,500.00"
2019-02-26,2019022601003378,SHPC,14,56,180,215.00,"38,700.00"
2019-02-26,2019022601003605,SICL,42,33,10,870.00,"8,700.00"
2019-02-26,2019022601003437,SICL,59,43,50,865.00,"43,250.00"
2019-02-26,2019022601003294,SICL,16,43,50,865.00,"43,250.00"
2019-02-26,2019022601003565,SIFC,49,28,600,132.00,"79,200.00"
2019-02-26,2019022601003564,SIFC,43,28,200,133.00,"26,600.00"
2019-02-26,2019022601003650,SIL,44,59,200,595.00,"119,000.00"
2019-02-26,2019022601003653,SKBBL,42,42,30,833.00,"24,990.00"
2019-02-26,2019022601003622,SKBBL,57,42,10,833.00,"8,330.00"
2019-02-26,2019022601003585,SLBBL,19,57,40,505.00,"20,200.00"
2019-02-26,2019022601003377,SLBBL,32,51,121,500.00,"60,500.00"
2019-02-26,2019022601003376,SLBBL,45,51,34,500.00,"17,000.00"
2019-02-26,2019022601003478,SLBBL,32,6,21,500.00,"10,500.00"
2019-02-26,2019022601003477,SLBBL,32,6,79,500.00,"39,500.00"
2019-02-26,2019022601003584,SLBBL,19,32,40,504.00,"20,160.00"
2019-02-26,2019022601003583,SLBBL,19,57,70,502.00,"35,140.00"
2019-02-26,2019022601003648,SLBSL,22,6,10,772.00,"7,720.00"
2019-02-26,2019022601003492,SLBSL,22,34,10,772.00,"7,720.00"
2019-02-26,2019022601003489,SLBSL,22,34,10,772.00,"7,720.00"
2019-02-26,2019022601003555,SLICL,37,4,100,515.00,"51,500.00"
2019-02-26,2019022601003554,SLICL,48,4,100,515.00,"51,500.00"
2019-02-26,2019022601003553,SLICL,50,4,100,516.00,"51,600.00"
2019-02-26,2019022601003552,SLICL,16,4,150,516.00,"77,400.00"
2019-02-26,2019022601003551,SLICL,39,4,200,517.00,"103,400.00"
2019-02-26,2019022601003550,SLICL,59,4,200,517.00,"103,400.00"
2019-02-26,2019022601003549,SLICL,42,4,53,517.00,"27,401.00"
2019-02-26,2019022601003548,SLICL,56,4,50,518.00,"25,900.00"
2019-02-26,2019022601003547,SLICL,17,4,30,518.00,"15,540.00"
2019-02-26,2019022601003570,SMATA,41,57,32,"1,311.00","41,952.00"
2019-02-26,2019022601003497,SMATA,22,57,50,"1,311.00","65,550.00"
2019-02-26,2019022601003479,SMATA,33,57,18,"1,311.00","23,598.00"
2019-02-26,2019022601003466,SMATA,41,57,150,"1,311.00","196,650.00"
2019-02-26,2019022601003426,SMATA,33,52,50,"1,319.00","65,950.00"
2019-02-26,2019022601003344,SMB,50,6,10,584.00,"5,840.00"
2019-02-26,2019022601003336,SMFDB,44,58,158,660.00,"104,280.00"
2019-02-26,2019022601003524,SRBL,6,45,17,205.00,"3,485.00"
2019-02-26,2019022601003277,SRBL,38,16,103,203.00,"20,909.00"
2019-02-26,2019022601003276,SRBL,17,16,116,203.00,"23,548.00"
2019-02-26,2019022601003275,SRBL,46,16,100,204.00,"20,400.00"
2019-02-26,2019022601003597,SWBBL,41,5,16,805.00,"12,880.00"
2019-02-26,2019022601003596,SWBBL,41,41,14,805.00,"11,270.00"
2019-02-26,2019022601003533,SWBBL,11,41,10,805.00,"8,050.00"
2019-02-26,2019022601003474,SWBBL,25,22,47,805.00,"37,835.00"
2019-02-26,2019022601003373,TRH,17,38,420,240.00,"100,800.00"
2019-02-26,2019022601003372,TRH,5,38,180,241.00,"43,380.00"
2019-02-26,2019022601003286,UMHL,45,16,14,107.00,"1,498.00"
2019-02-26,2019022601003652,UPPER,54,42,13,223.00,"2,899.00"
2019-02-26,2019022601003651,UPPER,45,42,67,223.00,"14,941.00"
2019-02-26,2019022601003639,UPPER,41,58,81,224.00,"18,144.00"
2019-02-26,2019022601003638,UPPER,41,26,19,224.00,"4,256.00"
2019-02-26,2019022601003621,UPPER,45,39,293,223.00,"65,339.00"
2019-02-26,2019022601003300,UPPER,45,16,40,222.00,"8,880.00"
2019-02-26,2019022601003192,UPPER,45,20,50,222.00,"11,100.00"
2019-02-26,2019022601003329,UPPER,53,38,39,224.00,"8,736.00"
2019-02-26,2019022601003326,UPPER,54,10,50,223.00,"11,150.00"
2019-02-26,2019022601003312,UPPER,54,38,"1,000",223.00,"223,000.00"
2019-02-26,2019022601003305,UPPER,54,22,300,223.00,"66,900.00"
2019-02-26,2019022601003304,UPPER,54,22,100,223.00,"22,300.00"
2019-02-26,2019022601003303,UPPER,54,1,69,223.00,"15,387.00"
2019-02-26,2019022601003405,UPPER,54,32,149,223.00,"33,227.00"
2019-02-26,2019022601003401,UPPER,54,33,250,223.00,"55,750.00"
2019-02-26,2019022601003350,UPPER,54,39,50,223.00,"11,150.00"
2019-02-26,2019022601003330,UPPER,53,26,21,224.00,"4,704.00"
2019-02-26,2019022601003485,UPPER,45,51,50,223.00,"11,150.00"
2019-02-26,2019022601003408,UPPER,45,32,301,222.00,"66,822.00"
2019-02-26,2019022601003407,UPPER,45,32,30,223.00,"6,690.00"
2019-02-26,2019022601003406,UPPER,19,32,20,223.00,"4,460.00"
2019-02-26,2019022601003581,UPPER,45,10,50,223.00,"11,150.00"
2019-02-26,2019022601003563,UPPER,45,10,40,223.00,"8,920.00"
2019-02-26,2019022601003215,VLBS,43,34,12,663.00,"7,956.00"
2019-02-26,2019022601003678,WOMI,4,47,10,"1,122.00","11,220.00"
2019-02-26,2019022601003666,WOMI,4,45,33,"1,115.00","36,795.00"
2019-02-26,2019022601003665,WOMI,4,45,33,"1,115.00","36,795.00"
2019-02-26,2019022601003664,WOMI,4,45,13,"1,115.00","14,495.00"
2019-02-26,2019022601003663,WOMI,4,34,33,"1,114.00","36,762.00"
2019-02-26,2019022601003419,WOMI,33,48,11,"1,101.00","12,111.00"
2019-02-26,2019022601003226,WOMI,54,58,121,"1,103.00","133,463.00"
2019-02-26,2019022601003225,WOMI,43,58,10,"1,104.00","11,040.00"
2019-02-26,2019022601003334,WOMI,28,29,107,"1,102.00","117,914.00"
2019-02-26,2019022601003317,WOMI,33,16,33,"1,101.00","36,333.00"
2019-02-26,2019022601003243,WOMI,34,58,9,"1,102.00","9,918.00"
2019-02-26,2019022601003242,WOMI,34,58,11,"1,102.00","12,122.00"
2019-02-26,2019022601003228,WOMI,49,58,10,"1,102.00","11,020.00"
2019-02-26,2019022601003227,WOMI,49,58,100,"1,102.00","110,200.00"
2019-02-26,2019022601003063,ADBL,40,26,50,332.00,"16,600.00"
2019-02-26,2019022601002964,ADBL,33,8,948,331.00,"313,788.00"
2019-02-26,2019022601002927,ADBL,33,6,52,331.00,"17,212.00"
2019-02-26,2019022601002926,ADBL,42,6,30,331.00,"9,930.00"
2019-02-26,2019022601002732,ADBL,8,8,30,331.00,"9,930.00"
2019-02-26,2019022601002731,ADBL,14,8,"1,000",331.00,"331,000.00"
2019-02-26,2019022601002730,ADBL,29,8,300,331.00,"99,300.00"
2019-02-26,2019022601002729,ADBL,25,8,600,331.00,"198,600.00"
2019-02-26,2019022601002728,ADBL,41,8,500,331.00,"165,500.00"
2019-02-26,2019022601002727,ADBL,33,8,"1,000",331.00,"331,000.00"
2019-02-26,2019022601002726,ADBL,37,8,50,331.00,"16,550.00"
2019-02-26,2019022601002725,ADBL,33,8,241,331.00,"79,771.00"
2019-02-26,2019022601003130,AKJCL,53,20,20,81.00,"1,620.00"
2019-02-26,2019022601003065,AKJCL,53,20,10,81.00,810.00
2019-02-26,2019022601003051,AKJCL,53,14,20,81.00,"1,620.00"
2019-02-26,2019022601003050,AKJCL,42,20,15,81.00,"1,215.00"
2019-02-26,2019022601003004,AKJCL,58,44,10,81.00,810.00
2019-02-26,2019022601002875,AKJCL,58,20,10,81.00,810.00
2019-02-26,2019022601003087,AKPL,22,38,13,153.00,"1,989.00"
2019-02-26,2019022601002858,ALICL,38,42,74,551.00,"40,774.00"
2019-02-26,2019022601002763,ALICL,42,44,300,551.00,"165,300.00"
2019-02-26,2019022601002762,ALICL,46,44,417,551.00,"229,767.00"
2019-02-26,2019022601002755,ALICL,46,42,52,551.00,"28,652.00"
2019-02-26,2019022601002754,ALICL,48,42,22,552.00,"12,144.00"
2019-02-26,2019022601002950,AMFI,25,19,10,676.00,"6,760.00"
2019-02-26,2019022601002882,AMFI,1,20,10,671.00,"6,710.00"
2019-02-26,2019022601002802,AMFI,50,20,10,672.00,"6,720.00"
2019-02-26,2019022601003144,API,29,57,50,125.00,"6,250.00"
2019-02-26,2019022601003129,API,53,57,70,125.00,"8,750.00"
2019-02-26,2019022601002821,API,41,57,20,125.00,"2,500.00"
2019-02-26,2019022601002713,API,13,33,"1,000",124.00,"124,000.00"
2019-02-26,2019022601002684,BARUN,39,16,10,91.00,910.00
2019-02-26,2019022601003156,BOKL,44,34,500,240.00,"120,000.00"
2019-02-26,2019022601002884,BOKL,10,34,100,240.00,"24,000.00"
2019-02-26,2019022601003178,BPCL,26,45,470,339.00,"159,330.00"
2019-02-26,2019022601003177,BPCL,25,45,78,341.00,"26,598.00"
2019-02-26,2019022601003100,BPCL,26,20,20,339.00,"6,780.00"
2019-02-26,2019022601003074,BPCL,26,20,10,339.00,"3,390.00"
2019-02-26,2019022601003073,BPCL,40,20,10,339.00,"3,390.00"
2019-02-26,2019022601002960,BPCL,56,3,20,343.00,"6,860.00"
2019-02-26,2019022601002959,BPCL,56,6,20,343.00,"6,860.00"
2019-02-26,2019022601002958,BPCL,56,17,10,342.00,"3,420.00"
2019-02-26,2019022601002872,BPCL,40,20,20,339.00,"6,780.00"
2019-02-26,2019022601002868,BPCL,42,3,30,340.00,"10,200.00"
2019-02-26,2019022601002817,BPCL,40,20,20,339.00,"6,780.00"
2019-02-26,2019022601003169,CBL,44,34,159,149.00,"23,691.00"
2019-02-26,2019022601002902,CBL,1,29,"1,440",148.00,"213,120.00"
2019-02-26,2019022601002886,CBL,29,29,"1,000",148.00,"148,000.00"
2019-02-26,2019022601002837,CBL,51,29,360,148.00,"53,280.00"
2019-02-26,2019022601002698,CBL,1,16,34,147.00,"4,998.00"
2019-02-26,2019022601003111,CCBL,34,38,34,158.00,"5,372.00"
2019-02-26,2019022601002734,CCBL,37,26,100,159.00,"15,900.00"
2019-02-26,2019022601002700,CCBL,34,16,211,158.00,"33,338.00"
2019-02-26,2019022601002718,CFCL,45,43,106,110.00,"11,660.00"
2019-02-26,2019022601002710,CHCL,25,3,200,501.00,"100,200.00"
2019-02-26,2019022601002709,CHCL,1,3,20,501.00,"10,020.00"
2019-02-26,2019022601002706,CHL,58,16,10,100.00,"1,000.00"
2019-02-26,2019022601003131,CHLBS,28,45,10,585.00,"5,850.00"
2019-02-26,2019022601003121,CHLBS,28,34,10,585.00,"5,850.00"
2019-02-26,2019022601003099,CHLBS,28,7,10,585.00,"5,850.00"
2019-02-26,2019022601003098,CHLBS,28,7,10,585.00,"5,850.00"
2019-02-26,2019022601002962,CHLBS,39,38,10,582.00,"5,820.00"
2019-02-26,2019022601002839,CHLBS,45,50,10,583.00,"5,830.00"
2019-02-26,2019022601002775,CHLBS,32,50,80,583.00,"46,640.00"
2019-02-26,2019022601002748,CHLBS,36,13,10,584.00,"5,840.00"
2019-02-26,2019022601002705,CHLBS,36,55,10,584.00,"5,840.00"
2019-02-26,2019022601003047,CIT,25,19,60,"2,512.00","150,720.00"
2019-02-26,2019022601002916,CIT,33,41,13,"2,520.00","32,760.00"
2019-02-26,2019022601002735,CIT,33,50,50,"2,520.00","126,000.00"
2019-02-26,2019022601002715,CIT,33,21,29,"2,520.00","73,080.00"
2019-02-26,2019022601002712,CLBSL,11,22,10,630.00,"6,300.00"
2019-02-26,2019022601002711,CLBSL,11,22,10,630.00,"6,300.00"
2019-02-26,2019022601002741,CORBL,36,16,30,90.00,"2,700.00"
2019-02-26,2019022601002740,CORBL,43,16,50,90.00,"4,500.00"
2019-02-26,2019022601002982,CZBIL,16,14,351,202.00,"70,902.00"
2019-02-26,2019022601002784,DBBL,40,51,164,122.00,"20,008.00"
2019-02-26,2019022601002783,DBBL,19,51,34,122.00,"4,148.00"
2019-02-26,2019022601003117,EBL,25,34,97,508.00,"49,276.00"
2019-02-26,2019022601003020,EBL,11,34,20,508.00,"10,160.00"
2019-02-26,2019022601002722,EBL,51,11,24,506.00,"12,144.00"
2019-02-26,2019022601002721,EBL,45,11,50,506.00,"25,300.00"
2019-02-26,2019022601002720,EBL,21,11,82,506.00,"41,492.00"
2019-02-26,2019022601003115,FMDBL,57,45,15,355.00,"5,325.00"
2019-02-26,2019022601003114,FMDBL,28,45,100,355.00,"35,500.00"
2019-02-26,2019022601003113,FMDBL,7,45,45,355.00,"15,975.00"
2019-02-26,2019022601003112,FMDBL,32,45,30,356.00,"10,680.00"
2019-02-26,2019022601002987,FMDBL,32,45,170,356.00,"60,520.00"
2019-02-26,2019022601002986,FMDBL,19,45,30,356.00,"10,680.00"
2019-02-26,2019022601002985,FMDBL,10,45,100,357.00,"35,700.00"
2019-02-26,2019022601002690,GBBL,41,35,103,181.00,"18,643.00"
2019-02-26,2019022601003045,GBIME,56,35,100,257.00,"25,700.00"
2019-02-26,2019022601003003,GBIME,46,52,20,260.00,"5,200.00"
2019-02-26,2019022601002954,GBIME,53,34,"1,000",258.00,"258,000.00"
2019-02-26,2019022601002953,GBIME,56,34,200,258.00,"51,600.00"
2019-02-26,2019022601002952,GBIME,55,34,200,259.00,"51,800.00"
2019-02-26,2019022601002774,GBIME,22,16,30,258.00,"7,740.00"
2019-02-26,2019022601002773,GBIME,22,16,30,258.00,"7,740.00"
2019-02-26,2019022601002759,GBIME,49,34,500,259.00,"129,500.00"
2019-02-26,2019022601002758,GBIME,29,34,276,259.00,"71,484.00"
2019-02-26,2019022601003075,GBLBS,16,20,10,435.00,"4,350.00"
2019-02-26,2019022601003033,GBLBS,16,20,10,435.00,"4,350.00"
2019-02-26,2019022601002889,GBLBS,16,20,10,435.00,"4,350.00"
2019-02-26,2019022601002825,GBLBS,16,20,10,435.00,"4,350.00"
2019-02-26,2019022601002782,GBLBS,16,16,10,435.00,"4,350.00"
2019-02-26,2019022601002919,GDBL,53,34,50,180.00,"9,000.00"
2019-02-26,2019022601002918,GDBL,38,34,100,180.00,"18,000.00"
2019-02-26,2019022601002744,GLICL,29,42,45,670.00,"30,150.00"
2019-02-26,2019022601002743,GLICL,46,42,40,671.00,"26,840.00"
2019-02-26,2019022601002742,GLICL,58,42,15,672.00,"10,080.00"
2019-02-26,2019022601002924,GUFL,56,38,70,103.00,"7,210.00"
2019-02-26,2019022601002923,GUFL,56,42,30,102.00,"3,060.00"
2019-02-26,2019022601002908,GUFL,28,43,500,101.00,"50,500.00"
2019-02-26,2019022601002750,GUFL,28,39,500,101.00,"50,500.00"
2019-02-26,2019022601002990,HATH,19,53,100,110.00,"11,000.00"
2019-02-26,2019022601003133,HGI,32,5,35,375.00,"13,125.00"
2019-02-26,2019022601003132,HGI,39,5,15,378.00,"5,670.00"
2019-02-26,2019022601003069,HIDCL,19,44,"1,000",133.00,"133,000.00"
2019-02-26,2019022601002749,HIDCL,46,50,29,131.00,"3,799.00"
2019-02-26,2019022601002793,HPPL,36,16,10,169.00,"1,690.00"
2019-02-26,2019022601003037,ICFC,17,19,478,146.00,"69,788.00"
2019-02-26,2019022601003064,JBNL,1,43,18,164.00,"2,952.00"
2019-02-26,2019022601003008,JBNL,28,14,100,163.00,"16,300.00"
2019-02-26,2019022601002878,JBNL,28,32,400,163.00,"65,200.00"
2019-02-26,2019022601002689,KBBL,43,6,55,207.00,"11,385.00"
2019-02-26,2019022601002855,KBL,28,1,77,230.00,"17,710.00"
2019-02-26,2019022601002854,KBL,28,1,53,230.00,"12,190.00"
2019-02-26,2019022601002702,KBL,28,32,40,230.00,"9,200.00"
2019-02-26,2019022601002701,KBL,28,42,57,230.00,"13,110.00"
2019-02-26,2019022601002694,KBL,6,42,43,230.00,"9,890.00"
2019-02-26,2019022601002816,KKHC,42,59,10,74.00,740.00
2019-02-26,2019022601002753,KKHC,59,50,10,74.00,740.00
2019-02-26,2019022601003119,KMFL,28,16,17,890.00,"15,130.00"
2019-02-26,2019022601003118,KMFL,28,22,37,890.00,"32,930.00"
2019-02-26,2019022601002914,KMFL,59,16,20,890.00,"17,800.00"
2019-02-26,2019022601002770,KPCL,40,43,20,93.00,"1,860.00"
2019-02-26,2019022601002769,KPCL,40,29,10,91.00,910.00
2019-02-26,2019022601002819,KPCL,42,41,10,92.00,920.00
2019-02-26,2019022601002894,KPCL,42,20,10,92.00,920.00
2019-02-26,2019022601002948,KPCL,42,20,10,92.00,920.00
2019-02-26,2019022601002980,KPCL,42,20,10,92.00,920.00
2019-02-26,2019022601003077,KPCL,42,20,10,92.00,920.00
2019-02-26,2019022601003055,KPCL,42,20,10,92.00,920.00
2019-02-26,2019022601003139,KPCL,42,20,10,92.00,920.00
2019-02-26,2019022601003155,KSBBL,34,42,96,132.00,"12,672.00"
2019-02-26,2019022601002942,KSBBL,22,57,72,133.00,"9,576.00"
2019-02-26,2019022601002934,KSBBL,34,16,376,132.00,"49,632.00"
2019-02-26,2019022601002865,KSBBL,34,45,428,132.00,"56,496.00"
2019-02-26,2019022601002864,KSBBL,20,45,10,132.00,"1,320.00"
2019-02-26,2019022601002863,KSBBL,47,45,100,132.00,"13,200.00"
2019-02-26,2019022601002862,KSBBL,29,45,500,132.00,"66,000.00"
2019-02-26,2019022601002861,KSBBL,29,45,981,132.00,"129,492.00"
2019-02-26,2019022601002738,KSBBL,7,57,200,133.00,"26,600.00"
2019-02-26,2019022601002790,LBBL,59,19,252,170.00,"42,840.00"
2019-02-26,2019022601002841,LGIL,57,50,95,505.00,"47,975.00"
2019-02-26,2019022601002932,LICN,28,10,200,"1,600.00","320,000.00"
2019-02-26,2019022601003066,LLBS,57,55,45,752.00,"33,840.00"
2019-02-26,2019022601003059,MBL,34,35,100,206.00,"20,600.00"
2019-02-26,2019022601003179,MDB,8,28,50,274.00,"13,700.00"
2019-02-26,2019022601002993,MDB,56,37,150,276.00,"41,400.00"
2019-02-26,2019022601002941,MDB,38,37,30,275.00,"8,250.00"
2019-02-26,2019022601002940,MDB,57,37,385,275.00,"105,875.00"
2019-02-26,2019022601002939,MDB,51,41,100,276.00,"27,600.00"
2019-02-26,2019022601002760,MDB,57,38,615,275.00,"169,125.00"
2019-02-26,2019022601003160,MEGA,29,5,45,157.00,"7,065.00"
2019-02-26,2019022601003153,MEGA,29,25,50,158.00,"7,900.00"
2019-02-26,2019022601003152,MEGA,44,25,127,158.00,"20,066.00"
2019-02-26,2019022601003148,MEGA,44,17,56,158.00,"8,848.00"
2019-02-26,2019022601002972,MEGA,19,16,100,158.00,"15,800.00"
2019-02-26,2019022601003049,MERO,38,38,3,600.00,"1,800.00"
2019-02-26,2019022601003005,MLBL,7,16,24,160.00,"3,840.00"
2019-02-26,2019022601003171,MMFDB,38,38,8,930.00,"7,440.00"
2019-02-26,2019022601003159,MMFDB,47,25,12,921.00,"11,052.00"
2019-02-26,2019022601003134,MMFDB,22,25,20,930.00,"18,600.00"
2019-02-26,2019022601003138,MNBBL,28,38,228,336.00,"76,608.00"
2019-02-26,2019022601003137,MNBBL,28,17,13,336.00,"4,368.00"
2019-02-26,2019022601003031,MSLB,57,41,15,"1,330.00","19,950.00"
2019-02-26,2019022601003030,MSLB,39,41,30,"1,332.00","39,960.00"
2019-02-26,2019022601003000,MSMBS,39,22,42,528.00,"22,176.00"
2019-02-26,2019022601002997,MSMBS,38,38,1,530.00,530.00
2019-02-26,2019022601002874,MSMBS,39,38,11,528.00,"5,808.00"
2019-02-26,2019022601003154,NABIL,42,48,100,686.00,"68,600.00"
2019-02-26,2019022601003149,NABIL,13,21,10,685.00,"6,850.00"
2019-02-26,2019022601003143,NABIL,49,48,25,686.00,"17,150.00"
2019-02-26,2019022601003142,NABIL,53,48,20,686.00,"13,720.00"
2019-02-26,2019022601003141,NABIL,17,48,20,686.00,"13,720.00"
2019-02-26,2019022601003105,NABIL,43,34,15,687.00,"10,305.00"
2019-02-26,2019022601003014,NABIL,47,49,100,686.00,"68,600.00"
2019-02-26,2019022601003013,NABIL,19,49,50,686.00,"34,300.00"
2019-02-26,2019022601003012,NABIL,42,49,50,686.00,"34,300.00"
2019-02-26,2019022601003011,NABIL,19,49,10,686.00,"6,860.00"
2019-02-26,2019022601003010,NABIL,45,49,120,686.00,"82,320.00"
2019-02-26,2019022601002870,NABIL,42,34,20,687.00,"13,740.00"
2019-02-26,2019022601003079,NABIL,42,34,100,687.00,"68,700.00"
2019-02-26,2019022601003019,NABIL,13,49,65,685.00,"44,525.00"
2019-02-26,2019022601003018,NABIL,49,49,10,685.00,"6,850.00"
2019-02-26,2019022601003017,NABIL,41,49,30,685.00,"20,550.00"
2019-02-26,2019022601003016,NABIL,6,49,45,685.00,"30,825.00"
2019-02-26,2019022601003015,NABIL,41,49,20,686.00,"13,720.00"
2019-02-26,2019022601003038,NABILP,40,34,50,652.00,"32,600.00"
2019-02-26,2019022601002970,NABILP,32,34,100,652.00,"65,200.00"
2019-02-26,2019022601002969,NABILP,25,34,50,652.00,"32,600.00"
2019-02-26,2019022601002968,NABILP,38,34,50,652.00,"32,600.00"
2019-02-26,2019022601002967,NABILP,35,34,67,652.00,"43,684.00"
2019-02-26,2019022601002966,NABILP,32,34,100,653.00,"65,300.00"
2019-02-26,2019022601002965,NABILP,14,34,30,653.00,"19,590.00"
2019-02-26,2019022601003147,NADEP,57,19,40,681.00,"27,240.00"
2019-02-26,2019022601003145,NADEP,19,45,10,682.00,"6,820.00"
2019-02-26,2019022601003076,NADEP,57,6,30,681.00,"20,430.00"
2019-02-26,2019022601003052,NBB,39,35,100,182.00,"18,200.00"
2019-02-26,2019022601003041,NBB,13,44,50,183.00,"9,150.00"
2019-02-26,2019022601003040,NBB,13,34,122,183.00,"22,326.00"
2019-02-26,2019022601003039,NBB,13,22,11,183.00,"2,013.00"
2019-02-26,2019022601002835,NBB,17,22,10,183.00,"1,830.00"
2019-02-26,2019022601002768,NBB,28,22,100,183.00,"18,300.00"
2019-02-26,2019022601002767,NBB,58,22,229,183.00,"41,907.00"
2019-02-26,2019022601002708,NBB,58,40,300,183.00,"54,900.00"
2019-02-26,2019022601003172,NBBL,28,33,50,635.00,"31,750.00"
2019-02-26,2019022601003097,NBBL,19,52,45,626.00,"28,170.00"
2019-02-26,2019022601002937,NBBL,8,52,100,627.00,"62,700.00"
2019-02-26,2019022601002920,NBBL,19,52,200,628.00,"125,600.00"
2019-02-26,2019022601003122,NBL,33,6,40,284.00,"11,360.00"
2019-02-26,2019022601003106,NBL,33,45,460,284.00,"130,640.00"
2019-02-26,2019022601003029,NBL,3,47,51,283.00,"14,433.00"
2019-02-26,2019022601003028,NBL,57,47,300,283.00,"84,900.00"
2019-02-26,2019022601002929,NBL,6,6,225,284.00,"63,900.00"
2019-02-26,2019022601002911,NBL,57,35,50,283.00,"14,150.00"
2019-02-26,2019022601002766,NBL,25,32,100,284.00,"28,400.00"
2019-02-26,2019022601002765,NBL,35,32,"2,450",284.00,"695,800.00"
2019-02-26,2019022601002685,NBL,35,42,100,284.00,"28,400.00"
2019-02-26,2019022601003164,NCCB,46,16,56,203.00,"11,368.00"
2019-02-26,2019022601002988,NCCB,28,55,302,204.00,"61,608.00"
2019-02-26,2019022601002933,NCCB,51,55,100,204.00,"20,400.00"
2019-02-26,2019022601002857,NCCB,38,5,"1,500",204.00,"306,000.00"
2019-02-26,2019022601003163,NEF,6,54,"1,000",7.90,"7,900.00"
2019-02-26,2019022601002829,NGPL,1,59,11,114.00,"1,254.00"
2019-02-26,2019022601002764,NGPL,59,50,11,115.00,"1,265.00"
2019-02-26,2019022601002995,NHDL,45,58,10,120.00,"1,200.00"
2019-02-26,2019022601002906,NHDL,45,20,10,120.00,"1,200.00"
2019-02-26,2019022601002788,NHPC,17,19,600,61.00,"36,600.00"
2019-02-26,2019022601002787,NHPC,32,19,400,61.00,"24,400.00"
2019-02-26,2019022601003080,NIB,38,38,5,505.00,"2,525.00"
2019-02-26,2019022601003067,NIB,5,38,31,504.00,"15,624.00"
2019-02-26,2019022601002973,NIB,5,44,100,504.00,"50,400.00"
2019-02-26,2019022601002903,NIB,38,38,5,505.00,"2,525.00"
2019-02-26,2019022601002892,NIB,5,44,59,504.00,"29,736.00"
2019-02-26,2019022601002891,NIB,41,44,41,504.00,"20,664.00"
2019-02-26,2019022601002791,NIB,41,5,64,504.00,"32,256.00"
2019-02-26,2019022601002723,NIB,1,20,100,505.00,"50,500.00"
2019-02-26,2019022601002688,NIB,42,20,300,505.00,"151,500.00"
2019-02-26,2019022601002687,NIB,11,20,20,505.00,"10,100.00"
2019-02-26,2019022601002686,NIB,35,20,38,505.00,"19,190.00"
2019-02-26,2019022601002833,NIBPO,7,34,800,463.00,"370,400.00"
2019-02-26,2019022601003043,NICA,39,41,10,374.00,"3,740.00"
2019-02-26,2019022601003042,NICA,37,41,30,374.00,"11,220.00"
2019-02-26,2019022601002905,NICA,55,11,120,375.00,"45,000.00"
2019-02-26,2019022601002904,NICA,55,44,80,375.00,"30,000.00"
2019-02-26,2019022601002818,NICL,28,4,500,365.00,"182,500.00"
2019-02-26,2019022601003081,NIL,25,22,300,512.00,"153,600.00"
2019-02-26,2019022601003048,NIL,36,22,75,513.00,"38,475.00"
2019-02-26,2019022601002717,NIL,25,32,169,512.00,"86,528.00"
2019-02-26,2019022601002936,NLG,57,34,10,782.00,"7,820.00"
2019-02-26,2019022601003175,NLIC,33,21,420,"1,012.00","425,040.00"
2019-02-26,2019022601003174,NLIC,33,1,100,"1,011.00","101,100.00"
2019-02-26,2019022601003173,NLIC,33,22,100,"1,011.00","101,100.00"
2019-02-26,2019022601002977,NLIC,33,25,43,"1,010.00","43,430.00"
2019-02-26,2019022601002976,NLIC,33,32,21,"1,010.00","21,210.00"
2019-02-26,2019022601002975,NLIC,33,43,100,"1,009.00","100,900.00"
2019-02-26,2019022601002949,NLIC,57,34,17,"1,006.00","17,102.00"
2019-02-26,2019022601002797,NLIC,42,50,100,"1,005.00","100,500.00"
2019-02-26,2019022601002772,NLIC,42,50,17,"1,005.00","17,085.00"
2019-02-26,2019022601003035,NLICL,40,16,27,621.00,"16,767.00"
2019-02-26,2019022601003034,NLICL,8,16,273,621.00,"169,533.00"
2019-02-26,2019022601003176,NMB,1,42,40,304.00,"12,160.00"
2019-02-26,2019022601003109,NMB,33,34,"1,800",304.00,"547,200.00"
2019-02-26,2019022601003078,NMB,14,34,200,304.00,"60,800.00"
2019-02-26,2019022601003007,NMB,33,14,470,304.00,"142,880.00"
2019-02-26,2019022601003002,NMB,35,14,30,304.00,"9,120.00"
2019-02-26,2019022601003001,NMB,35,16,20,304.00,"6,080.00"
2019-02-26,2019022601002871,NMB,42,16,50,304.00,"15,200.00"
2019-02-26,2019022601002806,NMB,8,35,57,303.00,"17,271.00"
2019-02-26,2019022601002785,NMB,51,16,30,304.00,"9,120.00"
2019-02-26,2019022601002739,NMB,54,54,"2,500",304.00,"760,000.00"
2019-02-26,2019022601002703,NMB,33,54,"2,500",304.00,"760,000.00"
2019-02-26,2019022601003161,NNLB,14,21,10,463.00,"4,630.00"
2019-02-26,2019022601002830,NNLB,56,59,150,465.00,"69,750.00"
2019-02-26,2019022601002815,NNLB,22,53,100,464.00,"46,400.00"
2019-02-26,2019022601002751,NNLB,14,51,25,464.00,"11,600.00"
2019-02-26,2019022601003036,NTC,59,59,10,681.00,"6,810.00"
2019-02-26,2019022601002979,NTC,38,7,250,679.00,"169,750.00"
2019-02-26,2019022601002683,NTC,38,7,"1,000",679.00,"679,000.00"
2019-02-26,2019022601002682,NTC,39,7,40,680.00,"27,200.00"
2019-02-26,2019022601002907,NTC,38,38,250,679.00,"169,750.00"
2019-02-26,2019022601002733,NTC,59,59,20,681.00,"13,620.00"
2019-02-26,2019022601002696,OHL,42,35,100,414.00,"41,400.00"
2019-02-26,2019022601002695,OHL,39,35,100,415.00,"41,500.00"
2019-02-26,2019022601002697,OHL,7,35,10,414.00,"4,140.00"
2019-02-26,2019022601003162,PCBL,28,42,50,304.00,"15,200.00"
2019-02-26,2019022601003026,PCBL,35,34,30,304.00,"9,120.00"
2019-02-26,2019022601003025,PCBL,35,34,100,304.00,"30,400.00"
2019-02-26,2019022601003024,PCBL,47,34,70,304.00,"21,280.00"
2019-02-26,2019022601003023,PCBL,53,34,100,304.00,"30,400.00"
2019-02-26,2019022601003022,PCBL,53,34,393,304.00,"119,472.00"
2019-02-26,2019022601002832,PCBL,53,5,127,304.00,"38,608.00"
2019-02-26,2019022601003157,PIC,5,34,20,999.00,"19,980.00"
2019-02-26,2019022601003135,PIC,38,38,1,"1,000.00","1,000.00"
2019-02-26,2019022601002984,PIC,41,45,44,"1,000.00","44,000.00"
2019-02-26,2019022601002983,PIC,41,41,16,"1,000.00","16,000.00"
2019-02-26,2019022601002971,PIC,38,38,1,"1,000.00","1,000.00"
2019-02-26,2019022601002928,PIC,5,17,22,999.00,"21,978.00"
2019-02-26,2019022601002805,PIC,33,41,100,"1,000.00","100,000.00"
2019-02-26,2019022601002804,PIC,19,41,156,"1,002.00","156,312.00"
2019-02-26,2019022601002707,PIC,19,33,11,"1,002.00","11,022.00"
2019-02-26,2019022601002800,PLIC,34,33,100,436.00,"43,600.00"
2019-02-26,2019022601002799,PLIC,40,33,200,437.00,"87,400.00"
2019-02-26,2019022601002779,PLIC,57,42,10,439.00,"4,390.00"
2019-02-26,2019022601002716,PLIC,40,35,400,437.00,"174,800.00"
2019-02-26,2019022601003095,PMHPL,56,38,50,108.00,"5,400.00"
2019-02-26,2019022601003082,PMHPL,56,20,10,107.00,"1,070.00"
2019-02-26,2019022601003009,PMHPL,56,20,10,107.00,"1,070.00"
2019-02-26,2019022601002989,PMHPL,56,20,10,107.00,"1,070.00"
2019-02-26,2019022601002956,PMHPL,56,20,10,107.00,"1,070.00"
2019-02-26,2019022601002951,PMHPL,56,38,10,107.00,"1,070.00"
2019-02-26,2019022601002917,PMHPL,56,20,10,107.00,"1,070.00"
2019-02-26,2019022601002786,PMHPL,56,20,10,107.00,"1,070.00"
2019-02-26,2019022601002895,PRIN,25,59,300,402.00,"120,600.00"
2019-02-26,2019022601002887,PRIN,34,59,200,402.00,"80,400.00"
2019-02-26,2019022601002877,PRIN,42,59,50,402.00,"20,100.00"
2019-02-26,2019022601002849,PRIN,58,59,100,402.00,"40,200.00"
2019-02-26,2019022601002848,PRIN,58,59,300,402.00,"120,600.00"
2019-02-26,2019022601002847,PRIN,39,59,100,402.00,"40,200.00"
2019-02-26,2019022601002846,PRIN,49,59,200,402.00,"80,400.00"
2019-02-26,2019022601002845,PRIN,17,59,50,402.00,"20,100.00"
2019-02-26,2019022601002844,PRIN,45,59,44,402.00,"17,688.00"
2019-02-26,2019022601002843,PRIN,58,59,500,403.00,"201,500.00"
2019-02-26,2019022601002842,PRIN,7,59,50,403.00,"20,150.00"
2019-02-26,2019022601002704,PRIN,53,59,100,405.00,"40,500.00"
2019-02-26,2019022601003170,PRVU,22,28,100,210.00,"21,000.00"
2019-02-26,2019022601003123,PRVU,52,28,500,210.00,"105,000.00"
2019-02-26,2019022601003083,PRVU,14,28,200,210.00,"42,000.00"
2019-02-26,2019022601003071,PRVU,57,28,500,210.00,"105,000.00"
2019-02-26,2019022601003070,PRVU,26,28,400,210.00,"84,000.00"
2019-02-26,2019022601003032,PRVU,26,35,100,210.00,"21,000.00"
2019-02-26,2019022601002998,PRVU,26,34,500,210.00,"105,000.00"
2019-02-26,2019022601002881,PRVU,42,14,84,211.00,"17,724.00"
2019-02-26,2019022601002880,PRVU,42,14,16,211.00,"3,376.00"
2019-02-26,2019022601003110,RADHI,37,20,11,158.00,"1,738.00"
2019-02-26,2019022601003084,RADHI,37,20,11,158.00,"1,738.00"
2019-02-26,2019022601003044,RADHI,54,20,11,157.00,"1,727.00"
2019-02-26,2019022601002938,RADHI,54,38,11,157.00,"1,727.00"
2019-02-26,2019022601002834,RADHI,54,20,11,157.00,"1,727.00"
2019-02-26,2019022601003094,RMDC,21,39,19,520.00,"9,880.00"
2019-02-26,2019022601002747,RMDC,26,39,255,520.00,"132,600.00"
2019-02-26,2019022601002746,RMDC,38,39,13,520.00,"6,760.00"
2019-02-26,2019022601002745,RMDC,45,39,10,522.00,"5,220.00"
2019-02-26,2019022601003088,RRHP,38,20,10,86.00,860.00
2019-02-26,2019022601003027,RRHP,38,20,10,86.00,860.00
2019-02-26,2019022601003021,RSDC,47,44,57,370.00,"21,090.00"
2019-02-26,2019022601002915,RSDC,11,43,20,374.00,"7,480.00"
2019-02-26,2019022601003181,SANIMA,28,35,200,290.00,"58,000.00"
2019-02-26,2019022601003180,SANIMA,25,35,100,290.00,"29,000.00"
2019-02-26,2019022601003085,SANIMA,35,17,50,291.00,"14,550.00"
2019-02-26,2019022601002693,SBI,7,28,50,372.00,"18,600.00"
2019-02-26,2019022601002692,SBI,53,28,50,372.00,"18,600.00"
2019-02-26,2019022601002691,SBI,44,28,50,372.00,"18,600.00"
2019-02-26,2019022601003108,SCB,22,21,25,529.00,"13,225.00"
2019-02-26,2019022601002780,SCB,53,50,20,528.00,"10,560.00"
2019-02-26,2019022601003136,SHL,11,29,100,204.00,"20,400.00"
2019-02-26,2019022601003140,SHPC,42,21,31,217.00,"6,727.00"
2019-02-26,2019022601003068,SHPC,42,6,69,217.00,"14,973.00"
2019-02-26,2019022601002944,SHPC,46,38,50,218.00,"10,900.00"
2019-02-26,2019022601002798,SHPC,6,38,100,218.00,"21,800.00"
2019-02-26,2019022601002794,SHPC,11,38,150,218.00,"32,700.00"
2019-02-26,2019022601003158,SIC,1,55,20,"1,267.00","25,340.00"
2019-02-26,2019022601002899,SIC,1,32,60,"1,267.00","76,020.00"
2019-02-26,2019022601002898,SIC,42,32,20,"1,268.00","25,360.00"
2019-02-26,2019022601002761,SICL,57,43,100,865.00,"86,500.00"
2019-02-26,2019022601002776,SIFC,43,6,172,134.00,"23,048.00"
2019-02-26,2019022601003104,SIL,44,58,"2,698",588.00,"1,586,424.00"
2019-02-26,2019022601003103,SIL,44,58,50,588.00,"29,400.00"
2019-02-26,2019022601003102,SIL,6,58,300,588.00,"176,400.00"
2019-02-26,2019022601003101,SIL,26,58,37,590.00,"21,830.00"
2019-02-26,2019022601003096,SIL,26,59,163,590.00,"96,170.00"
2019-02-26,2019022601003092,SIL,50,59,300,590.00,"177,000.00"
2019-02-26,2019022601003091,SIL,19,59,100,590.00,"59,000.00"
2019-02-26,2019022601003090,SIL,5,59,300,591.00,"177,300.00"
2019-02-26,2019022601003089,SIL,59,59,25,595.00,"14,875.00"
2019-02-26,2019022601002943,SLBBL,29,54,22,500.00,"11,000.00"
2019-02-26,2019022601003006,SLBSL,42,20,10,772.00,"7,720.00"
2019-02-26,2019022601002981,SLBSL,42,6,10,772.00,"7,720.00"
2019-02-26,2019022601002974,SLBSL,43,6,10,772.00,"7,720.00"
2019-02-26,2019022601003165,SLICL,17,55,20,518.00,"10,360.00"
2019-02-26,2019022601003072,SMB,50,33,10,584.00,"5,840.00"
2019-02-26,2019022601003060,SMB,50,38,10,584.00,"5,840.00"
2019-02-26,2019022601002840,SMB,11,20,10,592.00,"5,920.00"
2019-02-26,2019022601002925,SMB,34,38,10,591.00,"5,910.00"
2019-02-26,2019022601003056,SRBL,52,35,100,204.00,"20,400.00"
2019-02-26,2019022601002888,SRBL,17,32,384,203.00,"77,952.00"
2019-02-26,2019022601002820,SWBBL,44,50,20,804.00,"16,080.00"
2019-02-26,2019022601003053,TRH,5,35,70,241.00,"16,870.00"
2019-02-26,2019022601003054,UIC,6,55,50,758.00,"37,900.00"
2019-02-26,2019022601003046,UIC,28,55,100,759.00,"75,900.00"
2019-02-26,2019022601002867,UMHL,45,38,14,107.00,"1,498.00"
2019-02-26,2019022601002853,UMHL,45,38,14,107.00,"1,498.00"
2019-02-26,2019022601003168,UPPER,26,1,31,223.00,"6,913.00"
2019-02-26,2019022601003167,UPPER,26,46,50,223.00,"11,150.00"
2019-02-26,2019022601003166,UPPER,26,28,419,223.00,"93,437.00"
2019-02-26,2019022601003151,UPPER,11,45,20,222.00,"4,440.00"
2019-02-26,2019022601003150,UPPER,45,45,30,222.00,"6,660.00"
2019-02-26,2019022601003146,UPPER,45,20,40,222.00,"8,880.00"
2019-02-26,2019022601002736,UPPER,29,17,93,223.00,"20,739.00"
2019-02-26,2019022601002724,UPPER,29,36,50,223.00,"11,150.00"
2019-02-26,2019022601002719,UPPER,29,36,40,223.00,"8,920.00"
2019-02-26,2019022601002714,UPPER,29,21,346,223.00,"77,158.00"
2019-02-26,2019022601002699,UPPER,10,38,100,224.00,"22,400.00"
2019-02-26,2019022601002757,UPPER,14,21,973,223.00,"216,979.00"
2019-02-26,2019022601002756,UPPER,29,21,27,223.00,"6,021.00"
2019-02-26,2019022601002752,UPPER,29,37,50,223.00,"11,150.00"
2019-02-26,2019022601002737,UPPER,29,36,50,223.00,"11,150.00"
2019-02-26,2019022601002801,UPPER,39,14,243,223.00,"54,189.00"
2019-02-26,2019022601002792,UPPER,39,20,40,223.00,"8,920.00"
2019-02-26,2019022601002789,UPPER,39,14,146,223.00,"32,558.00"
2019-02-26,2019022601002781,UPPER,39,39,293,223.00,"65,339.00"
2019-02-26,2019022601002778,UPPER,39,20,13,223.00,"2,899.00"
2019-02-26,2019022601002777,UPPER,14,20,27,223.00,"6,021.00"
2019-02-26,2019022601002813,UPPER,38,39,100,223.00,"22,300.00"
2019-02-26,2019022601002812,UPPER,39,39,149,223.00,"33,227.00"
2019-02-26,2019022601002811,UPPER,39,32,40,223.00,"8,920.00"
2019-02-26,2019022601002810,UPPER,39,14,243,223.00,"54,189.00"
2019-02-26,2019022601002809,UPPER,39,32,40,223.00,"8,920.00"
2019-02-26,2019022601002803,UPPER,39,39,293,223.00,"65,339.00"
2019-02-26,2019022601002826,UPPER,6,39,30,223.00,"6,690.00"
2019-02-26,2019022601002824,UPPER,39,32,24,223.00,"5,352.00"
2019-02-26,2019022601002823,UPPER,38,32,16,223.00,"3,568.00"
2019-02-26,2019022601002822,UPPER,38,32,40,223.00,"8,920.00"
2019-02-26,2019022601002814,UPPER,38,39,44,223.00,"9,812.00"
2019-02-26,2019022601002850,UPPER,39,32,40,223.00,"8,920.00"
2019-02-26,2019022601002838,UPPER,39,39,293,223.00,"65,339.00"
2019-02-26,2019022601002836,UPPER,39,32,10,223.00,"2,230.00"
2019-02-26,2019022601002831,UPPER,39,32,40,223.00,"8,920.00"
2019-02-26,2019022601002828,UPPER,39,14,243,223.00,"54,189.00"
2019-02-26,2019022601002827,UPPER,39,39,263,223.00,"58,649.00"
2019-02-26,2019022601002866,UPPER,39,14,243,223.00,"54,189.00"
2019-02-26,2019022601002860,UPPER,39,32,40,223.00,"8,920.00"
2019-02-26,2019022601002859,UPPER,39,32,40,223.00,"8,920.00"
2019-02-26,2019022601002856,UPPER,39,39,293,223.00,"65,339.00"
2019-02-26,2019022601002852,UPPER,39,20,50,223.00,"11,150.00"
2019-02-26,2019022601002851,UPPER,39,32,40,223.00,"8,920.00"
2019-02-26,2019022601002885,UPPER,39,6,40,223.00,"8,920.00"
2019-02-26,2019022601002883,UPPER,39,22,40,223.00,"8,920.00"
2019-02-26,2019022601002879,UPPER,39,39,293,223.00,"65,339.00"
2019-02-26,2019022601002876,UPPER,39,6,30,223.00,"6,690.00"
2019-02-26,2019022601002873,UPPER,39,39,293,223.00,"65,339.00"
2019-02-26,2019022601002869,UPPER,39,39,293,223.00,"65,339.00"
2019-02-26,2019022601002900,UPPER,39,39,293,223.00,"65,339.00"
2019-02-26,2019022601002897,UPPER,39,1,40,223.00,"8,920.00"
2019-02-26,2019022601002896,UPPER,39,22,50,223.00,"11,150.00"
2019-02-26,2019022601002893,UPPER,39,39,293,223.00,"65,339.00"
2019-02-26,2019022601002890,UPPER,39,22,50,223.00,"11,150.00"
2019-02-26,2019022601002921,UPPER,39,22,50,223.00,"11,150.00"
2019-02-26,2019022601002913,UPPER,39,39,263,223.00,"58,649.00"
2019-02-26,2019022601002912,UPPER,39,39,30,223.00,"6,690.00"
2019-02-26,2019022601002910,UPPER,39,22,50,223.00,"11,150.00"
2019-02-26,2019022601002909,UPPER,39,39,293,223.00,"65,339.00"
2019-02-26,2019022601002901,UPPER,39,39,293,223.00,"65,339.00"
2019-02-26,2019022601002946,UPPER,39,38,11,223.00,"2,453.00"
2019-02-26,2019022601002945,UPPER,39,39,293,223.00,"65,339.00"
2019-02-26,2019022601002935,UPPER,39,20,40,223.00,"8,920.00"
2019-02-26,2019022601002931,UPPER,39,39,293,223.00,"65,339.00"
2019-02-26,2019022601002930,UPPER,39,3,50,223.00,"11,150.00"
2019-02-26,2019022601002963,UPPER,39,20,40,223.00,"8,920.00"
2019-02-26,2019022601002961,UPPER,39,39,293,223.00,"65,339.00"
2019-02-26,2019022601002957,UPPER,14,21,31,223.00,"6,913.00"
2019-02-26,2019022601002955,UPPER,14,51,40,223.00,"8,920.00"
2019-02-26,2019022601002947,UPPER,14,38,29,223.00,"6,467.00"
2019-02-26,2019022601002999,UPPER,45,20,40,222.00,"8,880.00"
2019-02-26,2019022601002994,UPPER,45,20,40,222.00,"8,880.00"
2019-02-26,2019022601002992,UPPER,39,28,81,223.00,"18,063.00"
2019-02-26,2019022601002991,UPPER,39,39,293,223.00,"65,339.00"
2019-02-26,2019022601002978,UPPER,39,39,293,223.00,"65,339.00"
2019-02-26,2019022601003086,UPPER,19,28,500,223.00,"111,500.00"
2019-02-26,2019022601003062,UPPER,14,28,200,223.00,"44,600.00"
2019-02-26,2019022601003058,UPPER,45,45,50,222.00,"11,100.00"
2019-02-26,2019022601003057,UPPER,45,20,50,222.00,"11,100.00"
2019-02-26,2019022601003124,UPPER,19,28,500,223.00,"111,500.00"
2019-02-26,2019022601003120,UPPER,19,28,300,223.00,"66,900.00"
2019-02-26,2019022601003116,UPPER,45,20,50,222.00,"11,100.00"
2019-02-26,2019022601003107,UPPER,45,51,40,222.00,"8,880.00"
2019-02-26,2019022601003093,UPPER,45,20,40,222.00,"8,880.00"
2019-02-26,2019022601002796,VLBS,51,42,20,662.00,"13,240.00"
2019-02-26,2019022601002795,VLBS,19,42,12,663.00,"7,956.00"
2019-02-26,2019022601003128,WOMI,43,13,10,"1,104.00","11,040.00"
2019-02-26,2019022601003127,WOMI,34,13,100,"1,104.00","110,400.00"
2019-02-26,2019022601003126,WOMI,49,13,40,"1,104.00","44,160.00"
2019-02-26,2019022601003125,WOMI,49,13,90,"1,105.00","99,450.00"
2019-02-26,2019022601003061,WOMI,58,1,16,"1,105.00","17,680.00"
2019-02-26,2019022601002996,WOMI,58,44,33,"1,105.00","36,465.00"
2019-02-26,2019022601002771,WOMI,49,7,10,"1,104.00","11,040.00"
2019-02-26,2019022601002434,ADBL,20,53,500,332.00,"166,000.00"
2019-02-26,2019022601002433,ADBL,49,53,500,332.00,"166,000.00"
2019-02-26,2019022601002560,AHPC,45,25,30,97.00,"2,910.00"
2019-02-26,2019022601002559,AHPC,42,25,170,97.00,"16,490.00"
2019-02-26,2019022601002549,AHPC,26,25,"1,500",98.00,"147,000.00"
2019-02-26,2019022601002506,AHPC,52,52,100,99.00,"9,900.00"
2019-02-26,2019022601002421,AKJCL,39,25,10,82.00,820.00
2019-02-26,2019022601002607,AKPL,35,35,13,154.00,"2,002.00"
2019-02-26,2019022601002329,AKPL,22,43,10,153.00,"1,530.00"
2019-02-26,2019022601002663,ALICL,48,16,178,552.00,"98,256.00"
2019-02-26,2019022601002396,ALICL,46,16,31,551.00,"17,081.00"
2019-02-26,2019022601002371,ALICL,16,44,50,560.00,"28,000.00"
2019-02-26,2019022601002201,ALICL,17,44,20,560.00,"11,200.00"
2019-02-26,2019022601002668,API,47,16,20,124.00,"2,480.00"
2019-02-26,2019022601002427,API,48,48,9,123.00,"1,107.00"
2019-02-26,2019022601002362,API,44,22,15,125.00,"1,875.00"
2019-02-26,2019022601002349,API,35,22,15,123.00,"1,845.00"
2019-02-26,2019022601002307,API,44,54,29,124.00,"3,596.00"
2019-02-26,2019022601002494,BARUN,43,6,10,92.00,920.00
2019-02-26,2019022601002449,BNT,14,38,20,"6,419.00","128,380.00"
2019-02-26,2019022601002623,BOKL,16,34,500,240.00,"120,000.00"
2019-02-26,2019022601002622,BOKL,16,19,314,239.00,"75,046.00"
2019-02-26,2019022601002444,BOKL,7,34,200,239.00,"47,800.00"
2019-02-26,2019022601002443,BOKL,51,34,787,239.00,"188,093.00"
2019-02-26,2019022601002372,BOKL,52,34,200,240.00,"48,000.00"
2019-02-26,2019022601002363,BOKL,52,34,100,240.00,"24,000.00"
2019-02-26,2019022601002314,BOKL,51,22,78,239.00,"18,642.00"
2019-02-26,2019022601002236,BOKL,19,34,200,240.00,"48,000.00"
2019-02-26,2019022601002313,BPCL,58,6,30,343.00,"10,290.00"
2019-02-26,2019022601002256,CBBL,49,22,150,868.00,"130,200.00"
2019-02-26,2019022601002227,CBBL,1,22,50,868.00,"43,400.00"
2019-02-26,2019022601002183,CBBL,1,22,200,868.00,"173,600.00"
2019-02-26,2019022601002648,CBL,58,57,100,148.00,"14,800.00"
2019-02-26,2019022601002553,CBL,43,14,117,148.00,"17,316.00"
2019-02-26,2019022601002552,CBL,43,19,628,148.00,"92,944.00"
2019-02-26,2019022601002510,CBL,58,19,"1,000",148.00,"148,000.00"
2019-02-26,2019022601002509,CBL,51,19,365,148.00,"54,020.00"
2019-02-26,2019022601002459,CBL,51,29,635,148.00,"93,980.00"
2019-02-26,2019022601002406,CBL,16,16,11,148.00,"1,628.00"
2019-02-26,2019022601002218,CBL,1,56,250,149.00,"37,250.00"
2019-02-26,2019022601002217,CBL,1,21,924,149.00,"137,676.00"
2019-02-26,2019022601002458,CBL,25,29,50,148.00,"7,400.00"
2019-02-26,2019022601002457,CBL,13,29,50,148.00,"7,400.00"
2019-02-26,2019022601002456,CBL,35,29,200,148.00,"29,600.00"
2019-02-26,2019022601002455,CBL,40,29,500,148.00,"74,000.00"
2019-02-26,2019022601002454,CBL,57,29,500,148.00,"74,000.00"
2019-02-26,2019022601002453,CBL,16,29,"1,315",148.00,"194,620.00"
2019-02-26,2019022601002609,CCBL,38,26,30,159.00,"4,770.00"
2019-02-26,2019022601002527,CCBL,46,46,16,159.00,"2,544.00"
2019-02-26,2019022601002496,CCBL,46,46,16,159.00,"2,544.00"
2019-02-26,2019022601002254,CCBL,54,54,4,159.00,636.00
2019-02-26,2019022601002416,CFCL,45,32,100,110.00,"11,000.00"
2019-02-26,2019022601002266,CHCL,42,3,200,501.00,"100,200.00"
2019-02-26,2019022601002207,CHL,6,6,34,101.00,"3,434.00"
2019-02-26,2019022601002605,CHLBS,36,45,10,584.00,"5,840.00"
2019-02-26,2019022601002485,CHLBS,34,39,10,586.00,"5,860.00"
2019-02-26,2019022601002484,CHLBS,34,14,30,586.00,"17,580.00"
2019-02-26,2019022601002481,CHLBS,32,21,10,585.00,"5,850.00"
2019-02-26,2019022601002480,CHLBS,32,1,10,585.00,"5,850.00"
2019-02-26,2019022601002479,CHLBS,32,1,10,585.00,"5,850.00"
2019-02-26,2019022601002186,CHLBS,17,45,10,582.00,"5,820.00"
2019-02-26,2019022601002341,CHLBS,1,17,10,585.00,"5,850.00"
2019-02-26,2019022601002338,CHLBS,1,40,10,585.00,"5,850.00"
2019-02-26,2019022601002319,CHLBS,54,54,10,584.00,"5,840.00"
2019-02-26,2019022601002275,CHLBS,17,34,10,582.00,"5,820.00"
2019-02-26,2019022601002225,CHLBS,17,40,10,582.00,"5,820.00"
2019-02-26,2019022601002203,CHLBS,39,46,10,585.00,"5,850.00"
2019-02-26,2019022601002478,CHLBS,32,1,10,585.00,"5,850.00"
2019-02-26,2019022601002477,CHLBS,32,1,10,585.00,"5,850.00"
2019-02-26,2019022601002463,CHLBS,39,58,10,582.00,"5,820.00"
2019-02-26,2019022601002452,CHLBS,39,58,10,582.00,"5,820.00"
2019-02-26,2019022601002432,CHLBS,39,42,10,582.00,"5,820.00"
2019-02-26,2019022601002425,CHLBS,39,49,10,582.00,"5,820.00"
2019-02-26,2019022601002305,CIT,51,33,20,"2,540.00","50,800.00"
2019-02-26,2019022601002304,CIT,44,33,10,"2,540.00","25,400.00"
2019-02-26,2019022601002188,CIT,44,45,90,"2,540.00","228,600.00"
2019-02-26,2019022601002243,CMF1,21,55,100,9.10,910.00
2019-02-26,2019022601002628,CZBIL,16,19,449,202.00,"90,698.00"
2019-02-26,2019022601002627,CZBIL,16,25,200,202.00,"40,400.00"
2019-02-26,2019022601002500,CZBIL,46,19,100,202.00,"20,200.00"
2019-02-26,2019022601002194,CZBIL,40,26,500,202.00,"101,000.00"
2019-02-26,2019022601002193,CZBIL,40,44,131,202.00,"26,462.00"
2019-02-26,2019022601002192,CZBIL,40,38,449,202.00,"90,698.00"
2019-02-26,2019022601002423,DDBL,40,54,73,580.00,"42,340.00"
2019-02-26,2019022601002422,DDBL,40,50,27,579.00,"15,633.00"
2019-02-26,2019022601002645,EBL,21,11,18,506.00,"9,108.00"
2019-02-26,2019022601002280,EBL,17,17,16,507.00,"8,112.00"
2019-02-26,2019022601002277,EBL,17,17,250,507.00,"126,750.00"
2019-02-26,2019022601002234,EBL,40,6,65,508.00,"33,020.00"
2019-02-26,2019022601002233,EBL,40,34,12,508.00,"6,096.00"
2019-02-26,2019022601002274,EDBL,35,58,109,285.00,"31,065.00"
2019-02-26,2019022601002273,EDBL,35,56,25,284.00,"7,100.00"
2019-02-26,2019022601002641,EIC,14,44,50,800.00,"40,000.00"
2019-02-26,2019022601002640,EIC,29,44,105,800.00,"84,000.00"
2019-02-26,2019022601002522,FMDBL,7,45,55,355.00,"19,525.00"
2019-02-26,2019022601002521,FMDBL,19,45,100,355.00,"35,500.00"
2019-02-26,2019022601002520,FMDBL,55,45,20,356.00,"7,120.00"
2019-02-26,2019022601002519,FMDBL,19,45,130,357.00,"46,410.00"
2019-02-26,2019022601002518,FMDBL,47,45,35,357.00,"12,495.00"
2019-02-26,2019022601002517,FMDBL,19,45,50,358.00,"17,900.00"
2019-02-26,2019022601002202,FMDBL,35,45,100,359.00,"35,900.00"
2019-02-26,2019022601002516,FMDBL,34,45,10,360.00,"3,600.00"
2019-02-26,2019022601002511,FMDBL,34,45,90,360.00,"32,400.00"
2019-02-26,2019022601002344,FMDBL,58,45,10,360.00,"3,600.00"
2019-02-26,2019022601002324,FMDBL,58,22,10,360.00,"3,600.00"
2019-02-26,2019022601002249,FMDBL,39,22,16,361.00,"5,776.00"
2019-02-26,2019022601002248,FMDBL,39,45,15,360.00,"5,400.00"
2019-02-26,2019022601002502,FOWAD,33,45,50,"1,520.00","76,000.00"
2019-02-26,2019022601002247,FOWAD,33,22,27,"1,520.00","41,040.00"
2019-02-26,2019022601002462,GBBL,41,14,23,181.00,"4,163.00"
2019-02-26,2019022601002461,GBBL,41,34,969,181.00,"175,389.00"
2019-02-26,2019022601002428,GBBL,41,16,13,180.00,"2,340.00"
2019-02-26,2019022601002667,GBIME,10,52,74,260.00,"19,240.00"
2019-02-26,2019022601002666,GBIME,10,58,26,260.00,"6,760.00"
2019-02-26,2019022601002556,GBIME,10,58,29,260.00,"7,540.00"
2019-02-26,2019022601002555,GBIME,10,48,71,260.00,"18,460.00"
2019-02-26,2019022601002529,GBIME,29,19,214,259.00,"55,426.00"
2019-02-26,2019022601002417,GBIME,29,43,10,259.00,"2,590.00"
2019-02-26,2019022601002646,GBLBS,34,42,30,436.00,"13,080.00"
2019-02-26,2019022601002418,GBLBS,34,14,60,436.00,"26,160.00"
2019-02-26,2019022601002219,GBLBS,6,6,10,436.00,"4,360.00"
2019-02-26,2019022601002460,GUFL,28,28,500,101.00,"50,500.00"
2019-02-26,2019022601002651,HDL,17,45,20,"1,323.00","26,460.00"
2019-02-26,2019022601002650,HDL,39,45,20,"1,323.00","26,460.00"
2019-02-26,2019022601002649,HDL,28,45,20,"1,324.00","26,480.00"
2019-02-26,2019022601002644,HDL,25,45,50,"1,325.00","66,250.00"
2019-02-26,2019022601002311,HGI,57,33,100,380.00,"38,000.00"
2019-02-26,2019022601002302,HGI,1,58,90,384.00,"34,560.00"
2019-02-26,2019022601002564,HIDCL,56,22,10,132.00,"1,320.00"
2019-02-26,2019022601002424,HIDCL,48,48,28,132.00,"3,696.00"
2019-02-26,2019022601002283,HIDCL,19,19,"3,000",133.00,"399,000.00"
2019-02-26,2019022601002557,HPPL,36,19,10,169.00,"1,690.00"
2019-02-26,2019022601002232,HPPL,6,6,20,170.00,"3,400.00"
2019-02-26,2019022601002577,ICFC,32,19,500,145.00,"72,500.00"
2019-02-26,2019022601002576,ICFC,32,19,500,145.00,"72,500.00"
2019-02-26,2019022601002575,ICFC,34,19,200,145.00,"29,000.00"
2019-02-26,2019022601002574,ICFC,49,19,100,146.00,"14,600.00"
2019-02-26,2019022601002397,ICFC,49,6,100,147.00,"14,700.00"
2019-02-26,2019022601002528,JBNL,28,32,100,163.00,"16,300.00"
2019-02-26,2019022601002368,JFL,56,28,500,162.00,"81,000.00"
2019-02-26,2019022601002604,JOSHI,25,58,20,176.00,"3,520.00"
2019-02-26,2019022601002503,JOSHI,47,58,20,179.00,"3,580.00"
2019-02-26,2019022601002241,JSLBB,45,1,14,"2,340.00","32,760.00"
2019-02-26,2019022601002639,KBBL,57,52,55,206.00,"11,330.00"
2019-02-26,2019022601002214,KBBL,57,11,300,206.00,"61,800.00"
2019-02-26,2019022601002213,KBBL,19,11,100,206.00,"20,600.00"
2019-02-26,2019022601002570,KBL,6,52,457,230.00,"105,110.00"
2019-02-26,2019022601002471,KBL,26,52,50,230.00,"11,500.00"
2019-02-26,2019022601002261,KBL,49,52,40,230.00,"9,200.00"
2019-02-26,2019022601002215,KBL,38,1,400,230.00,"92,000.00"
2019-02-26,2019022601002211,KKHC,6,40,16,73.00,"1,168.00"
2019-02-26,2019022601002244,KMFL,54,54,3,890.00,"2,670.00"
2019-02-26,2019022601002278,KPCL,58,34,10,91.00,910.00
2019-02-26,2019022601002268,KPCL,58,40,10,91.00,910.00
2019-02-26,2019022601002267,KPCL,58,32,10,91.00,910.00
2019-02-26,2019022601002320,KPCL,58,34,10,91.00,910.00
2019-02-26,2019022601002369,KPCL,35,35,10,92.00,920.00
2019-02-26,2019022601002360,KPCL,58,43,310,93.00,"28,830.00"
2019-02-26,2019022601002357,KPCL,35,34,10,92.00,920.00
2019-02-26,2019022601002354,KPCL,35,35,10,92.00,920.00
2019-02-26,2019022601002347,KPCL,35,35,10,92.00,920.00
2019-02-26,2019022601002392,KPCL,35,35,10,92.00,920.00
2019-02-26,2019022601002448,KSBBL,29,16,19,132.00,"2,508.00"
2019-02-26,2019022601002588,LBBL,54,19,500,171.00,"85,500.00"
2019-02-26,2019022601002587,LBBL,36,19,40,171.00,"6,840.00"
2019-02-26,2019022601002451,LBBL,36,16,20,171.00,"3,420.00"
2019-02-26,2019022601002245,LBBL,36,21,440,171.00,"75,240.00"
2019-02-26,2019022601002184,LBBL,59,32,18,170.00,"3,060.00"
2019-02-26,2019022601002610,LBL,49,6,33,186.00,"6,138.00"
2019-02-26,2019022601002290,LBL,47,6,67,186.00,"12,462.00"
2019-02-26,2019022601002289,LBL,47,36,33,186.00,"6,138.00"
2019-02-26,2019022601002284,LBL,22,36,30,186.00,"5,580.00"
2019-02-26,2019022601002279,LBL,57,36,100,186.00,"18,600.00"
2019-02-26,2019022601002228,LEMF,6,6,500,6.98,"3,490.00"
2019-02-26,2019022601002356,LICN,59,10,100,"1,590.00","159,000.00"
2019-02-26,2019022601002355,LICN,59,10,100,"1,590.00","159,000.00"
2019-02-26,2019022601002210,MBL,38,26,100,207.00,"20,700.00"
2019-02-26,2019022601002597,MDB,11,38,200,275.00,"55,000.00"
2019-02-26,2019022601002596,MDB,16,38,100,275.00,"27,500.00"
2019-02-26,2019022601002595,MDB,19,38,16,276.00,"4,416.00"
2019-02-26,2019022601002594,MDB,17,38,200,276.00,"55,200.00"
2019-02-26,2019022601002593,MDB,22,38,100,276.00,"27,600.00"
2019-02-26,2019022601002592,MDB,11,38,100,276.00,"27,600.00"
2019-02-26,2019022601002465,MDB,19,38,75,276.00,"20,700.00"
2019-02-26,2019022601002464,MDB,36,38,30,277.00,"8,310.00"
2019-02-26,2019022601002348,MDB,36,26,90,277.00,"24,930.00"
2019-02-26,2019022601002339,MDB,51,26,92,277.00,"25,484.00"
2019-02-26,2019022601002287,MDB,1,26,100,277.00,"27,700.00"
2019-02-26,2019022601002212,MDB,1,26,50,277.00,"13,850.00"
2019-02-26,2019022601002532,MEGA,40,48,16,158.00,"2,528.00"
2019-02-26,2019022601002531,MEGA,22,48,44,158.00,"6,952.00"
2019-02-26,2019022601002352,MEGA,22,43,56,158.00,"8,848.00"
2019-02-26,2019022601002351,MEGA,43,43,47,158.00,"7,426.00"
2019-02-26,2019022601002350,MEGA,43,43,50,158.00,"7,900.00"
2019-02-26,2019022601002238,MEGA,54,54,8,159.00,"1,272.00"
2019-02-26,2019022601002182,MLBL,7,14,18,160.00,"2,880.00"
2019-02-26,2019022601002616,MNBBL,54,17,37,336.00,"12,432.00"
2019-02-26,2019022601002583,MNBBL,54,29,109,335.00,"36,515.00"
2019-02-26,2019022601002558,MNBBL,42,6,150,334.00,"50,100.00"
2019-02-26,2019022601002535,MNBBL,25,29,300,335.00,"100,500.00"
2019-02-26,2019022601002534,MNBBL,49,29,50,335.00,"16,750.00"
2019-02-26,2019022601002533,MNBBL,42,29,41,335.00,"13,735.00"
2019-02-26,2019022601002255,MSLB,6,6,15,"1,329.00","19,935.00"
2019-02-26,2019022601002230,MSLB,48,16,15,"1,329.00","19,935.00"
2019-02-26,2019022601002647,NABIL,45,14,10,686.00,"6,860.00"
2019-02-26,2019022601002636,NABIL,45,14,10,686.00,"6,860.00"
2019-02-26,2019022601002629,NABIL,45,14,10,686.00,"6,860.00"
2019-02-26,2019022601002606,NABIL,40,34,120,687.00,"82,440.00"
2019-02-26,2019022601002591,NABIL,6,43,55,685.00,"37,675.00"
2019-02-26,2019022601002590,NABIL,28,43,10,685.00,"6,850.00"
2019-02-26,2019022601002269,NABIL,21,14,26,686.00,"17,836.00"
2019-02-26,2019022601002321,NABIL,56,34,30,687.00,"20,610.00"
2019-02-26,2019022601002318,NABIL,29,34,50,687.00,"34,350.00"
2019-02-26,2019022601002301,NABIL,46,34,100,687.00,"68,700.00"
2019-02-26,2019022601002272,NABIL,21,34,154,687.00,"105,798.00"
2019-02-26,2019022601002271,NABIL,21,14,10,686.00,"6,860.00"
2019-02-26,2019022601002270,NABIL,21,14,10,686.00,"6,860.00"
2019-02-26,2019022601002589,NABIL,42,43,35,685.00,"23,975.00"
2019-02-26,2019022601002391,NABIL,42,59,65,685.00,"44,525.00"
2019-02-26,2019022601002390,NABIL,34,59,25,685.00,"17,125.00"
2019-02-26,2019022601002389,NABIL,41,59,50,685.00,"34,250.00"
2019-02-26,2019022601002388,NABIL,32,59,50,686.00,"34,300.00"
2019-02-26,2019022601002370,NABIL,38,34,40,687.00,"27,480.00"
2019-02-26,2019022601002613,NABILP,35,59,48,652.00,"31,296.00"
2019-02-26,2019022601002515,NABILP,35,21,15,652.00,"9,780.00"
2019-02-26,2019022601002490,NABILP,44,34,300,654.00,"196,200.00"
2019-02-26,2019022601002198,NABILP,37,34,100,652.00,"65,200.00"
2019-02-26,2019022601002242,NABILP,1,34,200,654.00,"130,800.00"
2019-02-26,2019022601002208,NABILP,7,34,130,652.00,"84,760.00"
2019-02-26,2019022601002200,NABILP,41,34,70,652.00,"45,640.00"
2019-02-26,2019022601002199,NABILP,16,34,200,652.00,"130,400.00"
2019-02-26,2019022601002447,NADEP,19,41,10,681.00,"6,810.00"
2019-02-26,2019022601002312,NADEP,54,54,10,684.00,"6,840.00"
2019-02-26,2019022601002263,NADEP,6,6,10,682.00,"6,820.00"
2019-02-26,2019022601002253,NADEP,17,52,10,685.00,"6,850.00"
2019-02-26,2019022601002252,NADEP,17,52,10,685.00,"6,850.00"
2019-02-26,2019022601002251,NADEP,17,52,10,685.00,"6,850.00"
2019-02-26,2019022601002250,NADEP,17,52,10,685.00,"6,850.00"
2019-02-26,2019022601002239,NADEP,5,16,10,682.00,"6,820.00"
2019-02-26,2019022601002187,NADEP,50,10,20,685.00,"13,700.00"
2019-02-26,2019022601002602,NBB,58,19,352,183.00,"64,416.00"
2019-02-26,2019022601002491,NBB,58,16,66,183.00,"12,078.00"
2019-02-26,2019022601002206,NBB,1,57,50,183.00,"9,150.00"
2019-02-26,2019022601002323,NBB,58,32,53,183.00,"9,699.00"
2019-02-26,2019022601002293,NBB,1,32,50,183.00,"9,150.00"
2019-02-26,2019022601002259,NBB,39,16,60,182.00,"10,920.00"
2019-02-26,2019022601002258,NBB,13,57,100,183.00,"18,300.00"
2019-02-26,2019022601002246,NBB,49,57,100,183.00,"18,300.00"
2019-02-26,2019022601002231,NBB,45,57,200,183.00,"36,600.00"
2019-02-26,2019022601002554,NBBL,42,29,50,635.00,"31,750.00"
2019-02-26,2019022601002524,NBBL,34,29,20,635.00,"12,700.00"
2019-02-26,2019022601002523,NBBL,16,29,221,635.00,"140,335.00"
2019-02-26,2019022601002662,NBL,10,45,100,285.00,"28,500.00"
2019-02-26,2019022601002569,NBL,10,45,100,285.00,"28,500.00"
2019-02-26,2019022601002568,NBL,51,45,100,285.00,"28,500.00"
2019-02-26,2019022601002567,NBL,35,45,70,285.00,"19,950.00"
2019-02-26,2019022601002431,NBL,48,48,28,287.00,"8,036.00"
2019-02-26,2019022601002415,NBL,35,3,"3,000",285.00,"855,000.00"
2019-02-26,2019022601002414,NBL,35,41,"1,930",285.00,"550,050.00"
2019-02-26,2019022601002384,NBL,11,41,40,285.00,"11,400.00"
2019-02-26,2019022601002306,NBL,58,41,30,285.00,"8,550.00"
2019-02-26,2019022601002285,NBL,35,20,"2,450",284.00,"695,800.00"
2019-02-26,2019022601002501,NCCB,33,21,531,204.00,"108,324.00"
2019-02-26,2019022601002495,NCCB,40,52,60,205.00,"12,300.00"
2019-02-26,2019022601002413,NCCB,33,43,41,204.00,"8,364.00"
2019-02-26,2019022601002407,NCCB,21,52,30,205.00,"6,150.00"
2019-02-26,2019022601002374,NCCB,33,47,422,204.00,"86,088.00"
2019-02-26,2019022601002373,NCCB,46,47,78,204.00,"15,912.00"
2019-02-26,2019022601002257,NCCB,46,16,28,204.00,"5,712.00"
2019-02-26,2019022601002340,NGPL,1,43,11,114.00,"1,254.00"
2019-02-26,2019022601002411,NHDL,45,59,"1,500",121.00,"181,500.00"
2019-02-26,2019022601002410,NHDL,45,59,100,121.00,"12,100.00"
2019-02-26,2019022601002409,NHDL,45,34,10,120.00,"1,200.00"
2019-02-26,2019022601002408,NHDL,45,42,10,119.00,"1,190.00"
2019-02-26,2019022601002441,NIB,35,44,52,505.00,"26,260.00"
2019-02-26,2019022601002440,NIB,58,44,20,505.00,"10,100.00"
2019-02-26,2019022601002439,NIB,48,44,28,505.00,"14,140.00"
2019-02-26,2019022601002345,NIB,34,43,100,506.00,"50,600.00"
2019-02-26,2019022601002294,NIB,29,43,50,506.00,"25,300.00"
2019-02-26,2019022601002260,NIB,22,43,50,506.00,"25,300.00"
2019-02-26,2019022601002573,NIBPO,17,25,25,470.00,"11,750.00"
2019-02-26,2019022601002572,NIBPO,41,25,125,470.00,"58,750.00"
2019-02-26,2019022601002660,NICA,28,19,741,373.00,"276,393.00"
2019-02-26,2019022601002659,NICA,49,19,100,373.00,"37,300.00"
2019-02-26,2019022601002658,NICA,47,19,10,373.00,"3,730.00"
2019-02-26,2019022601002657,NICA,29,19,20,373.00,"7,460.00"
2019-02-26,2019022601002656,NICA,56,19,64,373.00,"23,872.00"
2019-02-26,2019022601002655,NICA,58,19,17,374.00,"6,358.00"
2019-02-26,2019022601002487,NICA,8,59,100,374.00,"37,400.00"
2019-02-26,2019022601002486,NICA,48,59,84,374.00,"31,416.00"
2019-02-26,2019022601002476,NICA,48,45,16,374.00,"5,984.00"
2019-02-26,2019022601002475,NICA,55,45,50,374.00,"18,700.00"
2019-02-26,2019022601002474,NICA,22,45,59,374.00,"22,066.00"
2019-02-26,2019022601002262,NICA,49,44,30,375.00,"11,250.00"
2019-02-26,2019022601002548,NICA,58,58,"1,783",374.00,"666,842.00"
2019-02-26,2019022601002547,NICA,52,58,16,374.00,"5,984.00"
2019-02-26,2019022601002538,NICA,52,59,34,374.00,"12,716.00"
2019-02-26,2019022601002537,NICA,13,59,20,374.00,"7,480.00"
2019-02-26,2019022601002536,NICA,35,59,84,374.00,"31,416.00"
2019-02-26,2019022601002488,NICA,35,59,116,374.00,"43,384.00"
2019-02-26,2019022601002625,NIL,11,32,500,511.00,"255,500.00"
2019-02-26,2019022601002624,NIL,51,32,50,511.00,"25,550.00"
2019-02-26,2019022601002615,NLIC,21,19,19,"1,004.00","19,076.00"
2019-02-26,2019022601002585,NLIC,33,33,17,"1,008.00","17,136.00"
2019-02-26,2019022601002265,NLIC,35,16,10,"1,011.00","10,110.00"
2019-02-26,2019022601002191,NLIC,33,17,609,"1,010.00","615,090.00"
2019-02-26,2019022601002190,NLIC,33,25,10,"1,010.00","10,100.00"
2019-02-26,2019022601002612,NLICL,48,32,210,623.00,"130,830.00"
2019-02-26,2019022601002353,NLICL,22,28,170,622.00,"105,740.00"
2019-02-26,2019022601002343,NLICL,8,4,200,621.00,"124,200.00"
2019-02-26,2019022601002617,NMB,8,19,153,303.00,"46,359.00"
2019-02-26,2019022601002514,NMB,25,38,175,305.00,"53,375.00"
2019-02-26,2019022601002513,NMB,25,43,200,305.00,"61,000.00"
2019-02-26,2019022601002512,NMB,25,13,50,305.00,"15,250.00"
2019-02-26,2019022601002235,NMB,33,57,"1,990",304.00,"604,960.00"
2019-02-26,2019022601002223,NMB,7,57,10,304.00,"3,040.00"
2019-02-26,2019022601002222,NMB,33,57,"1,000",304.00,"304,000.00"
2019-02-26,2019022601002237,NMBMF,40,47,35,"1,064.00","37,240.00"
2019-02-26,2019022601002378,NNLB,11,53,20,470.00,"9,400.00"
2019-02-26,2019022601002377,NSEWA,11,34,20,535.00,"10,700.00"
2019-02-26,2019022601002376,NSEWA,45,34,30,540.00,"16,200.00"
2019-02-26,2019022601002681,NTC,22,7,35,680.00,"23,800.00"
2019-02-26,2019022601002680,NTC,22,7,35,680.00,"23,800.00"
2019-02-26,2019022601002359,NTC,59,58,10,687.00,"6,870.00"
2019-02-26,2019022601002326,NTC,45,45,645,682.00,"439,890.00"
2019-02-26,2019022601002387,NUBL,39,22,150,705.00,"105,750.00"
2019-02-26,2019022601002386,NUBL,39,22,30,705.00,"21,150.00"
2019-02-26,2019022601002385,NUBL,39,22,20,705.00,"14,100.00"
2019-02-26,2019022601002381,NUBL,45,22,200,706.00,"141,200.00"
2019-02-26,2019022601002380,NUBL,14,22,100,706.00,"70,600.00"
2019-02-26,2019022601002379,NUBL,26,22,20,707.00,"14,140.00"
2019-02-26,2019022601002375,NUBL,1,22,20,710.00,"14,200.00"
2019-02-26,2019022601002661,PCBL,53,42,110,304.00,"33,440.00"
2019-02-26,2019022601002603,PCBL,53,58,150,304.00,"45,600.00"
2019-02-26,2019022601002367,PCBL,53,47,220,304.00,"66,880.00"
2019-02-26,2019022601002366,PCBL,34,47,30,304.00,"9,120.00"
2019-02-26,2019022601002365,PCBL,46,47,50,304.00,"15,200.00"
2019-02-26,2019022601002303,PFL,53,6,26,128.00,"3,328.00"
2019-02-26,2019022601002492,PIC,5,16,11,999.00,"10,989.00"
2019-02-26,2019022601002468,PIC,5,58,11,999.00,"10,989.00"
2019-02-26,2019022601002438,PIC,34,32,11,"1,004.00","11,044.00"
2019-02-26,2019022601002437,PIC,34,40,60,"1,003.00","60,180.00"
2019-02-26,2019022601002436,PIC,34,42,18,"1,001.00","18,018.00"
2019-02-26,2019022601002435,PIC,34,43,11,"1,000.00","11,000.00"
2019-02-26,2019022601002328,PIC,6,6,11,"1,001.00","11,011.00"
2019-02-26,2019022601002317,PIC,49,13,39,"1,001.00","39,039.00"
2019-02-26,2019022601002264,PLIC,1,7,300,439.00,"131,700.00"
2019-02-26,2019022601002189,PLIC,35,7,100,439.00,"43,900.00"
2019-02-26,2019022601002404,PMHPL,56,55,10,108.00,"1,080.00"
2019-02-26,2019022601002403,PMHPL,56,55,10,108.00,"1,080.00"
2019-02-26,2019022601002402,PMHPL,56,55,10,108.00,"1,080.00"
2019-02-26,2019022601002401,PMHPL,56,55,10,108.00,"1,080.00"
2019-02-26,2019022601002400,PMHPL,56,55,10,108.00,"1,080.00"
2019-02-26,2019022601002399,PMHPL,56,55,10,108.00,"1,080.00"
2019-02-26,2019022601002398,PMHPL,56,55,10,108.00,"1,080.00"
2019-02-26,2019022601002310,PRIN,56,22,100,404.00,"40,400.00"
2019-02-26,2019022601002309,PRIN,55,22,60,404.00,"24,240.00"
2019-02-26,2019022601002679,PRVU,6,40,250,210.00,"52,500.00"
2019-02-26,2019022601002678,PRVU,51,40,100,210.00,"21,000.00"
2019-02-26,2019022601002677,PRVU,22,40,200,210.00,"42,000.00"
2019-02-26,2019022601002676,PRVU,28,40,648,210.00,"136,080.00"
2019-02-26,2019022601002566,PRVU,52,51,"1,000",211.00,"211,000.00"
2019-02-26,2019022601002497,PRVU,28,16,39,210.00,"8,190.00"
2019-02-26,2019022601002405,PRVU,28,28,313,210.00,"65,730.00"
2019-02-26,2019022601002325,PRVU,26,28,50,210.00,"10,500.00"
2019-02-26,2019022601002297,PRVU,28,28,637,210.00,"133,770.00"
2019-02-26,2019022601002292,PRVU,28,32,231,210.00,"48,510.00"
2019-02-26,2019022601002282,PRVU,28,16,132,210.00,"27,720.00"
2019-02-26,2019022601002288,RADHI,54,16,11,157.00,"1,727.00"
2019-02-26,2019022601002545,RBCL,26,33,10,"8,951.00","89,510.00"
2019-02-26,2019022601002544,RBCL,58,33,10,"8,953.00","89,530.00"
2019-02-26,2019022601002543,RBCL,5,33,20,"8,954.00","179,080.00"
2019-02-26,2019022601002542,RBCL,37,33,20,"8,960.00","179,200.00"
2019-02-26,2019022601002541,RBCL,37,33,20,"8,960.00","179,200.00"
2019-02-26,2019022601002540,RBCL,53,33,20,"8,961.00","179,220.00"
2019-02-26,2019022601002539,RBCL,33,33,20,"8,990.00","179,800.00"
2019-02-26,2019022601002551,RBCLPO,33,32,20,"8,550.00","171,000.00"
2019-02-26,2019022601002586,RHPC,1,19,10,87.00,870.00
2019-02-26,2019022601002466,RHPC,1,28,18,86.00,"1,548.00"
2019-02-26,2019022601002426,RHPC,6,28,53,86.00,"4,558.00"
2019-02-26,2019022601002291,RHPC,58,19,30,87.00,"2,610.00"
2019-02-26,2019022601002224,RMDC,54,54,1,521.00,521.00
2019-02-26,2019022601002664,RRHP,6,6,10,87.00,870.00
2019-02-26,2019022601002578,RRHP,38,16,10,86.00,860.00
2019-02-26,2019022601002562,RRHP,47,43,10,87.00,870.00
2019-02-26,2019022601002430,RRHP,47,25,10,87.00,870.00
2019-02-26,2019022601002643,RSDC,47,41,14,370.00,"5,180.00"
2019-02-26,2019022601002632,RSDC,5,41,100,371.00,"37,100.00"
2019-02-26,2019022601002631,RSDC,35,41,26,371.00,"9,646.00"
2019-02-26,2019022601002571,RSDC,35,33,57,371.00,"21,147.00"
2019-02-26,2019022601002445,RSDC,35,35,22,374.00,"8,228.00"
2019-02-26,2019022601002346,RSDC,1,41,20,375.00,"7,500.00"
2019-02-26,2019022601002221,RSDC,17,57,15,378.00,"5,670.00"
2019-02-26,2019022601002220,RSDC,17,43,35,378.00,"13,230.00"
2019-02-26,2019022601002675,SADBL,59,59,573,135.00,"77,355.00"
2019-02-26,2019022601002674,SADBL,57,59,500,135.00,"67,500.00"
2019-02-26,2019022601002673,SADBL,59,59,300,136.00,"40,800.00"
2019-02-26,2019022601002672,SADBL,55,59,100,136.00,"13,600.00"
2019-02-26,2019022601002671,SADBL,28,59,300,136.00,"40,800.00"
2019-02-26,2019022601002670,SADBL,59,59,50,136.00,"6,800.00"
2019-02-26,2019022601002669,SADBL,39,59,77,137.00,"10,549.00"
2019-02-26,2019022601002635,SADBL,39,37,185,137.00,"25,345.00"
2019-02-26,2019022601002579,SADBL,45,59,100,138.00,"13,800.00"
2019-02-26,2019022601002394,SADBL,45,45,273,138.00,"37,674.00"
2019-02-26,2019022601002393,SADBL,53,45,100,138.00,"13,800.00"
2019-02-26,2019022601002630,SANIMA,16,17,"1,000",291.00,"291,000.00"
2019-02-26,2019022601002619,SANIMA,38,17,232,291.00,"67,512.00"
2019-02-26,2019022601002618,SANIMA,38,34,699,291.00,"203,409.00"
2019-02-26,2019022601002382,SANIMA,1,34,100,291.00,"29,100.00"
2019-02-26,2019022601002196,SANIMA,40,6,100,290.00,"29,000.00"
2019-02-26,2019022601002195,SANIMA,38,34,192,291.00,"55,872.00"
2019-02-26,2019022601002505,SBI,36,28,50,373.00,"18,650.00"
2019-02-26,2019022601002472,SBI,36,3,250,373.00,"93,250.00"
2019-02-26,2019022601002665,SBL,53,11,250,276.00,"69,000.00"
2019-02-26,2019022601002611,SBL,53,43,42,276.00,"11,592.00"
2019-02-26,2019022601002550,SBL,33,43,119,276.00,"32,844.00"
2019-02-26,2019022601002489,SBL,29,55,40,277.00,"11,080.00"
2019-02-26,2019022601002483,SBL,29,55,20,277.00,"5,540.00"
2019-02-26,2019022601002482,SBL,29,55,20,277.00,"5,540.00"
2019-02-26,2019022601002308,SBL,33,16,69,276.00,"19,044.00"
2019-02-26,2019022601002316,SCB,53,16,20,528.00,"10,560.00"
2019-02-26,2019022601002295,SCB,36,36,150,530.00,"79,500.00"
2019-02-26,2019022601002276,SCB,22,36,20,530.00,"10,600.00"
2019-02-26,2019022601002185,SCB,19,36,30,530.00,"15,900.00"
2019-02-26,2019022601002429,SDESI,6,6,13,592.00,"7,696.00"
2019-02-26,2019022601002601,SFFIL,29,11,300,210.00,"63,000.00"
2019-02-26,2019022601002600,SFFIL,22,11,100,210.00,"21,000.00"
2019-02-26,2019022601002599,SFFIL,45,11,200,211.00,"42,200.00"
2019-02-26,2019022601002598,SFFIL,49,11,200,212.00,"42,400.00"
2019-02-26,2019022601002582,SHL,48,17,191,205.00,"39,155.00"
2019-02-26,2019022601002581,SHL,48,1,150,204.00,"30,600.00"
2019-02-26,2019022601002580,SHL,48,25,159,204.00,"32,436.00"
2019-02-26,2019022601002298,SIC,22,32,40,"1,280.00","51,200.00"
2019-02-26,2019022601002300,SIL,43,5,10,600.00,"6,000.00"
2019-02-26,2019022601002226,SIL,34,5,50,600.00,"30,000.00"
2019-02-26,2019022601002337,SKBBL,22,45,12,817.00,"9,804.00"
2019-02-26,2019022601002336,SKBBL,34,45,30,817.00,"24,510.00"
2019-02-26,2019022601002335,SKBBL,34,45,25,817.00,"20,425.00"
2019-02-26,2019022601002334,SKBBL,21,45,68,817.00,"55,556.00"
2019-02-26,2019022601002333,SKBBL,22,45,100,818.00,"81,800.00"
2019-02-26,2019022601002332,SKBBL,14,45,20,818.00,"16,360.00"
2019-02-26,2019022601002331,SKBBL,45,45,57,818.00,"46,626.00"
2019-02-26,2019022601002654,SLBBL,42,32,100,500.00,"50,000.00"
2019-02-26,2019022601002653,SLBBL,44,32,100,500.00,"50,000.00"
2019-02-26,2019022601002634,SLBBL,32,22,65,500.00,"32,500.00"
2019-02-26,2019022601002504,SLBS,54,21,10,930.00,"9,300.00"
2019-02-26,2019022601002584,SLBSL,43,33,10,772.00,"7,720.00"
2019-02-26,2019022601002473,SLBSL,22,6,10,772.00,"7,720.00"
2019-02-26,2019022601002470,SLBSL,7,58,10,772.00,"7,720.00"
2019-02-26,2019022601002446,SLBSL,6,6,10,773.00,"7,730.00"
2019-02-26,2019022601002364,SLBSL,7,46,10,772.00,"7,720.00"
2019-02-26,2019022601002358,SLBSL,7,34,10,772.00,"7,720.00"
2019-02-26,2019022601002281,SLBSL,1,34,10,772.00,"7,720.00"
2019-02-26,2019022601002626,SLICL,48,4,200,519.00,"103,800.00"
2019-02-26,2019022601002315,SPDL,45,43,10,87.00,870.00
2019-02-26,2019022601002205,SPDL,45,6,167,87.00,"14,529.00"
2019-02-26,2019022601002204,SPDL,47,6,30,88.00,"2,640.00"
2019-02-26,2019022601002652,SRBL,43,32,616,204.00,"125,664.00"
2019-02-26,2019022601002638,SRBL,43,19,384,204.00,"78,336.00"
2019-02-26,2019022601002637,SRBL,17,19,459,204.00,"93,636.00"
2019-02-26,2019022601002608,SRBL,17,16,41,204.00,"8,364.00"
2019-02-26,2019022601002561,SRBL,17,51,69,204.00,"14,076.00"
2019-02-26,2019022601002420,SRBL,17,59,181,204.00,"36,924.00"
2019-02-26,2019022601002419,SRBL,50,59,14,204.00,"2,856.00"
2019-02-26,2019022601002563,UIC,45,16,100,760.00,"76,000.00"
2019-02-26,2019022601002467,UMHL,45,38,14,107.00,"1,498.00"
2019-02-26,2019022601002642,UPPER,29,35,50,223.00,"11,150.00"
2019-02-26,2019022601002633,UPPER,29,35,40,223.00,"8,920.00"
2019-02-26,2019022601002621,UPPER,29,57,40,223.00,"8,920.00"
2019-02-26,2019022601002197,UPPER,34,45,50,223.00,"11,150.00"
2019-02-26,2019022601002240,UPPER,34,40,50,223.00,"11,150.00"
2019-02-26,2019022601002229,UPPER,34,40,50,223.00,"11,150.00"
2019-02-26,2019022601002209,UPPER,34,6,20,223.00,"4,460.00"
2019-02-26,2019022601002327,UPPER,34,16,50,223.00,"11,150.00"
2019-02-26,2019022601002322,UPPER,34,34,50,223.00,"11,150.00"
2019-02-26,2019022601002299,UPPER,34,42,10,223.00,"2,230.00"
2019-02-26,2019022601002296,UPPER,34,42,10,223.00,"2,230.00"
2019-02-26,2019022601002286,UPPER,34,34,40,223.00,"8,920.00"
2019-02-26,2019022601002361,UPPER,34,34,40,223.00,"8,920.00"
2019-02-26,2019022601002469,UPPER,34,6,40,223.00,"8,920.00"
2019-02-26,2019022601002450,UPPER,34,6,40,223.00,"8,920.00"
2019-02-26,2019022601002412,UPPER,34,1,50,223.00,"11,150.00"
2019-02-26,2019022601002395,UPPER,48,38,61,224.00,"13,664.00"
2019-02-26,2019022601002383,UPPER,34,48,61,223.00,"13,603.00"
2019-02-26,2019022601002525,UPPER,6,45,16,223.00,"3,568.00"
2019-02-26,2019022601002508,UPPER,6,45,24,223.00,"5,352.00"
2019-02-26,2019022601002507,UPPER,6,45,16,223.00,"3,568.00"
2019-02-26,2019022601002499,UPPER,6,35,24,223.00,"5,352.00"
2019-02-26,2019022601002498,UPPER,34,35,26,223.00,"5,798.00"
2019-02-26,2019022601002493,UPPER,34,35,50,223.00,"11,150.00"
2019-02-26,2019022601002620,UPPER,29,16,40,223.00,"8,920.00"
2019-02-26,2019022601002614,UPPER,29,57,40,223.00,"8,920.00"
2019-02-26,2019022601002565,UPPER,10,38,100,224.00,"22,400.00"
2019-02-26,2019022601002546,UPPER,29,45,50,223.00,"11,150.00"
2019-02-26,2019022601002530,UPPER,29,45,50,223.00,"11,150.00"
2019-02-26,2019022601002526,UPPER,29,45,34,223.00,"7,582.00"
2019-02-26,2019022601002330,VLBS,34,47,12,670.00,"8,040.00"
2019-02-26,2019022601002216,WOMI,54,54,8,"1,105.00","8,840.00"
2019-02-26,2019022601002152,ADBL,43,49,100,332.00,"33,200.00"
2019-02-26,2019022601002085,ADBL,33,38,"1,135",332.00,"376,820.00"
2019-02-26,2019022601002057,ADBL,38,38,100,332.00,"33,200.00"
2019-02-26,2019022601002008,ADBL,52,19,10,333.00,"3,330.00"
2019-02-26,2019022601001892,ADBL,33,56,97,332.00,"32,204.00"
2019-02-26,2019022601001886,ADBL,35,56,20,332.00,"6,640.00"
2019-02-26,2019022601001862,ADBL,21,56,30,332.00,"9,960.00"
2019-02-26,2019022601002130,AHPC,37,52,622,98.00,"60,956.00"
2019-02-26,2019022601002123,AHPC,42,41,30,97.00,"2,910.00"
2019-02-26,2019022601002122,AHPC,47,41,54,97.00,"5,238.00"
2019-02-26,2019022601001998,AHPC,47,52,46,97.00,"4,462.00"
2019-02-26,2019022601001988,AHPC,48,52,300,98.00,"29,400.00"
2019-02-26,2019022601001860,AHPC,53,52,78,98.00,"7,644.00"
2019-02-26,2019022601001859,AHPC,53,55,22,98.00,"2,156.00"
2019-02-26,2019022601002170,AKJCL,39,58,10,82.00,820.00
2019-02-26,2019022601002060,AKJCL,39,57,10,82.00,820.00
2019-02-26,2019022601002052,AKJCL,39,13,10,82.00,820.00
2019-02-26,2019022601002045,AKJCL,39,13,20,82.00,"1,640.00"
2019-02-26,2019022601002039,AKJCL,39,13,10,82.00,820.00
2019-02-26,2019022601002031,AKJCL,39,13,10,82.00,820.00
2019-02-26,2019022601002026,AKJCL,39,13,20,82.00,"1,640.00"
2019-02-26,2019022601001919,AKJCL,43,43,20,82.00,"1,640.00"
2019-02-26,2019022601002033,AKPL,22,34,13,153.00,"1,989.00"
2019-02-26,2019022601001765,AKPL,22,32,49,153.00,"7,497.00"
2019-02-26,2019022601001735,AKPL,22,47,99,153.00,"15,147.00"
2019-02-26,2019022601002118,ALICL,16,44,10,560.00,"5,600.00"
2019-02-26,2019022601001972,ALICL,43,43,200,551.00,"110,200.00"
2019-02-26,2019022601001916,ALICL,25,54,330,550.00,"181,500.00"
2019-02-26,2019022601001881,ALICL,43,54,10,550.00,"5,500.00"
2019-02-26,2019022601001878,ALICL,43,44,500,549.00,"274,500.00"
2019-02-26,2019022601001832,ALICL,49,44,400,549.00,"219,600.00"
2019-02-26,2019022601001739,ALICL,58,54,60,550.00,"33,000.00"
2019-02-26,2019022601002141,AMFI,50,34,10,670.00,"6,700.00"
2019-02-26,2019022601002108,API,4,34,10,122.00,"1,220.00"
2019-02-26,2019022601001714,API,4,47,20,122.00,"2,440.00"
2019-02-26,2019022601002147,BARUN,47,6,70,92.00,"6,440.00"
2019-02-26,2019022601002146,BARUN,47,6,30,93.00,"2,790.00"
2019-02-26,2019022601002145,BARUN,53,6,90,93.00,"8,370.00"
2019-02-26,2019022601002036,BARUN,53,34,10,93.00,930.00
2019-02-26,2019022601002129,BOKL,51,41,135,239.00,"32,265.00"
2019-02-26,2019022601002128,BOKL,37,41,65,239.00,"15,535.00"
2019-02-26,2019022601001898,BOKL,25,51,93,240.00,"22,320.00"
2019-02-26,2019022601001905,BPCL,33,3,990,340.00,"336,600.00"
2019-02-26,2019022601001871,BPCL,33,3,10,340.00,"3,400.00"
2019-02-26,2019022601001868,BPCL,14,3,560,340.00,"190,400.00"
2019-02-26,2019022601001867,BPCL,14,46,20,340.00,"6,800.00"
2019-02-26,2019022601001893,CBBL,38,47,35,870.00,"30,450.00"
2019-02-26,2019022601001841,CBBL,38,47,10,870.00,"8,700.00"
2019-02-26,2019022601001840,CBBL,38,11,70,870.00,"60,900.00"
2019-02-26,2019022601001914,CBL,16,32,46,148.00,"6,808.00"
2019-02-26,2019022601001688,CBL,56,21,76,149.00,"11,324.00"
2019-02-26,2019022601001687,CBL,56,22,48,149.00,"7,152.00"
2019-02-26,2019022601001686,CBL,56,48,709,149.00,"105,641.00"
2019-02-26,2019022601001685,CBL,56,44,167,149.00,"24,883.00"
2019-02-26,2019022601002176,CCBL,38,34,361,160.00,"57,760.00"
2019-02-26,2019022601002175,CCBL,38,14,284,160.00,"45,440.00"
2019-02-26,2019022601002174,CCBL,38,1,87,160.00,"13,920.00"
2019-02-26,2019022601002173,CCBL,38,43,94,159.00,"14,946.00"
2019-02-26,2019022601002172,CCBL,6,6,879,159.00,"139,761.00"
2019-02-26,2019022601002153,CCBL,42,43,51,159.00,"8,109.00"
2019-02-26,2019022601001781,CCBL,39,32,221,159.00,"35,139.00"
2019-02-26,2019022601001780,CCBL,39,32,183,159.00,"29,097.00"
2019-02-26,2019022601002137,CCBL,42,43,49,159.00,"7,791.00"
2019-02-26,2019022601001903,CCBL,34,56,10,158.00,"1,580.00"
2019-02-26,2019022601001872,CCBL,34,46,42,158.00,"6,636.00"
2019-02-26,2019022601001838,CCBL,39,26,79,159.00,"12,561.00"
2019-02-26,2019022601002131,CCBLPO,39,10,210,140.00,"29,400.00"
2019-02-26,2019022601001777,CFCL,58,32,98,109.00,"10,682.00"
2019-02-26,2019022601001763,CFCL,58,40,155,109.00,"16,895.00"
2019-02-26,2019022601001762,CFCL,1,40,73,110.00,"8,030.00"
2019-02-26,2019022601002119,CHCL,56,50,100,502.00,"50,200.00"
2019-02-26,2019022601001971,CHCL,49,1,12,500.00,"6,000.00"
2019-02-26,2019022601001768,CHL,58,40,34,100.00,"3,400.00"
2019-02-26,2019022601002126,CHLBS,17,4,10,582.00,"5,820.00"
2019-02-26,2019022601002098,CHLBS,17,56,10,582.00,"5,820.00"
2019-02-26,2019022601002063,CHLBS,16,28,10,581.00,"5,810.00"
2019-02-26,2019022601002056,CHLBS,16,48,10,581.00,"5,810.00"
2019-02-26,2019022601002049,CHLBS,16,48,10,581.00,"5,810.00"
2019-02-26,2019022601001980,CHLBS,16,39,10,581.00,"5,810.00"
2019-02-26,2019022601001689,CHLBS,16,59,10,581.00,"5,810.00"
2019-02-26,2019022601001725,CHLBS,42,38,10,582.00,"5,820.00"
2019-02-26,2019022601001724,CHLBS,32,26,10,582.00,"5,820.00"
2019-02-26,2019022601001723,CHLBS,32,45,10,582.00,"5,820.00"
2019-02-26,2019022601001717,CHLBS,32,38,10,582.00,"5,820.00"
2019-02-26,2019022601001698,CHLBS,32,10,10,582.00,"5,820.00"
2019-02-26,2019022601001695,CHLBS,32,59,10,582.00,"5,820.00"
2019-02-26,2019022601001759,CHLBS,16,16,10,581.00,"5,810.00"
2019-02-26,2019022601001749,CHLBS,42,38,10,582.00,"5,820.00"
2019-02-26,2019022601001740,CHLBS,42,16,10,582.00,"5,820.00"
2019-02-26,2019022601001738,CHLBS,42,38,10,582.00,"5,820.00"
2019-02-26,2019022601001734,CHLBS,26,17,10,583.00,"5,830.00"
2019-02-26,2019022601001733,CHLBS,42,38,10,582.00,"5,820.00"
2019-02-26,2019022601001778,CHLBS,16,16,10,581.00,"5,810.00"
2019-02-26,2019022601001772,CHLBS,16,38,10,581.00,"5,810.00"
2019-02-26,2019022601001771,CHLBS,25,16,10,584.00,"5,840.00"
2019-02-26,2019022601001770,CHLBS,25,17,10,584.00,"5,840.00"
2019-02-26,2019022601001769,CHLBS,25,57,10,583.00,"5,830.00"
2019-02-26,2019022601001761,CHLBS,16,38,10,581.00,"5,810.00"
2019-02-26,2019022601001836,CHLBS,16,38,10,581.00,"5,810.00"
2019-02-26,2019022601001831,CHLBS,16,16,10,581.00,"5,810.00"
2019-02-26,2019022601001818,CHLBS,16,16,10,581.00,"5,810.00"
2019-02-26,2019022601001808,CHLBS,16,16,10,581.00,"5,810.00"
2019-02-26,2019022601001805,CHLBS,16,5,10,581.00,"5,810.00"
2019-02-26,2019022601001783,CHLBS,16,38,10,581.00,"5,810.00"
2019-02-26,2019022601001875,CHLBS,37,6,10,585.00,"5,850.00"
2019-02-26,2019022601001873,CHLBS,16,59,10,581.00,"5,810.00"
2019-02-26,2019022601001865,CHLBS,7,21,10,582.00,"5,820.00"
2019-02-26,2019022601001861,CHLBS,7,16,10,582.00,"5,820.00"
2019-02-26,2019022601001851,CHLBS,7,49,10,582.00,"5,820.00"
2019-02-26,2019022601001842,CHLBS,16,16,10,581.00,"5,810.00"
2019-02-26,2019022601001887,CHLBS,59,6,10,585.00,"5,850.00"
2019-02-26,2019022601001884,CHLBS,16,16,10,581.00,"5,810.00"
2019-02-26,2019022601001882,CHLBS,16,59,10,581.00,"5,810.00"
2019-02-26,2019022601001879,CHLBS,16,59,10,581.00,"5,810.00"
2019-02-26,2019022601001877,CHLBS,16,59,10,581.00,"5,810.00"
2019-02-26,2019022601001876,CHLBS,16,16,10,581.00,"5,810.00"
2019-02-26,2019022601001965,CHLBS,16,38,10,581.00,"5,810.00"
2019-02-26,2019022601001936,CHLBS,16,29,10,581.00,"5,810.00"
2019-02-26,2019022601001926,CHLBS,16,39,10,581.00,"5,810.00"
2019-02-26,2019022601001890,CHLBS,59,6,10,585.00,"5,850.00"
2019-02-26,2019022601001889,CHLBS,59,6,10,585.00,"5,850.00"
2019-02-26,2019022601001888,CHLBS,59,6,10,585.00,"5,850.00"
2019-02-26,2019022601002081,CIT,50,45,40,"2,540.00","101,600.00"
2019-02-26,2019022601002080,CIT,50,22,100,"2,539.00","253,900.00"
2019-02-26,2019022601002079,CIT,50,22,60,"2,530.00","151,800.00"
2019-02-26,2019022601001712,CMF1,21,34,500,9.10,"4,550.00"
2019-02-26,2019022601002012,CZBIL,59,43,67,201.00,"13,467.00"
2019-02-26,2019022601002001,CZBIL,43,38,67,202.00,"13,534.00"
2019-02-26,2019022601001850,CZBIL,59,29,100,201.00,"20,100.00"
2019-02-26,2019022601001986,DDBL,1,55,40,579.00,"23,160.00"
2019-02-26,2019022601001752,DDBL,1,34,250,579.00,"144,750.00"
2019-02-26,2019022601001751,DDBL,1,19,20,578.00,"11,560.00"
2019-02-26,2019022601002051,DHPL,47,53,30,88.00,"2,640.00"
