Date,Transact. No.,Symbol,Buyer,Seller,Quantity,Rate,Amount
2020-01-15,2020011501010696,ADBL,5,44,10,386.00,"3,860.00"
2020-01-15,2020011501010631,ADBL,5,57,93,385.00,"35,805.00"
2020-01-15,2020011501010531,ADBL,6,44,180,386.00,"69,480.00"
2020-01-15,2020011501010530,ADBL,6,59,100,386.00,"38,600.00"
2020-01-15,2020011501010529,ADBL,6,51,345,386.00,"133,170.00"
2020-01-15,2020011501010528,ADBL,6,57,59,386.00,"22,774.00"
2020-01-15,2020011501010525,ADBL,5,42,"1,407",385.00,"541,695.00"
2020-01-15,2020011501010400,ADBL,49,57,10,386.00,"3,860.00"
2020-01-15,2020011501010399,ADBL,49,57,400,385.00,"154,000.00"
2020-01-15,2020011501010398,ADBL,49,22,50,385.00,"19,250.00"
2020-01-15,2020011501010624,AHPC,37,13,500,96.00,"48,000.00"
2020-01-15,2020011501010691,AKPL,40,40,10,139.00,"1,390.00"
2020-01-15,2020011501010661,AKPL,58,45,50,140.00,"7,000.00"
2020-01-15,2020011501010472,AKPL,58,22,13,137.00,"1,781.00"
2020-01-15,2020011501010660,ALBSL,34,44,143,614.00,"87,802.00"
2020-01-15,2020011501010659,ALBSL,34,43,247,613.00,"151,411.00"
2020-01-15,2020011501010658,ALBSL,34,44,10,610.00,"6,100.00"
2020-01-15,2020011501010250,ALBSL,42,5,100,605.00,"60,500.00"
2020-01-15,2020011501010249,ALBSL,25,5,200,606.00,"121,200.00"
2020-01-15,2020011501010645,ALICL,25,6,89,424.00,"37,736.00"
2020-01-15,2020011501010644,ALICL,42,6,100,424.00,"42,400.00"
2020-01-15,2020011501010289,ALICL,25,29,200,425.00,"85,000.00"
2020-01-15,2020011501010288,ALICL,57,29,284,425.00,"120,700.00"
2020-01-15,2020011501010287,ALICL,25,29,250,426.00,"106,500.00"
2020-01-15,2020011501010286,ALICL,29,29,30,427.00,"12,810.00"
2020-01-15,2020011501010511,API,19,52,500,128.00,"64,000.00"
2020-01-15,2020011501010430,API,25,52,32,128.00,"4,096.00"
2020-01-15,2020011501010370,API,1,41,40,127.00,"5,080.00"
2020-01-15,2020011501010313,API,1,32,18,127.00,"2,286.00"
2020-01-15,2020011501010262,API,25,52,60,128.00,"7,680.00"
2020-01-15,2020011501010234,API,1,25,"1,000",127.00,"127,000.00"
2020-01-15,2020011501010518,BFC,55,28,269,99.00,"26,631.00"
2020-01-15,2020011501010517,BFC,55,36,10,99.00,990.00
2020-01-15,2020011501010554,BPCL,43,1,10,329.00,"3,290.00"
2020-01-15,2020011501010480,CBBL,39,34,164,895.00,"146,780.00"
2020-01-15,2020011501010479,CBBL,39,21,69,895.00,"61,755.00"
2020-01-15,2020011501010478,CBBL,39,36,63,891.00,"56,133.00"
2020-01-15,2020011501010256,CBBL,58,36,30,891.00,"26,730.00"
2020-01-15,2020011501010240,CBBL,49,25,66,890.00,"58,740.00"
2020-01-15,2020011501010687,CBL,25,11,200,147.00,"29,400.00"
2020-01-15,2020011501010672,CBL,51,11,100,147.00,"14,700.00"
2020-01-15,2020011501010564,CBL,25,11,500,147.00,"73,500.00"
2020-01-15,2020011501010527,CBL,43,11,10,147.00,"1,470.00"
2020-01-15,2020011501010450,CBL,58,4,"2,000",146.00,"292,000.00"
2020-01-15,2020011501010416,CBL,58,59,194,146.00,"28,324.00"
2020-01-15,2020011501010368,CBL,58,6,500,146.00,"73,000.00"
2020-01-15,2020011501010538,CCBL,45,50,221,184.00,"40,664.00"
2020-01-15,2020011501010276,CFCL,34,4,777,141.00,"109,557.00"
2020-01-15,2020011501010275,CFCL,34,4,480,141.00,"67,680.00"
2020-01-15,2020011501010294,CHCL,37,54,50,420.00,"21,000.00"
2020-01-15,2020011501010666,CIT,38,1,71,"2,210.00","156,910.00"
2020-01-15,2020011501010562,CIT,5,1,100,"2,211.00","221,100.00"
2020-01-15,2020011501010543,CIT,16,1,50,"2,211.00","110,550.00"
2020-01-15,2020011501010293,CIT,7,56,200,"2,212.00","442,400.00"
2020-01-15,2020011501010292,CIT,19,56,50,"2,212.00","110,600.00"
2020-01-15,2020011501010291,CIT,29,56,171,"2,213.00","378,423.00"
2020-01-15,2020011501010233,CIT,38,6,84,"2,221.00","186,564.00"
2020-01-15,2020011501010232,CIT,38,34,100,"2,220.00","222,000.00"
2020-01-15,2020011501010231,CIT,38,42,62,"2,220.00","137,640.00"
2020-01-15,2020011501010230,CIT,38,57,50,"2,219.00","110,950.00"
2020-01-15,2020011501010558,CLBSL,16,36,200,805.00,"161,000.00"
2020-01-15,2020011501010447,CZBIL,33,26,"1,553",203.00,"315,259.00"
2020-01-15,2020011501010327,CZBIL,33,44,37,203.00,"7,511.00"
2020-01-15,2020011501010626,DBBL,40,25,899,155.00,"139,345.00"
2020-01-15,2020011501010625,DBBL,40,48,101,155.00,"15,655.00"
2020-01-15,2020011501010576,DBBL,42,48,49,155.00,"7,595.00"
2020-01-15,2020011501010575,DBBL,42,32,151,155.00,"23,405.00"
2020-01-15,2020011501010542,DBBL,50,26,695,154.00,"107,030.00"
2020-01-15,2020011501010532,DBBL,17,46,500,153.00,"76,500.00"
2020-01-15,2020011501010385,DBBL,7,32,"1,000",154.00,"154,000.00"
2020-01-15,2020011501010238,DBBL,7,51,"1,995",154.00,"307,230.00"
2020-01-15,2020011501010237,DBBL,7,32,"1,000",153.00,"153,000.00"
2020-01-15,2020011501010236,DBBL,7,49,500,153.00,"76,500.00"
2020-01-15,2020011501010235,DBBL,7,4,200,152.00,"30,400.00"
2020-01-15,2020011501010458,DBBL,40,1,40,155.00,"6,200.00"
2020-01-15,2020011501010457,DBBL,40,59,723,155.00,"112,065.00"
2020-01-15,2020011501010456,DBBL,40,52,15,155.00,"2,325.00"
2020-01-15,2020011501010455,DBBL,40,25,523,155.00,"81,065.00"
2020-01-15,2020011501010454,DBBL,40,28,450,155.00,"69,750.00"
2020-01-15,2020011501010412,DBBL,40,59,500,154.00,"77,000.00"
2020-01-15,2020011501010510,DBBL,17,59,10,153.00,"1,530.00"
2020-01-15,2020011501010509,DBBL,7,26,305,154.00,"46,970.00"
2020-01-15,2020011501010462,DBBL,40,32,549,155.00,"85,095.00"
2020-01-15,2020011501010461,DBBL,40,45,500,155.00,"77,500.00"
2020-01-15,2020011501010460,DBBL,40,41,"1,000",155.00,"155,000.00"
2020-01-15,2020011501010459,DBBL,40,25,700,155.00,"108,500.00"
2020-01-15,2020011501010616,DDBL,20,34,46,"1,020.00","46,920.00"
2020-01-15,2020011501010615,DDBL,56,34,10,"1,020.00","10,200.00"
2020-01-15,2020011501010614,DDBL,28,34,200,"1,021.00","204,200.00"
2020-01-15,2020011501010613,DDBL,16,34,15,"1,021.00","15,315.00"
2020-01-15,2020011501010612,DDBL,19,34,100,"1,021.00","102,100.00"
2020-01-15,2020011501010611,DDBL,25,34,40,"1,021.00","40,840.00"
2020-01-15,2020011501010598,DDBL,7,34,63,"1,027.00","64,701.00"
2020-01-15,2020011501010597,DDBL,33,34,100,"1,027.00","102,700.00"
2020-01-15,2020011501010604,DDBL,44,34,165,"1,025.00","169,125.00"
2020-01-15,2020011501010603,DDBL,7,34,50,"1,025.00","51,250.00"
2020-01-15,2020011501010602,DDBL,57,34,200,"1,025.00","205,000.00"
2020-01-15,2020011501010601,DDBL,7,34,104,"1,025.00","106,600.00"
2020-01-15,2020011501010600,DDBL,57,34,100,"1,026.00","102,600.00"
2020-01-15,2020011501010599,DDBL,43,34,53,"1,026.00","54,378.00"
2020-01-15,2020011501010610,DDBL,44,34,150,"1,022.00","153,300.00"
2020-01-15,2020011501010609,DDBL,56,34,12,"1,022.00","12,264.00"
2020-01-15,2020011501010608,DDBL,45,34,50,"1,024.00","51,200.00"
2020-01-15,2020011501010607,DDBL,51,34,342,"1,024.00","350,208.00"
2020-01-15,2020011501010606,DDBL,41,34,100,"1,025.00","102,500.00"
2020-01-15,2020011501010605,DDBL,57,34,100,"1,025.00","102,500.00"
2020-01-15,2020011501010481,EDBL,36,47,30,325.00,"9,750.00"
2020-01-15,2020011501010683,EIC,36,17,30,323.00,"9,690.00"
2020-01-15,2020011501010342,EIC,28,17,200,323.00,"64,600.00"
2020-01-15,2020011501010700,FMDBL,54,36,50,420.00,"21,000.00"
2020-01-15,2020011501010699,FMDBL,35,36,131,420.00,"55,020.00"
2020-01-15,2020011501010563,FMDBL,25,53,552,421.00,"232,392.00"
2020-01-15,2020011501010278,FMDBL,35,45,193,420.00,"81,060.00"
2020-01-15,2020011501010277,FMDBL,39,45,40,420.00,"16,800.00"
2020-01-15,2020011501010263,FMDBL,19,53,448,421.00,"188,608.00"
2020-01-15,2020011501010254,FMDBL,19,34,552,421.00,"232,392.00"
2020-01-15,2020011501010253,FMDBL,42,34,100,421.00,"42,100.00"
2020-01-15,2020011501010252,FMDBL,52,34,250,423.00,"105,750.00"
2020-01-15,2020011501010686,FOWAD,14,21,15,"1,205.00","18,075.00"
2020-01-15,2020011501010695,GBBL,4,57,68,232.00,"15,776.00"
2020-01-15,2020011501010694,GBBL,4,14,32,232.00,"7,424.00"
2020-01-15,2020011501010592,GBBL,21,51,109,231.00,"25,179.00"
2020-01-15,2020011501010449,GBBL,54,51,331,231.00,"76,461.00"
2020-01-15,2020011501010448,GBBL,54,10,169,230.00,"38,870.00"
2020-01-15,2020011501010273,GBBL,50,50,500,229.00,"114,500.00"
2020-01-15,2020011501010272,GBBL,45,50,50,229.00,"11,450.00"
2020-01-15,2020011501010596,GBLBS,53,19,60,405.00,"24,300.00"
2020-01-15,2020011501010595,GBLBS,36,19,55,405.00,"22,275.00"
2020-01-15,2020011501010471,GBLBS,36,49,945,405.00,"382,725.00"
2020-01-15,2020011501010470,GBLBS,46,49,250,405.00,"101,250.00"
2020-01-15,2020011501010469,GBLBS,57,49,50,405.00,"20,250.00"
2020-01-15,2020011501010468,GBLBS,36,49,755,406.00,"306,530.00"
2020-01-15,2020011501010512,GGBSL,52,42,50,893.00,"44,650.00"
2020-01-15,2020011501010535,GMFBS,10,43,10,691.00,"6,910.00"
2020-01-15,2020011501010381,GMFBS,50,58,15,703.00,"10,545.00"
2020-01-15,2020011501010401,GRDBL,52,58,30,116.00,"3,480.00"
2020-01-15,2020011501010591,GUFL,49,4,396,124.00,"49,104.00"
2020-01-15,2020011501010685,HBL,38,22,20,575.00,"11,500.00"
2020-01-15,2020011501010684,HBL,38,49,90,575.00,"51,750.00"
2020-01-15,2020011501010662,HBL,5,49,10,575.00,"5,750.00"
2020-01-15,2020011501010566,HBL,52,43,20,564.00,"11,280.00"
2020-01-15,2020011501010380,HBL,38,46,300,565.00,"169,500.00"
2020-01-15,2020011501010671,HDL,47,54,30,"1,248.00","37,440.00"
2020-01-15,2020011501010387,HDL,47,6,70,"1,243.00","87,010.00"
2020-01-15,2020011501010593,HIDCL,48,43,11,141.00,"1,551.00"
2020-01-15,2020011501010557,HIDCL,17,5,"1,000",140.00,"140,000.00"
2020-01-15,2020011501010556,HIDCL,25,5,200,140.00,"28,000.00"
2020-01-15,2020011501010682,ICFC,49,17,10,170.00,"1,700.00"
2020-01-15,2020011501010646,ILBS,57,45,10,756.00,"7,560.00"
2020-01-15,2020011501010574,JFL,26,16,30,173.00,"5,190.00"
2020-01-15,2020011501010508,JSLBB,48,34,30,"1,422.00","42,660.00"
2020-01-15,2020011501010507,JSLBB,48,41,70,"1,420.00","99,400.00"
2020-01-15,2020011501010464,KBL,10,40,300,196.00,"58,800.00"
2020-01-15,2020011501010302,KBL,58,17,50,197.00,"9,850.00"
2020-01-15,2020011501010269,KBL,49,17,50,197.00,"9,850.00"
2020-01-15,2020011501010649,KSBBL,42,32,12,148.00,"1,776.00"
2020-01-15,2020011501010519,KSBBL,33,57,10,149.00,"1,490.00"
2020-01-15,2020011501010417,LBBL,1,33,100,186.00,"18,600.00"
2020-01-15,2020011501010408,LBBL,21,25,200,187.00,"37,400.00"
2020-01-15,2020011501010407,LBBL,21,1,430,187.00,"80,410.00"
2020-01-15,2020011501010677,LBL,34,19,10,211.00,"2,110.00"
2020-01-15,2020011501010636,LBL,49,26,963,209.00,"201,267.00"
2020-01-15,2020011501010635,LBL,58,26,"1,000",209.00,"209,000.00"
2020-01-15,2020011501010422,LGIL,46,13,"1,000",392.00,"392,000.00"
2020-01-15,2020011501010489,LICN,25,28,10,"1,140.00","11,400.00"
2020-01-15,2020011501010439,LICN,57,34,16,"1,126.00","18,016.00"
2020-01-15,2020011501010675,MBL,34,43,20,236.00,"4,720.00"
2020-01-15,2020011501010589,MBL,14,57,100,234.00,"23,400.00"
2020-01-15,2020011501010588,MBL,34,57,"2,000",234.00,"468,000.00"
2020-01-15,2020011501010587,MBL,35,57,500,235.00,"117,500.00"
2020-01-15,2020011501010586,MBL,45,57,400,235.00,"94,000.00"
2020-01-15,2020011501010585,MBL,21,57,"1,000",235.00,"235,000.00"
2020-01-15,2020011501010584,MBL,34,57,160,235.00,"37,600.00"
2020-01-15,2020011501010446,MBL,34,50,500,235.00,"117,500.00"
2020-01-15,2020011501010316,MBL,34,49,340,235.00,"79,900.00"
2020-01-15,2020011501010315,MBL,56,49,250,235.00,"58,750.00"
2020-01-15,2020011501010314,MBL,42,49,10,235.00,"2,350.00"
2020-01-15,2020011501010371,MEGA,43,13,10,205.00,"2,050.00"
2020-01-15,2020011501010206,MEGA,49,49,200,203.00,"40,600.00"
2020-01-15,2020011501010205,MEGA,58,49,200,203.00,"40,600.00"
2020-01-15,2020011501010655,MERO,38,28,100,613.00,"61,300.00"
2020-01-15,2020011501010388,MERO,34,40,300,608.00,"182,400.00"
2020-01-15,2020011501010337,MERO,28,28,500,613.00,"306,500.00"
2020-01-15,2020011501010336,MERO,28,42,500,612.00,"306,000.00"
2020-01-15,2020011501010376,MFIL,49,17,86,185.00,"15,910.00"
2020-01-15,2020011501010301,MFIL,49,1,500,185.00,"92,500.00"
2020-01-15,2020011501010300,MFIL,49,25,"2,000",185.00,"370,000.00"
2020-01-15,2020011501010266,MFIL,43,32,71,185.00,"13,135.00"
2020-01-15,2020011501010265,MFIL,43,25,814,185.00,"150,590.00"
2020-01-15,2020011501010264,MFIL,43,11,200,183.00,"36,600.00"
2020-01-15,2020011501010207,MFIL,43,47,"1,000",184.00,"184,000.00"
2020-01-15,2020011501010213,MFIL,43,47,100,185.00,"18,500.00"
2020-01-15,2020011501010212,MFIL,43,45,300,185.00,"55,500.00"
2020-01-15,2020011501010211,MFIL,43,45,490,185.00,"90,650.00"
2020-01-15,2020011501010210,MFIL,43,18,"5,871",184.00,"1,080,264.00"
2020-01-15,2020011501010209,MFIL,43,57,"2,000",184.00,"368,000.00"
2020-01-15,2020011501010208,MFIL,43,33,"2,000",184.00,"368,000.00"
2020-01-15,2020011501010219,MFIL,43,25,186,185.00,"34,410.00"
2020-01-15,2020011501010218,MFIL,43,16,700,185.00,"129,500.00"
2020-01-15,2020011501010217,MFIL,43,45,200,185.00,"37,000.00"
2020-01-15,2020011501010216,MFIL,43,21,"1,653",185.00,"305,805.00"
2020-01-15,2020011501010215,MFIL,43,34,"1,000",185.00,"185,000.00"
2020-01-15,2020011501010214,MFIL,43,8,500,185.00,"92,500.00"
2020-01-15,2020011501010425,MLBBL,20,21,50,610.00,"30,500.00"
2020-01-15,2020011501010271,MLBBL,26,16,700,620.00,"434,000.00"
2020-01-15,2020011501010665,MNBBL,53,48,249,315.00,"78,435.00"
2020-01-15,2020011501010482,MNBBL,53,53,404,315.00,"127,260.00"
2020-01-15,2020011501010427,MNBBL,53,53,96,315.00,"30,240.00"
2020-01-15,2020011501010357,MNBBL,28,58,150,316.00,"47,400.00"
2020-01-15,2020011501010356,MNBBL,28,26,50,316.00,"15,800.00"
2020-01-15,2020011501010701,MSMBS,58,54,10,781.00,"7,810.00"
2020-01-15,2020011501010663,MSMBS,58,58,20,768.00,"15,360.00"
2020-01-15,2020011501010521,MSMBS,58,11,50,753.00,"37,650.00"
2020-01-15,2020011501010451,MSMBS,58,58,20,768.00,"15,360.00"
2020-01-15,2020011501010402,MSMBS,58,52,27,753.00,"20,331.00"
2020-01-15,2020011501010384,MSMBS,6,52,50,753.00,"37,650.00"
2020-01-15,2020011501010246,MSMBS,58,43,22,739.00,"16,258.00"
2020-01-15,2020011501010245,MSMBS,58,38,10,739.00,"7,390.00"
2020-01-15,2020011501010244,MSMBS,58,14,22,738.00,"16,236.00"
2020-01-15,2020011501010243,MSMBS,58,49,11,737.00,"8,107.00"
2020-01-15,2020011501010242,MSMBS,58,38,150,734.00,"110,100.00"
2020-01-15,2020011501010241,MSMBS,58,5,50,729.00,"36,450.00"
2020-01-15,2020011501010333,MSMBS,58,52,23,753.00,"17,319.00"
2020-01-15,2020011501010332,MSMBS,58,38,10,753.00,"7,530.00"
2020-01-15,2020011501010331,MSMBS,58,45,100,752.00,"75,200.00"
2020-01-15,2020011501010330,MSMBS,58,11,40,750.00,"30,000.00"
2020-01-15,2020011501010248,MSMBS,58,40,40,740.00,"29,600.00"
2020-01-15,2020011501010247,MSMBS,58,21,22,739.00,"16,258.00"
2020-01-15,2020011501010431,NABIL,14,35,300,740.00,"222,000.00"
2020-01-15,2020011501010338,NABIL,26,54,45,739.00,"33,255.00"
2020-01-15,2020011501010573,NBB,57,39,40,209.00,"8,360.00"
2020-01-15,2020011501010572,NBB,57,39,100,209.00,"20,900.00"
2020-01-15,2020011501010571,NBB,57,39,50,209.00,"10,450.00"
2020-01-15,2020011501010570,NBB,57,39,60,209.00,"12,540.00"
2020-01-15,2020011501010490,NBB,36,51,450,208.00,"93,600.00"
2020-01-15,2020011501010703,NBL,33,21,100,282.00,"28,200.00"
2020-01-15,2020011501010523,NBL,33,45,200,280.00,"56,000.00"
2020-01-15,2020011501010397,NBL,33,21,50,282.00,"14,100.00"
2020-01-15,2020011501010362,NBL,41,47,25,279.00,"6,975.00"
2020-01-15,2020011501010361,NBL,29,47,"1,000",279.00,"279,000.00"
2020-01-15,2020011501010360,NBL,39,47,875,279.00,"244,125.00"
2020-01-15,2020011501010221,NBL,39,47,70,279.00,"19,530.00"
2020-01-15,2020011501010220,NBL,52,47,255,279.00,"71,145.00"
2020-01-15,2020011501010359,NBL,33,47,100,280.00,"28,000.00"
2020-01-15,2020011501010335,NBL,33,34,500,280.00,"140,000.00"
2020-01-15,2020011501010225,NBL,39,47,"1,125",279.00,"313,875.00"
2020-01-15,2020011501010224,NBL,1,47,200,279.00,"55,800.00"
2020-01-15,2020011501010223,NBL,25,47,250,279.00,"69,750.00"
2020-01-15,2020011501010222,NBL,29,47,"1,100",279.00,"306,900.00"
2020-01-15,2020011501010506,NCCB,46,28,100,223.00,"22,300.00"
2020-01-15,2020011501010505,NCCB,17,28,276,223.00,"61,548.00"
2020-01-15,2020011501010373,NCCB,10,5,300,224.00,"67,200.00"
2020-01-15,2020011501010311,NCCB,17,32,124,223.00,"27,652.00"
2020-01-15,2020011501010310,NCCB,22,32,23,223.00,"5,129.00"
2020-01-15,2020011501010274,NCCB,22,45,100,223.00,"22,300.00"
2020-01-15,2020011501010255,NCCB,22,45,240,223.00,"53,520.00"
2020-01-15,2020011501010623,NGPL,21,55,13,117.00,"1,521.00"
2020-01-15,2020011501010622,NGPL,55,55,125,117.00,"14,625.00"
2020-01-15,2020011501010621,NGPL,52,55,12,117.00,"1,404.00"
2020-01-15,2020011501010340,NIB,51,3,36,409.00,"14,724.00"
2020-01-15,2020011501010290,NIB,51,25,200,409.00,"81,800.00"
2020-01-15,2020011501010261,NIB,51,16,64,407.00,"26,048.00"
2020-01-15,2020011501010702,NICA,52,46,100,472.00,"47,200.00"
2020-01-15,2020011501010652,NICA,58,46,500,472.00,"236,000.00"
2020-01-15,2020011501010647,NICA,50,46,22,472.00,"10,384.00"
2020-01-15,2020011501010630,NICA,50,52,278,472.00,"131,216.00"
2020-01-15,2020011501010629,NICA,40,52,300,472.00,"141,600.00"
2020-01-15,2020011501010628,NICA,33,52,422,472.00,"199,184.00"
2020-01-15,2020011501010390,NICA,4,25,"1,000",473.00,"473,000.00"
2020-01-15,2020011501010270,NICA,45,36,38,474.00,"18,012.00"
2020-01-15,2020011501010251,NICA,45,46,112,474.00,"53,088.00"
2020-01-15,2020011501010579,NICA,58,58,38,474.00,"18,012.00"
2020-01-15,2020011501010578,NICA,58,36,62,474.00,"29,388.00"
2020-01-15,2020011501010577,NICA,33,14,198,472.00,"93,456.00"
2020-01-15,2020011501010491,NICA,33,22,200,472.00,"94,400.00"
2020-01-15,2020011501010437,NICA,22,22,200,473.00,"94,600.00"
2020-01-15,2020011501010428,NICA,33,57,150,472.00,"70,800.00"
2020-01-15,2020011501010453,NICL,43,57,10,346.00,"3,460.00"
2020-01-15,2020011501010452,NICL,43,25,12,345.00,"4,140.00"
2020-01-15,2020011501010698,NIL,42,4,129,427.00,"55,083.00"
2020-01-15,2020011501010697,NIL,42,45,121,427.00,"51,667.00"
2020-01-15,2020011501010413,NLBBL,46,25,12,649.00,"7,788.00"
2020-01-15,2020011501010492,NLG,6,38,327,712.00,"232,824.00"
2020-01-15,2020011501010664,NLIC,8,57,18,"1,008.00","18,144.00"
2020-01-15,2020011501010463,NLIC,45,1,250,"1,007.00","251,750.00"
2020-01-15,2020011501010423,NLIC,14,36,208,"1,008.00","209,664.00"
2020-01-15,2020011501010419,NLIC,45,58,180,"1,007.00","181,260.00"
2020-01-15,2020011501010396,NLIC,45,22,22,"1,007.00","22,154.00"
2020-01-15,2020011501010395,NLIC,33,36,292,"1,008.00","294,336.00"
2020-01-15,2020011501010297,NLIC,16,21,150,"1,006.00","150,900.00"
2020-01-15,2020011501010296,NLIC,16,6,30,"1,006.00","30,180.00"
2020-01-15,2020011501010295,NLIC,16,26,13,"1,006.00","13,078.00"
2020-01-15,2020011501010280,NLIC,41,35,350,"1,005.00","351,750.00"
2020-01-15,2020011501010353,NLIC,45,21,44,"1,007.00","44,308.00"
2020-01-15,2020011501010352,NLIC,45,50,100,"1,007.00","100,700.00"
2020-01-15,2020011501010351,NLIC,45,10,50,"1,007.00","50,350.00"
2020-01-15,2020011501010334,NLIC,16,1,250,"1,006.00","251,500.00"
2020-01-15,2020011501010312,NLIC,16,40,500,"1,006.00","503,000.00"
2020-01-15,2020011501010298,NLIC,16,34,100,"1,006.00","100,600.00"
2020-01-15,2020011501010394,NLIC,33,36,50,"1,008.00","50,400.00"
2020-01-15,2020011501010393,NLIC,33,21,145,"1,008.00","146,160.00"
2020-01-15,2020011501010392,NLIC,33,34,63,"1,008.00","63,504.00"
2020-01-15,2020011501010391,NLIC,33,45,450,"1,008.00","453,600.00"
2020-01-15,2020011501010355,NLIC,45,26,50,"1,007.00","50,350.00"
2020-01-15,2020011501010354,NLIC,45,21,200,"1,007.00","201,400.00"
2020-01-15,2020011501010680,NLICL,49,58,488,599.00,"292,312.00"
2020-01-15,2020011501010679,NLICL,49,10,212,598.00,"126,776.00"
2020-01-15,2020011501010678,NLICL,49,6,300,598.00,"179,400.00"
2020-01-15,2020011501010488,NLICL,45,8,100,598.00,"59,800.00"
2020-01-15,2020011501010487,NLICL,45,44,100,598.00,"59,800.00"
2020-01-15,2020011501010473,NLICL,58,44,100,598.00,"59,800.00"
2020-01-15,2020011501010440,NLICL,58,6,180,597.00,"107,460.00"
2020-01-15,2020011501010418,NLICL,58,6,20,597.00,"11,940.00"
2020-01-15,2020011501010317,NLICL,40,6,300,597.00,"179,100.00"
2020-01-15,2020011501010239,NLICL,58,37,13,596.00,"7,748.00"
2020-01-15,2020011501010227,NLICL,58,34,34,596.00,"20,264.00"
2020-01-15,2020011501010226,NLICL,58,34,13,597.00,"7,761.00"
2020-01-15,2020011501010673,NMB,56,35,10,367.00,"3,670.00"
2020-01-15,2020011501010426,NMB,38,22,12,365.00,"4,380.00"
2020-01-15,2020011501010369,NMB,59,35,"1,000",367.00,"367,000.00"
2020-01-15,2020011501010345,NMB,59,35,10,367.00,"3,670.00"
2020-01-15,2020011501010344,NMB,59,35,990,367.00,"363,330.00"
2020-01-15,2020011501010324,NMB,38,35,"1,550",365.00,"565,750.00"
2020-01-15,2020011501010304,NMB,16,25,50,366.00,"18,300.00"
2020-01-15,2020011501010229,NMB,16,58,100,366.00,"36,600.00"
2020-01-15,2020011501010228,NMB,58,58,400,366.00,"146,400.00"
2020-01-15,2020011501010323,NMB,38,35,500,365.00,"182,500.00"
2020-01-15,2020011501010322,NMB,39,35,100,365.00,"36,500.00"
2020-01-15,2020011501010321,NMB,53,35,"1,000",365.00,"365,000.00"
2020-01-15,2020011501010320,NMB,36,35,500,365.00,"182,500.00"
2020-01-15,2020011501010319,NMB,40,35,"1,000",366.00,"366,000.00"
2020-01-15,2020011501010318,NMB,16,35,350,366.00,"128,100.00"
2020-01-15,2020011501010688,NMBMF,42,54,10,800.00,"8,000.00"
2020-01-15,2020011501010348,NMFBS,38,28,200,"1,428.00","285,600.00"
2020-01-15,2020011501010347,NMFBS,38,1,20,"1,428.00","28,560.00"
2020-01-15,2020011501010346,NMFBS,38,47,70,"1,428.00","99,960.00"
2020-01-15,2020011501010299,NMFBS,38,41,10,"1,427.00","14,270.00"
2020-01-15,2020011501010520,NSEWA,26,34,20,589.00,"11,780.00"
2020-01-15,2020011501010567,NTC,43,17,10,644.00,"6,440.00"
2020-01-15,2020011501010545,NTC,6,28,750,640.00,"480,000.00"
2020-01-15,2020011501010258,NTC,6,59,350,640.00,"224,000.00"
2020-01-15,2020011501010257,NTC,41,59,150,640.00,"96,000.00"
2020-01-15,2020011501010436,NUBL,57,6,"3,785",904.00,"3,421,640.00"
2020-01-15,2020011501010268,NUBL,6,6,20,904.00,"18,080.00"
2020-01-15,2020011501010267,NUBL,6,59,100,903.00,"90,300.00"
2020-01-15,2020011501010540,OHL,34,25,10,504.00,"5,040.00"
2020-01-15,2020011501010539,OHL,34,18,100,503.00,"50,300.00"
2020-01-15,2020011501010643,PCBL,5,59,10,270.00,"2,700.00"
2020-01-15,2020011501010642,PCBL,5,7,100,269.00,"26,900.00"
2020-01-15,2020011501010641,PCBL,5,41,121,269.00,"32,549.00"
2020-01-15,2020011501010640,PCBL,5,40,80,269.00,"21,520.00"
2020-01-15,2020011501010639,PCBL,5,47,"1,000",269.00,"269,000.00"
2020-01-15,2020011501010638,PCBL,5,47,"1,000",269.00,"269,000.00"
2020-01-15,2020011501010637,PCBL,5,35,44,269.00,"11,836.00"
2020-01-15,2020011501010383,PCBL,54,35,56,269.00,"15,064.00"
2020-01-15,2020011501010382,PCBL,54,51,244,268.00,"65,392.00"
2020-01-15,2020011501010341,PCBL,29,38,100,267.00,"26,700.00"
2020-01-15,2020011501010565,PICL,34,34,200,550.00,"110,000.00"
2020-01-15,2020011501010343,PICL,34,49,100,550.00,"55,000.00"
2020-01-15,2020011501010350,PRIN,44,6,100,380.00,"38,000.00"
2020-01-15,2020011501010349,PRIN,16,6,460,380.00,"174,800.00"
2020-01-15,2020011501010681,PROFL,34,16,30,108.00,"3,240.00"
2020-01-15,2020011501010594,PROFL,32,45,100,101.00,"10,100.00"
2020-01-15,2020011501010486,PROFL,1,45,"1,000",102.00,"102,000.00"
2020-01-15,2020011501010485,PROFL,48,45,"1,000",102.00,"102,000.00"
2020-01-15,2020011501010484,PROFL,52,45,"2,000",102.00,"204,000.00"
2020-01-15,2020011501010435,PROFL,36,45,"1,000",103.00,"103,000.00"
2020-01-15,2020011501010374,PROFL,32,45,"2,000",105.00,"210,000.00"
2020-01-15,2020011501010329,PROFL,45,45,10,107.00,"1,070.00"
2020-01-15,2020011501010434,PROFL,36,45,"1,000",103.00,"103,000.00"
2020-01-15,2020011501010433,PROFL,1,45,"1,000",103.00,"103,000.00"
2020-01-15,2020011501010432,PROFL,17,45,150,103.00,"15,450.00"
2020-01-15,2020011501010406,PROFL,35,45,200,104.00,"20,800.00"
2020-01-15,2020011501010405,PROFL,36,45,"1,000",104.00,"104,000.00"
2020-01-15,2020011501010404,PROFL,52,45,100,104.00,"10,400.00"
2020-01-15,2020011501010693,PRVU,25,7,140,248.00,"34,720.00"
2020-01-15,2020011501010692,PRVU,25,45,860,248.00,"213,280.00"
2020-01-15,2020011501010653,PRVU,46,45,"1,000",248.00,"248,000.00"
2020-01-15,2020011501010526,PRVU,58,45,10,248.00,"2,480.00"
2020-01-15,2020011501010483,PRVU,6,45,100,248.00,"24,800.00"
2020-01-15,2020011501010429,PRVU,33,43,351,247.00,"86,697.00"
2020-01-15,2020011501010308,PRVU,19,43,139,247.00,"34,333.00"
2020-01-15,2020011501010307,PRVU,19,59,250,247.00,"61,750.00"
2020-01-15,2020011501010674,RHPC,52,17,500,75.00,"37,500.00"
2020-01-15,2020011501010648,RSDC,21,19,150,419.00,"62,850.00"
2020-01-15,2020011501010633,SADBL,4,51,62,151.00,"9,362.00"
2020-01-15,2020011501010632,SADBL,4,45,10,151.00,"1,510.00"
2020-01-15,2020011501010583,SADBL,4,57,100,150.00,"15,000.00"
2020-01-15,2020011501010582,SADBL,4,17,11,150.00,"1,650.00"
2020-01-15,2020011501010581,SADBL,4,51,500,150.00,"75,000.00"
2020-01-15,2020011501010580,SADBL,4,21,317,150.00,"47,550.00"
2020-01-15,2020011501010465,SANIMA,17,34,30,350.00,"10,500.00"
2020-01-15,2020011501010445,SANIMA,18,6,919,348.00,"319,812.00"
2020-01-15,2020011501010444,SANIMA,25,6,20,348.00,"6,960.00"
2020-01-15,2020011501010443,SANIMA,10,6,100,348.00,"34,800.00"
2020-01-15,2020011501010442,SANIMA,5,6,20,348.00,"6,960.00"
2020-01-15,2020011501010441,SANIMA,33,6,200,349.00,"69,800.00"
2020-01-15,2020011501010358,SANIMA,54,34,350,350.00,"122,500.00"
2020-01-15,2020011501010279,SANIMA,33,57,100,349.00,"34,900.00"
2020-01-15,2020011501010410,SBI,57,55,350,407.00,"142,450.00"
2020-01-15,2020011501010409,SBI,59,55,50,408.00,"20,400.00"
2020-01-15,2020011501010670,SBL,16,43,200,323.00,"64,600.00"
2020-01-15,2020011501010669,SBL,13,43,100,323.00,"32,300.00"
2020-01-15,2020011501010668,SBL,38,43,100,324.00,"32,400.00"
2020-01-15,2020011501010667,SBL,38,43,100,324.00,"32,400.00"
2020-01-15,2020011501010546,SBL,7,25,10,327.00,"3,270.00"
2020-01-15,2020011501010283,SBL,16,21,100,325.00,"32,500.00"
2020-01-15,2020011501010634,SCB,32,44,100,602.00,"60,200.00"
2020-01-15,2020011501010541,SDESI,25,58,10,755.00,"7,550.00"
2020-01-15,2020011501010537,SDESI,35,58,10,755.00,"7,550.00"
2020-01-15,2020011501010421,SDESI,45,39,12,745.00,"8,940.00"
2020-01-15,2020011501010420,SDESI,45,45,400,745.00,"298,000.00"
2020-01-15,2020011501010690,SFFIL,26,52,79,231.00,"18,249.00"
2020-01-15,2020011501010689,SFFIL,26,45,21,231.00,"4,851.00"
2020-01-15,2020011501010651,SFFIL,6,33,50,228.00,"11,400.00"
2020-01-15,2020011501010544,SHINE,55,58,200,258.00,"51,600.00"
2020-01-15,2020011501010204,SHINE,32,49,100,258.00,"25,800.00"
2020-01-15,2020011501010676,SHIVM,35,37,200,477.00,"95,400.00"
2020-01-15,2020011501010657,SHIVM,25,37,200,477.00,"95,400.00"
2020-01-15,2020011501010654,SHIVM,38,37,100,477.00,"47,700.00"
2020-01-15,2020011501010590,SHIVM,14,37,300,477.00,"143,100.00"
2020-01-15,2020011501010569,SHIVM,43,37,300,477.00,"143,100.00"
2020-01-15,2020011501010568,SHIVM,35,36,100,478.00,"47,800.00"
2020-01-15,2020011501010306,SHIVM,14,34,85,479.00,"40,715.00"
2020-01-15,2020011501010305,SHIVM,35,34,35,479.00,"16,765.00"
2020-01-15,2020011501010328,SHIVM,14,36,15,479.00,"7,185.00"
2020-01-15,2020011501010498,SHIVM,34,32,100,478.00,"47,800.00"
2020-01-15,2020011501010497,SHIVM,47,32,50,478.00,"23,900.00"
2020-01-15,2020011501010496,SHIVM,19,32,500,478.00,"239,000.00"
2020-01-15,2020011501010495,SHIVM,14,32,500,478.00,"239,000.00"
2020-01-15,2020011501010494,SHIVM,34,32,200,478.00,"95,600.00"
2020-01-15,2020011501010493,SHIVM,34,32,110,478.00,"52,580.00"
2020-01-15,2020011501010504,SHIVM,22,32,200,477.00,"95,400.00"
2020-01-15,2020011501010503,SHIVM,28,32,250,477.00,"119,250.00"
2020-01-15,2020011501010502,SHIVM,44,32,500,477.00,"238,500.00"
2020-01-15,2020011501010501,SHIVM,7,32,150,477.00,"71,550.00"
2020-01-15,2020011501010500,SHIVM,33,32,"5,000",477.00,"2,385,000.00"
2020-01-15,2020011501010499,SHIVM,38,32,100,477.00,"47,700.00"
2020-01-15,2020011501010282,SHL,51,50,500,203.00,"101,500.00"
2020-01-15,2020011501010281,SHL,34,50,150,203.00,"30,450.00"
2020-01-15,2020011501010627,SICL,33,25,10,945.00,"9,450.00"
2020-01-15,2020011501010467,SIL,44,21,53,471.00,"24,963.00"
2020-01-15,2020011501010561,SKBBL,25,45,20,940.00,"18,800.00"
2020-01-15,2020011501010560,SKBBL,25,45,80,942.00,"75,360.00"
2020-01-15,2020011501010559,SKBBL,32,45,100,945.00,"94,500.00"
2020-01-15,2020011501010553,SLBBL,37,58,230,701.00,"161,230.00"
2020-01-15,2020011501010552,SLBBL,50,58,80,701.00,"56,080.00"
2020-01-15,2020011501010551,SLBBL,40,58,100,701.00,"70,100.00"
2020-01-15,2020011501010550,SLBBL,49,58,150,703.00,"105,450.00"
2020-01-15,2020011501010549,SLBBL,34,58,45,706.00,"31,770.00"
2020-01-15,2020011501010548,SLBBL,16,58,300,708.00,"212,400.00"
2020-01-15,2020011501010547,SLBBL,49,58,95,708.00,"67,260.00"
2020-01-15,2020011501010475,SLBBL,10,58,18,710.00,"12,780.00"
2020-01-15,2020011501010474,SLBBL,10,21,32,710.00,"22,720.00"
2020-01-15,2020011501010516,SLBSL,22,43,10,745.00,"7,450.00"
2020-01-15,2020011501010515,SLBSL,22,44,10,744.00,"7,440.00"
2020-01-15,2020011501010514,SLBSL,22,21,10,740.00,"7,400.00"
2020-01-15,2020011501010513,SLBSL,22,44,10,735.00,"7,350.00"
2020-01-15,2020011501010524,SLICL,51,16,300,341.00,"102,300.00"
2020-01-15,2020011501010415,SLICL,51,39,700,341.00,"238,700.00"
2020-01-15,2020011501010414,SLICL,51,5,150,340.00,"51,000.00"
2020-01-15,2020011501010403,SLICL,45,5,350,340.00,"119,000.00"
2020-01-15,2020011501010379,SLICL,36,45,265,339.00,"89,835.00"
2020-01-15,2020011501010378,SLICL,48,45,300,340.00,"102,000.00"
2020-01-15,2020011501010377,SLICL,6,45,410,340.00,"139,400.00"
2020-01-15,2020011501010466,SMATA,32,51,19,700.00,"13,300.00"
2020-01-15,2020011501010389,SMATA,41,16,50,703.00,"35,150.00"
2020-01-15,2020011501010303,SMATA,38,38,50,705.00,"35,250.00"
2020-01-15,2020011501010620,SMFBS,42,28,30,"1,042.00","31,260.00"
2020-01-15,2020011501010619,SMFBS,42,47,50,"1,042.00","52,100.00"
2020-01-15,2020011501010618,SMFBS,42,6,50,"1,041.00","52,050.00"
2020-01-15,2020011501010424,SMFBS,34,22,10,"1,030.00","10,300.00"
2020-01-15,2020011501010365,SMFBS,34,51,10,"1,020.00","10,200.00"
2020-01-15,2020011501010364,SMFBS,34,57,10,"1,020.00","10,200.00"
2020-01-15,2020011501010363,SMFBS,34,28,50,"1,019.00","50,950.00"
2020-01-15,2020011501010339,SMFBS,34,7,100,"1,005.00","100,500.00"
2020-01-15,2020011501010284,SPDL,46,45,10,97.00,970.00
2020-01-15,2020011501010260,SPDL,46,7,15,96.00,"1,440.00"
2020-01-15,2020011501010259,SPDL,46,41,59,96.00,"5,664.00"
2020-01-15,2020011501010536,SRBL,4,58,500,242.00,"121,000.00"
2020-01-15,2020011501010477,STC,38,59,100,"2,500.00","250,000.00"
2020-01-15,2020011501010476,STC,38,57,50,"2,499.00","124,950.00"
2020-01-15,2020011501010386,STC,42,4,75,"2,480.00","186,000.00"
2020-01-15,2020011501010372,STC,33,42,50,"2,481.00","124,050.00"
2020-01-15,2020011501010285,STC,42,42,10,"2,495.00","24,950.00"
2020-01-15,2020011501010438,UFL,17,16,50,173.00,"8,650.00"
2020-01-15,2020011501010366,UFL,17,16,50,173.00,"8,650.00"
2020-01-15,2020011501010656,UIC,44,52,155,345.00,"53,475.00"
2020-01-15,2020011501010650,UIC,42,37,10,348.00,"3,480.00"
2020-01-15,2020011501010534,UPCL,21,44,10,75.00,750.00
2020-01-15,2020011501010533,UPCL,45,44,490,75.00,"36,750.00"
2020-01-15,2020011501010555,UPPER,40,35,700,249.00,"174,300.00"
2020-01-15,2020011501010411,VLBS,16,19,10,859.00,"8,590.00"
2020-01-15,2020011501010375,VLBS,16,19,50,859.00,"42,950.00"
2020-01-15,2020011501010367,VLBS,16,19,100,859.00,"85,900.00"
2020-01-15,2020011501010326,VLBS,16,58,100,855.00,"85,500.00"
2020-01-15,2020011501010325,VLBS,16,6,10,843.00,"8,430.00"
2020-01-15,2020011501010617,WOMI,28,6,10,959.00,"9,590.00"
2020-01-15,2020011501010522,WOMI,48,35,180,955.00,"171,900.00"
2020-01-15,2020011501010309,WOMI,38,25,11,950.00,"10,450.00"
2020-01-15,2020011501010141,ADBL,42,22,50,385.00,"19,250.00"
2020-01-15,2020011501010091,ADBL,25,13,30,384.00,"11,520.00"
2020-01-15,2020011501010057,ADBL,57,22,100,385.00,"38,500.00"
2020-01-15,2020011501010063,AHPC,39,44,900,97.00,"87,300.00"
2020-01-15,2020011501009843,AKJCL,1,58,10,58.00,580.00
2020-01-15,2020011501010191,AKPL,58,58,100,139.00,"13,900.00"
2020-01-15,2020011501010005,AKPL,58,57,"1,000",139.00,"139,000.00"
2020-01-15,2020011501009977,AKPL,58,57,900,139.00,"125,100.00"
2020-01-15,2020011501009976,AKPL,25,57,100,139.00,"13,900.00"
2020-01-15,2020011501009704,AKPL,58,56,218,140.00,"30,520.00"
2020-01-15,2020011501010017,ALBSL,20,43,50,613.00,"30,650.00"
2020-01-15,2020011501009908,ALBSL,16,44,10,614.00,"6,140.00"
2020-01-15,2020011501009907,ALBSL,16,43,10,614.00,"6,140.00"
2020-01-15,2020011501010043,ALICL,25,8,50,426.00,"21,300.00"
2020-01-15,2020011501009726,ALICL,57,26,316,425.00,"134,300.00"
2020-01-15,2020011501009725,ALICL,7,26,184,426.00,"78,384.00"
2020-01-15,2020011501009712,ALICL,7,16,16,426.00,"6,816.00"
2020-01-15,2020011501009711,ALICL,33,16,200,426.00,"85,200.00"
2020-01-15,2020011501009710,ALICL,25,16,290,426.00,"123,540.00"
2020-01-15,2020011501009709,ALICL,44,16,50,426.00,"21,300.00"
2020-01-15,2020011501009708,ALICL,44,16,50,426.00,"21,300.00"
2020-01-15,2020011501009707,ALICL,52,16,230,428.00,"98,440.00"
2020-01-15,2020011501010164,API,17,26,162,126.00,"20,412.00"
2020-01-15,2020011501010163,API,16,26,838,127.00,"106,426.00"
2020-01-15,2020011501009951,API,16,25,162,127.00,"20,574.00"
2020-01-15,2020011501009950,API,29,25,200,127.00,"25,400.00"
2020-01-15,2020011501009917,API,29,16,500,127.00,"63,500.00"
2020-01-15,2020011501010137,BFC,19,58,700,98.00,"68,600.00"
2020-01-15,2020011501009774,BFC,59,58,300,98.00,"29,400.00"
2020-01-15,2020011501009880,BOKL,18,52,"3,595",236.00,"848,420.00"
2020-01-15,2020011501009927,BPCL,43,1,200,326.00,"65,200.00"
2020-01-15,2020011501009926,BPCL,29,1,100,326.00,"32,600.00"
2020-01-15,2020011501009925,BPCL,43,1,89,327.00,"29,103.00"
2020-01-15,2020011501009881,BPCL,43,58,11,327.00,"3,597.00"
2020-01-15,2020011501010173,CBL,58,56,10,146.00,"1,460.00"
2020-01-15,2020011501010110,CBL,58,11,784,146.00,"114,464.00"
2020-01-15,2020011501010109,CBL,22,11,216,146.00,"31,536.00"
2020-01-15,2020011501010002,CBL,51,56,250,147.00,"36,750.00"
2020-01-15,2020011501010070,CCBL,5,11,110,183.00,"20,130.00"
2020-01-15,2020011501010035,CCBL,32,17,"1,000",184.00,"184,000.00"
2020-01-15,2020011501009807,CCBL,45,50,124,184.00,"22,816.00"
2020-01-15,2020011501009806,CCBL,45,51,376,184.00,"69,184.00"
2020-01-15,2020011501009889,CCBL,4,51,14,183.00,"2,562.00"
2020-01-15,2020011501009888,CCBL,45,51,174,184.00,"32,016.00"
2020-01-15,2020011501009885,CCBL,45,56,300,184.00,"55,200.00"
2020-01-15,2020011501009884,CCBL,45,7,200,184.00,"36,800.00"
2020-01-15,2020011501009883,CCBL,45,55,250,184.00,"46,000.00"
2020-01-15,2020011501009882,CCBL,45,50,76,184.00,"13,984.00"
2020-01-15,2020011501009957,CCBL,56,11,10,185.00,"1,850.00"
2020-01-15,2020011501009891,CCBL,5,51,312,183.00,"57,096.00"
2020-01-15,2020011501009890,CCBL,4,51,"1,500",183.00,"274,500.00"
2020-01-15,2020011501010199,CHCL,51,52,60,422.00,"25,320.00"
2020-01-15,2020011501010030,CHCL,1,43,341,419.00,"142,879.00"
2020-01-15,2020011501010029,CHCL,42,43,68,420.00,"28,560.00"
2020-01-15,2020011501010028,CHCL,42,25,32,420.00,"13,440.00"
2020-01-15,2020011501009848,CHL,25,13,66,90.00,"5,940.00"
2020-01-15,2020011501009847,CHL,42,13,146,90.00,"13,140.00"
2020-01-15,2020011501010174,CIT,29,57,50,"2,213.00","110,650.00"
2020-01-15,2020011501010115,CIT,29,57,79,"2,213.00","174,827.00"
2020-01-15,2020011501010114,CIT,43,57,21,"2,213.00","46,473.00"
2020-01-15,2020011501010053,CIT,43,43,29,"2,213.00","64,177.00"
2020-01-15,2020011501010052,CIT,5,43,50,"2,214.00","110,700.00"
2020-01-15,2020011501010051,CIT,17,43,10,"2,214.00","22,140.00"
2020-01-15,2020011501009747,CIT,32,34,50,"2,217.00","110,850.00"
2020-01-15,2020011501010050,CIT,41,43,11,"2,215.00","24,365.00"
2020-01-15,2020011501009784,CIT,41,56,39,"2,215.00","86,385.00"
2020-01-15,2020011501009783,CIT,1,56,50,"2,215.00","110,750.00"
2020-01-15,2020011501009782,CIT,22,56,11,"2,216.00","24,376.00"
2020-01-15,2020011501009749,CIT,22,34,89,"2,216.00","197,224.00"
2020-01-15,2020011501009748,CIT,17,34,61,"2,216.00","135,176.00"
2020-01-15,2020011501010046,CLBSL,16,1,100,805.00,"80,500.00"
2020-01-15,2020011501009903,CMF1,50,58,500,9.51,"4,755.00"
2020-01-15,2020011501009936,CZBIL,59,44,66,203.00,"13,398.00"
2020-01-15,2020011501009935,CZBIL,59,16,234,203.00,"47,502.00"
2020-01-15,2020011501010200,DBBL,56,4,"1,300",152.00,"197,600.00"
2020-01-15,2020011501010198,DBBL,49,4,500,152.00,"76,000.00"
2020-01-15,2020011501010140,DBBL,49,36,500,152.00,"76,000.00"
2020-01-15,2020011501010100,DBBL,49,32,"1,000",152.00,"152,000.00"
2020-01-15,2020011501010019,DBBL,17,19,535,153.00,"81,855.00"
2020-01-15,2020011501009978,DBBL,17,40,"1,165",153.00,"178,245.00"
2020-01-15,2020011501009948,DBBL,17,19,500,153.00,"76,500.00"
2020-01-15,2020011501009929,DBBL,17,4,"2,500",153.00,"382,500.00"
2020-01-15,2020011501009732,DBBL,40,51,605,154.00,"93,170.00"
2020-01-15,2020011501009804,DDBL,49,6,500,"1,028.00","514,000.00"
2020-01-15,2020011501010151,DHPL,42,7,10,52.00,520.00
2020-01-15,2020011501009993,DHPL,42,58,10,52.00,520.00
2020-01-15,2020011501009969,DHPL,42,42,100,52.00,"5,200.00"
2020-01-15,2020011501009918,EBL,32,16,35,614.00,"21,490.00"
2020-01-15,2020011501009820,EBL,32,16,50,614.00,"30,700.00"
2020-01-15,2020011501009819,EBL,32,16,50,614.00,"30,700.00"
2020-01-15,2020011501010149,EIC,36,38,24,320.00,"7,680.00"
2020-01-15,2020011501010148,EIC,45,38,25,320.00,"8,000.00"
2020-01-15,2020011501010147,EIC,57,38,151,320.00,"48,320.00"
2020-01-15,2020011501010146,EIC,32,38,50,322.00,"16,100.00"
2020-01-15,2020011501010162,FMDBL,52,42,200,423.00,"84,600.00"
2020-01-15,2020011501010161,FMDBL,52,25,50,423.00,"21,150.00"
2020-01-15,2020011501010117,FMDBL,49,41,115,423.00,"48,645.00"
2020-01-15,2020011501010116,FMDBL,49,39,285,423.00,"120,555.00"
2020-01-15,2020011501009974,FMDBL,39,39,500,423.00,"211,500.00"
2020-01-15,2020011501009844,FMDBL,35,57,300,422.00,"126,600.00"
2020-01-15,2020011501010136,FOWAD,38,6,100,"1,208.00","120,800.00"
2020-01-15,2020011501009946,FOWAD,17,6,30,"1,208.00","36,240.00"
2020-01-15,2020011501009849,FOWAD,16,6,20,"1,208.00","24,160.00"
2020-01-15,2020011501010092,GBLBS,36,42,50,406.00,"20,300.00"
2020-01-15,2020011501009999,GBLBS,29,19,285,407.00,"115,995.00"
2020-01-15,2020011501009964,GBLBS,29,38,215,407.00,"87,505.00"
2020-01-15,2020011501009963,GBLBS,29,38,770,407.00,"313,390.00"
2020-01-15,2020011501009767,GBLBS,39,39,165,408.00,"67,320.00"
2020-01-15,2020011501010202,GGBSL,51,51,50,895.00,"44,750.00"
2020-01-15,2020011501010201,GGBSL,51,13,50,894.00,"44,700.00"
2020-01-15,2020011501009823,GGBSL,3,11,10,893.00,"8,930.00"
2020-01-15,2020011501009822,GGBSL,3,11,10,893.00,"8,930.00"
2020-01-15,2020011501009855,GILB,49,55,10,"1,200.00","12,000.00"
2020-01-15,2020011501009746,GILB,39,19,55,"1,194.00","65,670.00"
2020-01-15,2020011501009962,GLICL,14,34,224,545.00,"122,080.00"
2020-01-15,2020011501009961,GLICL,14,50,376,545.00,"204,920.00"
2020-01-15,2020011501009731,GMFBS,43,44,10,694.00,"6,940.00"
2020-01-15,2020011501009737,GRDBL,38,29,120,115.00,"13,800.00"
2020-01-15,2020011501010192,GUFL,38,32,500,125.00,"62,500.00"
2020-01-15,2020011501010142,GUFL,49,37,"1,000",124.00,"124,000.00"
2020-01-15,2020011501010168,HBL,38,46,199,565.00,"112,435.00"
2020-01-15,2020011501010167,HBL,26,46,100,565.00,"56,500.00"
2020-01-15,2020011501010166,HBL,32,46,545,565.00,"307,925.00"
2020-01-15,2020011501010165,HBL,43,46,156,567.00,"88,452.00"
2020-01-15,2020011501009960,HBL,45,46,500,569.00,"284,500.00"
2020-01-15,2020011501009717,HBL,5,10,10,580.00,"5,800.00"
2020-01-15,2020011501010179,HDL,17,58,100,"1,242.00","124,200.00"
2020-01-15,2020011501010062,HDL,51,49,10,"1,242.00","12,420.00"
2020-01-15,2020011501010031,HDL,32,38,150,"1,236.00","185,400.00"
2020-01-15,2020011501009812,HDL,39,22,50,"1,235.00","61,750.00"
2020-01-15,2020011501009811,HDL,47,22,100,"1,237.00","123,700.00"
2020-01-15,2020011501009990,HGI,38,41,176,321.00,"56,496.00"
2020-01-15,2020011501009989,HGI,39,41,77,321.00,"24,717.00"
2020-01-15,2020011501009988,HGI,11,41,40,321.00,"12,840.00"
2020-01-15,2020011501009987,HGI,19,41,500,322.00,"161,000.00"
2020-01-15,2020011501009986,HGI,32,41,100,322.00,"32,200.00"
2020-01-15,2020011501009985,HGI,17,41,107,324.00,"34,668.00"
2020-01-15,2020011501010101,HIDCL,14,26,59,140.00,"8,260.00"
2020-01-15,2020011501009838,HIDCL,51,26,941,140.00,"131,740.00"
2020-01-15,2020011501009837,HIDCL,51,22,59,140.00,"8,260.00"
2020-01-15,2020011501009758,HIDCL,43,42,"1,000",139.00,"139,000.00"
2020-01-15,2020011501009769,HURJA,29,42,225,113.00,"25,425.00"
2020-01-15,2020011501009853,ICFC,38,29,500,173.00,"86,500.00"
2020-01-15,2020011501009852,ICFC,38,21,100,172.00,"17,200.00"
2020-01-15,2020011501010003,ILBS,57,44,10,756.00,"7,560.00"
2020-01-15,2020011501009777,ILBS,57,44,10,756.00,"7,560.00"
2020-01-15,2020011501010190,JBBL,56,42,10,165.00,"1,650.00"
2020-01-15,2020011501009994,JFL,58,17,"1,200",172.00,"206,400.00"
2020-01-15,2020011501009805,JFL,58,19,10,174.00,"1,740.00"
2020-01-15,2020011501010102,JOSHI,40,56,10,62.00,620.00
2020-01-15,2020011501010064,JOSHI,41,56,10,63.00,630.00
2020-01-15,2020011501009965,JOSHI,41,58,20,63.00,"1,260.00"
2020-01-15,2020011501010076,JSLBB,40,38,100,"1,401.00","140,100.00"
2020-01-15,2020011501010075,JSLBB,47,38,11,"1,402.00","15,422.00"
2020-01-15,2020011501010074,JSLBB,51,38,50,"1,405.00","70,250.00"
2020-01-15,2020011501010022,JSLBB,37,41,130,"1,406.00","182,780.00"
2020-01-15,2020011501009897,JSLBB,49,41,100,"1,406.00","140,600.00"
2020-01-15,2020011501009896,JSLBB,25,41,49,"1,407.00","68,943.00"
2020-01-15,2020011501009895,JSLBB,49,41,50,"1,412.00","70,600.00"
2020-01-15,2020011501009745,KADBL,4,42,27,278.00,"7,506.00"
2020-01-15,2020011501009744,KADBL,4,44,50,278.00,"13,900.00"
2020-01-15,2020011501009743,KADBL,4,59,100,275.00,"27,500.00"
2020-01-15,2020011501009742,KADBL,4,17,323,275.00,"88,825.00"
2020-01-15,2020011501009724,KADBL,4,17,33,275.00,"9,075.00"
2020-01-15,2020011501009723,KADBL,4,32,167,274.00,"45,758.00"
2020-01-15,2020011501010124,KBL,21,17,200,197.00,"39,400.00"
2020-01-15,2020011501010056,KBL,14,40,"1,000",197.00,"197,000.00"
2020-01-15,2020011501010055,KBL,14,59,16,197.00,"3,152.00"
2020-01-15,2020011501010054,KBL,14,40,455,197.00,"89,635.00"
2020-01-15,2020011501009791,KBL,40,40,"1,000",196.00,"196,000.00"
2020-01-15,2020011501009761,KBL,11,40,90,197.00,"17,730.00"
2020-01-15,2020011501009714,KBL,38,17,"3,980",196.00,"780,080.00"
2020-01-15,2020011501010045,KBL,49,40,100,197.00,"19,700.00"
2020-01-15,2020011501009921,KBL,49,40,200,197.00,"39,400.00"
2020-01-15,2020011501009815,KBL,18,28,851,195.00,"165,945.00"
2020-01-15,2020011501009813,KBL,29,40,"1,000",197.00,"197,000.00"
2020-01-15,2020011501009920,KSBBL,19,36,263,148.00,"38,924.00"
2020-01-15,2020011501009919,KSBBL,57,36,500,148.00,"74,000.00"
2020-01-15,2020011501009780,KSBBL,39,59,179,150.00,"26,850.00"
2020-01-15,2020011501009779,KSBBL,39,17,321,150.00,"48,150.00"
2020-01-15,2020011501010186,LBBL,19,33,200,186.00,"37,200.00"
2020-01-15,2020011501009756,LBBL,57,1,70,187.00,"13,090.00"
2020-01-15,2020011501009729,LBBL,1,49,200,186.00,"37,200.00"
2020-01-15,2020011501010180,LBL,49,17,"1,500",210.00,"315,000.00"
2020-01-15,2020011501010047,LBL,29,17,"1,000",210.00,"210,000.00"
2020-01-15,2020011501010105,MBL,34,38,955,236.00,"225,380.00"
2020-01-15,2020011501010188,MEGA,53,42,200,204.00,"40,800.00"
2020-01-15,2020011501010187,MEGA,53,44,150,204.00,"30,600.00"
2020-01-15,2020011501010072,MEGA,58,33,500,203.00,"101,500.00"
2020-01-15,2020011501010158,MFIL,43,17,400,183.00,"73,200.00"
2020-01-15,2020011501010157,MFIL,43,49,"2,310",183.00,"422,730.00"
2020-01-15,2020011501010135,MFIL,43,49,690,183.00,"126,270.00"
2020-01-15,2020011501010134,MFIL,43,49,"3,060",182.00,"556,920.00"
2020-01-15,2020011501010133,MFIL,43,38,"1,800",182.00,"327,600.00"
2020-01-15,2020011501010132,MFIL,43,28,"1,000",182.00,"182,000.00"
2020-01-15,2020011501010080,MFIL,49,53,75,180.00,"13,500.00"
2020-01-15,2020011501010079,MFIL,49,33,200,179.00,"35,800.00"
2020-01-15,2020011501009818,MFIL,14,14,300,177.00,"53,100.00"
2020-01-15,2020011501010086,MFIL,49,29,400,180.00,"72,000.00"
2020-01-15,2020011501010085,MFIL,49,26,350,180.00,"63,000.00"
2020-01-15,2020011501010084,MFIL,49,38,11,180.00,"1,980.00"
2020-01-15,2020011501010083,MFIL,49,33,321,180.00,"57,780.00"
2020-01-15,2020011501010082,MFIL,49,42,500,180.00,"90,000.00"
2020-01-15,2020011501010081,MFIL,49,8,500,180.00,"90,000.00"
2020-01-15,2020011501010131,MFIL,43,34,105,182.00,"19,110.00"
2020-01-15,2020011501010130,MFIL,43,59,"1,205",182.00,"219,310.00"
2020-01-15,2020011501010129,MFIL,43,8,10,181.00,"1,810.00"
2020-01-15,2020011501010128,MFIL,43,22,400,181.00,"72,400.00"
2020-01-15,2020011501010127,MFIL,43,49,"1,730",181.00,"313,130.00"
2020-01-15,2020011501010087,MFIL,49,42,57,180.00,"10,260.00"
2020-01-15,2020011501010172,MSLB,32,33,40,926.00,"37,040.00"
2020-01-15,2020011501009906,MSLB,58,28,20,930.00,"18,600.00"
2020-01-15,2020011501010185,MSMBS,58,51,363,726.00,"263,538.00"
2020-01-15,2020011501010184,MSMBS,58,14,11,725.00,"7,975.00"
2020-01-15,2020011501009949,NABIL,8,35,45,740.00,"33,300.00"
2020-01-15,2020011501009706,NABIL,8,35,500,740.00,"370,000.00"
2020-01-15,2020011501009764,NBB,25,16,500,208.00,"104,000.00"
2020-01-15,2020011501009763,NBB,25,44,183,208.00,"38,064.00"
2020-01-15,2020011501009762,NBB,25,41,112,208.00,"23,296.00"
2020-01-15,2020011501010189,NBL,33,34,100,281.00,"28,100.00"
2020-01-15,2020011501010145,NBL,52,47,245,279.00,"68,355.00"
2020-01-15,2020011501010144,NBL,7,47,455,280.00,"127,400.00"
2020-01-15,2020011501010143,NBL,33,34,50,281.00,"14,050.00"
2020-01-15,2020011501010090,NBL,7,16,95,280.00,"26,600.00"
2020-01-15,2020011501010042,NBL,7,42,450,280.00,"126,000.00"
2020-01-15,2020011501009840,NBL,32,47,200,280.00,"56,000.00"
2020-01-15,2020011501009839,NBL,16,47,100,280.00,"28,000.00"
2020-01-15,2020011501009781,NBL,33,21,100,282.00,"28,200.00"
2020-01-15,2020011501009752,NBL,16,47,100,280.00,"28,000.00"
2020-01-15,2020011501009751,NBL,25,47,750,280.00,"210,000.00"
2020-01-15,2020011501010024,NBL,33,42,50,280.00,"14,000.00"
2020-01-15,2020011501009968,NBL,17,17,500,280.00,"140,000.00"
2020-01-15,2020011501009912,NBL,33,21,50,282.00,"14,100.00"
2020-01-15,2020011501009911,NBL,33,34,200,281.00,"56,200.00"
2020-01-15,2020011501009842,NBL,43,47,"1,000",280.00,"280,000.00"
2020-01-15,2020011501009841,NBL,37,47,"1,000",280.00,"280,000.00"
2020-01-15,2020011501010171,NCCB,48,5,350,224.00,"78,400.00"
2020-01-15,2020011501010170,NCCB,48,28,650,224.00,"145,600.00"
2020-01-15,2020011501010169,NCCB,48,19,"2,000",224.00,"448,000.00"
2020-01-15,2020011501010118,NCCB,22,42,15,223.00,"3,345.00"
2020-01-15,2020011501010094,NCCB,52,28,350,224.00,"78,400.00"
2020-01-15,2020011501010093,NCCB,52,6,150,224.00,"33,600.00"
2020-01-15,2020011501009705,NCCB,48,39,50,223.00,"11,150.00"
2020-01-15,2020011501009898,NCCB,48,39,824,223.00,"183,752.00"
2020-01-15,2020011501009803,NCCB,48,39,50,223.00,"11,150.00"
2020-01-15,2020011501009768,NCCB,48,39,50,223.00,"11,150.00"
2020-01-15,2020011501009755,NCCB,48,39,50,223.00,"11,150.00"
2020-01-15,2020011501009730,NCCB,48,39,100,223.00,"22,300.00"
2020-01-15,2020011501009728,NCCB,58,6,100,224.00,"22,400.00"
2020-01-15,2020011501010033,NCCB,22,39,122,223.00,"27,206.00"
2020-01-15,2020011501010032,NCCB,47,39,378,223.00,"84,294.00"
2020-01-15,2020011501009996,NCCB,47,39,122,223.00,"27,206.00"
2020-01-15,2020011501009995,NCCB,43,39,181,223.00,"40,363.00"
2020-01-15,2020011501009980,NCCB,43,17,819,223.00,"182,637.00"
2020-01-15,2020011501009979,NCCB,48,17,181,223.00,"40,363.00"
2020-01-15,2020011501009894,NIB,38,57,500,407.00,"203,500.00"
2020-01-15,2020011501009893,NIB,19,57,25,407.00,"10,175.00"
2020-01-15,2020011501009892,NIB,55,57,138,407.00,"56,166.00"
2020-01-15,2020011501009773,NIB,34,16,300,408.00,"122,400.00"
2020-01-15,2020011501009759,NIB,55,59,12,407.00,"4,884.00"
2020-01-15,2020011501010160,NICA,45,45,100,474.00,"47,400.00"
2020-01-15,2020011501010159,NICA,45,14,750,474.00,"355,500.00"
2020-01-15,2020011501010125,NICA,57,14,250,474.00,"118,500.00"
2020-01-15,2020011501010112,NICA,48,6,500,473.00,"236,500.00"
2020-01-15,2020011501010107,NICA,33,16,30,472.00,"14,160.00"
2020-01-15,2020011501010103,NICA,53,6,550,473.00,"260,150.00"
2020-01-15,2020011501009739,NICA,41,42,20,472.00,"9,440.00"
2020-01-15,2020011501009727,NICA,43,33,146,471.00,"68,766.00"
2020-01-15,2020011501009713,NICA,43,46,210,471.00,"98,910.00"
2020-01-15,2020011501009810,NICA,43,25,14,471.00,"6,594.00"
2020-01-15,2020011501009808,NICA,48,53,429,472.00,"202,488.00"
2020-01-15,2020011501009772,NICA,41,53,71,472.00,"33,512.00"
2020-01-15,2020011501009757,NICA,41,19,109,472.00,"51,448.00"
2020-01-15,2020011501009741,NICA,41,19,500,472.00,"236,000.00"
2020-01-15,2020011501009740,NICA,41,19,300,472.00,"141,600.00"
2020-01-15,2020011501009865,NICA,33,54,120,473.00,"56,760.00"
2020-01-15,2020011501009864,NICA,33,39,30,473.00,"14,190.00"
2020-01-15,2020011501009863,NICA,33,38,52,473.00,"24,596.00"
2020-01-15,2020011501009862,NICA,33,19,22,473.00,"10,406.00"
2020-01-15,2020011501009861,NICA,33,5,500,473.00,"236,500.00"
2020-01-15,2020011501009814,NICA,48,42,100,472.00,"47,200.00"
2020-01-15,2020011501009871,NICA,33,25,100,474.00,"47,400.00"
2020-01-15,2020011501009870,NICA,33,20,500,474.00,"237,000.00"
2020-01-15,2020011501009869,NICA,33,14,132,474.00,"62,568.00"
2020-01-15,2020011501009868,NICA,33,19,30,474.00,"14,220.00"
2020-01-15,2020011501009867,NICA,33,8,"1,211",474.00,"574,014.00"
2020-01-15,2020011501009866,NICA,33,59,200,473.00,"94,600.00"
2020-01-15,2020011501009877,NICA,33,52,50,474.00,"23,700.00"
2020-01-15,2020011501009876,NICA,33,25,500,474.00,"237,000.00"
2020-01-15,2020011501009875,NICA,33,36,"1,000",474.00,"474,000.00"
2020-01-15,2020011501009874,NICA,33,10,200,474.00,"94,800.00"
2020-01-15,2020011501009873,NICA,33,43,25,474.00,"11,850.00"
2020-01-15,2020011501009872,NICA,33,10,50,474.00,"23,700.00"
2020-01-15,2020011501010001,NICA,26,56,378,474.00,"179,172.00"
2020-01-15,2020011501010000,NICA,26,43,622,474.00,"294,828.00"
2020-01-15,2020011501009966,NICA,40,38,100,473.00,"47,300.00"
2020-01-15,2020011501009915,NICA,6,43,100,474.00,"47,400.00"
2020-01-15,2020011501009879,NICA,33,43,278,474.00,"131,772.00"
2020-01-15,2020011501009878,NICA,33,58,"1,000",474.00,"474,000.00"
2020-01-15,2020011501010013,NICL,44,14,83,341.00,"28,303.00"
2020-01-15,2020011501010012,NICL,38,14,400,341.00,"136,400.00"
2020-01-15,2020011501010011,NICL,51,14,17,342.00,"5,814.00"
2020-01-15,2020011501010021,NIL,22,45,129,427.00,"55,083.00"
2020-01-15,2020011501009753,NIL,22,26,359,427.00,"153,293.00"
2020-01-15,2020011501009958,NLBBL,36,16,100,642.00,"64,200.00"
2020-01-15,2020011501009845,NLG,6,25,50,716.00,"35,800.00"
2020-01-15,2020011501009785,NLG,29,1,30,713.00,"21,390.00"
2020-01-15,2020011501010182,NLIC,19,21,50,"1,006.00","50,300.00"
2020-01-15,2020011501010049,NLIC,49,39,300,"1,005.00","301,500.00"
2020-01-15,2020011501009901,NLIC,49,6,192,"1,005.00","192,960.00"
2020-01-15,2020011501009771,NLIC,19,57,200,"1,005.00","201,000.00"
2020-01-15,2020011501009770,NLIC,19,38,299,"1,005.00","300,495.00"
2020-01-15,2020011501009754,NLIC,45,44,21,"1,003.00","21,063.00"
2020-01-15,2020011501010197,NLICL,58,38,20,597.00,"11,940.00"
2020-01-15,2020011501010196,NLICL,58,16,65,595.00,"38,675.00"
2020-01-15,2020011501010195,NLICL,58,38,470,595.00,"279,650.00"
2020-01-15,2020011501010194,NLICL,58,51,132,590.00,"77,880.00"
2020-01-15,2020011501010193,NLICL,58,51,368,591.00,"217,488.00"
2020-01-15,2020011501010097,NLICL,58,32,30,594.00,"17,820.00"
2020-01-15,2020011501009795,NLICL,58,36,500,590.00,"295,000.00"
2020-01-15,2020011501009794,NLICL,58,56,592,589.00,"348,688.00"
2020-01-15,2020011501009793,NLICL,58,55,494,587.00,"289,978.00"
2020-01-15,2020011501010058,NLICL,58,48,67,590.00,"39,530.00"
2020-01-15,2020011501009800,NLICL,58,48,54,590.00,"31,860.00"
2020-01-15,2020011501009799,NLICL,58,53,200,590.00,"118,000.00"
2020-01-15,2020011501009798,NLICL,58,19,40,590.00,"23,600.00"
2020-01-15,2020011501009797,NLICL,58,37,20,590.00,"11,800.00"
2020-01-15,2020011501009796,NLICL,58,16,100,590.00,"59,000.00"
2020-01-15,2020011501010096,NLICL,58,35,200,594.00,"118,800.00"
2020-01-15,2020011501010095,NLICL,58,25,100,591.00,"59,100.00"
2020-01-15,2020011501010088,NLICL,58,44,500,593.00,"296,500.00"
2020-01-15,2020011501010061,NLICL,58,53,"1,215",591.00,"718,065.00"
2020-01-15,2020011501010060,NLICL,58,25,100,591.00,"59,100.00"
2020-01-15,2020011501010059,NLICL,58,28,150,590.00,"88,500.00"
2020-01-15,2020011501010123,NMB,29,35,"1,000",367.00,"367,000.00"
2020-01-15,2020011501010122,NMB,53,35,"1,000",367.00,"367,000.00"
2020-01-15,2020011501010121,NMB,39,35,100,367.00,"36,700.00"
2020-01-15,2020011501010120,NMB,39,35,520,367.00,"190,840.00"
2020-01-15,2020011501010119,NMB,25,35,158,367.00,"57,986.00"
2020-01-15,2020011501009997,NMB,57,35,150,368.00,"55,200.00"
2020-01-15,2020011501009854,NMB,51,35,200,368.00,"73,600.00"
2020-01-15,2020011501009736,NMB,26,35,100,368.00,"36,800.00"
2020-01-15,2020011501009735,NMB,18,35,"1,000",368.00,"368,000.00"
2020-01-15,2020011501009734,NMB,47,35,300,368.00,"110,400.00"
2020-01-15,2020011501009733,NMB,56,35,379,368.00,"139,472.00"
2020-01-15,2020011501010155,NMBMF,34,45,97,790.00,"76,630.00"
2020-01-15,2020011501010154,NMBMF,51,45,200,791.00,"158,200.00"
2020-01-15,2020011501010153,NMBMF,45,45,50,792.00,"39,600.00"
2020-01-15,2020011501010034,NNLB,52,6,50,640.00,"32,000.00"
2020-01-15,2020011501009998,NTC,6,28,750,641.00,"480,750.00"
2020-01-15,2020011501009914,NTC,43,16,130,640.00,"83,200.00"
2020-01-15,2020011501009857,NUBL,33,6,25,904.00,"22,600.00"
2020-01-15,2020011501009856,NUBL,33,49,25,904.00,"22,600.00"
2020-01-15,2020011501009992,PCBL,29,38,500,267.00,"133,500.00"
2020-01-15,2020011501009910,PCBL,45,51,256,268.00,"68,608.00"
2020-01-15,2020011501009809,PCBL,45,33,44,268.00,"11,792.00"
2020-01-15,2020011501010099,PFL,52,7,78,146.00,"11,388.00"
2020-01-15,2020011501010098,PFL,1,7,474,146.00,"69,204.00"
2020-01-15,2020011501010069,PIC,10,38,200,482.00,"96,400.00"
2020-01-15,2020011501010068,PIC,52,38,100,482.00,"48,200.00"
2020-01-15,2020011501010067,PIC,34,38,38,482.00,"18,316.00"
2020-01-15,2020011501010066,PIC,25,38,60,483.00,"28,980.00"
2020-01-15,2020011501010065,PIC,17,38,20,483.00,"9,660.00"
2020-01-15,2020011501009956,PIC,42,38,20,485.00,"9,700.00"
2020-01-15,2020011501009955,PIC,57,38,200,485.00,"97,000.00"
2020-01-15,2020011501009954,PIC,40,38,110,486.00,"53,460.00"
2020-01-15,2020011501009953,PIC,57,38,56,487.00,"27,272.00"
2020-01-15,2020011501009801,PIC,57,44,44,487.00,"21,428.00"
2020-01-15,2020011501010089,PLIC,22,8,50,421.00,"21,050.00"
2020-01-15,2020011501009760,PLIC,40,53,138,423.00,"58,374.00"
2020-01-15,2020011501009738,PMHPL,56,59,10,104.00,"1,040.00"
2020-01-15,2020011501010175,PRIN,25,13,20,383.00,"7,660.00"
2020-01-15,2020011501010138,PRIN,16,6,40,380.00,"15,200.00"
2020-01-15,2020011501010041,PRIN,45,38,400,380.00,"152,000.00"
2020-01-15,2020011501009991,PROFL,34,52,10,109.00,"1,090.00"
2020-01-15,2020011501009952,PROFL,52,22,100,108.00,"10,800.00"
2020-01-15,2020011501009937,PROFL,52,4,690,106.00,"73,140.00"
2020-01-15,2020011501010113,PRVU,58,4,500,246.00,"123,000.00"
2020-01-15,2020011501009902,PRVU,58,22,56,246.00,"13,776.00"
2020-01-15,2020011501009778,PRVU,19,50,600,247.00,"148,200.00"
2020-01-15,2020011501010203,RHPC,59,4,300,74.00,"22,200.00"
2020-01-15,2020011501010104,RHPC,59,17,10,74.00,740.00
2020-01-15,2020011501009959,RHPC,17,17,"1,000",75.00,"75,000.00"
2020-01-15,2020011501009931,RHPC,29,17,500,75.00,"37,500.00"
2020-01-15,2020011501010150,RHPL,58,59,30,175.00,"5,250.00"
2020-01-15,2020011501009930,RHPL,45,44,50,174.00,"8,700.00"
2020-01-15,2020011501009924,RHPL,45,59,"1,000",175.00,"175,000.00"
2020-01-15,2020011501009923,RHPL,45,19,10,175.00,"1,750.00"
2020-01-15,2020011501009816,RHPL,45,16,60,174.00,"10,440.00"
2020-01-15,2020011501009792,RHPL,45,4,440,174.00,"76,560.00"
2020-01-15,2020011501009887,RMDC,8,28,90,630.00,"56,700.00"
2020-01-15,2020011501009886,RMDC,8,21,17,625.00,"10,625.00"
2020-01-15,2020011501009913,RRHP,49,47,10,102.00,"1,020.00"
2020-01-15,2020011501009722,RRHP,42,47,50,104.00,"5,200.00"
2020-01-15,2020011501009776,SABSL,42,19,10,740.00,"7,400.00"
2020-01-15,2020011501009775,SABSL,42,19,10,739.00,"7,390.00"
2020-01-15,2020011501010111,SAEF,47,58,500,9.10,"4,550.00"
2020-01-15,2020011501010183,SANIMA,28,34,"2,000",350.00,"700,000.00"
2020-01-15,2020011501009938,SANIMA,50,34,"1,000",350.00,"350,000.00"
2020-01-15,2020011501010044,SAPDBL,20,44,170,140.00,"23,800.00"
2020-01-15,2020011501009947,SAPDBL,4,44,130,140.00,"18,200.00"
2020-01-15,2020011501009933,SBI,25,14,199,415.00,"82,585.00"
2020-01-15,2020011501009900,SBL,13,21,100,323.00,"32,300.00"
2020-01-15,2020011501009899,SBL,57,54,500,325.00,"162,500.00"
2020-01-15,2020011501010040,SCB,11,57,100,602.00,"60,200.00"
2020-01-15,2020011501010039,SCB,11,42,100,602.00,"60,200.00"
2020-01-15,2020011501010038,SCB,11,52,50,601.00,"30,050.00"
2020-01-15,2020011501010037,SCB,11,26,100,600.00,"60,000.00"
2020-01-15,2020011501010036,SCB,11,17,300,600.00,"180,000.00"
2020-01-15,2020011501010106,SHIVM,35,16,900,479.00,"431,100.00"
2020-01-15,2020011501010073,SHIVM,51,16,100,479.00,"47,900.00"
2020-01-15,2020011501009945,SHIVM,55,34,20,479.00,"9,580.00"
2020-01-15,2020011501009944,SHIVM,46,34,500,479.00,"239,500.00"
2020-01-15,2020011501009943,SHIVM,49,34,100,479.00,"47,900.00"
2020-01-15,2020011501009942,SHIVM,58,34,150,479.00,"71,850.00"
2020-01-15,2020011501009941,SHIVM,58,34,60,479.00,"28,740.00"
2020-01-15,2020011501009940,SHIVM,19,34,50,480.00,"24,000.00"
2020-01-15,2020011501009905,SHIVM,47,50,"1,000",480.00,"480,000.00"
2020-01-15,2020011501010152,SHPC,39,37,767,198.00,"151,866.00"
2020-01-15,2020011501010126,SIL,36,38,20,477.00,"9,540.00"
2020-01-15,2020011501010016,SIL,44,45,200,471.00,"94,200.00"
2020-01-15,2020011501010015,SIL,38,45,252,471.00,"118,692.00"
2020-01-15,2020011501009984,SIL,38,45,248,471.00,"116,808.00"
2020-01-15,2020011501009983,SIL,40,45,152,472.00,"71,744.00"
2020-01-15,2020011501009982,SIL,44,45,400,473.00,"189,200.00"
2020-01-15,2020011501009981,SIL,25,45,200,474.00,"94,800.00"
2020-01-15,2020011501009971,SJCL,45,44,20,165.00,"3,300.00"
2020-01-15,2020011501010078,SLBBL,10,58,10,710.00,"7,100.00"
2020-01-15,2020011501010026,SLBBL,49,45,105,708.00,"74,340.00"
2020-01-15,2020011501010025,SLBBL,26,45,195,709.00,"138,255.00"
2020-01-15,2020011501009716,SLBBL,57,22,100,710.00,"71,000.00"
2020-01-15,2020011501009721,SLBBL,10,32,20,718.00,"14,360.00"
2020-01-15,2020011501009720,SLBBL,10,8,184,718.00,"132,112.00"
2020-01-15,2020011501009719,SLBBL,10,50,40,715.00,"28,600.00"
2020-01-15,2020011501009718,SLBBL,10,44,10,714.00,"7,140.00"
2020-01-15,2020011501009821,SLBBL,57,34,500,719.00,"359,500.00"
2020-01-15,2020011501010018,SLBBL,34,58,490,710.00,"347,900.00"
2020-01-15,2020011501009975,SLBBL,34,21,10,710.00,"7,100.00"
2020-01-15,2020011501010156,SLICL,6,38,90,340.00,"30,600.00"
2020-01-15,2020011501010014,SLICL,37,38,10,340.00,"3,400.00"
2020-01-15,2020011501010006,SLICL,57,39,100,341.00,"34,100.00"
2020-01-15,2020011501009851,SMFBS,25,39,10,"1,010.00","10,100.00"
2020-01-15,2020011501009850,SMFBS,25,59,25,"1,009.00","25,225.00"
2020-01-15,2020011501009973,SMFDB,58,22,150,679.00,"101,850.00"
2020-01-15,2020011501009972,SMFDB,58,54,50,678.00,"33,900.00"
2020-01-15,2020011501009934,SMFDB,58,52,100,677.00,"67,700.00"
2020-01-15,2020011501010020,SPARS,51,21,100,716.00,"71,600.00"
2020-01-15,2020011501009817,SRBL,14,34,500,242.00,"121,000.00"
2020-01-15,2020011501010108,STC,39,19,50,"2,495.00","124,750.00"
2020-01-15,2020011501010023,STC,39,25,30,"2,520.00","75,600.00"
2020-01-15,2020011501009967,STC,42,57,70,"2,519.00","176,330.00"
2020-01-15,2020011501009904,STC,26,25,25,"2,520.00","63,000.00"
2020-01-15,2020011501010077,SWBBL,34,44,"1,000","1,000.00","1,000,000.00"
2020-01-15,2020011501009846,SWBBL,22,1,25,997.00,"24,925.00"
2020-01-15,2020011501010181,UFL,10,16,30,172.00,"5,160.00"
2020-01-15,2020011501010071,UIC,36,35,100,346.00,"34,600.00"
2020-01-15,2020011501009860,UIC,44,21,215,345.00,"74,175.00"
2020-01-15,2020011501009859,UIC,42,21,100,346.00,"34,600.00"
2020-01-15,2020011501009858,UIC,57,21,35,348.00,"12,180.00"
2020-01-15,2020011501009928,UNHPL,13,42,50,61.00,"3,050.00"
2020-01-15,2020011501010178,UPCL,45,22,10,75.00,750.00
2020-01-15,2020011501010177,UPCL,29,22,40,75.00,"3,000.00"
2020-01-15,2020011501010176,UPPER,58,33,50,250.00,"12,500.00"
2020-01-15,2020011501010139,UPPER,37,33,"1,634",248.00,"405,232.00"
2020-01-15,2020011501010048,UPPER,37,33,690,248.00,"171,120.00"
2020-01-15,2020011501009766,UPPER,45,44,40,249.00,"9,960.00"
2020-01-15,2020011501009765,UPPER,38,44,10,249.00,"2,490.00"
2020-01-15,2020011501009827,UPPER,45,44,40,250.00,"10,000.00"
2020-01-15,2020011501009826,UPPER,45,44,40,250.00,"10,000.00"
2020-01-15,2020011501009825,UPPER,45,43,769,250.00,"192,250.00"
2020-01-15,2020011501009824,UPPER,45,45,340,249.00,"84,660.00"
2020-01-15,2020011501009802,UPPER,45,45,160,249.00,"39,840.00"
2020-01-15,2020011501009833,UPPER,45,50,848,251.00,"212,848.00"
2020-01-15,2020011501009832,UPPER,45,44,50,251.00,"12,550.00"
2020-01-15,2020011501009831,UPPER,45,58,952,251.00,"238,952.00"
2020-01-15,2020011501009830,UPPER,45,45,100,251.00,"25,100.00"
2020-01-15,2020011501009829,UPPER,45,8,50,251.00,"12,550.00"
2020-01-15,2020011501009828,UPPER,45,21,571,250.00,"142,750.00"
2020-01-15,2020011501009970,UPPER,37,33,260,250.00,"65,000.00"
2020-01-15,2020011501009939,UPPER,37,1,200,250.00,"50,000.00"
2020-01-15,2020011501009922,UPPER,37,44,40,250.00,"10,000.00"
2020-01-15,2020011501009836,UPPER,45,25,50,252.00,"12,600.00"
2020-01-15,2020011501009835,UPPER,45,29,100,252.00,"25,200.00"
2020-01-15,2020011501009834,UPPER,45,32,"1,090",252.00,"274,680.00"
2020-01-15,2020011501010010,UPPER,37,33,176,248.00,"43,648.00"
2020-01-15,2020011501010009,UPPER,54,33,200,248.00,"49,600.00"
2020-01-15,2020011501010008,UPPER,52,33,200,248.00,"49,600.00"
2020-01-15,2020011501010007,UPPER,16,33,424,248.00,"105,152.00"
2020-01-15,2020011501010027,WOMI,48,48,124,950.00,"117,800.00"
2020-01-15,2020011501010004,WOMI,48,54,150,950.00,"142,500.00"
2020-01-15,2020011501009932,WOMI,39,21,50,949.00,"47,450.00"
2020-01-15,2020011501009916,WOMI,58,54,50,950.00,"47,500.00"
2020-01-15,2020011501009909,WOMI,58,21,200,950.00,"190,000.00"
2020-01-15,2020011501009790,WOMI,10,29,149,956.00,"142,444.00"
2020-01-15,2020011501009789,WOMI,10,58,11,954.00,"10,494.00"
2020-01-15,2020011501009788,WOMI,10,38,30,954.00,"28,620.00"
2020-01-15,2020011501009787,WOMI,10,34,30,954.00,"28,620.00"
2020-01-15,2020011501009786,WOMI,10,11,200,953.00,"190,600.00"
2020-01-15,2020011501009750,WOMI,28,43,16,950.00,"15,200.00"
2020-01-15,2020011501009715,WOMI,25,43,200,950.00,"190,000.00"
2020-01-15,2020011501009457,ADBL,25,16,200,384.00,"76,800.00"
2020-01-15,2020011501009563,AHPC,7,44,"1,000",97.00,"97,000.00"
2020-01-15,2020011501009447,AHPC,37,48,26,96.00,"2,496.00"
2020-01-15,2020011501009446,AHPC,39,48,974,96.00,"93,504.00"
2020-01-15,2020011501009309,AHPC,35,44,100,97.00,"9,700.00"
2020-01-15,2020011501009459,AKJCL,42,3,10,58.00,580.00
2020-01-15,2020011501009295,AKJCL,42,44,20,58.00,"1,160.00"
2020-01-15,2020011501009225,AKPL,58,58,900,140.00,"126,000.00"
2020-01-15,2020011501009224,AKPL,58,45,"2,000",140.00,"280,000.00"
2020-01-15,2020011501009223,AKPL,58,6,200,140.00,"28,000.00"
2020-01-15,2020011501009222,AKPL,58,48,150,140.00,"21,000.00"
2020-01-15,2020011501009221,AKPL,58,43,876,140.00,"122,640.00"
2020-01-15,2020011501009220,AKPL,58,53,500,140.00,"70,000.00"
2020-01-15,2020011501009219,AKPL,58,53,"1,000",140.00,"140,000.00"
2020-01-15,2020011501009218,AKPL,58,1,"1,000",140.00,"140,000.00"
2020-01-15,2020011501009453,ALICL,25,19,100,431.00,"43,100.00"
2020-01-15,2020011501009473,API,29,11,300,127.00,"38,100.00"
2020-01-15,2020011501009484,BFC,17,58,192,97.00,"18,624.00"
2020-01-15,2020011501009483,BFC,57,58,141,97.00,"13,677.00"
2020-01-15,2020011501009482,BFC,25,58,667,97.00,"64,699.00"
2020-01-15,2020011501009394,BFC,57,22,"1,000",98.00,"98,000.00"
2020-01-15,2020011501009368,BFC,25,42,333,97.00,"32,301.00"
2020-01-15,2020011501009541,BOKL,18,17,405,236.00,"95,580.00"
2020-01-15,2020011501009454,BOKL,44,51,"1,619",237.00,"383,703.00"
2020-01-15,2020011501009396,BOKL,44,39,381,237.00,"90,297.00"
2020-01-15,2020011501009312,BOKL,11,37,100,237.00,"23,700.00"
2020-01-15,2020011501009408,BPCL,58,52,90,325.00,"29,250.00"
2020-01-15,2020011501009407,BPCL,19,52,100,326.00,"32,600.00"
2020-01-15,2020011501009406,BPCL,34,52,10,326.00,"3,260.00"
2020-01-15,2020011501009316,BPCL,34,44,11,326.00,"3,586.00"
2020-01-15,2020011501009448,CBBL,55,36,15,891.00,"13,365.00"
2020-01-15,2020011501009416,CBBL,29,34,36,895.00,"32,220.00"
2020-01-15,2020011501009415,CBBL,29,22,14,895.00,"12,530.00"
2020-01-15,2020011501009380,CBBL,50,49,100,892.00,"89,200.00"
2020-01-15,2020011501009379,CBBL,54,49,100,892.00,"89,200.00"
2020-01-15,2020011501009654,CBL,51,29,26,147.00,"3,822.00"
2020-01-15,2020011501009583,CBL,22,14,50,146.00,"7,300.00"
2020-01-15,2020011501009506,CBL,51,26,"1,500",147.00,"220,500.00"
2020-01-15,2020011501009505,CBL,51,42,500,147.00,"73,500.00"
2020-01-15,2020011501009504,CBL,51,28,756,147.00,"111,132.00"
2020-01-15,2020011501009503,CBL,51,57,400,147.00,"58,800.00"
2020-01-15,2020011501009502,CBL,51,48,300,147.00,"44,100.00"
2020-01-15,2020011501009348,CBL,39,48,200,147.00,"29,400.00"
2020-01-15,2020011501009336,CBL,51,48,500,147.00,"73,500.00"
2020-01-15,2020011501009456,CCBL,56,49,10,184.00,"1,840.00"
2020-01-15,2020011501009455,CCBL,56,32,100,184.00,"18,400.00"
2020-01-15,2020011501009324,CCBL,25,39,100,184.00,"18,400.00"
2020-01-15,2020011501009323,CCBL,21,39,50,184.00,"9,200.00"
2020-01-15,2020011501009322,CCBL,45,39,100,184.00,"18,400.00"
2020-01-15,2020011501009321,CCBL,57,39,417,184.00,"76,728.00"
2020-01-15,2020011501009214,CCBL,57,41,24,184.00,"4,416.00"
2020-01-15,2020011501009671,CHCL,35,5,30,419.00,"12,570.00"
2020-01-15,2020011501009670,CHCL,6,5,800,419.00,"335,200.00"
2020-01-15,2020011501009669,CHCL,13,5,120,419.00,"50,280.00"
2020-01-15,2020011501009668,CHCL,49,5,30,420.00,"12,600.00"
2020-01-15,2020011501009249,CHCL,13,53,880,419.00,"368,720.00"
2020-01-15,2020011501009248,CHCL,38,53,120,420.00,"50,400.00"
2020-01-15,2020011501009452,CIT,16,26,80,"2,217.00","177,360.00"
2020-01-15,2020011501009402,CIT,16,10,120,"2,217.00","266,040.00"
2020-01-15,2020011501009367,CIT,32,38,200,"2,218.00","443,600.00"
2020-01-15,2020011501009366,CIT,42,38,25,"2,218.00","55,450.00"
2020-01-15,2020011501009234,CIT,6,56,25,"2,221.00","55,525.00"
2020-01-15,2020011501009560,CLBSL,29,11,10,806.00,"8,060.00"
2020-01-15,2020011501009559,CLBSL,11,11,100,806.00,"80,600.00"
2020-01-15,2020011501009496,CLBSL,34,11,100,807.00,"80,700.00"
2020-01-15,2020011501009495,CLBSL,39,11,20,807.00,"16,140.00"
2020-01-15,2020011501009213,CORBL,7,54,60,126.00,"7,560.00"
2020-01-15,2020011501009672,CZBIL,45,16,566,203.00,"114,898.00"
2020-01-15,2020011501009476,CZBIL,45,3,10,203.00,"2,030.00"
2020-01-15,2020011501009445,CZBIL,53,44,97,204.00,"19,788.00"
2020-01-15,2020011501009682,DBBL,40,20,20,154.00,"3,080.00"
2020-01-15,2020011501009681,DBBL,40,45,200,154.00,"30,800.00"
2020-01-15,2020011501009680,DBBL,40,45,175,154.00,"26,950.00"
2020-01-15,2020011501009594,DBBL,50,45,200,154.00,"30,800.00"
2020-01-15,2020011501009581,DBBL,17,42,200,153.00,"30,600.00"
2020-01-15,2020011501009533,DBBL,17,39,100,153.00,"15,300.00"
2020-01-15,2020011501009314,DBBL,58,51,223,153.00,"34,119.00"
2020-01-15,2020011501009308,DBBL,40,51,777,153.00,"118,881.00"
2020-01-15,2020011501009307,DBBL,40,28,223,153.00,"34,119.00"
2020-01-15,2020011501009304,DBBL,40,28,777,153.00,"118,881.00"
2020-01-15,2020011501009303,DBBL,40,19,223,153.00,"34,119.00"
2020-01-15,2020011501009383,DBBL,40,50,"1,000",154.00,"154,000.00"
2020-01-15,2020011501009382,DBBL,40,45,240,154.00,"36,960.00"
2020-01-15,2020011501009355,DBBL,58,4,500,153.00,"76,500.00"
2020-01-15,2020011501009338,DBBL,58,39,"1,000",153.00,"153,000.00"
2020-01-15,2020011501009327,DBBL,3,45,250,154.00,"38,500.00"
2020-01-15,2020011501009326,DBBL,3,35,250,154.00,"38,500.00"
2020-01-15,2020011501009532,DBBL,17,32,"1,000",153.00,"153,000.00"
2020-01-15,2020011501009429,DBBL,58,59,"1,277",153.00,"195,381.00"
2020-01-15,2020011501009387,DBBL,40,45,"1,196",154.00,"184,184.00"
2020-01-15,2020011501009386,DBBL,40,6,50,154.00,"7,700.00"
2020-01-15,2020011501009385,DBBL,40,56,500,154.00,"77,000.00"
2020-01-15,2020011501009384,DBBL,40,56,14,154.00,"2,156.00"
2020-01-15,2020011501009617,DDBL,41,34,20,"1,029.00","20,580.00"
2020-01-15,2020011501009574,DDBL,41,34,40,"1,029.00","41,160.00"
2020-01-15,2020011501009561,DDBL,43,10,100,"1,026.00","102,600.00"
2020-01-15,2020011501009300,DDBL,43,48,347,"1,026.00","356,022.00"
2020-01-15,2020011501009299,DDBL,35,48,30,"1,027.00","30,810.00"
2020-01-15,2020011501009298,DDBL,52,48,100,"1,027.00","102,700.00"
2020-01-15,2020011501009297,DDBL,57,48,23,"1,027.00","23,621.00"
2020-01-15,2020011501009215,EBL,45,43,20,615.00,"12,300.00"
2020-01-15,2020011501009694,EDBL,4,55,300,323.00,"96,900.00"
2020-01-15,2020011501009691,EIC,57,17,849,320.00,"271,680.00"
2020-01-15,2020011501009690,EIC,40,17,100,320.00,"32,000.00"
2020-01-15,2020011501009689,EIC,55,17,"1,000",320.00,"320,000.00"
2020-01-15,2020011501009688,EIC,17,17,100,320.00,"32,000.00"
2020-01-15,2020011501009687,EIC,38,17,500,320.00,"160,000.00"
2020-01-15,2020011501009686,EIC,17,17,425,320.00,"136,000.00"
2020-01-15,2020011501009208,EIC,38,17,41,323.00,"13,243.00"
2020-01-15,2020011501009207,EIC,21,17,185,324.00,"59,940.00"
2020-01-15,2020011501009596,EIC,38,14,100,323.00,"32,300.00"
2020-01-15,2020011501009472,EIC,42,6,120,324.00,"38,880.00"
2020-01-15,2020011501009260,EIC,57,39,10,323.00,"3,230.00"
2020-01-15,2020011501009211,EIC,57,17,189,323.00,"61,047.00"
2020-01-15,2020011501009210,EIC,58,17,60,323.00,"19,380.00"
2020-01-15,2020011501009209,EIC,58,17,25,323.00,"8,075.00"
2020-01-15,2020011501009685,EIC,17,17,50,321.00,"16,050.00"
2020-01-15,2020011501009684,EIC,50,17,300,321.00,"96,300.00"
2020-01-15,2020011501009683,EIC,16,17,100,322.00,"32,200.00"
2020-01-15,2020011501009631,EIC,41,17,50,323.00,"16,150.00"
2020-01-15,2020011501009601,EIC,34,17,110,323.00,"35,530.00"
2020-01-15,2020011501009600,EIC,38,17,61,323.00,"19,703.00"
2020-01-15,2020011501009419,FMDBL,5,46,100,422.00,"42,200.00"
2020-01-15,2020011501009620,GBBL,45,1,100,229.00,"22,900.00"
2020-01-15,2020011501009525,GBLBS,50,32,150,409.00,"61,350.00"
2020-01-15,2020011501009509,GBLBS,50,26,100,409.00,"40,900.00"
2020-01-15,2020011501009356,GBLBS,50,45,20,409.00,"8,180.00"
2020-01-15,2020011501009241,GBLBS,50,6,200,409.00,"81,800.00"
2020-01-15,2020011501009389,GFCL,36,59,700,141.00,"98,700.00"
2020-01-15,2020011501009343,GGBSL,11,11,10,893.00,"8,930.00"
2020-01-15,2020011501009539,GLICL,59,50,100,545.00,"54,500.00"
2020-01-15,2020011501009538,GLICL,50,50,24,545.00,"13,080.00"
2020-01-15,2020011501009418,GLICL,50,34,100,545.00,"54,500.00"
2020-01-15,2020011501009417,GLICL,50,1,76,545.00,"41,420.00"
2020-01-15,2020011501009342,GMFIL,33,42,30,135.00,"4,050.00"
2020-01-15,2020011501009306,GUFL,49,22,104,124.00,"12,896.00"
2020-01-15,2020011501009294,GUFL,49,32,350,125.00,"43,750.00"
2020-01-15,2020011501009354,HDL,45,38,100,"1,236.00","123,600.00"
2020-01-15,2020011501009330,HDL,14,45,84,"1,237.00","103,908.00"
2020-01-15,2020011501009329,HDL,21,45,26,"1,237.00","32,162.00"
2020-01-15,2020011501009328,HDL,11,45,50,"1,238.00","61,900.00"
2020-01-15,2020011501009311,HGI,17,39,10,324.00,"3,240.00"
2020-01-15,2020011501009621,HIDCL,54,22,100,140.00,"14,000.00"
2020-01-15,2020011501009435,HIDCL,19,5,"1,000",140.00,"140,000.00"
2020-01-15,2020011501009397,HIDCL,56,5,"1,156",140.00,"161,840.00"
2020-01-15,2020011501009288,HIDCL,56,26,844,140.00,"118,160.00"
2020-01-15,2020011501009287,HIDCL,45,26,500,140.00,"70,000.00"
2020-01-15,2020011501009286,HIDCL,58,26,11,140.00,"1,540.00"
2020-01-15,2020011501009285,HIDCL,22,26,100,141.00,"14,100.00"
2020-01-15,2020011501009529,HURJA,29,42,375,113.00,"42,375.00"
2020-01-15,2020011501009231,HURJA,50,52,20,114.00,"2,280.00"
2020-01-15,2020011501009230,HURJA,50,39,20,114.00,"2,280.00"
2020-01-15,2020011501009229,HURJA,50,45,20,114.00,"2,280.00"
2020-01-15,2020011501009228,HURJA,50,39,20,114.00,"2,280.00"
2020-01-15,2020011501009375,ICFC,49,39,100,171.00,"17,100.00"
2020-01-15,2020011501009374,ICFC,49,4,500,171.00,"85,500.00"
2020-01-15,2020011501009373,ICFC,49,49,"1,000",171.00,"171,000.00"
2020-01-15,2020011501009372,ICFC,49,49,30,171.00,"5,130.00"
2020-01-15,2020011501009371,ICFC,49,16,"1,200",170.00,"204,000.00"
2020-01-15,2020011501009370,ICFC,49,1,200,170.00,"34,000.00"
2020-01-15,2020011501009242,ICFC,46,41,50,168.00,"8,400.00"
2020-01-15,2020011501009618,ILBS,57,1,10,756.00,"7,560.00"
2020-01-15,2020011501009381,ILBS,57,11,200,756.00,"151,200.00"
2020-01-15,2020011501009665,JBBL,47,35,500,164.00,"82,000.00"
2020-01-15,2020011501009664,JBBL,34,35,377,164.00,"61,828.00"
2020-01-15,2020011501009531,JBBL,34,26,23,164.00,"3,772.00"
2020-01-15,2020011501009530,JBBL,45,26,73,164.00,"11,972.00"
2020-01-15,2020011501009441,KADBL,28,53,"1,000",273.00,"273,000.00"
2020-01-15,2020011501009655,KBL,18,28,"2,000",195.00,"390,000.00"
2020-01-15,2020011501009592,KBL,39,17,100,196.00,"19,600.00"
2020-01-15,2020011501009591,KBL,37,17,100,196.00,"19,600.00"
2020-01-15,2020011501009590,KBL,19,17,200,196.00,"39,200.00"
2020-01-15,2020011501009589,KBL,6,17,50,196.00,"9,800.00"
2020-01-15,2020011501009588,KBL,58,17,570,196.00,"111,720.00"
2020-01-15,2020011501009320,KBL,39,26,200,198.00,"39,600.00"
2020-01-15,2020011501009400,KBL,33,43,"1,720",197.00,"338,840.00"
2020-01-15,2020011501009399,KBL,40,43,280,197.00,"55,160.00"
2020-01-15,2020011501009393,KBL,40,43,720,197.00,"141,840.00"
2020-01-15,2020011501009392,KBL,55,43,30,197.00,"5,910.00"
2020-01-15,2020011501009391,KBL,50,43,250,197.00,"49,250.00"
2020-01-15,2020011501009390,KBL,21,43,"1,000",197.00,"197,000.00"
2020-01-15,2020011501009550,KBL,58,51,430,196.00,"84,280.00"
2020-01-15,2020011501009549,KBL,37,40,155,197.00,"30,535.00"
2020-01-15,2020011501009548,KBL,37,43,45,197.00,"8,865.00"
2020-01-15,2020011501009414,KBL,42,43,400,197.00,"78,800.00"
2020-01-15,2020011501009413,KBL,33,43,"1,555",197.00,"306,335.00"
2020-01-15,2020011501009404,KBL,33,40,"2,000",197.00,"394,000.00"
2020-01-15,2020011501009616,KPCL,39,55,80,95.00,"7,600.00"
2020-01-15,2020011501009615,KPCL,39,45,100,95.00,"9,500.00"
2020-01-15,2020011501009614,KPCL,39,14,50,95.00,"4,750.00"
2020-01-15,2020011501009613,KPCL,39,19,500,95.00,"47,500.00"
2020-01-15,2020011501009612,KPCL,39,6,220,95.00,"20,900.00"
2020-01-15,2020011501009611,KPCL,39,25,50,95.00,"4,750.00"
2020-01-15,2020011501009395,KPCL,40,38,10,91.00,910.00
2020-01-15,2020011501009376,KPCL,40,38,10,91.00,910.00
2020-01-15,2020011501009337,KPCL,40,44,10,91.00,910.00
2020-01-15,2020011501009313,KPCL,40,38,10,91.00,910.00
2020-01-15,2020011501009293,KPCL,40,38,10,91.00,910.00
2020-01-15,2020011501009240,KPCL,40,38,10,91.00,910.00
2020-01-15,2020011501009477,KPCL,40,38,10,91.00,910.00
2020-01-15,2020011501009462,KPCL,40,38,10,91.00,910.00
2020-01-15,2020011501009450,KPCL,40,38,10,91.00,910.00
2020-01-15,2020011501009436,KPCL,40,38,10,91.00,910.00
2020-01-15,2020011501009426,KPCL,40,38,10,91.00,910.00
2020-01-15,2020011501009405,KPCL,40,38,10,91.00,910.00
2020-01-15,2020011501009602,KPCL,39,38,10,92.00,920.00
2020-01-15,2020011501009576,KPCL,40,11,100,91.00,"9,100.00"
2020-01-15,2020011501009547,KPCL,40,38,10,91.00,910.00
2020-01-15,2020011501009528,KPCL,40,38,10,91.00,910.00
2020-01-15,2020011501009510,KPCL,40,3,10,91.00,910.00
2020-01-15,2020011501009498,KPCL,40,38,10,91.00,910.00
2020-01-15,2020011501009610,KPCL,39,13,200,95.00,"19,000.00"
2020-01-15,2020011501009609,KPCL,39,52,54,95.00,"5,130.00"
2020-01-15,2020011501009608,KPCL,39,53,10,94.00,940.00
2020-01-15,2020011501009607,KPCL,39,26,100,94.00,"9,400.00"
2020-01-15,2020011501009606,KPCL,39,6,40,93.00,"3,720.00"
2020-01-15,2020011501009605,KPCL,39,41,30,93.00,"2,790.00"
2020-01-15,2020011501009582,KSBBL,19,39,37,148.00,"5,476.00"
2020-01-15,2020011501009422,KSBBL,26,57,955,151.00,"144,205.00"
2020-01-15,2020011501009421,KSBBL,26,49,45,151.00,"6,795.00"
2020-01-15,2020011501009412,LBBL,22,49,300,186.00,"55,800.00"
2020-01-15,2020011501009434,LBL,58,32,485,210.00,"101,850.00"
2020-01-15,2020011501009344,LBL,58,51,35,210.00,"7,350.00"
2020-01-15,2020011501009437,LGIL,39,13,200,391.00,"78,200.00"
2020-01-15,2020011501009431,LICN,14,45,29,"1,120.00","32,480.00"
2020-01-15,2020011501009278,LICN,4,53,20,"1,139.00","22,780.00"
2020-01-15,2020011501009651,MBL,33,38,445,236.00,"105,020.00"
2020-01-15,2020011501009599,MBL,33,39,55,236.00,"12,980.00"
2020-01-15,2020011501009526,MBL,45,6,250,237.00,"59,250.00"
2020-01-15,2020011501009365,MBL,42,39,240,235.00,"56,400.00"
2020-01-15,2020011501009364,MBL,34,39,760,236.00,"179,360.00"
2020-01-15,2020011501009333,MBL,26,6,150,237.00,"35,550.00"
2020-01-15,2020011501009332,MBL,26,22,600,237.00,"142,200.00"
2020-01-15,2020011501009277,MBL,34,34,240,236.00,"56,640.00"
2020-01-15,2020011501009276,MBL,49,34,160,236.00,"37,760.00"
2020-01-15,2020011501009315,MDB,52,44,14,292.00,"4,088.00"
2020-01-15,2020011501009571,MEGA,33,45,306,204.00,"62,424.00"
2020-01-15,2020011501009570,MEGA,33,26,178,204.00,"36,312.00"
2020-01-15,2020011501009640,MERO,32,40,170,614.00,"104,380.00"
2020-01-15,2020011501009639,MERO,32,39,60,614.00,"36,840.00"
2020-01-15,2020011501009638,MERO,32,17,20,614.00,"12,280.00"
2020-01-15,2020011501009637,MERO,32,25,50,614.00,"30,700.00"
2020-01-15,2020011501009494,MERO,16,48,200,613.00,"122,600.00"
2020-01-15,2020011501009493,MERO,16,16,20,612.00,"12,240.00"
2020-01-15,2020011501009492,MERO,16,59,100,610.00,"61,000.00"
2020-01-15,2020011501009491,MERO,16,32,400,608.00,"243,200.00"
2020-01-15,2020011501009274,MHNL,40,35,40,98.00,"3,920.00"
2020-01-15,2020011501009273,MHNL,40,21,40,98.00,"3,920.00"
2020-01-15,2020011501009272,MHNL,40,8,30,98.00,"2,940.00"
2020-01-15,2020011501009653,MLBBL,51,22,97,613.00,"59,461.00"
2020-01-15,2020011501009652,MLBBL,51,18,468,613.00,"286,884.00"
2020-01-15,2020011501009633,MLBBL,51,22,100,612.00,"61,200.00"
2020-01-15,2020011501009632,MLBBL,51,1,100,610.00,"61,000.00"
2020-01-15,2020011501009256,MLBL,59,47,50,199.00,"9,950.00"
2020-01-15,2020011501009255,MLBL,59,47,200,198.00,"39,600.00"
2020-01-15,2020011501009254,MLBL,59,47,50,197.00,"9,850.00"
2020-01-15,2020011501009253,MLBL,59,6,500,197.00,"98,500.00"
2020-01-15,2020011501009252,MLBL,59,32,500,197.00,"98,500.00"
2020-01-15,2020011501009251,MLBL,59,45,180,197.00,"35,460.00"
2020-01-15,2020011501009284,MLBL,59,42,256,200.00,"51,200.00"
2020-01-15,2020011501009258,MLBL,59,56,50,199.00,"9,950.00"
2020-01-15,2020011501009257,MLBL,59,14,"1,500",199.00,"298,500.00"
2020-01-15,2020011501009425,MNBBL,57,26,150,316.00,"47,400.00"
2020-01-15,2020011501009424,MNBBL,57,14,50,316.00,"15,800.00"
2020-01-15,2020011501009363,MNBBL,53,13,404,315.00,"127,260.00"
2020-01-15,2020011501009430,MSLB,51,33,200,921.00,"184,200.00"
2020-01-15,2020011501009227,NBB,45,26,100,208.00,"20,800.00"
2020-01-15,2020011501009226,NBB,16,26,200,208.00,"41,600.00"
2020-01-15,2020011501009656,NBL,33,34,100,283.00,"28,300.00"
2020-01-15,2020011501009523,NBL,25,33,250,280.00,"70,000.00"
2020-01-15,2020011501009522,NBL,57,33,500,280.00,"140,000.00"
2020-01-15,2020011501009521,NBL,33,33,"5,000",280.00,"1,400,000.00"
2020-01-15,2020011501009520,NBL,29,33,30,280.00,"8,400.00"
2020-01-15,2020011501009519,NBL,43,33,"2,000",280.00,"560,000.00"
2020-01-15,2020011501009378,NBL,33,34,50,283.00,"14,150.00"
2020-01-15,2020011501009347,NBL,32,10,330,281.00,"92,730.00"
2020-01-15,2020011501009346,NBL,19,10,100,281.00,"28,100.00"
2020-01-15,2020011501009345,NBL,13,10,70,281.00,"19,670.00"
2020-01-15,2020011501009232,NBL,33,34,50,283.00,"14,150.00"
2020-01-15,2020011501009518,NBL,1,33,200,280.00,"56,000.00"
2020-01-15,2020011501009517,NBL,49,33,50,281.00,"14,050.00"
2020-01-15,2020011501009516,NBL,37,33,"1,500",281.00,"421,500.00"
2020-01-15,2020011501009515,NBL,32,33,470,281.00,"132,070.00"
2020-01-15,2020011501009461,NBL,33,34,50,283.00,"14,150.00"
2020-01-15,2020011501009411,NBL,32,51,200,281.00,"56,200.00"
2020-01-15,2020011501009679,NCCB,48,13,64,223.00,"14,272.00"
2020-01-15,2020011501009666,NCCB,48,39,50,223.00,"11,150.00"
2020-01-15,2020011501009649,NCCB,48,39,50,223.00,"11,150.00"
2020-01-15,2020011501009623,NCCB,48,39,31,223.00,"6,913.00"
2020-01-15,2020011501009622,NCCB,1,39,19,223.00,"4,237.00"
2020-01-15,2020011501009577,NCCB,1,39,50,223.00,"11,150.00"
2020-01-15,2020011501009558,NCCB,39,1,200,224.00,"44,800.00"
2020-01-15,2020011501009245,NCCB,58,54,200,224.00,"44,800.00"
2020-01-15,2020011501009244,NCCB,58,4,"1,400",224.00,"313,600.00"
2020-01-15,2020011501009296,NHDL,17,57,10,119.00,"1,190.00"
2020-01-15,2020011501009259,NHDL,17,57,10,119.00,"1,190.00"
2020-01-15,2020011501009233,NHDL,17,57,10,119.00,"1,190.00"
2020-01-15,2020011501009598,NIB,19,40,600,408.00,"244,800.00"
2020-01-15,2020011501009597,NIB,16,40,320,408.00,"130,560.00"
2020-01-15,2020011501009481,NIB,16,39,90,408.00,"36,720.00"
2020-01-15,2020011501009204,NIB,16,33,29,408.00,"11,832.00"
2020-01-15,2020011501009508,NICA,53,14,231,470.00,"108,570.00"
2020-01-15,2020011501009507,NICA,53,44,16,470.00,"7,520.00"
2020-01-15,2020011501009499,NICA,53,16,45,470.00,"21,150.00"
2020-01-15,2020011501009480,NICA,48,58,50,471.00,"23,550.00"
2020-01-15,2020011501009479,NICA,48,50,"1,070",471.00,"503,970.00"
2020-01-15,2020011501009478,NICA,53,34,22,470.00,"10,340.00"
2020-01-15,2020011501009263,NICA,49,18,520,473.00,"245,960.00"
2020-01-15,2020011501009247,NICA,50,35,900,471.00,"423,900.00"
2020-01-15,2020011501009246,NICA,37,35,100,471.00,"47,100.00"
2020-01-15,2020011501009217,NICA,37,4,200,471.00,"94,200.00"
2020-01-15,2020011501009216,NICA,34,4,800,471.00,"376,800.00"
2020-01-15,2020011501009269,NICA,49,57,100,473.00,"47,300.00"
2020-01-15,2020011501009268,NICA,49,36,100,473.00,"47,300.00"
2020-01-15,2020011501009267,NICA,49,50,"1,000",473.00,"473,000.00"
2020-01-15,2020011501009266,NICA,49,49,100,473.00,"47,300.00"
2020-01-15,2020011501009265,NICA,49,25,300,473.00,"141,900.00"
2020-01-15,2020011501009264,NICA,49,58,10,473.00,"4,730.00"
2020-01-15,2020011501009335,NICA,53,44,75,470.00,"35,250.00"
2020-01-15,2020011501009334,NICA,10,44,"2,875",470.00,"1,351,250.00"
2020-01-15,2020011501009325,NICA,55,44,200,471.00,"94,200.00"
2020-01-15,2020011501009291,NICA,50,10,100,471.00,"47,100.00"
2020-01-15,2020011501009271,NICA,49,19,170,474.00,"80,580.00"
2020-01-15,2020011501009270,NICA,49,25,200,474.00,"94,800.00"
2020-01-15,2020011501009463,NICA,53,44,250,470.00,"117,500.00"
2020-01-15,2020011501009460,NICA,52,50,74,471.00,"34,854.00"
2020-01-15,2020011501009427,NICA,56,44,225,471.00,"105,975.00"
2020-01-15,2020011501009369,NICA,53,44,14,470.00,"6,580.00"
2020-01-15,2020011501009353,NICA,56,44,75,471.00,"35,325.00"
2020-01-15,2020011501009352,NICA,56,44,25,471.00,"11,775.00"
2020-01-15,2020011501009540,NICL,51,14,450,342.00,"153,900.00"
2020-01-15,2020011501009466,NICL,51,42,33,342.00,"11,286.00"
2020-01-15,2020011501009465,NICL,33,42,362,342.00,"123,804.00"
2020-01-15,2020011501009464,NICL,34,42,100,343.00,"34,300.00"
2020-01-15,2020011501009388,NICL,33,43,50,342.00,"17,100.00"
2020-01-15,2020011501009292,NICL,33,10,88,342.00,"30,096.00"
2020-01-15,2020011501009250,NICL,55,10,112,343.00,"38,416.00"
2020-01-15,2020011501009469,NIL,22,29,12,427.00,"5,124.00"
2020-01-15,2020011501009468,NIL,58,29,500,427.00,"213,500.00"
2020-01-15,2020011501009310,NIL,58,22,500,427.00,"213,500.00"
2020-01-15,2020011501009512,NLBBL,36,13,100,642.00,"64,200.00"
2020-01-15,2020011501009511,NLBBL,52,13,100,642.00,"64,200.00"
2020-01-15,2020011501009635,NLG,6,1,20,712.00,"14,240.00"
2020-01-15,2020011501009634,NLG,6,1,30,712.00,"21,360.00"
2020-01-15,2020011501009593,NLG,6,33,103,715.00,"73,645.00"
2020-01-15,2020011501009573,NLIC,13,38,190,"1,005.00","190,950.00"
2020-01-15,2020011501009572,NLIC,13,35,60,"1,005.00","60,300.00"
2020-01-15,2020011501009567,NLIC,32,43,154,"1,002.00","154,308.00"
2020-01-15,2020011501009566,NLIC,50,43,200,"1,002.00","200,400.00"
2020-01-15,2020011501009565,NLIC,50,43,23,"1,002.00","23,046.00"
2020-01-15,2020011501009440,NLIC,45,38,11,"1,005.00","11,055.00"
2020-01-15,2020011501009439,NLIC,45,22,24,"1,005.00","24,120.00"
2020-01-15,2020011501009630,NLICL,46,56,13,589.00,"7,657.00"
2020-01-15,2020011501009629,NLICL,46,25,20,588.00,"11,760.00"
2020-01-15,2020011501009580,NLICL,58,35,141,588.00,"82,908.00"
2020-01-15,2020011501009579,NLICL,58,6,300,588.00,"176,400.00"
2020-01-15,2020011501009578,NLICL,58,14,50,588.00,"29,400.00"
2020-01-15,2020011501009562,NLICL,58,33,115,585.00,"67,275.00"
2020-01-15,2020011501009235,NLICL,58,58,300,584.00,"175,200.00"
2020-01-15,2020011501009319,NLICL,58,40,50,587.00,"29,350.00"
2020-01-15,2020011501009318,NLICL,58,45,450,587.00,"264,150.00"
2020-01-15,2020011501009317,NLICL,58,44,626,586.00,"366,836.00"
2020-01-15,2020011501009238,NLICL,58,44,130,586.00,"76,180.00"
2020-01-15,2020011501009237,NLICL,58,49,20,585.00,"11,700.00"
2020-01-15,2020011501009236,NLICL,58,57,50,585.00,"29,250.00"
2020-01-15,2020011501009650,NMB,26,35,500,369.00,"184,500.00"
2020-01-15,2020011501009636,NMB,56,13,50,368.00,"18,400.00"
2020-01-15,2020011501009628,NMB,56,49,71,368.00,"26,128.00"
2020-01-15,2020011501009627,NMB,49,49,200,368.00,"73,600.00"
2020-01-15,2020011501009626,NMB,43,49,500,368.00,"184,000.00"
2020-01-15,2020011501009625,NMB,41,49,500,368.00,"184,000.00"
2020-01-15,2020011501009624,NMB,50,49,230,368.00,"84,640.00"
2020-01-15,2020011501009490,NMB,39,35,500,369.00,"184,500.00"
2020-01-15,2020011501009243,NMB,58,35,300,369.00,"110,700.00"
2020-01-15,2020011501009575,NMFBS,19,26,15,"1,400.00","21,000.00"
2020-01-15,2020011501009569,NSEWA,14,56,70,600.00,"42,000.00"
2020-01-15,2020011501009534,NSEWA,14,3,10,600.00,"6,000.00"
2020-01-15,2020011501009536,NTC,49,16,10,640.00,"6,400.00"
2020-01-15,2020011501009527,NTC,43,16,20,640.00,"12,800.00"
2020-01-15,2020011501009693,OHL,58,57,500,500.00,"250,000.00"
2020-01-15,2020011501009692,OHL,10,57,50,500.00,"25,000.00"
2020-01-15,2020011501009398,OHL,55,16,500,501.00,"250,500.00"
2020-01-15,2020011501009587,PCBL,53,21,50,268.00,"13,400.00"
2020-01-15,2020011501009542,PCBL,45,21,250,268.00,"67,000.00"
2020-01-15,2020011501009678,PIC,19,52,200,490.00,"98,000.00"
2020-01-15,2020011501009677,PIC,58,52,119,490.00,"58,310.00"
2020-01-15,2020011501009535,PIC,58,25,47,490.00,"23,030.00"
2020-01-15,2020011501009513,PIC,58,17,11,490.00,"5,390.00"
2020-01-15,2020011501009351,PIC,58,57,250,490.00,"122,500.00"
2020-01-15,2020011501009350,PIC,58,57,112,490.00,"54,880.00"
2020-01-15,2020011501009349,PIC,58,8,11,490.00,"5,390.00"
2020-01-15,2020011501009546,PICL,44,45,38,546.00,"20,748.00"
2020-01-15,2020011501009545,PICL,57,45,500,547.00,"273,500.00"
2020-01-15,2020011501009544,PICL,14,45,50,548.00,"27,400.00"
2020-01-15,2020011501009543,PICL,16,45,162,548.00,"88,776.00"
2020-01-15,2020011501009604,PLIC,57,44,100,424.00,"42,400.00"
2020-01-15,2020011501009341,PLIC,40,34,162,423.00,"68,526.00"
2020-01-15,2020011501009420,PMHPL,56,59,10,102.00,"1,020.00"
2020-01-15,2020011501009283,PMHPL,56,49,100,100.00,"10,000.00"
2020-01-15,2020011501009282,PMHPL,56,59,50,99.00,"4,950.00"
2020-01-15,2020011501009281,PMHPL,56,59,50,98.00,"4,900.00"
2020-01-15,2020011501009280,PMHPL,56,59,50,97.00,"4,850.00"
2020-01-15,2020011501009486,PRIN,45,10,400,380.00,"152,000.00"
2020-01-15,2020011501009485,PRIN,29,10,200,380.00,"76,000.00"
2020-01-15,2020011501009401,PROFL,34,4,10,106.00,"1,060.00"
2020-01-15,2020011501009501,PRVU,45,45,200,248.00,"49,600.00"
2020-01-15,2020011501009500,PRVU,45,50,300,248.00,"74,400.00"
2020-01-15,2020011501009290,PRVU,19,34,"1,200",247.00,"296,400.00"
2020-01-15,2020011501009289,PRVU,45,34,800,247.00,"197,600.00"
2020-01-15,2020011501009647,RHPL,16,4,100,174.00,"17,400.00"
2020-01-15,2020011501009646,RHPL,53,4,"1,000",174.00,"174,000.00"
2020-01-15,2020011501009645,RHPL,45,4,200,174.00,"34,800.00"
2020-01-15,2020011501009644,RHPL,20,4,50,174.00,"8,700.00"
2020-01-15,2020011501009643,RHPL,36,4,200,174.00,"34,800.00"
2020-01-15,2020011501009642,RHPL,44,4,30,174.00,"5,220.00"
2020-01-15,2020011501009403,RHPL,41,3,10,175.00,"1,750.00"
2020-01-15,2020011501009357,RHPL,41,44,20,175.00,"3,500.00"
2020-01-15,2020011501009641,RHPL,50,4,420,174.00,"73,080.00"
2020-01-15,2020011501009568,RHPL,45,19,990,175.00,"173,250.00"
2020-01-15,2020011501009551,RHPL,45,3,10,175.00,"1,750.00"
2020-01-15,2020011501009444,RHPL,45,59,250,175.00,"43,750.00"
2020-01-15,2020011501009443,RHPL,22,59,"1,000",175.00,"175,000.00"
2020-01-15,2020011501009442,RHPL,41,59,70,175.00,"12,250.00"
2020-01-15,2020011501009302,RLFL,7,57,92,133.00,"12,236.00"
2020-01-15,2020011501009301,RLFL,3,57,14,133.00,"1,862.00"
2020-01-15,2020011501009489,RMDC,14,53,10,621.00,"6,210.00"
2020-01-15,2020011501009488,RMDC,49,53,40,621.00,"24,840.00"
2020-01-15,2020011501009487,RMDC,34,53,150,621.00,"93,150.00"
2020-01-15,2020011501009667,RSDC,57,6,37,420.00,"15,540.00"
2020-01-15,2020011501009603,RSDC,57,25,150,420.00,"63,000.00"
2020-01-15,2020011501009524,RSDC,57,40,100,420.00,"42,000.00"
2020-01-15,2020011501009703,SABSL,42,19,490,739.00,"362,110.00"
2020-01-15,2020011501009702,SABSL,42,45,10,739.00,"7,390.00"
2020-01-15,2020011501009701,SABSL,42,28,200,739.00,"147,800.00"
2020-01-15,2020011501009700,SABSL,42,21,490,739.00,"362,110.00"
2020-01-15,2020011501009699,SABSL,42,28,100,739.00,"73,900.00"
2020-01-15,2020011501009698,SABSL,42,13,200,738.00,"147,600.00"
2020-01-15,2020011501009428,SABSL,55,54,10,725.00,"7,250.00"
2020-01-15,2020011501009697,SABSL,42,44,10,733.00,"7,330.00"
2020-01-15,2020011501009696,SABSL,42,56,10,733.00,"7,330.00"
2020-01-15,2020011501009695,SABSL,42,28,100,732.00,"73,200.00"
2020-01-15,2020011501009586,SABSL,42,35,100,730.00,"73,000.00"
2020-01-15,2020011501009585,SABSL,42,51,10,730.00,"7,300.00"
2020-01-15,2020011501009584,SABSL,42,1,50,730.00,"36,500.00"
2020-01-15,2020011501009362,SADBL,4,32,850,148.00,"125,800.00"
2020-01-15,2020011501009361,SADBL,4,14,"1,350",148.00,"199,800.00"
2020-01-15,2020011501009514,SANIMA,44,33,24,349.00,"8,376.00"
2020-01-15,2020011501009458,SANIMA,44,34,500,349.00,"174,500.00"
2020-01-15,2020011501009433,SANIMA,44,52,140,349.00,"48,860.00"
2020-01-15,2020011501009432,SANIMA,55,52,150,349.00,"52,350.00"
2020-01-15,2020011501009279,SANIMA,40,34,304,350.00,"106,400.00"
2020-01-15,2020011501009660,SBI,25,16,101,415.00,"41,915.00"
2020-01-15,2020011501009659,SBI,46,16,69,415.00,"28,635.00"
2020-01-15,2020011501009658,SBI,16,16,130,416.00,"54,080.00"
2020-01-15,2020011501009657,SBI,41,16,200,417.00,"83,400.00"
2020-01-15,2020011501009497,SBI,29,6,16,420.00,"6,720.00"
2020-01-15,2020011501009475,SBI,29,10,150,420.00,"63,000.00"
2020-01-15,2020011501009451,SBI,29,41,250,420.00,"105,000.00"
2020-01-15,2020011501009305,SBI,29,25,450,420.00,"189,000.00"
2020-01-15,2020011501009239,SBI,29,33,26,420.00,"10,920.00"
2020-01-15,2020011501009438,SBL,26,10,160,328.00,"52,480.00"
2020-01-15,2020011501009360,SBL,26,50,240,328.00,"78,720.00"
2020-01-15,2020011501009359,SBL,26,57,150,327.00,"49,050.00"
2020-01-15,2020011501009358,SBL,26,11,200,327.00,"65,400.00"
2020-01-15,2020011501009212,SCB,49,52,280,600.00,"168,000.00"
2020-01-15,2020011501009467,SDESI,45,45,300,745.00,"223,500.00"
2020-01-15,2020011501009557,SHIVM,58,49,440,479.00,"210,760.00"
2020-01-15,2020011501009556,SHIVM,14,49,200,479.00,"95,800.00"
2020-01-15,2020011501009555,SHIVM,21,49,50,479.00,"23,950.00"
2020-01-15,2020011501009554,SHIVM,16,49,100,480.00,"48,000.00"
2020-01-15,2020011501009553,SHIVM,45,49,180,480.00,"86,400.00"
2020-01-15,2020011501009552,SHIVM,49,49,30,481.00,"14,430.00"
2020-01-15,2020011501009537,SHL,34,52,300,203.00,"60,900.00"
2020-01-15,2020011501009262,SICL,5,4,50,947.00,"47,350.00"
2020-01-15,2020011501009619,SIL,44,11,100,473.00,"47,300.00"
2020-01-15,2020011501009663,SJCL,45,45,90,165.00,"14,850.00"
2020-01-15,2020011501009662,SJCL,41,45,100,165.00,"16,500.00"
2020-01-15,2020011501009661,SJCL,46,45,310,165.00,"51,150.00"
2020-01-15,2020011501009564,SJCL,46,3,20,165.00,"3,300.00"
2020-01-15,2020011501009423,SJCL,46,3,10,165.00,"1,650.00"
2020-01-15,2020011501009377,SJCL,46,44,10,165.00,"1,650.00"
2020-01-15,2020011501009648,SLICL,22,49,80,340.00,"27,200.00"
2020-01-15,2020011501009340,SLICL,16,49,100,340.00,"34,000.00"
2020-01-15,2020011501009339,SLICL,49,49,100,340.00,"34,000.00"
2020-01-15,2020011501009331,SMATA,52,28,74,705.00,"52,170.00"
2020-01-15,2020011501009471,SMFBS,34,14,200,"1,005.00","201,000.00"
2020-01-15,2020011501009470,SMFBS,34,16,100,"1,005.00","100,500.00"
2020-01-15,2020011501009595,SPARS,26,7,100,716.00,"71,600.00"
2020-01-15,2020011501009206,SRBL,38,14,100,243.00,"24,300.00"
2020-01-15,2020011501009205,SRBL,38,44,250,243.00,"60,750.00"
2020-01-15,2020011501009449,TRH,26,45,100,299.00,"29,900.00"
2020-01-15,2020011501009275,TRH,26,45,"1,000",299.00,"299,000.00"
2020-01-15,2020011501009676,UMHL,39,39,344,110.00,"37,840.00"
2020-01-15,2020011501009675,UMHL,39,52,402,110.00,"44,220.00"
2020-01-15,2020011501009674,UMHL,39,37,100,110.00,"11,000.00"
2020-01-15,2020011501009673,UMHL,39,56,300,110.00,"33,000.00"
2020-01-15,2020011501009261,UMHL,39,54,92,109.00,"10,028.00"
2020-01-15,2020011501009474,VLBS,34,6,10,843.00,"8,430.00"
2020-01-15,2020011501009410,WOMI,41,39,84,950.00,"79,800.00"
2020-01-15,2020011501009409,WOMI,38,39,16,950.00,"15,200.00"
2020-01-15,2020011501009013,ADBL,25,28,47,384.00,"18,048.00"
2020-01-15,2020011501008855,ADBL,11,57,100,386.00,"38,600.00"
2020-01-15,2020011501008779,ADBL,59,57,241,386.00,"93,026.00"
2020-01-15,2020011501008712,ADBL,59,25,200,386.00,"77,200.00"
2020-01-15,2020011501008788,AHPC,16,44,500,97.00,"48,500.00"
2020-01-15,2020011501008787,AHPC,16,44,500,97.00,"48,500.00"
2020-01-15,2020011501009053,AKJCL,42,58,10,58.00,580.00
2020-01-15,2020011501009170,AKPL,58,58,"3,000",139.00,"417,000.00"
2020-01-15,2020011501009169,AKPL,58,47,100,139.00,"13,900.00"
2020-01-15,2020011501009168,AKPL,58,10,"1,000",139.00,"139,000.00"
2020-01-15,2020011501009167,AKPL,58,37,"4,000",139.00,"556,000.00"
2020-01-15,2020011501009166,AKPL,58,49,13,139.00,"1,807.00"
2020-01-15,2020011501009165,AKPL,58,19,"1,000",139.00,"139,000.00"
2020-01-15,2020011501008739,AKPL,41,1,19,135.00,"2,565.00"
2020-01-15,2020011501008738,AKPL,40,1,81,135.00,"10,935.00"
2020-01-15,2020011501009067,AKPL,58,40,"1,000",137.00,"137,000.00"
2020-01-15,2020011501009037,AKPL,58,50,227,136.00,"30,872.00"
2020-01-15,2020011501009100,AKPL,58,58,100,138.00,"13,800.00"
2020-01-15,2020011501009099,AKPL,58,56,"1,000",138.00,"138,000.00"
2020-01-15,2020011501009098,AKPL,58,8,100,138.00,"13,800.00"
2020-01-15,2020011501009097,AKPL,58,20,13,138.00,"1,794.00"
2020-01-15,2020011501009096,AKPL,58,1,650,138.00,"89,700.00"
2020-01-15,2020011501009068,AKPL,58,43,"1,000",137.00,"137,000.00"
2020-01-15,2020011501009164,AKPL,58,38,13,138.00,"1,794.00"
2020-01-15,2020011501009163,AKPL,58,58,263,138.00,"36,294.00"
2020-01-15,2020011501009104,AKPL,58,58,"1,237",138.00,"170,706.00"
2020-01-15,2020011501009103,AKPL,58,37,500,138.00,"69,000.00"
2020-01-15,2020011501009102,AKPL,58,25,300,138.00,"41,400.00"
2020-01-15,2020011501009101,AKPL,58,41,100,138.00,"13,800.00"
2020-01-15,2020011501009005,ALBSL,34,58,10,611.00,"6,110.00"
2020-01-15,2020011501009004,ALBSL,34,58,10,611.00,"6,110.00"
2020-01-15,2020011501009003,ALBSL,34,58,10,611.00,"6,110.00"
2020-01-15,2020011501009002,ALBSL,34,58,10,611.00,"6,110.00"
2020-01-15,2020011501009001,ALBSL,34,58,10,611.00,"6,110.00"
2020-01-15,2020011501008760,ALBSL,37,58,10,611.00,"6,110.00"
2020-01-15,2020011501009009,ALBSL,34,34,200,614.00,"122,800.00"
2020-01-15,2020011501009008,ALBSL,34,39,10,613.00,"6,130.00"
2020-01-15,2020011501009007,ALBSL,34,39,10,613.00,"6,130.00"
2020-01-15,2020011501009006,ALBSL,34,58,10,611.00,"6,110.00"
2020-01-15,2020011501008977,ALICL,57,56,100,432.00,"43,200.00"
2020-01-15,2020011501008814,API,32,52,18,128.00,"2,304.00"
2020-01-15,2020011501008758,API,57,52,500,128.00,"64,000.00"
2020-01-15,2020011501008926,BOKL,42,42,1,236.00,236.00
2020-01-15,2020011501008799,BOKL,42,28,10,240.00,"2,400.00"
2020-01-15,2020011501009076,BPCL,34,58,11,326.00,"3,586.00"
2020-01-15,2020011501009011,BPCL,34,43,11,326.00,"3,586.00"
2020-01-15,2020011501008928,BPCL,41,52,100,327.00,"32,700.00"
2020-01-15,2020011501008923,CBBL,6,39,400,894.00,"357,600.00"
2020-01-15,2020011501008922,CBBL,6,55,580,894.00,"518,520.00"
2020-01-15,2020011501008921,CBBL,6,37,313,893.00,"279,509.00"
2020-01-15,2020011501008920,CBBL,6,32,100,892.00,"89,200.00"
2020-01-15,2020011501009191,CBL,25,48,500,147.00,"73,500.00"
2020-01-15,2020011501009190,CBL,34,48,500,147.00,"73,500.00"
2020-01-15,2020011501009142,CBL,49,48,500,147.00,"73,500.00"
2020-01-15,2020011501008940,CBL,58,50,551,147.00,"80,997.00"
2020-01-15,2020011501008939,CBL,58,17,"1,000",147.00,"147,000.00"
2020-01-15,2020011501008854,CBL,58,53,"2,000",147.00,"294,000.00"
2020-01-15,2020011501008829,CBL,32,53,127,147.00,"18,669.00"
2020-01-15,2020011501008817,CBL,16,53,873,147.00,"128,331.00"
2020-01-15,2020011501008816,CBL,16,32,127,147.00,"18,669.00"
2020-01-15,2020011501008800,CBL,22,7,17,146.00,"2,482.00"
2020-01-15,2020011501009055,CCBL,57,52,212,184.00,"39,008.00"
2020-01-15,2020011501008991,CCBL,57,22,47,184.00,"8,648.00"
2020-01-15,2020011501008945,CCBL,56,14,100,184.00,"18,400.00"
2020-01-15,2020011501008906,CCBL,4,28,500,184.00,"92,000.00"
2020-01-15,2020011501008905,CCBL,4,45,175,184.00,"32,200.00"
2020-01-15,2020011501008825,CCBL,58,45,25,184.00,"4,600.00"
2020-01-15,2020011501008762,CCBL,4,37,15,183.00,"2,745.00"
2020-01-15,2020011501008757,CCBL,4,45,71,183.00,"12,993.00"
2020-01-15,2020011501008754,CCBL,4,45,800,184.00,"147,200.00"
2020-01-15,2020011501008753,CCBL,4,6,200,184.00,"36,800.00"
2020-01-15,2020011501008930,CHCL,38,22,100,420.00,"42,000.00"
2020-01-15,2020011501009184,CIT,6,45,25,"2,220.00","55,500.00"
2020-01-15,2020011501008950,CIT,32,56,71,"2,221.00","157,691.00"
2020-01-15,2020011501008915,CIT,32,56,29,"2,221.00","64,409.00"
2020-01-15,2020011501008908,CIT,17,56,15,"2,216.00","33,240.00"
2020-01-15,2020011501008907,CIT,32,56,85,"2,220.00","188,700.00"
2020-01-15,2020011501008879,CIT,32,50,15,"2,220.00","33,300.00"
2020-01-15,2020011501008878,CIT,32,58,100,"2,220.00","222,000.00"
2020-01-15,2020011501009114,CZBIL,42,53,300,204.00,"61,200.00"
2020-01-15,2020011501009036,CZBIL,35,53,500,204.00,"102,000.00"
2020-01-15,2020011501009035,CZBIL,34,53,100,204.00,"20,400.00"
2020-01-15,2020011501009010,CZBIL,57,26,200,205.00,"41,000.00"
2020-01-15,2020011501008718,CZBIL,42,53,100,206.00,"20,600.00"
2020-01-15,2020011501009189,DBBL,40,19,77,153.00,"11,781.00"
2020-01-15,2020011501009188,DBBL,40,47,767,153.00,"117,351.00"
2020-01-15,2020011501009187,DBBL,40,59,"1,000",153.00,"153,000.00"
2020-01-15,2020011501009186,DBBL,40,52,108,153.00,"16,524.00"
2020-01-15,2020011501009185,DBBL,40,45,48,153.00,"7,344.00"
2020-01-15,2020011501009183,DBBL,56,37,530,152.00,"80,560.00"
2020-01-15,2020011501009049,DBBL,59,32,500,151.00,"75,500.00"
2020-01-15,2020011501009028,DBBL,49,32,500,151.00,"75,500.00"
2020-01-15,2020011501008951,DBBL,59,56,"2,000",151.00,"302,000.00"
2020-01-15,2020011501009182,DBBL,56,29,100,152.00,"15,200.00"
2020-01-15,2020011501009139,DBBL,49,51,500,151.00,"75,500.00"
2020-01-15,2020011501009134,DBBL,40,29,"1,900",152.00,"288,800.00"
2020-01-15,2020011501009133,DBBL,40,25,100,152.00,"15,200.00"
2020-01-15,2020011501009108,DBBL,40,40,"1,000",152.00,"152,000.00"
2020-01-15,2020011501009079,DBBL,40,40,"1,000",152.00,"152,000.00"
2020-01-15,2020011501009109,DHPL,25,58,10,53.00,530.00
2020-01-15,2020011501008896,EBL,16,33,19,610.00,"11,590.00"
2020-01-15,2020011501009173,EDBL,4,39,100,323.00,"32,300.00"
2020-01-15,2020011501008902,EDBL,22,47,200,325.00,"65,000.00"
2020-01-15,2020011501009111,EIC,57,17,20,325.00,"6,500.00"
2020-01-15,2020011501009040,EIC,21,49,15,324.00,"4,860.00"
2020-01-15,2020011501009039,EIC,21,49,100,324.00,"32,400.00"
2020-01-15,2020011501008934,EIC,57,17,30,325.00,"9,750.00"
2020-01-15,2020011501008743,EIC,38,57,39,324.00,"12,636.00"
