Date,Transact. No.,Symbol,Buyer,Seller,Quantity,Rate,Amount
2019-02-24,2019022401006205,ADBL,14,1,270,330.00,"89,100.00"
2019-02-24,2019022401006129,ADBL,52,52,7,329.00,"2,303.00"
2019-02-24,2019022401006008,ADBL,6,1,200,331.00,"66,200.00"
2019-02-24,2019022401005861,ADBL,45,1,30,331.00,"9,930.00"
2019-02-24,2019022401005892,AKJCL,22,22,10,77.00,770.00
2019-02-24,2019022401006310,AKPL,22,20,10,152.00,"1,520.00"
2019-02-24,2019022401006223,AKPL,22,59,13,153.00,"1,989.00"
2019-02-24,2019022401006220,API,25,58,21,128.00,"2,688.00"
2019-02-24,2019022401006204,API,25,47,28,126.00,"3,528.00"
2019-02-24,2019022401005880,API,37,49,29,123.00,"3,567.00"
2019-02-24,2019022401006203,API,25,59,113,125.00,"14,125.00"
2019-02-24,2019022401006202,API,25,57,28,125.00,"3,500.00"
2019-02-24,2019022401006177,API,25,57,500,124.00,"62,000.00"
2019-02-24,2019022401006176,API,25,39,"1,000",124.00,"124,000.00"
2019-02-24,2019022401006165,BOKL,38,43,100,240.00,"24,000.00"
2019-02-24,2019022401006164,BOKL,38,43,400,240.00,"96,000.00"
2019-02-24,2019022401006153,BOKL,56,43,962,241.00,"231,842.00"
2019-02-24,2019022401006152,BOKL,51,43,753,242.00,"182,226.00"
2019-02-24,2019022401006145,BOKL,51,25,200,242.00,"48,400.00"
2019-02-24,2019022401005896,BOKL,56,17,300,241.00,"72,300.00"
2019-02-24,2019022401006065,BOKL,51,21,47,242.00,"11,374.00"
2019-02-24,2019022401006013,BOKL,56,17,38,241.00,"9,158.00"
2019-02-24,2019022401005910,BPCL,38,34,10,347.00,"3,470.00"
2019-02-24,2019022401006063,CBBL,13,14,200,865.00,"173,000.00"
2019-02-24,2019022401005862,CBBL,13,13,167,865.00,"144,455.00"
2019-02-24,2019022401006325,CBL,11,4,221,147.00,"32,487.00"
2019-02-24,2019022401006324,CBL,28,4,279,147.00,"41,013.00"
2019-02-24,2019022401006055,CBL,58,43,500,148.00,"74,000.00"
2019-02-24,2019022401006211,CCBL,6,14,74,159.00,"11,766.00"
2019-02-24,2019022401006197,CCBL,6,40,28,159.00,"4,452.00"
2019-02-24,2019022401006183,CHCL,46,13,96,501.00,"48,096.00"
2019-02-24,2019022401006340,CHLBS,29,58,20,586.00,"11,720.00"
2019-02-24,2019022401006339,CHLBS,29,58,20,586.00,"11,720.00"
2019-02-24,2019022401006338,CHLBS,8,58,200,586.00,"117,200.00"
2019-02-24,2019022401006337,CHLBS,48,58,40,586.00,"23,440.00"
2019-02-24,2019022401006331,CHLBS,48,44,50,586.00,"29,300.00"
2019-02-24,2019022401006322,CHLBS,48,38,10,586.00,"5,860.00"
2019-02-24,2019022401005858,CHLBS,40,58,10,585.00,"5,850.00"
2019-02-24,2019022401005898,CHLBS,40,38,10,585.00,"5,850.00"
2019-02-24,2019022401005895,CHLBS,40,38,10,585.00,"5,850.00"
2019-02-24,2019022401005887,CHLBS,40,38,10,585.00,"5,850.00"
2019-02-24,2019022401005877,CHLBS,40,38,10,585.00,"5,850.00"
2019-02-24,2019022401005875,CHLBS,40,16,10,585.00,"5,850.00"
2019-02-24,2019022401005870,CHLBS,40,38,10,585.00,"5,850.00"
2019-02-24,2019022401005926,CHLBS,40,38,10,585.00,"5,850.00"
2019-02-24,2019022401005923,CHLBS,40,38,10,585.00,"5,850.00"
2019-02-24,2019022401005917,CHLBS,40,38,10,585.00,"5,850.00"
2019-02-24,2019022401005915,CHLBS,40,38,10,585.00,"5,850.00"
2019-02-24,2019022401005911,CHLBS,40,38,10,585.00,"5,850.00"
2019-02-24,2019022401005907,CHLBS,40,58,10,585.00,"5,850.00"
2019-02-24,2019022401005947,CHLBS,40,48,10,585.00,"5,850.00"
2019-02-24,2019022401005943,CHLBS,40,7,10,585.00,"5,850.00"
2019-02-24,2019022401005942,CHLBS,40,58,10,585.00,"5,850.00"
2019-02-24,2019022401005934,CHLBS,58,46,10,588.00,"5,880.00"
2019-02-24,2019022401005933,CHLBS,56,38,10,586.00,"5,860.00"
2019-02-24,2019022401005929,CHLBS,40,29,10,585.00,"5,850.00"
2019-02-24,2019022401005997,CHLBS,40,57,10,585.00,"5,850.00"
2019-02-24,2019022401005991,CHLBS,40,38,10,585.00,"5,850.00"
2019-02-24,2019022401005990,CHLBS,40,40,10,585.00,"5,850.00"
2019-02-24,2019022401005974,CHLBS,40,58,10,585.00,"5,850.00"
2019-02-24,2019022401005973,CHLBS,40,57,10,585.00,"5,850.00"
2019-02-24,2019022401005948,CHLBS,40,38,10,585.00,"5,850.00"
2019-02-24,2019022401006052,CHLBS,57,40,10,586.00,"5,860.00"
2019-02-24,2019022401006051,CHLBS,6,38,10,586.00,"5,860.00"
2019-02-24,2019022401006031,CHLBS,6,38,10,586.00,"5,860.00"
2019-02-24,2019022401006028,CHLBS,6,40,10,586.00,"5,860.00"
2019-02-24,2019022401006024,CHLBS,6,58,10,586.00,"5,860.00"
2019-02-24,2019022401006007,CHLBS,6,38,10,586.00,"5,860.00"
2019-02-24,2019022401006103,CHLBS,40,38,10,585.00,"5,850.00"
2019-02-24,2019022401006085,CHLBS,40,38,10,585.00,"5,850.00"
2019-02-24,2019022401006069,CHLBS,57,38,10,586.00,"5,860.00"
2019-02-24,2019022401006060,CHLBS,57,38,10,586.00,"5,860.00"
2019-02-24,2019022401006056,CHLBS,57,38,10,586.00,"5,860.00"
2019-02-24,2019022401006053,CHLBS,57,58,10,586.00,"5,860.00"
2019-02-24,2019022401006156,CHLBS,40,40,10,585.00,"5,850.00"
2019-02-24,2019022401006143,CHLBS,40,38,10,585.00,"5,850.00"
2019-02-24,2019022401006134,CHLBS,40,38,10,585.00,"5,850.00"
2019-02-24,2019022401006127,CHLBS,40,38,10,585.00,"5,850.00"
2019-02-24,2019022401006122,CHLBS,40,38,10,585.00,"5,850.00"
2019-02-24,2019022401006113,CHLBS,40,38,10,585.00,"5,850.00"
2019-02-24,2019022401006198,CHLBS,57,38,10,586.00,"5,860.00"
2019-02-24,2019022401006194,CHLBS,57,38,10,586.00,"5,860.00"
2019-02-24,2019022401006193,CHLBS,40,20,10,585.00,"5,850.00"
2019-02-24,2019022401006182,CHLBS,40,34,10,585.00,"5,850.00"
2019-02-24,2019022401006167,CHLBS,40,34,10,585.00,"5,850.00"
2019-02-24,2019022401006158,CHLBS,40,16,10,585.00,"5,850.00"
2019-02-24,2019022401006309,CHLBS,57,58,10,586.00,"5,860.00"
2019-02-24,2019022401006277,CHLBS,57,58,10,586.00,"5,860.00"
2019-02-24,2019022401006268,CHLBS,57,58,10,586.00,"5,860.00"
2019-02-24,2019022401006266,CHLBS,57,38,10,586.00,"5,860.00"
2019-02-24,2019022401006227,CHLBS,57,20,10,586.00,"5,860.00"
2019-02-24,2019022401006210,CHLBS,57,58,10,586.00,"5,860.00"
2019-02-24,2019022401006302,CIT,49,39,170,"2,505.00","425,850.00"
2019-02-24,2019022401006178,CIT,16,13,337,"2,505.00","844,185.00"
2019-02-24,2019022401006049,CIT,35,13,13,"2,505.00","32,565.00"
2019-02-24,2019022401006026,CIT,49,6,187,"2,500.00","467,500.00"
2019-02-24,2019022401006025,CIT,58,6,110,"2,500.00","275,000.00"
2019-02-24,2019022401006011,CIT,35,37,17,"2,504.00","42,568.00"
2019-02-24,2019022401006004,CIT,58,18,60,"2,500.00","150,000.00"
2019-02-24,2019022401005977,CIT,41,13,50,"2,505.00","125,250.00"
2019-02-24,2019022401005879,CIT,28,55,30,"2,510.00","75,300.00"
2019-02-24,2019022401006106,CLBSL,14,34,210,632.00,"132,720.00"
2019-02-24,2019022401006157,CZBIL,37,50,31,200.00,"6,200.00"
2019-02-24,2019022401005886,CZBIL,37,34,10,200.00,"2,000.00"
2019-02-24,2019022401006235,DBBL,48,14,58,122.00,"7,076.00"
2019-02-24,2019022401006234,DBBL,29,14,100,122.00,"12,200.00"
2019-02-24,2019022401006233,DBBL,41,14,52,122.00,"6,344.00"
2019-02-24,2019022401006232,EDBL,11,56,300,287.00,"86,100.00"
2019-02-24,2019022401006231,EDBL,11,55,171,285.00,"48,735.00"
2019-02-24,2019022401006230,EDBL,11,1,100,284.00,"28,400.00"
2019-02-24,2019022401006326,FMDBL,26,32,100,358.00,"35,800.00"
2019-02-24,2019022401006319,FMDBL,26,29,165,358.00,"59,070.00"
2019-02-24,2019022401006318,FMDBL,51,29,15,358.00,"5,370.00"
2019-02-24,2019022401006192,FMDBL,1,32,200,360.00,"72,000.00"
2019-02-24,2019022401006252,FOWAD,50,46,60,"1,503.00","90,180.00"
2019-02-24,2019022401006251,FOWAD,38,46,10,"1,505.00","15,050.00"
2019-02-24,2019022401006260,GBIME,6,14,36,257.00,"9,252.00"
2019-02-24,2019022401006236,GBIME,22,43,100,258.00,"25,800.00"
2019-02-24,2019022401006075,GBIME,56,13,91,257.00,"23,387.00"
2019-02-24,2019022401006118,GBLBS,13,21,10,438.00,"4,380.00"
2019-02-24,2019022401006006,GBLBS,47,42,100,433.00,"43,300.00"
2019-02-24,2019022401006005,GBLBS,47,42,30,433.00,"12,990.00"
2019-02-24,2019022401006294,GDBL,42,28,50,180.00,"9,000.00"
2019-02-24,2019022401006248,GDBL,38,14,200,177.00,"35,400.00"
2019-02-24,2019022401006247,GDBL,48,14,200,177.00,"35,400.00"
2019-02-24,2019022401006246,GDBL,59,14,100,177.00,"17,700.00"
2019-02-24,2019022401006245,GDBL,58,14,300,177.00,"53,100.00"
2019-02-24,2019022401006308,GILB,48,21,18,"1,061.00","19,098.00"
2019-02-24,2019022401006206,GILB,58,58,18,"1,061.00","19,098.00"
2019-02-24,2019022401005993,GILB,58,58,1,"1,061.00","1,061.00"
2019-02-24,2019022401005857,GRDBL,7,16,60,102.00,"6,120.00"
2019-02-24,2019022401006346,HBL,59,17,12,430.00,"5,160.00"
2019-02-24,2019022401006180,HGI,6,48,50,373.00,"18,650.00"
2019-02-24,2019022401006271,HIDCL,56,14,56,130.00,"7,280.00"
2019-02-24,2019022401006140,HIDCL,58,58,6,130.00,780.00
2019-02-24,2019022401006059,HIDCL,52,44,100,131.00,"13,100.00"
2019-02-24,2019022401005908,HIDCL,48,58,50,130.00,"6,500.00"
2019-02-24,2019022401005894,HIDCL,37,44,200,131.00,"26,200.00"
2019-02-24,2019022401005930,HPPL,35,58,10,166.00,"1,660.00"
2019-02-24,2019022401006058,JBBL,17,50,40,134.00,"5,360.00"
2019-02-24,2019022401006057,JBBL,44,50,20,135.00,"2,700.00"
2019-02-24,2019022401006316,JBNL,42,45,200,163.00,"32,600.00"
2019-02-24,2019022401006315,JBNL,16,45,19,163.00,"3,097.00"
2019-02-24,2019022401006314,JBNL,42,45,40,163.00,"6,520.00"
2019-02-24,2019022401006313,JBNL,41,45,40,163.00,"6,520.00"
2019-02-24,2019022401006312,JBNL,29,45,101,163.00,"16,463.00"
2019-02-24,2019022401006311,JBNL,43,45,38,163.00,"6,194.00"
2019-02-24,2019022401006067,KADBL,39,17,40,145.00,"5,800.00"
2019-02-24,2019022401006301,KBBL,37,58,38,209.00,"7,942.00"
2019-02-24,2019022401005884,KBL,42,34,65,229.00,"14,885.00"
2019-02-24,2019022401005883,KBL,45,34,50,229.00,"11,450.00"
2019-02-24,2019022401005882,KBL,16,34,35,229.00,"8,015.00"
2019-02-24,2019022401006112,KKHC,53,59,16,72.00,"1,152.00"
2019-02-24,2019022401006297,KMFL,35,10,30,882.00,"26,460.00"
2019-02-24,2019022401006296,KMFL,44,10,300,882.00,"264,600.00"
2019-02-24,2019022401006295,KMFL,32,10,50,882.00,"44,100.00"
2019-02-24,2019022401006256,KMFL,35,26,33,900.00,"29,700.00"
2019-02-24,2019022401006160,KMFL,35,21,10,900.00,"9,000.00"
2019-02-24,2019022401006123,KMFL,35,41,11,900.00,"9,900.00"
2019-02-24,2019022401006022,KMFL,35,18,18,900.00,"16,200.00"
2019-02-24,2019022401005987,KMFL,35,21,10,900.00,"9,000.00"
2019-02-24,2019022401005913,KPCL,20,22,10,89.00,890.00
2019-02-24,2019022401005897,KPCL,20,22,10,89.00,890.00
2019-02-24,2019022401005941,KPCL,20,22,10,89.00,890.00
2019-02-24,2019022401005931,KSBBL,44,29,64,133.00,"8,512.00"
2019-02-24,2019022401006139,LBBL,19,43,150,172.00,"25,800.00"
2019-02-24,2019022401005985,LBBL,28,48,112,170.00,"19,040.00"
2019-02-24,2019022401005984,LBBL,1,48,100,170.00,"17,000.00"
2019-02-24,2019022401005983,LBBL,38,48,"1,000",170.00,"170,000.00"
2019-02-24,2019022401005982,LBBL,5,48,200,170.00,"34,000.00"
2019-02-24,2019022401005981,LBBL,59,48,108,170.00,"18,360.00"
2019-02-24,2019022401005980,LBBL,42,48,100,171.00,"17,100.00"
2019-02-24,2019022401005979,LBBL,50,48,100,171.00,"17,100.00"
2019-02-24,2019022401005978,LBBL,58,48,29,171.00,"4,959.00"
2019-02-24,2019022401006151,LBL,22,52,50,183.00,"9,150.00"
2019-02-24,2019022401006150,LBL,11,52,100,183.00,"18,300.00"
2019-02-24,2019022401006149,LBL,34,52,300,183.00,"54,900.00"
2019-02-24,2019022401006148,LBL,7,52,98,183.00,"17,934.00"
2019-02-24,2019022401005995,LBL,7,21,36,183.00,"6,588.00"
2019-02-24,2019022401006219,LGIL,32,43,225,505.00,"113,625.00"
2019-02-24,2019022401006068,LICN,35,25,100,"1,595.00","159,500.00"
2019-02-24,2019022401006154,MBL,6,59,50,207.00,"10,350.00"
2019-02-24,2019022401006019,MEGA,45,51,30,158.00,"4,740.00"
2019-02-24,2019022401005999,MEGA,34,51,266,158.00,"42,028.00"
2019-02-24,2019022401006117,MERO,44,59,16,590.00,"9,440.00"
2019-02-24,2019022401006161,MIDBL,59,48,50,147.00,"7,350.00"
2019-02-24,2019022401006356,MLBL,35,33,"3,570",156.00,"556,920.00"
2019-02-24,2019022401006355,MLBL,32,33,300,156.00,"46,800.00"
2019-02-24,2019022401006354,MLBL,32,33,"1,000",156.00,"156,000.00"
2019-02-24,2019022401006353,MLBL,17,33,150,156.00,"23,400.00"
2019-02-24,2019022401006352,MLBL,28,33,242,156.00,"37,752.00"
2019-02-24,2019022401006351,MLBL,43,33,150,157.00,"23,550.00"
2019-02-24,2019022401005975,MLBL,32,33,361,158.00,"57,038.00"
2019-02-24,2019022401005900,MLBL,33,33,139,158.00,"21,962.00"
2019-02-24,2019022401006350,MLBL,46,33,500,157.00,"78,500.00"
2019-02-24,2019022401006349,MLBL,28,33,88,157.00,"13,816.00"
2019-02-24,2019022401005914,MMFDB,25,17,10,968.00,"9,680.00"
2019-02-24,2019022401006196,MNBBL,19,40,173,335.00,"57,955.00"
2019-02-24,2019022401006195,MNBBL,19,57,236,335.00,"79,060.00"
2019-02-24,2019022401005867,MNBBL,37,48,200,336.00,"67,200.00"
2019-02-24,2019022401006109,MSLB,28,11,10,"1,370.00","13,700.00"
2019-02-24,2019022401006108,MSLB,28,34,10,"1,355.00","13,550.00"
2019-02-24,2019022401006107,MSLB,28,1,10,"1,354.00","13,540.00"
2019-02-24,2019022401005937,MSLB,28,11,10,"1,370.00","13,700.00"
2019-02-24,2019022401005936,MSLB,28,59,40,"1,356.00","54,240.00"
2019-02-24,2019022401006273,MSMBS,57,1,44,528.00,"23,232.00"
2019-02-24,2019022401005944,MSMBS,41,58,11,527.00,"5,797.00"
2019-02-24,2019022401006250,NABIL,1,25,100,795.00,"79,500.00"
2019-02-24,2019022401006249,NABIL,59,25,100,796.00,"79,600.00"
2019-02-24,2019022401006171,NABIL,17,13,30,797.00,"23,910.00"
2019-02-24,2019022401006168,NABIL,13,13,25,797.00,"19,925.00"
2019-02-24,2019022401006093,NABIL,45,57,34,796.00,"27,064.00"
2019-02-24,2019022401006050,NABIL,45,7,10,796.00,"7,960.00"
2019-02-24,2019022401006012,NABIL,34,7,50,796.00,"39,800.00"
2019-02-24,2019022401005961,NABIL,17,7,100,796.00,"79,600.00"
2019-02-24,2019022401005920,NABIL,45,7,50,796.00,"39,800.00"
2019-02-24,2019022401005899,NABIL,45,7,50,796.00,"39,800.00"
2019-02-24,2019022401006334,NABILP,22,55,179,740.00,"132,460.00"
2019-02-24,2019022401006333,NABILP,49,55,21,740.00,"15,540.00"
2019-02-24,2019022401006281,NABILP,49,25,79,740.00,"58,460.00"
2019-02-24,2019022401006280,NABILP,35,25,30,741.00,"22,230.00"
2019-02-24,2019022401006279,NABILP,28,25,105,741.00,"77,805.00"
2019-02-24,2019022401006222,NABILP,28,55,135,741.00,"100,035.00"
2019-02-24,2019022401006146,NABILP,16,57,200,745.00,"149,000.00"
2019-02-24,2019022401006221,NABILP,46,55,20,742.00,"14,840.00"
2019-02-24,2019022401006155,NADEP,25,48,10,715.00,"7,150.00"
2019-02-24,2019022401005935,NADEP,47,21,10,713.00,"7,130.00"
2019-02-24,2019022401005924,NADEP,17,42,20,715.00,"14,300.00"
2019-02-24,2019022401006225,NBL,57,20,520,282.00,"146,640.00"
2019-02-24,2019022401006074,NBL,57,39,124,282.00,"34,968.00"
2019-02-24,2019022401005994,NBL,37,20,200,283.00,"56,600.00"
2019-02-24,2019022401005871,NBL,51,20,80,283.00,"22,640.00"
2019-02-24,2019022401006341,NCCB,45,34,"2,857",204.00,"582,828.00"
2019-02-24,2019022401006317,NCCB,52,34,200,204.00,"40,800.00"
2019-02-24,2019022401006275,NCCB,45,55,190,203.00,"38,570.00"
2019-02-24,2019022401006253,NCCB,45,11,200,203.00,"40,600.00"
2019-02-24,2019022401005919,NCCB,45,5,248,203.00,"50,344.00"
2019-02-24,2019022401005918,NCCB,28,5,202,203.00,"41,006.00"
2019-02-24,2019022401005964,NEF,34,54,"10,000",7.71,"77,100.00"
2019-02-24,2019022401005963,NEF,56,54,"2,000",7.72,"15,440.00"
2019-02-24,2019022401005906,NHPC,37,51,200,62.00,"12,400.00"
2019-02-24,2019022401005888,NHPC,54,51,200,62.00,"12,400.00"
2019-02-24,2019022401006257,NIB,58,58,5,505.00,"2,525.00"
2019-02-24,2019022401006172,NIB,57,39,60,505.00,"30,300.00"
2019-02-24,2019022401006124,NIB,57,7,184,505.00,"92,920.00"
2019-02-24,2019022401005860,NIB,17,58,10,504.00,"5,040.00"
2019-02-24,2019022401005859,NIB,1,58,26,504.00,"13,104.00"
2019-02-24,2019022401006186,NICA,10,37,870,370.00,"321,900.00"
2019-02-24,2019022401006185,NICA,35,37,100,370.00,"37,000.00"
2019-02-24,2019022401006184,NICA,59,37,30,370.00,"11,100.00"
2019-02-24,2019022401005952,NICA,14,49,350,369.00,"129,150.00"
2019-02-24,2019022401005951,NICA,49,49,100,369.00,"36,900.00"
2019-02-24,2019022401005950,NICA,14,49,50,369.00,"18,450.00"
2019-02-24,2019022401005940,NICA,44,49,"1,000",370.00,"370,000.00"
2019-02-24,2019022401005939,NICA,26,49,500,370.00,"185,000.00"
2019-02-24,2019022401005863,NICA,33,49,"1,449",369.00,"534,681.00"
2019-02-24,2019022401005989,NIL,11,25,545,500.00,"272,500.00"
2019-02-24,2019022401005905,NIL,17,52,50,497.00,"24,850.00"
2019-02-24,2019022401005904,NIL,34,52,100,498.00,"49,800.00"
2019-02-24,2019022401005903,NIL,42,52,200,498.00,"99,600.00"
2019-02-24,2019022401005902,NIL,11,52,20,498.00,"9,960.00"
2019-02-24,2019022401005901,NIL,35,52,50,499.00,"24,950.00"
2019-02-24,2019022401005885,NIL,52,25,30,500.00,"15,000.00"
2019-02-24,2019022401005881,NLBBL,8,8,2,452.00,904.00
2019-02-24,2019022401006224,NLG,40,53,270,771.00,"208,170.00"
2019-02-24,2019022401006343,NLIC,6,33,10,"1,000.00","10,000.00"
2019-02-24,2019022401006342,NLIC,6,44,17,998.00,"16,966.00"
2019-02-24,2019022401006306,NLIC,56,46,100,994.00,"99,400.00"
2019-02-24,2019022401006305,NLIC,57,46,39,994.00,"38,766.00"
2019-02-24,2019022401006304,NLIC,55,46,20,995.00,"19,900.00"
2019-02-24,2019022401006238,NLIC,32,28,259,995.00,"257,705.00"
2019-02-24,2019022401006001,NLIC,42,19,45,998.00,"44,910.00"
2019-02-24,2019022401006096,NLIC,42,25,50,999.00,"49,950.00"
2019-02-24,2019022401006094,NLIC,42,44,17,999.00,"16,983.00"
2019-02-24,2019022401006073,NLIC,42,50,17,999.00,"16,983.00"
2019-02-24,2019022401006064,NLIC,42,50,17,999.00,"16,983.00"
2019-02-24,2019022401006009,NLIC,42,48,100,999.00,"99,900.00"
2019-02-24,2019022401006002,NLIC,42,58,150,999.00,"149,850.00"
2019-02-24,2019022401006218,NLIC,33,28,17,995.00,"16,915.00"
2019-02-24,2019022401006191,NLIC,29,28,"1,000",995.00,"995,000.00"
2019-02-24,2019022401006190,NLIC,6,28,100,995.00,"99,500.00"
2019-02-24,2019022401006144,NLIC,59,44,113,998.00,"112,774.00"
2019-02-24,2019022401006098,NLIC,57,28,20,999.00,"19,980.00"
2019-02-24,2019022401006097,NLIC,42,28,104,999.00,"103,896.00"
2019-02-24,2019022401006332,NMB,25,13,"1,100",302.00,"332,200.00"
2019-02-24,2019022401006272,NMB,40,29,950,301.00,"285,950.00"
2019-02-24,2019022401006229,NMB,40,48,13,301.00,"3,913.00"
2019-02-24,2019022401006228,NMB,49,48,50,301.00,"15,050.00"
2019-02-24,2019022401006142,NMB,34,49,200,300.00,"60,000.00"
2019-02-24,2019022401006141,NMB,40,49,600,301.00,"180,600.00"
2019-02-24,2019022401006121,NMB,40,43,400,301.00,"120,400.00"
2019-02-24,2019022401006120,NMB,17,43,200,301.00,"60,200.00"
2019-02-24,2019022401006119,NMB,13,43,200,301.00,"60,200.00"
2019-02-24,2019022401006081,NMB,51,13,900,302.00,"271,800.00"
2019-02-24,2019022401006080,NMB,51,38,100,302.00,"30,200.00"
2019-02-24,2019022401006062,NMBMF,58,58,5,"1,025.00","5,125.00"
2019-02-24,2019022401005953,NMBSF1,39,28,"1,500",10.00,"15,000.00"
2019-02-24,2019022401006321,NMFBS,33,16,36,"1,613.00","58,068.00"
2019-02-24,2019022401006320,NMFBS,49,16,10,"1,614.00","16,140.00"
2019-02-24,2019022401006084,NNLB,45,21,10,465.00,"4,650.00"
2019-02-24,2019022401006015,NSEWA,11,22,10,532.00,"5,320.00"
2019-02-24,2019022401006014,NSEWA,11,22,10,532.00,"5,320.00"
2019-02-24,2019022401005986,NSEWA,22,22,10,532.00,"5,320.00"
2019-02-24,2019022401005949,NSEWA,11,22,10,532.00,"5,320.00"
2019-02-24,2019022401006162,NTC,54,34,10,678.00,"6,780.00"
2019-02-24,2019022401006116,PCBL,19,43,50,305.00,"15,250.00"
2019-02-24,2019022401006115,PCBL,19,43,18,305.00,"5,490.00"
2019-02-24,2019022401006066,PFL,1,48,22,127.00,"2,794.00"
2019-02-24,2019022401005928,PFL,34,50,28,126.00,"3,528.00"
2019-02-24,2019022401005866,PFL,34,58,34,126.00,"4,284.00"
2019-02-24,2019022401006336,PIC,7,7,141,989.00,"139,449.00"
2019-02-24,2019022401006091,PIC,59,46,34,988.00,"33,592.00"
2019-02-24,2019022401006090,PIC,26,46,10,988.00,"9,880.00"
2019-02-24,2019022401006089,PIC,58,46,31,988.00,"30,628.00"
2019-02-24,2019022401006088,PIC,33,46,10,988.00,"9,880.00"
2019-02-24,2019022401006087,PIC,7,46,15,989.00,"14,835.00"
2019-02-24,2019022401006018,PIC,28,49,11,992.00,"10,912.00"
2019-02-24,2019022401006017,PIC,28,49,11,990.00,"10,890.00"
2019-02-24,2019022401006016,PIC,28,49,11,990.00,"10,890.00"
2019-02-24,2019022401005970,PICL,32,46,220,649.00,"142,780.00"
2019-02-24,2019022401005969,PICL,49,46,100,652.00,"65,200.00"
2019-02-24,2019022401005968,PICL,43,46,50,653.00,"32,650.00"
2019-02-24,2019022401005967,PICL,22,46,100,655.00,"65,500.00"
2019-02-24,2019022401005966,PICL,35,46,20,655.00,"13,100.00"
2019-02-24,2019022401005965,PICL,25,46,20,660.00,"13,200.00"
2019-02-24,2019022401006189,PLIC,32,53,168,430.00,"72,240.00"
2019-02-24,2019022401006188,PLIC,33,53,200,431.00,"86,200.00"
2019-02-24,2019022401005865,PLIC,6,45,202,432.00,"87,264.00"
2019-02-24,2019022401005864,PLIC,6,4,25,430.00,"10,750.00"
2019-02-24,2019022401006114,PMHPL,56,40,10,105.00,"1,050.00"
2019-02-24,2019022401006300,PRIN,7,34,50,402.00,"20,100.00"
2019-02-24,2019022401006259,PRIN,53,53,69,401.00,"27,669.00"
2019-02-24,2019022401006255,PRIN,17,34,50,402.00,"20,100.00"
2019-02-24,2019022401006254,PRIN,14,34,200,402.00,"80,400.00"
2019-02-24,2019022401006175,PRIN,42,53,300,403.00,"120,900.00"
2019-02-24,2019022401006174,PRIN,17,53,50,403.00,"20,150.00"
2019-02-24,2019022401006173,PRIN,28,53,210,403.00,"84,630.00"
2019-02-24,2019022401006000,PRIN,28,57,290,403.00,"116,870.00"
2019-02-24,2019022401005998,PRIN,36,48,100,404.00,"40,400.00"
2019-02-24,2019022401006278,PRVU,58,14,16,207.00,"3,312.00"
2019-02-24,2019022401006201,PRVU,49,51,66,208.00,"13,728.00"
2019-02-24,2019022401006200,PRVU,49,29,14,208.00,"2,912.00"
2019-02-24,2019022401006181,RBCLPO,54,14,20,"8,525.00","170,500.00"
2019-02-24,2019022401005925,RBCLPO,33,33,30,"8,550.00","256,500.00"
2019-02-24,2019022401005869,RHPC,26,25,17,86.00,"1,462.00"
2019-02-24,2019022401006267,RRHP,57,20,10,89.00,890.00
2019-02-24,2019022401005874,SADBL,37,58,115,138.00,"15,870.00"
2019-02-24,2019022401005873,SADBL,37,28,85,138.00,"11,730.00"
2019-02-24,2019022401006335,SANIMA,40,28,450,290.00,"130,500.00"
2019-02-24,2019022401006187,SANIMA,40,1,500,289.00,"144,500.00"
2019-02-24,2019022401006137,SANIMA,52,28,50,290.00,"14,500.00"
2019-02-24,2019022401005916,SANIMA,37,59,200,290.00,"58,000.00"
2019-02-24,2019022401006323,SBBLJ,17,58,100,203.00,"20,300.00"
2019-02-24,2019022401006239,SBBLJ,55,34,80,202.00,"16,160.00"
2019-02-24,2019022401006079,SBBLJ,55,54,600,202.00,"121,200.00"
2019-02-24,2019022401006078,SBBLJ,21,54,50,202.00,"10,100.00"
2019-02-24,2019022401006077,SBBLJ,20,54,300,202.00,"60,600.00"
2019-02-24,2019022401006070,SBBLJ,42,43,161,205.00,"33,005.00"
2019-02-24,2019022401006021,SBBLJ,21,34,20,206.00,"4,120.00"
2019-02-24,2019022401005946,SBBLJ,42,49,139,205.00,"28,495.00"
2019-02-24,2019022401006209,SBI,25,13,149,375.00,"55,875.00"
2019-02-24,2019022401006208,SBI,45,13,201,375.00,"75,375.00"
2019-02-24,2019022401005988,SBI,17,13,50,377.00,"18,850.00"
2019-02-24,2019022401005912,SBI,17,5,50,377.00,"18,850.00"
2019-02-24,2019022401006170,SBL,56,33,280,274.00,"76,720.00"
2019-02-24,2019022401006027,SBL,6,26,150,275.00,"41,250.00"
2019-02-24,2019022401006307,SCB,13,13,175,527.00,"92,225.00"
2019-02-24,2019022401006261,SCB,32,25,120,525.00,"63,000.00"
2019-02-24,2019022401006105,SCB,32,39,56,525.00,"29,400.00"
2019-02-24,2019022401006104,SCB,22,39,50,526.00,"26,300.00"
2019-02-24,2019022401006348,SDESI,45,11,10,593.00,"5,930.00"
2019-02-24,2019022401006347,SDESI,14,11,20,593.00,"11,860.00"
2019-02-24,2019022401006163,SEF,43,32,"2,500",9.14,"22,850.00"
2019-02-24,2019022401006047,SEOS,28,54,"5,000",9.50,"47,500.00"
2019-02-24,2019022401006046,SEOS,56,54,"2,000",9.51,"19,020.00"
2019-02-24,2019022401006212,SHINE,14,21,85,238.00,"20,230.00"
2019-02-24,2019022401006086,SHINE,28,21,15,238.00,"3,570.00"
2019-02-24,2019022401005868,SHINE,57,7,140,235.00,"32,900.00"
2019-02-24,2019022401006217,SHINE,14,36,300,242.00,"72,600.00"
2019-02-24,2019022401006216,SHINE,14,58,40,242.00,"9,680.00"
2019-02-24,2019022401006215,SHINE,14,39,135,241.00,"32,535.00"
2019-02-24,2019022401006214,SHINE,14,14,93,240.00,"22,320.00"
2019-02-24,2019022401006213,SHINE,14,58,38,240.00,"9,120.00"
2019-02-24,2019022401006169,SHL,32,17,100,204.00,"20,400.00"
2019-02-24,2019022401006159,SHPC,19,38,30,216.00,"6,480.00"
2019-02-24,2019022401006133,SHPC,46,38,20,216.00,"4,320.00"
2019-02-24,2019022401006132,SHPC,46,56,100,216.00,"21,600.00"
2019-02-24,2019022401006131,SHPC,46,47,180,215.00,"38,700.00"
2019-02-24,2019022401006130,SHPC,28,11,500,214.00,"107,000.00"
2019-02-24,2019022401006071,SHPC,52,47,100,215.00,"21,500.00"
2019-02-24,2019022401005909,SHPC,28,37,"1,000",214.00,"214,000.00"
2019-02-24,2019022401006032,SICL,57,10,50,863.00,"43,150.00"
2019-02-24,2019022401006038,SICL,28,10,50,861.00,"43,050.00"
2019-02-24,2019022401006037,SICL,17,10,100,861.00,"86,100.00"
2019-02-24,2019022401006036,SICL,42,10,50,862.00,"43,100.00"
2019-02-24,2019022401006035,SICL,51,10,250,862.00,"215,500.00"
2019-02-24,2019022401006034,SICL,17,10,250,863.00,"215,750.00"
2019-02-24,2019022401006033,SICL,45,10,40,863.00,"34,520.00"
2019-02-24,2019022401006044,SICL,34,10,"5,000",855.00,"4,275,000.00"
2019-02-24,2019022401006043,SICL,50,10,500,855.00,"427,500.00"
2019-02-24,2019022401006042,SICL,49,10,20,860.00,"17,200.00"
2019-02-24,2019022401006041,SICL,57,10,10,860.00,"8,600.00"
2019-02-24,2019022401006040,SICL,25,10,50,860.00,"43,000.00"
2019-02-24,2019022401006039,SICL,34,10,30,861.00,"25,830.00"
2019-02-24,2019022401006082,SICL,10,43,10,867.00,"8,670.00"
2019-02-24,2019022401006076,SICL,14,58,14,850.00,"11,900.00"
2019-02-24,2019022401006045,SICL,34,10,"5,000",855.00,"4,275,000.00"
2019-02-24,2019022401006345,SIL,22,45,10,589.00,"5,890.00"
2019-02-24,2019022401006344,SIL,58,45,10,589.00,"5,890.00"
2019-02-24,2019022401006269,SIL,28,53,24,583.00,"13,992.00"
2019-02-24,2019022401006244,SIL,48,53,100,583.00,"58,300.00"
2019-02-24,2019022401006243,SIL,51,53,200,584.00,"116,800.00"
2019-02-24,2019022401006242,SIL,39,53,100,584.00,"58,400.00"
2019-02-24,2019022401006241,SIL,5,53,100,585.00,"58,500.00"
2019-02-24,2019022401006240,SIL,41,53,200,585.00,"117,000.00"
2019-02-24,2019022401006298,SKBBL,58,58,1,830.00,830.00
2019-02-24,2019022401006207,SKBBL,17,57,20,833.00,"16,660.00"
2019-02-24,2019022401006179,SKBBL,42,37,50,832.00,"41,600.00"
2019-02-24,2019022401006095,SKBBL,58,58,1,830.00,830.00
2019-02-24,2019022401006030,SLBBL,37,37,81,495.00,"40,095.00"
2019-02-24,2019022401006029,SLBBL,42,37,10,495.00,"4,950.00"
2019-02-24,2019022401006061,SLBBL,44,21,18,493.00,"8,874.00"
2019-02-24,2019022401006265,SLBBL,37,25,41,491.00,"20,131.00"
2019-02-24,2019022401006264,SLBBL,47,25,20,492.00,"9,840.00"
2019-02-24,2019022401006263,SLBBL,37,25,519,493.00,"255,867.00"
2019-02-24,2019022401006262,SLBBL,17,25,20,494.00,"9,880.00"
2019-02-24,2019022401006128,SLBS,48,59,11,948.00,"10,428.00"
2019-02-24,2019022401006299,SLBSL,34,55,10,786.00,"7,860.00"
2019-02-24,2019022401006274,SLBSL,5,49,10,772.00,"7,720.00"
2019-02-24,2019022401006237,SLBSL,5,26,10,772.00,"7,720.00"
2019-02-24,2019022401006226,SLBSL,5,26,10,772.00,"7,720.00"
2019-02-24,2019022401005971,SLBSL,58,49,10,775.00,"7,750.00"
2019-02-24,2019022401005992,SLBSL,5,10,10,772.00,"7,720.00"
2019-02-24,2019022401005972,SLBSL,58,49,10,775.00,"7,750.00"
2019-02-24,2019022401005960,SLICL,38,42,100,519.00,"51,900.00"
2019-02-24,2019022401005959,SLICL,48,42,100,519.00,"51,900.00"
2019-02-24,2019022401005958,SLICL,19,42,30,520.00,"15,600.00"
2019-02-24,2019022401005957,SLICL,25,42,100,520.00,"52,000.00"
2019-02-24,2019022401005956,SLICL,52,42,10,520.00,"5,200.00"
2019-02-24,2019022401005955,SLICL,17,42,10,521.00,"5,210.00"
2019-02-24,2019022401005954,SLICL,22,42,50,521.00,"26,050.00"
2019-02-24,2019022401006048,SMB,48,22,10,603.00,"6,030.00"
2019-02-24,2019022401006258,SRBL,40,13,"1,000",204.00,"204,000.00"
2019-02-24,2019022401006138,SRBL,40,39,95,204.00,"19,380.00"
2019-02-24,2019022401006136,SRBL,46,39,100,204.00,"20,400.00"
2019-02-24,2019022401006135,SRBL,7,39,400,204.00,"81,600.00"
2019-02-24,2019022401006111,SRBL,40,17,82,205.00,"16,810.00"
2019-02-24,2019022401005891,SRBL,40,13,918,205.00,"188,190.00"
2019-02-24,2019022401005890,SRBL,55,13,20,205.00,"4,100.00"
2019-02-24,2019022401005889,SRBL,17,13,62,205.00,"12,710.00"
2019-02-24,2019022401006102,TRH,26,11,380,240.00,"91,200.00"
2019-02-24,2019022401006101,TRH,5,11,60,240.00,"14,400.00"
2019-02-24,2019022401006100,TRH,19,11,50,240.00,"12,000.00"
2019-02-24,2019022401006099,TRH,19,11,100,241.00,"24,100.00"
2019-02-24,2019022401006092,TRH,28,11,50,244.00,"12,200.00"
2019-02-24,2019022401006020,UIC,58,5,60,759.00,"45,540.00"
2019-02-24,2019022401005872,UMHL,13,58,10,107.00,"1,070.00"
2019-02-24,2019022401006330,UPPER,38,29,34,222.00,"7,548.00"
2019-02-24,2019022401006329,UPPER,38,29,40,222.00,"8,880.00"
2019-02-24,2019022401006328,UPPER,38,29,50,222.00,"11,100.00"
2019-02-24,2019022401006327,UPPER,38,29,40,222.00,"8,880.00"
2019-02-24,2019022401006303,UPPER,38,14,40,221.00,"8,840.00"
2019-02-24,2019022401006293,UPPER,38,29,10,222.00,"2,220.00"
2019-02-24,2019022401005878,UPPER,38,58,50,221.00,"11,050.00"
2019-02-24,2019022401005876,UPPER,33,22,40,221.00,"8,840.00"
2019-02-24,2019022401005932,UPPER,38,22,40,221.00,"8,840.00"
2019-02-24,2019022401005927,UPPER,38,22,40,221.00,"8,840.00"
2019-02-24,2019022401005922,UPPER,38,11,10,221.00,"2,210.00"
2019-02-24,2019022401005921,UPPER,38,22,40,221.00,"8,840.00"
2019-02-24,2019022401005996,UPPER,38,11,10,221.00,"2,210.00"
2019-02-24,2019022401005976,UPPER,38,11,10,221.00,"2,210.00"
2019-02-24,2019022401005962,UPPER,38,11,10,221.00,"2,210.00"
2019-02-24,2019022401005945,UPPER,38,11,10,221.00,"2,210.00"
2019-02-24,2019022401005938,UPPER,38,11,10,221.00,"2,210.00"
2019-02-24,2019022401006054,UPPER,38,58,50,221.00,"11,050.00"
2019-02-24,2019022401006023,UPPER,38,11,10,221.00,"2,210.00"
2019-02-24,2019022401006010,UPPER,38,11,10,221.00,"2,210.00"
2019-02-24,2019022401006003,UPPER,38,11,10,221.00,"2,210.00"
2019-02-24,2019022401006126,UPPER,38,25,963,221.00,"212,823.00"
2019-02-24,2019022401006125,UPPER,38,25,600,221.00,"132,600.00"
2019-02-24,2019022401006110,UPPER,38,40,40,221.00,"8,840.00"
2019-02-24,2019022401006083,UPPER,38,17,50,221.00,"11,050.00"
2019-02-24,2019022401006072,UPPER,38,17,50,221.00,"11,050.00"
2019-02-24,2019022401006199,UPPER,38,34,293,221.00,"64,753.00"
2019-02-24,2019022401006166,UPPER,28,29,10,222.00,"2,220.00"
2019-02-24,2019022401006286,UPPER,38,29,40,222.00,"8,880.00"
2019-02-24,2019022401006285,UPPER,38,29,50,222.00,"11,100.00"
2019-02-24,2019022401006284,UPPER,38,29,50,222.00,"11,100.00"
2019-02-24,2019022401006283,UPPER,38,29,40,222.00,"8,880.00"
2019-02-24,2019022401006282,UPPER,38,29,30,222.00,"6,660.00"
2019-02-24,2019022401006270,UPPER,38,6,40,221.00,"8,840.00"
2019-02-24,2019022401006292,UPPER,38,29,40,222.00,"8,880.00"
2019-02-24,2019022401006291,UPPER,38,29,50,222.00,"11,100.00"
2019-02-24,2019022401006290,UPPER,38,29,50,222.00,"11,100.00"
2019-02-24,2019022401006289,UPPER,38,29,50,222.00,"11,100.00"
2019-02-24,2019022401006288,UPPER,38,29,50,222.00,"11,100.00"
2019-02-24,2019022401006287,UPPER,38,29,40,222.00,"8,880.00"
2019-02-24,2019022401006276,WOMI,56,5,33,"1,107.00","36,531.00"
2019-02-24,2019022401005893,WOMI,56,58,33,"1,107.00","36,531.00"
2019-02-24,2019022401005842,ADBL,34,49,50,330.00,"16,500.00"
2019-02-24,2019022401005841,ADBL,45,49,50,330.00,"16,500.00"
2019-02-24,2019022401005708,ADBL,3,52,400,330.00,"132,000.00"
2019-02-24,2019022401005673,ADBL,11,52,196,330.00,"64,680.00"
2019-02-24,2019022401005672,ADBL,11,41,284,330.00,"93,720.00"
2019-02-24,2019022401005671,ADBL,11,42,20,330.00,"6,600.00"
2019-02-24,2019022401005822,AHPC,11,34,110,97.00,"10,670.00"
2019-02-24,2019022401005764,AHPC,32,34,200,97.00,"19,400.00"
2019-02-24,2019022401005461,AHPC,28,34,100,97.00,"9,700.00"
2019-02-24,2019022401005692,AKJCL,39,39,20,78.00,"1,560.00"
2019-02-24,2019022401005590,AKJCL,39,39,20,78.00,"1,560.00"
2019-02-24,2019022401005491,AKJCL,39,39,20,78.00,"1,560.00"
2019-02-24,2019022401005644,AKPL,10,44,195,156.00,"30,420.00"
2019-02-24,2019022401005569,AKPL,47,44,100,156.00,"15,600.00"
2019-02-24,2019022401005425,ALICL,33,57,339,559.00,"189,501.00"
2019-02-24,2019022401005402,ALICL,33,57,95,559.00,"53,105.00"
2019-02-24,2019022401005401,ALICL,57,57,50,559.00,"27,950.00"
2019-02-24,2019022401005400,ALICL,32,57,50,560.00,"28,000.00"
2019-02-24,2019022401005399,ALICL,25,57,100,560.00,"56,000.00"
2019-02-24,2019022401005398,ALICL,51,57,100,565.00,"56,500.00"
2019-02-24,2019022401005397,ALICL,44,57,30,566.00,"16,980.00"
2019-02-24,2019022401005396,ALICL,43,57,50,566.00,"28,300.00"
2019-02-24,2019022401005395,ALICL,13,57,25,566.00,"14,150.00"
2019-02-24,2019022401005737,AMFI,45,32,10,685.00,"6,850.00"
2019-02-24,2019022401005595,AMFI,45,21,10,685.00,"6,850.00"
2019-02-24,2019022401005763,API,59,46,57,122.00,"6,954.00"
2019-02-24,2019022401005762,API,47,46,27,122.00,"3,294.00"
2019-02-24,2019022401005770,BHBL,16,4,30,126.00,"3,780.00"
2019-02-24,2019022401005748,BOKL,37,17,162,241.00,"39,042.00"
2019-02-24,2019022401005747,BOKL,37,48,38,241.00,"9,158.00"
2019-02-24,2019022401005376,BOKL,38,13,200,240.00,"48,000.00"
2019-02-24,2019022401005375,BOKL,48,13,100,240.00,"24,000.00"
2019-02-24,2019022401005374,BOKL,50,13,100,240.00,"24,000.00"
2019-02-24,2019022401005605,CBBL,49,56,100,864.00,"86,400.00"
2019-02-24,2019022401005710,CBL,28,36,482,147.00,"70,854.00"
2019-02-24,2019022401005601,CBL,28,11,132,147.00,"19,404.00"
2019-02-24,2019022401005489,CBL,28,11,107,147.00,"15,729.00"
2019-02-24,2019022401005488,CBL,26,11,423,147.00,"62,181.00"
2019-02-24,2019022401005850,CCBL,56,25,108,158.00,"17,064.00"
2019-02-24,2019022401005837,CCBL,35,14,319,160.00,"51,040.00"
2019-02-24,2019022401005778,CCBL,37,36,100,161.00,"16,100.00"
2019-02-24,2019022401005760,CCBL,37,52,100,161.00,"16,100.00"
2019-02-24,2019022401005557,CCBL,35,11,181,158.00,"28,598.00"
2019-02-24,2019022401005556,CCBL,43,11,100,158.00,"15,800.00"
2019-02-24,2019022401005555,CCBL,7,11,297,158.00,"46,926.00"
2019-02-24,2019022401005554,CCBL,38,11,22,159.00,"3,498.00"
2019-02-24,2019022401005777,CHCL,49,47,36,500.00,"18,000.00"
2019-02-24,2019022401005774,CHCL,49,13,105,500.00,"52,500.00"
2019-02-24,2019022401005674,CHCL,1,13,30,501.00,"15,030.00"
2019-02-24,2019022401005518,CHCL,48,3,297,501.00,"148,797.00"
2019-02-24,2019022401005517,CHCL,16,3,"1,000",501.00,"501,000.00"
2019-02-24,2019022401005516,CHCL,16,3,328,501.00,"164,328.00"
2019-02-24,2019022401005472,CHCL,16,11,172,501.00,"86,172.00"
2019-02-24,2019022401005471,CHCL,11,11,11,501.00,"5,511.00"
2019-02-24,2019022401005851,CHLBS,40,38,10,585.00,"5,850.00"
2019-02-24,2019022401005840,CHLBS,40,8,10,585.00,"5,850.00"
2019-02-24,2019022401005838,CHLBS,40,38,10,585.00,"5,850.00"
2019-02-24,2019022401005831,CHLBS,40,8,10,585.00,"5,850.00"
2019-02-24,2019022401005821,CHLBS,8,38,10,586.00,"5,860.00"
2019-02-24,2019022401005818,CHLBS,41,40,10,586.00,"5,860.00"
2019-02-24,2019022401005460,CHLBS,1,21,10,587.00,"5,870.00"
2019-02-24,2019022401005440,CHLBS,1,39,10,587.00,"5,870.00"
2019-02-24,2019022401005420,CHLBS,46,38,10,587.00,"5,870.00"
2019-02-24,2019022401005373,CHLBS,36,48,10,587.00,"5,870.00"
2019-02-24,2019022401005532,CHLBS,1,38,10,587.00,"5,870.00"
2019-02-24,2019022401005530,CHLBS,1,21,10,587.00,"5,870.00"
2019-02-24,2019022401005522,CHLBS,34,38,10,588.00,"5,880.00"
2019-02-24,2019022401005504,CHLBS,34,25,10,588.00,"5,880.00"
2019-02-24,2019022401005486,CHLBS,34,38,10,588.00,"5,880.00"
2019-02-24,2019022401005463,CHLBS,1,38,10,587.00,"5,870.00"
2019-02-24,2019022401005551,CHLBS,5,38,10,587.00,"5,870.00"
2019-02-24,2019022401005550,CHLBS,5,1,10,587.00,"5,870.00"
2019-02-24,2019022401005546,CHLBS,5,38,10,587.00,"5,870.00"
2019-02-24,2019022401005545,CHLBS,5,38,10,587.00,"5,870.00"
2019-02-24,2019022401005542,CHLBS,5,1,10,587.00,"5,870.00"
2019-02-24,2019022401005539,CHLBS,5,38,10,587.00,"5,870.00"
2019-02-24,2019022401005589,CHLBS,49,38,10,586.00,"5,860.00"
2019-02-24,2019022401005585,CHLBS,49,1,10,586.00,"5,860.00"
2019-02-24,2019022401005574,CHLBS,5,7,10,587.00,"5,870.00"
2019-02-24,2019022401005571,CHLBS,5,38,10,587.00,"5,870.00"
2019-02-24,2019022401005562,CHLBS,5,1,10,587.00,"5,870.00"
2019-02-24,2019022401005561,CHLBS,5,38,10,587.00,"5,870.00"
2019-02-24,2019022401005611,CHLBS,42,7,10,589.00,"5,890.00"
2019-02-24,2019022401005609,CHLBS,42,17,10,589.00,"5,890.00"
2019-02-24,2019022401005608,CHLBS,42,17,10,589.00,"5,890.00"
2019-02-24,2019022401005607,CHLBS,42,17,10,589.00,"5,890.00"
2019-02-24,2019022401005606,CHLBS,42,28,10,589.00,"5,890.00"
2019-02-24,2019022401005600,CHLBS,49,40,10,586.00,"5,860.00"
2019-02-24,2019022401005680,CHLBS,1,38,10,586.00,"5,860.00"
2019-02-24,2019022401005634,CHLBS,1,40,10,586.00,"5,860.00"
2019-02-24,2019022401005627,CHLBS,49,40,10,586.00,"5,860.00"
2019-02-24,2019022401005626,CHLBS,49,7,10,586.00,"5,860.00"
2019-02-24,2019022401005617,CHLBS,49,41,10,586.00,"5,860.00"
2019-02-24,2019022401005615,CHLBS,49,40,10,586.00,"5,860.00"
2019-02-24,2019022401005729,CHLBS,47,34,10,586.00,"5,860.00"
2019-02-24,2019022401005727,CHLBS,47,46,10,586.00,"5,860.00"
2019-02-24,2019022401005726,CHLBS,8,40,10,586.00,"5,860.00"
2019-02-24,2019022401005719,CHLBS,1,32,10,586.00,"5,860.00"
2019-02-24,2019022401005705,CHLBS,1,46,10,586.00,"5,860.00"
2019-02-24,2019022401005682,CHLBS,1,46,10,586.00,"5,860.00"
2019-02-24,2019022401005796,CHLBS,41,38,10,586.00,"5,860.00"
2019-02-24,2019022401005775,CHLBS,35,48,10,586.00,"5,860.00"
2019-02-24,2019022401005749,CHLBS,35,38,10,586.00,"5,860.00"
2019-02-24,2019022401005743,CHLBS,40,38,10,585.00,"5,850.00"
2019-02-24,2019022401005739,CHLBS,19,34,10,585.00,"5,850.00"
2019-02-24,2019022401005738,CHLBS,40,46,10,585.00,"5,850.00"
2019-02-24,2019022401005836,CZBIL,37,10,159,200.00,"31,800.00"
2019-02-24,2019022401005734,CZBIL,44,10,100,200.00,"20,000.00"
2019-02-24,2019022401005733,CZBIL,51,10,100,200.00,"20,000.00"
2019-02-24,2019022401005732,CZBIL,13,10,162,200.00,"32,400.00"
2019-02-24,2019022401005473,CZBIL,28,28,50,201.00,"10,050.00"
2019-02-24,2019022401005773,DDBL,34,22,60,562.00,"33,720.00"
2019-02-24,2019022401005772,DDBL,19,22,50,569.00,"28,450.00"
2019-02-24,2019022401005771,DDBL,26,22,10,569.00,"5,690.00"
2019-02-24,2019022401005610,DDBL,13,22,130,570.00,"74,100.00"
2019-02-24,2019022401005552,DHPL,58,58,10,89.00,890.00
2019-02-24,2019022401005721,EBL,32,49,136,506.00,"68,816.00"
2019-02-24,2019022401005720,EBL,1,49,14,506.00,"7,084.00"
2019-02-24,2019022401005498,EBL,38,45,40,507.00,"20,280.00"
2019-02-24,2019022401005497,EBL,44,45,10,507.00,"5,070.00"
2019-02-24,2019022401005642,EBL,1,43,36,506.00,"18,216.00"
2019-02-24,2019022401005641,EBL,44,43,20,506.00,"10,120.00"
2019-02-24,2019022401005640,EBL,22,43,50,506.00,"25,300.00"
2019-02-24,2019022401005639,EBL,22,43,100,506.00,"50,600.00"
2019-02-24,2019022401005638,EBL,38,43,10,507.00,"5,070.00"
2019-02-24,2019022401005628,FOWAD,58,58,5,"1,520.00","7,600.00"
2019-02-24,2019022401005432,FOWAD,58,46,50,"1,515.00","75,750.00"
2019-02-24,2019022401005431,FOWAD,58,46,50,"1,515.00","75,750.00"
2019-02-24,2019022401005430,FOWAD,6,46,30,"1,515.00","45,450.00"
2019-02-24,2019022401005429,FOWAD,28,46,100,"1,516.00","151,600.00"
2019-02-24,2019022401005428,FOWAD,49,46,100,"1,519.00","151,900.00"
2019-02-24,2019022401005427,FOWAD,47,46,25,"1,520.00","38,000.00"
2019-02-24,2019022401005670,GBBL,58,56,200,180.00,"36,000.00"
2019-02-24,2019022401005826,GBIME,56,28,409,257.00,"105,113.00"
2019-02-24,2019022401005825,GBIME,42,28,550,257.00,"141,350.00"
2019-02-24,2019022401005824,GBIME,58,28,100,257.00,"25,700.00"
2019-02-24,2019022401005823,GBIME,58,28,41,257.00,"10,537.00"
2019-02-24,2019022401005650,GBIME,58,14,45,257.00,"11,565.00"
2019-02-24,2019022401005438,GBIME,58,11,14,257.00,"3,598.00"
2019-02-24,2019022401005437,GBIME,58,11,50,257.00,"12,850.00"
2019-02-24,2019022401005436,GBIME,57,11,52,257.00,"13,364.00"
2019-02-24,2019022401005790,GBLBS,49,32,157,431.00,"67,667.00"
2019-02-24,2019022401005789,GBLBS,22,32,43,432.00,"18,576.00"
2019-02-24,2019022401005358,GBLBS,22,1,40,432.00,"17,280.00"
2019-02-24,2019022401005685,GDBL,34,56,200,177.00,"35,400.00"
2019-02-24,2019022401005417,GDBL,34,11,292,177.00,"51,684.00"
2019-02-24,2019022401005416,GDBL,44,11,44,178.00,"7,832.00"
2019-02-24,2019022401005389,GDBL,44,44,18,178.00,"3,204.00"
2019-02-24,2019022401005746,GILB,58,58,18,"1,061.00","19,098.00"
2019-02-24,2019022401005689,GLICL,56,49,91,670.00,"60,970.00"
2019-02-24,2019022401005688,GLICL,52,49,300,670.00,"201,000.00"
2019-02-24,2019022401005687,GLICL,18,49,50,671.00,"33,550.00"
2019-02-24,2019022401005686,GLICL,56,49,59,671.00,"39,589.00"
2019-02-24,2019022401005560,GLICL,56,56,41,671.00,"27,511.00"
2019-02-24,2019022401005559,GLICL,38,56,50,673.00,"33,650.00"
2019-02-24,2019022401005856,GRDBL,57,16,40,102.00,"4,080.00"
2019-02-24,2019022401005728,HATH,57,4,100,110.00,"11,000.00"
2019-02-24,2019022401005536,HATH,57,16,10,112.00,"1,120.00"
2019-02-24,2019022401005541,HBL,19,49,50,428.00,"21,400.00"
2019-02-24,2019022401005540,HBL,22,49,50,429.00,"21,450.00"
2019-02-24,2019022401005364,HBL,56,17,30,430.00,"12,900.00"
2019-02-24,2019022401005820,HDL,22,58,10,"1,327.00","13,270.00"
2019-02-24,2019022401005676,HDL,39,58,20,"1,327.00","26,540.00"
2019-02-24,2019022401005648,HGI,34,56,42,371.00,"15,582.00"
2019-02-24,2019022401005647,HGI,22,56,50,371.00,"18,550.00"
2019-02-24,2019022401005646,HGI,22,56,108,372.00,"40,176.00"
2019-02-24,2019022401005543,HIDCL,51,22,474,130.00,"61,620.00"
2019-02-24,2019022401005505,HIDCL,42,44,100,131.00,"13,100.00"
2019-02-24,2019022401005371,HPPL,35,14,10,166.00,"1,660.00"
2019-02-24,2019022401005655,ICFC,16,16,266,147.00,"39,102.00"
2019-02-24,2019022401005767,JBNL,37,45,200,164.00,"32,800.00"
2019-02-24,2019022401005394,JBNL,16,11,181,163.00,"29,503.00"
2019-02-24,2019022401005691,KADBL,46,17,20,145.00,"2,900.00"
2019-02-24,2019022401005855,KBBL,37,37,80,208.00,"16,640.00"
2019-02-24,2019022401005493,KBBL,56,37,420,208.00,"87,360.00"
2019-02-24,2019022401005492,KBBL,56,52,80,208.00,"16,640.00"
2019-02-24,2019022401005435,KBL,16,29,65,229.00,"14,885.00"
2019-02-24,2019022401005434,KBL,17,29,200,229.00,"45,800.00"
2019-02-24,2019022401005433,KBL,13,29,50,230.00,"11,500.00"
2019-02-24,2019022401005780,KKHC,53,48,16,72.00,"1,152.00"
2019-02-24,2019022401005744,KKHC,53,48,16,72.00,"1,152.00"
2019-02-24,2019022401005547,KKHC,53,48,16,73.00,"1,168.00"
2019-02-24,2019022401005419,KKHC,53,48,16,73.00,"1,168.00"
2019-02-24,2019022401005649,KMCDB,1,6,100,824.00,"82,400.00"
2019-02-24,2019022401005794,KMFL,35,17,10,917.00,"9,170.00"
2019-02-24,2019022401005731,KPCL,16,39,10,89.00,890.00
2019-02-24,2019022401005723,KPCL,39,22,10,90.00,900.00
2019-02-24,2019022401005365,KPCL,39,22,10,90.00,900.00
2019-02-24,2019022401005370,KPCL,16,39,10,89.00,890.00
2019-02-24,2019022401005367,KPCL,16,20,10,89.00,890.00
2019-02-24,2019022401005502,KPCL,16,39,10,89.00,890.00
2019-02-24,2019022401005625,KPCL,16,39,10,89.00,890.00
2019-02-24,2019022401005612,KPCL,39,22,10,90.00,900.00
2019-02-24,2019022401005521,KPCL,39,22,10,90.00,900.00
2019-02-24,2019022401005418,KRBL,44,44,74,93.00,"6,882.00"
2019-02-24,2019022401005782,KSBBL,44,43,44,133.00,"5,852.00"
2019-02-24,2019022401005537,KSBBL,29,44,108,132.00,"14,256.00"
2019-02-24,2019022401005508,KSBBL,14,43,20,133.00,"2,660.00"
2019-02-24,2019022401005372,LBBL,58,11,71,171.00,"12,141.00"
2019-02-24,2019022401005669,LBL,7,43,266,183.00,"48,678.00"
2019-02-24,2019022401005668,LBL,46,43,100,183.00,"18,300.00"
2019-02-24,2019022401005667,LBL,25,43,153,183.00,"27,999.00"
2019-02-24,2019022401005666,LBL,28,43,50,184.00,"9,200.00"
2019-02-24,2019022401005363,LBL,25,11,47,183.00,"8,601.00"
2019-02-24,2019022401005362,LBL,42,11,10,183.00,"1,830.00"
2019-02-24,2019022401005361,LBL,45,11,40,184.00,"7,360.00"
2019-02-24,2019022401005360,LBL,1,11,12,184.00,"2,208.00"
2019-02-24,2019022401005635,LEMF,17,58,"1,000",6.90,"6,900.00"
2019-02-24,2019022401005538,LICN,28,28,153,"1,596.00","244,188.00"
2019-02-24,2019022401005506,LICN,55,55,5,"1,590.00","7,950.00"
2019-02-24,2019022401005846,LLBS,28,19,50,755.00,"37,750.00"
2019-02-24,2019022401005769,LLBS,28,43,99,750.00,"74,250.00"
2019-02-24,2019022401005830,MBL,37,39,200,208.00,"41,600.00"
2019-02-24,2019022401005759,MBL,25,22,188,206.00,"38,728.00"
2019-02-24,2019022401005758,MBL,34,22,78,206.00,"16,068.00"
2019-02-24,2019022401005587,MBL,57,22,500,207.00,"103,500.00"
2019-02-24,2019022401005586,MBL,28,22,534,207.00,"110,538.00"
2019-02-24,2019022401005704,MDB,43,57,200,278.00,"55,600.00"
2019-02-24,2019022401005854,MEGA,14,51,200,159.00,"31,800.00"
2019-02-24,2019022401005853,MEGA,14,36,100,159.00,"15,900.00"
2019-02-24,2019022401005852,MEGA,14,43,500,159.00,"79,500.00"
2019-02-24,2019022401005752,MLBL,44,17,11,159.00,"1,749.00"
2019-02-24,2019022401005742,MLBL,33,44,11,158.00,"1,738.00"
2019-02-24,2019022401005741,MLBL,33,33,350,158.00,"55,300.00"
2019-02-24,2019022401005730,MLBL,59,33,150,158.00,"23,700.00"
2019-02-24,2019022401005495,MLBL,33,33,"1,000",158.00,"158,000.00"
2019-02-24,2019022401005439,MLBL,44,44,11,159.00,"1,749.00"
2019-02-24,2019022401005549,MNBBL,14,48,40,336.00,"13,440.00"
2019-02-24,2019022401005449,MNBBL,42,48,20,335.00,"6,700.00"
2019-02-24,2019022401005448,MNBBL,20,48,50,335.00,"16,750.00"
2019-02-24,2019022401005447,MNBBL,49,48,20,335.00,"6,700.00"
2019-02-24,2019022401005446,MNBBL,51,48,100,335.00,"33,500.00"
2019-02-24,2019022401005445,MNBBL,19,48,10,336.00,"3,360.00"
2019-02-24,2019022401005444,MNBBL,51,48,20,336.00,"6,720.00"
2019-02-24,2019022401005443,MNBBL,1,48,50,336.00,"16,800.00"
2019-02-24,2019022401005442,MNBBL,58,48,86,336.00,"28,896.00"
2019-02-24,2019022401005797,MPFL,7,47,20,142.00,"2,840.00"
2019-02-24,2019022401005792,NABIL,19,13,20,792.00,"15,840.00"
2019-02-24,2019022401005791,NABIL,57,13,50,792.00,"39,600.00"
2019-02-24,2019022401005787,NABIL,26,7,30,796.00,"23,880.00"
2019-02-24,2019022401005678,NABIL,45,7,20,792.00,"15,840.00"
2019-02-24,2019022401005677,NABIL,48,7,80,792.00,"63,360.00"
2019-02-24,2019022401005675,NABIL,3,7,13,792.00,"10,296.00"
2019-02-24,2019022401005651,NABIL,1,7,20,792.00,"15,840.00"
2019-02-24,2019022401005636,NABIL,57,7,200,792.00,"158,400.00"
2019-02-24,2019022401005633,NABIL,38,7,150,794.00,"119,100.00"
2019-02-24,2019022401005632,NABIL,55,7,20,794.00,"15,880.00"
2019-02-24,2019022401005631,NABIL,45,7,10,794.00,"7,940.00"
2019-02-24,2019022401005487,NABIL,17,7,100,797.00,"79,700.00"
2019-02-24,2019022401005684,NABILP,28,7,160,745.00,"119,200.00"
2019-02-24,2019022401005657,NABILP,6,7,150,741.00,"111,150.00"
2019-02-24,2019022401005656,NABILP,38,7,15,742.00,"11,130.00"
2019-02-24,2019022401005593,NABILP,37,7,100,745.00,"74,500.00"
2019-02-24,2019022401005592,NABILP,57,7,60,745.00,"44,700.00"
2019-02-24,2019022401005570,NABILP,57,22,320,745.00,"238,400.00"
2019-02-24,2019022401005594,NABILP,21,7,15,745.00,"11,175.00"
2019-02-24,2019022401005494,NADEP,29,49,10,712.00,"7,120.00"
2019-02-24,2019022401005829,NBB,37,13,200,182.00,"36,400.00"
2019-02-24,2019022401005828,NBB,4,13,500,182.00,"91,000.00"
2019-02-24,2019022401005812,NBB,34,42,10,182.00,"1,820.00"
2019-02-24,2019022401005766,NBB,34,56,200,182.00,"36,400.00"
2019-02-24,2019022401005709,NBBL,19,45,32,611.00,"19,552.00"
2019-02-24,2019022401005814,NBL,57,22,200,282.00,"56,400.00"
2019-02-24,2019022401005785,NBL,37,20,200,283.00,"56,600.00"
2019-02-24,2019022401005409,NBL,29,38,"1,000",282.00,"282,000.00"
2019-02-24,2019022401005408,NBL,14,38,350,282.00,"98,700.00"
2019-02-24,2019022401005407,NBL,43,38,"1,000",282.00,"282,000.00"
2019-02-24,2019022401005406,NBL,8,38,"1,300",282.00,"366,600.00"
2019-02-24,2019022401005806,NCCB,28,46,798,203.00,"161,994.00"
2019-02-24,2019022401005805,NCCB,4,46,300,203.00,"60,900.00"
2019-02-24,2019022401005804,NCCB,46,46,100,203.00,"20,300.00"
2019-02-24,2019022401005803,NCCB,33,46,"1,000",203.00,"203,000.00"
2019-02-24,2019022401005802,NCCB,26,46,500,203.00,"101,500.00"
2019-02-24,2019022401005801,NCCB,19,46,302,203.00,"61,306.00"
2019-02-24,2019022401005714,NCCB,44,34,28,204.00,"5,712.00"
2019-02-24,2019022401005662,NCCB,58,34,60,204.00,"12,240.00"
2019-02-24,2019022401005661,NCCB,45,34,45,204.00,"9,180.00"
2019-02-24,2019022401005660,NCCB,13,34,22,204.00,"4,488.00"
2019-02-24,2019022401005591,NCCB,13,44,28,204.00,"5,712.00"
2019-02-24,2019022401005839,NGPL,1,48,11,113.00,"1,243.00"
2019-02-24,2019022401005827,NGPL,1,48,11,113.00,"1,243.00"
2019-02-24,2019022401005725,NGPL,1,48,11,113.00,"1,243.00"
2019-02-24,2019022401005724,NGPL,53,49,10,114.00,"1,140.00"
2019-02-24,2019022401005616,NHDL,45,48,10,116.00,"1,160.00"
2019-02-24,2019022401005576,NHPC,14,51,250,62.00,"15,500.00"
2019-02-24,2019022401005722,NIB,1,7,16,505.00,"8,080.00"
2019-02-24,2019022401005717,NIB,1,43,14,505.00,"7,070.00"
2019-02-24,2019022401005716,NIB,5,43,100,505.00,"50,500.00"
2019-02-24,2019022401005715,NIB,38,43,100,505.00,"50,500.00"
2019-02-24,2019022401005681,NIB,58,58,5,506.00,"2,530.00"
2019-02-24,2019022401005467,NIB,47,33,40,506.00,"20,240.00"
2019-02-24,2019022401005754,NIBPO,13,59,170,462.00,"78,540.00"
2019-02-24,2019022401005753,NIBPO,17,59,20,463.00,"9,260.00"
2019-02-24,2019022401005479,NIBPO,40,59,110,462.00,"50,820.00"
2019-02-24,2019022401005478,NIBPO,52,59,10,464.00,"4,640.00"
2019-02-24,2019022401005843,NICA,32,49,50,369.00,"18,450.00"
2019-02-24,2019022401005835,NICA,45,49,100,369.00,"36,900.00"
2019-02-24,2019022401005834,NICA,45,49,300,369.00,"110,700.00"
2019-02-24,2019022401005817,NICA,45,49,200,369.00,"73,800.00"
2019-02-24,2019022401005816,NICA,17,49,200,370.00,"74,000.00"
2019-02-24,2019022401005815,NICA,56,49,500,370.00,"185,000.00"
2019-02-24,2019022401005485,NICA,1,25,440,372.00,"163,680.00"
2019-02-24,2019022401005484,NICA,1,17,50,371.00,"18,550.00"
2019-02-24,2019022401005482,NICA,22,49,110,370.00,"40,700.00"
2019-02-24,2019022401005481,NICA,34,49,100,370.00,"37,000.00"
2019-02-24,2019022401005480,NICA,48,49,290,370.00,"107,300.00"
2019-02-24,2019022401005369,NICA,48,49,10,369.00,"3,690.00"
2019-02-24,2019022401005597,NICA,35,49,50,369.00,"18,450.00"
2019-02-24,2019022401005596,NICA,41,49,400,369.00,"147,600.00"
2019-02-24,2019022401005507,NICA,41,49,100,369.00,"36,900.00"
2019-02-24,2019022401005501,NICA,33,49,500,369.00,"184,500.00"
2019-02-24,2019022401005500,NICA,22,49,390,370.00,"144,300.00"
2019-02-24,2019022401005499,NICA,1,49,10,372.00,"3,720.00"
2019-02-24,2019022401005768,NICA,39,49,100,370.00,"37,000.00"
2019-02-24,2019022401005707,NICA,39,49,400,370.00,"148,000.00"
2019-02-24,2019022401005706,NICA,6,49,100,371.00,"37,100.00"
2019-02-24,2019022401005624,NICA,40,49,500,370.00,"185,000.00"
2019-02-24,2019022401005599,NICA,45,49,20,368.00,"7,360.00"
2019-02-24,2019022401005598,NICA,57,49,30,368.00,"11,040.00"
2019-02-24,2019022401005757,NICL,38,4,40,364.00,"14,560.00"
2019-02-24,2019022401005756,NICL,41,4,300,364.00,"109,200.00"
2019-02-24,2019022401005755,NICL,22,4,70,365.00,"25,550.00"
2019-02-24,2019022401005623,NIL,21,25,20,500.00,"10,000.00"
2019-02-24,2019022401005622,NIL,17,25,33,500.00,"16,500.00"
2019-02-24,2019022401005621,NIL,44,25,50,501.00,"25,050.00"
2019-02-24,2019022401005620,NIL,56,25,50,501.00,"25,050.00"
2019-02-24,2019022401005503,NLG,40,7,100,771.00,"77,100.00"
2019-02-24,2019022401005736,NLIC,48,46,50,995.00,"49,750.00"
2019-02-24,2019022401005735,NLIC,35,46,150,996.00,"149,400.00"
2019-02-24,2019022401005558,NLIC,25,34,17,995.00,"16,915.00"
2019-02-24,2019022401005849,NLICL,5,16,200,622.00,"124,400.00"
2019-02-24,2019022401005795,NLICL,5,37,120,621.00,"74,520.00"
2019-02-24,2019022401005659,NMB,14,43,70,301.00,"21,070.00"
2019-02-24,2019022401005658,NMB,32,43,75,301.00,"22,575.00"
2019-02-24,2019022401005619,NMB,32,1,25,301.00,"7,525.00"
2019-02-24,2019022401005474,NMB,25,25,175,301.00,"52,675.00"
2019-02-24,2019022401005366,NMB,28,25,227,301.00,"68,327.00"
2019-02-24,2019022401005664,OHL,13,35,200,414.00,"82,800.00"
2019-02-24,2019022401005810,PCBL,37,43,32,305.00,"9,760.00"
2019-02-24,2019022401005809,PCBL,37,43,50,305.00,"15,250.00"
2019-02-24,2019022401005808,PCBL,37,43,93,305.00,"28,365.00"
2019-02-24,2019022401005807,PCBL,37,43,25,305.00,"7,625.00"
2019-02-24,2019022401005483,PCBL,44,17,38,303.00,"11,514.00"
2019-02-24,2019022401005382,PCBL,44,25,49,303.00,"14,847.00"
2019-02-24,2019022401005381,PCBL,25,25,100,303.00,"30,300.00"
2019-02-24,2019022401005380,PCBL,33,25,650,303.00,"196,950.00"
2019-02-24,2019022401005379,PCBL,33,25,351,303.00,"106,353.00"
2019-02-24,2019022401005378,PCBL,33,25,700,304.00,"212,800.00"
2019-02-24,2019022401005377,PCBL,44,25,50,304.00,"15,200.00"
2019-02-24,2019022401005604,PFL,39,7,90,127.00,"11,430.00"
2019-02-24,2019022401005603,PFL,39,39,100,127.00,"12,700.00"
2019-02-24,2019022401005602,PFL,39,39,100,127.00,"12,700.00"
2019-02-24,2019022401005813,PIC,14,14,1,972.00,972.00
2019-02-24,2019022401005811,PIC,14,14,1,972.00,972.00
2019-02-24,2019022401005793,PIC,14,14,1,972.00,972.00
2019-02-24,2019022401005786,PIC,14,14,1,972.00,972.00
2019-02-24,2019022401005776,PIC,14,14,1,972.00,972.00
2019-02-24,2019022401005496,PIC,57,57,11,989.00,"10,879.00"
2019-02-24,2019022401005357,PIC,33,46,90,988.00,"88,920.00"
2019-02-24,2019022401005800,PLIC,45,4,100,430.00,"43,000.00"
2019-02-24,2019022401005799,PLIC,46,4,35,431.00,"15,085.00"
2019-02-24,2019022401005683,PLIC,44,44,56,431.00,"24,136.00"
2019-02-24,2019022401005761,PMHPL,56,39,10,105.00,"1,050.00"
2019-02-24,2019022401005745,PMHPL,39,49,10,106.00,"1,060.00"
2019-02-24,2019022401005653,PMHPL,39,39,10,106.00,"1,060.00"
2019-02-24,2019022401005405,PMHPL,56,39,10,105.00,"1,050.00"
2019-02-24,2019022401005392,PMHPL,39,49,10,106.00,"1,060.00"
2019-02-24,2019022401005388,PMHPL,56,48,10,105.00,"1,050.00"
2019-02-24,2019022401005751,PRIN,7,51,50,404.00,"20,200.00"
2019-02-24,2019022401005663,PRIN,4,51,100,404.00,"40,400.00"
2019-02-24,2019022401005531,PRIN,4,48,100,404.00,"40,400.00"
2019-02-24,2019022401005845,PRVU,1,29,86,208.00,"17,888.00"
2019-02-24,2019022401005844,PRVU,1,51,414,208.00,"86,112.00"
2019-02-24,2019022401005665,PRVU,44,44,14,207.00,"2,898.00"
2019-02-24,2019022401005529,PRVU,1,1,500,207.00,"103,500.00"
2019-02-24,2019022401005466,PRVU,58,14,232,207.00,"48,024.00"
2019-02-24,2019022401005465,PRVU,32,14,"1,000",207.00,"207,000.00"
2019-02-24,2019022401005464,PRVU,14,14,368,207.00,"76,176.00"
2019-02-24,2019022401005528,PRVU,38,1,100,207.00,"20,700.00"
2019-02-24,2019022401005527,PRVU,57,1,200,207.00,"41,400.00"
2019-02-24,2019022401005526,PRVU,28,1,500,207.00,"103,500.00"
2019-02-24,2019022401005525,PRVU,5,1,100,207.00,"20,700.00"
2019-02-24,2019022401005524,PRVU,58,1,268,207.00,"55,476.00"
2019-02-24,2019022401005476,PRVU,44,51,14,208.00,"2,912.00"
2019-02-24,2019022401005584,RADHI,39,22,11,156.00,"1,716.00"
2019-02-24,2019022401005583,RADHI,39,22,11,156.00,"1,716.00"
2019-02-24,2019022401005582,RADHI,39,58,10,156.00,"1,560.00"
2019-02-24,2019022401005581,RADHI,39,58,11,155.00,"1,705.00"
2019-02-24,2019022401005568,RADHI,39,16,11,154.00,"1,694.00"
2019-02-24,2019022401005567,RADHI,39,43,11,152.00,"1,672.00"
2019-02-24,2019022401005391,RADHI,22,48,11,151.00,"1,661.00"
2019-02-24,2019022401005580,RBCL,42,34,10,"9,000.00","90,000.00"
2019-02-24,2019022401005579,RBCL,29,34,10,"9,000.00","90,000.00"
2019-02-24,2019022401005578,RBCL,19,34,20,"9,001.00","180,020.00"
2019-02-24,2019022401005577,RBCL,39,34,10,"9,002.00","90,020.00"
2019-02-24,2019022401005490,RRHP,57,36,10,89.00,890.00
2019-02-24,2019022401005711,RSDC,58,58,3,370.00,"1,110.00"
2019-02-24,2019022401005359,SAEF,47,28,"2,800",8.52,"23,856.00"
2019-02-24,2019022401005572,SANIMA,52,6,38,289.00,"10,982.00"
2019-02-24,2019022401005393,SANIMA,40,25,13,288.00,"3,744.00"
2019-02-24,2019022401005779,SBI,45,28,117,375.00,"43,875.00"
2019-02-24,2019022401005470,SBI,45,56,32,375.00,"12,000.00"
2019-02-24,2019022401005819,SBL,37,13,200,276.00,"55,200.00"
2019-02-24,2019022401005415,SBL,1,25,438,273.00,"119,574.00"
2019-02-24,2019022401005414,SBL,58,25,200,273.00,"54,600.00"
2019-02-24,2019022401005413,SBL,28,25,300,273.00,"81,900.00"
2019-02-24,2019022401005412,SBL,41,25,100,273.00,"27,300.00"
2019-02-24,2019022401005411,SBL,58,25,100,273.00,"27,300.00"
2019-02-24,2019022401005410,SBL,37,25,104,273.00,"28,392.00"
2019-02-24,2019022401005386,SBL,37,49,96,273.00,"26,208.00"
2019-02-24,2019022401005385,SBL,5,49,225,273.00,"61,425.00"
2019-02-24,2019022401005384,SBL,10,49,48,274.00,"13,152.00"
2019-02-24,2019022401005383,SBL,20,49,86,274.00,"23,564.00"
2019-02-24,2019022401005833,SCB,6,13,300,526.00,"157,800.00"
2019-02-24,2019022401005832,SCB,40,13,30,526.00,"15,780.00"
2019-02-24,2019022401005690,SCB,40,56,20,526.00,"10,520.00"
2019-02-24,2019022401005534,SCB,28,43,50,526.00,"26,300.00"
2019-02-24,2019022401005533,SCB,47,43,89,526.00,"46,814.00"
2019-02-24,2019022401005515,SCB,47,43,11,526.00,"5,786.00"
2019-02-24,2019022401005423,SCB,29,25,100,529.00,"52,900.00"
2019-02-24,2019022401005422,SCB,22,25,100,529.00,"52,900.00"
2019-02-24,2019022401005421,SCB,22,25,280,529.00,"148,120.00"
2019-02-24,2019022401005514,SCB,13,43,500,527.00,"263,500.00"
2019-02-24,2019022401005513,SCB,43,43,30,527.00,"15,810.00"
2019-02-24,2019022401005512,SCB,28,43,20,528.00,"10,560.00"
2019-02-24,2019022401005511,SCB,1,43,50,528.00,"26,400.00"
2019-02-24,2019022401005510,SCB,20,43,100,528.00,"52,800.00"
2019-02-24,2019022401005509,SCB,45,43,89,528.00,"46,992.00"
2019-02-24,2019022401005618,SDESI,14,14,1,590.00,590.00
2019-02-24,2019022401005588,SDESI,14,14,1,590.00,590.00
2019-02-24,2019022401005575,SDESI,14,14,1,590.00,590.00
2019-02-24,2019022401005564,SDESI,14,14,1,590.00,590.00
2019-02-24,2019022401005553,SDESI,14,14,1,590.00,590.00
2019-02-24,2019022401005548,SDESI,14,14,1,590.00,590.00
2019-02-24,2019022401005544,SDESI,14,14,1,590.00,590.00
2019-02-24,2019022401005535,SDESI,14,14,1,590.00,590.00
2019-02-24,2019022401005713,SHPC,7,41,378,213.00,"80,514.00"
2019-02-24,2019022401005712,SHPC,37,41,22,213.00,"4,686.00"
2019-02-24,2019022401005426,SHPC,37,17,944,213.00,"201,072.00"
2019-02-24,2019022401005459,SIL,44,25,10,583.00,"5,830.00"
2019-02-24,2019022401005784,SKBBL,14,51,230,828.00,"190,440.00"
2019-02-24,2019022401005783,SKBBL,22,51,10,829.00,"8,290.00"
2019-02-24,2019022401005718,SLBSL,49,38,10,772.00,"7,720.00"
2019-02-24,2019022401005630,SLBSL,49,56,10,772.00,"7,720.00"
2019-02-24,2019022401005523,SLICL,32,11,5,521.00,"2,605.00"
2019-02-24,2019022401005781,SMB,17,34,50,615.00,"30,750.00"
2019-02-24,2019022401005788,SPDL,45,48,15,87.00,"1,305.00"
2019-02-24,2019022401005750,SPDL,45,48,15,87.00,"1,305.00"
2019-02-24,2019022401005629,SPDL,45,48,15,87.00,"1,305.00"
2019-02-24,2019022401005424,SPDL,45,48,15,87.00,"1,305.00"
2019-02-24,2019022401005404,SPDL,45,48,15,87.00,"1,305.00"
2019-02-24,2019022401005848,SRBL,37,17,85,206.00,"17,510.00"
2019-02-24,2019022401005847,SRBL,37,16,115,206.00,"23,690.00"
2019-02-24,2019022401005390,SRBL,17,49,153,205.00,"31,365.00"
2019-02-24,2019022401005566,SWBBL,35,54,20,809.00,"16,180.00"
2019-02-24,2019022401005565,SWBBL,34,54,50,809.00,"40,450.00"
2019-02-24,2019022401005469,SWBBL,37,25,10,809.00,"8,090.00"
2019-02-24,2019022401005468,SWBBL,43,25,10,810.00,"8,100.00"
2019-02-24,2019022401005520,UIC,55,22,20,753.00,"15,060.00"
2019-02-24,2019022401005519,UIC,48,22,25,754.00,"18,850.00"
2019-02-24,2019022401005798,UMHL,13,48,14,107.00,"1,498.00"
2019-02-24,2019022401005765,UMHL,13,48,14,107.00,"1,498.00"
2019-02-24,2019022401005637,UMHL,13,48,14,107.00,"1,498.00"
2019-02-24,2019022401005441,UMHL,32,48,14,108.00,"1,512.00"
2019-02-24,2019022401005740,UPPER,57,38,50,220.00,"11,000.00"
2019-02-24,2019022401005703,UPPER,14,14,50,221.00,"11,050.00"
2019-02-24,2019022401005702,UPPER,14,14,10,221.00,"2,210.00"
2019-02-24,2019022401005701,UPPER,14,14,50,221.00,"11,050.00"
2019-02-24,2019022401005450,UPPER,57,38,40,220.00,"8,800.00"
2019-02-24,2019022401005403,UPPER,58,48,50,220.00,"11,000.00"
2019-02-24,2019022401005387,UPPER,7,38,49,220.00,"10,780.00"
2019-02-24,2019022401005368,UPPER,7,34,551,220.00,"121,220.00"
2019-02-24,2019022401005456,UPPER,33,11,50,221.00,"11,050.00"
2019-02-24,2019022401005455,UPPER,33,11,40,221.00,"8,840.00"
2019-02-24,2019022401005454,UPPER,33,11,63,221.00,"13,923.00"
2019-02-24,2019022401005453,UPPER,33,22,50,221.00,"11,050.00"
2019-02-24,2019022401005452,UPPER,33,22,50,221.00,"11,050.00"
2019-02-24,2019022401005451,UPPER,33,45,610,221.00,"134,810.00"
2019-02-24,2019022401005477,UPPER,57,38,50,220.00,"11,000.00"
2019-02-24,2019022401005475,UPPER,28,43,50,221.00,"11,050.00"
2019-02-24,2019022401005462,UPPER,57,42,40,220.00,"8,800.00"
2019-02-24,2019022401005458,UPPER,33,43,87,221.00,"19,227.00"
2019-02-24,2019022401005457,UPPER,33,11,50,221.00,"11,050.00"
2019-02-24,2019022401005643,UPPER,14,43,150,221.00,"33,150.00"
2019-02-24,2019022401005573,UPPER,57,45,195,220.00,"42,900.00"
2019-02-24,2019022401005563,UPPER,40,43,500,221.00,"110,500.00"
2019-02-24,2019022401005694,UPPER,14,14,40,221.00,"8,840.00"
2019-02-24,2019022401005693,UPPER,14,43,133,221.00,"29,393.00"
2019-02-24,2019022401005679,UPPER,14,43,360,221.00,"79,560.00"
2019-02-24,2019022401005654,UPPER,55,43,20,221.00,"4,420.00"
2019-02-24,2019022401005652,UPPER,54,43,100,221.00,"22,100.00"
2019-02-24,2019022401005645,UPPER,41,43,100,221.00,"22,100.00"
2019-02-24,2019022401005700,UPPER,14,14,40,221.00,"8,840.00"
2019-02-24,2019022401005699,UPPER,14,14,50,221.00,"11,050.00"
2019-02-24,2019022401005698,UPPER,14,14,50,221.00,"11,050.00"
2019-02-24,2019022401005697,UPPER,14,14,40,221.00,"8,840.00"
2019-02-24,2019022401005696,UPPER,14,14,10,221.00,"2,210.00"
2019-02-24,2019022401005695,UPPER,14,14,40,221.00,"8,840.00"
2019-02-24,2019022401005614,WOMI,34,13,10,"1,110.00","11,100.00"
2019-02-24,2019022401005613,WOMI,58,13,10,"1,110.00","11,100.00"
2019-02-24,2019022401005061,AHPC,45,34,498,97.00,"48,306.00"
2019-02-24,2019022401005060,AHPC,45,34,92,97.00,"8,924.00"
2019-02-24,2019022401005346,AKJCL,22,39,10,77.00,770.00
2019-02-24,2019022401005264,AKJCL,39,22,10,78.00,780.00
2019-02-24,2019022401005194,AKJCL,22,39,10,77.00,770.00
2019-02-24,2019022401005193,AKJCL,29,39,10,77.00,770.00
2019-02-24,2019022401005174,AKJCL,39,22,10,78.00,780.00
2019-02-24,2019022401005173,AKJCL,39,22,10,78.00,780.00
2019-02-24,2019022401004886,AKJCL,39,22,10,78.00,780.00
2019-02-24,2019022401004865,AKJCL,29,39,20,77.00,"1,540.00"
2019-02-24,2019022401005059,AKJCL,29,20,20,77.00,"1,540.00"
2019-02-24,2019022401005002,AKJCL,39,22,10,78.00,780.00
2019-02-24,2019022401005001,AKJCL,39,22,10,78.00,780.00
2019-02-24,2019022401004991,AKJCL,29,39,20,77.00,"1,540.00"
2019-02-24,2019022401004987,AKJCL,29,29,10,77.00,770.00
2019-02-24,2019022401004887,AKJCL,39,22,10,78.00,780.00
2019-02-24,2019022401005243,AKPL,58,13,10,157.00,"1,570.00"
2019-02-24,2019022401004984,AKPL,58,41,13,154.00,"2,002.00"
2019-02-24,2019022401005248,AMFI,45,14,200,685.00,"137,000.00"
2019-02-24,2019022401004930,AMFI,45,42,10,683.00,"6,830.00"
2019-02-24,2019022401005244,API,47,45,25,122.00,"3,050.00"
2019-02-24,2019022401005050,API,16,14,"1,350",123.00,"166,050.00"
2019-02-24,2019022401005043,API,17,14,100,123.00,"12,300.00"
2019-02-24,2019022401004965,API,38,38,16,124.00,"1,984.00"
2019-02-24,2019022401004935,API,38,38,16,124.00,"1,984.00"
2019-02-24,2019022401005049,API,46,14,100,123.00,"12,300.00"
2019-02-24,2019022401005048,API,59,14,"1,000",123.00,"123,000.00"
2019-02-24,2019022401005047,API,54,14,200,123.00,"24,600.00"
2019-02-24,2019022401005046,API,54,14,100,123.00,"12,300.00"
2019-02-24,2019022401005045,API,54,14,100,123.00,"12,300.00"
2019-02-24,2019022401005044,API,56,14,50,123.00,"6,150.00"
2019-02-24,2019022401005175,BHBL,43,4,100,127.00,"12,700.00"
2019-02-24,2019022401005085,BHBL,38,4,100,129.00,"12,900.00"
2019-02-24,2019022401005084,BHBL,28,4,300,129.00,"38,700.00"
2019-02-24,2019022401005083,BHBL,43,4,600,129.00,"77,400.00"
2019-02-24,2019022401005082,BHBL,20,4,200,130.00,"26,000.00"
2019-02-24,2019022401005081,BHBL,7,4,400,130.00,"52,000.00"
2019-02-24,2019022401005080,BHBL,57,4,300,131.00,"39,300.00"
2019-02-24,2019022401004946,BOKL,55,48,40,241.00,"9,640.00"
2019-02-24,2019022401004919,BOKL,6,43,50,240.00,"12,000.00"
2019-02-24,2019022401004918,BOKL,49,43,40,240.00,"9,600.00"
2019-02-24,2019022401004917,BOKL,19,43,124,240.00,"29,760.00"
2019-02-24,2019022401005275,BPCL,5,51,60,348.00,"20,880.00"
2019-02-24,2019022401005176,BPCL,5,20,20,348.00,"6,960.00"
2019-02-24,2019022401005056,BPCL,5,49,150,348.00,"52,200.00"
2019-02-24,2019022401005151,CBL,26,14,77,147.00,"11,319.00"
2019-02-24,2019022401005331,CCBL,38,6,78,159.00,"12,402.00"
2019-02-24,2019022401005065,CCBL,7,14,103,158.00,"16,274.00"
2019-02-24,2019022401005064,CCBL,1,14,13,158.00,"2,054.00"
2019-02-24,2019022401005163,CHCL,11,41,90,501.00,"45,090.00"
2019-02-24,2019022401005162,CHCL,19,41,100,501.00,"50,100.00"
2019-02-24,2019022401005161,CHCL,16,41,10,501.00,"5,010.00"
2019-02-24,2019022401005122,CHCL,16,13,90,501.00,"45,090.00"
2019-02-24,2019022401005023,CHCL,16,40,400,501.00,"200,400.00"
2019-02-24,2019022401005004,CHCL,5,13,100,502.00,"50,200.00"
2019-02-24,2019022401005324,CHL,58,48,10,101.00,"1,010.00"
2019-02-24,2019022401005152,CHL,58,48,34,101.00,"3,434.00"
2019-02-24,2019022401005052,CHL,58,48,10,101.00,"1,010.00"
2019-02-24,2019022401004994,CHL,58,48,34,101.00,"3,434.00"
2019-02-24,2019022401005345,CHLBS,36,17,10,587.00,"5,870.00"
2019-02-24,2019022401005340,CHLBS,36,49,10,587.00,"5,870.00"
2019-02-24,2019022401005292,CHLBS,36,40,10,587.00,"5,870.00"
2019-02-24,2019022401005286,CHLBS,42,17,10,588.00,"5,880.00"
2019-02-24,2019022401005281,CHLBS,42,40,10,588.00,"5,880.00"
2019-02-24,2019022401005276,CHLBS,42,17,10,588.00,"5,880.00"
2019-02-24,2019022401004873,CHLBS,36,34,10,587.00,"5,870.00"
2019-02-24,2019022401004903,CHLBS,48,1,10,590.00,"5,900.00"
2019-02-24,2019022401004902,CHLBS,48,1,10,590.00,"5,900.00"
2019-02-24,2019022401004900,CHLBS,36,8,10,587.00,"5,870.00"
2019-02-24,2019022401004888,CHLBS,36,34,10,587.00,"5,870.00"
2019-02-24,2019022401004885,CHLBS,36,8,10,587.00,"5,870.00"
2019-02-24,2019022401004878,CHLBS,36,8,10,587.00,"5,870.00"
2019-02-24,2019022401004940,CHLBS,40,1,10,590.00,"5,900.00"
2019-02-24,2019022401004939,CHLBS,40,1,10,590.00,"5,900.00"
2019-02-24,2019022401004910,CHLBS,36,55,10,587.00,"5,870.00"
2019-02-24,2019022401004906,CHLBS,48,1,10,590.00,"5,900.00"
2019-02-24,2019022401004905,CHLBS,48,1,10,590.00,"5,900.00"
2019-02-24,2019022401004904,CHLBS,48,1,10,590.00,"5,900.00"
2019-02-24,2019022401004985,CHLBS,40,51,10,588.00,"5,880.00"
2019-02-24,2019022401004976,CHLBS,44,1,10,590.00,"5,900.00"
2019-02-24,2019022401004973,CHLBS,44,21,10,590.00,"5,900.00"
2019-02-24,2019022401004943,CHLBS,40,1,10,590.00,"5,900.00"
2019-02-24,2019022401004942,CHLBS,40,1,10,590.00,"5,900.00"
2019-02-24,2019022401004941,CHLBS,40,1,10,590.00,"5,900.00"
2019-02-24,2019022401005086,CHLBS,40,38,10,588.00,"5,880.00"
2019-02-24,2019022401005069,CHLBS,40,38,10,588.00,"5,880.00"
2019-02-24,2019022401005053,CHLBS,40,38,10,588.00,"5,880.00"
2019-02-24,2019022401005051,CHLBS,40,42,10,588.00,"5,880.00"
2019-02-24,2019022401005035,CHLBS,40,38,10,588.00,"5,880.00"
2019-02-24,2019022401005034,CHLBS,40,51,10,588.00,"5,880.00"
2019-02-24,2019022401005153,CHLBS,52,19,10,588.00,"5,880.00"
2019-02-24,2019022401005144,CHLBS,40,38,10,589.00,"5,890.00"
2019-02-24,2019022401005127,CHLBS,40,38,10,589.00,"5,890.00"
2019-02-24,2019022401005115,CHLBS,40,42,10,588.00,"5,880.00"
2019-02-24,2019022401005114,CHLBS,40,38,10,588.00,"5,880.00"
2019-02-24,2019022401005096,CHLBS,40,38,10,588.00,"5,880.00"
2019-02-24,2019022401005209,CHLBS,42,33,10,588.00,"5,880.00"
2019-02-24,2019022401005204,CHLBS,44,38,10,588.00,"5,880.00"
2019-02-24,2019022401005199,CHLBS,44,48,10,588.00,"5,880.00"
2019-02-24,2019022401005196,CHLBS,28,33,10,589.00,"5,890.00"
2019-02-24,2019022401005178,CHLBS,52,33,10,588.00,"5,880.00"
2019-02-24,2019022401005164,CHLBS,52,38,10,588.00,"5,880.00"
2019-02-24,2019022401005273,CHLBS,42,40,10,588.00,"5,880.00"
2019-02-24,2019022401005272,CHLBS,42,5,10,588.00,"5,880.00"
2019-02-24,2019022401005271,CHLBS,42,40,10,588.00,"5,880.00"
2019-02-24,2019022401005242,CHLBS,42,22,10,588.00,"5,880.00"
2019-02-24,2019022401005234,CHLBS,42,33,10,588.00,"5,880.00"
2019-02-24,2019022401005228,CHLBS,42,38,10,588.00,"5,880.00"
2019-02-24,2019022401004990,CIT,57,10,10,"2,500.00","25,000.00"
2019-02-24,2019022401004989,CIT,49,10,160,"2,500.00","400,000.00"
2019-02-24,2019022401004988,CIT,40,10,100,"2,501.00","250,100.00"
2019-02-24,2019022401005314,CLBSL,45,34,10,632.00,"6,320.00"
2019-02-24,2019022401005233,CZBIL,13,43,338,200.00,"67,600.00"
2019-02-24,2019022401005232,CZBIL,45,43,20,200.00,"4,000.00"
2019-02-24,2019022401005231,CZBIL,45,43,90,200.00,"18,000.00"
2019-02-24,2019022401005230,CZBIL,3,43,100,200.00,"20,000.00"
2019-02-24,2019022401005241,EBL,17,28,10,508.00,"5,080.00"
2019-02-24,2019022401005240,EBL,22,28,40,508.00,"20,320.00"
2019-02-24,2019022401005089,EBL,22,17,60,508.00,"30,480.00"
2019-02-24,2019022401005066,EBL,11,17,40,508.00,"20,320.00"
2019-02-24,2019022401004993,EBL,44,45,40,507.00,"20,280.00"
2019-02-24,2019022401004992,EBL,44,45,50,507.00,"25,350.00"
2019-02-24,2019022401005019,FOWAD,47,46,15,"1,520.00","22,800.00"
2019-02-24,2019022401005018,FOWAD,47,46,35,"1,520.00","53,200.00"
2019-02-24,2019022401005017,FOWAD,47,46,50,"1,520.00","76,000.00"
2019-02-24,2019022401005016,FOWAD,47,46,50,"1,520.00","76,000.00"
2019-02-24,2019022401005015,FOWAD,47,46,50,"1,520.00","76,000.00"
2019-02-24,2019022401004866,FOWAD,11,58,11,"1,520.00","16,720.00"
2019-02-24,2019022401004999,GBBL,16,16,110,181.00,"19,910.00"
2019-02-24,2019022401004955,GBIME,14,43,100,258.00,"25,800.00"
2019-02-24,2019022401004954,GBIME,14,43,100,258.00,"25,800.00"
2019-02-24,2019022401004953,GBIME,14,43,100,258.00,"25,800.00"
2019-02-24,2019022401004952,GBIME,1,43,100,258.00,"25,800.00"
2019-02-24,2019022401004951,GBIME,38,43,23,258.00,"5,934.00"
2019-02-24,2019022401004931,GBIME,19,14,10,259.00,"2,590.00"
2019-02-24,2019022401005262,GBLBS,22,45,17,432.00,"7,344.00"
2019-02-24,2019022401005206,GBLBS,49,48,10,431.00,"4,310.00"
2019-02-24,2019022401005191,GBLBS,39,20,10,433.00,"4,330.00"
2019-02-24,2019022401004911,GBLBS,57,57,10,434.00,"4,340.00"
2019-02-24,2019022401004864,GBLBS,34,20,10,430.00,"4,300.00"
2019-02-24,2019022401005277,GDBL,13,44,44,178.00,"7,832.00"
2019-02-24,2019022401005087,GDBL,13,14,55,178.00,"9,790.00"
2019-02-24,2019022401005150,GFCLPO,32,26,"66,000",110.00,"7,260,000.00"
2019-02-24,2019022401004880,GRDBL,38,38,50,104.00,"5,200.00"
2019-02-24,2019022401005298,HDL,22,58,20,"1,335.00","26,700.00"
2019-02-24,2019022401005155,HGI,28,32,50,374.00,"18,700.00"
2019-02-24,2019022401005333,HIDCL,51,48,23,130.00,"2,990.00"
2019-02-24,2019022401005332,HIDCL,34,48,180,130.00,"23,400.00"
2019-02-24,2019022401005297,HIDCL,34,25,56,130.00,"7,280.00"
2019-02-24,2019022401005237,HIDCL,34,48,29,130.00,"3,770.00"
2019-02-24,2019022401005172,HIDCL,34,48,35,130.00,"4,550.00"
2019-02-24,2019022401005171,HIDCL,47,48,168,130.00,"21,840.00"
2019-02-24,2019022401005128,HIDCL,38,38,58,131.00,"7,598.00"
2019-02-24,2019022401005068,HIDCL,47,48,32,130.00,"4,160.00"
2019-02-24,2019022401005067,HIDCL,5,48,171,131.00,"22,401.00"
2019-02-24,2019022401005014,HIDCL,5,48,261,131.00,"34,191.00"
2019-02-24,2019022401005143,HPPL,1,52,10,167.00,"1,670.00"
2019-02-24,2019022401005142,HPPL,1,52,20,167.00,"3,340.00"
2019-02-24,2019022401004883,HPPL,35,58,10,166.00,"1,660.00"
2019-02-24,2019022401005278,JBNL,44,45,500,164.00,"82,000.00"
2019-02-24,2019022401005130,JBNL,49,45,425,164.00,"69,700.00"
2019-02-24,2019022401005129,JBNL,49,34,75,164.00,"12,300.00"
2019-02-24,2019022401005126,JEFL,4,32,500,137.00,"68,500.00"
2019-02-24,2019022401005125,JEFL,4,7,161,136.00,"21,896.00"
2019-02-24,2019022401005124,JEFL,4,16,30,136.00,"4,080.00"
2019-02-24,2019022401005123,JEFL,4,16,900,135.00,"121,500.00"
2019-02-24,2019022401005235,JFL,28,3,"1,000",162.00,"162,000.00"
2019-02-24,2019022401005170,JFL,28,7,360,160.00,"57,600.00"
2019-02-24,2019022401005103,JSLBB,58,43,14,"2,365.00","33,110.00"
2019-02-24,2019022401005102,JSLBB,58,48,20,"2,355.00","47,100.00"
2019-02-24,2019022401004949,KADBL,18,17,10,145.00,"1,450.00"
2019-02-24,2019022401005339,KKHC,19,48,16,74.00,"1,184.00"
2019-02-24,2019022401005246,KKHC,19,48,16,74.00,"1,184.00"
2019-02-24,2019022401005198,KKHC,19,48,16,74.00,"1,184.00"
2019-02-24,2019022401005177,KKHC,11,48,16,74.00,"1,184.00"
2019-02-24,2019022401005136,KKHC,11,48,16,74.00,"1,184.00"
2019-02-24,2019022401005079,KKHC,11,48,16,74.00,"1,184.00"
2019-02-24,2019022401005030,KKHC,11,48,16,74.00,"1,184.00"
2019-02-24,2019022401005003,KKHC,38,38,10,75.00,750.00
2019-02-24,2019022401005293,KPCL,16,48,10,89.00,890.00
2019-02-24,2019022401004881,KPCL,16,55,10,89.00,890.00
2019-02-24,2019022401004879,KPCL,16,20,10,89.00,890.00
2019-02-24,2019022401004912,KPCL,16,20,10,89.00,890.00
2019-02-24,2019022401004907,KPCL,39,22,10,90.00,900.00
2019-02-24,2019022401004928,KPCL,16,39,10,89.00,890.00
2019-02-24,2019022401004963,KPCL,16,55,10,89.00,890.00
2019-02-24,2019022401005022,KPCL,16,39,10,89.00,890.00
2019-02-24,2019022401005013,KPCL,39,22,10,90.00,900.00
2019-02-24,2019022401005097,KPCL,16,20,10,89.00,890.00
2019-02-24,2019022401005202,KPCL,16,39,10,89.00,890.00
2019-02-24,2019022401005270,KPCL,16,58,10,89.00,890.00
2019-02-24,2019022401005213,KPCL,39,22,10,90.00,900.00
2019-02-24,2019022401004936,KSBBL,1,43,68,133.00,"9,044.00"
2019-02-24,2019022401004857,LBL,32,17,100,185.00,"18,500.00"
2019-02-24,2019022401005342,LEMF,54,28,"5,000",6.91,"34,550.00"
2019-02-24,2019022401005239,LICN,35,13,40,"1,600.00","64,000.00"
2019-02-24,2019022401005212,LICN,11,13,50,"1,600.00","80,000.00"
2019-02-24,2019022401005211,LICN,58,13,10,"1,600.00","16,000.00"
2019-02-24,2019022401005323,MEGA,34,43,734,158.00,"115,972.00"
2019-02-24,2019022401005322,MEGA,16,43,200,158.00,"31,600.00"
2019-02-24,2019022401005321,MEGA,34,43,500,158.00,"79,000.00"
2019-02-24,2019022401005320,MEGA,35,43,50,158.00,"7,900.00"
2019-02-24,2019022401005319,MEGA,1,43,500,158.00,"79,000.00"
2019-02-24,2019022401005318,MEGA,42,43,16,158.00,"2,528.00"
2019-02-24,2019022401005300,MEGA,42,19,115,158.00,"18,170.00"
2019-02-24,2019022401004893,MERO,44,58,16,590.00,"9,440.00"
2019-02-24,2019022401005334,MLBL,28,11,139,157.00,"21,823.00"
2019-02-24,2019022401005226,MLBL,32,33,400,158.00,"63,200.00"
2019-02-24,2019022401005134,MLBL,1,33,100,158.00,"15,800.00"
2019-02-24,2019022401004968,MLBL,32,33,431,158.00,"68,098.00"
2019-02-24,2019022401004892,MLBL,34,33,50,158.00,"7,900.00"
2019-02-24,2019022401004891,MLBL,40,33,19,158.00,"3,002.00"
2019-02-24,2019022401005303,MNBBL,58,25,114,336.00,"38,304.00"
2019-02-24,2019022401005302,MNBBL,4,25,100,336.00,"33,600.00"
2019-02-24,2019022401005301,MNBBL,44,25,121,336.00,"40,656.00"
2019-02-24,2019022401005190,NABIL,28,3,20,795.00,"15,900.00"
2019-02-24,2019022401005189,NABIL,29,3,500,795.00,"397,500.00"
2019-02-24,2019022401005188,NABIL,53,3,50,795.00,"39,750.00"
2019-02-24,2019022401005187,NABIL,13,3,200,795.00,"159,000.00"
2019-02-24,2019022401005186,NABIL,29,3,50,795.00,"39,750.00"
2019-02-24,2019022401005185,NABIL,28,3,100,795.00,"79,500.00"
2019-02-24,2019022401004925,NABIL,1,13,80,798.00,"63,840.00"
2019-02-24,2019022401004924,NABIL,42,13,200,798.00,"159,600.00"
2019-02-24,2019022401005138,NABIL,29,43,10,796.00,"7,960.00"
2019-02-24,2019022401005120,NABIL,8,3,25,797.00,"19,925.00"
2019-02-24,2019022401005119,NABIL,6,3,350,797.00,"278,950.00"
2019-02-24,2019022401005113,NABIL,6,25,100,797.00,"79,700.00"
2019-02-24,2019022401005039,NABIL,50,13,60,798.00,"47,880.00"
2019-02-24,2019022401004926,NABIL,50,13,50,798.00,"39,900.00"
2019-02-24,2019022401005184,NABIL,48,3,80,795.00,"63,600.00"
2019-02-24,2019022401005183,NABIL,16,3,500,795.00,"397,500.00"
2019-02-24,2019022401005182,NABIL,40,3,200,795.00,"159,000.00"
2019-02-24,2019022401005141,NABIL,6,43,30,796.00,"23,880.00"
2019-02-24,2019022401005140,NABIL,46,43,200,796.00,"159,200.00"
2019-02-24,2019022401005139,NABIL,7,43,100,796.00,"79,600.00"
2019-02-24,2019022401005101,NABILP,57,13,20,745.00,"14,900.00"
2019-02-24,2019022401005100,NABILP,4,13,150,745.00,"111,750.00"
2019-02-24,2019022401005099,NABILP,38,13,10,746.00,"7,460.00"
2019-02-24,2019022401005098,NABILP,29,13,50,746.00,"37,300.00"
2019-02-24,2019022401005195,NADEP,44,20,10,711.00,"7,110.00"
2019-02-24,2019022401004947,NADEP,44,51,10,711.00,"7,110.00"
2019-02-24,2019022401004937,NADEP,14,16,10,712.00,"7,120.00"
2019-02-24,2019022401004895,NADEP,44,48,10,711.00,"7,110.00"
2019-02-24,2019022401004889,NADEP,44,20,10,711.00,"7,110.00"
2019-02-24,2019022401005088,NBB,34,13,289,182.00,"52,598.00"
2019-02-24,2019022401004962,NBB,1,13,100,182.00,"18,200.00"
2019-02-24,2019022401004961,NBB,21,13,50,182.00,"9,100.00"
2019-02-24,2019022401004960,NBB,7,13,400,182.00,"72,800.00"
2019-02-24,2019022401004959,NBB,56,13,161,182.00,"29,302.00"
2019-02-24,2019022401004860,NBB,11,19,50,183.00,"9,150.00"
2019-02-24,2019022401004859,NBB,11,21,50,183.00,"9,150.00"
2019-02-24,2019022401005306,NBL,8,10,700,282.00,"197,400.00"
2019-02-24,2019022401005305,NBL,57,10,300,282.00,"84,600.00"
2019-02-24,2019022401005168,NBL,57,5,200,282.00,"56,400.00"
2019-02-24,2019022401005167,NBL,51,5,100,282.00,"28,200.00"
2019-02-24,2019022401005166,NBL,51,5,200,282.00,"56,400.00"
2019-02-24,2019022401005165,NBL,32,5,500,282.00,"141,000.00"
2019-02-24,2019022401005104,NBL,17,20,500,283.00,"141,500.00"
2019-02-24,2019022401005057,NBL,43,20,500,283.00,"141,500.00"
2019-02-24,2019022401005327,NCCB,45,36,200,204.00,"40,800.00"
2019-02-24,2019022401005326,NCCB,45,10,"1,305",204.00,"266,220.00"
2019-02-24,2019022401005197,NCCB,19,40,61,203.00,"12,383.00"
2019-02-24,2019022401004997,NCCB,46,10,195,204.00,"39,780.00"
2019-02-24,2019022401004996,NCCB,46,34,50,204.00,"10,200.00"
2019-02-24,2019022401004995,NCCB,46,21,55,204.00,"11,220.00"
2019-02-24,2019022401004913,NCDB,35,41,"1,881",117.00,"220,077.00"
2019-02-24,2019022401004897,NCDB,35,22,200,116.00,"23,200.00"
2019-02-24,2019022401004896,NCDB,35,50,971,114.00,"110,694.00"
2019-02-24,2019022401005267,NEF,49,28,"1,931",7.70,"14,868.70"
2019-02-24,2019022401005149,NEF,52,28,"1,931",7.70,"14,868.70"
2019-02-24,2019022401005040,NGPL,53,48,90,114.00,"10,260.00"
2019-02-24,2019022401005038,NGPL,38,38,11,116.00,"1,276.00"
2019-02-24,2019022401005090,NHDL,45,48,10,116.00,"1,160.00"
2019-02-24,2019022401005055,NHDL,45,48,10,116.00,"1,160.00"
2019-02-24,2019022401004957,NIBLPF,48,42,475,7.30,"3,467.50"
2019-02-24,2019022401005329,NICA,57,49,970,368.00,"356,960.00"
2019-02-24,2019022401005328,NICA,53,49,30,368.00,"11,040.00"
2019-02-24,2019022401005311,NICA,34,49,100,368.00,"36,800.00"
2019-02-24,2019022401005310,NICA,45,49,10,369.00,"3,690.00"
2019-02-24,2019022401005309,NICA,54,49,100,369.00,"36,900.00"
2019-02-24,2019022401005285,NICA,46,49,31,370.00,"11,470.00"
2019-02-24,2019022401004870,NICA,28,49,300,372.00,"111,600.00"
2019-02-24,2019022401004869,NICA,36,49,192,372.00,"71,424.00"
2019-02-24,2019022401004868,NICA,42,49,10,373.00,"3,730.00"
2019-02-24,2019022401004867,NICA,25,49,100,374.00,"37,400.00"
2019-02-24,2019022401004982,NICA,54,49,20,371.00,"7,420.00"
2019-02-24,2019022401004981,NICA,22,49,300,371.00,"111,300.00"
2019-02-24,2019022401004980,NICA,45,49,10,372.00,"3,720.00"
2019-02-24,2019022401004979,NICA,45,49,186,372.00,"69,192.00"
2019-02-24,2019022401004915,NICA,45,49,314,372.00,"116,808.00"
2019-02-24,2019022401004871,NICA,49,49,198,372.00,"73,656.00"
2019-02-24,2019022401005077,NICA,33,49,484,371.00,"179,564.00"
2019-02-24,2019022401005076,NICA,42,49,100,371.00,"37,100.00"
2019-02-24,2019022401005075,NICA,33,49,200,371.00,"74,200.00"
2019-02-24,2019022401005074,NICA,49,49,200,371.00,"74,200.00"
2019-02-24,2019022401005073,NICA,38,49,16,371.00,"5,936.00"
2019-02-24,2019022401004983,NICA,38,49,484,371.00,"179,564.00"
2019-02-24,2019022401005219,NICA,43,49,100,370.00,"37,000.00"
2019-02-24,2019022401005218,NICA,57,49,200,370.00,"74,000.00"
2019-02-24,2019022401005217,NICA,35,49,25,370.00,"9,250.00"
2019-02-24,2019022401005216,NICA,19,49,200,370.00,"74,000.00"
2019-02-24,2019022401005215,NICA,52,49,200,370.00,"74,000.00"
2019-02-24,2019022401005214,NICA,33,49,16,371.00,"5,936.00"
2019-02-24,2019022401005284,NICA,18,49,200,370.00,"74,000.00"
2019-02-24,2019022401005280,NICA,21,49,500,370.00,"185,000.00"
2019-02-24,2019022401005279,NICA,39,49,50,370.00,"18,500.00"
2019-02-24,2019022401005222,NICA,46,49,19,370.00,"7,030.00"
2019-02-24,2019022401005221,NICA,36,49,200,370.00,"74,000.00"
2019-02-24,2019022401005220,NICA,16,49,40,370.00,"14,800.00"
2019-02-24,2019022401005299,NICL,38,17,100,366.00,"36,600.00"
2019-02-24,2019022401005094,NICL,22,49,30,365.00,"10,950.00"
2019-02-24,2019022401005341,NLG,1,34,40,770.00,"30,800.00"
2019-02-24,2019022401004945,NLG,39,49,45,775.00,"34,875.00"
2019-02-24,2019022401004944,NLG,25,49,55,775.00,"42,625.00"
2019-02-24,2019022401005295,NLIC,43,37,50,995.00,"49,750.00"
2019-02-24,2019022401005269,NLIC,43,36,25,995.00,"24,875.00"
2019-02-24,2019022401004922,NLIC,45,58,50,999.00,"49,950.00"
2019-02-24,2019022401005347,NMB,28,17,273,301.00,"82,173.00"
2019-02-24,2019022401005261,NMB,54,43,50,301.00,"15,050.00"
2019-02-24,2019022401005260,NMB,16,43,30,301.00,"9,030.00"
2019-02-24,2019022401005259,NMB,1,43,100,301.00,"30,100.00"
2019-02-24,2019022401005258,NMB,21,43,200,301.00,"60,200.00"
2019-02-24,2019022401005257,NMB,17,43,20,301.00,"6,020.00"
2019-02-24,2019022401005007,NMB,21,51,1,300.00,300.00
2019-02-24,2019022401004971,NMB,25,33,150,302.00,"45,300.00"
2019-02-24,2019022401005058,NMB,21,21,1,296.00,296.00
2019-02-24,2019022401005029,NMB,57,37,11,302.00,"3,322.00"
2019-02-24,2019022401005028,NMB,57,17,11,302.00,"3,322.00"
2019-02-24,2019022401005027,NMB,57,17,11,302.00,"3,322.00"
2019-02-24,2019022401005026,NMB,57,33,228,302.00,"68,856.00"
2019-02-24,2019022401005025,NMB,21,51,1,300.00,300.00
2019-02-24,2019022401005256,NMB,32,43,100,301.00,"30,100.00"
2019-02-24,2019022401005255,NMB,1,43,200,301.00,"60,200.00"
2019-02-24,2019022401005254,NMB,49,43,200,301.00,"60,200.00"
2019-02-24,2019022401005253,NMB,34,43,75,301.00,"22,575.00"
2019-02-24,2019022401005133,NMB,28,28,11,302.00,"3,322.00"
2019-02-24,2019022401005093,NMB,57,55,587,303.00,"177,861.00"
2019-02-24,2019022401005266,NMBMF,58,13,62,"1,024.00","63,488.00"
2019-02-24,2019022401005251,NMFBS,22,46,100,"1,615.00","161,500.00"
2019-02-24,2019022401005250,NMFBS,43,46,100,"1,615.00","161,500.00"
2019-02-24,2019022401005249,NMFBS,28,46,100,"1,616.00","161,600.00"
2019-02-24,2019022401005291,NSEWA,58,58,10,542.00,"5,420.00"
2019-02-24,2019022401005330,NUBL,37,22,50,712.00,"35,600.00"
2019-02-24,2019022401005325,NUBL,7,22,100,713.00,"71,300.00"
2019-02-24,2019022401005313,NUBL,35,22,10,715.00,"7,150.00"
2019-02-24,2019022401005312,NUBL,35,22,20,715.00,"14,300.00"
2019-02-24,2019022401005236,PCBL,40,40,1,304.00,304.00
2019-02-24,2019022401005356,PIC,34,46,50,988.00,"49,400.00"
2019-02-24,2019022401005355,PIC,28,46,50,988.00,"49,400.00"
2019-02-24,2019022401005354,PIC,28,46,10,988.00,"9,880.00"
2019-02-24,2019022401005353,PIC,51,46,200,988.00,"197,600.00"
2019-02-24,2019022401005352,PIC,57,46,50,989.00,"49,450.00"
2019-02-24,2019022401005351,PIC,28,46,50,990.00,"49,500.00"
2019-02-24,2019022401004894,PIC,40,40,1,992.00,992.00
2019-02-24,2019022401004876,PIC,33,48,11,991.00,"10,901.00"
2019-02-24,2019022401004863,PIC,33,10,11,991.00,"10,901.00"
2019-02-24,2019022401004862,PIC,33,16,11,991.00,"10,901.00"
2019-02-24,2019022401005296,PIC,28,42,11,992.00,"10,912.00"
2019-02-24,2019022401005290,PIC,11,37,16,990.00,"15,840.00"
2019-02-24,2019022401005289,PIC,33,37,34,991.00,"33,694.00"
2019-02-24,2019022401004909,PIC,33,48,11,991.00,"10,901.00"
2019-02-24,2019022401005307,PMHPL,56,48,10,105.00,"1,050.00"
2019-02-24,2019022401005304,PMHPL,58,58,10,106.00,"1,060.00"
2019-02-24,2019022401005245,PMHPL,39,39,10,106.00,"1,060.00"
2019-02-24,2019022401005223,PMHPL,56,48,10,105.00,"1,050.00"
2019-02-24,2019022401005203,PMHPL,56,20,10,105.00,"1,050.00"
2019-02-24,2019022401005107,PMHPL,56,20,10,105.00,"1,050.00"
2019-02-24,2019022401004901,PMHPL,56,16,10,105.00,"1,050.00"
2019-02-24,2019022401005054,PMHPL,39,39,10,106.00,"1,060.00"
2019-02-24,2019022401005020,PMHPL,56,43,10,105.00,"1,050.00"
2019-02-24,2019022401004977,PMHPL,39,39,10,106.00,"1,060.00"
2019-02-24,2019022401004964,PMHPL,56,48,10,105.00,"1,050.00"
2019-02-24,2019022401004927,PMHPL,56,20,10,105.00,"1,050.00"
2019-02-24,2019022401004923,PMHPL,56,48,10,105.00,"1,050.00"
2019-02-24,2019022401005180,PRIN,56,53,200,404.00,"80,800.00"
2019-02-24,2019022401005179,PRIN,13,53,100,404.00,"40,400.00"
2019-02-24,2019022401004877,PRIN,45,53,20,407.00,"8,140.00"
2019-02-24,2019022401005350,PRVU,38,51,559,208.00,"116,272.00"
2019-02-24,2019022401005349,PRVU,56,51,13,208.00,"2,704.00"
2019-02-24,2019022401005343,PRVU,56,44,14,208.00,"2,912.00"
2019-02-24,2019022401005337,PRVU,56,10,21,208.00,"4,368.00"
2019-02-24,2019022401005042,PRVU,56,10,21,208.00,"4,368.00"
2019-02-24,2019022401005131,PURBL,34,33,43,150.00,"6,450.00"
2019-02-24,2019022401005036,PURBL,45,33,10,150.00,"1,500.00"
2019-02-24,2019022401004970,RADHI,37,48,11,152.00,"1,672.00"
2019-02-24,2019022401005283,RBCL,58,32,10,"9,002.00","90,020.00"
2019-02-24,2019022401005282,RBCL,39,32,10,"9,005.00","90,050.00"
2019-02-24,2019022401005207,RHPC,1,32,500,86.00,"43,000.00"
2019-02-24,2019022401005308,RMDC,38,17,50,520.00,"26,000.00"
2019-02-24,2019022401005210,RRHP,57,20,10,89.00,890.00
2019-02-24,2019022401005116,RRHP,57,20,10,89.00,890.00
2019-02-24,2019022401005006,RRHP,57,29,10,89.00,890.00
2019-02-24,2019022401004974,RRHP,57,57,10,90.00,900.00
2019-02-24,2019022401004969,RRHP,19,51,10,89.00,890.00
2019-02-24,2019022401004972,RSDC,16,16,2,370.00,740.00
2019-02-24,2019022401004950,RSDC,16,16,2,370.00,740.00
2019-02-24,2019022401005033,SADBL,42,28,50,138.00,"6,900.00"
2019-02-24,2019022401005316,SAEF,6,28,"2,000",8.52,"17,040.00"
2019-02-24,2019022401005315,SAEF,47,28,200,8.52,"1,704.00"
2019-02-24,2019022401005181,SAEF,47,28,"4,000",8.52,"34,080.00"
2019-02-24,2019022401005268,SANIMA,40,6,10,289.00,"2,890.00"
2019-02-24,2019022401005135,SANIMA,56,6,100,289.00,"28,900.00"
2019-02-24,2019022401005037,SANIMA,42,6,50,289.00,"14,450.00"
2019-02-24,2019022401004875,SANIMA,32,6,100,289.00,"28,900.00"
2019-02-24,2019022401005012,SBBLJ,20,54,700,202.00,"141,400.00"
2019-02-24,2019022401005011,SBBLJ,18,54,100,203.00,"20,300.00"
2019-02-24,2019022401005010,SBBLJ,6,54,460,203.00,"93,380.00"
2019-02-24,2019022401005009,SBBLJ,21,54,20,204.00,"4,080.00"
2019-02-24,2019022401005008,SBBLJ,21,54,20,204.00,"4,080.00"
2019-02-24,2019022401005147,SBL,13,26,36,275.00,"9,900.00"
2019-02-24,2019022401005146,SBL,5,26,100,275.00,"27,500.00"
2019-02-24,2019022401005145,SBL,1,26,19,275.00,"5,225.00"
2019-02-24,2019022401005294,SCB,38,13,50,530.00,"26,500.00"
2019-02-24,2019022401005112,SCB,22,14,20,529.00,"10,580.00"
2019-02-24,2019022401005111,SCB,52,14,20,529.00,"10,580.00"
2019-02-24,2019022401005110,SCB,38,14,60,529.00,"31,740.00"
2019-02-24,2019022401005070,SCB,38,33,20,529.00,"10,580.00"
2019-02-24,2019022401005225,SHINE,16,7,86,236.00,"20,296.00"
2019-02-24,2019022401005336,SIL,41,45,40,589.00,"23,560.00"
2019-02-24,2019022401004908,SIL,25,6,50,589.00,"29,450.00"
2019-02-24,2019022401005247,SLBSL,8,5,10,771.00,"7,710.00"
2019-02-24,2019022401005229,SLBSL,49,48,10,772.00,"7,720.00"
2019-02-24,2019022401005106,SLBSL,49,10,10,772.00,"7,720.00"
2019-02-24,2019022401005071,SLBSL,49,10,10,772.00,"7,720.00"
2019-02-24,2019022401004998,SLBSL,8,55,10,771.00,"7,710.00"
2019-02-24,2019022401004978,SLBSL,8,55,10,771.00,"7,710.00"
2019-02-24,2019022401005160,SLICL,32,11,50,521.00,"26,050.00"
2019-02-24,2019022401005159,SLICL,14,11,80,522.00,"41,760.00"
2019-02-24,2019022401005158,SLICL,39,11,12,523.00,"6,276.00"
2019-02-24,2019022401004956,SLICL,39,57,70,525.00,"36,750.00"
2019-02-24,2019022401005252,SPDL,45,48,15,87.00,"1,305.00"
2019-02-24,2019022401005192,SPDL,45,48,15,87.00,"1,305.00"
2019-02-24,2019022401005154,SPDL,45,48,15,87.00,"1,305.00"
2019-02-24,2019022401005109,SPDL,45,48,15,87.00,"1,305.00"
2019-02-24,2019022401005095,SPDL,38,38,15,88.00,"1,320.00"
2019-02-24,2019022401005063,SPDL,45,48,15,87.00,"1,305.00"
2019-02-24,2019022401005265,UMHL,32,48,14,108.00,"1,512.00"
2019-02-24,2019022401005227,UMHL,32,48,14,108.00,"1,512.00"
2019-02-24,2019022401005205,UMHL,32,48,14,108.00,"1,512.00"
2019-02-24,2019022401005169,UMHL,32,48,14,108.00,"1,512.00"
2019-02-24,2019022401005117,UMHL,32,48,14,108.00,"1,512.00"
2019-02-24,2019022401005072,UMHL,32,48,14,108.00,"1,512.00"
2019-02-24,2019022401005344,UPPER,7,49,40,220.00,"8,800.00"
2019-02-24,2019022401005338,UPPER,58,45,40,221.00,"8,840.00"
2019-02-24,2019022401005335,UPPER,7,58,40,220.00,"8,800.00"
2019-02-24,2019022401005317,UPPER,7,48,50,220.00,"11,000.00"
2019-02-24,2019022401005274,UPPER,7,36,50,220.00,"11,000.00"
2019-02-24,2019022401004861,UPPER,58,38,40,220.00,"8,800.00"
2019-02-24,2019022401004858,UPPER,58,38,40,220.00,"8,800.00"
2019-02-24,2019022401004884,UPPER,40,45,100,221.00,"22,100.00"
2019-02-24,2019022401004882,UPPER,58,38,40,220.00,"8,800.00"
2019-02-24,2019022401004874,UPPER,58,16,50,220.00,"11,000.00"
2019-02-24,2019022401004872,UPPER,58,38,40,220.00,"8,800.00"
2019-02-24,2019022401004914,UPPER,58,38,40,220.00,"8,800.00"
2019-02-24,2019022401004899,UPPER,58,38,50,220.00,"11,000.00"
2019-02-24,2019022401004898,UPPER,58,38,50,220.00,"11,000.00"
2019-02-24,2019022401004890,UPPER,58,38,40,220.00,"8,800.00"
2019-02-24,2019022401004932,UPPER,58,48,10,220.00,"2,200.00"
2019-02-24,2019022401004929,UPPER,58,38,50,220.00,"11,000.00"
2019-02-24,2019022401004921,UPPER,58,16,50,220.00,"11,000.00"
2019-02-24,2019022401004920,UPPER,40,45,100,221.00,"22,100.00"
2019-02-24,2019022401004916,UPPER,58,38,50,220.00,"11,000.00"
2019-02-24,2019022401004958,UPPER,50,51,50,220.00,"11,000.00"
2019-02-24,2019022401004948,UPPER,50,38,40,220.00,"8,800.00"
2019-02-24,2019022401004938,UPPER,50,38,50,220.00,"11,000.00"
2019-02-24,2019022401004934,UPPER,50,20,10,220.00,"2,200.00"
2019-02-24,2019022401004933,UPPER,50,48,30,220.00,"6,600.00"
2019-02-24,2019022401005005,UPPER,38,51,50,220.00,"11,000.00"
2019-02-24,2019022401005000,UPPER,38,42,40,220.00,"8,800.00"
2019-02-24,2019022401004986,UPPER,38,21,50,220.00,"11,000.00"
2019-02-24,2019022401004975,UPPER,38,48,50,220.00,"11,000.00"
2019-02-24,2019022401004967,UPPER,38,38,20,220.00,"4,400.00"
2019-02-24,2019022401004966,UPPER,50,38,20,220.00,"4,400.00"
2019-02-24,2019022401005032,UPPER,38,38,40,220.00,"8,800.00"
2019-02-24,2019022401005031,UPPER,38,20,40,220.00,"8,800.00"
2019-02-24,2019022401005024,UPPER,38,51,50,220.00,"11,000.00"
2019-02-24,2019022401005021,UPPER,38,19,40,220.00,"8,800.00"
2019-02-24,2019022401005092,UPPER,38,33,40,220.00,"8,800.00"
2019-02-24,2019022401005091,UPPER,38,38,50,220.00,"11,000.00"
2019-02-24,2019022401005078,UPPER,38,38,50,220.00,"11,000.00"
2019-02-24,2019022401005062,UPPER,38,38,50,220.00,"11,000.00"
2019-02-24,2019022401005041,UPPER,38,38,50,220.00,"11,000.00"
2019-02-24,2019022401005137,UPPER,38,7,40,220.00,"8,800.00"
2019-02-24,2019022401005132,UPPER,38,38,50,220.00,"11,000.00"
2019-02-24,2019022401005121,UPPER,38,20,40,220.00,"8,800.00"
2019-02-24,2019022401005118,UPPER,38,38,50,220.00,"11,000.00"
2019-02-24,2019022401005108,UPPER,38,38,50,220.00,"11,000.00"
2019-02-24,2019022401005105,UPPER,38,42,50,220.00,"11,000.00"
2019-02-24,2019022401005201,UPPER,7,38,30,220.00,"6,600.00"
2019-02-24,2019022401005200,UPPER,38,38,20,220.00,"4,400.00"
2019-02-24,2019022401005157,UPPER,17,45,40,221.00,"8,840.00"
2019-02-24,2019022401005156,UPPER,38,38,40,220.00,"8,800.00"
2019-02-24,2019022401005148,UPPER,38,7,40,220.00,"8,800.00"
2019-02-24,2019022401005263,UPPER,7,36,50,220.00,"11,000.00"
2019-02-24,2019022401005238,UPPER,7,48,50,220.00,"11,000.00"
2019-02-24,2019022401005224,UPPER,7,38,40,220.00,"8,800.00"
2019-02-24,2019022401005208,UPPER,7,36,50,220.00,"11,000.00"
2019-02-24,2019022401004771,ADBL,56,42,20,329.00,"6,580.00"
2019-02-24,2019022401004669,ADBL,6,42,100,330.00,"33,000.00"
2019-02-24,2019022401004503,ADBL,42,59,34,330.00,"11,220.00"
2019-02-24,2019022401004495,ADBL,56,42,31,329.00,"10,199.00"
2019-02-24,2019022401004476,ADBL,49,59,100,330.00,"33,000.00"
2019-02-24,2019022401004794,AHPC,26,52,10,98.00,980.00
2019-02-24,2019022401004835,AKJCL,29,20,20,77.00,"1,540.00"
2019-02-24,2019022401004758,AKJCL,29,39,20,77.00,"1,540.00"
2019-02-24,2019022401004747,AKJCL,39,22,20,78.00,"1,560.00"
2019-02-24,2019022401004679,AKJCL,29,39,20,77.00,"1,540.00"
2019-02-24,2019022401004671,AKJCL,39,22,20,78.00,"1,560.00"
2019-02-24,2019022401004537,AKJCL,29,51,20,77.00,"1,540.00"
2019-02-24,2019022401004511,AKJCL,29,51,20,77.00,"1,540.00"
2019-02-24,2019022401004678,AKPL,58,38,13,151.00,"1,963.00"
2019-02-24,2019022401004639,AKPL,58,58,13,151.00,"1,963.00"
2019-02-24,2019022401004796,AMFI,28,16,10,682.00,"6,820.00"
2019-02-24,2019022401004750,AMFI,28,42,10,682.00,"6,820.00"
2019-02-24,2019022401004715,AMFI,28,42,10,682.00,"6,820.00"
2019-02-24,2019022401004718,API,38,57,370,124.00,"45,880.00"
2019-02-24,2019022401004507,BHBL,50,4,500,131.00,"65,500.00"
2019-02-24,2019022401004384,BHBL,34,4,200,131.00,"26,200.00"
2019-02-24,2019022401004383,BHBL,50,4,500,131.00,"65,500.00"
2019-02-24,2019022401004382,BHBL,32,4,200,132.00,"26,400.00"
2019-02-24,2019022401004381,BHBL,38,4,100,132.00,"13,200.00"
2019-02-24,2019022401004378,BHBL,28,4,500,133.00,"66,500.00"
2019-02-24,2019022401004526,BOKL,38,13,100,242.00,"24,200.00"
2019-02-24,2019022401004412,BOKL,37,17,500,240.00,"120,000.00"
2019-02-24,2019022401004853,BPCL,5,20,20,348.00,"6,960.00"
2019-02-24,2019022401004837,BPCL,5,42,10,348.00,"3,480.00"
2019-02-24,2019022401004823,BPCL,5,16,30,348.00,"10,440.00"
2019-02-24,2019022401004822,BPCL,5,16,30,348.00,"10,440.00"
2019-02-24,2019022401004739,BPCL,5,16,20,348.00,"6,960.00"
2019-02-24,2019022401004704,BPCL,5,19,30,348.00,"10,440.00"
2019-02-24,2019022401004696,BPCL,5,16,30,348.00,"10,440.00"
2019-02-24,2019022401004572,BPCL,5,21,100,348.00,"34,800.00"
2019-02-24,2019022401004612,CBL,38,11,25,148.00,"3,700.00"
2019-02-24,2019022401004611,CBL,25,11,200,148.00,"29,600.00"
2019-02-24,2019022401004610,CBL,49,11,200,148.00,"29,600.00"
2019-02-24,2019022401004413,CBL,45,14,100,149.00,"14,900.00"
2019-02-24,2019022401004648,CCBL,43,6,22,159.00,"3,498.00"
2019-02-24,2019022401004592,CHCL,16,33,250,502.00,"125,500.00"
2019-02-24,2019022401004540,CHCL,38,33,100,502.00,"50,200.00"
2019-02-24,2019022401004506,CHCL,16,33,150,502.00,"75,300.00"
2019-02-24,2019022401004854,CHLBS,36,55,10,587.00,"5,870.00"
2019-02-24,2019022401004850,CHLBS,36,34,10,587.00,"5,870.00"
2019-02-24,2019022401004830,CHLBS,58,34,10,588.00,"5,880.00"
2019-02-24,2019022401004821,CHLBS,58,8,10,588.00,"5,880.00"
2019-02-24,2019022401004806,CHLBS,58,34,10,588.00,"5,880.00"
2019-02-24,2019022401004797,CHLBS,58,8,10,588.00,"5,880.00"
2019-02-24,2019022401004379,CHLBS,36,42,10,587.00,"5,870.00"
2019-02-24,2019022401004368,CHLBS,36,42,10,587.00,"5,870.00"
2019-02-24,2019022401004364,CHLBS,36,42,10,587.00,"5,870.00"
2019-02-24,2019022401004399,CHLBS,25,25,10,588.00,"5,880.00"
2019-02-24,2019022401004397,CHLBS,25,49,10,588.00,"5,880.00"
2019-02-24,2019022401004396,CHLBS,25,25,10,588.00,"5,880.00"
2019-02-24,2019022401004391,CHLBS,25,25,10,588.00,"5,880.00"
2019-02-24,2019022401004386,CHLBS,25,25,10,588.00,"5,880.00"
2019-02-24,2019022401004380,CHLBS,36,41,10,587.00,"5,870.00"
2019-02-24,2019022401004480,CHLBS,52,58,10,588.00,"5,880.00"
2019-02-24,2019022401004479,CHLBS,52,7,10,588.00,"5,880.00"
2019-02-24,2019022401004470,CHLBS,52,7,10,588.00,"5,880.00"
2019-02-24,2019022401004465,CHLBS,52,25,10,588.00,"5,880.00"
2019-02-24,2019022401004408,CHLBS,52,7,10,588.00,"5,880.00"
2019-02-24,2019022401004406,CHLBS,52,49,10,588.00,"5,880.00"
2019-02-24,2019022401004513,CHLBS,17,25,10,589.00,"5,890.00"
2019-02-24,2019022401004494,CHLBS,49,58,10,588.00,"5,880.00"
2019-02-24,2019022401004489,CHLBS,52,58,10,588.00,"5,880.00"
2019-02-24,2019022401004485,CHLBS,52,7,10,588.00,"5,880.00"
2019-02-24,2019022401004483,CHLBS,52,58,10,588.00,"5,880.00"
2019-02-24,2019022401004482,CHLBS,52,7,10,588.00,"5,880.00"
2019-02-24,2019022401004542,CHLBS,55,1,10,590.00,"5,900.00"
2019-02-24,2019022401004541,CHLBS,55,1,10,590.00,"5,900.00"
2019-02-24,2019022401004538,CHLBS,17,25,10,589.00,"5,890.00"
2019-02-24,2019022401004530,CHLBS,17,25,10,589.00,"5,890.00"
2019-02-24,2019022401004523,CHLBS,17,7,10,589.00,"5,890.00"
2019-02-24,2019022401004519,CHLBS,17,25,10,589.00,"5,890.00"
2019-02-24,2019022401004549,CHLBS,49,44,10,590.00,"5,900.00"
2019-02-24,2019022401004548,CHLBS,49,1,10,590.00,"5,900.00"
2019-02-24,2019022401004547,CHLBS,49,44,10,590.00,"5,900.00"
2019-02-24,2019022401004546,CHLBS,49,44,10,590.00,"5,900.00"
2019-02-24,2019022401004544,CHLBS,17,25,10,589.00,"5,890.00"
2019-02-24,2019022401004543,CHLBS,17,38,10,589.00,"5,890.00"
2019-02-24,2019022401004566,CHLBS,25,58,10,589.00,"5,890.00"
2019-02-24,2019022401004558,CHLBS,55,21,10,589.00,"5,890.00"
2019-02-24,2019022401004557,CHLBS,55,58,10,589.00,"5,890.00"
2019-02-24,2019022401004554,CHLBS,17,7,10,589.00,"5,890.00"
2019-02-24,2019022401004553,CHLBS,17,21,10,589.00,"5,890.00"
2019-02-24,2019022401004550,CHLBS,17,58,10,589.00,"5,890.00"
2019-02-24,2019022401004625,CHLBS,35,1,10,590.00,"5,900.00"
2019-02-24,2019022401004624,CHLBS,35,21,10,590.00,"5,900.00"
2019-02-24,2019022401004623,CHLBS,35,1,10,590.00,"5,900.00"
2019-02-24,2019022401004622,CHLBS,35,1,10,590.00,"5,900.00"
2019-02-24,2019022401004621,CHLBS,35,25,10,589.00,"5,890.00"
2019-02-24,2019022401004591,CHLBS,49,42,10,588.00,"5,880.00"
2019-02-24,2019022401004631,CHLBS,35,1,10,590.00,"5,900.00"
2019-02-24,2019022401004630,CHLBS,35,1,10,590.00,"5,900.00"
2019-02-24,2019022401004629,CHLBS,35,1,10,590.00,"5,900.00"
2019-02-24,2019022401004628,CHLBS,35,1,10,590.00,"5,900.00"
2019-02-24,2019022401004627,CHLBS,35,21,10,590.00,"5,900.00"
2019-02-24,2019022401004626,CHLBS,35,1,10,590.00,"5,900.00"
2019-02-24,2019022401004711,CHLBS,49,28,10,588.00,"5,880.00"
2019-02-24,2019022401004677,CHLBS,49,28,10,588.00,"5,880.00"
2019-02-24,2019022401004663,CHLBS,49,5,10,588.00,"5,880.00"
2019-02-24,2019022401004640,CHLBS,49,28,10,588.00,"5,880.00"
2019-02-24,2019022401004633,CHLBS,35,1,10,590.00,"5,900.00"
2019-02-24,2019022401004632,CHLBS,35,1,10,590.00,"5,900.00"
2019-02-24,2019022401004765,CHLBS,58,8,10,588.00,"5,880.00"
2019-02-24,2019022401004761,CHLBS,58,42,10,588.00,"5,880.00"
2019-02-24,2019022401004755,CHLBS,49,8,10,588.00,"5,880.00"
2019-02-24,2019022401004738,CHLBS,49,8,10,588.00,"5,880.00"
2019-02-24,2019022401004730,CHLBS,49,28,10,588.00,"5,880.00"
2019-02-24,2019022401004717,CHLBS,49,47,10,588.00,"5,880.00"
2019-02-24,2019022401004787,CHLBS,58,47,10,588.00,"5,880.00"
2019-02-24,2019022401004786,CHLBS,58,34,10,588.00,"5,880.00"
2019-02-24,2019022401004777,CHLBS,58,8,10,588.00,"5,880.00"
2019-02-24,2019022401004775,CHLBS,29,1,10,590.00,"5,900.00"
2019-02-24,2019022401004774,CHLBS,29,48,10,590.00,"5,900.00"
2019-02-24,2019022401004769,CHLBS,58,25,10,588.00,"5,880.00"
2019-02-24,2019022401004838,CIT,36,35,100,"2,510.00","251,000.00"
2019-02-24,2019022401004745,CZBIL,34,16,10,200.00,"2,000.00"
2019-02-24,2019022401004394,CZBIL,55,28,20,201.00,"4,020.00"
2019-02-24,2019022401004393,CZBIL,17,28,430,201.00,"86,430.00"
2019-02-24,2019022401004757,EBL,37,52,78,506.00,"39,468.00"
2019-02-24,2019022401004539,EBL,38,45,100,507.00,"50,700.00"
2019-02-24,2019022401004490,EBL,4,45,50,507.00,"25,350.00"
2019-02-24,2019022401004359,EBL,37,41,20,506.00,"10,120.00"
2019-02-24,2019022401004848,GBBL,32,16,100,181.00,"18,100.00"
2019-02-24,2019022401004762,GBLBS,34,28,10,430.00,"4,300.00"
2019-02-24,2019022401004740,GBLBS,38,38,10,434.00,"4,340.00"
2019-02-24,2019022401004721,GBLBS,34,20,10,430.00,"4,300.00"
2019-02-24,2019022401004714,GBLBS,34,28,10,430.00,"4,300.00"
2019-02-24,2019022401004684,GBLBS,34,42,10,430.00,"4,300.00"
2019-02-24,2019022401004504,GDBL,13,16,14,178.00,"2,492.00"
2019-02-24,2019022401004682,GLICL,58,44,738,675.00,"498,150.00"
2019-02-24,2019022401004607,GLICL,47,29,100,673.00,"67,300.00"
2019-02-24,2019022401004389,GLICL,58,45,170,670.00,"113,900.00"
2019-02-24,2019022401004589,GRDBL,57,42,60,102.00,"6,120.00"
2019-02-24,2019022401004588,GRDBL,59,42,50,103.00,"5,150.00"
2019-02-24,2019022401004803,HBL,59,52,17,429.00,"7,293.00"
2019-02-24,2019022401004802,HBL,22,52,21,430.00,"9,030.00"
2019-02-24,2019022401004804,HGI,45,32,20,374.00,"7,480.00"
