Date,Transact. No.,Symbol,Buyer,Seller,Quantity,Rate,Amount
2021-01-19,2021011903029492,ALBSL,21,47,10,"1,324.00","13,240.00"
2021-01-19,2021011903029440,BBC,52,39,55,"3,265.00","179,575.00"
2021-01-19,2021011903029439,BBC,52,45,26,"3,265.00","84,890.00"
2021-01-19,2021011903029278,BBC,42,45,30,"3,265.00","97,950.00"
2021-01-19,2021011903029477,BFC,59,34,300,161.00,"48,300.00"
2021-01-19,2021011903029463,BFC,59,29,200,161.00,"32,200.00"
2021-01-19,2021011903029462,BFC,43,29,300,161.00,"48,300.00"
2021-01-19,2021011903029281,BFC,59,52,54,164.00,"8,856.00"
2021-01-19,2021011903029250,BFC,37,47,500,164.00,"82,000.00"
2021-01-19,2021011903029249,BFC,37,52,50,164.00,"8,200.00"
2021-01-19,2021011903029248,BFC,37,36,500,161.00,"80,500.00"
2021-01-19,2021011903029247,BFC,37,46,200,160.00,"32,000.00"
2021-01-19,2021011903029246,BFC,37,22,100,158.00,"15,800.00"
2021-01-19,2021011903029304,CBBL,22,48,100,"1,370.00","137,000.00"
2021-01-19,2021011903029434,CIT,35,43,10,"3,460.00","34,600.00"
2021-01-19,2021011903029253,CIT,34,58,10,"3,454.00","34,540.00"
2021-01-19,2021011903029252,CIT,21,58,50,"3,454.00","172,700.00"
2021-01-19,2021011903029490,CLBSL,57,49,40,"1,035.00","41,400.00"
2021-01-19,2021011903029489,CLBSL,34,49,15,"1,038.00","15,570.00"
2021-01-19,2021011903029488,CLBSL,8,49,200,"1,040.00","208,000.00"
2021-01-19,2021011903029487,CLBSL,42,49,100,"1,040.00","104,000.00"
2021-01-19,2021011903029486,CLBSL,16,49,145,"1,040.00","150,800.00"
2021-01-19,2021011903029240,CLBSL,16,57,355,"1,040.00","369,200.00"
2021-01-19,2021011903029225,CLBSL,58,57,65,"1,040.00","67,600.00"
2021-01-19,2021011903029167,CLBSL,57,57,80,"1,040.00","83,200.00"
2021-01-19,2021011903029084,CLBSL,34,58,35,"1,038.00","36,330.00"
2021-01-19,2021011903029158,CMF2,43,42,100,10.33,"1,033.00"
2021-01-19,2021011903029336,DDBL,46,35,140,"1,665.00","233,100.00"
2021-01-19,2021011903029237,DDBL,58,35,50,"1,665.00","83,250.00"
2021-01-19,2021011903029228,DDBL,34,35,10,"1,665.00","16,650.00"
2021-01-19,2021011903029189,DDBL,57,35,52,"1,665.00","86,580.00"
2021-01-19,2021011903029176,DDBL,22,35,10,"1,665.00","16,650.00"
2021-01-19,2021011903029090,DDBL,37,35,100,"1,665.00","166,500.00"
2021-01-19,2021011903029089,DDBL,42,35,200,"1,665.00","333,000.00"
2021-01-19,2021011903029088,DDBL,52,29,50,"1,665.00","83,250.00"
2021-01-19,2021011903029087,DDBL,58,29,50,"1,665.00","83,250.00"
2021-01-19,2021011903029437,EDBL,6,56,300,397.00,"119,100.00"
2021-01-19,2021011903029414,FMDBL,34,41,10,682.00,"6,820.00"
2021-01-19,2021011903029285,FMDBL,34,41,65,682.00,"44,330.00"
2021-01-19,2021011903029192,FMDBL,17,57,50,684.00,"34,200.00"
2021-01-19,2021011903029236,FOWAD,7,28,10,"2,520.00","25,200.00"
2021-01-19,2021011903029498,GBBL,58,21,10,360.00,"3,600.00"
2021-01-19,2021011903029409,GBBL,4,7,"4,732",355.00,"1,679,860.00"
2021-01-19,2021011903029408,GBBL,7,7,200,355.00,"71,000.00"
2021-01-19,2021011903029407,GBBL,5,7,500,355.00,"177,500.00"
2021-01-19,2021011903029406,GBBL,40,7,100,355.00,"35,500.00"
2021-01-19,2021011903029405,GBBL,33,7,30,355.00,"10,650.00"
2021-01-19,2021011903029386,GBBL,49,7,500,359.00,"179,500.00"
2021-01-19,2021011903029373,GBBL,49,53,500,359.00,"179,500.00"
2021-01-19,2021011903029326,GBBL,57,32,500,358.00,"179,000.00"
2021-01-19,2021011903029097,GBBL,58,32,100,358.00,"35,800.00"
2021-01-19,2021011903029392,GBBL,51,7,50,356.00,"17,800.00"
2021-01-19,2021011903029391,GBBL,16,7,"1,828",356.00,"650,768.00"
2021-01-19,2021011903029390,GBBL,57,7,300,357.00,"107,100.00"
2021-01-19,2021011903029389,GBBL,58,7,100,357.00,"35,700.00"
2021-01-19,2021011903029388,GBBL,26,7,500,357.00,"178,500.00"
2021-01-19,2021011903029387,GBBL,49,7,100,357.00,"35,700.00"
2021-01-19,2021011903029398,GBBL,1,7,100,355.00,"35,500.00"
2021-01-19,2021011903029397,GBBL,41,7,70,355.00,"24,850.00"
2021-01-19,2021011903029396,GBBL,14,7,400,356.00,"142,400.00"
2021-01-19,2021011903029395,GBBL,38,7,300,356.00,"106,800.00"
2021-01-19,2021011903029394,GBBL,25,7,30,356.00,"10,680.00"
2021-01-19,2021011903029393,GBBL,42,7,285,356.00,"101,460.00"
2021-01-19,2021011903029404,GBBL,46,7,200,355.00,"71,000.00"
2021-01-19,2021011903029403,GBBL,45,7,75,355.00,"26,625.00"
2021-01-19,2021011903029402,GBBL,49,7,100,355.00,"35,500.00"
2021-01-19,2021011903029401,GBBL,16,7,300,355.00,"106,500.00"
2021-01-19,2021011903029400,GBBL,1,7,200,355.00,"71,000.00"
2021-01-19,2021011903029399,GBBL,48,7,500,355.00,"177,500.00"
2021-01-19,2021011903029442,GBLBS,17,57,24,675.00,"16,200.00"
2021-01-19,2021011903029441,GBLBS,17,28,26,675.00,"17,550.00"
2021-01-19,2021011903029272,GBLBS,13,56,760,672.00,"510,720.00"
2021-01-19,2021011903029086,GBLBS,40,56,300,674.00,"202,200.00"
2021-01-19,2021011903029262,GFCL,42,21,300,240.00,"72,000.00"
2021-01-19,2021011903029100,GILB,46,26,77,"1,570.00","120,890.00"
2021-01-19,2021011903029099,GILB,46,50,23,"1,570.00","36,110.00"
2021-01-19,2021011903029456,GIMES1,21,3,"10,000",12.92,"129,200.00"
2021-01-19,2021011903029455,GLBSL,33,14,"1,000","1,084.00","1,084,000.00"
2021-01-19,2021011903029454,GLBSL,14,14,100,"1,084.00","108,400.00"
2021-01-19,2021011903029453,GLBSL,57,14,50,"1,085.00","54,250.00"
2021-01-19,2021011903029452,GLBSL,50,14,100,"1,085.00","108,500.00"
2021-01-19,2021011903029451,GLBSL,48,14,10,"1,085.00","10,850.00"
2021-01-19,2021011903029450,GLBSL,48,14,10,"1,085.00","10,850.00"
2021-01-19,2021011903029449,GLBSL,48,14,10,"1,085.00","10,850.00"
2021-01-19,2021011903029448,GLBSL,32,14,10,"1,088.00","10,880.00"
2021-01-19,2021011903029436,GLBSL,32,17,10,"1,088.00","10,880.00"
2021-01-19,2021011903029193,GLBSL,21,49,30,"1,095.00","32,850.00"
2021-01-19,2021011903029523,GLICL,26,47,50,677.00,"33,850.00"
2021-01-19,2021011903029287,GLICL,58,56,10,678.00,"6,780.00"
2021-01-19,2021011903029241,GLICL,10,25,114,679.00,"77,406.00"
2021-01-19,2021011903029083,GLICL,52,44,25,678.00,"16,950.00"
2021-01-19,2021011903029082,GLICL,52,38,105,678.00,"71,190.00"
2021-01-19,2021011903029289,GMFIL,45,49,50,212.00,"10,600.00"
2021-01-19,2021011903029484,GRDBL,45,17,10,172.00,"1,720.00"
2021-01-19,2021011903029220,GRDBL,43,21,446,170.00,"75,820.00"
2021-01-19,2021011903029219,GRDBL,49,21,854,170.00,"145,180.00"
2021-01-19,2021011903029218,GRDBL,51,21,200,171.00,"34,200.00"
2021-01-19,2021011903029497,HIDCL,39,5,585,327.00,"191,295.00"
2021-01-19,2021011903029496,HIDCL,21,5,50,327.00,"16,350.00"
2021-01-19,2021011903029495,HIDCL,13,5,50,327.00,"16,350.00"
2021-01-19,2021011903029494,HIDCL,58,5,40,327.00,"13,080.00"
2021-01-19,2021011903029493,HIDCL,58,5,51,328.00,"16,728.00"
2021-01-19,2021011903029482,HIDCL,58,3,"2,449",328.00,"803,272.00"
2021-01-19,2021011903029059,HIDCL,17,3,"1,000",329.00,"329,000.00"
2021-01-19,2021011903029058,HIDCL,41,3,"1,000",329.00,"329,000.00"
2021-01-19,2021011903029057,HIDCL,41,3,"1,000",329.00,"329,000.00"
2021-01-19,2021011903029056,HIDCL,46,3,50,329.00,"16,450.00"
2021-01-19,2021011903029055,HIDCL,10,3,200,329.00,"65,800.00"
2021-01-19,2021011903029054,HIDCL,41,3,500,329.00,"164,500.00"
2021-01-19,2021011903029065,HIDCL,59,3,500,328.00,"164,000.00"
2021-01-19,2021011903029064,HIDCL,36,3,500,328.00,"164,000.00"
2021-01-19,2021011903029063,HIDCL,57,3,500,328.00,"164,000.00"
2021-01-19,2021011903029062,HIDCL,39,3,"1,000",328.00,"328,000.00"
2021-01-19,2021011903029061,HIDCL,46,3,"1,000",328.00,"328,000.00"
2021-01-19,2021011903029060,HIDCL,7,3,200,328.00,"65,600.00"
2021-01-19,2021011903029071,HIDCL,45,3,100,328.00,"32,800.00"
2021-01-19,2021011903029070,HIDCL,42,3,40,328.00,"13,120.00"
2021-01-19,2021011903029069,HIDCL,53,3,"1,000",328.00,"328,000.00"
2021-01-19,2021011903029068,HIDCL,45,3,50,328.00,"16,400.00"
2021-01-19,2021011903029067,HIDCL,43,3,50,328.00,"16,400.00"
2021-01-19,2021011903029066,HIDCL,1,3,100,328.00,"32,800.00"
2021-01-19,2021011903029243,HIDCL,22,3,410,328.00,"134,480.00"
2021-01-19,2021011903029242,HIDCL,58,3,100,328.00,"32,800.00"
2021-01-19,2021011903029195,HIDCL,59,58,300,327.00,"98,100.00"
2021-01-19,2021011903029177,HIDCL,59,35,35,327.00,"11,445.00"
2021-01-19,2021011903029171,HIDCL,10,3,200,328.00,"65,600.00"
2021-01-19,2021011903029096,HIDCL,45,3,200,328.00,"65,600.00"
2021-01-19,2021011903029334,HIDCL,49,3,"1,000",328.00,"328,000.00"
2021-01-19,2021011903029331,HIDCL,58,57,60,327.00,"19,620.00"
2021-01-19,2021011903029330,HIDCL,56,57,120,327.00,"39,240.00"
2021-01-19,2021011903029329,HIDCL,59,57,20,327.00,"6,540.00"
2021-01-19,2021011903029303,HIDCL,58,3,100,328.00,"32,800.00"
2021-01-19,2021011903029244,HIDCL,57,3,300,328.00,"98,400.00"
2021-01-19,2021011903029157,ICFC,32,13,30,311.00,"9,330.00"
2021-01-19,2021011903029156,ICFC,32,41,70,310.00,"21,700.00"
2021-01-19,2021011903029377,ILBS,36,34,40,"1,370.00","54,800.00"
2021-01-19,2021011903029376,ILBS,52,34,10,"1,370.00","13,700.00"
2021-01-19,2021011903029375,ILBS,57,34,100,"1,371.00","137,100.00"
2021-01-19,2021011903029374,ILBS,34,34,50,"1,385.00","69,250.00"
2021-01-19,2021011903029485,JBBL,54,16,10,226.00,"2,260.00"
2021-01-19,2021011903029238,JBBL,49,35,812,224.00,"181,888.00"
2021-01-19,2021011903029191,JBBL,41,35,400,225.00,"90,000.00"
2021-01-19,2021011903029473,JFL,37,50,283,301.00,"85,183.00"
2021-01-19,2021011903029472,JFL,37,58,70,301.00,"21,070.00"
2021-01-19,2021011903029471,JFL,37,32,20,301.00,"6,020.00"
2021-01-19,2021011903029470,JFL,37,42,27,301.00,"8,127.00"
2021-01-19,2021011903029469,JFL,37,21,600,301.00,"180,600.00"
2021-01-19,2021011903029295,JFL,39,42,113,301.00,"34,013.00"
2021-01-19,2021011903029294,JFL,39,32,10,301.00,"3,010.00"
2021-01-19,2021011903029293,JFL,39,49,377,301.00,"113,477.00"
2021-01-19,2021011903029276,JFL,52,49,20,301.00,"6,020.00"
2021-01-19,2021011903029480,KMCDB,29,43,50,"1,166.00","58,300.00"
2021-01-19,2021011903029479,KMCDB,13,43,10,"1,166.00","11,660.00"
2021-01-19,2021011903029335,KMCDB,25,29,10,"1,167.00","11,670.00"
2021-01-19,2021011903029187,KRBL,42,38,60,154.00,"9,240.00"
2021-01-19,2021011903029433,KSBBL,17,41,100,288.00,"28,800.00"
2021-01-19,2021011903029428,KSBBL,45,35,102,287.00,"29,274.00"
2021-01-19,2021011903029422,KSBBL,20,21,300,287.00,"86,100.00"
2021-01-19,2021011903029280,KSBBL,20,49,300,287.00,"86,100.00"
2021-01-19,2021011903029227,KSBBL,8,58,50,286.00,"14,300.00"
2021-01-19,2021011903029161,KSBBL,11,49,50,287.00,"14,350.00"
2021-01-19,2021011903029073,KSBBL,57,49,200,287.00,"57,400.00"
2021-01-19,2021011903029072,KSBBL,51,49,50,287.00,"14,350.00"
2021-01-19,2021011903029085,KSBBL,42,49,100,287.00,"28,700.00"
2021-01-19,2021011903029078,KSBBL,20,49,200,287.00,"57,400.00"
2021-01-19,2021011903029077,KSBBL,21,49,100,287.00,"28,700.00"
2021-01-19,2021011903029076,KSBBL,34,49,100,287.00,"28,700.00"
2021-01-19,2021011903029075,KSBBL,45,49,200,287.00,"57,400.00"
2021-01-19,2021011903029074,KSBBL,49,49,500,287.00,"143,500.00"
2021-01-19,2021011903029288,LBBL,5,21,90,240.00,"21,600.00"
2021-01-19,2021011903029292,LLBS,50,40,10,"1,590.00","15,900.00"
2021-01-19,2021011903029257,LLBS,50,18,250,"1,580.00","395,000.00"
2021-01-19,2021011903029256,LLBS,50,38,50,"1,580.00","79,000.00"
2021-01-19,2021011903029255,LLBS,50,41,10,"1,579.00","15,790.00"
2021-01-19,2021011903029254,LLBS,50,20,387,"1,579.00","611,073.00"
2021-01-19,2021011903029446,MERO,26,34,100,"1,029.00","102,900.00"
2021-01-19,2021011903029413,MERO,32,34,10,"1,029.00","10,290.00"
2021-01-19,2021011903029163,MERO,39,34,100,"1,029.00","102,900.00"
2021-01-19,2021011903029162,MERO,45,34,100,"1,029.00","102,900.00"
2021-01-19,2021011903029531,MFIL,58,4,250,435.00,"108,750.00"
2021-01-19,2021011903029525,MFIL,58,41,10,436.00,"4,360.00"
2021-01-19,2021011903029465,MFIL,58,48,560,433.00,"242,480.00"
2021-01-19,2021011903029302,MFIL,57,48,850,433.00,"368,050.00"
2021-01-19,2021011903029301,MFIL,38,48,150,434.00,"65,100.00"
2021-01-19,2021011903029300,MFIL,43,48,440,434.00,"190,960.00"
2021-01-19,2021011903029235,MFIL,38,41,300,436.00,"130,800.00"
2021-01-19,2021011903029234,MFIL,38,41,300,436.00,"130,800.00"
2021-01-19,2021011903029233,MFIL,38,34,100,436.00,"43,600.00"
2021-01-19,2021011903029504,MLBBL,36,58,10,"1,470.00","14,700.00"
2021-01-19,2021011903029380,MLBBL,53,49,20,"1,465.00","29,300.00"
2021-01-19,2021011903029529,MMFDB,21,32,200,"1,335.00","267,000.00"
2021-01-19,2021011903029476,MMFDB,21,34,200,"1,330.00","266,000.00"
2021-01-19,2021011903029427,MMFDB,57,32,100,"1,335.00","133,500.00"
2021-01-19,2021011903029312,MMFDB,21,32,300,"1,335.00","400,500.00"
2021-01-19,2021011903029447,MNBBL,35,16,150,393.00,"58,950.00"
2021-01-19,2021011903029310,MNBBL,35,58,362,393.00,"142,266.00"
2021-01-19,2021011903029309,MNBBL,35,3,300,393.00,"117,900.00"
2021-01-19,2021011903029533,MPFL,51,43,35,172.00,"6,020.00"
2021-01-19,2021011903029080,MPFL,29,43,130,172.00,"22,360.00"
2021-01-19,2021011903029079,MPFL,29,41,100,172.00,"17,200.00"
2021-01-19,2021011903029426,MSLB,26,21,50,"1,805.00","90,250.00"
2021-01-19,2021011903029164,MSLB,11,21,10,"1,805.00","18,050.00"
2021-01-19,2021011903029217,NABBC,28,28,"6,732",679.00,"4,571,028.00"
2021-01-19,2021011903029216,NABBC,22,28,50,679.00,"33,950.00"
2021-01-19,2021011903029215,NABBC,52,28,100,679.00,"67,900.00"
2021-01-19,2021011903029214,NABBC,37,28,100,679.00,"67,900.00"
2021-01-19,2021011903029213,NABBC,45,28,200,679.00,"135,800.00"
2021-01-19,2021011903029212,NABBC,58,28,10,679.00,"6,790.00"
2021-01-19,2021011903029205,NABBC,41,28,500,679.00,"339,500.00"
2021-01-19,2021011903029204,NABBC,56,28,10,679.00,"6,790.00"
2021-01-19,2021011903029203,NABBC,22,28,200,679.00,"135,800.00"
2021-01-19,2021011903029202,NABBC,57,28,100,679.00,"67,900.00"
2021-01-19,2021011903029201,NABBC,45,28,20,679.00,"13,580.00"
2021-01-19,2021011903029211,NABBC,10,28,100,679.00,"67,900.00"
2021-01-19,2021011903029210,NABBC,50,28,50,679.00,"33,950.00"
2021-01-19,2021011903029209,NABBC,20,28,200,679.00,"135,800.00"
2021-01-19,2021011903029208,NABBC,6,28,100,679.00,"67,900.00"
2021-01-19,2021011903029207,NABBC,21,28,20,679.00,"13,580.00"
2021-01-19,2021011903029206,NABBC,1,28,200,679.00,"135,800.00"
2021-01-19,2021011903029432,NEF,35,21,"1,483",10.88,"16,135.04"
2021-01-19,2021011903029502,NLBBL,8,50,500,"1,290.00","645,000.00"
2021-01-19,2021011903029501,NLBBL,16,50,64,"1,290.00","82,560.00"
2021-01-19,2021011903029500,NLBBL,45,50,10,"1,290.00","12,900.00"
2021-01-19,2021011903029522,NLIC,40,49,94,"2,689.00","252,766.00"
2021-01-19,2021011903029521,NLIC,26,49,26,"2,689.00","69,914.00"
2021-01-19,2021011903029491,NLIC,26,11,24,"2,689.00","64,536.00"
2021-01-19,2021011903029478,NLIC,43,45,25,"2,690.00","67,250.00"
2021-01-19,2021011903029420,NLIC,46,37,20,"2,690.00","53,800.00"
2021-01-19,2021011903029416,NLIC,59,55,7,"2,689.00","18,823.00"
2021-01-19,2021011903029098,NLIC,58,36,40,"2,689.00","107,560.00"
2021-01-19,2021011903029093,NLIC,17,36,30,"2,689.00","80,670.00"
2021-01-19,2021011903029092,NLIC,57,36,650,"2,689.00","1,747,850.00"
2021-01-19,2021011903029200,NLIC,34,44,10,"2,690.00","26,900.00"
2021-01-19,2021011903029199,NLIC,34,47,90,"2,689.00","242,010.00"
2021-01-19,2021011903029196,NLIC,42,47,10,"2,689.00","26,890.00"
2021-01-19,2021011903029175,NLIC,29,42,50,"2,687.00","134,350.00"
2021-01-19,2021011903029174,NLIC,58,36,20,"2,689.00","53,780.00"
2021-01-19,2021011903029168,NLIC,47,36,100,"2,689.00","268,900.00"
2021-01-19,2021011903029297,NLIC,32,56,118,"2,689.00","317,302.00"
2021-01-19,2021011903029290,NLIC,32,57,20,"2,689.00","53,780.00"
2021-01-19,2021011903029284,NLIC,41,44,50,"2,690.00","134,500.00"
2021-01-19,2021011903029245,NLIC,32,43,62,"2,687.00","166,594.00"
2021-01-19,2021011903029224,NLIC,6,56,40,"2,687.00","107,480.00"
2021-01-19,2021011903029223,NLIC,18,56,10,"2,687.00","26,870.00"
2021-01-19,2021011903029370,NLIC,32,38,10,"2,690.00","26,900.00"
2021-01-19,2021011903029369,NLIC,32,56,100,"2,690.00","269,000.00"
2021-01-19,2021011903029368,NLIC,32,44,122,"2,690.00","328,180.00"
2021-01-19,2021011903029367,NLIC,32,57,247,"2,689.00","664,183.00"
2021-01-19,2021011903029299,NLIC,38,56,22,"2,688.00","59,136.00"
2021-01-19,2021011903029298,NLIC,37,56,20,"2,689.00","53,780.00"
2021-01-19,2021011903029415,NLIC,59,52,50,"2,689.00","134,450.00"
2021-01-19,2021011903029385,NLIC,59,52,43,"2,689.00","115,627.00"
2021-01-19,2021011903029384,NLIC,43,52,10,"2,689.00","26,890.00"
2021-01-19,2021011903029383,NLIC,32,52,100,"2,689.00","268,900.00"
2021-01-19,2021011903029382,NLIC,21,52,10,"2,689.00","26,890.00"
2021-01-19,2021011903029371,NLIC,32,37,21,"2,690.00","56,490.00"
2021-01-19,2021011903029365,NLICL,57,57,100,"1,070.00","107,000.00"
2021-01-19,2021011903029364,NLICL,57,57,100,"1,070.00","107,000.00"
2021-01-19,2021011903029271,NMB50,56,47,100,11.21,"1,121.00"
2021-01-19,2021011903029258,NMFBS,32,17,20,"2,434.00","48,680.00"
2021-01-19,2021011903029532,NRIC,34,32,50,"1,493.00","74,650.00"
2021-01-19,2021011903029505,NRIC,50,32,30,"1,491.00","44,730.00"
2021-01-19,2021011903029483,NRIC,45,32,100,"1,493.00","149,300.00"
2021-01-19,2021011903029466,NRIC,19,32,50,"1,493.00","74,650.00"
2021-01-19,2021011903029464,NRIC,29,32,10,"1,493.00","14,930.00"
2021-01-19,2021011903029460,NRIC,50,59,130,"1,491.00","193,830.00"
2021-01-19,2021011903029115,NRIC,48,48,100,"1,499.00","149,900.00"
2021-01-19,2021011903029114,NRIC,26,48,90,"1,499.00","134,910.00"
2021-01-19,2021011903029101,NRIC,21,47,50,"1,500.00","75,000.00"
2021-01-19,2021011903029081,NRIC,57,47,100,"1,500.00","150,000.00"
2021-01-19,2021011903029121,NRIC,44,48,20,"1,498.00","29,960.00"
2021-01-19,2021011903029120,NRIC,43,48,160,"1,498.00","239,680.00"
2021-01-19,2021011903029119,NRIC,58,48,29,"1,499.00","43,471.00"
2021-01-19,2021011903029118,NRIC,7,48,50,"1,499.00","74,950.00"
2021-01-19,2021011903029117,NRIC,14,48,40,"1,499.00","59,960.00"
2021-01-19,2021011903029116,NRIC,7,48,50,"1,499.00","74,950.00"
2021-01-19,2021011903029127,NRIC,21,48,11,"1,497.00","16,467.00"
2021-01-19,2021011903029126,NRIC,44,48,10,"1,497.00","14,970.00"
2021-01-19,2021011903029125,NRIC,16,48,500,"1,498.00","749,000.00"
2021-01-19,2021011903029124,NRIC,5,48,10,"1,498.00","14,980.00"
2021-01-19,2021011903029123,NRIC,56,48,10,"1,498.00","14,980.00"
2021-01-19,2021011903029122,NRIC,47,48,20,"1,498.00","29,960.00"
2021-01-19,2021011903029197,NRIC,52,48,25,"1,498.00","37,450.00"
2021-01-19,2021011903029188,NRIC,28,48,40,"1,498.00","59,920.00"
2021-01-19,2021011903029179,NRIC,38,48,50,"1,498.00","74,900.00"
2021-01-19,2021011903029178,NRIC,13,48,100,"1,498.00","149,800.00"
2021-01-19,2021011903029173,NRIC,29,48,200,"1,498.00","299,600.00"
2021-01-19,2021011903029165,NRIC,41,48,100,"1,498.00","149,800.00"
2021-01-19,2021011903029267,NRIC,21,48,500,"1,498.00","749,000.00"
2021-01-19,2021011903029251,NRIC,26,48,100,"1,498.00","149,800.00"
2021-01-19,2021011903029231,NRIC,33,48,10,"1,498.00","14,980.00"
2021-01-19,2021011903029230,NRIC,51,48,20,"1,498.00","29,960.00"
2021-01-19,2021011903029229,NRIC,52,48,70,"1,498.00","104,860.00"
2021-01-19,2021011903029226,NRIC,29,48,125,"1,498.00","187,250.00"
2021-01-19,2021011903029313,NRIC,21,37,469,"1,497.00","702,093.00"
2021-01-19,2021011903029307,NRIC,41,48,20,"1,498.00","29,960.00"
2021-01-19,2021011903029291,NRIC,49,48,100,"1,498.00","149,800.00"
2021-01-19,2021011903029282,NRIC,56,48,50,"1,498.00","74,900.00"
2021-01-19,2021011903029270,NRIC,38,48,110,"1,498.00","164,780.00"
2021-01-19,2021011903029268,NRIC,21,46,20,"1,497.00","29,940.00"
2021-01-19,2021011903029319,NRIC,38,37,60,"1,496.00","89,760.00"
2021-01-19,2021011903029318,NRIC,42,37,60,"1,496.00","89,760.00"
2021-01-19,2021011903029317,NRIC,57,37,20,"1,497.00","29,940.00"
2021-01-19,2021011903029316,NRIC,25,37,20,"1,497.00","29,940.00"
2021-01-19,2021011903029315,NRIC,41,37,100,"1,497.00","149,700.00"
2021-01-19,2021011903029314,NRIC,29,37,50,"1,497.00","74,850.00"
2021-01-19,2021011903029325,NRIC,52,37,86,"1,496.00","128,656.00"
2021-01-19,2021011903029324,NRIC,53,37,50,"1,496.00","74,800.00"
2021-01-19,2021011903029323,NRIC,52,37,10,"1,496.00","14,960.00"
2021-01-19,2021011903029322,NRIC,48,37,20,"1,496.00","29,920.00"
2021-01-19,2021011903029321,NRIC,25,37,20,"1,496.00","29,920.00"
2021-01-19,2021011903029320,NRIC,44,37,90,"1,496.00","134,640.00"
2021-01-19,2021011903029341,NRIC,50,32,50,"1,495.00","74,750.00"
2021-01-19,2021011903029340,NRIC,44,32,100,"1,495.00","149,500.00"
2021-01-19,2021011903029339,NRIC,47,32,50,"1,495.00","74,750.00"
2021-01-19,2021011903029338,NRIC,49,32,11,"1,495.00","16,445.00"
2021-01-19,2021011903029337,NRIC,52,32,214,"1,496.00","320,144.00"
2021-01-19,2021011903029333,NRIC,45,48,24,"1,498.00","35,952.00"
2021-01-19,2021011903029347,NRIC,57,32,100,"1,495.00","149,500.00"
2021-01-19,2021011903029346,NRIC,21,32,50,"1,495.00","74,750.00"
2021-01-19,2021011903029345,NRIC,49,32,100,"1,495.00","149,500.00"
2021-01-19,2021011903029344,NRIC,16,32,100,"1,495.00","149,500.00"
2021-01-19,2021011903029343,NRIC,11,32,10,"1,495.00","14,950.00"
2021-01-19,2021011903029342,NRIC,32,32,200,"1,495.00","299,000.00"
2021-01-19,2021011903029353,NRIC,14,32,450,"1,493.00","671,850.00"
2021-01-19,2021011903029352,NRIC,32,32,900,"1,494.00","1,344,600.00"
2021-01-19,2021011903029351,NRIC,34,32,10,"1,494.00","14,940.00"
2021-01-19,2021011903029350,NRIC,21,32,10,"1,494.00","14,940.00"
2021-01-19,2021011903029349,NRIC,26,32,50,"1,494.00","74,700.00"
2021-01-19,2021011903029348,NRIC,25,32,200,"1,495.00","299,000.00"
2021-01-19,2021011903029359,NRIC,36,32,200,"1,493.00","298,600.00"
2021-01-19,2021011903029358,NRIC,52,32,100,"1,493.00","149,300.00"
2021-01-19,2021011903029357,NRIC,36,32,600,"1,493.00","895,800.00"
2021-01-19,2021011903029356,NRIC,51,32,10,"1,493.00","14,930.00"
2021-01-19,2021011903029355,NRIC,49,32,20,"1,493.00","29,860.00"
2021-01-19,2021011903029354,NRIC,57,32,20,"1,493.00","29,860.00"
2021-01-19,2021011903029410,NRIC,52,32,50,"1,493.00","74,650.00"
2021-01-19,2021011903029366,NRIC,14,32,100,"1,493.00","149,300.00"
2021-01-19,2021011903029363,NRIC,26,32,100,"1,493.00","149,300.00"
2021-01-19,2021011903029362,NRIC,1,32,500,"1,493.00","746,500.00"
2021-01-19,2021011903029361,NRIC,58,32,165,"1,493.00","246,345.00"
2021-01-19,2021011903029360,NRIC,59,32,100,"1,493.00","149,300.00"
2021-01-19,2021011903029459,NRIC,50,59,100,"1,491.00","149,100.00"
2021-01-19,2021011903029458,NRIC,59,59,50,"1,492.00","74,600.00"
2021-01-19,2021011903029457,NRIC,1,59,10,"1,492.00","14,920.00"
2021-01-19,2021011903029444,NRIC,52,32,40,"1,493.00","59,720.00"
2021-01-19,2021011903029421,NRIC,6,32,25,"1,493.00","37,325.00"
2021-01-19,2021011903029412,NRIC,33,32,40,"1,493.00","59,720.00"
2021-01-19,2021011903029222,NRN,22,5,100,365.00,"36,500.00"
2021-01-19,2021011903029194,NRN,22,56,100,365.00,"36,500.00"
2021-01-19,2021011903029159,NRN,50,22,10,365.00,"3,650.00"
2021-01-19,2021011903029095,NRN,57,58,10,366.00,"3,660.00"
2021-01-19,2021011903029094,NRN,57,32,10,366.00,"3,660.00"
2021-01-19,2021011903029503,NTC,57,56,50,"1,340.00","67,000.00"
2021-01-19,2021011903029411,NTC,41,56,50,"1,340.00","67,000.00"
2021-01-19,2021011903029296,NTC,51,3,30,"1,339.00","40,170.00"
2021-01-19,2021011903029232,NTC,53,51,100,"1,340.00","134,000.00"
2021-01-19,2021011903029185,NTC,34,51,900,"1,340.00","1,206,000.00"
2021-01-19,2021011903029184,NTC,34,38,100,"1,340.00","134,000.00"
2021-01-19,2021011903029183,NTC,34,59,150,"1,340.00","201,000.00"
2021-01-19,2021011903029182,NTC,34,58,"1,500","1,340.00","2,010,000.00"
2021-01-19,2021011903029181,NTC,34,3,100,"1,339.00","133,900.00"
2021-01-19,2021011903029180,NTC,34,3,250,"1,339.00","334,750.00"
2021-01-19,2021011903029091,NTC,54,3,100,"1,339.00","133,900.00"
2021-01-19,2021011903029443,NUBL,39,55,100,"1,493.00","149,300.00"
2021-01-19,2021011903029468,OHL,45,57,50,488.00,"24,400.00"
2021-01-19,2021011903029467,OHL,41,57,50,489.00,"24,450.00"
2021-01-19,2021011903029198,PFL,39,41,10,214.00,"2,140.00"
2021-01-19,2021011904000016,PLI,34,21,10,359.00,"3,590.00"
2021-01-19,2021011904000015,PLI,34,22,10,359.00,"3,590.00"
2021-01-19,2021011904000014,PLI,34,35,10,359.00,"3,590.00"
2021-01-19,2021011904000013,PLI,34,53,10,359.00,"3,590.00"
2021-01-19,2021011904000012,PLI,34,44,10,359.00,"3,590.00"
2021-01-19,2021011904000011,PLI,34,16,10,359.00,"3,590.00"
2021-01-19,2021011904000004,PLI,48,50,10,351.00,"3,510.00"
2021-01-19,2021011904000003,PLI,59,42,10,345.00,"3,450.00"
2021-01-19,2021011904000002,PLI,48,45,10,339.00,"3,390.00"
2021-01-19,2021011904000001,PLI,48,17,10,333.00,"3,330.00"
2021-01-19,2021011904000010,PLI,34,16,10,359.00,"3,590.00"
2021-01-19,2021011904000009,PLI,34,22,10,359.00,"3,590.00"
2021-01-19,2021011904000008,PLI,34,16,10,359.00,"3,590.00"
2021-01-19,2021011904000007,PLI,34,16,10,359.00,"3,590.00"
2021-01-19,2021011904000006,PLI,34,22,10,359.00,"3,590.00"
2021-01-19,2021011904000005,PLI,14,14,10,358.00,"3,580.00"
2021-01-19,2021011903029417,PLIC,16,39,394,825.00,"325,050.00"
2021-01-19,2021011903029328,PLIC,54,39,39,828.00,"32,292.00"
2021-01-19,2021011903029327,PLIC,54,26,111,827.00,"91,797.00"
2021-01-19,2021011903029269,PLIC,16,59,106,825.00,"87,450.00"
2021-01-19,2021011903029155,PROFL,20,29,"1,000",165.00,"165,000.00"
2021-01-19,2021011903029154,PROFL,20,32,40,165.00,"6,600.00"
2021-01-19,2021011903029153,PROFL,20,51,500,165.00,"82,500.00"
2021-01-19,2021011903029152,PROFL,20,10,"1,000",165.00,"165,000.00"
2021-01-19,2021011903029151,PROFL,20,32,50,165.00,"8,250.00"
2021-01-19,2021011903029150,PROFL,20,42,"1,000",165.00,"165,000.00"
2021-01-19,2021011903029131,PROFL,20,45,100,163.00,"16,300.00"
2021-01-19,2021011903029130,PROFL,20,45,"1,000",163.00,"163,000.00"
2021-01-19,2021011903029129,PROFL,20,3,800,163.00,"130,400.00"
2021-01-19,2021011903029128,PROFL,20,40,889,163.00,"144,907.00"
2021-01-19,2021011903029137,PROFL,20,45,400,164.00,"65,600.00"
2021-01-19,2021011903029136,PROFL,20,34,920,164.00,"150,880.00"
2021-01-19,2021011903029135,PROFL,20,45,550,164.00,"90,200.00"
2021-01-19,2021011903029134,PROFL,20,55,100,163.00,"16,300.00"
2021-01-19,2021011903029133,PROFL,20,58,40,163.00,"6,520.00"
2021-01-19,2021011903029132,PROFL,20,38,200,163.00,"32,600.00"
2021-01-19,2021011903029143,PROFL,20,7,"1,000",165.00,"165,000.00"
2021-01-19,2021011903029142,PROFL,20,55,500,165.00,"82,500.00"
2021-01-19,2021011903029141,PROFL,20,41,250,165.00,"41,250.00"
2021-01-19,2021011903029140,PROFL,20,10,600,165.00,"99,000.00"
2021-01-19,2021011903029139,PROFL,20,29,150,165.00,"24,750.00"
2021-01-19,2021011903029138,PROFL,20,16,465,165.00,"76,725.00"
2021-01-19,2021011903029149,PROFL,20,50,130,165.00,"21,450.00"
2021-01-19,2021011903029148,PROFL,20,55,200,165.00,"33,000.00"
2021-01-19,2021011903029147,PROFL,20,45,"1,000",165.00,"165,000.00"
2021-01-19,2021011903029146,PROFL,20,45,800,165.00,"132,000.00"
2021-01-19,2021011903029145,PROFL,20,45,"1,000",165.00,"165,000.00"
2021-01-19,2021011903029144,PROFL,20,34,"3,000",165.00,"495,000.00"
2021-01-19,2021011903029435,RLFL,58,42,10,198.00,"1,980.00"
2021-01-19,2021011903029381,RLFL,51,35,500,196.00,"98,000.00"
2021-01-19,2021011903029286,RLFL,39,14,22,197.00,"4,334.00"
2021-01-19,2021011903029166,RLFL,44,58,500,197.00,"98,500.00"
2021-01-19,2021011903029190,RLI,51,7,40,626.00,"25,040.00"
2021-01-19,2021011903029113,RLI,57,59,60,625.00,"37,500.00"
2021-01-19,2021011903029112,RLI,16,59,30,625.00,"18,750.00"
2021-01-19,2021011903029111,RLI,58,59,20,625.00,"12,500.00"
2021-01-19,2021011903029110,RLI,39,59,100,625.00,"62,500.00"
2021-01-19,2021011903029109,RLI,42,59,250,625.00,"156,250.00"
2021-01-19,2021011903029108,RLI,38,59,90,625.00,"56,250.00"
2021-01-19,2021011903029107,RLI,6,59,200,625.00,"125,000.00"
2021-01-19,2021011903029106,RLI,41,59,20,625.00,"12,500.00"
2021-01-19,2021011903029105,RLI,58,59,100,625.00,"62,500.00"
2021-01-19,2021011903029104,RLI,22,59,30,625.00,"18,750.00"
2021-01-19,2021011903029103,RLI,1,59,100,625.00,"62,500.00"
2021-01-19,2021011903029261,RMDC,49,42,165,"1,162.00","191,730.00"
2021-01-19,2021011903029260,RMDC,47,42,25,"1,163.00","29,075.00"
2021-01-19,2021011903029259,RMDC,57,42,10,"1,163.00","11,630.00"
2021-01-19,2021011903029431,RSDC,39,49,15,682.00,"10,230.00"
2021-01-19,2021011903029430,RSDC,49,49,100,682.00,"68,200.00"
2021-01-19,2021011903029429,RSDC,54,49,85,683.00,"58,055.00"
2021-01-19,2021011903029419,RSDC,49,14,24,685.00,"16,440.00"
2021-01-19,2021011903029418,RSDC,49,41,76,685.00,"52,060.00"
2021-01-19,2021011903029221,RSDC,17,49,50,684.00,"34,200.00"
2021-01-19,2021011903029461,SABSL,49,25,27,"1,278.00","34,506.00"
2021-01-19,2021011903029445,SABSL,45,25,10,"1,278.00","12,780.00"
2021-01-19,2021011903029170,SABSL,45,44,313,"1,270.00","397,510.00"
2021-01-19,2021011903029475,SADBL,56,38,436,210.00,"91,560.00"
2021-01-19,2021011903029474,SADBL,56,3,41,210.00,"8,610.00"
2021-01-19,2021011903029372,SADBL,32,3,50,210.00,"10,500.00"
2021-01-19,2021011903029277,SADBL,35,3,149,210.00,"31,290.00"
2021-01-19,2021011903029306,SAEF,10,48,"7,000",12.70,"88,900.00"
2021-01-19,2021011903029305,SAEF,10,48,"3,000",12.70,"38,100.00"
2021-01-19,2021011903029379,SAPDBL,29,19,50,172.00,"8,600.00"
2021-01-19,2021011903029378,SAPDBL,29,6,350,172.00,"60,200.00"
2021-01-19,2021011903029311,SAPDBL,17,6,150,172.00,"25,800.00"
2021-01-19,2021011903029102,SDLBSL,34,16,100,"1,250.00","125,000.00"
2021-01-19,2021011903029499,SFCL,35,40,111,169.00,"18,759.00"
2021-01-19,2021011903029308,SFCL,8,40,10,169.00,"1,690.00"
2021-01-19,2021011903029266,SFCL,41,25,348,168.00,"58,464.00"
2021-01-19,2021011903029265,SFCL,41,50,130,168.00,"21,840.00"
2021-01-19,2021011903029264,SFCL,41,17,85,168.00,"14,280.00"
2021-01-19,2021011903029263,SFCL,41,17,90,168.00,"15,120.00"
2021-01-19,2021011903029425,SHINE,59,38,246,265.00,"65,190.00"
2021-01-19,2021011903029424,SHINE,57,38,150,265.00,"39,750.00"
2021-01-19,2021011903029423,SHINE,39,38,10,265.00,"2,650.00"
2021-01-19,2021011903029275,SHINE,34,38,200,266.00,"53,200.00"
2021-01-19,2021011903029274,SHINE,34,38,256,266.00,"68,096.00"
2021-01-19,2021011903029273,SHINE,22,38,138,266.00,"36,708.00"
2021-01-19,2021011903029169,SHINE,34,53,200,267.00,"53,400.00"
2021-01-19,2021011903029481,SIFC,49,14,120,216.00,"25,920.00"
2021-01-19,2021011903029279,SIFC,57,6,500,217.00,"108,500.00"
2021-01-19,2021011903029519,SKBBL,35,10,13,"1,670.00","21,710.00"
2021-01-19,2021011903029518,SKBBL,35,17,200,"1,670.00","334,000.00"
2021-01-19,2021011903029517,SKBBL,35,58,50,"1,670.00","83,500.00"
2021-01-19,2021011903029516,SKBBL,35,7,101,"1,670.00","168,670.00"
2021-01-19,2021011903029515,SKBBL,35,1,31,"1,670.00","51,770.00"
2021-01-19,2021011903029514,SKBBL,35,44,60,"1,669.00","100,140.00"
2021-01-19,2021011903029507,SKBBL,35,20,40,"1,660.00","66,400.00"
2021-01-19,2021011903029513,SKBBL,35,49,20,"1,667.00","33,340.00"
2021-01-19,2021011903029512,SKBBL,35,45,261,"1,667.00","435,087.00"
2021-01-19,2021011903029511,SKBBL,35,29,50,"1,666.00","83,300.00"
2021-01-19,2021011903029510,SKBBL,35,43,50,"1,666.00","83,300.00"
2021-01-19,2021011903029509,SKBBL,35,7,25,"1,660.00","41,500.00"
2021-01-19,2021011903029508,SKBBL,35,54,25,"1,660.00","41,500.00"
2021-01-19,2021011903029537,SLBBL,16,28,45,"1,284.00","57,780.00"
2021-01-19,2021011903029536,SLBBL,33,28,25,"1,284.00","32,100.00"
2021-01-19,2021011903029535,SLBBL,41,28,100,"1,284.00","128,400.00"
2021-01-19,2021011903029534,SLBBL,14,6,100,"1,285.00","128,500.00"
2021-01-19,2021011903029506,SLBBL,47,6,35,"1,285.00","44,975.00"
2021-01-19,2021011903029160,SLBBL,47,28,100,"1,284.00","128,400.00"
2021-01-19,2021011903029530,SLBS,50,33,38,"1,470.00","55,860.00"
2021-01-19,2021011903029332,SLICL,5,52,45,810.00,"36,450.00"
2021-01-19,2021011903029239,SLICL,5,41,50,810.00,"40,500.00"
2021-01-19,2021011903029172,SLICL,3,26,50,809.00,"40,450.00"
2021-01-19,2021011903029438,SMFDB,21,43,50,"1,148.00","57,400.00"
2021-01-19,2021011903029186,SNLB,14,52,100,"1,178.00","117,800.00"
2021-01-19,2021011903029524,STC,29,6,10,"8,174.00","81,740.00"
2021-01-19,2021011903029528,SWBBL,53,42,10,"1,859.00","18,590.00"
2021-01-19,2021011903029527,SWBBL,53,32,10,"1,850.00","18,500.00"
2021-01-19,2021011903029526,SWBBL,53,41,100,"1,850.00","185,000.00"
2021-01-19,2021011903029283,UFL,39,14,30,318.00,"9,540.00"
2021-01-19,2021011903029520,VLBS,3,38,10,"1,225.00","12,250.00"
2021-01-19,2021011903028695,ACLBSL,49,43,17,"1,351.00","22,967.00"
2021-01-19,2021011903028558,ACLBSL,34,8,10,"1,350.00","13,500.00"
2021-01-19,2021011903028839,ALBSL,49,58,11,"1,315.00","14,465.00"
2021-01-19,2021011903028620,ALBSL,49,49,150,"1,315.00","197,250.00"
2021-01-19,2021011903029013,ALICL,40,49,19,"1,097.00","20,843.00"
2021-01-19,2021011903029009,ALICL,58,49,40,"1,097.00","43,880.00"
2021-01-19,2021011903028869,ALICL,16,49,500,"1,097.00","548,500.00"
2021-01-19,2021011903028868,ALICL,47,49,50,"1,097.00","54,850.00"
2021-01-19,2021011903028867,ALICL,51,49,500,"1,097.00","548,500.00"
2021-01-19,2021011903028866,ALICL,50,49,361,"1,097.00","396,017.00"
2021-01-19,2021011903028865,ALICL,57,49,100,"1,098.00","109,800.00"
2021-01-19,2021011903028864,ALICL,48,49,200,"1,098.00","219,600.00"
2021-01-19,2021011903028863,ALICL,16,49,200,"1,098.00","219,600.00"
2021-01-19,2021011903028862,ALICL,19,49,30,"1,099.00","32,970.00"
2021-01-19,2021011903028735,BBC,37,45,20,"3,265.00","65,300.00"
2021-01-19,2021011903028831,BFC,58,45,"3,000",161.00,"483,000.00"
2021-01-19,2021011903028830,BFC,58,47,500,161.00,"80,500.00"
2021-01-19,2021011903028829,BFC,58,29,25,161.00,"4,025.00"
2021-01-19,2021011903028828,BFC,58,42,25,161.00,"4,025.00"
2021-01-19,2021011903028827,BFC,58,44,340,161.00,"54,740.00"
2021-01-19,2021011903028826,BFC,58,25,300,161.00,"48,300.00"
2021-01-19,2021011903028777,BFC,58,35,150,158.00,"23,700.00"
2021-01-19,2021011903028776,BFC,58,41,100,158.00,"15,800.00"
2021-01-19,2021011903028775,BFC,58,45,250,158.00,"39,500.00"
2021-01-19,2021011903028774,BFC,58,41,871,158.00,"137,618.00"
2021-01-19,2021011903028629,BFC,58,41,100,158.00,"15,800.00"
2021-01-19,2021011903028783,BFC,58,57,100,158.00,"15,800.00"
2021-01-19,2021011903028782,BFC,58,14,100,158.00,"15,800.00"
2021-01-19,2021011903028781,BFC,58,38,200,158.00,"31,600.00"
2021-01-19,2021011903028780,BFC,58,25,500,158.00,"79,000.00"
2021-01-19,2021011903028779,BFC,58,51,50,158.00,"7,900.00"
2021-01-19,2021011903028778,BFC,58,39,100,158.00,"15,800.00"
2021-01-19,2021011903028789,BFC,58,35,100,159.00,"15,900.00"
2021-01-19,2021011903028788,BFC,58,36,500,159.00,"79,500.00"
2021-01-19,2021011903028787,BFC,58,36,500,159.00,"79,500.00"
2021-01-19,2021011903028786,BFC,58,42,300,158.00,"47,400.00"
2021-01-19,2021011903028785,BFC,58,17,500,158.00,"79,000.00"
2021-01-19,2021011903028784,BFC,58,14,50,158.00,"7,900.00"
2021-01-19,2021011903028795,BFC,58,42,340,160.00,"54,400.00"
2021-01-19,2021011903028794,BFC,58,52,150,160.00,"24,000.00"
2021-01-19,2021011903028793,BFC,58,34,200,160.00,"32,000.00"
2021-01-19,2021011903028792,BFC,58,58,30,160.00,"4,800.00"
2021-01-19,2021011903028791,BFC,58,25,200,160.00,"32,000.00"
2021-01-19,2021011903028790,BFC,58,45,50,160.00,"8,000.00"
2021-01-19,2021011903028801,BFC,58,58,200,160.00,"32,000.00"
2021-01-19,2021011903028800,BFC,58,58,30,160.00,"4,800.00"
2021-01-19,2021011903028799,BFC,58,57,300,160.00,"48,000.00"
2021-01-19,2021011903028798,BFC,58,6,90,160.00,"14,400.00"
2021-01-19,2021011903028797,BFC,58,25,50,160.00,"8,000.00"
2021-01-19,2021011903028796,BFC,58,58,"1,000",160.00,"160,000.00"
2021-01-19,2021011903028807,BFC,58,34,100,160.00,"16,000.00"
2021-01-19,2021011903028806,BFC,58,34,100,160.00,"16,000.00"
2021-01-19,2021011903028805,BFC,58,41,200,160.00,"32,000.00"
2021-01-19,2021011903028804,BFC,58,7,30,160.00,"4,800.00"
2021-01-19,2021011903028803,BFC,58,3,10,160.00,"1,600.00"
2021-01-19,2021011903028802,BFC,58,32,10,160.00,"1,600.00"
2021-01-19,2021011903028813,BFC,58,13,900,160.00,"144,000.00"
2021-01-19,2021011903028812,BFC,58,45,200,160.00,"32,000.00"
2021-01-19,2021011903028811,BFC,58,49,941,160.00,"150,560.00"
2021-01-19,2021011903028810,BFC,58,28,100,160.00,"16,000.00"
2021-01-19,2021011903028809,BFC,58,35,300,160.00,"48,000.00"
2021-01-19,2021011903028808,BFC,58,29,100,160.00,"16,000.00"
2021-01-19,2021011903028819,BFC,58,36,500,160.00,"80,000.00"
2021-01-19,2021011903028818,BFC,58,48,53,160.00,"8,480.00"
2021-01-19,2021011903028817,BFC,58,41,200,160.00,"32,000.00"
2021-01-19,2021011903028816,BFC,58,41,500,160.00,"80,000.00"
2021-01-19,2021011903028815,BFC,58,44,40,160.00,"6,400.00"
2021-01-19,2021011903028814,BFC,58,36,500,160.00,"80,000.00"
2021-01-19,2021011903028825,BFC,58,6,100,161.00,"16,100.00"
2021-01-19,2021011903028824,BFC,58,55,600,161.00,"96,600.00"
2021-01-19,2021011903028823,BFC,58,51,500,161.00,"80,500.00"
2021-01-19,2021011903028822,BFC,58,1,200,161.00,"32,200.00"
2021-01-19,2021011903028821,BFC,58,45,480,161.00,"77,280.00"
2021-01-19,2021011903028820,BFC,58,45,100,160.00,"16,000.00"
2021-01-19,2021011903028674,CBBL,33,34,207,"1,370.00","283,590.00"
2021-01-19,2021011903028673,CBBL,33,56,70,"1,370.00","95,900.00"
2021-01-19,2021011903028672,CFCL,42,58,200,199.00,"39,800.00"
2021-01-19,2021011903028671,CFCL,52,58,200,199.00,"39,800.00"
2021-01-19,2021011903028992,CIT,26,59,10,"3,450.00","34,500.00"
2021-01-19,2021011903028991,CIT,41,59,20,"3,450.00","69,000.00"
2021-01-19,2021011903028990,CIT,35,59,10,"3,450.00","34,500.00"
2021-01-19,2021011903028989,CIT,59,59,50,"3,450.00","172,500.00"
2021-01-19,2021011903028988,CIT,40,59,100,"3,450.00","345,000.00"
2021-01-19,2021011903028987,CIT,45,59,189,"3,450.00","652,050.00"
2021-01-19,2021011903028609,CIT,35,17,30,"3,451.00","103,530.00"
2021-01-19,2021011903028608,CIT,26,17,40,"3,451.00","138,040.00"
2021-01-19,2021011903028607,CIT,6,17,20,"3,452.00","69,040.00"
2021-01-19,2021011903028606,CIT,55,17,40,"3,452.00","138,080.00"
2021-01-19,2021011903028605,CIT,49,17,20,"3,453.00","69,060.00"
2021-01-19,2021011903028615,CIT,58,17,60,"3,450.00","207,000.00"
2021-01-19,2021011903028614,CIT,29,17,10,"3,450.00","34,500.00"
2021-01-19,2021011903028613,CIT,40,17,30,"3,450.00","103,500.00"
2021-01-19,2021011903028612,CIT,56,17,10,"3,450.00","34,500.00"
2021-01-19,2021011903028611,CIT,42,17,12,"3,450.00","41,400.00"
2021-01-19,2021011903028610,CIT,57,17,20,"3,451.00","69,020.00"
2021-01-19,2021011903028924,CIT,45,59,150,"3,454.00","518,100.00"
2021-01-19,2021011903028908,CIT,45,53,11,"3,450.00","37,950.00"
2021-01-19,2021011903028907,CIT,25,53,10,"3,452.00","34,520.00"
2021-01-19,2021011903028882,CIT,25,26,40,"3,452.00","138,080.00"
2021-01-19,2021011903028857,CIT,39,26,10,"3,452.00","34,520.00"
2021-01-19,2021011903028749,CIT,50,59,20,"3,454.00","69,080.00"
2021-01-19,2021011903029003,CLBSL,20,35,20,"1,038.00","20,760.00"
2021-01-19,2021011903028996,CLBSL,22,3,100,"1,037.00","103,700.00"
2021-01-19,2021011903028848,CLBSL,17,35,80,"1,038.00","83,040.00"
2021-01-19,2021011903028757,CLBSL,3,35,100,"1,038.00","103,800.00"
2021-01-19,2021011903028977,DDBL,58,35,100,"1,667.00","166,700.00"
2021-01-19,2021011903028936,DDBL,40,35,300,"1,667.00","500,100.00"
2021-01-19,2021011903028904,DDBL,58,35,100,"1,665.00","166,500.00"
2021-01-19,2021011903028847,DDBL,58,5,16,"1,665.00","26,640.00"
2021-01-19,2021011903028634,DDBL,28,35,100,"1,667.00","166,700.00"
2021-01-19,2021011903028559,DDBL,52,35,400,"1,667.00","666,800.00"
2021-01-19,2021011903029002,FMDBL,52,57,100,684.00,"68,400.00"
2021-01-19,2021011903028985,FMDBL,49,49,10,681.00,"6,810.00"
2021-01-19,2021011903028984,FMDBL,57,49,305,681.00,"207,705.00"
2021-01-19,2021011903028983,FMDBL,49,49,"1,075",681.00,"732,075.00"
2021-01-19,2021011903028982,FMDBL,1,49,100,682.00,"68,200.00"
2021-01-19,2021011903028981,FMDBL,42,49,500,682.00,"341,000.00"
2021-01-19,2021011903028980,FMDBL,59,49,10,685.00,"6,850.00"
2021-01-19,2021011903028949,FOWAD,54,58,100,"2,515.00","251,500.00"
2021-01-19,2021011903028767,FOWAD,33,49,50,"2,515.00","125,750.00"
2021-01-19,2021011903029012,GBBL,58,32,400,358.00,"143,200.00"
2021-01-19,2021011903028917,GBLBS,10,56,105,674.00,"70,770.00"
2021-01-19,2021011903028769,GBLBS,58,28,50,675.00,"33,750.00"
2021-01-19,2021011903028722,GBLBS,10,57,100,674.00,"67,400.00"
2021-01-19,2021011903028571,GBLBS,10,49,295,674.00,"198,830.00"
2021-01-19,2021011903028570,GBLBS,57,49,10,674.00,"6,740.00"
2021-01-19,2021011903028569,GBLBS,41,49,30,674.00,"20,220.00"
2021-01-19,2021011903028568,GBLBS,19,49,80,674.00,"53,920.00"
2021-01-19,2021011903028567,GBLBS,17,49,85,674.00,"57,290.00"
2021-01-19,2021011903028720,GFCL,29,21,200,240.00,"48,000.00"
2021-01-19,2021011903028621,GILB,50,50,10,"1,570.00","15,700.00"
2021-01-19,2021011903028694,GLBSL,41,48,10,"1,098.00","10,980.00"
2021-01-19,2021011903028603,GLBSL,38,29,50,"1,090.00","54,500.00"
2021-01-19,2021011903028602,GLBSL,8,29,50,"1,090.00","54,500.00"
2021-01-19,2021011903028743,GLICL,52,41,50,677.00,"33,850.00"
2021-01-19,2021011903028742,GLICL,52,52,40,677.00,"27,080.00"
2021-01-19,2021011903028741,GLICL,52,51,140,677.00,"94,780.00"
2021-01-19,2021011903028740,GLICL,52,22,25,677.00,"16,925.00"
2021-01-19,2021011903028630,GLICL,26,22,50,677.00,"33,850.00"
2021-01-19,2021011903028594,GLICL,26,22,25,677.00,"16,925.00"
2021-01-19,2021011903028593,GLICL,26,45,25,677.00,"16,925.00"
2021-01-19,2021011903028697,GMFIL,45,41,600,212.00,"127,200.00"
2021-01-19,2021011903028696,GMFIL,45,43,274,212.00,"58,088.00"
2021-01-19,2021011903028677,GRDBL,46,21,500,171.00,"85,500.00"
2021-01-19,2021011903028676,GRDBL,33,21,200,171.00,"34,200.00"
2021-01-19,2021011903028675,GRDBL,37,21,300,171.00,"51,300.00"
2021-01-19,2021011903029053,HIDCL,58,3,500,329.00,"164,500.00"
2021-01-19,2021011903029052,HIDCL,49,3,30,329.00,"9,870.00"
2021-01-19,2021011903029051,HIDCL,59,3,150,329.00,"49,350.00"
2021-01-19,2021011903029050,HIDCL,1,3,200,329.00,"65,800.00"
2021-01-19,2021011903029049,HIDCL,19,3,646,329.00,"212,534.00"
2021-01-19,2021011903029048,HIDCL,55,3,200,330.00,"66,000.00"
2021-01-19,2021011903028598,HIDCL,41,40,100,332.00,"33,200.00"
2021-01-19,2021011903028756,HIDCL,25,40,500,332.00,"166,000.00"
2021-01-19,2021011903028744,HIDCL,55,40,200,332.00,"66,400.00"
2021-01-19,2021011903028662,HIDCL,55,59,100,331.00,"33,100.00"
2021-01-19,2021011903028661,HIDCL,53,36,8,331.00,"2,648.00"
2021-01-19,2021011903028636,HIDCL,42,40,60,332.00,"19,920.00"
2021-01-19,2021011903028604,HIDCL,55,52,11,331.00,"3,641.00"
2021-01-19,2021011903029023,HIDCL,45,3,100,331.00,"33,100.00"
2021-01-19,2021011903029022,HIDCL,55,3,59,331.00,"19,529.00"
2021-01-19,2021011903029021,HIDCL,49,3,500,331.00,"165,500.00"
2021-01-19,2021011903029020,HIDCL,34,40,200,332.00,"66,400.00"
2021-01-19,2021011903029004,HIDCL,59,40,100,332.00,"33,200.00"
2021-01-19,2021011903028933,HIDCL,49,40,100,332.00,"33,200.00"
2021-01-19,2021011903029029,HIDCL,50,3,300,331.00,"99,300.00"
2021-01-19,2021011903029028,HIDCL,22,3,100,331.00,"33,100.00"
2021-01-19,2021011903029027,HIDCL,58,3,50,331.00,"16,550.00"
2021-01-19,2021011903029026,HIDCL,45,3,100,331.00,"33,100.00"
2021-01-19,2021011903029025,HIDCL,58,3,400,331.00,"132,400.00"
2021-01-19,2021011903029024,HIDCL,38,3,100,331.00,"33,100.00"
2021-01-19,2021011903029035,HIDCL,4,3,50,330.00,"16,500.00"
2021-01-19,2021011903029034,HIDCL,25,3,200,330.00,"66,000.00"
2021-01-19,2021011903029033,HIDCL,38,3,23,330.00,"7,590.00"
2021-01-19,2021011903029032,HIDCL,35,3,200,330.00,"66,000.00"
2021-01-19,2021011903029031,HIDCL,37,3,300,330.00,"99,000.00"
2021-01-19,2021011903029030,HIDCL,58,3,32,330.00,"10,560.00"
2021-01-19,2021011903029041,HIDCL,54,3,250,330.00,"82,500.00"
2021-01-19,2021011903029040,HIDCL,16,3,"1,000",330.00,"330,000.00"
2021-01-19,2021011903029039,HIDCL,35,3,"1,000",330.00,"330,000.00"
2021-01-19,2021011903029038,HIDCL,39,3,110,330.00,"36,300.00"
2021-01-19,2021011903029037,HIDCL,32,3,500,330.00,"165,000.00"
2021-01-19,2021011903029036,HIDCL,16,3,200,330.00,"66,000.00"
2021-01-19,2021011903029047,HIDCL,57,3,100,330.00,"33,000.00"
2021-01-19,2021011903029046,HIDCL,55,3,200,330.00,"66,000.00"
2021-01-19,2021011903029045,HIDCL,29,3,100,330.00,"33,000.00"
2021-01-19,2021011903029044,HIDCL,41,3,30,330.00,"9,900.00"
2021-01-19,2021011903029043,HIDCL,41,3,"1,000",330.00,"330,000.00"
2021-01-19,2021011903029042,HIDCL,51,3,100,330.00,"33,000.00"
2021-01-19,2021011903028690,ICFC,1,14,500,308.00,"154,000.00"
2021-01-19,2021011903028689,ICFC,55,14,900,308.00,"277,200.00"
2021-01-19,2021011903028688,ICFC,53,14,200,308.00,"61,600.00"
2021-01-19,2021011903028687,ICFC,21,14,"1,000",309.00,"309,000.00"
2021-01-19,2021011903028686,ICFC,35,14,122,310.00,"37,820.00"
2021-01-19,2021011903028685,ICFC,41,14,100,310.00,"31,000.00"
2021-01-19,2021011903028655,ICFC,42,13,50,311.00,"15,550.00"
2021-01-19,2021011903028654,ICFC,42,17,100,311.00,"31,100.00"
2021-01-19,2021011903028653,ICFC,42,7,100,311.00,"31,100.00"
2021-01-19,2021011903028734,ILBS,58,34,60,"1,387.00","83,220.00"
2021-01-19,2021011903028733,ILBS,58,42,40,"1,385.00","55,400.00"
2021-01-19,2021011903028645,ILBS,34,39,43,"1,384.00","59,512.00"
2021-01-19,2021011903028954,JBBL,56,35,100,225.00,"22,500.00"
2021-01-19,2021011903028931,JBBL,39,35,200,225.00,"45,000.00"
2021-01-19,2021011903028930,JBBL,4,35,"4,500",225.00,"1,012,500.00"
2021-01-19,2021011903028928,JBBL,4,52,500,225.00,"112,500.00"
2021-01-19,2021011903028912,JFL,39,49,103,301.00,"31,003.00"
2021-01-19,2021011903028911,JFL,39,48,347,301.00,"104,447.00"
2021-01-19,2021011903028910,JFL,39,19,50,300.00,"15,000.00"
2021-01-19,2021011903028854,JFL,8,19,135,300.00,"40,500.00"
2021-01-19,2021011903028853,JFL,35,19,100,300.00,"30,000.00"
2021-01-19,2021011903028852,JFL,50,19,15,300.00,"4,500.00"
2021-01-19,2021011903028770,JFL,35,48,300,301.00,"90,300.00"
2021-01-19,2021011903028680,JFL,57,48,353,301.00,"106,253.00"
2021-01-19,2021011903028679,JFL,57,43,47,301.00,"14,147.00"
2021-01-19,2021011903028667,JSLBB,34,55,10,"2,290.00","22,900.00"
2021-01-19,2021011903028666,JSLBB,34,59,15,"2,289.00","34,335.00"
2021-01-19,2021011903028942,KMCDB,25,33,10,"1,166.00","11,660.00"
2021-01-19,2021011903028935,KMCDB,44,36,10,"1,162.00","11,620.00"
2021-01-19,2021011903028994,KSBBL,51,16,100,287.00,"28,700.00"
2021-01-19,2021011903028993,KSBBL,34,16,100,287.00,"28,700.00"
2021-01-19,2021011903028970,KSBBL,57,49,300,288.00,"86,400.00"
2021-01-19,2021011903028968,KSBBL,38,33,100,287.00,"28,700.00"
2021-01-19,2021011903028967,KSBBL,38,33,100,287.00,"28,700.00"
2021-01-19,2021011903028966,KSBBL,28,33,200,287.00,"57,400.00"
2021-01-19,2021011903028758,KSBBL,48,41,"1,200",288.00,"345,600.00"
2021-01-19,2021011903028721,KSBBL,58,41,200,288.00,"57,600.00"
2021-01-19,2021011903028623,KSBBL,52,41,200,288.00,"57,600.00"
2021-01-19,2021011903028590,KSBBL,22,18,20,287.00,"5,740.00"
2021-01-19,2021011903028959,KSBBL,4,33,"1,000",287.00,"287,000.00"
2021-01-19,2021011903028958,KSBBL,43,33,200,287.00,"57,400.00"
2021-01-19,2021011903028957,KSBBL,22,33,500,287.00,"143,500.00"
2021-01-19,2021011903028923,KSBBL,47,49,700,288.00,"201,600.00"
2021-01-19,2021011903028922,KSBBL,47,41,300,288.00,"86,400.00"
2021-01-19,2021011903028921,KSBBL,22,35,111,287.00,"31,857.00"
2021-01-19,2021011903028965,KSBBL,49,33,100,287.00,"28,700.00"
2021-01-19,2021011903028964,KSBBL,41,33,200,287.00,"57,400.00"
2021-01-19,2021011903028963,KSBBL,34,33,100,287.00,"28,700.00"
2021-01-19,2021011903028962,KSBBL,34,33,"2,000",287.00,"574,000.00"
2021-01-19,2021011903028961,KSBBL,22,33,40,287.00,"11,480.00"
2021-01-19,2021011903028960,KSBBL,8,33,200,287.00,"57,400.00"
2021-01-19,2021011903029011,LBBL,5,39,100,241.00,"24,100.00"
2021-01-19,2021011903028995,LBBL,47,39,450,241.00,"108,450.00"
2021-01-19,2021011903028585,LBBL,47,28,"1,250",240.00,"300,000.00"
2021-01-19,2021011903028592,LBBL,5,35,50,240.00,"12,000.00"
2021-01-19,2021011903028587,LBBL,47,17,100,240.00,"24,000.00"
2021-01-19,2021011903028586,LBBL,47,53,200,240.00,"48,000.00"
2021-01-19,2021011903028596,LICN,28,19,32,"2,240.00","71,680.00"
2021-01-19,2021011903028665,MDB,43,7,40,360.00,"14,400.00"
2021-01-19,2021011903028664,MDB,50,7,200,360.00,"72,000.00"
2021-01-19,2021011903028663,MDB,1,7,487,360.00,"175,320.00"
2021-01-19,2021011903028561,MDB,1,56,"1,000",360.00,"360,000.00"
2021-01-19,2021011903028728,MERO,57,42,29,"1,030.00","29,870.00"
2021-01-19,2021011903028727,MERO,57,49,71,"1,030.00","73,130.00"
2021-01-19,2021011903028956,MFIL,43,45,15,435.00,"6,525.00"
2021-01-19,2021011903028955,MFIL,43,17,45,435.00,"19,575.00"
2021-01-19,2021011903028952,MFIL,58,17,20,435.00,"8,700.00"
2021-01-19,2021011903028951,MFIL,58,57,101,434.00,"43,834.00"
2021-01-19,2021011903028860,MFIL,57,19,150,433.00,"64,950.00"
2021-01-19,2021011903028836,MFIL,57,57,49,434.00,"21,266.00"
2021-01-19,2021011903028835,MFIL,57,7,201,434.00,"87,234.00"
2021-01-19,2021011903028834,MFIL,57,1,100,434.00,"43,400.00"
2021-01-19,2021011903028833,MFIL,57,1,50,434.00,"21,700.00"
2021-01-19,2021011903028832,MFIL,57,32,100,434.00,"43,400.00"
2021-01-19,2021011903028563,MFIL,55,17,100,432.00,"43,200.00"
2021-01-19,2021011903028562,MFIL,54,17,100,433.00,"43,300.00"
2021-01-19,2021011903028713,MLBBL,55,58,150,"1,470.00","220,500.00"
2021-01-19,2021011903028712,MLBBL,32,58,100,"1,470.00","147,000.00"
2021-01-19,2021011903028711,MLBBL,18,58,100,"1,472.00","147,200.00"
2021-01-19,2021011903028710,MLBBL,35,58,23,"1,472.00","33,856.00"
2021-01-19,2021011903028709,MLBBL,48,58,10,"1,472.00","14,720.00"
2021-01-19,2021011903028708,MLBBL,20,58,100,"1,472.00","147,200.00"
2021-01-19,2021011903028997,MLBL,45,44,"1,500",284.00,"426,000.00"
2021-01-19,2021011903028693,MLBL,45,44,"1,719",284.00,"488,196.00"
2021-01-19,2021011903028692,MLBL,45,48,50,283.00,"14,150.00"
2021-01-19,2021011903028691,MLBL,45,38,231,283.00,"65,373.00"
2021-01-19,2021011903028618,MLBL,58,38,10,283.00,"2,830.00"
2021-01-19,2021011903028557,MLBL,45,38,"1,259",283.00,"356,297.00"
2021-01-19,2021011903028556,MLBL,45,22,126,283.00,"35,658.00"
2021-01-19,2021011903028555,MLBL,45,52,200,283.00,"56,600.00"
2021-01-19,2021011903028554,MLBL,45,38,415,283.00,"117,445.00"
2021-01-19,2021011903029001,MMFDB,34,32,10,"1,335.00","13,350.00"
2021-01-19,2021011903028600,MMFDB,50,18,100,"1,330.00","133,000.00"
2021-01-19,2021011903028599,MMFDB,21,18,132,"1,331.00","175,692.00"
2021-01-19,2021011903028939,MNBBL,28,3,200,393.00,"78,600.00"
2021-01-19,2021011903028764,MNBBL,1,45,75,392.00,"29,400.00"
2021-01-19,2021011903028763,MNBBL,41,45,300,392.00,"117,600.00"
2021-01-19,2021011903028762,MNBBL,39,45,100,392.00,"39,200.00"
2021-01-19,2021011903028572,MNBBL,5,48,100,393.00,"39,300.00"
2021-01-19,2021011903028761,MNBBL,53,45,25,392.00,"9,800.00"
2021-01-19,2021011903028760,MNBBL,41,45,500,393.00,"196,500.00"
2021-01-19,2021011903028601,MNBBL,34,48,500,393.00,"196,500.00"
2021-01-19,2021011903029017,NLIC,53,36,50,"2,689.00","134,450.00"
2021-01-19,2021011903029010,NLIC,37,36,150,"2,689.00","403,350.00"
2021-01-19,2021011903029006,NLIC,6,36,100,"2,689.00","268,900.00"
2021-01-19,2021011903028978,NLIC,54,36,100,"2,689.00","268,900.00"
2021-01-19,2021011903028969,NLIC,46,36,15,"2,689.00","40,335.00"
2021-01-19,2021011903028948,NLIC,55,36,50,"2,689.00","134,450.00"
2021-01-19,2021011903028565,NLIC,41,6,20,"2,690.00","53,800.00"
2021-01-19,2021011903028617,NLIC,52,58,50,"2,690.00","134,500.00"
2021-01-19,2021011903028595,NLIC,36,58,100,"2,690.00","269,000.00"
2021-01-19,2021011903028589,NLIC,25,58,100,"2,690.00","269,000.00"
2021-01-19,2021011903028584,NLIC,46,58,35,"2,690.00","94,150.00"
2021-01-19,2021011903028573,NLIC,57,58,100,"2,690.00","269,000.00"
2021-01-19,2021011903028566,NLIC,41,58,30,"2,690.00","80,700.00"
2021-01-19,2021011903028657,NLIC,35,58,200,"2,690.00","538,000.00"
2021-01-19,2021011903028644,NLIC,19,5,25,"2,689.00","67,225.00"
2021-01-19,2021011903028643,NLIC,14,5,25,"2,689.00","67,225.00"
2021-01-19,2021011903028635,NLIC,22,58,400,"2,690.00","1,076,000.00"
2021-01-19,2021011903028632,NLIC,34,58,50,"2,690.00","134,500.00"
2021-01-19,2021011903028628,NLIC,56,58,100,"2,690.00","269,000.00"
2021-01-19,2021011903028748,NLIC,41,58,100,"2,690.00","269,000.00"
2021-01-19,2021011903028731,NLIC,58,58,10,"2,690.00","26,900.00"
2021-01-19,2021011903028705,NLIC,57,58,100,"2,690.00","269,000.00"
2021-01-19,2021011903028699,NLIC,19,58,30,"2,690.00","80,700.00"
2021-01-19,2021011903028681,NLIC,19,58,100,"2,690.00","269,000.00"
2021-01-19,2021011903028658,NLIC,38,58,100,"2,690.00","269,000.00"
2021-01-19,2021011903028859,NLIC,58,58,25,"2,690.00","67,250.00"
2021-01-19,2021011903028858,NLIC,19,51,12,"2,689.00","32,268.00"
2021-01-19,2021011903028856,NLIC,43,58,20,"2,690.00","53,800.00"
2021-01-19,2021011903028772,NLIC,34,58,25,"2,690.00","67,250.00"
2021-01-19,2021011903028771,NLIC,46,58,20,"2,690.00","53,800.00"
2021-01-19,2021011903028768,NLIC,57,58,200,"2,690.00","538,000.00"
2021-01-19,2021011903028881,NLIC,33,41,20,"2,689.00","53,780.00"
2021-01-19,2021011903028880,NLIC,35,41,30,"2,689.00","80,670.00"
2021-01-19,2021011903028874,NLIC,35,14,20,"2,689.00","53,780.00"
2021-01-19,2021011903028873,NLIC,41,14,30,"2,689.00","80,670.00"
2021-01-19,2021011903028872,NLIC,41,14,50,"2,689.00","134,450.00"
2021-01-19,2021011903028871,NLIC,19,57,10,"2,689.00","26,890.00"
2021-01-19,2021011903028920,NLIC,43,44,18,"2,690.00","48,420.00"
2021-01-19,2021011903028919,NLIC,43,36,35,"2,690.00","94,150.00"
2021-01-19,2021011903028918,NLIC,43,43,22,"2,690.00","59,180.00"
2021-01-19,2021011903028914,NLIC,36,36,15,"2,690.00","40,350.00"
2021-01-19,2021011903028913,NLIC,36,58,85,"2,690.00","228,650.00"
2021-01-19,2021011903028909,NLIC,41,58,20,"2,690.00","53,800.00"
2021-01-19,2021011903028947,NLIC,52,36,82,"2,689.00","220,498.00"
2021-01-19,2021011903028938,NLIC,21,58,135,"2,689.00","363,015.00"
2021-01-19,2021011903028934,NLIC,7,58,100,"2,689.00","268,900.00"
2021-01-19,2021011903028927,NLIC,59,58,85,"2,689.00","228,565.00"
2021-01-19,2021011903028926,NLIC,34,58,100,"2,689.00","268,900.00"
2021-01-19,2021011903028925,NLIC,33,58,80,"2,689.00","215,120.00"
2021-01-19,2021011903028879,NLICL,58,57,100,"1,070.00","107,000.00"
2021-01-19,2021011903028670,NLICL,38,1,227,"1,067.00","242,209.00"
2021-01-19,2021011903028669,NLICL,11,1,50,"1,067.00","53,350.00"
2021-01-19,2021011903028668,NLICL,49,1,23,"1,067.00","24,541.00"
2021-01-19,2021011903028633,NLICL,51,57,150,"1,070.00","160,500.00"
2021-01-19,2021011903028870,NMBMF,26,14,77,"1,177.00","90,629.00"
2021-01-19,2021011903029016,NRIC,26,5,10,"1,499.00","14,990.00"
2021-01-19,2021011903028999,NRIC,36,47,10,"1,500.00","15,000.00"
2021-01-19,2021011903028903,NRIC,45,47,60,"1,500.00","90,000.00"
2021-01-19,2021011903028878,NRIC,39,49,40,"1,499.00","59,960.00"
2021-01-19,2021011903028726,NRIC,58,47,60,"1,500.00","90,000.00"
2021-01-19,2021011903028725,NRIC,58,26,100,"1,500.00","150,000.00"
2021-01-19,2021011903028588,NRIC,58,25,210,"1,499.00","314,790.00"
2021-01-19,2021011903028724,NRIC,58,32,20,"1,500.00","30,000.00"
2021-01-19,2021011903028723,NRIC,58,25,120,"1,499.00","179,880.00"
2021-01-19,2021011903028678,NRIC,57,25,100,"1,499.00","149,900.00"
2021-01-19,2021011903028659,NRIC,4,25,50,"1,499.00","74,950.00"
2021-01-19,2021011903028656,NRIC,43,34,10,"1,498.00","14,980.00"
2021-01-19,2021011903028631,NRIC,51,25,10,"1,499.00","14,990.00"
2021-01-19,2021011903028940,NRN,50,38,10,365.00,"3,650.00"
2021-01-19,2021011903028560,NRN,50,17,110,365.00,"40,150.00"
2021-01-19,2021011903029000,NTC,47,3,50,"1,339.00","66,950.00"
2021-01-19,2021011903028986,NTC,49,42,100,"1,335.00","133,500.00"
2021-01-19,2021011903028973,NTC,49,58,"2,274","1,335.00","3,035,790.00"
2021-01-19,2021011903028953,NTC,7,28,130,"1,334.00","173,420.00"
2021-01-19,2021011903028944,NTC,45,58,50,"1,335.00","66,750.00"
2021-01-19,2021011903028902,NTC,45,58,500,"1,335.00","667,500.00"
2021-01-19,2021011903028646,NTC,34,3,75,"1,339.00","100,425.00"
2021-01-19,2021011903028652,NTC,34,32,100,"1,340.00","134,000.00"
2021-01-19,2021011903028651,NTC,34,37,50,"1,340.00","67,000.00"
2021-01-19,2021011903028650,NTC,34,58,733,"1,340.00","982,220.00"
2021-01-19,2021011903028649,NTC,34,52,450,"1,339.00","602,550.00"
2021-01-19,2021011903028648,NTC,34,3,200,"1,339.00","267,800.00"
2021-01-19,2021011903028647,NTC,34,38,300,"1,339.00","401,700.00"
2021-01-19,2021011903028883,NTC,50,58,36,"1,339.00","48,204.00"
2021-01-19,2021011903028838,NTC,49,58,350,"1,340.00","469,000.00"
2021-01-19,2021011903028837,NTC,49,57,250,"1,340.00","335,000.00"
2021-01-19,2021011903028766,NTC,20,58,50,"1,340.00","67,000.00"
2021-01-19,2021011903028765,NTC,56,58,100,"1,340.00","134,000.00"
2021-01-19,2021011903028732,NTC,50,58,14,"1,339.00","18,746.00"
2021-01-19,2021011903028889,NTC,7,58,75,"1,337.00","100,275.00"
2021-01-19,2021011903028888,NTC,32,58,100,"1,337.00","133,700.00"
2021-01-19,2021011903028887,NTC,58,58,100,"1,338.00","133,800.00"
2021-01-19,2021011903028886,NTC,54,58,100,"1,339.00","133,900.00"
2021-01-19,2021011903028885,NTC,6,58,10,"1,339.00","13,390.00"
2021-01-19,2021011903028884,NTC,10,58,50,"1,339.00","66,950.00"
2021-01-19,2021011903028895,NTC,13,58,75,"1,335.00","100,125.00"
2021-01-19,2021011903028894,NTC,58,58,50,"1,336.00","66,800.00"
2021-01-19,2021011903028893,NTC,45,58,500,"1,336.00","668,000.00"
2021-01-19,2021011903028892,NTC,37,58,500,"1,336.00","668,000.00"
2021-01-19,2021011903028891,NTC,1,58,10,"1,336.00","13,360.00"
2021-01-19,2021011903028890,NTC,45,58,10,"1,337.00","13,370.00"
2021-01-19,2021011903028901,NTC,21,58,50,"1,335.00","66,750.00"
2021-01-19,2021011903028900,NTC,42,58,70,"1,335.00","93,450.00"
2021-01-19,2021011903028899,NTC,49,58,30,"1,335.00","40,050.00"
2021-01-19,2021011903028898,NTC,7,58,200,"1,335.00","267,000.00"
2021-01-19,2021011903028897,NTC,42,58,10,"1,335.00","13,350.00"
2021-01-19,2021011903028896,NTC,48,58,200,"1,335.00","267,000.00"
2021-01-19,2021011903029015,NUBL,45,56,200,"1,493.00","298,600.00"
2021-01-19,2021011903029014,NUBL,35,56,162,"1,493.00","241,866.00"
2021-01-19,2021011903028932,NUBL,35,57,100,"1,493.00","149,300.00"
2021-01-19,2021011903028747,NUBL,35,36,85,"1,493.00","126,905.00"
2021-01-19,2021011903028736,NUBL,35,49,50,"1,493.00","74,650.00"
2021-01-19,2021011903028577,OHL,7,10,100,489.00,"48,900.00"
2021-01-19,2021011903028576,OHL,59,10,50,489.00,"24,450.00"
2021-01-19,2021011903028575,OHL,57,10,100,489.00,"48,900.00"
2021-01-19,2021011903028574,OHL,50,10,100,489.00,"48,900.00"
2021-01-19,2021011903028929,PLIC,54,59,13,825.00,"10,725.00"
2021-01-19,2021011903028719,PLIC,4,59,881,825.00,"726,825.00"
2021-01-19,2021011903028718,PLIC,4,28,100,825.00,"82,500.00"
2021-01-19,2021011903028717,PLIC,4,34,300,825.00,"247,500.00"
2021-01-19,2021011903028716,PLIC,4,34,119,825.00,"98,175.00"
2021-01-19,2021011903028715,PLIC,4,26,100,824.00,"82,400.00"
2021-01-19,2021011903028714,PLIC,4,39,500,823.00,"411,500.00"
2021-01-19,2021011903028624,PLIC,4,41,50,822.00,"41,100.00"
2021-01-19,2021011903028906,PROFL,49,43,23,161.00,"3,703.00"
2021-01-19,2021011903028905,PROFL,20,43,347,162.00,"56,214.00"
2021-01-19,2021011903028850,PROFL,20,29,153,162.00,"24,786.00"
2021-01-19,2021011903028849,PROFL,41,29,147,162.00,"23,814.00"
2021-01-19,2021011903028739,PROFL,41,39,853,162.00,"138,186.00"
2021-01-19,2021011903028701,PROFL,20,39,100,162.00,"16,200.00"
2021-01-19,2021011903028700,PROFL,20,57,400,162.00,"64,800.00"
2021-01-19,2021011903028974,RLFL,39,42,178,197.00,"35,066.00"
2021-01-19,2021011903028684,RLFL,58,42,22,197.00,"4,334.00"
2021-01-19,2021011903028683,RLFL,58,13,100,197.00,"19,700.00"
2021-01-19,2021011903028682,RLFL,58,21,100,197.00,"19,700.00"
2021-01-19,2021011903028975,RLI,5,38,10,625.00,"6,250.00"
2021-01-19,2021011903028946,RLI,5,38,10,625.00,"6,250.00"
2021-01-19,2021011903028945,RLI,52,38,170,625.00,"106,250.00"
2021-01-19,2021011903028937,RLI,47,7,10,626.00,"6,260.00"
2021-01-19,2021011903028855,RLI,36,7,100,626.00,"62,600.00"
2021-01-19,2021011903028729,RLI,52,7,100,626.00,"62,600.00"
2021-01-19,2021011903028707,RLI,52,7,150,626.00,"93,900.00"
2021-01-19,2021011903028706,RLI,52,38,50,626.00,"31,300.00"
2021-01-19,2021011903028642,RMDC,49,35,532,"1,162.00","618,184.00"
2021-01-19,2021011903028641,RMDC,43,35,100,"1,162.00","116,200.00"
2021-01-19,2021011903028640,RMDC,34,35,55,"1,163.00","63,965.00"
2021-01-19,2021011903028639,RMDC,14,35,105,"1,163.00","122,115.00"
2021-01-19,2021011903028638,RMDC,49,35,515,"1,164.00","599,460.00"
2021-01-19,2021011903028637,RMDC,28,35,177,"1,165.00","206,205.00"
2021-01-19,2021011903029008,RSDC,46,29,62,681.00,"42,222.00"
2021-01-19,2021011903028861,RSDC,38,49,50,684.00,"34,200.00"
2021-01-19,2021011903028660,RSDC,46,45,30,681.00,"20,430.00"
2021-01-19,2021011903029019,SADBL,49,35,500,211.00,"105,500.00"
2021-01-19,2021011903029018,SADBL,47,35,300,211.00,"63,300.00"
2021-01-19,2021011903028851,SADBL,33,35,200,211.00,"42,200.00"
2021-01-19,2021011903028755,SADBL,35,45,351,210.00,"73,710.00"
2021-01-19,2021011903028704,SADBL,35,45,149,210.00,"31,290.00"
2021-01-19,2021011903028703,SADBL,35,41,125,210.00,"26,250.00"
2021-01-19,2021011903028702,SADBL,35,45,226,210.00,"47,460.00"
2021-01-19,2021011903028597,SAEF,35,48,"5,000",12.70,"63,500.00"
2021-01-19,2021011903028916,SAPDBL,32,6,200,172.00,"34,400.00"
2021-01-19,2021011903028915,SAPDBL,1,6,300,172.00,"51,600.00"
2021-01-19,2021011903028941,SDLBSL,34,49,200,"1,250.00","250,000.00"
2021-01-19,2021011903028754,SDLBSL,34,21,10,"1,250.00","12,500.00"
2021-01-19,2021011903028753,SDLBSL,34,48,20,"1,250.00","25,000.00"
2021-01-19,2021011903028752,SDLBSL,34,6,10,"1,250.00","12,500.00"
2021-01-19,2021011903028751,SDLBSL,34,39,20,"1,250.00","25,000.00"
2021-01-19,2021011903028738,SDLBSL,41,39,280,"1,250.00","350,000.00"
2021-01-19,2021011903028737,SDLBSL,41,56,20,"1,249.00","24,980.00"
2021-01-19,2021011903028616,SDLBSL,34,34,10,"1,230.00","12,300.00"
2021-01-19,2021011903028846,SFCL,59,17,460,168.00,"77,280.00"
2021-01-19,2021011903028845,SFCL,59,8,200,168.00,"33,600.00"
2021-01-19,2021011903028844,SFCL,59,25,"1,000",168.00,"168,000.00"
2021-01-19,2021011903028843,SFCL,59,35,120,168.00,"20,160.00"
2021-01-19,2021011903028842,SFCL,59,44,100,168.00,"16,800.00"
2021-01-19,2021011903028841,SFCL,59,46,50,168.00,"8,400.00"
2021-01-19,2021011903028840,SFCL,59,51,70,168.00,"11,760.00"
2021-01-19,2021011903028746,SFCL,48,49,100,167.00,"16,700.00"
2021-01-19,2021011903028745,SFCL,48,56,100,167.00,"16,700.00"
2021-01-19,2021011903028619,SFCL,22,52,31,166.00,"5,146.00"
2021-01-19,2021011903029007,SHINE,55,53,"1,000",267.00,"267,000.00"
2021-01-19,2021011903029005,SHINE,22,33,102,266.00,"27,132.00"
2021-01-19,2021011903028759,SHINE,58,53,50,267.00,"13,350.00"
2021-01-19,2021011903028943,SHL,45,35,100,208.00,"20,800.00"
2021-01-19,2021011903028773,SIFC,49,42,30,216.00,"6,480.00"
2021-01-19,2021011903028564,SINDU,3,57,350,169.00,"59,150.00"
2021-01-19,2021011903028627,SKBBL,36,20,160,"1,660.00","265,600.00"
2021-01-19,2021011903028626,SKBBL,36,21,40,"1,660.00","66,400.00"
2021-01-19,2021011903028625,SKBBL,36,38,50,"1,660.00","83,000.00"
2021-01-19,2021011903028698,SLBBL,47,33,65,"1,284.00","83,460.00"
2021-01-19,2021011903028998,SLBS,44,40,148,"1,460.00","216,080.00"
2021-01-19,2021011903028579,SLBS,41,40,29,"1,460.00","42,340.00"
2021-01-19,2021011903028578,SLBS,41,25,21,"1,459.00","30,639.00"
2021-01-19,2021011903028972,SLICL,3,29,85,809.00,"68,765.00"
2021-01-19,2021011903028971,SLICL,54,29,65,809.00,"52,585.00"
2021-01-19,2021011903028730,SLICL,10,22,75,810.00,"60,750.00"
2021-01-19,2021011903028750,SMB,45,34,10,"1,300.00","13,000.00"
2021-01-19,2021011903028979,SNLB,11,26,20,"1,190.00","23,800.00"
2021-01-19,2021011903028950,SWBBL,14,41,61,"1,850.00","112,850.00"
2021-01-19,2021011903028622,SWBBL,33,14,13,"1,850.00","24,050.00"
2021-01-19,2021011903028591,SWBBL,33,14,126,"1,836.00","231,336.00"
2021-01-19,2021011903028976,TRH,14,7,500,331.00,"165,500.00"
2021-01-19,2021011903028877,TRH,39,6,433,332.00,"143,756.00"
2021-01-19,2021011903028876,TRH,39,56,100,332.00,"33,200.00"
2021-01-19,2021011903028875,TRH,39,17,467,332.00,"155,044.00"
2021-01-19,2021011903028583,TRH,52,17,10,332.00,"3,320.00"
2021-01-19,2021011903028582,TRH,52,46,200,331.00,"66,200.00"
2021-01-19,2021011903028581,TRH,52,21,120,331.00,"39,720.00"
2021-01-19,2021011903028580,TRH,52,14,200,331.00,"66,200.00"
2021-01-19,2021011903028460,ACLBSL,34,38,190,"1,350.00","256,500.00"
2021-01-19,2021011903028401,ACLBSL,44,53,10,"1,348.00","13,480.00"
2021-01-19,2021011903028391,ACLBSL,49,38,10,"1,350.00","13,500.00"
2021-01-19,2021011903028390,ACLBSL,49,36,10,"1,350.00","13,500.00"
2021-01-19,2021011903028389,ACLBSL,49,21,10,"1,350.00","13,500.00"
2021-01-19,2021011903028328,ACLBSL,20,49,20,"1,350.00","27,000.00"
2021-01-19,2021011903028198,ACLBSL,51,49,10,"1,350.00","13,500.00"
2021-01-19,2021011903028068,ACLBSL,44,38,10,"1,348.00","13,480.00"
2021-01-19,2021011903028237,ALBSL,21,49,50,"1,315.00","65,750.00"
2021-01-19,2021011903028362,ALICL,29,8,170,"1,098.00","186,660.00"
2021-01-19,2021011903028323,ALICL,3,8,30,"1,098.00","32,940.00"
2021-01-19,2021011903028315,ALICL,3,28,70,"1,098.00","76,860.00"
2021-01-19,2021011903028314,ALICL,57,28,30,"1,098.00","32,940.00"
2021-01-19,2021011903028313,ALICL,3,28,100,"1,098.00","109,800.00"
2021-01-19,2021011903028243,ALICL,3,51,200,"1,098.00","219,600.00"
2021-01-19,2021011903028226,ALICL,50,1,10,"1,097.00","10,970.00"
2021-01-19,2021011903028129,ALICL,40,49,493,"1,098.00","541,314.00"
2021-01-19,2021011903028311,BBC,16,45,25,"3,265.00","81,625.00"
2021-01-19,2021011903028336,BFC,43,41,29,158.00,"4,582.00"
2021-01-19,2021011903028335,BFC,43,21,46,158.00,"7,268.00"
2021-01-19,2021011903028334,BFC,43,8,175,158.00,"27,650.00"
2021-01-19,2021011903028333,BFC,43,10,450,157.00,"70,650.00"
2021-01-19,2021011903028140,BFC,34,8,25,158.00,"3,950.00"
2021-01-19,2021011903028139,BFC,34,16,75,157.00,"11,775.00"
2021-01-19,2021011903028266,CBBL,45,1,10,"1,365.00","13,650.00"
2021-01-19,2021011903028332,CFCL,56,39,100,200.00,"20,000.00"
2021-01-19,2021011903028296,CFCL,52,32,200,199.00,"39,800.00"
2021-01-19,2021011903028467,CIT,45,59,50,"3,454.00","172,700.00"
2021-01-19,2021011903028448,CIT,55,45,10,"3,452.00","34,520.00"
2021-01-19,2021011903028447,CIT,4,45,10,"3,453.00","34,530.00"
2021-01-19,2021011903028302,CIT,29,59,100,"3,454.00","345,400.00"
2021-01-19,2021011903028301,CIT,33,59,10,"3,455.00","34,550.00"
2021-01-19,2021011903028300,CIT,21,59,20,"3,455.00","69,100.00"
2021-01-19,2021011903028299,CIT,20,59,26,"3,456.00","89,856.00"
2021-01-19,2021011903028154,CLBSL,57,35,50,"1,038.00","51,900.00"
2021-01-19,2021011903028127,CLBSL,57,16,150,"1,038.00","155,700.00"
2021-01-19,2021011903028115,CLBSL,57,35,420,"1,033.00","433,860.00"
2021-01-19,2021011903028114,CLBSL,54,35,30,"1,033.00","30,990.00"
2021-01-19,2021011903028113,CLBSL,20,35,50,"1,037.00","51,850.00"
2021-01-19,2021011903028059,CLBSL,20,11,50,"1,037.00","51,850.00"
2021-01-19,2021011903028058,CLBSL,47,11,200,"1,037.00","207,400.00"
2021-01-19,2021011903028510,DDBL,58,47,50,"1,665.00","83,250.00"
2021-01-19,2021011903028380,DDBL,51,35,50,"1,667.00","83,350.00"
2021-01-19,2021011903028310,DDBL,58,49,59,"1,665.00","98,235.00"
2021-01-19,2021011903028203,DDBL,58,45,11,"1,665.00","18,315.00"
2021-01-19,2021011903028202,DDBL,45,49,60,"1,667.00","100,020.00"
2021-01-19,2021011903028103,DDBL,58,54,49,"1,665.00","81,585.00"
2021-01-19,2021011903028102,DDBL,58,42,30,"1,665.00","49,950.00"
2021-01-19,2021011903028089,DDBL,58,5,100,"1,665.00","166,500.00"
2021-01-19,2021011903028531,EDBL,26,45,500,398.00,"199,000.00"
2021-01-19,2021011903028060,EDBL,17,45,92,398.00,"36,616.00"
2021-01-19,2021011903028478,FMDBL,49,34,620,681.00,"422,220.00"
2021-01-19,2021011903028477,FMDBL,34,34,100,682.00,"68,200.00"
2021-01-19,2021011903028476,FMDBL,33,34,20,682.00,"13,640.00"
2021-01-19,2021011903028263,FMDBL,35,34,50,685.00,"34,250.00"
2021-01-19,2021011903028256,FMDBL,6,34,200,685.00,"137,000.00"
2021-01-19,2021011903028255,FMDBL,19,34,10,685.00,"6,850.00"
2021-01-19,2021011903028224,FMDBL,35,57,70,685.00,"47,950.00"
2021-01-19,2021011903028223,FMDBL,6,57,30,685.00,"20,550.00"
2021-01-19,2021011903028096,FMDBL,6,45,50,685.00,"34,250.00"
2021-01-19,2021011903028095,FMDBL,6,45,20,683.00,"13,660.00"
2021-01-19,2021011903028421,FOWAD,50,49,149,"2,515.00","374,735.00"
2021-01-19,2021011903028420,FOWAD,50,50,200,"2,515.00","503,000.00"
2021-01-19,2021011903028419,FOWAD,50,41,150,"2,515.00","377,250.00"
2021-01-19,2021011903028418,FOWAD,50,40,44,"2,515.00","110,660.00"
2021-01-19,2021011903028417,FOWAD,50,32,262,"2,514.00","658,668.00"
2021-01-19,2021011903028416,FOWAD,50,54,100,"2,513.00","251,300.00"
2021-01-19,2021011903028106,FOWAD,1,45,36,"2,500.00","90,000.00"
2021-01-19,2021011903028105,FOWAD,22,45,12,"2,501.00","30,012.00"
2021-01-19,2021011903028104,FOWAD,17,45,52,"2,514.00","130,728.00"
2021-01-19,2021011903028067,FOWAD,17,22,79,"2,514.00","198,606.00"
2021-01-19,2021011903028066,FOWAD,14,22,35,"2,514.00","87,990.00"
2021-01-19,2021011903028280,GBBL,16,7,"3,172",356.00,"1,129,232.00"
2021-01-19,2021011903028279,GBBL,25,7,500,356.00,"178,000.00"
2021-01-19,2021011903028278,GBBL,25,7,500,356.00,"178,000.00"
2021-01-19,2021011903028277,GBBL,1,7,100,356.00,"35,600.00"
2021-01-19,2021011903028276,GBBL,1,7,10,356.00,"3,560.00"
2021-01-19,2021011903028275,GBBL,34,7,600,357.00,"214,200.00"
2021-01-19,2021011903028274,GBBL,28,7,50,358.00,"17,900.00"
2021-01-19,2021011903028273,GBBL,42,7,100,358.00,"35,800.00"
2021-01-19,2021011903028272,GBBL,45,7,87,358.00,"31,146.00"
2021-01-19,2021011903028271,GBBL,34,7,400,359.00,"143,600.00"
2021-01-19,2021011903028270,GBBL,13,7,130,359.00,"46,670.00"
2021-01-19,2021011903028209,GBBL,7,21,300,360.00,"108,000.00"
2021-01-19,2021011903028529,GBLBS,17,28,24,675.00,"16,200.00"
2021-01-19,2021011903028528,GBLBS,17,13,76,675.00,"51,300.00"
2021-01-19,2021011903028340,GBLBS,48,13,100,675.00,"67,500.00"
2021-01-19,2021011903028126,GBLBS,48,13,200,675.00,"135,000.00"
2021-01-19,2021011903028054,GBLBS,17,36,15,674.00,"10,110.00"
2021-01-19,2021011903028455,GFCL,28,21,100,240.00,"24,000.00"
2021-01-19,2021011903028330,GLBSL,41,48,20,"1,098.00","21,960.00"
2021-01-19,2021011903028329,GLBSL,41,57,10,"1,095.00","10,950.00"
2021-01-19,2021011903028082,GLBSL,48,49,10,"1,085.00","10,850.00"
2021-01-19,2021011903028469,GLICL,10,44,86,676.00,"58,136.00"
2021-01-19,2021011903028468,GLICL,45,44,114,676.00,"77,064.00"
2021-01-19,2021011903028358,GLICL,45,34,50,676.00,"33,800.00"
2021-01-19,2021011903028250,GLICL,45,21,10,676.00,"6,760.00"
2021-01-19,2021011903028249,GLICL,45,36,50,676.00,"33,800.00"
2021-01-19,2021011903028248,GLICL,45,34,276,676.00,"186,576.00"
2021-01-19,2021011903028227,GLICL,39,13,15,675.00,"10,125.00"
2021-01-19,2021011903028208,GLICL,39,36,114,675.00,"76,950.00"
2021-01-19,2021011903028088,GLICL,38,34,200,676.00,"135,200.00"
2021-01-19,2021011903028512,GMFIL,39,43,126,212.00,"26,712.00"
2021-01-19,2021011903028386,GMFIL,39,41,"1,000",211.00,"211,000.00"
2021-01-19,2021011903028384,GMFIL,39,49,26,211.00,"5,486.00"
2021-01-19,2021011903028383,GMFIL,39,21,500,210.00,"105,000.00"
2021-01-19,2021011903028382,GMFIL,39,59,200,210.00,"42,000.00"
2021-01-19,2021011903028381,GMFIL,39,28,178,209.00,"37,202.00"
2021-01-19,2021011903028075,GRDBL,49,14,146,170.00,"24,820.00"
2021-01-19,2021011903028074,GRDBL,48,14,115,170.00,"19,550.00"
2021-01-19,2021011903028073,GRDBL,40,14,500,170.00,"85,000.00"
2021-01-19,2021011903028072,GRDBL,48,14,10,170.00,"1,700.00"
2021-01-19,2021011903028071,GRDBL,40,14,250,170.00,"42,500.00"
2021-01-19,2021011903028070,GRDBL,38,14,226,171.00,"38,646.00"
2021-01-19,2021011903028501,HIDCL,55,29,130,331.00,"43,030.00"
2021-01-19,2021011903028500,HIDCL,22,29,100,331.00,"33,100.00"
2021-01-19,2021011903028491,HIDCL,45,40,52,332.00,"17,264.00"
2021-01-19,2021011903028343,HIDCL,45,40,37,332.00,"12,284.00"
2021-01-19,2021011903028342,HIDCL,45,17,175,332.00,"58,100.00"
2021-01-19,2021011903028341,HIDCL,45,34,88,332.00,"29,216.00"
2021-01-19,2021011903028133,HIDCL,58,18,133,331.00,"44,023.00"
2021-01-19,2021011903028128,HIDCL,58,34,200,331.00,"66,200.00"
2021-01-19,2021011903028165,HIDCL,50,20,18,331.00,"5,958.00"
2021-01-19,2021011903028164,HIDCL,38,20,100,331.00,"33,100.00"
2021-01-19,2021011903028163,HIDCL,41,20,100,331.00,"33,100.00"
2021-01-19,2021011903028162,HIDCL,39,20,140,331.00,"46,340.00"
2021-01-19,2021011903028161,HIDCL,59,20,300,331.00,"99,300.00"
2021-01-19,2021011903028160,HIDCL,58,20,342,331.00,"113,202.00"
2021-01-19,2021011903028337,HIDCL,17,34,100,332.00,"33,200.00"
2021-01-19,2021011903028246,HIDCL,45,41,148,331.00,"48,988.00"
2021-01-19,2021011903028245,HIDCL,38,41,82,331.00,"27,142.00"
2021-01-19,2021011903028242,HIDCL,14,34,200,332.00,"66,400.00"
2021-01-19,2021011903028201,HIDCL,38,34,18,331.00,"5,958.00"
2021-01-19,2021011903028200,HIDCL,50,34,982,331.00,"325,042.00"
2021-01-19,2021011903028430,ICFC,35,17,78,310.00,"24,180.00"
2021-01-19,2021011903028429,ICFC,48,17,430,310.00,"133,300.00"
2021-01-19,2021011903028346,ICFC,48,11,270,310.00,"83,700.00"
2021-01-19,2021011903028138,ILBS,36,42,50,"1,385.00","69,250.00"
2021-01-19,2021011903028378,JBBL,40,16,100,226.00,"22,600.00"
2021-01-19,2021011903028377,JBBL,42,16,34,226.00,"7,684.00"
2021-01-19,2021011903028091,JBBL,42,52,16,226.00,"3,616.00"
2021-01-19,2021011903028435,JFL,57,43,953,301.00,"286,853.00"
2021-01-19,2021011903028434,JFL,57,6,47,301.00,"14,147.00"
2021-01-19,2021011903028317,JFL,35,49,200,301.00,"60,200.00"
2021-01-19,2021011903028552,KLBSL,40,49,50,"1,350.00","67,500.00"
2021-01-19,2021011903028551,KLBSL,40,49,100,"1,351.00","135,100.00"
2021-01-19,2021011903028550,KLBSL,21,49,50,"1,352.00","67,600.00"
2021-01-19,2021011903028549,KLBSL,55,49,20,"1,352.00","27,040.00"
2021-01-19,2021011903028548,KLBSL,19,49,25,"1,355.00","33,875.00"
2021-01-19,2021011903028547,KLBSL,19,49,20,"1,356.00","27,120.00"
2021-01-19,2021011903028546,KLBSL,44,49,100,"1,356.00","135,600.00"
2021-01-19,2021011903028464,KMCDB,44,33,300,"1,162.00","348,600.00"
2021-01-19,2021011903028321,KMCDB,44,25,20,"1,162.00","23,240.00"
2021-01-19,2021011903028292,KMCDB,44,48,247,"1,162.00","287,014.00"
2021-01-19,2021011903028241,KMCDB,44,25,141,"1,162.00","163,842.00"
2021-01-19,2021011903028195,KMCDB,44,52,10,"1,162.00","11,620.00"
2021-01-19,2021011903028137,KMCDB,44,25,201,"1,162.00","233,562.00"
2021-01-19,2021011903028136,KMCDB,36,25,18,"1,163.00","20,934.00"
2021-01-19,2021011903028069,KMCDB,36,28,162,"1,163.00","188,406.00"
2021-01-19,2021011903028443,KRBL,37,47,300,155.00,"46,500.00"
2021-01-19,2021011903028520,KSBBL,44,41,500,288.00,"144,000.00"
2021-01-19,2021011903028517,KSBBL,45,41,555,288.00,"159,840.00"
2021-01-19,2021011903028508,KSBBL,22,21,350,287.00,"100,450.00"
2021-01-19,2021011903028461,KSBBL,29,41,15,288.00,"4,320.00"
2021-01-19,2021011903028432,KSBBL,44,41,100,288.00,"28,800.00"
2021-01-19,2021011903028331,KSBBL,47,41,100,288.00,"28,800.00"
2021-01-19,2021011903028124,KSBBL,43,7,150,288.00,"43,200.00"
2021-01-19,2021011903028123,KSBBL,6,7,50,288.00,"14,400.00"
2021-01-19,2021011903028122,KSBBL,42,7,100,288.00,"28,800.00"
2021-01-19,2021011903028146,KSBBL,55,41,500,288.00,"144,000.00"
2021-01-19,2021011903028145,KSBBL,41,41,20,288.00,"5,760.00"
2021-01-19,2021011903028144,KSBBL,1,41,500,288.00,"144,000.00"
2021-01-19,2021011903028143,KSBBL,47,41,"1,000",288.00,"288,000.00"
2021-01-19,2021011903028142,KSBBL,43,41,250,288.00,"72,000.00"
2021-01-19,2021011903028141,KSBBL,44,41,500,289.00,"144,500.00"
2021-01-19,2021011903028152,KSBBL,50,41,10,288.00,"2,880.00"
2021-01-19,2021011903028151,KSBBL,38,41,250,288.00,"72,000.00"
2021-01-19,2021011903028150,KSBBL,55,41,"1,000",288.00,"288,000.00"
2021-01-19,2021011903028149,KSBBL,11,41,100,288.00,"28,800.00"
2021-01-19,2021011903028148,KSBBL,14,41,200,288.00,"57,600.00"
2021-01-19,2021011903028147,KSBBL,34,41,200,288.00,"57,600.00"
2021-01-19,2021011903028283,KSBBL,44,34,50,287.00,"14,350.00"
2021-01-19,2021011903028282,KSBBL,14,34,200,287.00,"57,400.00"
2021-01-19,2021011903028281,KSBBL,16,34,42,287.00,"12,054.00"
2021-01-19,2021011903028268,KSBBL,52,41,100,288.00,"28,800.00"
2021-01-19,2021011903028181,KSBBL,54,41,500,288.00,"144,000.00"
2021-01-19,2021011903028153,KSBBL,49,41,500,288.00,"144,000.00"
2021-01-19,2021011903028290,KSBBL,1,41,"1,700",288.00,"489,600.00"
2021-01-19,2021011903028288,KSBBL,22,52,12,287.00,"3,444.00"
2021-01-19,2021011903028287,KSBBL,56,52,"1,000",287.00,"287,000.00"
2021-01-19,2021011903028286,KSBBL,20,52,"1,000",287.00,"287,000.00"
2021-01-19,2021011903028285,KSBBL,26,52,692,287.00,"198,604.00"
2021-01-19,2021011903028284,KSBBL,26,34,308,287.00,"88,396.00"
2021-01-19,2021011903028433,LBBL,13,28,100,240.00,"24,000.00"
2021-01-19,2021011903028236,LBBL,54,51,200,239.00,"47,800.00"
2021-01-19,2021011903028094,LEMF,21,57,"3,000",10.15,"30,450.00"
2021-01-19,2021011903028437,LICN,28,25,180,"2,240.00","403,200.00"
2021-01-19,2021011903028295,LICN,28,13,122,"2,240.00","273,280.00"
2021-01-19,2021011903028446,LLBS,50,20,10,"1,579.00","15,790.00"
2021-01-19,2021011903028219,LLBS,19,52,30,"1,566.00","46,980.00"
2021-01-19,2021011903028257,LUK,17,45,500,9.79,"4,895.00"
2021-01-19,2021011903028166,MDB,1,35,310,360.00,"111,600.00"
2021-01-19,2021011903028436,MERO,45,49,100,"1,030.00","103,000.00"
2021-01-19,2021011903028444,MFIL,54,3,100,433.00,"43,300.00"
2021-01-19,2021011903028356,MFIL,55,49,100,432.00,"43,200.00"
2021-01-19,2021011903028355,MFIL,55,45,32,432.00,"13,824.00"
2021-01-19,2021011903028320,MFIL,57,45,66,432.00,"28,512.00"
2021-01-19,2021011903028319,MFIL,57,17,244,432.00,"105,408.00"
2021-01-19,2021011903028205,MFIL,57,59,90,431.00,"38,790.00"
2021-01-19,2021011903028204,MFIL,57,59,110,431.00,"47,410.00"
2021-01-19,2021011903028057,MFIL,34,42,50,430.00,"21,500.00"
2021-01-19,2021011903028056,MFIL,33,42,50,431.00,"21,550.00"
2021-01-19,2021011903028353,MLBL,45,49,185,281.00,"51,985.00"
2021-01-19,2021011903028194,MLBL,45,14,240,281.00,"67,440.00"
2021-01-19,2021011903028193,MLBL,52,14,200,281.00,"56,200.00"
2021-01-19,2021011903028192,MLBL,55,14,100,281.00,"28,100.00"
2021-01-19,2021011903028191,MLBL,1,14,460,281.00,"129,260.00"
2021-01-19,2021011903028099,MLBL,43,52,500,282.00,"141,000.00"
2021-01-19,2021011903028158,MMFDB,21,25,68,"1,331.00","90,508.00"
2021-01-19,2021011903028157,MMFDB,8,25,80,"1,334.00","106,720.00"
2021-01-19,2021011903028093,MMFDB,50,32,50,"1,335.00","66,750.00"
2021-01-19,2021011903028503,MNBBL,40,49,93,396.00,"36,828.00"
2021-01-19,2021011903028502,MNBBL,40,33,207,395.00,"81,765.00"
2021-01-19,2021011903028498,MNBBL,5,50,100,393.00,"39,300.00"
2021-01-19,2021011903028497,MNBBL,34,50,400,393.00,"157,200.00"
2021-01-19,2021011903028111,MNBBL,22,48,100,395.00,"39,500.00"
2021-01-19,2021011903028097,MNBBL,34,49,400,396.00,"158,400.00"
2021-01-19,2021011903028533,MPFL,29,28,270,171.00,"46,170.00"
2021-01-19,2021011903028532,MPFL,52,28,230,171.00,"39,330.00"
2021-01-19,2021011903028427,MPFL,52,21,70,171.00,"11,970.00"
2021-01-19,2021011903028426,MPFL,46,21,30,171.00,"5,130.00"
2021-01-19,2021011903028258,MSMBS,1,52,11,"1,050.00","11,550.00"
2021-01-19,2021011903028368,NEF,35,45,517,10.81,"5,588.77"
2021-01-19,2021011903028367,NEF,17,45,"8,701",10.81,"94,057.81"
2021-01-19,2021011903028366,NEF,26,45,"8,933",10.85,"96,923.05"
2021-01-19,2021011903028079,NEF,26,32,121,10.85,"1,312.85"
2021-01-19,2021011903028489,NLBBL,50,50,10,"1,308.00","13,080.00"
2021-01-19,2021011903028361,NLBBL,50,49,75,"1,294.00","97,050.00"
2021-01-19,2021011903028265,NLBBL,36,49,125,"1,294.00","161,750.00"
2021-01-19,2021011903028155,NLBBL,36,33,75,"1,293.00","96,975.00"
2021-01-19,2021011903028108,NLBBL,35,33,289,"1,293.00","373,677.00"
2021-01-19,2021011903028543,NLIC,14,6,30,"2,690.00","80,700.00"
2021-01-19,2021011903028509,NLIC,22,6,100,"2,690.00","269,000.00"
2021-01-19,2021011903028506,NLIC,28,6,100,"2,690.00","269,000.00"
2021-01-19,2021011903028504,NLIC,14,49,10,"2,689.00","26,890.00"
2021-01-19,2021011903028496,NLIC,54,6,10,"2,690.00","26,900.00"
2021-01-19,2021011903028495,NLIC,39,6,100,"2,690.00","269,000.00"
2021-01-19,2021011903028081,NLIC,37,51,10,"2,690.00","26,900.00"
2021-01-19,2021011903028080,NLIC,37,13,50,"2,690.00","134,500.00"
2021-01-19,2021011903028078,NLIC,42,38,66,"2,685.00","177,210.00"
2021-01-19,2021011903028077,NLIC,42,38,34,"2,685.00","91,290.00"
2021-01-19,2021011903028076,NLIC,41,38,100,"2,689.00","268,900.00"
2021-01-19,2021011903028116,NLIC,45,17,165,"2,689.00","443,685.00"
2021-01-19,2021011903028100,NLIC,19,17,135,"2,689.00","363,015.00"
2021-01-19,2021011903028098,NLIC,45,17,200,"2,689.00","537,800.00"
2021-01-19,2021011903028092,NLIC,36,44,100,"2,690.00","269,000.00"
2021-01-19,2021011903028086,NLIC,42,44,80,"2,690.00","215,200.00"
2021-01-19,2021011903028085,NLIC,42,58,20,"2,690.00","53,800.00"
2021-01-19,2021011903028197,NLIC,45,44,50,"2,690.00","134,500.00"
2021-01-19,2021011903028180,NLIC,57,59,100,"2,689.00","268,900.00"
2021-01-19,2021011903028179,NLIC,28,44,150,"2,690.00","403,500.00"
2021-01-19,2021011903028119,NLIC,45,44,85,"2,690.00","228,650.00"
2021-01-19,2021011903028118,NLIC,45,53,200,"2,689.00","537,800.00"
2021-01-19,2021011903028117,NLIC,45,33,50,"2,689.00","134,450.00"
2021-01-19,2021011903028228,NLIC,16,51,45,"2,690.00","121,050.00"
2021-01-19,2021011903028220,NLIC,14,38,10,"2,689.00","26,890.00"
2021-01-19,2021011903028214,NLIC,39,51,55,"2,690.00","147,950.00"
2021-01-19,2021011903028213,NLIC,39,58,10,"2,690.00","26,900.00"
2021-01-19,2021011903028212,NLIC,39,44,35,"2,690.00","94,150.00"
2021-01-19,2021011903028199,NLIC,41,34,50,"2,689.00","134,450.00"
2021-01-19,2021011903028234,NLIC,16,43,125,"2,690.00","336,250.00"
2021-01-19,2021011903028233,NLIC,16,49,100,"2,690.00","269,000.00"
2021-01-19,2021011903028232,NLIC,16,46,22,"2,690.00","59,180.00"
2021-01-19,2021011903028231,NLIC,16,45,30,"2,690.00","80,700.00"
2021-01-19,2021011903028230,NLIC,16,4,10,"2,690.00","26,900.00"
2021-01-19,2021011903028229,NLIC,16,50,10,"2,690.00","26,900.00"
2021-01-19,2021011903028289,NLIC,16,5,150,"2,690.00","403,500.00"
2021-01-19,2021011903028269,NLIC,14,44,30,"2,691.00","80,730.00"
2021-01-19,2021011903028267,NLIC,16,55,50,"2,690.00","134,500.00"
2021-01-19,2021011903028254,NLIC,16,29,30,"2,690.00","80,700.00"
2021-01-19,2021011903028247,NLIC,16,57,350,"2,690.00","941,500.00"
2021-01-19,2021011903028235,NLIC,16,41,30,"2,690.00","80,700.00"
2021-01-19,2021011903028327,NLIC,25,41,78,"2,691.00","209,898.00"
2021-01-19,2021011903028325,NLIC,16,41,130,"2,691.00","349,830.00"
2021-01-19,2021011903028324,NLIC,16,44,20,"2,691.00","53,820.00"
2021-01-19,2021011903028318,NLIC,34,44,50,"2,691.00","134,550.00"
2021-01-19,2021011903028294,NLIC,28,33,132,"2,690.00","355,080.00"
2021-01-19,2021011903028293,NLIC,16,33,48,"2,690.00","129,120.00"
2021-01-19,2021011903028398,NLIC,47,41,200,"2,691.00","538,200.00"
2021-01-19,2021011903028388,NLIC,37,41,30,"2,691.00","80,730.00"
2021-01-19,2021011903028387,NLIC,28,55,18,"2,690.00","48,420.00"
2021-01-19,2021011903028375,NLIC,59,52,22,"2,689.00","59,158.00"
2021-01-19,2021011903028348,NLIC,34,41,50,"2,691.00","134,550.00"
2021-01-19,2021011903028347,NLIC,22,41,55,"2,691.00","148,005.00"
2021-01-19,2021011903028482,NLIC,59,59,13,"2,690.00","34,970.00"
2021-01-19,2021011903028466,NLIC,56,41,50,"2,691.00","134,550.00"
2021-01-19,2021011903028465,NLIC,58,41,50,"2,691.00","134,550.00"
2021-01-19,2021011903028459,NLIC,59,22,15,"2,690.00","40,350.00"
2021-01-19,2021011903028441,NLIC,11,41,100,"2,691.00","269,100.00"
2021-01-19,2021011903028438,NLIC,50,41,50,"2,691.00","134,550.00"
2021-01-19,2021011903028494,NLIC,32,6,177,"2,690.00","476,130.00"
2021-01-19,2021011903028493,NLIC,16,6,63,"2,690.00","169,470.00"
2021-01-19,2021011903028488,NLIC,46,41,200,"2,691.00","538,200.00"
2021-01-19,2021011903028487,NLIC,16,34,87,"2,690.00","234,030.00"
2021-01-19,2021011903028486,NLIC,49,34,13,"2,690.00","34,970.00"
2021-01-19,2021011903028483,NLIC,49,59,37,"2,690.00","99,530.00"
2021-01-19,2021011903028535,NLICL,16,37,200,"1,069.00","213,800.00"
2021-01-19,2021011903028354,NMBHF1,17,58,953,10.69,"10,187.57"
2021-01-19,2021011903028131,NMBHF1,17,45,"3,318",10.59,"35,137.62"
2021-01-19,2021011903028130,NMBHF1,10,45,"5,000",10.69,"53,450.00"
2021-01-19,2021011903028536,NMBMF,46,14,12,"1,177.00","14,124.00"
2021-01-19,2021011903028431,NMBMF,37,45,150,"1,165.00","174,750.00"
2021-01-19,2021011903028428,NMFBS,43,52,26,"2,434.00","63,284.00"
2021-01-19,2021011903028545,NRIC,22,25,10,"1,499.00","14,990.00"
2021-01-19,2021011903028542,NRIC,59,32,80,"1,500.00","120,000.00"
2021-01-19,2021011903028541,NRIC,59,34,55,"1,500.00","82,500.00"
2021-01-19,2021011903028540,NRIC,59,45,15,"1,500.00","22,500.00"
2021-01-19,2021011903028518,NRIC,26,45,100,"1,500.00","150,000.00"
2021-01-19,2021011903028507,NRIC,3,45,100,"1,500.00","150,000.00"
2021-01-19,2021011903028061,NRIC,55,53,40,"1,501.00","60,040.00"
2021-01-19,2021011903028171,NRIC,32,44,20,"1,501.00","30,020.00"
2021-01-19,2021011903028156,NRIC,32,22,40,"1,501.00","60,040.00"
2021-01-19,2021011903028121,NRIC,32,57,40,"1,501.00","60,040.00"
2021-01-19,2021011903028101,NRIC,38,48,10,"1,502.00","15,020.00"
2021-01-19,2021011903028063,NRIC,19,53,10,"1,500.00","15,000.00"
2021-01-19,2021011903028062,NRIC,42,53,200,"1,501.00","300,200.00"
2021-01-19,2021011903028215,NRIC,25,18,30,"1,501.00","45,030.00"
2021-01-19,2021011903028207,NRIC,57,20,30,"1,500.00","45,000.00"
2021-01-19,2021011903028206,NRIC,50,20,70,"1,500.00","105,000.00"
2021-01-19,2021011903028190,NRIC,50,34,30,"1,500.00","45,000.00"
2021-01-19,2021011903028189,NRIC,19,34,70,"1,500.00","105,000.00"
2021-01-19,2021011903028172,NRIC,19,44,10,"1,500.00","15,000.00"
2021-01-19,2021011903028304,NRIC,33,25,10,"1,500.00","15,000.00"
2021-01-19,2021011903028303,NRIC,17,25,420,"1,500.00","630,000.00"
2021-01-19,2021011903028291,NRIC,49,18,100,"1,501.00","150,100.00"
2021-01-19,2021011903028264,NRIC,38,18,20,"1,501.00","30,020.00"
2021-01-19,2021011903028222,NRIC,17,34,80,"1,500.00","120,000.00"
2021-01-19,2021011903028221,NRIC,57,34,20,"1,500.00","30,000.00"
2021-01-19,2021011903028322,NRIC,21,18,50,"1,501.00","75,050.00"
2021-01-19,2021011903028309,NRIC,43,25,120,"1,498.00","179,760.00"
2021-01-19,2021011903028308,NRIC,57,25,100,"1,498.00","149,800.00"
2021-01-19,2021011903028307,NRIC,22,25,200,"1,499.00","299,800.00"
2021-01-19,2021011903028306,NRIC,29,25,50,"1,499.00","74,950.00"
2021-01-19,2021011903028305,NRIC,1,25,100,"1,500.00","150,000.00"
2021-01-19,2021011903028379,NRIC,55,20,20,"1,500.00","30,000.00"
2021-01-19,2021011903028376,NRIC,56,20,50,"1,500.00","75,000.00"
2021-01-19,2021011903028360,NRIC,48,20,55,"1,500.00","82,500.00"
2021-01-19,2021011903028345,NRIC,45,20,20,"1,501.00","30,020.00"
2021-01-19,2021011903028344,NRIC,45,44,150,"1,500.00","225,000.00"
2021-01-19,2021011903028326,NRIC,21,44,50,"1,501.00","75,050.00"
2021-01-19,2021011903028449,NRIC,29,38,15,"1,500.00","22,500.00"
2021-01-19,2021011903028445,NRIC,56,38,85,"1,500.00","127,500.00"
2021-01-19,2021011903028442,NRIC,42,36,55,"1,500.00","82,500.00"
2021-01-19,2021011903028440,NRIC,46,36,40,"1,500.00","60,000.00"
2021-01-19,2021011903028439,NRIC,46,20,10,"1,500.00","15,000.00"
2021-01-19,2021011903028413,NRIC,44,20,45,"1,500.00","67,500.00"
2021-01-19,2021011903028484,NRIC,29,52,40,"1,499.00","59,960.00"
2021-01-19,2021011903028479,NRIC,19,45,50,"1,500.00","75,000.00"
2021-01-19,2021011903028454,NRIC,43,33,210,"1,498.00","314,580.00"
2021-01-19,2021011903028453,NRIC,45,33,40,"1,499.00","59,960.00"
2021-01-19,2021011903028451,NRIC,29,45,90,"1,500.00","135,000.00"
2021-01-19,2021011903028450,NRIC,29,21,50,"1,500.00","75,000.00"
2021-01-19,2021011903028412,NRN,50,48,10,365.00,"3,650.00"
2021-01-19,2021011903028411,NRN,50,45,10,365.00,"3,650.00"
2021-01-19,2021011903028410,NRN,50,6,200,365.00,"73,000.00"
2021-01-19,2021011903028409,NRN,50,58,10,365.00,"3,650.00"
2021-01-19,2021011903028408,NRN,50,59,138,365.00,"50,370.00"
2021-01-19,2021011903028298,NRN,52,49,10,364.00,"3,640.00"
2021-01-19,2021011903028297,NRN,52,13,16,364.00,"5,824.00"
2021-01-19,2021011903028196,NRN,16,21,10,363.00,"3,630.00"
2021-01-19,2021011903028538,NTC,25,3,45,"1,339.00","60,255.00"
2021-01-19,2021011903028537,NTC,25,56,55,"1,338.00","73,590.00"
2021-01-19,2021011903028530,NTC,34,56,30,"1,338.00","40,140.00"
2021-01-19,2021011903028521,NTC,49,56,10,"1,338.00","13,380.00"
2021-01-19,2021011903028511,NTC,58,56,50,"1,338.00","66,900.00"
2021-01-19,2021011903028490,NTC,45,56,25,"1,338.00","33,450.00"
2021-01-19,2021011903028240,NTC,45,3,500,"1,339.00","669,500.00"
2021-01-19,2021011903028239,NTC,45,56,200,"1,339.00","267,800.00"
2021-01-19,2021011903028218,NTC,49,51,200,"1,338.00","267,600.00"
2021-01-19,2021011903028159,NTC,49,43,150,"1,338.00","200,700.00"
2021-01-19,2021011903028125,NTC,1,43,30,"1,338.00","40,140.00"
2021-01-19,2021011903028090,NTC,16,43,500,"1,338.00","669,000.00"
2021-01-19,2021011903028422,NTC,39,51,100,"1,339.00","133,900.00"
2021-01-19,2021011903028415,NTC,14,58,150,"1,340.00","201,000.00"
2021-01-19,2021011903028400,NTC,21,58,117,"1,340.00","156,780.00"
2021-01-19,2021011903028399,NTC,21,16,83,"1,340.00","111,220.00"
2021-01-19,2021011903028393,NTC,16,16,20,"1,340.00","26,800.00"
2021-01-19,2021011903028316,NTC,45,56,300,"1,339.00","401,700.00"
2021-01-19,2021011903028480,NTC,53,3,30,"1,339.00","40,170.00"
2021-01-19,2021011903028470,NTC,54,3,30,"1,339.00","40,170.00"
2021-01-19,2021011903028463,NTC,48,3,60,"1,339.00","80,340.00"
2021-01-19,2021011903028462,NTC,48,53,140,"1,338.00","187,320.00"
2021-01-19,2021011903028424,NTC,17,3,60,"1,339.00","80,340.00"
2021-01-19,2021011903028423,NTC,39,3,200,"1,339.00","267,800.00"
2021-01-19,2021011903028514,NUBL,35,58,"3,500","1,493.00","5,225,500.00"
2021-01-19,2021011903028513,NUBL,35,50,103,"1,493.00","153,779.00"
2021-01-19,2021011903028392,NUBL,35,50,300,"1,493.00","447,900.00"
2021-01-19,2021011903028374,NUBL,28,50,497,"1,493.00","742,021.00"
2021-01-19,2021011903028262,OHL,47,49,50,490.00,"24,500.00"
2021-01-19,2021011903028261,OHL,22,49,100,490.00,"49,000.00"
2021-01-19,2021011903028260,OHL,1,49,25,490.00,"12,250.00"
2021-01-19,2021011903028259,OHL,58,49,65,490.00,"31,850.00"
2021-01-19,2021011903028492,PLIC,50,41,100,822.00,"82,200.00"
2021-01-19,2021011903028365,PLIC,13,45,59,821.00,"48,439.00"
2021-01-19,2021011903028475,PROFL,46,39,47,162.00,"7,614.00"
2021-01-19,2021011903028474,PROFL,46,57,155,162.00,"25,110.00"
2021-01-19,2021011903028473,PROFL,46,45,100,162.00,"16,200.00"
2021-01-19,2021011903028472,PROFL,46,34,300,162.00,"48,600.00"
2021-01-19,2021011903028471,PROFL,46,45,398,162.00,"64,476.00"
2021-01-19,2021011903028458,PROFL,41,45,500,162.00,"81,000.00"
2021-01-19,2021011903028351,PROFL,38,45,62,162.00,"10,044.00"
2021-01-19,2021011903028350,PROFL,38,43,12,162.00,"1,944.00"
2021-01-19,2021011903028349,PROFL,38,45,16,162.00,"2,592.00"
2021-01-19,2021011903028238,PROFL,48,45,100,162.00,"16,200.00"
2021-01-19,2021011903028527,RLFL,44,21,401,197.00,"78,997.00"
2021-01-19,2021011903028526,RLFL,44,25,300,197.00,"59,100.00"
2021-01-19,2021011903028525,RLFL,44,14,30,197.00,"5,910.00"
2021-01-19,2021011903028524,RLFL,44,40,"1,000",197.00,"197,000.00"
2021-01-19,2021011903028523,RLFL,44,38,476,197.00,"93,772.00"
2021-01-19,2021011903028522,RLFL,44,41,200,196.00,"39,200.00"
2021-01-19,2021011903028132,RLFL,21,38,450,197.00,"88,650.00"
2021-01-19,2021011903028519,RLI,57,38,70,626.00,"43,820.00"
2021-01-19,2021011903028457,RLI,52,58,10,625.00,"6,250.00"
2021-01-19,2021011903028405,RLI,52,45,20,625.00,"12,500.00"
2021-01-19,2021011903028404,RLI,36,45,90,625.00,"56,250.00"
2021-01-19,2021011903028403,RLI,17,45,100,625.00,"62,500.00"
2021-01-19,2021011903028402,RLI,48,45,10,625.00,"6,250.00"
2021-01-19,2021011903028357,RLI,48,57,10,625.00,"6,250.00"
2021-01-19,2021011903028338,RLI,48,13,10,625.00,"6,250.00"
2021-01-19,2021011903028112,RLI,7,38,200,626.00,"125,200.00"
2021-01-19,2021011903028087,RLI,34,38,70,626.00,"43,820.00"
2021-01-19,2021011903028534,RMDC,28,52,22,"1,165.00","25,630.00"
2021-01-19,2021011903028425,RMDC,34,35,419,"1,174.00","491,906.00"
2021-01-19,2021011903028064,RSDC,17,49,100,684.00,"68,400.00"
2021-01-19,2021011903028120,SADBL,51,13,300,209.00,"62,700.00"
2021-01-19,2021011903028397,SDLBSL,43,1,10,"1,240.00","12,400.00"
2021-01-19,2021011903028396,SDLBSL,43,49,200,"1,240.00","248,000.00"
2021-01-19,2021011903028395,SDLBSL,43,21,10,"1,239.00","12,390.00"
2021-01-19,2021011903028394,SDLBSL,43,56,40,"1,238.00","49,520.00"
2021-01-19,2021011903028211,SEF,3,32,500,10.92,"5,460.00"
2021-01-19,2021011903028210,SEF,3,42,"2,500",10.92,"27,300.00"
2021-01-19,2021011903028544,SFCL,49,56,40,167.00,"6,680.00"
2021-01-19,2021011903028135,SFCL,42,56,150,167.00,"25,050.00"
2021-01-19,2021011903028134,SFCL,42,29,150,167.00,"25,050.00"
2021-01-19,2021011903028373,SFMF,21,34,"5,000",10.70,"53,500.00"
2021-01-19,2021011903028499,SHINE,22,32,210,266.00,"55,860.00"
2021-01-19,2021011903028352,SHINE,41,53,150,267.00,"40,050.00"
2021-01-19,2021011903028244,SHINE,17,53,200,267.00,"53,400.00"
2021-01-19,2021011903028225,SHINE,22,28,50,266.00,"13,300.00"
2021-01-19,2021011903028539,SHL,34,35,100,208.00,"20,800.00"
2021-01-19,2021011903028452,SHL,34,39,200,207.00,"41,400.00"
2021-01-19,2021011903028414,SHL,34,52,100,206.00,"20,600.00"
2021-01-19,2021011903028481,SIFC,49,17,100,215.00,"21,500.00"
2021-01-19,2021011903028110,SKBBL,36,57,230,"1,650.00","379,500.00"
2021-01-19,2021011903028109,SKBBL,36,50,20,"1,650.00","33,000.00"
2021-01-19,2021011903028339,SLBBL,40,33,40,"1,284.00","51,360.00"
2021-01-19,2021011903028217,SLBBL,49,33,20,"1,284.00","25,680.00"
2021-01-19,2021011903028456,SLBS,44,54,35,"1,458.00","51,030.00"
2021-01-19,2021011903028364,SLICL,54,56,336,808.00,"271,488.00"
2021-01-19,2021011903028363,SLICL,10,56,64,808.00,"51,712.00"
2021-01-19,2021011903028216,SLICL,5,59,64,808.00,"51,712.00"
2021-01-19,2021011903028065,SLICL,5,20,185,808.00,"149,480.00"
2021-01-19,2021011903028372,SMB,57,34,270,"1,325.00","357,750.00"
2021-01-19,2021011903028371,SMB,29,34,10,"1,350.00","13,500.00"
2021-01-19,2021011903028370,SMB,59,34,200,"1,350.00","270,000.00"
2021-01-19,2021011903028369,SMB,56,34,20,"1,352.00","27,040.00"
2021-01-19,2021011903028184,SMB,45,34,50,"1,357.00","67,850.00"
2021-01-19,2021011903028183,SMB,43,34,34,"1,358.00","46,172.00"
2021-01-19,2021011903028182,SMB,55,34,100,"1,360.00","136,000.00"
2021-01-19,2021011903028188,SMB,57,34,23,"1,351.00","31,073.00"
2021-01-19,2021011903028187,SMB,56,34,13,"1,353.00","17,589.00"
2021-01-19,2021011903028186,SMB,32,34,10,"1,353.00","13,530.00"
2021-01-19,2021011903028185,SMB,21,34,70,"1,356.00","94,920.00"
2021-01-19,2021011903028359,SMFBS,38,34,488,"1,775.00","866,200.00"
2021-01-19,2021011903028055,SMFBS,38,34,73,"1,774.00","129,502.00"
2021-01-19,2021011903028516,SMFDB,34,39,94,"1,140.00","107,160.00"
2021-01-19,2021011903028515,SMFDB,5,39,50,"1,140.00","57,000.00"
2021-01-19,2021011903028178,SNLB,13,33,50,"1,185.00","59,250.00"
2021-01-19,2021011903028084,STC,41,45,10,"8,174.00","81,740.00"
2021-01-19,2021011903028253,SWBBL,45,14,47,"1,836.00","86,292.00"
2021-01-19,2021011903028252,SWBBL,45,41,52,"1,825.00","94,900.00"
2021-01-19,2021011903028177,SWBBL,45,41,100,"1,825.00","182,500.00"
2021-01-19,2021011903028176,SWBBL,40,41,200,"1,835.00","367,000.00"
2021-01-19,2021011903028175,SWBBL,6,41,19,"1,836.00","34,884.00"
2021-01-19,2021011903028174,SWBBL,47,41,137,"1,836.00","251,532.00"
2021-01-19,2021011903028173,SWBBL,26,41,20,"1,837.00","36,740.00"
2021-01-19,2021011903028107,SWBBL,26,47,23,"1,837.00","42,251.00"
2021-01-19,2021011903028083,SWBBL,26,14,18,"1,837.00","33,066.00"
2021-01-19,2021011903028505,TRH,25,21,30,331.00,"9,930.00"
2021-01-19,2021011903028407,TRH,56,22,140,330.00,"46,200.00"
2021-01-19,2021011903028406,TRH,56,17,200,330.00,"66,000.00"
2021-01-19,2021011903028553,UFL,1,41,76,315.00,"23,940.00"
2021-01-19,2021011903028385,UFL,1,10,583,315.00,"183,645.00"
2021-01-19,2021011903028170,UFL,1,38,270,315.00,"85,050.00"
2021-01-19,2021011903028169,UFL,7,38,20,315.00,"6,300.00"
2021-01-19,2021011903028168,UFL,29,38,150,316.00,"47,400.00"
2021-01-19,2021011903028167,UFL,46,38,60,316.00,"18,960.00"
2021-01-19,2021011903028485,VLBS,54,45,18,"1,219.00","21,942.00"
2021-01-19,2021011903028312,VLBS,48,1,10,"1,218.00","12,180.00"
2021-01-19,2021011903028251,VLBS,45,38,20,"1,225.00","24,500.00"
2021-01-19,2021011903028021,ACLBSL,1,21,10,"1,348.00","13,480.00"
2021-01-19,2021011903027987,ACLBSL,1,57,10,"1,348.00","13,480.00"
2021-01-19,2021011903027751,ACLBSL,29,47,10,"1,350.00","13,500.00"
2021-01-19,2021011903028003,ALBSL,19,49,100,"1,315.00","131,500.00"
2021-01-19,2021011903028052,ALICL,16,49,500,"1,098.00","549,000.00"
2021-01-19,2021011903027972,ALICL,26,49,"1,000","1,098.00","1,098,000.00"
2021-01-19,2021011903027879,ALICL,50,49,23,"1,097.00","25,231.00"
2021-01-19,2021011903027854,ALICL,16,49,500,"1,098.00","549,000.00"
2021-01-19,2021011903027764,ALICL,50,38,106,"1,097.00","116,282.00"
2021-01-19,2021011903027763,ALICL,34,38,50,"1,098.00","54,900.00"
2021-01-19,2021011903027762,ALICL,11,38,844,"1,098.00","926,712.00"
2021-01-19,2021011903027760,ALICL,11,37,56,"1,098.00","61,488.00"
2021-01-19,2021011903027759,ALICL,14,37,19,"1,099.00","20,881.00"
2021-01-19,2021011903027688,ALICL,8,49,"1,000","1,100.00","1,100,000.00"
2021-01-19,2021011903027556,ALICL,14,38,260,"1,099.00","285,740.00"
2021-01-19,2021011903027600,BBC,57,45,30,"3,265.00","97,950.00"
2021-01-19,2021011903027980,BFC,41,16,425,157.00,"66,725.00"
2021-01-19,2021011903027979,BFC,41,45,25,157.00,"3,925.00"
2021-01-19,2021011903027978,BFC,41,48,350,157.00,"54,950.00"
2021-01-19,2021011903027977,BFC,41,8,200,157.00,"31,400.00"
2021-01-19,2021011903027855,BFC,7,45,50,156.00,"7,800.00"
2021-01-19,2021011903027776,BFC,59,36,"1,220",153.00,"186,660.00"
2021-01-19,2021011903027775,BFC,41,36,30,155.00,"4,650.00"
2021-01-19,2021011903027741,BFC,41,45,100,155.00,"15,500.00"
2021-01-19,2021011903027921,CBBL,57,56,30,"1,370.00","41,100.00"
2021-01-19,2021011903027853,CBBL,33,49,100,"1,364.00","136,400.00"
2021-01-19,2021011903027852,CBBL,11,49,50,"1,365.00","68,250.00"
2021-01-19,2021011903027851,CBBL,58,49,30,"1,365.00","40,950.00"
2021-01-19,2021011903027850,CBBL,43,49,20,"1,365.00","27,300.00"
2021-01-19,2021011903027758,CFCL,52,28,200,199.00,"39,800.00"
2021-01-19,2021011903027698,CFCL,6,39,80,200.00,"16,000.00"
2021-01-19,2021011903027784,CIT,25,29,100,"3,456.00","345,600.00"
2021-01-19,2021011903027781,CIT,22,51,100,"3,452.00","345,200.00"
2021-01-19,2021011903027780,CIT,45,51,50,"3,452.00","172,600.00"
2021-01-19,2021011903027647,CIT,5,29,30,"3,455.00","103,650.00"
2021-01-19,2021011903027572,CIT,19,29,20,"3,455.00","69,100.00"
2021-01-19,2021011903028051,CLBSL,47,20,10,"1,037.00","10,370.00"
2021-01-19,2021011903028023,CLBSL,47,38,22,"1,036.00","22,792.00"
2021-01-19,2021011903028019,CLBSL,21,20,200,"1,037.00","207,400.00"
2021-01-19,2021011903027960,CLBSL,54,35,20,"1,033.00","20,660.00"
2021-01-19,2021011903027786,CLBSL,57,20,100,"1,037.00","103,700.00"
2021-01-19,2021011903027743,CLBSL,41,35,80,"1,032.00","82,560.00"
2021-01-19,2021011903027742,CLBSL,6,35,20,"1,033.00","20,660.00"
2021-01-19,2021011903027836,CMF1,46,45,195,10.08,"1,965.60"
2021-01-19,2021011903027944,DDBL,22,49,100,"1,667.00","166,700.00"
2021-01-19,2021011903027939,DDBL,58,49,35,"1,665.00","58,275.00"
2021-01-19,2021011903027938,DDBL,8,49,15,"1,665.00","24,975.00"
2021-01-19,2021011903027937,DDBL,35,49,300,"1,665.00","499,500.00"
2021-01-19,2021011903027936,DDBL,35,49,50,"1,665.00","83,250.00"
2021-01-19,2021011903027935,DDBL,39,49,100,"1,666.00","166,600.00"
2021-01-19,2021011903027748,DDBL,36,42,25,"1,670.00","41,750.00"
2021-01-19,2021011903027747,DDBL,45,42,25,"1,671.00","41,775.00"
2021-01-19,2021011903027871,DDBL,43,49,200,"1,667.00","333,400.00"
2021-01-19,2021011903027870,DDBL,42,49,50,"1,668.00","83,400.00"
2021-01-19,2021011903027838,DDBL,1,19,50,"1,668.00","83,400.00"
2021-01-19,2021011903027837,DDBL,14,19,50,"1,668.00","83,400.00"
2021-01-19,2021011903027774,DDBL,43,49,200,"1,669.00","333,800.00"
2021-01-19,2021011903027749,DDBL,38,42,50,"1,670.00","83,500.00"
2021-01-19,2021011903027845,EDBL,48,52,725,399.00,"289,275.00"
2021-01-19,2021011903027844,EDBL,48,45,500,399.00,"199,500.00"
2021-01-19,2021011903027843,EDBL,48,34,100,398.00,"39,800.00"
2021-01-19,2021011903027816,FMDBL,49,56,305,681.00,"207,705.00"
2021-01-19,2021011903027667,FMDBL,54,56,75,681.00,"51,075.00"
2021-01-19,2021011903027927,FOWAD,17,35,29,"2,502.00","72,558.00"
