Date,Transact. No.,Symbol,Buyer,Seller,Quantity,Rate,Amount
2020-09-14,2020091401045256,ACLBSL,38,41,73,760.00,"55,480.00"
2020-09-14,2020091401045255,ACLBSL,38,59,100,760.00,"76,000.00"
2020-09-14,2020091401045254,ACLBSL,38,5,157,760.00,"119,320.00"
2020-09-14,2020091401045253,ACLBSL,38,55,50,760.00,"38,000.00"
2020-09-14,2020091401045252,ACLBSL,38,11,10,760.00,"7,600.00"
2020-09-14,2020091401045251,ACLBSL,38,48,110,759.00,"83,490.00"
2020-09-14,2020091401045367,AIL,22,41,10,528.00,"5,280.00"
2020-09-14,2020091401045312,AIL,19,42,60,527.00,"31,620.00"
2020-09-14,2020091401045026,AIL,19,29,80,527.00,"42,160.00"
2020-09-14,2020091401045025,AIL,42,29,20,528.00,"10,560.00"
2020-09-14,2020091401045024,AIL,42,45,80,528.00,"42,240.00"
2020-09-14,2020091401045111,AKPL,45,40,135,187.00,"25,245.00"
2020-09-14,2020091401045110,AKPL,45,45,"1,500",186.00,"279,000.00"
2020-09-14,2020091401045109,AKPL,45,34,200,186.00,"37,200.00"
2020-09-14,2020091401045108,AKPL,45,6,100,186.00,"18,600.00"
2020-09-14,2020091401045107,AKPL,45,40,"1,000",186.00,"186,000.00"
2020-09-14,2020091401045106,AKPL,45,40,"1,000",186.00,"186,000.00"
2020-09-14,2020091401045081,AKPL,39,42,100,184.00,"18,400.00"
2020-09-14,2020091401045080,AKPL,1,47,135,185.00,"24,975.00"
2020-09-14,2020091401045105,AKPL,45,34,100,186.00,"18,600.00"
2020-09-14,2020091401045104,AKPL,45,42,400,186.00,"74,400.00"
2020-09-14,2020091401045103,AKPL,45,22,"2,500",185.00,"462,500.00"
2020-09-14,2020091401045102,AKPL,45,16,"2,000",185.00,"370,000.00"
2020-09-14,2020091401045101,AKPL,45,47,165,185.00,"30,525.00"
2020-09-14,2020091401045100,AKPL,45,42,900,184.00,"165,600.00"
2020-09-14,2020091401045090,ALBSL,58,49,50,869.00,"43,450.00"
2020-09-14,2020091401045321,ALICL,37,5,100,757.00,"75,700.00"
2020-09-14,2020091401045163,ALICL,33,41,75,754.00,"56,550.00"
2020-09-14,2020091401045096,ALICL,33,5,500,754.00,"377,000.00"
2020-09-14,2020091401045362,API,36,16,10,143.00,"1,430.00"
2020-09-14,2020091401045273,API,45,22,50,144.00,"7,200.00"
2020-09-14,2020091401045130,BARUN,21,35,460,117.00,"53,820.00"
2020-09-14,2020091401045131,BOKL,49,45,50,249.00,"12,450.00"
2020-09-14,2020091401044981,BOKL,43,37,69,250.00,"17,250.00"
2020-09-14,2020091401044980,BOKL,43,14,231,250.00,"57,750.00"
2020-09-14,2020091401045192,BPCL,6,34,110,400.00,"44,000.00"
2020-09-14,2020091401045191,BPCL,6,16,90,399.00,"35,910.00"
2020-09-14,2020091401045119,BPCL,1,46,137,398.00,"54,526.00"
2020-09-14,2020091401045063,BPCL,1,26,12,398.00,"4,776.00"
2020-09-14,2020091401045267,CBBL,42,49,100,"1,133.00","113,300.00"
2020-09-14,2020091401045237,CBBL,6,58,450,"1,132.00","509,400.00"
2020-09-14,2020091401045032,CBBL,45,49,20,"1,133.00","22,660.00"
2020-09-14,2020091401045397,CCBL,17,34,"1,000",173.00,"173,000.00"
2020-09-14,2020091401045389,CCBL,29,17,300,173.00,"51,900.00"
2020-09-14,2020091401045316,CCBL,34,17,20,173.00,"3,460.00"
2020-09-14,2020091401045246,CHCL,37,58,98,481.00,"47,138.00"
2020-09-14,2020091401045245,CHCL,58,58,80,481.00,"38,480.00"
2020-09-14,2020091401045166,CHCL,19,56,100,482.00,"48,200.00"
2020-09-14,2020091401045037,CHCL,58,56,100,481.00,"48,100.00"
2020-09-14,2020091401044970,CHCL,58,45,320,481.00,"153,920.00"
2020-09-14,2020091401045247,CIT,33,57,10,"3,413.00","34,130.00"
2020-09-14,2020091401045217,CIT,42,59,24,"3,415.00","81,960.00"
2020-09-14,2020091401045216,CIT,35,59,20,"3,415.00","68,300.00"
2020-09-14,2020091401045215,CIT,42,59,10,"3,415.00","34,150.00"
2020-09-14,2020091401045214,CIT,6,59,46,"3,420.00","157,320.00"
2020-09-14,2020091401045165,CIT,6,44,54,"3,420.00","184,680.00"
2020-09-14,2020091401044962,CIT,42,4,40,"3,415.00","136,600.00"
2020-09-14,2020091401045348,CORBL,42,22,40,132.00,"5,280.00"
2020-09-14,2020091401045148,CZBIL,5,35,591,196.00,"115,836.00"
2020-09-14,2020091401045244,EDBL,28,16,42,301.00,"12,642.00"
2020-09-14,2020091401045385,EIC,10,38,20,565.00,"11,300.00"
2020-09-14,2020091401045368,EIC,10,34,15,565.00,"8,475.00"
2020-09-14,2020091401045319,EIC,32,19,100,564.00,"56,400.00"
2020-09-14,2020091401045276,EIC,58,34,10,565.00,"5,650.00"
2020-09-14,2020091401045275,EIC,58,34,40,565.00,"22,600.00"
2020-09-14,2020091401044972,EIC,42,34,60,565.00,"33,900.00"
2020-09-14,2020091401045285,FMDBL,59,19,301,589.00,"177,289.00"
2020-09-14,2020091401045284,FMDBL,45,19,10,589.00,"5,890.00"
2020-09-14,2020091401044995,FMDBL,59,45,200,589.00,"117,800.00"
2020-09-14,2020091401045208,FOWAD,21,36,10,"1,603.00","16,030.00"
2020-09-14,2020091401045039,FOWAD,21,38,49,"1,603.00","78,547.00"
2020-09-14,2020091401045336,GBIME,58,22,300,264.00,"79,200.00"
2020-09-14,2020091401045299,GBIME,45,43,10,263.00,"2,630.00"
2020-09-14,2020091401045298,GBIME,22,43,20,263.00,"5,260.00"
2020-09-14,2020091401045297,GBIME,58,43,180,263.00,"47,340.00"
2020-09-14,2020091401044990,GBIME,56,22,52,264.00,"13,728.00"
2020-09-14,2020091401044989,GBIME,56,33,48,264.00,"12,672.00"
2020-09-14,2020091401044968,GBIME,42,33,132,264.00,"34,848.00"
2020-09-14,2020091401044967,GBIME,42,28,68,264.00,"17,952.00"
2020-09-14,2020091401045395,GBLBS,36,44,105,555.00,"58,275.00"
2020-09-14,2020091401045292,GBLBS,58,44,200,556.00,"111,200.00"
2020-09-14,2020091401045263,GBLBS,16,16,5,556.00,"2,780.00"
2020-09-14,2020091401045262,GBLBS,16,7,130,556.00,"72,280.00"
2020-09-14,2020091401045261,GBLBS,36,7,70,556.00,"38,920.00"
2020-09-14,2020091401045260,GBLBS,7,7,150,557.00,"83,550.00"
2020-09-14,2020091401045116,GBLBS,34,26,150,557.00,"83,550.00"
2020-09-14,2020091401045396,GILB,57,54,20,"1,228.00","24,560.00"
2020-09-14,2020091401045053,GILB,45,35,25,"1,232.00","30,800.00"
2020-09-14,2020091401045033,GILB,56,35,11,"1,231.00","13,541.00"
2020-09-14,2020091401045340,GLBSL,32,26,53,788.00,"41,764.00"
2020-09-14,2020091401045209,GLBSL,58,26,20,789.00,"15,780.00"
2020-09-14,2020091401045387,GLICL,6,57,70,654.00,"45,780.00"
2020-09-14,2020091401045386,GLICL,6,51,100,654.00,"65,400.00"
2020-09-14,2020091401045283,GLICL,44,41,81,653.00,"52,893.00"
2020-09-14,2020091401045282,GLICL,50,41,250,653.00,"163,250.00"
2020-09-14,2020091401045281,GLICL,39,41,69,653.00,"45,057.00"
2020-09-14,2020091401045117,GLICL,58,57,60,654.00,"39,240.00"
2020-09-14,2020091401044964,GLICL,6,35,88,654.00,"57,552.00"
2020-09-14,2020091401044963,GLICL,6,17,212,654.00,"138,648.00"
2020-09-14,2020091401045361,GUFL,42,10,218,129.00,"28,122.00"
2020-09-14,2020091401045360,GUFL,42,16,200,129.00,"25,800.00"
2020-09-14,2020091401045359,GUFL,42,32,200,129.00,"25,800.00"
2020-09-14,2020091401045358,GUFL,42,17,100,129.00,"12,900.00"
2020-09-14,2020091401045357,GUFL,42,5,125,129.00,"16,125.00"
2020-09-14,2020091401045204,GUFL,42,42,100,127.00,"12,700.00"
2020-09-14,2020091401045203,GUFL,42,5,100,127.00,"12,700.00"
2020-09-14,2020091401045202,GUFL,42,38,405,127.00,"51,435.00"
2020-09-14,2020091401045201,GUFL,42,42,100,126.00,"12,600.00"
2020-09-14,2020091401045200,GUFL,42,32,123,125.00,"15,375.00"
2020-09-14,2020091401045199,GUFL,42,8,29,125.00,"3,625.00"
2020-09-14,2020091401045198,GUFL,42,35,39,125.00,"4,875.00"
2020-09-14,2020091401045393,HDHPC,50,26,500,96.00,"48,000.00"
2020-09-14,2020091401045392,HDHPC,11,26,220,96.00,"21,120.00"
2020-09-14,2020091401045366,HDL,14,14,15,"1,810.00","27,150.00"
2020-09-14,2020091401045365,HDL,16,14,260,"1,810.00","470,600.00"
2020-09-14,2020091401045364,HDL,45,14,325,"1,810.00","588,250.00"
2020-09-14,2020091401045322,HDL,45,45,15,"1,810.00","27,150.00"
2020-09-14,2020091401045099,HDL,45,22,160,"1,810.00","289,600.00"
2020-09-14,2020091401045097,HDL,46,22,100,"1,810.00","181,000.00"
2020-09-14,2020091401045343,HGI,39,49,"1,000",518.00,"518,000.00"
2020-09-14,2020091401045139,HGI,39,36,50,518.00,"25,900.00"
2020-09-14,2020091401045138,HGI,39,13,130,518.00,"67,340.00"
2020-09-14,2020091401045137,HGI,39,5,100,518.00,"51,800.00"
2020-09-14,2020091401045136,HGI,39,5,80,517.00,"41,360.00"
2020-09-14,2020091401044996,HGI,39,58,150,515.00,"77,250.00"
2020-09-14,2020091401044961,HGI,39,44,150,515.00,"77,250.00"
2020-09-14,2020091401044960,HGI,39,41,50,515.00,"25,750.00"
2020-09-14,2020091401044959,HGI,39,49,405,515.00,"208,575.00"
2020-09-14,2020091401044958,HGI,39,58,600,514.00,"308,400.00"
2020-09-14,2020091401045339,HIDCL,5,6,50,157.00,"7,850.00"
2020-09-14,2020091401045235,HIDCL,6,22,200,156.00,"31,200.00"
2020-09-14,2020091401045234,HIDCL,6,32,"1,000",156.00,"156,000.00"
2020-09-14,2020091401045233,HIDCL,6,39,16,156.00,"2,496.00"
2020-09-14,2020091401045232,HIDCL,6,22,39,156.00,"6,084.00"
2020-09-14,2020091401045231,HIDCL,6,39,16,156.00,"2,496.00"
2020-09-14,2020091401045224,HIDCL,6,4,61,156.00,"9,516.00"
2020-09-14,2020091401045223,HIDCL,6,4,61,156.00,"9,516.00"
2020-09-14,2020091401045222,HIDCL,6,4,61,156.00,"9,516.00"
2020-09-14,2020091401045221,HIDCL,6,14,200,156.00,"31,200.00"
2020-09-14,2020091401045073,HIDCL,58,43,10,155.00,"1,550.00"
2020-09-14,2020091401044988,HIDCL,5,37,38,156.00,"5,928.00"
2020-09-14,2020091401045230,HIDCL,6,20,11,156.00,"1,716.00"
2020-09-14,2020091401045229,HIDCL,6,38,147,156.00,"22,932.00"
2020-09-14,2020091401045228,HIDCL,6,55,10,156.00,"1,560.00"
2020-09-14,2020091401045227,HIDCL,6,34,13,156.00,"2,028.00"
2020-09-14,2020091401045226,HIDCL,6,45,244,156.00,"38,064.00"
2020-09-14,2020091401045225,HIDCL,6,58,61,156.00,"9,516.00"
2020-09-14,2020091401045332,IGI,41,26,200,561.00,"112,200.00"
2020-09-14,2020091401045266,IGI,19,19,10,560.00,"5,600.00"
2020-09-14,2020091401045265,IGI,35,19,20,560.00,"11,200.00"
2020-09-14,2020091401045160,IGI,46,49,50,561.00,"28,050.00"
2020-09-14,2020091401044956,IGI,35,47,10,560.00,"5,600.00"
2020-09-14,2020091401044955,IGI,14,47,30,560.00,"16,800.00"
2020-09-14,2020091401044954,IGI,19,47,50,560.00,"28,000.00"
2020-09-14,2020091401045127,JFL,34,40,20,173.00,"3,460.00"
2020-09-14,2020091401045041,JOSHI,33,42,10,94.00,940.00
2020-09-14,2020091401045040,JOSHI,58,42,190,94.00,"17,860.00"
2020-09-14,2020091401044969,JOSHI,59,33,100,95.00,"9,500.00"
2020-09-14,2020091401045318,KBL,45,26,50,189.00,"9,450.00"
2020-09-14,2020091401045287,KBL,1,26,200,189.00,"37,800.00"
2020-09-14,2020091401045125,KMCDB,29,11,10,767.00,"7,670.00"
2020-09-14,2020091401045172,KSBBL,57,29,616,144.00,"88,704.00"
2020-09-14,2020091401045075,LBBL,41,42,50,185.00,"9,250.00"
2020-09-14,2020091401045150,LBL,49,37,160,239.00,"38,240.00"
2020-09-14,2020091401045149,LBL,49,38,340,239.00,"81,260.00"
2020-09-14,2020091401044965,LBL,49,38,190,239.00,"45,410.00"
2020-09-14,2020091401045079,LGIL,11,55,100,551.00,"55,100.00"
2020-09-14,2020091401044983,LICN,34,32,60,"1,536.00","92,160.00"
2020-09-14,2020091401044982,LICN,45,32,40,"1,540.00","61,600.00"
2020-09-14,2020091401045118,LLBS,47,51,26,"1,125.00","29,250.00"
2020-09-14,2020091401045083,LLBS,47,1,100,"1,125.00","112,500.00"
2020-09-14,2020091402000054,LUK,10,5,"1,000",9.28,"9,280.00"
2020-09-14,2020091402000053,LUK,10,51,100,9.28,928.00
2020-09-14,2020091402000052,LUK,10,34,500,9.28,"4,640.00"
2020-09-14,2020091402000051,LUK,42,42,150,9.26,"1,389.00"
2020-09-14,2020091402000050,LUK,8,17,100,9.26,926.00
2020-09-14,2020091402000049,LUK,53,41,"1,600",9.25,"14,800.00"
2020-09-14,2020091402000003,LUK,42,13,150,9.90,"1,485.00"
2020-09-14,2020091402000002,LUK,42,38,100,10.00,"1,000.00"
2020-09-14,2020091402000009,LUK,42,51,150,9.52,"1,428.00"
2020-09-14,2020091402000008,LUK,41,37,100,9.52,952.00
2020-09-14,2020091402000007,LUK,41,6,100,9.52,952.00
2020-09-14,2020091402000006,LUK,52,6,300,9.52,"2,856.00"
2020-09-14,2020091402000005,LUK,52,42,200,9.52,"1,904.00"
2020-09-14,2020091402000004,LUK,42,42,100,9.71,971.00
2020-09-14,2020091402000015,LUK,52,58,200,9.36,"1,872.00"
2020-09-14,2020091402000014,LUK,10,42,100,9.35,935.00
2020-09-14,2020091402000013,LUK,10,51,100,9.35,935.00
2020-09-14,2020091402000012,LUK,42,34,100,9.40,940.00
2020-09-14,2020091402000011,LUK,42,58,200,9.52,"1,904.00"
2020-09-14,2020091402000010,LUK,42,45,300,9.52,"2,856.00"
2020-09-14,2020091402000022,LUK,10,26,"1,000",9.41,"9,410.00"
2020-09-14,2020091402000020,LUK,52,45,100,9.37,937.00
2020-09-14,2020091402000019,LUK,10,58,100,9.35,935.00
2020-09-14,2020091402000018,LUK,10,42,100,9.35,935.00
2020-09-14,2020091402000017,LUK,10,33,"1,200",9.35,"11,220.00"
2020-09-14,2020091402000016,LUK,52,33,800,9.36,"7,488.00"
2020-09-14,2020091402000028,LUK,8,36,100,9.36,936.00
2020-09-14,2020091402000027,LUK,53,36,"2,500",9.37,"23,425.00"
2020-09-14,2020091402000026,LUK,52,36,100,9.37,937.00
2020-09-14,2020091402000025,LUK,10,36,"2,400",9.38,"22,512.00"
2020-09-14,2020091402000024,LUK,57,42,500,9.40,"4,700.00"
2020-09-14,2020091402000023,LUK,57,29,500,9.40,"4,700.00"
2020-09-14,2020091402000036,LUK,48,58,100,9.39,939.00
2020-09-14,2020091402000035,LUK,48,49,100,9.39,939.00
2020-09-14,2020091402000034,LUK,48,49,200,9.39,"1,878.00"
2020-09-14,2020091402000032,LUK,22,36,200,9.43,"1,886.00"
2020-09-14,2020091402000030,LUK,22,21,100,9.43,943.00
2020-09-14,2020091402000029,LUK,34,58,"2,000",9.40,"18,800.00"
2020-09-14,2020091402000042,LUK,53,34,200,9.38,"1,876.00"
2020-09-14,2020091402000041,LUK,42,14,"1,500",9.38,"14,070.00"
2020-09-14,2020091402000040,LUK,34,51,100,9.37,937.00
2020-09-14,2020091402000039,LUK,34,1,500,9.37,"4,685.00"
2020-09-14,2020091402000038,LUK,34,34,"2,000",9.39,"18,780.00"
2020-09-14,2020091402000037,LUK,48,36,600,9.39,"5,634.00"
2020-09-14,2020091402000048,LUK,25,41,100,9.33,933.00
2020-09-14,2020091402000047,LUK,58,41,"1,000",9.36,"9,360.00"
2020-09-14,2020091402000046,LUK,8,41,900,9.36,"8,424.00"
2020-09-14,2020091402000045,LUK,34,41,"1,400",9.37,"13,118.00"
2020-09-14,2020091402000044,LUK,53,58,800,9.38,"7,504.00"
2020-09-14,2020091402000043,LUK,42,58,400,9.38,"3,752.00"
2020-09-14,2020091401045259,MBL,34,49,90,230.00,"20,700.00"
2020-09-14,2020091401045236,MBL,39,35,28,229.00,"6,412.00"
2020-09-14,2020091401045212,MBL,41,35,50,229.00,"11,450.00"
2020-09-14,2020091401045055,MDB,54,10,50,365.00,"18,250.00"
2020-09-14,2020091401045206,MEGA,40,8,300,223.00,"66,900.00"
2020-09-14,2020091401045076,MEGA,21,8,200,223.00,"44,600.00"
2020-09-14,2020091401045016,MEGA,39,8,"1,680",224.00,"376,320.00"
2020-09-14,2020091401045015,MEGA,39,34,320,224.00,"71,680.00"
2020-09-14,2020091401045023,MERO,44,34,10,732.00,"7,320.00"
2020-09-14,2020091401045345,MFIL,47,7,750,301.00,"225,750.00"
2020-09-14,2020091401045344,MFIL,47,45,40,300.00,"12,000.00"
2020-09-14,2020091401045310,MFIL,55,10,861,300.00,"258,300.00"
2020-09-14,2020091401045022,MFIL,55,1,139,300.00,"41,700.00"
2020-09-14,2020091401045021,MFIL,35,1,161,300.00,"48,300.00"
2020-09-14,2020091401045184,MLBL,1,35,100,198.00,"19,800.00"
2020-09-14,2020091401045095,MNBBL,57,34,500,330.00,"165,000.00"
2020-09-14,2020091401045030,MNBBL,38,42,30,328.00,"9,840.00"
2020-09-14,2020091401045029,MNBBL,34,42,50,328.00,"16,400.00"
2020-09-14,2020091401045028,MNBBL,7,42,20,328.00,"6,560.00"
2020-09-14,2020091401045027,MNBBL,44,42,100,329.00,"32,900.00"
2020-09-14,2020091401045213,MSMBS,35,34,200,719.00,"143,800.00"
2020-09-14,2020091401045123,NABIL,18,1,155,856.00,"132,680.00"
2020-09-14,2020091401045094,NABIL,44,38,20,855.00,"17,100.00"
2020-09-14,2020091401045036,NADEP,28,35,138,742.00,"102,396.00"
2020-09-14,2020091401045035,NADEP,28,6,500,742.00,"371,000.00"
2020-09-14,2020091401045034,NADEP,28,55,12,741.00,"8,892.00"
2020-09-14,2020091401045399,NBB,49,29,193,202.00,"38,986.00"
2020-09-14,2020091401045183,NBB,41,41,63,201.00,"12,663.00"
2020-09-14,2020091401045334,NBL,53,10,10,308.00,"3,080.00"
2020-09-14,2020091401045315,NBL,26,55,100,307.00,"30,700.00"
2020-09-14,2020091401045087,NBL,19,10,100,308.00,"30,800.00"
2020-09-14,2020091401045059,NBL,26,44,"1,250",307.00,"383,750.00"
2020-09-14,2020091401045058,NBL,26,44,"1,170",307.00,"359,190.00"
2020-09-14,2020091401045020,NBL,58,10,100,308.00,"30,800.00"
2020-09-14,2020091401045248,NCCB,40,37,37,204.00,"7,548.00"
2020-09-14,2020091401045089,NCCB,40,45,263,204.00,"53,652.00"
2020-09-14,2020091401045088,NCCB,13,45,37,204.00,"7,548.00"
2020-09-14,2020091401045065,NCCB,34,44,500,205.00,"102,500.00"
2020-09-14,2020091401045115,NGPL,41,43,451,145.00,"65,395.00"
2020-09-14,2020091401045178,NIB,56,51,20,422.00,"8,440.00"
2020-09-14,2020091401045301,NIBPO,44,51,200,367.00,"73,400.00"
2020-09-14,2020091401045300,NIBPO,44,51,20,367.00,"7,340.00"
2020-09-14,2020091401045159,NICL,20,55,70,568.00,"39,760.00"
2020-09-14,2020091401044984,NICL,21,38,200,567.00,"113,400.00"
2020-09-14,2020091401045380,NIL,35,44,200,824.00,"164,800.00"
2020-09-14,2020091401045379,NIL,14,44,67,824.00,"55,208.00"
2020-09-14,2020091401045290,NIL,10,56,20,825.00,"16,500.00"
2020-09-14,2020091401045289,NIL,10,58,177,825.00,"146,025.00"
2020-09-14,2020091401045269,NIL,14,47,33,824.00,"27,192.00"
2020-09-14,2020091401045264,NIL,33,45,100,824.00,"82,400.00"
2020-09-14,2020091401044999,NIL,4,56,18,823.00,"14,814.00"
2020-09-14,2020091401044998,NIL,51,56,50,824.00,"41,200.00"
2020-09-14,2020091401044987,NIL,51,11,200,824.00,"164,800.00"
2020-09-14,2020091401045174,NIL,16,58,20,825.00,"16,500.00"
2020-09-14,2020091401045173,NIL,16,58,80,825.00,"66,000.00"
2020-09-14,2020091401045151,NIL,5,58,10,825.00,"8,250.00"
2020-09-14,2020091401045043,NIL,59,55,400,823.00,"329,200.00"
2020-09-14,2020091401045042,NIL,46,55,100,824.00,"82,400.00"
2020-09-14,2020091401045000,NIL,59,56,32,823.00,"26,336.00"
2020-09-14,2020091401045342,NLIC,35,36,44,"1,417.00","62,348.00"
2020-09-14,2020091401045341,NLIC,35,43,100,"1,416.00","141,600.00"
2020-09-14,2020091401045211,NLIC,49,38,70,"1,416.00","99,120.00"
2020-09-14,2020091401045157,NLIC,42,36,92,"1,417.00","130,364.00"
2020-09-14,2020091401045082,NLIC,57,36,50,"1,417.00","70,850.00"
2020-09-14,2020091401045085,NLICL,6,17,186,783.00,"145,638.00"
2020-09-14,2020091401045084,NLICL,42,1,50,785.00,"39,250.00"
2020-09-14,2020091401045014,NLICL,6,55,55,783.00,"43,065.00"
2020-09-14,2020091401045013,NLICL,10,55,25,783.00,"19,575.00"
2020-09-14,2020091401045012,NLICL,51,55,20,783.00,"15,660.00"
2020-09-14,2020091401045390,NMB,57,26,73,424.00,"30,952.00"
2020-09-14,2020091401045238,NMB,58,47,10,425.00,"4,250.00"
2020-09-14,2020091401045093,NMB,57,44,178,424.00,"75,472.00"
2020-09-14,2020091401045002,NMB,43,44,352,424.00,"149,248.00"
2020-09-14,2020091401045279,NMBMF,33,59,10,822.00,"8,220.00"
2020-09-14,2020091401045347,NMFBS,44,17,10,"1,586.00","15,860.00"
2020-09-14,2020091401045346,NMFBS,26,17,10,"1,586.00","15,860.00"
2020-09-14,2020091401045331,NRIC,20,33,13,882.00,"11,466.00"
2020-09-14,2020091401045330,NRIC,38,33,20,882.00,"17,640.00"
2020-09-14,2020091401045329,NRIC,59,33,500,882.00,"441,000.00"
2020-09-14,2020091401045328,NRIC,44,33,10,882.00,"8,820.00"
2020-09-14,2020091401045327,NRIC,38,33,100,882.00,"88,200.00"
2020-09-14,2020091401045326,NRIC,56,33,100,882.00,"88,200.00"
2020-09-14,2020091401044977,NRIC,51,53,10,882.00,"8,820.00"
2020-09-14,2020091401044976,NRIC,11,53,50,882.00,"44,100.00"
2020-09-14,2020091401044975,NRIC,36,53,200,882.00,"176,400.00"
2020-09-14,2020091401044974,NRIC,46,53,50,882.00,"44,100.00"
2020-09-14,2020091401044973,NRIC,29,53,33,882.00,"29,106.00"
2020-09-14,2020091401044971,NRIC,49,3,10,883.00,"8,830.00"
2020-09-14,2020091401045086,NRIC,16,3,50,883.00,"44,150.00"
2020-09-14,2020091401045069,NRIC,55,16,100,882.00,"88,200.00"
2020-09-14,2020091401045068,NRIC,28,16,100,882.00,"88,200.00"
2020-09-14,2020091401045057,NRIC,34,3,50,883.00,"44,150.00"
2020-09-14,2020091401044997,NRIC,35,3,10,883.00,"8,830.00"
2020-09-14,2020091401044978,NRIC,55,53,49,882.00,"43,218.00"
2020-09-14,2020091401045164,NRIC,35,3,100,883.00,"88,300.00"
2020-09-14,2020091401045162,NRIC,55,39,40,882.00,"35,280.00"
2020-09-14,2020091401045161,NRIC,35,3,100,883.00,"88,300.00"
2020-09-14,2020091401045156,NRIC,49,3,10,883.00,"8,830.00"
2020-09-14,2020091401045121,NRIC,55,53,475,882.00,"418,950.00"
2020-09-14,2020091401045120,NRIC,45,3,30,883.00,"26,490.00"
2020-09-14,2020091401045304,NRIC,45,59,70,882.00,"61,740.00"
2020-09-14,2020091401045303,NRIC,21,59,100,882.00,"88,200.00"
2020-09-14,2020091401045302,NRIC,55,59,311,882.00,"274,302.00"
2020-09-14,2020091401045293,NRIC,47,3,20,883.00,"17,660.00"
2020-09-14,2020091401045257,NRIC,40,3,200,883.00,"176,600.00"
2020-09-14,2020091401045207,NRIC,55,34,25,882.00,"22,050.00"
2020-09-14,2020091401045325,NRIC,45,33,50,882.00,"44,100.00"
2020-09-14,2020091401045324,NRIC,36,33,207,882.00,"182,574.00"
2020-09-14,2020091401045308,NRIC,36,59,293,882.00,"258,426.00"
2020-09-14,2020091401045307,NRIC,59,59,100,882.00,"88,200.00"
2020-09-14,2020091401045306,NRIC,34,59,100,882.00,"88,200.00"
2020-09-14,2020091401045305,NRIC,42,59,26,882.00,"22,932.00"
2020-09-14,2020091401045363,NRN,20,10,10,416.00,"4,160.00"
2020-09-14,2020091401045286,NRN,45,34,50,417.00,"20,850.00"
2020-09-14,2020091401044985,NRN,11,41,10,417.00,"4,170.00"
2020-09-14,2020091401044979,NRN,11,21,10,417.00,"4,170.00"
2020-09-14,2020091401045038,NRN,20,10,10,416.00,"4,160.00"
2020-09-14,2020091401045017,NRN,20,29,10,416.00,"4,160.00"
2020-09-14,2020091401044994,NRN,20,13,615,416.00,"255,840.00"
2020-09-14,2020091401044993,NRN,46,13,95,416.00,"39,520.00"
2020-09-14,2020091401044992,NRN,45,13,200,416.00,"83,200.00"
2020-09-14,2020091401044991,NRN,58,13,590,416.00,"245,440.00"
2020-09-14,2020091401045091,NRN,34,42,10,417.00,"4,170.00"
2020-09-14,2020091401045052,NRN,49,21,10,418.00,"4,180.00"
2020-09-14,2020091401045051,NRN,49,39,10,418.00,"4,180.00"
2020-09-14,2020091401045050,NRN,49,39,10,418.00,"4,180.00"
2020-09-14,2020091401045049,NRN,49,32,10,417.00,"4,170.00"
2020-09-14,2020091401045048,NRN,49,22,10,417.00,"4,170.00"
2020-09-14,2020091401045145,NRN,49,6,10,418.00,"4,180.00"
2020-09-14,2020091401045144,NRN,49,29,10,418.00,"4,180.00"
2020-09-14,2020091401045143,NRN,49,41,10,418.00,"4,180.00"
2020-09-14,2020091401045126,NRN,34,35,10,417.00,"4,170.00"
2020-09-14,2020091401045170,NRN,19,39,10,420.00,"4,200.00"
2020-09-14,2020091401045169,NRN,19,14,10,420.00,"4,200.00"
2020-09-14,2020091401045168,NRN,19,34,10,420.00,"4,200.00"
2020-09-14,2020091401045167,NRN,19,56,10,420.00,"4,200.00"
2020-09-14,2020091401045147,NRN,49,48,10,420.00,"4,200.00"
2020-09-14,2020091401045146,NRN,49,58,10,419.00,"4,190.00"
2020-09-14,2020091401045242,NRN,58,34,600,417.00,"250,200.00"
2020-09-14,2020091401045241,NRN,35,34,100,417.00,"41,700.00"
2020-09-14,2020091401045240,NRN,53,34,150,417.00,"62,550.00"
2020-09-14,2020091401045239,NRN,34,34,40,417.00,"16,680.00"
2020-09-14,2020091401045193,NRN,34,10,10,417.00,"4,170.00"
2020-09-14,2020091401045171,NRN,19,19,10,420.00,"4,200.00"
2020-09-14,2020091401045391,NTC,37,39,50,715.00,"35,750.00"
2020-09-14,2020091401045078,NTC,47,58,280,714.00,"199,920.00"
2020-09-14,2020091401045077,NTC,51,58,20,714.00,"14,280.00"
2020-09-14,2020091401045001,NTC,42,39,200,715.00,"143,000.00"
2020-09-14,2020091401045398,NUBL,58,35,20,979.00,"19,580.00"
2020-09-14,2020091401045066,NUBL,44,35,100,979.00,"97,900.00"
2020-09-14,2020091401045074,PCBL,43,38,280,284.00,"79,520.00"
2020-09-14,2020091401045220,PIC,41,6,50,811.00,"40,550.00"
2020-09-14,2020091401045113,PIC,17,26,11,810.00,"8,910.00"
2020-09-14,2020091401044966,PIC,17,29,100,810.00,"81,000.00"
2020-09-14,2020091401045323,PICL,21,56,75,565.00,"42,375.00"
2020-09-14,2020091401045381,PLIC,53,32,10,675.00,"6,750.00"
2020-09-14,2020091401045335,PPCL,37,57,30,141.00,"4,230.00"
2020-09-14,2020091401045294,PRIN,33,58,100,615.00,"61,500.00"
2020-09-14,2020091401045205,PROFL,34,18,100,107.00,"10,700.00"
2020-09-14,2020091401045197,PRVU,34,54,613,233.00,"142,829.00"
2020-09-14,2020091401045196,PRVU,34,59,300,233.00,"69,900.00"
2020-09-14,2020091401045195,PRVU,34,47,87,233.00,"20,271.00"
2020-09-14,2020091401045194,PRVU,22,5,21,233.00,"4,893.00"
2020-09-14,2020091401045177,PRVU,10,16,211,232.00,"48,952.00"
2020-09-14,2020091401045176,PRVU,14,16,100,232.00,"23,200.00"
2020-09-14,2020091401045175,PRVU,57,16,389,232.00,"90,248.00"
2020-09-14,2020091401045142,PRVU,57,10,111,232.00,"25,752.00"
2020-09-14,2020091401045141,PRVU,1,10,100,232.00,"23,200.00"
2020-09-14,2020091401045140,PRVU,8,10,392,232.00,"90,944.00"
2020-09-14,2020091401045122,RBCL,43,42,10,"11,806.00","118,060.00"
2020-09-14,2020091401045317,RHPL,34,26,40,174.00,"6,960.00"
2020-09-14,2020091401045056,RHPL,34,35,40,174.00,"6,960.00"
2020-09-14,2020091401045356,RMDC,50,56,78,855.00,"66,690.00"
2020-09-14,2020091401045355,RMDC,34,56,100,855.00,"85,500.00"
2020-09-14,2020091401045354,RMDC,41,56,20,855.00,"17,100.00"
2020-09-14,2020091401045353,RMDC,53,56,110,855.00,"94,050.00"
2020-09-14,2020091401045352,RMDC,10,56,100,856.00,"85,600.00"
2020-09-14,2020091401045351,RMDC,14,56,400,856.00,"342,400.00"
2020-09-14,2020091401045350,RMDC,28,56,300,856.00,"256,800.00"
2020-09-14,2020091401045349,RMDC,44,56,68,856.00,"58,208.00"
2020-09-14,2020091401045064,RMDC,35,48,50,858.00,"42,900.00"
2020-09-14,2020091401045274,RSDC,59,26,33,588.00,"19,404.00"
2020-09-14,2020091401045067,RSDC,50,41,51,586.00,"29,886.00"
2020-09-14,2020091401045005,RSDC,50,21,50,586.00,"29,300.00"
2020-09-14,2020091401045378,SABSL,44,19,13,896.00,"11,648.00"
2020-09-14,2020091401045377,SABSL,44,58,10,896.00,"8,960.00"
2020-09-14,2020091401045376,SABSL,44,56,11,896.00,"9,856.00"
2020-09-14,2020091401045375,SABSL,44,50,11,895.00,"9,845.00"
2020-09-14,2020091401045374,SABSL,44,11,11,895.00,"9,845.00"
2020-09-14,2020091401045373,SABSL,44,53,11,895.00,"9,845.00"
2020-09-14,2020091401045031,SABSL,44,55,16,879.00,"14,064.00"
2020-09-14,2020091401045372,SABSL,44,16,11,895.00,"9,845.00"
2020-09-14,2020091401045371,SABSL,44,50,100,890.00,"89,000.00"
2020-09-14,2020091401045370,SABSL,44,46,11,885.00,"9,735.00"
2020-09-14,2020091401045369,SABSL,44,52,11,884.00,"9,724.00"
2020-09-14,2020091401045280,SABSL,44,19,300,883.00,"264,900.00"
2020-09-14,2020091401045179,SABSL,44,41,11,879.00,"9,669.00"
2020-09-14,2020091401044957,SADBL,46,38,959,143.00,"137,137.00"
2020-09-14,2020091402000033,SBIBD86,42,42,10,"1,021.00","10,210.00"
2020-09-14,2020091402000031,SBIBD86,38,1,55,"1,001.00","55,055.00"
2020-09-14,2020091402000021,SBIBD86,38,42,30,"1,001.00","30,030.00"
2020-09-14,2020091402000001,SBIBD86,42,42,10,"1,000.00","10,000.00"
2020-09-14,2020091401045158,SBL,47,21,16,306.00,"4,896.00"
2020-09-14,2020091401045098,SBL,34,44,10,307.00,"3,070.00"
2020-09-14,2020091401045092,SCB,17,39,100,666.00,"66,600.00"
2020-09-14,2020091401045190,SDLBSL,56,11,10,870.00,"8,700.00"
2020-09-14,2020091401045189,SDLBSL,56,41,50,870.00,"43,500.00"
2020-09-14,2020091401045188,SDLBSL,56,17,50,870.00,"43,500.00"
2020-09-14,2020091401045187,SDLBSL,56,6,10,870.00,"8,700.00"
2020-09-14,2020091401045186,SDLBSL,56,58,40,870.00,"34,800.00"
2020-09-14,2020091401045185,SDLBSL,56,43,100,869.00,"86,900.00"
2020-09-14,2020091401045054,SDLBSL,56,58,10,868.00,"8,680.00"
2020-09-14,2020091401045338,SEF,56,42,"7,000",8.96,"62,720.00"
2020-09-14,2020091401045337,SEF,39,42,"1,000",8.96,"8,960.00"
2020-09-14,2020091401045296,SHINE,44,34,181,243.00,"43,983.00"
2020-09-14,2020091401045295,SHINE,44,33,69,243.00,"16,767.00"
2020-09-14,2020091401045072,SHINE,29,57,50,243.00,"12,150.00"
2020-09-14,2020091401045071,SHINE,29,38,200,243.00,"48,600.00"
2020-09-14,2020091401045320,SHIVM,21,29,290,731.00,"211,990.00"
2020-09-14,2020091401045288,SHIVM,41,7,190,732.00,"139,080.00"
2020-09-14,2020091401045268,SHIVM,21,16,200,731.00,"146,200.00"
2020-09-14,2020091401045219,SHIVM,58,7,130,732.00,"95,160.00"
2020-09-14,2020091401045114,SHIVM,21,49,10,731.00,"7,310.00"
2020-09-14,2020091401045047,SHL,17,14,700,163.00,"114,100.00"
2020-09-14,2020091401045388,SHPC,57,39,200,290.00,"58,000.00"
2020-09-14,2020091401045129,SHPC,36,26,100,290.00,"29,000.00"
2020-09-14,2020091401045128,SHPC,8,26,400,290.00,"116,000.00"
2020-09-14,2020091401045011,SHPC,6,48,471,294.00,"138,474.00"
2020-09-14,2020091401045010,SHPC,6,6,500,294.00,"147,000.00"
2020-09-14,2020091401045009,SHPC,6,17,225,294.00,"66,150.00"
2020-09-14,2020091401045008,SHPC,6,38,900,293.00,"263,700.00"
2020-09-14,2020091401045007,SHPC,6,7,"1,500",293.00,"439,500.00"
2020-09-14,2020091401045006,SHPC,6,56,"1,404",291.00,"408,564.00"
2020-09-14,2020091401045278,SICL,41,17,30,"1,370.00","41,100.00"
2020-09-14,2020091401045277,SICL,32,17,30,"1,370.00","41,100.00"
2020-09-14,2020091401045181,SICL,22,5,61,"1,370.00","83,570.00"
2020-09-14,2020091401045112,SICL,22,46,30,"1,370.00","41,100.00"
2020-09-14,2020091401045394,SIFC,21,6,10,161.00,"1,610.00"
2020-09-14,2020091401045004,SIL,8,28,122,781.00,"95,282.00"
2020-09-14,2020091401045003,SIL,18,28,32,781.00,"24,992.00"
2020-09-14,2020091401045019,SINDU,34,19,10,128.00,"1,280.00"
2020-09-14,2020091401045018,SINDU,34,35,148,127.00,"18,796.00"
2020-09-14,2020091401045384,SJCL,17,26,20,159.00,"3,180.00"
2020-09-14,2020091401045309,SJCL,17,41,20,159.00,"3,180.00"
2020-09-14,2020091401045070,SJCL,17,21,20,159.00,"3,180.00"
2020-09-14,2020091401045046,SKBBL,37,43,70,"1,386.00","97,020.00"
2020-09-14,2020091401045045,SKBBL,8,43,100,"1,387.00","138,700.00"
2020-09-14,2020091401045044,SKBBL,17,43,50,"1,387.00","69,350.00"
2020-09-14,2020091401045333,SLBBL,44,49,74,870.00,"64,380.00"
2020-09-14,2020091401045218,SLBBL,19,49,200,875.00,"175,000.00"
2020-09-14,2020091401045311,SLICL,45,36,50,631.00,"31,550.00"
2020-09-14,2020091401045182,SLICL,59,36,200,631.00,"126,200.00"
2020-09-14,2020091401045155,SMFBS,55,6,150,"1,006.00","150,900.00"
2020-09-14,2020091401045154,SMFBS,22,6,100,"1,006.00","100,600.00"
2020-09-14,2020091401045153,SMFBS,55,6,100,"1,006.00","100,600.00"
2020-09-14,2020091401045152,SMFBS,34,6,10,"1,006.00","10,060.00"
2020-09-14,2020091401045250,SPDL,28,33,450,154.00,"69,300.00"
2020-09-14,2020091401045249,SPDL,19,33,50,154.00,"7,700.00"
2020-09-14,2020091401045062,SPDL,19,10,450,154.00,"69,300.00"
2020-09-14,2020091401045061,SPDL,28,10,"1,000",154.00,"154,000.00"
2020-09-14,2020091401045060,SPDL,28,10,50,154.00,"7,700.00"
2020-09-14,2020091401045383,SRBL,35,21,10,236.00,"2,360.00"
2020-09-14,2020091401045382,SRBL,35,11,11,235.00,"2,585.00"
2020-09-14,2020091401045210,SRBL,49,11,89,235.00,"20,915.00"
2020-09-14,2020091401045124,SRBL,49,4,11,235.00,"2,585.00"
2020-09-14,2020091401045314,SWBBL,34,43,79,"1,285.00","101,515.00"
2020-09-14,2020091401045313,SWBBL,49,43,71,"1,301.00","92,371.00"
2020-09-14,2020091401045272,SWBBL,49,33,108,"1,301.00","140,508.00"
2020-09-14,2020091401045271,SWBBL,49,43,101,"1,290.00","130,290.00"
2020-09-14,2020091401045270,SWBBL,49,29,20,"1,290.00","25,800.00"
2020-09-14,2020091401044986,TMDBL,58,4,"2,208",177.00,"390,816.00"
2020-09-14,2020091401045291,UPCL,42,14,90,100.00,"9,000.00"
2020-09-14,2020091401045243,UPCL,38,14,10,100.00,"1,000.00"
2020-09-14,2020091401045135,UPCL,3,38,270,99.00,"26,730.00"
2020-09-14,2020091401045134,UPCL,14,38,100,99.00,"9,900.00"
2020-09-14,2020091401045133,UPCL,42,38,200,99.00,"19,800.00"
2020-09-14,2020091401045132,UPCL,58,38,230,99.00,"22,770.00"
2020-09-14,2020091401045258,UPPER,16,26,40,253.00,"10,120.00"
2020-09-14,2020091401045180,USLB,6,26,22,"1,156.00","25,432.00"
2020-09-14,2020091401044880,ACLBSL,39,22,53,757.00,"40,121.00"
2020-09-14,2020091401044879,ACLBSL,39,41,21,757.00,"15,897.00"
2020-09-14,2020091401044878,ACLBSL,39,34,100,756.00,"75,600.00"
2020-09-14,2020091401044679,ACLBSL,58,34,300,755.00,"226,500.00"
2020-09-14,2020091401044491,ACLBSL,1,34,10,755.00,"7,550.00"
2020-09-14,2020091401044490,ACLBSL,44,34,190,755.00,"143,450.00"
2020-09-14,2020091401044667,ADBL,26,10,163,435.00,"70,905.00"
2020-09-14,2020091401044666,ADBL,26,53,37,435.00,"16,095.00"
2020-09-14,2020091401044615,AIL,19,16,10,527.00,"5,270.00"
2020-09-14,2020091401044567,AIL,58,37,10,527.00,"5,270.00"
2020-09-14,2020091401044922,AKPL,39,52,500,184.00,"92,000.00"
2020-09-14,2020091401044560,AKPL,57,38,206,183.00,"37,698.00"
2020-09-14,2020091401044503,AKPL,55,38,40,183.00,"7,320.00"
2020-09-14,2020091401044949,ALBSL,28,49,20,869.00,"17,380.00"
2020-09-14,2020091401044719,ALBSL,36,49,100,861.00,"86,100.00"
2020-09-14,2020091401044718,ALBSL,49,49,100,862.00,"86,200.00"
2020-09-14,2020091401044557,ALBSL,28,16,20,870.00,"17,400.00"
2020-09-14,2020091401044806,API,29,46,427,143.00,"61,061.00"
2020-09-14,2020091401044893,BOKL,8,14,40,250.00,"10,000.00"
2020-09-14,2020091401044816,BOKL,39,14,529,250.00,"132,250.00"
2020-09-14,2020091401044794,BOKL,39,46,"1,000",250.00,"250,000.00"
2020-09-14,2020091401044793,BOKL,39,19,500,250.00,"125,000.00"
2020-09-14,2020091401044792,BOKL,39,14,"1,171",250.00,"292,750.00"
2020-09-14,2020091401044689,BOKL,6,14,70,250.00,"17,500.00"
2020-09-14,2020091401044610,BOKL,4,49,"1,333",250.00,"333,250.00"
2020-09-14,2020091401044519,BOKL,14,49,30,250.00,"7,500.00"
2020-09-14,2020091401044518,BOKL,14,46,17,250.00,"4,250.00"
2020-09-14,2020091401044911,BPCL,58,16,60,399.00,"23,940.00"
2020-09-14,2020091401044807,BPCL,42,16,50,399.00,"19,950.00"
2020-09-14,2020091401044687,BPCL,42,42,50,399.00,"19,950.00"
2020-09-14,2020091401044531,BPCL,55,25,12,399.00,"4,788.00"
2020-09-14,2020091401044505,BPCL,1,26,12,398.00,"4,776.00"
2020-09-14,2020091401044641,CBBL,18,59,100,"1,134.00","113,400.00"
2020-09-14,2020091401044464,CBL,43,43,10,146.00,"1,460.00"
2020-09-14,2020091401044463,CBL,43,22,100,146.00,"14,600.00"
2020-09-14,2020091401044462,CBL,43,29,290,146.00,"42,340.00"
2020-09-14,2020091401044478,CFCL,43,51,50,124.00,"6,200.00"
2020-09-14,2020091401044477,CFCL,1,51,247,124.00,"30,628.00"
2020-09-14,2020091401044888,CHCL,41,7,29,480.00,"13,920.00"
2020-09-14,2020091401044887,CHCL,28,7,271,480.00,"130,080.00"
2020-09-14,2020091401044656,CHCL,45,45,20,481.00,"9,620.00"
2020-09-14,2020091401044795,CIT,51,4,10,"3,415.00","34,150.00"
2020-09-14,2020091401044734,CIT,33,45,60,"3,413.00","204,780.00"
2020-09-14,2020091401044489,CIT,39,4,50,"3,415.00","170,750.00"
2020-09-14,2020091401044488,CIT,34,26,40,"3,415.00","136,600.00"
2020-09-14,2020091401044487,CIT,39,26,50,"3,415.00","170,750.00"
2020-09-14,2020091401044486,CIT,58,26,38,"3,415.00","129,770.00"
2020-09-14,2020091401044482,CIT,58,57,31,"3,415.00","105,865.00"
2020-09-14,2020091401044481,CIT,7,57,30,"3,416.00","102,480.00"
2020-09-14,2020091401044612,CLBSL,42,34,10,739.00,"7,390.00"
2020-09-14,2020091401044877,CZBIL,5,33,50,196.00,"9,800.00"
2020-09-14,2020091401044938,DDBL,13,22,93,877.00,"81,561.00"
2020-09-14,2020091401044630,DDBL,13,7,157,877.00,"137,689.00"
2020-09-14,2020091401044914,EBL,52,7,50,736.00,"36,800.00"
2020-09-14,2020091401044576,EBL,49,19,100,737.00,"73,700.00"
2020-09-14,2020091401044936,EIC,42,49,30,565.00,"16,950.00"
2020-09-14,2020091401044935,EIC,6,49,50,565.00,"28,250.00"
2020-09-14,2020091401044934,EIC,47,49,100,565.00,"56,500.00"
2020-09-14,2020091401044933,EIC,26,49,20,565.00,"11,300.00"
2020-09-14,2020091401044932,EIC,10,49,100,565.00,"56,500.00"
2020-09-14,2020091401044931,EIC,57,49,200,565.00,"113,000.00"
2020-09-14,2020091401044528,EIC,57,49,20,567.00,"11,340.00"
2020-09-14,2020091401044527,EIC,57,54,13,566.00,"7,358.00"
2020-09-14,2020091401044526,EIC,50,54,50,566.00,"28,300.00"
2020-09-14,2020091401044525,EIC,47,54,10,566.00,"5,660.00"
2020-09-14,2020091401044524,EIC,44,54,127,566.00,"71,882.00"
2020-09-14,2020091401044497,EIC,44,8,20,566.00,"11,320.00"
2020-09-14,2020091401044580,EIC,10,46,200,566.00,"113,200.00"
2020-09-14,2020091401044536,EIC,45,46,195,565.00,"110,175.00"
2020-09-14,2020091401044535,EIC,45,46,173,565.00,"97,745.00"
2020-09-14,2020091401044534,EIC,42,46,20,566.00,"11,320.00"
2020-09-14,2020091401044533,EIC,58,46,25,566.00,"14,150.00"
2020-09-14,2020091401044532,EIC,57,46,587,566.00,"332,242.00"
2020-09-14,2020091401044885,EIC,33,59,50,566.00,"28,300.00"
2020-09-14,2020091401044842,EIC,45,29,200,565.00,"113,000.00"
2020-09-14,2020091401044838,EIC,38,59,10,566.00,"5,660.00"
2020-09-14,2020091401044837,EIC,38,46,30,566.00,"16,980.00"
2020-09-14,2020091401044731,EIC,45,8,100,565.00,"56,500.00"
2020-09-14,2020091401044705,EIC,17,46,100,566.00,"56,600.00"
2020-09-14,2020091401044785,FMDBL,59,42,80,589.00,"47,120.00"
2020-09-14,2020091401044784,FMDBL,59,55,27,589.00,"15,903.00"
2020-09-14,2020091401044724,FMDBL,49,55,40,589.00,"23,560.00"
2020-09-14,2020091401044720,FMDBL,6,13,560,588.00,"329,280.00"
2020-09-14,2020091401044712,FMDBL,17,55,60,589.00,"35,340.00"
2020-09-14,2020091401044640,FMDBL,38,55,400,589.00,"235,600.00"
2020-09-14,2020091401044617,FMDBL,49,55,200,589.00,"117,800.00"
2020-09-14,2020091401044575,FMDBL,44,55,173,589.00,"101,897.00"
2020-09-14,2020091401044574,FMDBL,54,55,100,589.00,"58,900.00"
2020-09-14,2020091401044459,FMDBL,44,49,27,589.00,"15,903.00"
2020-09-14,2020091401044801,GBBL,14,16,192,239.00,"45,888.00"
2020-09-14,2020091401044800,GBBL,14,37,13,239.00,"3,107.00"
2020-09-14,2020091401044799,GBBL,14,48,400,239.00,"95,600.00"
2020-09-14,2020091401044798,GBBL,14,32,395,239.00,"94,405.00"
2020-09-14,2020091401044474,GBBL,47,32,300,239.00,"71,700.00"
2020-09-14,2020091401044695,GBIME,47,28,250,264.00,"66,000.00"
2020-09-14,2020091401044884,GBLBS,59,26,200,557.00,"111,400.00"
2020-09-14,2020091401044735,GILB,58,35,15,"1,232.00","18,480.00"
2020-09-14,2020091401044943,GLICL,59,17,50,654.00,"32,700.00"
2020-09-14,2020091401044723,GLICL,6,17,38,654.00,"24,852.00"
2020-09-14,2020091401044686,GLICL,6,33,50,654.00,"32,700.00"
2020-09-14,2020091401044614,GLICL,6,29,500,654.00,"327,000.00"
2020-09-14,2020091401044596,GLICL,57,45,20,655.00,"13,100.00"
2020-09-14,2020091401044561,GLICL,6,6,250,654.00,"163,500.00"
2020-09-14,2020091401044876,GMFBS,16,16,23,830.00,"19,090.00"
2020-09-14,2020091401044671,GMFBS,16,26,10,830.00,"8,300.00"
2020-09-14,2020091401044852,GUFL,42,35,711,125.00,"88,875.00"
2020-09-14,2020091401044851,GUFL,42,22,270,125.00,"33,750.00"
2020-09-14,2020091401044850,GUFL,42,25,500,125.00,"62,500.00"
2020-09-14,2020091401044849,GUFL,42,35,921,125.00,"115,125.00"
2020-09-14,2020091401044848,GUFL,42,48,"5,898",124.00,"731,352.00"
2020-09-14,2020091401044847,GUFL,42,10,"1,700",123.00,"209,100.00"
2020-09-14,2020091401044942,HBL,4,7,58,565.00,"32,770.00"
2020-09-14,2020091401044941,HBL,4,54,342,565.00,"193,230.00"
2020-09-14,2020091401044940,HBL,4,59,100,565.00,"56,500.00"
2020-09-14,2020091401044721,HDHPC,11,39,30,96.00,"2,880.00"
2020-09-14,2020091401044646,HDHPC,11,39,30,96.00,"2,880.00"
2020-09-14,2020091401044811,HDL,53,22,200,"1,810.00","362,000.00"
2020-09-14,2020091401044546,HDL,50,22,10,"1,811.00","18,110.00"
2020-09-14,2020091401044545,HDL,53,22,50,"1,812.00","90,600.00"
2020-09-14,2020091401044544,HDL,33,22,200,"1,812.00","362,400.00"
2020-09-14,2020091401044543,HDL,34,22,35,"1,812.00","63,420.00"
2020-09-14,2020091401044542,HDL,19,22,15,"1,812.00","27,180.00"
2020-09-14,2020091401044541,HDL,11,22,20,"1,815.00","36,300.00"
2020-09-14,2020091401044548,HDL,29,22,70,"1,811.00","126,770.00"
2020-09-14,2020091401044547,HDL,50,22,100,"1,811.00","181,100.00"
2020-09-14,2020091401044696,HDL,45,22,50,"1,812.00","90,600.00"
2020-09-14,2020091401044702,HDL,57,22,10,"1,810.00","18,100.00"
2020-09-14,2020091401044701,HDL,54,22,100,"1,810.00","181,000.00"
2020-09-14,2020091401044700,HDL,34,22,100,"1,810.00","181,000.00"
2020-09-14,2020091401044699,HDL,35,22,10,"1,810.00","18,100.00"
2020-09-14,2020091401044698,HDL,59,22,200,"1,811.00","362,200.00"
2020-09-14,2020091401044697,HDL,29,22,30,"1,811.00","54,330.00"
2020-09-14,2020091401044810,HDL,52,22,10,"1,810.00","18,100.00"
2020-09-14,2020091401044809,HDL,57,22,20,"1,810.00","36,200.00"
2020-09-14,2020091401044808,HDL,57,22,10,"1,810.00","18,100.00"
2020-09-14,2020091401044921,HGI,37,58,50,514.00,"25,700.00"
2020-09-14,2020091401044853,HGI,32,58,50,514.00,"25,700.00"
2020-09-14,2020091401044678,HGI,38,49,35,515.00,"18,025.00"
2020-09-14,2020091401044632,HGI,38,49,10,515.00,"5,150.00"
2020-09-14,2020091401044631,HGI,38,49,190,514.00,"97,660.00"
2020-09-14,2020091401044628,HGI,40,49,10,514.00,"5,140.00"
2020-09-14,2020091401044627,HGI,59,49,100,514.00,"51,400.00"
2020-09-14,2020091401044626,HGI,35,49,500,514.00,"257,000.00"
2020-09-14,2020091401044625,HGI,38,49,500,514.00,"257,000.00"
2020-09-14,2020091401044624,HGI,38,49,20,514.00,"10,280.00"
2020-09-14,2020091401044455,HGI,43,49,100,515.00,"51,500.00"
2020-09-14,2020091401044846,HIDCL,5,21,"1,000",155.00,"155,000.00"
2020-09-14,2020091401044953,IGI,43,47,10,560.00,"5,600.00"
2020-09-14,2020091401044952,IGI,57,47,50,560.00,"28,000.00"
2020-09-14,2020091401044582,IGI,58,49,100,561.00,"56,100.00"
2020-09-14,2020091401044465,IGI,49,49,50,561.00,"28,050.00"
2020-09-14,2020091401044883,ILBS,41,48,10,835.00,"8,350.00"
2020-09-14,2020091401044665,ILBS,35,45,20,821.00,"16,420.00"
2020-09-14,2020091401044664,ILBS,39,45,80,822.00,"65,760.00"
2020-09-14,2020091401044663,JBBL,58,45,100,171.00,"17,100.00"
2020-09-14,2020091401044591,JBBL,39,41,24,170.00,"4,080.00"
2020-09-14,2020091401044891,JOSHI,58,33,20,95.00,"1,900.00"
2020-09-14,2020091401044890,JOSHI,58,52,80,95.00,"7,600.00"
2020-09-14,2020091401044509,JOSHI,1,52,20,95.00,"1,900.00"
2020-09-14,2020091401044508,JOSHI,1,45,20,95.00,"1,900.00"
2020-09-14,2020091401044507,JOSHI,1,4,20,95.00,"1,900.00"
2020-09-14,2020091401044506,JOSHI,1,19,40,95.00,"3,800.00"
2020-09-14,2020091401044773,JSLBB,1,45,100,"1,390.00","139,000.00"
2020-09-14,2020091401044870,KBL,6,26,500,189.00,"94,500.00"
2020-09-14,2020091401044834,KBL,44,26,"1,000",189.00,"189,000.00"
2020-09-14,2020091401044623,KBL,34,58,"1,500",189.00,"283,500.00"
2020-09-14,2020091401044622,KBL,36,58,250,189.00,"47,250.00"
2020-09-14,2020091401044621,KBL,56,58,20,189.00,"3,780.00"
2020-09-14,2020091401044620,KBL,47,58,200,189.00,"37,800.00"
2020-09-14,2020091401044619,KBL,57,58,83,189.00,"15,687.00"
2020-09-14,2020091401044573,KBL,1,34,163,190.00,"30,970.00"
2020-09-14,2020091401044572,KBL,1,46,50,190.00,"9,500.00"
2020-09-14,2020091401044571,KBL,1,39,100,190.00,"19,000.00"
2020-09-14,2020091401044570,KBL,1,45,147,190.00,"27,930.00"
2020-09-14,2020091401044629,KMCDB,38,56,750,760.00,"570,000.00"
2020-09-14,2020091401044857,KSBBL,50,17,273,143.00,"39,039.00"
2020-09-14,2020091401044856,KSBBL,13,17,150,143.00,"21,450.00"
2020-09-14,2020091401044855,KSBBL,21,17,186,143.00,"26,598.00"
2020-09-14,2020091401044752,KSBBL,21,29,150,143.00,"21,450.00"
2020-09-14,2020091401044930,LGIL,28,5,20,552.00,"11,040.00"
2020-09-14,2020091401044901,LGIL,26,5,10,548.00,"5,480.00"
2020-09-14,2020091401044900,LGIL,49,5,132,548.00,"72,336.00"
2020-09-14,2020091401044899,LGIL,34,5,200,549.00,"109,800.00"
2020-09-14,2020091401044898,LGIL,38,5,50,549.00,"27,450.00"
2020-09-14,2020091401044897,LGIL,19,5,10,550.00,"5,500.00"
2020-09-14,2020091401044896,LGIL,32,5,110,550.00,"60,500.00"
2020-09-14,2020091401044590,LGIL,32,34,100,550.00,"55,000.00"
2020-09-14,2020091401044767,LICN,11,55,28,"1,545.00","43,260.00"
2020-09-14,2020091401044751,LICN,11,32,72,"1,545.00","111,240.00"
2020-09-14,2020091401044750,LICN,33,32,78,"1,545.00","120,510.00"
2020-09-14,2020091401044749,LICN,18,32,100,"1,546.00","154,600.00"
2020-09-14,2020091401044645,LICN,33,39,22,"1,545.00","33,990.00"
2020-09-14,2020091401044882,MBL,45,35,22,229.00,"5,038.00"
2020-09-14,2020091401044858,MBL,34,49,10,230.00,"2,300.00"
2020-09-14,2020091401044760,MBL,45,35,100,229.00,"22,900.00"
2020-09-14,2020091401044910,MERO,14,45,435,729.00,"317,115.00"
2020-09-14,2020091401044909,MERO,1,45,35,729.00,"25,515.00"
2020-09-14,2020091401044908,MERO,51,45,30,730.00,"21,900.00"
2020-09-14,2020091401044500,MFIL,49,45,160,301.00,"48,160.00"
2020-09-14,2020091401044929,MNBBL,29,34,200,330.00,"66,000.00"
2020-09-14,2020091401044817,MNBBL,1,42,50,329.00,"16,450.00"
2020-09-14,2020091401044644,MNBBL,42,34,17,330.00,"5,610.00"
2020-09-14,2020091401044643,MNBBL,42,26,183,330.00,"60,390.00"
2020-09-14,2020091401044778,NABIL,53,44,13,854.00,"11,102.00"
2020-09-14,2020091401044777,NABIL,17,44,100,854.00,"85,400.00"
2020-09-14,2020091401044776,NABIL,14,44,50,854.00,"42,700.00"
2020-09-14,2020091401044775,NABIL,55,44,100,854.00,"85,400.00"
2020-09-14,2020091401044774,NABIL,55,44,37,854.00,"31,598.00"
2020-09-14,2020091401044770,NABIL,29,38,100,855.00,"85,500.00"
2020-09-14,2020091401044704,NABIL,35,38,80,855.00,"68,400.00"
2020-09-14,2020091401044703,NABIL,35,22,20,855.00,"17,100.00"
2020-09-14,2020091401044549,NABIL,58,22,80,855.00,"68,400.00"
2020-09-14,2020091401044530,NABIL,45,22,100,855.00,"85,500.00"
2020-09-14,2020091401044585,NADEP,14,45,20,735.00,"14,700.00"
2020-09-14,2020091401044520,NADEP,14,42,23,735.00,"16,905.00"
2020-09-14,2020091401044694,NBL,22,10,75,308.00,"23,100.00"
2020-09-14,2020091401044693,NBL,42,10,10,308.00,"3,080.00"
2020-09-14,2020091401044692,NBL,49,10,200,308.00,"61,600.00"
2020-09-14,2020091401044691,NBL,45,10,100,308.00,"30,800.00"
2020-09-14,2020091401044690,NBL,32,10,50,308.00,"15,400.00"
2020-09-14,2020091401044639,NBL,32,29,500,308.00,"154,000.00"
2020-09-14,2020091401044499,NBL,32,47,50,308.00,"15,400.00"
2020-09-14,2020091401044951,NCCB,13,10,13,204.00,"2,652.00"
2020-09-14,2020091401044950,NCCB,34,10,90,204.00,"18,360.00"
2020-09-14,2020091401044782,NCCB,40,44,468,205.00,"95,940.00"
2020-09-14,2020091401044781,NCCB,40,48,32,205.00,"6,560.00"
2020-09-14,2020091401044676,NCCB,34,13,30,204.00,"6,120.00"
2020-09-14,2020091401044920,NGPL,38,43,500,145.00,"72,500.00"
2020-09-14,2020091401044820,NIB,28,42,68,420.00,"28,560.00"
2020-09-14,2020091401044819,NIB,8,42,20,421.00,"8,420.00"
2020-09-14,2020091401044818,NIB,36,42,274,421.00,"115,354.00"
2020-09-14,2020091401044815,NIB,36,36,39,421.00,"16,419.00"
2020-09-14,2020091401044812,NIB,36,49,187,421.00,"78,727.00"
2020-09-14,2020091401044753,NIB,35,49,100,421.00,"42,100.00"
2020-09-14,2020091401044747,NIB,17,49,184,421.00,"77,464.00"
2020-09-14,2020091401044746,NIB,17,21,16,421.00,"6,736.00"
2020-09-14,2020091401044706,NIBPO,44,53,80,367.00,"29,360.00"
2020-09-14,2020091401044925,NICA,34,54,100,589.00,"58,900.00"
2020-09-14,2020091401044886,NICA,46,28,94,589.00,"55,366.00"
2020-09-14,2020091401044722,NICL,56,5,100,569.00,"56,900.00"
2020-09-14,2020091401044633,NICL,43,58,10,570.00,"5,700.00"
2020-09-14,2020091401044618,NICL,51,58,40,570.00,"22,800.00"
2020-09-14,2020091401044458,NICL,51,58,60,570.00,"34,200.00"
2020-09-14,2020091401044457,NICL,33,58,40,570.00,"22,800.00"
2020-09-14,2020091401044939,NIL,3,11,50,824.00,"41,200.00"
2020-09-14,2020091401044790,NIL,4,44,982,823.00,"808,186.00"
2020-09-14,2020091401044789,NIL,3,44,100,823.00,"82,300.00"
2020-09-14,2020091401044788,NIL,44,44,13,823.00,"10,699.00"
2020-09-14,2020091401044787,NIL,48,44,405,824.00,"333,720.00"
2020-09-14,2020091401044728,NIL,48,40,595,824.00,"490,280.00"
2020-09-14,2020091401044727,NIL,43,40,50,824.00,"41,200.00"
2020-09-14,2020091401044726,NIL,49,40,230,824.00,"189,520.00"
2020-09-14,2020091401044675,NIL,16,58,500,825.00,"412,500.00"
2020-09-14,2020091401044564,NIL,5,58,10,825.00,"8,250.00"
2020-09-14,2020091401044456,NIL,1,58,400,825.00,"330,000.00"
2020-09-14,2020091401044814,NLBBL,22,38,214,787.00,"168,418.00"
2020-09-14,2020091401044813,NLBBL,40,38,29,788.00,"22,852.00"
2020-09-14,2020091401044743,NLBBL,45,40,117,792.00,"92,664.00"
2020-09-14,2020091401044473,NLBBL,45,49,83,791.00,"65,653.00"
2020-09-14,2020091401044755,NLG,58,51,50,769.00,"38,450.00"
2020-09-14,2020091401044736,NLG,41,51,100,769.00,"76,900.00"
2020-09-14,2020091401044461,NLG,49,55,83,769.00,"63,827.00"
2020-09-14,2020091401044881,NLIC,49,19,76,"1,416.00","107,616.00"
2020-09-14,2020091401044845,NLIC,49,8,663,"1,416.00","938,808.00"
2020-09-14,2020091401044844,NLIC,35,8,100,"1,417.00","141,700.00"
2020-09-14,2020091401044843,NLIC,32,8,92,"1,417.00","130,364.00"
2020-09-14,2020091401044791,NLIC,28,36,10,"1,418.00","14,180.00"
2020-09-14,2020091401044783,NLIC,35,36,200,"1,418.00","283,600.00"
2020-09-14,2020091401044454,NLIC,32,17,158,"1,417.00","223,886.00"
2020-09-14,2020091401044733,NLIC,44,36,96,"1,418.00","136,128.00"
2020-09-14,2020091401044637,NLIC,44,34,800,"1,418.00","1,134,400.00"
2020-09-14,2020091401044636,NLIC,47,34,100,"1,418.00","141,800.00"
2020-09-14,2020091401044559,NLIC,56,45,44,"1,418.00","62,392.00"
2020-09-14,2020091401044558,NLIC,7,45,28,"1,418.00","39,704.00"
2020-09-14,2020091401044556,NLIC,7,36,22,"1,418.00","31,196.00"
2020-09-14,2020091401044510,NLICL,8,36,10,783.00,"7,830.00"
2020-09-14,2020091401044492,NLICL,8,38,10,783.00,"7,830.00"
2020-09-14,2020091401044874,NMB,44,44,180,424.00,"76,320.00"
2020-09-14,2020091401044873,NMB,44,11,70,424.00,"29,680.00"
2020-09-14,2020091401044780,NMB,41,11,30,424.00,"12,720.00"
2020-09-14,2020091401044779,NMB,41,48,170,424.00,"72,080.00"
2020-09-14,2020091401044772,NMB,57,49,"2,076",423.00,"878,148.00"
2020-09-14,2020091401044771,NMB,5,49,10,423.00,"4,230.00"
2020-09-14,2020091401044854,NMBMF,33,47,300,820.00,"246,000.00"
2020-09-14,2020091401044540,NMFBS,26,40,30,"1,586.00","47,580.00"
2020-09-14,2020091401044539,NMFBS,44,40,20,"1,586.00","31,720.00"
2020-09-14,2020091401044944,NRIC,6,59,100,884.00,"88,400.00"
2020-09-14,2020091401044861,NRIC,45,35,25,883.00,"22,075.00"
2020-09-14,2020091401044860,NRIC,1,35,25,883.00,"22,075.00"
2020-09-14,2020091401044841,NRIC,34,26,40,883.00,"35,320.00"
2020-09-14,2020091401044786,NRIC,45,59,20,884.00,"17,680.00"
2020-09-14,2020091401044769,NRIC,34,17,40,883.00,"35,320.00"
2020-09-14,2020091401044578,NRIC,57,42,80,883.00,"70,640.00"
2020-09-14,2020091401044566,NRIC,57,49,20,883.00,"17,660.00"
2020-09-14,2020091401044565,NRIC,45,49,30,883.00,"26,490.00"
2020-09-14,2020091401044668,NRIC,34,26,20,883.00,"17,660.00"
2020-09-14,2020091401044658,NRIC,29,32,267,882.00,"235,494.00"
2020-09-14,2020091401044657,NRIC,29,32,45,882.00,"39,690.00"
2020-09-14,2020091401044616,NRIC,16,26,20,883.00,"17,660.00"
2020-09-14,2020091401044595,NRIC,38,26,60,883.00,"52,980.00"
2020-09-14,2020091401044579,NRIC,38,42,20,883.00,"17,660.00"
2020-09-14,2020091401044924,NRN,58,26,10,416.00,"4,160.00"
2020-09-14,2020091401044923,NRN,20,26,490,417.00,"204,330.00"
2020-09-14,2020091401044892,NRN,20,26,10,417.00,"4,170.00"
2020-09-14,2020091401044840,NRN,58,10,10,416.00,"4,160.00"
2020-09-14,2020091401044836,NRN,45,41,10,417.00,"4,170.00"
2020-09-14,2020091401044471,NRN,13,13,200,417.00,"83,400.00"
2020-09-14,2020091401044470,NRN,20,13,100,417.00,"41,700.00"
2020-09-14,2020091401044469,NRN,57,13,80,417.00,"33,360.00"
2020-09-14,2020091401044466,NRN,57,10,10,417.00,"4,170.00"
2020-09-14,2020091401044594,NRN,57,16,10,416.00,"4,160.00"
2020-09-14,2020091401044593,NRN,57,6,10,416.00,"4,160.00"
2020-09-14,2020091401044588,NRN,57,10,10,416.00,"4,160.00"
2020-09-14,2020091401044553,NRN,57,20,10,416.00,"4,160.00"
2020-09-14,2020091401044680,NRN,58,20,10,416.00,"4,160.00"
2020-09-14,2020091401044670,NRN,17,56,10,417.00,"4,170.00"
2020-09-14,2020091401044669,NRN,17,26,40,417.00,"16,680.00"
2020-09-14,2020091401044634,NRN,58,40,10,416.00,"4,160.00"
2020-09-14,2020091401044611,NRN,57,36,10,416.00,"4,160.00"
2020-09-14,2020091401044758,NRN,45,46,10,417.00,"4,170.00"
2020-09-14,2020091401044757,NRN,45,36,10,417.00,"4,170.00"
2020-09-14,2020091401044756,NRN,45,34,10,417.00,"4,170.00"
2020-09-14,2020091401044732,NRN,58,20,10,416.00,"4,160.00"
2020-09-14,2020091401044725,NRN,58,36,10,416.00,"4,160.00"
2020-09-14,2020091401044709,NRN,58,10,10,416.00,"4,160.00"
2020-09-14,2020091401044797,NRN,45,36,10,417.00,"4,170.00"
2020-09-14,2020091401044763,NRN,45,20,10,417.00,"4,170.00"
2020-09-14,2020091401044759,NRN,45,58,10,417.00,"4,170.00"
2020-09-14,2020091401044479,NSEWA,55,33,10,740.00,"7,400.00"
2020-09-14,2020091401044872,NTC,51,37,770,714.00,"549,780.00"
2020-09-14,2020091401044710,NTC,51,44,200,714.00,"142,800.00"
2020-09-14,2020091401044660,NTC,38,13,100,715.00,"71,500.00"
2020-09-14,2020091401044472,NTC,51,26,100,714.00,"71,400.00"
2020-09-14,2020091401044608,PCBL,43,22,50,284.00,"14,200.00"
2020-09-14,2020091401044928,PIC,10,52,50,812.00,"40,600.00"
2020-09-14,2020091401044742,PIC,17,10,11,810.00,"8,910.00"
2020-09-14,2020091401044741,PIC,17,56,500,810.00,"405,000.00"
2020-09-14,2020091401044740,PIC,17,5,50,810.00,"40,500.00"
2020-09-14,2020091401044739,PIC,17,19,100,809.00,"80,900.00"
2020-09-14,2020091401044738,PIC,17,53,10,809.00,"8,090.00"
2020-09-14,2020091401044737,PIC,17,56,200,809.00,"161,800.00"
2020-09-14,2020091401044562,PIC,51,26,11,808.00,"8,888.00"
2020-09-14,2020091401044862,PICL,44,36,250,564.00,"141,000.00"
2020-09-14,2020091401044821,PICL,6,56,25,565.00,"14,125.00"
2020-09-14,2020091401044677,PICL,44,32,160,564.00,"90,240.00"
2020-09-14,2020091401044513,PICL,44,29,190,564.00,"107,160.00"
2020-09-14,2020091401044512,PICL,44,29,10,565.00,"5,650.00"
2020-09-14,2020091401044605,PLIC,44,44,222,673.00,"149,406.00"
2020-09-14,2020091401044604,PLIC,45,44,100,673.00,"67,300.00"
2020-09-14,2020091401044603,PLIC,45,44,78,673.00,"52,494.00"
2020-09-14,2020091401044602,PLIC,36,44,150,674.00,"101,100.00"
2020-09-14,2020091401044601,PLIC,29,44,100,674.00,"67,400.00"
2020-09-14,2020091401044600,PLIC,1,44,100,674.00,"67,400.00"
2020-09-14,2020091401044599,PLIC,32,44,30,674.00,"20,220.00"
2020-09-14,2020091401044598,PLIC,49,44,171,674.00,"115,254.00"
2020-09-14,2020091401044483,PLIC,41,32,50,675.00,"33,750.00"
2020-09-14,2020091401044609,PMHPL,52,39,20,99.00,"1,980.00"
2020-09-14,2020091401044552,PPCL,37,35,10,141.00,"1,410.00"
2020-09-14,2020091401044895,PRIN,10,58,100,615.00,"61,500.00"
2020-09-14,2020091401044894,PRIN,51,58,300,615.00,"184,500.00"
2020-09-14,2020091401044875,PRIN,51,34,100,615.00,"61,500.00"
2020-09-14,2020091401044762,PRIN,51,34,100,615.00,"61,500.00"
2020-09-14,2020091401044502,PRIN,50,44,110,613.00,"67,430.00"
2020-09-14,2020091401044501,PRIN,37,44,90,613.00,"55,170.00"
2020-09-14,2020091401044496,PROFLP,42,45,"111,418",101.00,"11,253,200.00"
2020-09-14,2020091401044607,PRVU,34,5,10,233.00,"2,330.00"
2020-09-14,2020091401044796,RBCL,32,34,30,"11,806.00","354,180.00"
2020-09-14,2020091401044662,RBCL,57,34,30,"11,806.00","354,180.00"
2020-09-14,2020091401044833,RHPC,25,17,337,115.00,"38,755.00"
2020-09-14,2020091401044717,RHPL,49,26,40,173.00,"6,920.00"
2020-09-14,2020091401044468,RLFL,46,44,400,132.00,"52,800.00"
2020-09-14,2020091401044475,RLI,57,38,10,497.00,"4,970.00"
2020-09-14,2020091401044948,RMDC,44,34,232,856.00,"198,592.00"
2020-09-14,2020091401044947,RMDC,38,34,200,857.00,"171,400.00"
2020-09-14,2020091401044946,RMDC,34,34,68,857.00,"58,276.00"
2020-09-14,2020091401044613,RMDC,34,35,32,857.00,"27,424.00"
2020-09-14,2020091401044504,RMDC,57,35,50,857.00,"42,850.00"
2020-09-14,2020091401044583,RRHP,10,35,10,116.00,"1,160.00"
2020-09-14,2020091401044568,RSDC,50,17,200,586.00,"117,200.00"
2020-09-14,2020091401044485,RSDC,14,36,20,589.00,"11,780.00"
2020-09-14,2020091401044484,RSDC,14,44,280,589.00,"164,920.00"
2020-09-14,2020091401044765,SABSL,44,19,300,878.00,"263,400.00"
2020-09-14,2020091401044761,SABSL,44,26,11,878.00,"9,658.00"
2020-09-14,2020091401044745,SABSL,57,55,24,879.00,"21,096.00"
2020-09-14,2020091401044744,SABSL,57,19,16,879.00,"14,064.00"
2020-09-14,2020091401044685,SABSL,56,19,39,879.00,"34,281.00"
2020-09-14,2020091401044684,SABSL,25,19,145,879.00,"127,455.00"
2020-09-14,2020091401044521,SADBL,19,38,500,143.00,"71,500.00"
2020-09-14,2020091401044655,SANIMA,36,22,796,345.00,"274,620.00"
2020-09-14,2020091401044654,SANIMA,36,44,286,345.00,"98,670.00"
2020-09-14,2020091401044653,SANIMA,36,28,45,345.00,"15,525.00"
2020-09-14,2020091401044652,SANIMA,36,59,65,344.00,"22,360.00"
2020-09-14,2020091401044651,SANIMA,36,19,50,344.00,"17,200.00"
2020-09-14,2020091401044650,SANIMA,36,32,200,344.00,"68,800.00"
2020-09-14,2020091401044649,SANIMA,36,35,291,344.00,"100,104.00"
2020-09-14,2020091401044674,SBI,46,17,52,425.00,"22,100.00"
2020-09-14,2020091401044673,SBI,26,17,848,425.00,"360,400.00"
2020-09-14,2020091401044672,SBI,49,17,100,427.00,"42,700.00"
2020-09-14,2020091401044581,SBL,49,11,100,306.00,"30,600.00"
2020-09-14,2020091401044555,SBL,36,45,100,306.00,"30,600.00"
2020-09-14,2020091401044554,SBL,6,45,60,306.00,"18,360.00"
2020-09-14,2020091401044913,SCB,17,57,20,665.00,"13,300.00"
2020-09-14,2020091401044912,SCB,17,50,50,665.00,"33,250.00"
2020-09-14,2020091401044835,SCB,17,11,30,663.00,"19,890.00"
2020-09-14,2020091401044529,SCB,42,6,10,662.00,"6,620.00"
2020-09-14,2020091401044907,SDLBSL,56,28,10,865.00,"8,650.00"
2020-09-14,2020091401044906,SDLBSL,56,49,10,865.00,"8,650.00"
2020-09-14,2020091401044905,SDLBSL,56,10,10,865.00,"8,650.00"
2020-09-14,2020091401044904,SDLBSL,56,40,10,865.00,"8,650.00"
2020-09-14,2020091401044635,SDLBSL,45,45,20,860.00,"17,200.00"
2020-09-14,2020091401044460,SDLBSL,32,45,50,861.00,"43,050.00"
2020-09-14,2020091401044839,SHINE,47,38,300,243.00,"72,900.00"
2020-09-14,2020091401044648,SHIVM,41,58,50,732.00,"36,600.00"
2020-09-14,2020091401044647,SHIVM,41,13,50,732.00,"36,600.00"
2020-09-14,2020091401044587,SHIVM,41,49,49,730.00,"35,770.00"
2020-09-14,2020091401044586,SHIVM,38,49,241,730.00,"175,930.00"
2020-09-14,2020091401044538,SHIVM,38,16,530,730.00,"386,900.00"
2020-09-14,2020091401044537,SHIVM,38,3,229,730.00,"167,170.00"
2020-09-14,2020091401044495,SHL,17,22,300,163.00,"48,900.00"
2020-09-14,2020091401044494,SHL,53,22,100,163.00,"16,300.00"
2020-09-14,2020091401044493,SHL,49,22,100,163.00,"16,300.00"
2020-09-14,2020091401044480,SHL,16,5,100,164.00,"16,400.00"
2020-09-14,2020091401044768,SHPC,8,11,100,290.00,"29,000.00"
2020-09-14,2020091401044551,SHPC,57,56,"1,096",291.00,"318,936.00"
2020-09-14,2020091401044523,SHPC,57,42,"1,030",291.00,"299,730.00"
2020-09-14,2020091401044522,SHPC,57,57,50,291.00,"14,550.00"
2020-09-14,2020091401044467,SHPC,56,48,"2,000",292.00,"584,000.00"
2020-09-14,2020091401044889,SIC,3,39,34,953.00,"32,402.00"
2020-09-14,2020091401044638,SIC,3,49,50,953.00,"47,650.00"
2020-09-14,2020091401044511,SIC,41,39,86,954.00,"82,044.00"
2020-09-14,2020091401044642,SICL,58,58,10,"1,372.00","13,720.00"
2020-09-14,2020091401044517,SICL,43,5,359,"1,368.00","491,112.00"
2020-09-14,2020091401044516,SICL,47,5,50,"1,368.00","68,400.00"
2020-09-14,2020091401044515,SICL,38,5,54,"1,369.00","73,926.00"
2020-09-14,2020091401044514,SICL,56,5,37,"1,370.00","50,690.00"
2020-09-14,2020091401044937,SIFC,17,41,100,160.00,"16,000.00"
2020-09-14,2020091401044902,SIL,18,4,118,781.00,"92,158.00"
2020-09-14,2020091401044859,SIL,8,4,265,781.00,"206,965.00"
2020-09-14,2020091401044804,SIL,8,41,"1,735",781.00,"1,355,040.00"
2020-09-14,2020091401044803,SIL,38,41,50,781.00,"39,050.00"
2020-09-14,2020091401044802,SIL,16,41,160,781.00,"124,960.00"
2020-09-14,2020091401044764,SIL,48,4,17,782.00,"13,294.00"
2020-09-14,2020091401044498,SIL,41,55,200,783.00,"156,600.00"
2020-09-14,2020091401044805,SJCL,17,26,20,159.00,"3,180.00"
2020-09-14,2020091401044688,SJCL,17,35,20,159.00,"3,180.00"
2020-09-14,2020091401044919,SKBBL,49,48,93,"1,395.00","129,735.00"
2020-09-14,2020091401044918,SKBBL,49,48,100,"1,395.00","139,500.00"
2020-09-14,2020091401044917,SKBBL,49,58,257,"1,395.00","358,515.00"
2020-09-14,2020091401044916,SKBBL,49,14,50,"1,394.00","69,700.00"
2020-09-14,2020091401044915,SKBBL,49,7,100,"1,394.00","139,400.00"
2020-09-14,2020091401044730,SKBBL,17,45,150,"1,387.00","208,050.00"
2020-09-14,2020091401044729,SKBBL,41,45,50,"1,388.00","69,400.00"
2020-09-14,2020091401044945,SLBBL,42,49,20,875.00,"17,500.00"
2020-09-14,2020091401044903,SLBSL,1,4,20,815.00,"16,300.00"
2020-09-14,2020091401044748,SLBSL,39,4,50,815.00,"40,750.00"
2020-09-14,2020091401044871,SLICL,14,8,100,630.00,"63,000.00"
2020-09-14,2020091401044766,SLICL,14,19,122,630.00,"76,860.00"
2020-09-14,2020091401044550,SMFBS,58,56,10,"1,019.00","10,190.00"
2020-09-14,2020091401044869,SPARS,16,42,61,960.00,"58,560.00"
2020-09-14,2020091401044868,SPARS,46,42,100,961.00,"96,100.00"
2020-09-14,2020091401044867,SPARS,25,42,100,961.00,"96,100.00"
2020-09-14,2020091401044866,SPARS,13,42,10,962.00,"9,620.00"
2020-09-14,2020091401044865,SPARS,47,42,22,962.00,"21,164.00"
2020-09-14,2020091401044864,SPARS,45,42,10,965.00,"9,650.00"
2020-09-14,2020091401044863,SPARS,59,42,43,965.00,"41,495.00"
2020-09-14,2020091401044754,SPDL,14,33,700,155.00,"108,500.00"
2020-09-14,2020091401044708,SPDL,28,33,500,154.00,"77,000.00"
2020-09-14,2020091401044597,SPDL,28,36,"1,000",154.00,"154,000.00"
2020-09-14,2020091401044592,SPDL,34,33,160,155.00,"24,800.00"
2020-09-14,2020091401044577,SPDL,14,33,300,155.00,"46,500.00"
2020-09-14,2020091401044589,STC,33,57,20,"3,271.00","65,420.00"
2020-09-14,2020091401044927,TRH,49,6,10,223.00,"2,230.00"
2020-09-14,2020091401044926,TRH,19,6,90,223.00,"20,070.00"
2020-09-14,2020091401044715,UIC,19,8,44,455.00,"20,020.00"
2020-09-14,2020091401044714,UIC,19,17,106,455.00,"48,230.00"
2020-09-14,2020091401044713,UIC,19,21,50,454.00,"22,700.00"
2020-09-14,2020091401044683,UIC,38,45,25,452.00,"11,300.00"
2020-09-14,2020091401044682,UIC,44,45,25,453.00,"11,325.00"
2020-09-14,2020091401044681,UIC,22,45,250,454.00,"113,500.00"
2020-09-14,2020091401044661,UIC,22,17,500,455.00,"227,500.00"
2020-09-14,2020091401044711,UMHL,1,57,10,126.00,"1,260.00"
2020-09-14,2020091401044584,UMHL,48,46,500,125.00,"62,500.00"
2020-09-14,2020091401044716,UNHPL,46,51,100,78.00,"7,800.00"
2020-09-14,2020091401044832,UPCL,58,13,770,99.00,"76,230.00"
2020-09-14,2020091401044831,UPCL,14,13,200,99.00,"19,800.00"
2020-09-14,2020091401044830,UPCL,58,13,350,99.00,"34,650.00"
2020-09-14,2020091401044829,UPCL,14,13,300,99.00,"29,700.00"
2020-09-14,2020091401044828,UPCL,22,13,500,99.00,"49,500.00"
2020-09-14,2020091401044827,UPCL,22,13,500,99.00,"49,500.00"
2020-09-14,2020091401044563,UPCL,58,38,50,99.00,"4,950.00"
2020-09-14,2020091401044826,UPCL,57,13,200,99.00,"19,800.00"
2020-09-14,2020091401044825,UPCL,10,13,"1,000",99.00,"99,000.00"
2020-09-14,2020091401044824,UPCL,29,13,500,99.00,"49,500.00"
2020-09-14,2020091401044823,UPCL,34,13,500,99.00,"49,500.00"
2020-09-14,2020091401044822,UPCL,58,13,180,99.00,"17,820.00"
2020-09-14,2020091401044707,UPCL,6,38,200,100.00,"20,000.00"
2020-09-14,2020091401044659,UPPER,16,38,40,253.00,"10,120.00"
2020-09-14,2020091401044606,UPPER,16,26,50,253.00,"12,650.00"
2020-09-14,2020091401044476,UPPER,16,39,40,253.00,"10,120.00"
2020-09-14,2020091401044569,USLB,6,35,22,"1,156.00","25,432.00"
2020-09-14,2020091401044350,ACLBSL,44,29,10,755.00,"7,550.00"
2020-09-14,2020091401044241,ADBL,41,53,210,435.00,"91,350.00"
2020-09-14,2020091401044170,ADBL,41,42,40,435.00,"17,400.00"
2020-09-14,2020091401044169,ADBL,41,42,16,435.00,"6,960.00"
2020-09-14,2020091401044131,ADBL,41,49,50,435.00,"21,750.00"
2020-09-14,2020091401044071,ADBL,41,58,22,435.00,"9,570.00"
2020-09-14,2020091401044000,AIL,42,39,10,526.00,"5,260.00"
2020-09-14,2020091401044330,AKPL,28,38,54,183.00,"9,882.00"
2020-09-14,2020091401044329,AKPL,28,16,176,183.00,"32,208.00"
2020-09-14,2020091401044328,AKPL,28,16,324,183.00,"59,292.00"
2020-09-14,2020091401044327,AKPL,28,5,276,183.00,"50,508.00"
2020-09-14,2020091401044072,AKPL,58,5,24,183.00,"4,392.00"
2020-09-14,2020091401044042,AKPL,41,33,124,182.00,"22,568.00"
2020-09-14,2020091401044041,AKPL,41,49,100,182.00,"18,200.00"
2020-09-14,2020091401044040,AKPL,41,22,13,182.00,"2,366.00"
2020-09-14,2020091401044194,AKPL,33,5,200,183.00,"36,600.00"
2020-09-14,2020091401044404,ALBSL,49,49,39,865.00,"33,735.00"
2020-09-14,2020091401044271,ALBSL,44,38,10,865.00,"8,650.00"
2020-09-14,2020091401044238,ALBSL,28,6,18,873.00,"15,714.00"
2020-09-14,2020091401044237,ALBSL,28,38,11,870.00,"9,570.00"
2020-09-14,2020091401044236,ALBSL,28,38,11,870.00,"9,570.00"
2020-09-14,2020091401044235,ALBSL,28,3,50,869.00,"43,450.00"
2020-09-14,2020091401044161,ALBSL,49,44,11,865.00,"9,515.00"
2020-09-14,2020091401044230,ALICL,33,8,48,754.00,"36,192.00"
2020-09-14,2020091401044229,ALICL,54,8,252,754.00,"190,008.00"
2020-09-14,2020091401044157,ALICL,13,8,250,755.00,"188,750.00"
2020-09-14,2020091401044156,ALICL,53,8,400,755.00,"302,000.00"
2020-09-14,2020091401044155,ALICL,34,8,50,758.00,"37,900.00"
2020-09-14,2020091401043992,ALICL,53,42,100,755.00,"75,500.00"
2020-09-14,2020091401044173,API,20,46,200,143.00,"28,600.00"
2020-09-14,2020091401044114,API,38,19,500,142.00,"71,000.00"
2020-09-14,2020091401044014,API,38,45,11,141.00,"1,551.00"
2020-09-14,2020091401044417,BOKL,35,46,383,250.00,"95,750.00"
2020-09-14,2020091401044416,BOKL,35,29,117,250.00,"29,250.00"
2020-09-14,2020091401044396,BOKL,37,14,100,250.00,"25,000.00"
2020-09-14,2020091401044363,BOKL,43,33,100,250.00,"25,000.00"
2020-09-14,2020091401044362,BOKL,43,34,20,250.00,"5,000.00"
2020-09-14,2020091401044166,BOKL,49,41,352,249.00,"87,648.00"
2020-09-14,2020091401044165,BOKL,32,41,100,249.00,"24,900.00"
2020-09-14,2020091401044164,BOKL,7,41,55,249.00,"13,695.00"
2020-09-14,2020091401044076,BOKL,42,14,61,250.00,"15,250.00"
2020-09-14,2020091401044075,BOKL,42,34,839,250.00,"209,750.00"
2020-09-14,2020091401044015,BOKL,57,34,112,250.00,"28,000.00"
2020-09-14,2020091401044439,BPCL,55,49,48,399.00,"19,152.00"
2020-09-14,2020091401044348,BPCL,47,49,50,399.00,"19,950.00"
2020-09-14,2020091401044421,CBBL,18,19,75,"1,133.00","84,975.00"
2020-09-14,2020091401044420,CBBL,18,54,80,"1,133.00","90,640.00"
2020-09-14,2020091401044272,CBBL,6,55,50,"1,132.00","56,600.00"
2020-09-14,2020091401044180,CBBL,58,54,10,"1,133.00","11,330.00"
2020-09-14,2020091401044039,CBBL,6,49,100,"1,132.00","113,200.00"
2020-09-14,2020091401044284,CCBL,55,45,200,172.00,"34,400.00"
2020-09-14,2020091401044091,CCBL,57,6,10,174.00,"1,740.00"
2020-09-14,2020091401044234,CHCL,49,48,144,481.00,"69,264.00"
2020-09-14,2020091401044050,CHCL,28,41,100,480.00,"48,000.00"
2020-09-14,2020091401044382,CIT,58,10,19,"3,415.00","64,885.00"
2020-09-14,2020091401044305,CIT,34,10,10,"3,417.00","34,170.00"
2020-09-14,2020091401044304,CIT,45,10,11,"3,419.00","37,609.00"
2020-09-14,2020091401044303,CIT,17,10,50,"3,416.00","170,800.00"
2020-09-14,2020091401044214,CIT,25,44,15,"3,420.00","51,300.00"
2020-09-14,2020091401044213,CIT,35,44,11,"3,420.00","37,620.00"
2020-09-14,2020091401044099,CIT,58,56,20,"3,429.00","68,580.00"
2020-09-14,2020091401044206,CIT,1,44,10,"3,422.00","34,220.00"
2020-09-14,2020091401044187,CIT,8,56,10,"3,429.00","34,290.00"
2020-09-14,2020091401044160,CIT,51,56,20,"3,429.00","68,580.00"
2020-09-14,2020091401044159,CIT,51,32,30,"3,428.00","102,840.00"
2020-09-14,2020091401044127,CIT,41,32,20,"3,428.00","68,560.00"
2020-09-14,2020091401044115,CIT,57,32,50,"3,428.00","171,400.00"
2020-09-14,2020091401044212,CIT,22,44,100,"3,420.00","342,000.00"
2020-09-14,2020091401044211,CIT,14,44,100,"3,420.00","342,000.00"
2020-09-14,2020091401044210,CIT,38,44,10,"3,420.00","34,200.00"
2020-09-14,2020091401044209,CIT,34,44,50,"3,420.00","171,000.00"
2020-09-14,2020091401044208,CIT,58,44,100,"3,420.00","342,000.00"
2020-09-14,2020091401044207,CIT,22,44,50,"3,421.00","171,050.00"
2020-09-14,2020091401044269,CORBL,42,11,124,132.00,"16,368.00"
2020-09-14,2020091401044045,CORBL,42,11,176,132.00,"23,232.00"
2020-09-14,2020091401044044,CORBL,42,11,200,132.00,"26,400.00"
2020-09-14,2020091401044043,CORBL,42,7,124,131.00,"16,244.00"
2020-09-14,2020091401044386,DDBL,54,57,343,876.00,"300,468.00"
2020-09-14,2020091401044385,DDBL,51,57,157,876.00,"137,532.00"
2020-09-14,2020091401044192,DDBL,51,14,43,876.00,"37,668.00"
2020-09-14,2020091401044191,DDBL,44,14,220,876.00,"192,720.00"
2020-09-14,2020091401044190,DDBL,44,14,37,876.00,"32,412.00"
2020-09-14,2020091401044440,DHPL,59,57,100,60.00,"6,000.00"
2020-09-14,2020091401044142,EDBL,28,37,101,300.00,"30,300.00"
2020-09-14,2020091401043991,EDBL,28,16,67,300.00,"20,100.00"
2020-09-14,2020091401043990,EDBL,28,17,190,300.00,"57,000.00"
2020-09-14,2020091401044449,EIC,44,22,100,566.00,"56,600.00"
2020-09-14,2020091401044280,EIC,44,8,10,566.00,"5,660.00"
2020-09-14,2020091401044168,EIC,34,49,160,567.00,"90,720.00"
2020-09-14,2020091401044167,EIC,34,38,40,567.00,"22,680.00"
2020-09-14,2020091401044144,EIC,25,38,20,567.00,"11,340.00"
2020-09-14,2020091401044083,EIC,5,38,90,567.00,"51,030.00"
2020-09-14,2020091401044326,FMDBL,34,49,90,589.00,"53,010.00"
2020-09-14,2020091401044325,FMDBL,34,42,110,589.00,"64,790.00"
2020-09-14,2020091401044291,FMDBL,41,42,10,589.00,"5,890.00"
2020-09-14,2020091401044178,FMDBL,6,42,200,589.00,"117,800.00"
2020-09-14,2020091401044134,FMDBL,56,42,100,589.00,"58,900.00"
2020-09-14,2020091401044133,FMDBL,44,42,200,589.00,"117,800.00"
2020-09-14,2020091401044132,FMDBL,32,42,80,589.00,"47,120.00"
2020-09-14,2020091401043978,FMDBL,32,34,420,589.00,"247,380.00"
2020-09-14,2020091401044035,FOWAD,58,43,68,"1,602.00","108,936.00"
2020-09-14,2020091401044359,GBIME,58,21,20,263.00,"5,260.00"
2020-09-14,2020091401044139,GBIME,52,55,300,262.00,"78,600.00"
2020-09-14,2020091401044096,GBIME,44,29,"1,397",263.00,"367,411.00"
2020-09-14,2020091401044135,GBLBS,36,13,100,556.00,"55,600.00"
2020-09-14,2020091401044401,GLBSL,32,21,47,788.00,"37,036.00"
2020-09-14,2020091401044400,GLBSL,38,21,30,788.00,"23,640.00"
2020-09-14,2020091401044399,GLBSL,48,21,50,790.00,"39,500.00"
2020-09-14,2020091401044398,GLBSL,36,21,10,791.00,"7,910.00"
2020-09-14,2020091401044397,GLBSL,58,21,40,791.00,"31,640.00"
2020-09-14,2020091401044307,GLICL,49,45,100,655.00,"65,500.00"
2020-09-14,2020091401044104,GLICL,6,42,100,654.00,"65,400.00"
2020-09-14,2020091401044084,GLICL,6,5,300,654.00,"196,200.00"
2020-09-14,2020091401044193,HBL,45,49,100,562.00,"56,200.00"
2020-09-14,2020091401044375,HDL,32,38,15,"1,815.00","27,225.00"
2020-09-14,2020091401044367,HGI,21,58,100,515.00,"51,500.00"
2020-09-14,2020091401044347,HGI,47,58,50,515.00,"25,750.00"
2020-09-14,2020091401044346,HGI,58,58,50,515.00,"25,750.00"
2020-09-14,2020091401044345,HGI,43,58,200,515.00,"103,000.00"
2020-09-14,2020091401044344,HGI,21,58,100,515.00,"51,500.00"
2020-09-14,2020091401044343,HGI,32,58,150,515.00,"77,250.00"
2020-09-14,2020091401044257,HGI,44,28,300,516.00,"154,800.00"
2020-09-14,2020091401044240,HGI,32,5,50,515.00,"25,750.00"
2020-09-14,2020091401044239,HGI,38,5,50,515.00,"25,750.00"
2020-09-14,2020091401044228,HGI,38,34,100,515.00,"51,500.00"
2020-09-14,2020091401043999,HGI,34,28,500,516.00,"258,000.00"
2020-09-14,2020091401043998,HGI,22,28,200,517.00,"103,400.00"
2020-09-14,2020091401044422,HIDCL,5,45,60,155.00,"9,300.00"
2020-09-14,2020091401044309,HIDCL,42,45,40,155.00,"6,200.00"
2020-09-14,2020091401044021,HIDCL,5,51,39,155.00,"6,045.00"
2020-09-14,2020091401044020,HIDCL,5,22,200,155.00,"31,000.00"
2020-09-14,2020091401044019,HIDCL,5,25,61,155.00,"9,455.00"
2020-09-14,2020091401044300,ILBS,21,42,10,821.00,"8,210.00"
2020-09-14,2020091401044299,JBBL,39,6,17,170.00,"2,890.00"
2020-09-14,2020091401044298,JBBL,43,6,83,170.00,"14,110.00"
2020-09-14,2020091401044268,KBL,57,33,12,189.00,"2,268.00"
2020-09-14,2020091401044256,KBL,57,26,105,189.00,"19,845.00"
2020-09-14,2020091401044255,KBL,21,26,200,189.00,"37,800.00"
2020-09-14,2020091401044254,KBL,59,26,85,189.00,"16,065.00"
2020-09-14,2020091401044034,LBBL,14,39,152,184.00,"27,968.00"
2020-09-14,2020091401044372,LGIL,32,45,290,550.00,"159,500.00"
2020-09-14,2020091401044371,LGIL,38,45,100,551.00,"55,100.00"
2020-09-14,2020091401044158,LGIL,38,49,100,551.00,"55,100.00"
2020-09-14,2020091401044282,MBL,45,49,"1,878",229.00,"430,062.00"
2020-09-14,2020091401044281,MBL,44,49,"1,622",229.00,"371,438.00"
2020-09-14,2020091401044001,MBL,34,49,10,230.00,"2,300.00"
2020-09-14,2020091401044295,MDB,45,14,69,363.00,"25,047.00"
2020-09-14,2020091401044294,MDB,41,14,20,364.00,"7,280.00"
2020-09-14,2020091401044032,MDB,41,14,40,364.00,"14,560.00"
2020-09-14,2020091401044369,MEGA,43,8,10,224.00,"2,240.00"
2020-09-14,2020091401044137,MEGA,38,41,6,223.00,"1,338.00"
2020-09-14,2020091401044136,MEGA,25,41,340,223.00,"75,820.00"
2020-09-14,2020091401043987,MERO,44,34,10,732.00,"7,320.00"
2020-09-14,2020091401044392,MFIL,49,49,100,301.00,"30,100.00"
2020-09-14,2020091401044334,MFIL,49,25,40,301.00,"12,040.00"
2020-09-14,2020091401044112,MLBL,17,51,250,197.00,"49,250.00"
2020-09-14,2020091401044111,MLBL,17,14,29,197.00,"5,713.00"
2020-09-14,2020091401044110,MLBL,17,45,150,197.00,"29,550.00"
2020-09-14,2020091401044109,MLBL,17,17,116,197.00,"22,852.00"
2020-09-14,2020091401044176,MLBL,17,45,250,197.00,"49,250.00"
2020-09-14,2020091401044175,MLBL,17,45,28,197.00,"5,516.00"
2020-09-14,2020091401044174,MLBL,17,45,222,197.00,"43,734.00"
2020-09-14,2020091401044113,MLBL,17,43,233,197.00,"45,901.00"
2020-09-14,2020091401044143,MNBBL,19,26,64,330.00,"21,120.00"
2020-09-14,2020091401044017,MNBBL,42,26,30,330.00,"9,900.00"
2020-09-14,2020091401044424,MSMBS,35,29,11,720.00,"7,920.00"
2020-09-14,2020091401044231,MSMBS,43,36,32,719.00,"23,008.00"
2020-09-14,2020091401044053,MSMBS,43,35,14,719.00,"10,066.00"
2020-09-14,2020091401044052,MSMBS,38,35,10,720.00,"7,200.00"
2020-09-14,2020091401043986,NADEP,26,40,104,745.00,"77,480.00"
2020-09-14,2020091401043985,NADEP,26,26,223,744.00,"165,912.00"
2020-09-14,2020091401043984,NADEP,26,53,100,743.00,"74,300.00"
2020-09-14,2020091401043983,NADEP,26,25,50,742.00,"37,100.00"
2020-09-14,2020091401043982,NADEP,26,17,23,742.00,"17,066.00"
2020-09-14,2020091401044444,NBB,42,33,100,202.00,"20,200.00"
2020-09-14,2020091401044443,NBB,57,33,700,202.00,"141,400.00"
2020-09-14,2020091401044287,NBB,57,1,300,202.00,"60,600.00"
2020-09-14,2020091401044286,NBB,49,1,100,202.00,"20,200.00"
2020-09-14,2020091401044027,NBB,49,11,900,202.00,"181,800.00"
2020-09-14,2020091401044065,NBL,32,10,400,308.00,"123,200.00"
2020-09-14,2020091401044064,NBL,57,10,100,308.00,"30,800.00"
2020-09-14,2020091401044063,NBL,56,10,"1,000",308.00,"308,000.00"
2020-09-14,2020091401044062,NBL,59,10,100,308.00,"30,800.00"
2020-09-14,2020091401044061,NBL,50,10,500,308.00,"154,000.00"
2020-09-14,2020091401044060,NBL,48,10,100,308.00,"30,800.00"
2020-09-14,2020091401044059,NBL,34,10,300,308.00,"92,400.00"
2020-09-14,2020091401044058,NBL,50,10,"1,000",308.00,"308,000.00"
2020-09-14,2020091401044057,NBL,28,10,601,308.00,"185,108.00"
2020-09-14,2020091401044056,NBL,26,10,"3,000",308.00,"924,000.00"
2020-09-14,2020091401044253,NCCB,34,6,880,204.00,"179,520.00"
2020-09-14,2020091401044218,NCCB,56,6,20,204.00,"4,080.00"
2020-09-14,2020091401044217,NCCB,34,6,100,204.00,"20,400.00"
2020-09-14,2020091401044199,NCCB,34,42,400,204.00,"81,600.00"
2020-09-14,2020091401044198,NCCB,21,42,199,204.00,"40,596.00"
2020-09-14,2020091401044153,NEF,6,58,"5,149",8.71,"44,847.80"
2020-09-14,2020091401044079,NGPL,41,43,49,145.00,"7,105.00"
2020-09-14,2020091401044078,NGPL,41,58,101,145.00,"14,645.00"
2020-09-14,2020091401044220,NHDL,42,41,50,170.00,"8,500.00"
2020-09-14,2020091401044100,NHDL,25,57,30,172.00,"5,160.00"
2020-09-14,2020091401044092,NIB,42,21,100,421.00,"42,100.00"
2020-09-14,2020091401044074,NIB,28,26,91,420.00,"38,220.00"
2020-09-14,2020091401044073,NIB,53,26,109,420.00,"45,780.00"
2020-09-14,2020091401044384,NICA,17,22,48,588.00,"28,224.00"
2020-09-14,2020091401044290,NICA,17,32,170,588.00,"99,960.00"
2020-09-14,2020091401044289,NICA,17,32,330,588.00,"194,040.00"
2020-09-14,2020091401044184,NICA,56,28,100,589.00,"58,900.00"
2020-09-14,2020091401044150,NICA,17,32,420,588.00,"246,960.00"
2020-09-14,2020091401044149,NICA,47,32,80,588.00,"47,040.00"
2020-09-14,2020091401044031,NICA,47,11,20,588.00,"11,760.00"
2020-09-14,2020091401044030,NICA,46,11,50,588.00,"29,400.00"
2020-09-14,2020091401044029,NICA,29,11,10,588.00,"5,880.00"
2020-09-14,2020091401044202,NICL,33,17,10,570.00,"5,700.00"
2020-09-14,2020091401044082,NICL,44,28,150,572.00,"85,800.00"
2020-09-14,2020091401044081,NICL,44,5,100,571.00,"57,100.00"
2020-09-14,2020091401044080,NICL,44,26,50,571.00,"28,550.00"
2020-09-14,2020091401044049,NICL,34,6,50,570.00,"28,500.00"
2020-09-14,2020091401044048,NICL,8,6,200,570.00,"114,000.00"
2020-09-14,2020091401044448,NIL,49,55,100,824.00,"82,400.00"
2020-09-14,2020091401044333,NIL,49,45,170,824.00,"140,080.00"
2020-09-14,2020091401044332,NIL,13,45,200,824.00,"164,800.00"
2020-09-14,2020091401044331,NIL,10,45,130,825.00,"107,250.00"
2020-09-14,2020091401044260,NIL,13,45,130,825.00,"107,250.00"
2020-09-14,2020091401044162,NIL,21,45,200,824.00,"164,800.00"
2020-09-14,2020091401044051,NIL,4,4,"2,500",829.00,"2,072,500.00"
2020-09-14,2020091401044038,NIL,57,21,50,828.00,"41,400.00"
2020-09-14,2020091401044033,NIL,57,26,100,828.00,"82,800.00"
2020-09-14,2020091401043995,NIL,10,45,450,827.00,"372,150.00"
2020-09-14,2020091401043994,NIL,53,45,50,828.00,"41,400.00"
2020-09-14,2020091401044148,NIL,44,45,300,825.00,"247,500.00"
2020-09-14,2020091401044147,NIL,53,45,30,825.00,"24,750.00"
2020-09-14,2020091401044146,NIL,10,45,500,825.00,"412,500.00"
2020-09-14,2020091401044145,NIL,49,45,40,825.00,"33,000.00"
2020-09-14,2020091401044068,NIL,49,45,460,825.00,"379,500.00"
2020-09-14,2020091401044067,NIL,10,45,40,827.00,"33,080.00"
2020-09-14,2020091401044263,NLBBL,40,45,461,788.00,"363,268.00"
2020-09-14,2020091401044262,NLBBL,26,45,100,789.00,"78,900.00"
2020-09-14,2020091401044261,NLBBL,38,45,89,789.00,"70,221.00"
2020-09-14,2020091401044070,NLG,58,49,190,768.00,"145,920.00"
2020-09-14,2020091401044453,NLIC,58,17,10,"1,417.00","14,170.00"
2020-09-14,2020091401044452,NLIC,17,17,76,"1,417.00","107,692.00"
2020-09-14,2020091401044407,NLIC,17,45,85,"1,417.00","120,445.00"
2020-09-14,2020091401044406,NLIC,55,45,15,"1,418.00","21,270.00"
2020-09-14,2020091401044342,NLIC,17,58,27,"1,417.00","38,259.00"
2020-09-14,2020091401044341,NLIC,22,58,59,"1,418.00","83,662.00"
2020-09-14,2020091401044125,NLIC,54,36,10,"1,417.00","14,170.00"
2020-09-14,2020091401044016,NLIC,54,25,22,"1,417.00","31,174.00"
2020-09-14,2020091401044259,NLIC,22,50,20,"1,418.00","28,360.00"
2020-09-14,2020091401044258,NLIC,22,25,21,"1,418.00","29,778.00"
2020-09-14,2020091401044216,NLIC,17,16,12,"1,417.00","17,004.00"
2020-09-14,2020091401044215,NLIC,54,16,288,"1,417.00","408,096.00"
2020-09-14,2020091401044195,NLIC,54,5,80,"1,417.00","113,360.00"
2020-09-14,2020091401044163,NLIC,49,25,50,"1,418.00","70,900.00"
2020-09-14,2020091401044423,NLICL,14,14,150,785.00,"117,750.00"
2020-09-14,2020091401044028,NLICL,8,47,40,783.00,"31,320.00"
2020-09-14,2020091401044026,NLICL,8,13,465,783.00,"364,095.00"
2020-09-14,2020091401044025,NLICL,8,42,100,783.00,"78,300.00"
2020-09-14,2020091401044024,NLICL,8,35,369,783.00,"288,927.00"
2020-09-14,2020091401044412,NMB,35,49,100,424.00,"42,400.00"
2020-09-14,2020091401044377,NMB,57,49,100,424.00,"42,400.00"
2020-09-14,2020091401044200,NMB,44,49,200,424.00,"84,800.00"
2020-09-14,2020091401044154,NMB,42,49,347,424.00,"147,128.00"
2020-09-14,2020091401044008,NMB,35,49,335,424.00,"142,040.00"
2020-09-14,2020091401044007,NMB,35,38,265,424.00,"112,360.00"
2020-09-14,2020091401044358,NMFBS,44,45,10,"1,586.00","15,860.00"
2020-09-14,2020091401044205,NMFBS,56,25,50,"1,585.00","79,250.00"
2020-09-14,2020091401044450,NRIC,29,42,40,882.00,"35,280.00"
2020-09-14,2020091401044437,NRIC,29,3,115,882.00,"101,430.00"
2020-09-14,2020091401044436,NRIC,35,3,20,882.00,"17,640.00"
2020-09-14,2020091401044435,NRIC,33,3,60,882.00,"52,920.00"
2020-09-14,2020091401044434,NRIC,41,3,10,882.00,"8,820.00"
2020-09-14,2020091401044433,NRIC,1,3,10,882.00,"8,820.00"
2020-09-14,2020091401044022,NRIC,29,35,160,882.00,"141,120.00"
2020-09-14,2020091401043977,NRIC,16,14,130,883.00,"114,790.00"
2020-09-14,2020091401044087,NRIC,45,45,50,882.00,"44,100.00"
2020-09-14,2020091401044086,NRIC,54,45,110,882.00,"97,020.00"
2020-09-14,2020091401044085,NRIC,54,39,50,882.00,"44,100.00"
2020-09-14,2020091401044055,NRIC,45,14,50,883.00,"44,150.00"
2020-09-14,2020091401044054,NRIC,26,14,20,883.00,"17,660.00"
2020-09-14,2020091401044023,NRIC,54,35,40,882.00,"35,280.00"
2020-09-14,2020091401044117,NRIC,51,34,40,883.00,"35,320.00"
2020-09-14,2020091401044116,NRIC,51,14,90,883.00,"79,470.00"
2020-09-14,2020091401044098,NRIC,13,14,50,883.00,"44,150.00"
2020-09-14,2020091401044090,NRIC,8,45,90,882.00,"79,380.00"
2020-09-14,2020091401044089,NRIC,41,45,50,882.00,"44,100.00"
2020-09-14,2020091401044088,NRIC,56,45,200,882.00,"176,400.00"
2020-09-14,2020091401044265,NRIC,39,7,20,883.00,"17,660.00"
2020-09-14,2020091401044264,NRIC,38,7,130,883.00,"114,790.00"
2020-09-14,2020091401044138,NRIC,8,38,200,882.00,"176,400.00"
2020-09-14,2020091401044120,NRIC,51,45,74,884.00,"65,416.00"
2020-09-14,2020091401044119,NRIC,51,37,216,884.00,"190,944.00"
2020-09-14,2020091401044118,NRIC,51,5,500,883.00,"441,500.00"
2020-09-14,2020091401044317,NRIC,21,5,10,882.00,"8,820.00"
2020-09-14,2020091401044316,NRIC,8,5,60,882.00,"52,920.00"
2020-09-14,2020091401044297,NRIC,8,42,150,882.00,"132,300.00"
2020-09-14,2020091401044285,NRIC,17,26,100,883.00,"88,300.00"
2020-09-14,2020091401044267,NRIC,8,7,100,882.00,"88,200.00"
2020-09-14,2020091401044266,NRIC,45,7,50,883.00,"44,150.00"
2020-09-14,2020091401044323,NRIC,42,5,100,882.00,"88,200.00"
2020-09-14,2020091401044322,NRIC,33,5,10,882.00,"8,820.00"
2020-09-14,2020091401044321,NRIC,28,5,50,882.00,"44,100.00"
2020-09-14,2020091401044320,NRIC,33,5,100,882.00,"88,200.00"
2020-09-14,2020091401044319,NRIC,42,5,10,882.00,"8,820.00"
2020-09-14,2020091401044318,NRIC,4,5,100,882.00,"88,200.00"
2020-09-14,2020091401044405,NRIC,54,16,50,882.00,"44,100.00"
2020-09-14,2020091401044370,NRIC,54,8,10,882.00,"8,820.00"
2020-09-14,2020091401044366,NRIC,54,19,930,882.00,"820,260.00"
2020-09-14,2020091401044365,NRIC,32,19,70,882.00,"61,740.00"
2020-09-14,2020091401044354,NRIC,32,38,30,882.00,"26,460.00"
2020-09-14,2020091401044324,NRIC,41,5,20,882.00,"17,640.00"
2020-09-14,2020091401044426,NRIC,50,3,110,882.00,"97,020.00"
2020-09-14,2020091401044425,NRIC,14,3,50,883.00,"44,150.00"
2020-09-14,2020091401044419,NRIC,14,45,100,883.00,"88,300.00"
2020-09-14,2020091401044418,NRIC,14,26,50,883.00,"44,150.00"
2020-09-14,2020091401044415,NRIC,50,38,90,882.00,"79,380.00"
2020-09-14,2020091401044414,NRIC,54,38,10,882.00,"8,820.00"
2020-09-14,2020091401044432,NRIC,59,3,50,882.00,"44,100.00"
2020-09-14,2020091401044431,NRIC,43,3,250,882.00,"220,500.00"
2020-09-14,2020091401044430,NRIC,37,3,50,882.00,"44,100.00"
2020-09-14,2020091401044429,NRIC,59,3,100,882.00,"88,200.00"
2020-09-14,2020091401044428,NRIC,56,3,100,882.00,"88,200.00"
2020-09-14,2020091401044427,NRIC,50,3,75,882.00,"66,150.00"
2020-09-14,2020091401044438,NRN,57,20,10,417.00,"4,170.00"
2020-09-14,2020091401044410,NRN,45,57,10,417.00,"4,170.00"
2020-09-14,2020091401044403,NRN,45,58,10,417.00,"4,170.00"
2020-09-14,2020091401044351,NRN,45,10,10,417.00,"4,170.00"
2020-09-14,2020091401044306,NRN,45,39,10,417.00,"4,170.00"
2020-09-14,2020091401043954,NRN,41,29,10,420.00,"4,200.00"
2020-09-14,2020091401043960,NRN,41,35,100,420.00,"42,000.00"
2020-09-14,2020091401043959,NRN,41,54,20,420.00,"8,400.00"
2020-09-14,2020091401043958,NRN,41,47,10,420.00,"4,200.00"
2020-09-14,2020091401043957,NRN,41,47,10,420.00,"4,200.00"
2020-09-14,2020091401043956,NRN,41,42,10,420.00,"4,200.00"
2020-09-14,2020091401043955,NRN,41,29,10,420.00,"4,200.00"
2020-09-14,2020091401043966,NRN,41,28,10,420.00,"4,200.00"
2020-09-14,2020091401043965,NRN,41,42,10,420.00,"4,200.00"
2020-09-14,2020091401043964,NRN,41,48,10,420.00,"4,200.00"
2020-09-14,2020091401043963,NRN,41,42,10,420.00,"4,200.00"
2020-09-14,2020091401043962,NRN,41,45,10,420.00,"4,200.00"
2020-09-14,2020091401043961,NRN,41,53,10,420.00,"4,200.00"
2020-09-14,2020091401043972,NRN,41,17,10,420.00,"4,200.00"
2020-09-14,2020091401043971,NRN,41,42,10,420.00,"4,200.00"
2020-09-14,2020091401043970,NRN,41,55,10,420.00,"4,200.00"
2020-09-14,2020091401043969,NRN,41,1,10,420.00,"4,200.00"
2020-09-14,2020091401043968,NRN,41,21,10,420.00,"4,200.00"
2020-09-14,2020091401043967,NRN,41,21,10,420.00,"4,200.00"
2020-09-14,2020091401044069,NRN,29,41,10,418.00,"4,180.00"
2020-09-14,2020091401044066,NRN,29,16,10,418.00,"4,180.00"
2020-09-14,2020091401044037,NRN,29,39,10,418.00,"4,180.00"
2020-09-14,2020091401044036,NRN,29,36,10,418.00,"4,180.00"
2020-09-14,2020091401044009,NRN,29,10,10,418.00,"4,180.00"
2020-09-14,2020091401043973,NRN,41,41,10,420.00,"4,200.00"
2020-09-14,2020091401044219,NRN,45,16,10,417.00,"4,170.00"
2020-09-14,2020091401044182,NRN,45,10,10,417.00,"4,170.00"
2020-09-14,2020091401044179,NRN,45,39,10,417.00,"4,170.00"
2020-09-14,2020091401044130,NRN,29,34,80,418.00,"33,440.00"
2020-09-14,2020091401044126,NRN,29,39,10,418.00,"4,180.00"
2020-09-14,2020091401044108,NRN,29,42,10,418.00,"4,180.00"
2020-09-14,2020091401044181,NTC,51,33,910,714.00,"649,740.00"
2020-09-14,2020091401044103,OHL,22,34,25,359.00,"8,975.00"
2020-09-14,2020091401044315,PCBL,43,39,100,284.00,"28,400.00"
2020-09-14,2020091401044302,PCBL,43,11,100,284.00,"28,400.00"
2020-09-14,2020091401044186,PCBL,43,4,245,284.00,"69,580.00"
2020-09-14,2020091401044185,PCBL,34,4,"2,445",284.00,"694,380.00"
2020-09-14,2020091401044152,PCBL,34,42,50,284.00,"14,200.00"
2020-09-14,2020091401044279,PIC,37,26,45,808.00,"36,360.00"
2020-09-14,2020091401044278,PIC,5,26,70,808.00,"56,560.00"
2020-09-14,2020091401044277,PIC,25,26,35,808.00,"28,280.00"
2020-09-14,2020091401044274,PIC,25,47,15,808.00,"12,120.00"
2020-09-14,2020091401044273,PIC,11,47,85,808.00,"68,680.00"
2020-09-14,2020091401044244,PIC,11,42,15,808.00,"12,120.00"
2020-09-14,2020091401044243,PIC,25,42,100,808.00,"80,800.00"
2020-09-14,2020091401044242,PIC,25,42,21,808.00,"16,968.00"
2020-09-14,2020091401044106,PIC,25,39,29,808.00,"23,432.00"
2020-09-14,2020091401044105,PIC,42,39,21,808.00,"16,968.00"
2020-09-14,2020091401043980,PIC,42,4,330,808.00,"266,640.00"
2020-09-14,2020091401043979,PIC,25,4,170,808.00,"137,360.00"
2020-09-14,2020091401044442,PICL,44,45,190,565.00,"107,350.00"
2020-09-14,2020091401044441,PICL,57,45,10,565.00,"5,650.00"
2020-09-14,2020091401044301,PICL,57,58,200,565.00,"113,000.00"
2020-09-14,2020091401044201,PICL,57,45,80,565.00,"45,200.00"
2020-09-14,2020091401044172,PICL,57,32,610,565.00,"344,650.00"
2020-09-14,2020091401044171,PICL,57,42,100,565.00,"56,500.00"
2020-09-14,2020091401043997,PICL,44,7,250,567.00,"141,750.00"
2020-09-14,2020091401043996,PICL,44,56,50,566.00,"28,300.00"
2020-09-14,2020091401043993,PICL,44,29,300,564.00,"169,200.00"
2020-09-14,2020091401044402,PPCL,37,38,20,141.00,"2,820.00"
2020-09-14,2020091401044308,PPCL,37,35,30,141.00,"4,230.00"
2020-09-14,2020091401044361,PRIN,25,14,200,615.00,"123,000.00"
2020-09-14,2020091401044360,PRIN,25,14,15,615.00,"9,225.00"
2020-09-14,2020091401044177,PRIN,37,47,50,613.00,"30,650.00"
2020-09-14,2020091401044141,PRIN,37,40,270,613.00,"165,510.00"
2020-09-14,2020091401044140,PRIN,37,40,30,614.00,"18,420.00"
2020-09-14,2020091401044102,PRIN,37,58,70,614.00,"42,980.00"
2020-09-14,2020091401044101,PRIN,42,58,30,614.00,"18,420.00"
2020-09-14,2020091401044393,PROFLP,42,45,"40,982",101.00,"4,139,180.00"
2020-09-14,2020091401044374,PRVU,8,11,100,232.00,"23,200.00"
2020-09-14,2020091401044349,PRVU,8,16,100,232.00,"23,200.00"
2020-09-14,2020091401044046,PRVU,58,5,20,233.00,"4,660.00"
2020-09-14,2020091401044204,RBCL,25,11,10,"11,970.00","119,700.00"
2020-09-14,2020091401044270,RHPL,58,8,10,175.00,"1,750.00"
2020-09-14,2020091401044222,RHPL,49,39,30,173.00,"5,190.00"
2020-09-14,2020091401044077,RHPL,22,8,170,175.00,"29,750.00"
2020-09-14,2020091401044413,RMDC,35,35,50,857.00,"42,850.00"
2020-09-14,2020091401044373,RMDC,58,35,100,857.00,"85,700.00"
2020-09-14,2020091401044203,RMDC,37,26,100,857.00,"85,700.00"
2020-09-14,2020091401043981,RMDC,37,55,50,857.00,"42,850.00"
2020-09-14,2020091401044151,RRHP,10,21,10,116.00,"1,160.00"
2020-09-14,2020091401044047,RSDC,42,44,20,589.00,"11,780.00"
2020-09-14,2020091401044296,SABSL,25,39,11,879.00,"9,669.00"
2020-09-14,2020091401044018,SADBL,19,38,500,143.00,"71,500.00"
2020-09-14,2020091401043989,SANIMA,36,34,140,343.00,"48,020.00"
2020-09-14,2020091401044353,SBL,41,44,162,307.00,"49,734.00"
2020-09-14,2020091401044352,SBL,41,14,38,307.00,"11,666.00"
2020-09-14,2020091401044107,SBL,6,6,10,306.00,"3,060.00"
2020-09-14,2020091401044409,SHIVM,46,3,21,730.00,"15,330.00"
2020-09-14,2020091401044408,SHIVM,46,40,79,730.00,"57,670.00"
2020-09-14,2020091401044391,SHIVM,48,49,990,728.00,"720,720.00"
2020-09-14,2020091401044390,SHIVM,41,49,100,728.00,"72,800.00"
2020-09-14,2020091401044389,SHIVM,29,49,500,728.00,"364,000.00"
2020-09-14,2020091401044388,SHIVM,47,49,50,729.00,"36,450.00"
2020-09-14,2020091401043976,SHIVM,38,22,200,732.00,"146,400.00"
2020-09-14,2020091401043975,SHIVM,38,57,180,731.00,"131,580.00"
2020-09-14,2020091401044197,SHIVM,22,40,200,730.00,"146,000.00"
2020-09-14,2020091401044196,SHIVM,34,40,21,730.00,"15,330.00"
2020-09-14,2020091401044124,SHIVM,34,57,179,730.00,"130,670.00"
2020-09-14,2020091401044123,SHIVM,45,57,200,730.00,"146,000.00"
2020-09-14,2020091401044122,SHIVM,53,57,20,730.00,"14,600.00"
2020-09-14,2020091401044121,SHIVM,41,57,121,730.00,"88,330.00"
2020-09-14,2020091401044387,SHIVM,28,49,360,729.00,"262,440.00"
2020-09-14,2020091401044314,SHIVM,28,41,240,729.00,"174,960.00"
2020-09-14,2020091401044313,SHIVM,13,41,200,729.00,"145,800.00"
2020-09-14,2020091401044312,SHIVM,21,41,60,729.00,"43,740.00"
2020-09-14,2020091401044293,SHIVM,21,57,190,729.00,"138,510.00"
2020-09-14,2020091401044292,SHIVM,55,57,200,729.00,"145,800.00"
2020-09-14,2020091401044227,SHPC,57,56,"1,824",291.00,"530,784.00"
2020-09-14,2020091401044226,SHPC,13,56,"1,000",291.00,"291,000.00"
2020-09-14,2020091401044225,SHPC,34,56,"1,000",291.00,"291,000.00"
2020-09-14,2020091401044224,SHPC,45,56,176,291.00,"51,216.00"
2020-09-14,2020091401044189,SIC,56,39,10,958.00,"9,580.00"
2020-09-14,2020091401044451,SICL,25,58,10,"1,372.00","13,720.00"
2020-09-14,2020091401044447,SICL,56,5,25,"1,370.00","34,250.00"
2020-09-14,2020091401044446,SICL,58,5,10,"1,370.00","13,700.00"
2020-09-14,2020091401044445,SICL,42,5,15,"1,371.00","20,565.00"
2020-09-14,2020091401044356,SICL,7,34,100,"1,370.00","137,000.00"
2020-09-14,2020091401044276,SICL,7,26,300,"1,370.00","411,000.00"
2020-09-14,2020091401044275,SICL,32,26,100,"1,371.00","137,100.00"
2020-09-14,2020091401044183,SICL,45,39,89,"1,371.00","122,019.00"
2020-09-14,2020091401044364,SJCL,17,39,20,159.00,"3,180.00"
2020-09-14,2020091401044006,SJCL,17,47,240,159.00,"38,160.00"
2020-09-14,2020091401044340,SLBBL,42,49,220,870.00,"191,400.00"
2020-09-14,2020091401044339,SLBBL,19,49,50,870.00,"43,500.00"
2020-09-14,2020091401044338,SLBBL,10,49,100,870.00,"87,000.00"
2020-09-14,2020091401044337,SLBBL,10,49,50,870.00,"43,500.00"
2020-09-14,2020091401044336,SLBBL,58,49,100,871.00,"87,100.00"
2020-09-14,2020091401044335,SLBBL,16,49,20,872.00,"17,440.00"
2020-09-14,2020091401044395,SLICL,44,42,35,627.00,"21,945.00"
2020-09-14,2020091401044394,SLICL,11,42,50,631.00,"31,550.00"
2020-09-14,2020091401044252,SLICL,11,1,50,631.00,"31,550.00"
2020-09-14,2020091401044251,SLICL,11,51,100,631.00,"63,100.00"
2020-09-14,2020091401044250,SLICL,11,26,30,631.00,"18,930.00"
2020-09-14,2020091401044249,SLICL,11,33,50,630.00,"31,500.00"
2020-09-14,2020091401044128,SLICL,11,29,800,628.00,"502,400.00"
2020-09-14,2020091401043988,SLICL,16,49,100,626.00,"62,600.00"
2020-09-14,2020091401044248,SLICL,11,51,200,630.00,"126,000.00"
2020-09-14,2020091401044247,SLICL,11,40,100,630.00,"63,000.00"
2020-09-14,2020091401044246,SLICL,11,38,100,630.00,"63,000.00"
2020-09-14,2020091401044245,SLICL,11,33,30,630.00,"18,900.00"
2020-09-14,2020091401044223,SLICL,45,33,50,630.00,"31,500.00"
2020-09-14,2020091401044129,SLICL,11,17,500,629.00,"314,500.00"
2020-09-14,2020091401044288,SMB,34,52,10,887.00,"8,870.00"
2020-09-14,2020091401044376,SPARS,1,7,39,966.00,"37,674.00"
2020-09-14,2020091401044283,SPARS,58,10,89,967.00,"86,063.00"
2020-09-14,2020091401044411,SPDL,34,33,50,155.00,"7,750.00"
2020-09-14,2020091401044381,SRBL,57,11,500,235.00,"117,500.00"
2020-09-14,2020091401044380,SRBL,57,16,500,235.00,"117,500.00"
2020-09-14,2020091401044379,SRBL,57,57,200,235.00,"47,000.00"
2020-09-14,2020091401044378,SRBL,57,58,"2,113",235.00,"496,555.00"
2020-09-14,2020091401044005,SRBL,25,34,151,234.00,"35,334.00"
2020-09-14,2020091401044004,SRBL,41,34,250,234.00,"58,500.00"
2020-09-14,2020091401044003,SRBL,44,34,200,234.00,"46,800.00"
2020-09-14,2020091401044383,UIC,22,35,250,454.00,"113,500.00"
2020-09-14,2020091401044368,UIC,6,34,200,453.00,"90,600.00"
2020-09-14,2020091401044357,UIC,38,42,35,452.00,"15,820.00"
2020-09-14,2020091401044355,UIC,38,18,82,452.00,"37,064.00"
2020-09-14,2020091401044233,UIC,18,34,100,453.00,"45,300.00"
2020-09-14,2020091401044232,UIC,18,38,200,453.00,"90,600.00"
2020-09-14,2020091401044097,UIC,42,58,50,453.00,"22,650.00"
2020-09-14,2020091401044002,UIC,42,58,50,453.00,"22,650.00"
2020-09-14,2020091401044095,UMHL,48,44,143,125.00,"17,875.00"
2020-09-14,2020091401044094,UMHL,50,44,100,125.00,"12,500.00"
2020-09-14,2020091401044093,UMHL,1,44,115,125.00,"14,375.00"
2020-09-14,2020091401044188,UNL,3,56,10,"19,900.00","199,000.00"
2020-09-14,2020091401044221,UPCL,45,29,10,101.00,"1,010.00"
2020-09-14,2020091401043974,UPCL,45,13,426,100.00,"42,600.00"
2020-09-14,2020091401044311,UPPER,38,45,19,254.00,"4,826.00"
2020-09-14,2020091401044310,UPPER,38,22,181,254.00,"45,974.00"
2020-09-14,2020091401044013,UPPER,41,22,19,254.00,"4,826.00"
2020-09-14,2020091401044012,UPPER,41,34,20,254.00,"5,080.00"
2020-09-14,2020091401044011,UPPER,41,33,50,254.00,"12,700.00"
2020-09-14,2020091401044010,UPPER,41,1,111,254.00,"28,194.00"
2020-09-14,2020091401043878,ACLBSL,16,29,50,755.00,"37,750.00"
2020-09-14,2020091401043877,ACLBSL,16,42,10,755.00,"7,550.00"
2020-09-14,2020091401043876,ACLBSL,16,56,10,754.00,"7,540.00"
2020-09-14,2020091401043875,ACLBSL,16,45,60,752.00,"45,120.00"
2020-09-14,2020091401043863,ACLBSL,1,45,40,752.00,"30,080.00"
2020-09-14,2020091401043925,ADBL,41,55,12,435.00,"5,220.00"
2020-09-14,2020091401043909,ADBL,44,6,95,435.00,"41,325.00"
2020-09-14,2020091401043908,ADBL,35,6,500,435.00,"217,500.00"
2020-09-14,2020091401043907,ADBL,53,6,500,435.00,"217,500.00"
2020-09-14,2020091401043906,ADBL,35,6,500,435.00,"217,500.00"
2020-09-14,2020091401043905,ADBL,46,6,454,435.00,"197,490.00"
2020-09-14,2020091401043596,AHPC,58,10,50,143.00,"7,150.00"
2020-09-14,2020091401043886,AIL,37,6,40,531.00,"21,240.00"
2020-09-14,2020091401043885,AIL,37,34,10,530.00,"5,300.00"
2020-09-14,2020091401043784,AIL,38,38,10,530.00,"5,300.00"
2020-09-14,2020091401043680,AIL,42,34,10,526.00,"5,260.00"
2020-09-14,2020091401043454,AKJCL,41,38,20,69.00,"1,380.00"
2020-09-14,2020091401043795,ALBSL,49,49,100,865.00,"86,500.00"
2020-09-14,2020091401043469,ALBSL,47,14,100,860.00,"86,000.00"
2020-09-14,2020091401043660,ALICL,53,21,500,755.00,"377,500.00"
2020-09-14,2020091401043601,ALICL,54,21,582,754.00,"438,828.00"
2020-09-14,2020091401043600,ALICL,16,21,10,755.00,"7,550.00"
2020-09-14,2020091401043518,ALICL,35,21,400,756.00,"302,400.00"
2020-09-14,2020091401043465,ALICL,11,5,361,759.00,"273,999.00"
2020-09-14,2020091401043464,ALICL,11,5,612,759.00,"464,508.00"
2020-09-14,2020091401043463,ALICL,11,46,500,758.00,"379,000.00"
2020-09-14,2020091401043692,API,22,46,300,143.00,"42,900.00"
2020-09-14,2020091401043616,API,25,46,33,143.00,"4,719.00"
2020-09-14,2020091401043615,API,25,25,30,142.00,"4,260.00"
2020-09-14,2020091401043614,API,25,59,200,142.00,"28,400.00"
2020-09-14,2020091401043613,API,25,48,100,142.00,"14,200.00"
2020-09-14,2020091401043612,API,25,37,137,142.00,"19,454.00"
2020-09-14,2020091401043472,API,38,43,408,141.00,"57,528.00"
2020-09-14,2020091401043471,API,32,43,20,141.00,"2,820.00"
2020-09-14,2020091401043927,BOKL,56,34,100,250.00,"25,000.00"
2020-09-14,2020091401043834,BOKL,33,36,862,250.00,"215,500.00"
2020-09-14,2020091401043785,BOKL,33,34,21,250.00,"5,250.00"
2020-09-14,2020091401043782,BOKL,33,51,50,250.00,"12,500.00"
2020-09-14,2020091401043685,BOKL,33,53,"1,237",250.00,"309,250.00"
2020-09-14,2020091401043647,BOKL,33,7,500,250.00,"125,000.00"
2020-09-14,2020091401043646,BOKL,33,34,330,250.00,"82,500.00"
2020-09-14,2020091401043873,BPCL,1,4,85,398.00,"33,830.00"
2020-09-14,2020091401043872,BPCL,6,4,215,399.00,"85,785.00"
2020-09-14,2020091401043861,BPCL,3,34,244,400.00,"97,600.00"
2020-09-14,2020091401043860,BPCL,3,11,156,400.00,"62,400.00"
2020-09-14,2020091401043836,BPCL,6,33,35,399.00,"13,965.00"
2020-09-14,2020091401043684,BPCL,6,33,50,399.00,"19,950.00"
2020-09-14,2020091401043824,CCBL,6,22,100,172.00,"17,200.00"
2020-09-14,2020091401043638,CCBL,6,45,164,172.00,"28,208.00"
2020-09-14,2020091401043563,CCBL,6,50,58,172.00,"9,976.00"
2020-09-14,2020091401043853,CHCL,28,50,300,480.00,"144,000.00"
2020-09-14,2020091401043650,CHCL,28,36,227,480.00,"108,960.00"
2020-09-14,2020091401043649,CHCL,45,36,17,480.00,"8,160.00"
2020-09-14,2020091401043856,CIT,19,56,60,"3,429.00","205,740.00"
2020-09-14,2020091401043855,CIT,19,48,25,"3,428.00","85,700.00"
2020-09-14,2020091401043854,CIT,19,7,15,"3,428.00","51,420.00"
2020-09-14,2020091401043560,CIT,48,7,25,"3,428.00","85,700.00"
2020-09-14,2020091401043530,CIT,48,7,15,"3,425.00","51,375.00"
2020-09-14,2020091401043529,CIT,35,7,60,"3,425.00","205,500.00"
2020-09-14,2020091401043528,CIT,13,7,20,"3,425.00","68,500.00"
2020-09-14,2020091401043527,CIT,45,7,10,"3,426.00","34,260.00"
2020-09-14,2020091401043526,CIT,7,7,105,"3,426.00","359,730.00"
2020-09-14,2020091401043525,CIT,13,7,50,"3,427.00","171,350.00"
2020-09-14,2020091401043511,CLBSL,38,29,11,739.00,"8,129.00"
2020-09-14,2020091401043510,CLBSL,38,58,53,735.00,"38,955.00"
2020-09-14,2020091401043509,CLBSL,38,58,50,735.00,"36,750.00"
2020-09-14,2020091401043890,CZBIL,1,35,305,197.00,"60,085.00"
2020-09-14,2020091401043661,CZBIL,1,57,32,197.00,"6,304.00"
2020-09-14,2020091401043570,CZBIL,1,56,163,197.00,"32,111.00"
2020-09-14,2020091401043569,CZBIL,43,56,37,197.00,"7,289.00"
2020-09-14,2020091401043833,DDBL,39,19,300,879.00,"263,700.00"
2020-09-14,2020091401043579,DDBL,19,7,200,877.00,"175,400.00"
2020-09-14,2020091401043918,EIC,10,57,50,567.00,"28,350.00"
2020-09-14,2020091401043889,EIC,44,57,50,567.00,"28,350.00"
2020-09-14,2020091401043709,EIC,44,47,43,566.00,"24,338.00"
2020-09-14,2020091401043921,FMDBL,41,55,50,588.00,"29,400.00"
2020-09-14,2020091401043920,FMDBL,52,55,150,588.00,"88,200.00"
2020-09-14,2020091401043912,FMDBL,6,34,80,589.00,"47,120.00"
2020-09-14,2020091401043911,FMDBL,6,38,120,589.00,"70,680.00"
2020-09-14,2020091401043722,FMDBL,35,38,100,589.00,"58,900.00"
2020-09-14,2020091401043679,FMDBL,49,38,200,589.00,"117,800.00"
2020-09-14,2020091401043533,FMDBL,35,32,380,589.00,"223,820.00"
2020-09-14,2020091401043678,FMDBL,49,38,580,589.00,"341,620.00"
2020-09-14,2020091401043538,FMDBL,49,32,420,589.00,"247,380.00"
2020-09-14,2020091401043537,FMDBL,54,32,40,589.00,"23,560.00"
2020-09-14,2020091401043536,FMDBL,38,32,50,589.00,"29,450.00"
2020-09-14,2020091401043535,FMDBL,41,32,100,589.00,"58,900.00"
2020-09-14,2020091401043534,FMDBL,6,32,10,589.00,"5,890.00"
2020-09-14,2020091401043506,FOWAD,58,22,100,"1,602.00","160,200.00"
2020-09-14,2020091401043505,FOWAD,47,22,200,"1,603.00","320,600.00"
2020-09-14,2020091401043621,GBIME,52,50,138,262.00,"36,156.00"
2020-09-14,2020091401043592,GBIME,50,29,30,263.00,"7,890.00"
2020-09-14,2020091401043462,GBIME,47,29,135,263.00,"35,505.00"
2020-09-14,2020091401043457,GBIME,35,29,"1,000",263.00,"263,000.00"
2020-09-14,2020091401043783,GBLBS,36,11,10,556.00,"5,560.00"
2020-09-14,2020091401043571,GBLBS,1,32,10,559.00,"5,590.00"
2020-09-14,2020091401043752,GHL,4,19,100,73.00,"7,300.00"
2020-09-14,2020091401043929,GLICL,6,33,42,654.00,"27,468.00"
2020-09-14,2020091401043928,GLICL,6,17,720,654.00,"470,880.00"
2020-09-14,2020091401043897,GLICL,39,47,50,653.00,"32,650.00"
2020-09-14,2020091401043815,GLICL,34,33,58,654.00,"37,932.00"
2020-09-14,2020091401043648,GMFBS,16,45,50,830.00,"41,500.00"
2020-09-14,2020091401043773,HBL,44,45,10,564.00,"5,640.00"
2020-09-14,2020091401043772,HBL,44,53,300,563.00,"168,900.00"
2020-09-14,2020091401043771,HBL,44,44,90,563.00,"50,670.00"
2020-09-14,2020091401043770,HBL,44,14,300,562.00,"168,600.00"
2020-09-14,2020091401043769,HBL,44,5,100,562.00,"56,200.00"
2020-09-14,2020091401043768,HBL,44,54,700,562.00,"393,400.00"
2020-09-14,2020091401043664,HDHPC,11,34,60,96.00,"5,760.00"
2020-09-14,2020091401043496,HDL,49,32,20,"1,815.00","36,300.00"
2020-09-14,2020091401043495,HDL,49,28,50,"1,814.00","90,700.00"
2020-09-14,2020091401043494,HDL,49,53,100,"1,812.00","181,200.00"
2020-09-14,2020091401043857,HDL,34,55,15,"1,815.00","27,225.00"
2020-09-14,2020091401043838,HGI,34,5,20,517.00,"10,340.00"
2020-09-14,2020091401043559,HPPL,25,53,10,173.00,"1,730.00"
2020-09-14,2020091401043870,IGI,57,28,50,560.00,"28,000.00"
2020-09-14,2020091401043544,IGI,42,29,20,560.00,"11,200.00"
2020-09-14,2020091401043543,IGI,42,29,20,561.00,"11,220.00"
2020-09-14,2020091401043545,IGI,45,29,60,559.00,"33,540.00"
2020-09-14,2020091401043699,ILBS,35,13,30,824.00,"24,720.00"
